4060 6252
311 429 412 488 Εὖ

296 541 504 616 Κυρίῳ.
538 535 740 594 ’Ἦλθεν
779 541 857 601 εἰς
889 539 988 616 τὴν
1017 539 1292 609 Σαλαμῖνα
1333 539 1431 607 τῆς
1475 537 1701 610 Κύπρου
1734 540 1869 610 μετά

294 614 470 680 ταῦτα
497 625 526 676 ὀ
547 619 773 684 Παῦλος,
800 620 893 674 καὶ
923 614 1081 692 εὐρεν
1125 623 1242 674 ἐκεῖ
1277 621 1446 690 μάγον
1475 620 1596 674 τινὰ
1623 621 1872 676 ἀνθιστά-

301 723 460 776 μενον
497 703 576 774 τῷ
617 702 808 772 ὑπάτῳ
857 703 1089 773 Σεργίῳ.
1150 703 1210 755 Ὀ
1252 702 1310 755 δέ
1353 700 1566 766 Παῦλος
1613 703 1872 773 πλησθεὶς

296 787 608 856 Πνεύματος
653 784 809 853 ἁγίου
837 782 958 836 εἷπε
983 786 1120 856 πρὸς
1150 785 1330 849 αὐτὸν,
1363 781 1430 837 Ὦ
1459 785 1698 853 πλήρης
1724 799 1872 840 πονο

293 871 396 936 τὸς
427 869 612 923 δόλου
639 868 735 920 καὶ
773 865 978 935 πάσης
991 867 1398 936 ῥᾳδιουργίας,
1437 868 1530 922 υἱὲ
1563 869 1868 934 διαϐόλου,

294 955 365 1008 οὐ
403 953 612 1019 παύσῃ
641 948 1020 1018 διαστρέφων
1058 950 1164 1015 τὰς
1193 949 1372 1014 ὀδοὺς
1397 952 1618 1018 Κυρίου
1647 952 1750 1017 τὰς
1773 955 1871 1007 εὐ-

293 1035 498 1100 θείας;
533 1032 718 1087 Ταῦτα
750 1034 778 1085 6
810 1031 1064 1102 διώκτης.
1099 1032 1422 1102 Δοξάσωμεν
1452 1035 1632 1088 τοίνυν
1658 1035 1750 1090 τὸν
1775 1054 1872 1106 με·-

291 1115 598 1171 ταδαλόντα
624 1114 803 1168 αὐτόν.
833 1115 950 1184 Πρὸ
979 1114 1168 1167 τούτου
1192 1113 1417 1183 ἡκούετε
1442 1115 1524 1168 ὅτι
1555 1115 1872 1187 ἐλυμαίνετο

289 1201 392 1270 τὴν
441 1199 788 1270 Ἐκκλησίαν,
820 1197 968 1250 κατὰ
1006 1198 1134 1261 τοὺς
1168 1199 1350 1262 οίκους
1398 1199 1870 1271 εἰσπορευόμενος,

293 1282 476 1356 σύρων
503 1299 562 1334 τε
593 1281 794 1352 ἄνδρας
832 1280 925 1334 καὶ
957 1284 1244 1347 γυναῖκας,
1275 1281 1563 1349 παρεδίδου
1595 1283 1676 1344 εἰς
1705 1283 1874 1351 φυλα-

293 1365 419 1434 κήν.
481 1363 674 1434 Ὁρᾶτε
713 1362 832 1425 πῶς
859 1361 1300 1434 παρρησιάζεται
1349 1363 1444 1414 νῦν
1477 1362 1618 1434 ὑπὲρ
1657 1363 1747 1416 τοῦ
1773 1383 1874 1436 κη-

295 1446 594 1518 ρύγματος.
623 1447 704 1498 Οὐ
731 1445 939 1512 παύσῃ
964 1445 1359 1512 διαστρέφων,
1386 1445 1540 1514 φησι,
1565 1447 1675 1512 τὰς
1695 1447 1874 1514 ὁδοὺς

291 1529 514 1597 Κυρίου
561 1528 670 1591 τὰς
701 1527 974 1592 εὐθείας;
1021 1527 1129 1580 Καὶ
1159 1526 1280 1580 νῦν
1313 1526 1440 1579 ὶδοὺ
1481 1527 1608 1596 χεὶρ
1651 1533 1872 1599 Κιιοίου

291 1611 390 1664 ἐπὶ
421 1610 517 1672 σὲ,
557 1609 656 1662 καὶ
699 1607 818 1677 ἐστι
851 1608 1086 1676 τυφλὸς
1107 1607 1192 1675 μὴ
1217 1609 1470 1672 ,Βλέπων
1500 1609 1612 1676 ἕως
1639 1613 1868 1680 καιροῦ.

291 1694 368 1746 Τὸ
418 1693 711 1763 φάρμακον
761 1691 840 1744 τὸ⁴
867 1692 1104 1762 ποιῆσαν
1141 1692 1301 1746 αὐτὸν
1351 1693 1670 1762 ἀναῆλέψαι,
1713 1698 1875 1751 τοῦτο

295 1775 540 1844 ἐπέθηκε
572 1775 668 1828 καὶ
705 1773 784 1844 τῷ
823 1773 1010 1844 μάγῳ,
1041 1773 1158 1826 ἀλλ’
1193 1773 1406 1844 ἔμεινεν
1439 1777 1530 1828 ἐπὶ
1557 1777 1656 1846 τῆς
1686 1781 1876 1851 πηρώ.

301 1875 443 1920 σεως
467 1860 674 1920 ἐκεῖνος
694 1872 706 1883 ·
735 1857 821 1908 ἵνα
848 1856 1026 1926 μάθῃς
1047 1857 1128 1909 ὅτι
1145 1856 1242 1926 οὐχ
1271 1859 1305 1928 ἡ
1327 1857 1520 1928 κλῆσις
1543 1859 1700 1930 μόνον
1725 1881 1882 1933 προσ-

295 1939 471 2008 ήγαγε
517 1939 608 1992 τὸν
653 1937 882 2016 Παῦλον,
916 1937 1052 1990 ἀλλά
1082 1939 1175 1991 καὶ
1219 1941 1252 2008 ἡ
1288 1940 1452 1992 αὐτοῦ
1490 1942 1697 1995 ἐκείνου
1749 1962 1883 2016 προ-

299 2023 532 2094 αίρεσις.
574 2023 638 2075 Εἰ
680 2013 787 2092 γάρ
831 2024 864 2092 ἡ
903 2024 1150 2092 πήρωσις
1203 2023 1338 2094 μόνη
1387 2023 1543 2076 τοῦτο
1601 2013 1878 2097 ἐποίησεν,

299 2106 465 2177 ἐχρῆν
495 2105 586 2156 καὶ
615 2105 705 2156 ἐπὶ
731 2102 823 2156 τοῦ
855 2103 1031 2173 μάγου
1071 2103 1132 2156 τὸ
1160 2103 1292 2156 αὐτὸ
1329 2105 1611 2171 γενέσθαι·
1639 2108 1752 2161 ἀλλ’
1781 2109 1882 2162 οὐκ

295 2187 532 2254 ἐγένετο.
578 2184 718 2236 Ἀλλ’
759 2185 964 2246 ἐκεῖνος
994 2185 1096 2253 μὲν
1127 2185 1417 2255 ἐπηροῦτο,
1441 2189 1468 2239 6
1493 2187 1550 2240 δέ
1577 2181 1882 2254 ἀνθύπατος

297 2267 422 2321 ίδὼν
449 2267 509 2318 τὸ
545 2267 920 2336 ’γεγενημένον
961 2266 1304 2321 ἐπίστευσεν.
1339 2269 1530 2334 Ἀλλος
1573 2273 1789 2338 ἐδέξατο
1823 2275 1882 2326 τὸ

293 2351 607 2422 φάρμακον,
639 2349 736 2400 καὶ
783 2348 942 2410 ἄλλος
975 2347 1290 2418 ἀνέόλεψενκ
1321 2350 1508 2404 Είδετε
1538 2353 1704 2406 πόσον
1735 2356 1882 2408 ἐστὶν

293 2430 683 2502 εὐγνωμοσύνη
708 2431 964 2494 διανοίας,
981 2432 1148 2484 πόσον
1169 2433 1318 2484 ἐστὶν
1331 2435 1580 2488 ἀπείθεια
1607 2437 1700 2489 καὶ
1725 2437 1884 2507 σκλη-

297 2514 580 2588 ροκαρδία.
623 2512 874 2582 Ἐγένετο
923 2513 1098 2584 πηρὸς
1151 2517 1180 2567 ὀ
1225 2515 1403 2585 μάγος
1423 2533 1438 2548 ·
1487 2518 1740 2580 κάκεῖνος
1783 2519 1882 2588 μὲν

289 2598 450 2652 οὐδὲν
471 2596 748 2660 ἀπώνατο,
773 2595 1007 2666 ἀπειθὴς
1036 2595 1145 2666 γὰρ
1166 2592 1255 2666 ῆν,
1279 2597 1421 2664 ἐγνω
1447 2597 1506 2652 δὲ
1533 2599 1625 2652 τὸν
1648 2599 1882 2670 Χριστὸν

293 2679 625 2742 ἀνθύπατος.
681 2677 821 2732 Ἀλλ’
851 2679 932 2732 ὃτι
963 2678 1061 2749 μὲν
1097 2678 1238 2732 ἐκὼν
1277 2681 1367 2732 καὶ
1410 2681 1474 2732 ἐκ
1506 2682 1882 2752 προαιρέσεως

295 2757 606 2836 προσῆλθεν
641 2764 669 2814 6
706 2759 942 2828 Παῦλος,
999 2761 1198 2826 ἱκανῶς
1244 2763 1638 2820 ἀποδέδεικται.
1687 2764 1881 2818 Βούλο-

297 2863 403 2916 μαι
443 2845 500 2898 δέ
537 2843 726 2897 τοῦτον
763 2844 904 2914 ὑμᾶς
949 2843 1195 2914 ἁκριὸῶς
1228 2845 1425 2897 ειδέναι
1457 2845 1550 2898 τὸν
1595 2845 1774 2913 λόγον,
1803 2849 1884 2900 δτι

299 2929 384 2999 μὴ
427 2926 785 2998 βουλομένους
831 2925 890 2977 οὐ
931 2923 1175 2994 βιάζεται
1203 2927 1230 2979 6
1258 2925 1410 2989 Θεὸς,
1445 2925 1580 2979 ἀλλά
1628 2927 1886 2998 βουλομέ-

295 3025 428 3072 νους
471 3009 641 3062 ἐλκει.
692 3008 790 3060 Διά
825 3007 984 3060 τοῦτο
1019 3007 1128 3076 γάρ
1163 3023 1354 3076 φησιν·
1386 3007 1596 3074 Οὐδείς
1643 3010 1880 3077 ἔρχεται

297 3091 454 3158 πρός
485 3107 582 3160 με,
618 3089 694 3143 ἂν
721 3089 806 3158 μὴ
832 3093 863 3143 d
895 3087 1098 3156 Πατήρ
1120 3105 1240 3155 μου
1297 3089 1528 3158 ἐλκύσῃ
1563 3092 1768 3145 αὐτόν.
1821 3091 1878 3145 ⁸0

295 3173 363 3226 δὲ
393 3173 586 3236 ἐλκων,
621 3171 712 3224 τὸν
757 3170 1078 3240 βουλόμενον
1123 3171 1290 3235 ἕλκει,
1326 3167 1416 3224 τὸν
1447 3173 1602 3228 κάτω
1627 3173 1878 3242 κείμενον

298 3255 404 3308 καὶ
429 3255 588 3325 χεῖρα
615 3255 898 3324 ὀρέγοντα.
927 3255 1036 3306 Καὶ
1067 3254 1154 3306 ἵνα
1191 3254 1400 3325 μάθητε
1425 3256 1504 3308 ὃτι
1533 3255 1722 3309 οὐδένα
1763 3258 1880 3328 βιά-

299 3336 480 3401 ζεται,
521 3337 634 3390 ἀλλ’
679 3337 774 3388 ἐάν
805 3337 966 3400 αὐτὸς
1019 3337 1170 3408 θέλῃ,
1207 3339 1368 3408 ἡμεῖς
1393 3339 1452 3392 δέ
1505 3341 1578 3411 μὴ
1617 3335 1878 3410 θέλωμεν’,

295 3418 585 3473 διαπίπτει
606 3418 674 3471 τὰ
708 3420 806 3489 τῆς
839 3420 1114 3490 σωτηρίας
1146 3421 1325 3491 ἡμῶν,
1353 3423 1454 3475 οὐκ
1499 3423 1684 3494 ἐπειδὴ
1719 3423 1882 3476 ἀσθεο

299 3504 396 3566 νές
426 3501 596 3556 αὐτοῦ
616 3501 678 3554 τὸ
713 3502 992 3573 βούλημα..
1013 3503 1126 3556 ἀλλ’
1154 3503 1340 3573 ἐπειδὴ
1365 3506 1672 3572 ἀναγκάσαι
1697 3506 1888 3559 οὐδένα

299 3587 474 3650 θέλει,
523 3586 820 3652 ἀναγκαῖον
847 3585 1036 3638 τοῦτον
1077 3584 1328 3650 ἐξετάσαι
1353 3587 1445 3639 τὸν
1493 3587 1670 3655 λόγον,
1701 3588 1888 3658 ἐπειδὴ

300 3667 496 3722 πολλοὶ
527 3667 784 3732 πολλάκις
824 3668 1098 3738 προφάσει
1131 3669 1423 3740 ῥᾳθυμίας,
1452 3669 1624 3738 τούτῳ
1655 3669 1888 3740 κέχρην-

297 3769 398 3804 ται
418 3749 495 3820 τῷ
528 3752 881 3821 προσχήματι
919 3751 1020 3820 τῆς
1049 3752 1366 3820 ἀπολογίας,
1407 3753 1499 3806 καὶ
1539 3751 1887 3822 παρακαλού-

305 3849 464 3902 μενοι
496 3831 754 3896 πολλάκις
798 3833 890 3886 ἐπὶ
922 3832 1200 3904 φώτισμα,
1230 3836 1322 3886 ἐπὶ
1357 3833 1630 3897 πολιτείας
1655 3835 1884 3904 ἀρεστῆς

304 3912 642 3984 μεταϐολὴν,
697 3915 782 3982 ἐφ’
820 3913 984 3984 ἔτερα
1032 3915 1260 3967 τοιαῦτα
1300 3915 1720 3986 κατορθώματα,
1769 3913 1886 3969 εἶτα

301 3999 403 4053 καὶ
432 3997 508 4060 ὡς
534 3997 818 4059 ὀκνοῦντες
847 3997 941 4049 καὶ
981 3996 1332 4066 ἀναδυόμενοι
1364 3999 1521 4052 τοῦτο
1560 4000 1884 4070 ἀποκρίνον-

301 4097 420 4142 ται,
449 4074 684 4131 ὃτιἝάν
700 4078 826 4148 θέλῃ
851 4077 880 4129 6
923 4079 1075 4142 Θεὸς,
1125 4081 1300 4131 πείσει
1339 4097 1426 4151 με,
1463 4083 1557 4133 καλ⁸
1585 4083 1885 4151 μεταθήσο-

311 4178 433 4232 μαι.
469 4161 580 4214 Καὶ
609 4161 708 4212 οὐκ
751 4159 966 4228 ἐγκαλῶ
1009 4163 1108 4231 μὲν
1151 4163 1354 4227 αὐτοῖς,
1387 4162 1524 4216 ἀλλά
1555 4165 1650 4216 καὶ
1680 4165 1884 4234 σφόδρα

843 435 918 491 ιΝ
957 433 1188 498 ILLUD,
1227 427 1502 488 PAULUS
1551 389 1891 486 vbcncs.
1936 427 2026 486 ET
2067 433 2153 489 DE
2195 433 2454 492 MUTAT.
2489 433 2833 492 NOMINUM.
2875 433 2962 493 ιν.

3441 427 3590 480 ΜΓ

1972 541 2328 613 ἀποδέχομαι,
2361 545 2444 598 δτι
2491 543 2930 615 καταφεύγουσιν
2974 539 3067 594 ἐπὶ
3107 539 3206 610 τὴν
3233 537 3383 612 [128]
3432 537 3552 608 βου-

1971 619 2069 694 λὴν
2094 624 2188 678 τοῦ
2211 625 2348 680 Θεοῦ
2373 644 2384 657 ·
2415 628 2674 700 βούλομαι
2697 627 2753 680 δέ
2775 626 2867 679 καὶ
2895 623 2962 676 τὰ
2990 623 3118 694 παρ’
3148 621 3356 674 ἑαυτῶν
3379 619 3552 687 εἰσφέο

1974 719 2112 776 ρειν,
2161 707 2258 760 καὶ
2289 707 2432 761 οὕτω
2487 710 2688 778 λέγειν,
2727 705 2853 760 Ἐὰν
2881 705 3012 777 θέλῃ
3056 707 3084 757 ὀ
3131 703 3284 765 Θεός.
3321 703 3416 754 "Av
3445 701 3556 770 γὰρ

1974 789 2354 860 σαυτὸνῦπνῳ
2393 793 2488 845 καὶ
2540 791 2784 862 ῥᾳθυμίᾳ
2831 787 3128 860 παραδοὺς,
3176 785 3250 857 μὴ
3299 785 3554 854 ἐγχειρῇς

1975 869 2073 942 μὲν
2102 875 2224 936 ταῖς
2273 873 2506 942 ἀγαθαῖς
2535 874 2788 946 πράξεσι,
2827 871 2886 926 τὸ
2925 872 2981 924 δὲ
3027 869 3122 923 τοῦ
3159 867 3294 922 Θεοῦ
3343 867 3556 937 θέλημα
3579 897 3600 910 .-

1976 955 2278 1027 προδάλλῃί·
2296 956 2478 1027 μόνον,
2513 957 2772 1010 οὐδέποτέ
2805 973 2887 1009 σοι
2924 953 3074 1007 οὐδὲν
3103 953 3256 1007 ἔσται
3281 951 3392 1005 τῶν
3418 949 3580 1004 διιόν-ι-

1971 1055 2101 1091 των.
2134 1039 2326 1108 Ὅπερ·
2339 1037 2464 1110 γὰρ’
2481 1037 2640 1110 ἔφην,
2667 1039 2884 1109 ἀνάγκη
2923 1038 3019 1090 καὶ
3045 1035 3134 1106 βίᾳ
3179 1033 3369 1088 οὐδένα
3397 1047 3556 1102 προσ-

1972 1117 2166 1186 άγεταί
2189 1135 2320 1171 ποτε
2341 1121 2368 1172 6
2389 1119 2520 1182 Θεός
2538 1135 2553 1152 ·
2575 1121 2712 1174 ἀλλά
2735 1121 2877 1174 θέλει
2897 1121 2995 1190 μὲν
3022 1119 3268 1178 ἅπαντας
3293 1113 3551 1184 σωθῆναι,
3573 1157 3598 1166 ..

1971 1201 2072 1253 οὐκ
2110 1201 2413 1268 ἀναγκάζει
2442 1199 2506 1255 δὲ’
2530 1199 2751 1257 οὐδένα·
2793 1202 2974 1266 καθὼς
3007 1202 3100 1254 καὶ
3129 1199 3340 1262 Παῦλός
3363 1213 3552 1268 φησιν.

1986 1283 2047 1334 '0
2077 1280 2288 1352 66.1m-
2333 1282 2564 1350 πάντας
2611 1284 2984 1353 ἀνθρώπους
3011 1279 3280 1348 σωθῆναι
3333 1277 3434 1332 καί
3467 1279 3556 1343 εις

1972 1363 2302 1432 ἐπίγνωσιν
2321 1365 2606 1432 ἀληθείας
2647 1366 2864 1420 ἐλθεῖν.
2896 1361 3022 1427 Πῶς
3049 1361 3280 1431 οὖνπούχ
3319 1361 3558 1423 ἅπαντες
3573 1377 3578 1380 ’

1977 1446 2264 1510 σώζονται,
2309 1449 2358 1500 εἰ
2403 1447 2548 1501 θέλει
2599 1449 2808 1511 πάντας
2858 1448 3133 1516 σωθῆναι;
3193 1443 3422 1513 Ἐπειδὴ·
3457 1443 3556 1510 οὐκ

1973 1529 2228 1582 ἁπάντων
2260 1530 2322 1582 τὸ
2353 1529 2567 1600 θέλημα
2593 1529 2673 1600 τῷ
2702 1529 2966 1600 θελήματι
3010 1529 3176 1582 αὐτοῦ
3207 1527 3420 1588 ἕπεται,
3463 1524 3556 1575 αὐ-

1971 1611 2062 1674 τὸς
2097 1611 2157 1664 δέ
2193 1611 2383 1666 οὐδένα
2426 1612 2693 1682 βιάζεται.
2727 1613 2885 1666 Οὕτω
2925 1609 3192 1679 καὶπρὸς
3223 1607 3324 1677 τὴν
3357 1607 3555 1676 Ἰερου-

1975 1693 2156 1762 σαλήμ
2193 1709 2358 1763 φησιν
2381 1709 2396 1726 ·
2434 1693 2843 1762 Ἰερουσαλὴμ,
2887 1689 3315 1760 Ἰερουσαλὴμ,
3361 1685 3556 1740 ποσά-

1979 1791 2072 1839 κις
2093 1773 2368 1842 ἠθέλησα
2385 1775 2850 1846 ἐπισυναγαγεῖν
2865 1775 2936 1827 τὰ
2960 1771 3140 1827 τέκνα
3161 1785 3300 1834 σου,
3323 1769 3416 1822 καὶ
3440 1769 3554 1820 οὐκ

1977 1854 2361 1922 ἡθελήσατε;
2401 1857 2465 1908 Τί
2503 1852 2632 1920 οὗνς
2684 1857 2828 1910 Ἰδοὺ
2866 1857 3102 1925 ἀφίεται
3136 1859 3167 1908 ό
3205 1851 3370 1916 οἶκος
3397 1847 3556 1918 ὑμῶν
3605 1879 3608 1884 -

1979 1936 2218 2004 ἔρημος.
2258 1937 2420 2007 Ὁρᾷς
2468 1938 2571 2001 ὅτι,
2605 1938 2708 1992 κᾶν
2741 1938 2873 2009 θέλῃ
2917 1940 2944 1990 ὀ
2991 1938 3124 1998 Θεὸς
3173 1935 3364 1996 σῶσαι,
3397 1931 3556 2000 ἡμεῖς

1979 2017 2036 2070 δὲ
2066 2019 2294 2080 ἑαυτοὺς
2321 2019 2395 2088 μὴ
2423 2019 2716 2089 ἐπιδῶμεν,
2751 2021 2980 2090 μένομεν
3010 2020 3103 2071 ἐπὶ
3128 2017 3224 2086 τῆς
3245 2013 3552 2074 ἀπωλείας;

1981 2101 2054 2152 Οὐ
2079 2099 2188 2171 γὰρ
2217 2099 2438 2162 ἄκοντα,
2471 2100 2592 2154 οὐδέ
2625 2103 2698 2173 μὴ
2731 2101 3074 2172 βουλόμενον,
3100 2101 3237 2169 ὅπερ
3259 2097 3404 2164 λέγω
3431 2092 3558 2146 πολ-

1981 2181 2158 2246 λάκις,
2182 2182 2296 2235 ἀλλ’
2321 2183 2516 2236 ἑκόντα
2537 2185 2630 2237 καὶ
2651 2183 3084 2254 προαιρούμενον
3113 2177 3558 2251 παρεσκεύασται

1982 2265 2175 2328 σώζειν
2215 2269 2242 2319 6
2290 2267 2422 2330 Θεὸς
2471 2269 2564 2320 τὸν
2617 2268 2920 2338 ἄνθρωπον.
2959 2265 3269 2335 ’Ἄνθρωποι
3319 2261 3414 2330 μὲν
3450 2255 3560 2328 γὰρ

1981 2349 2074 2401 καὶ
2122 2348 2356 2402 ἑκόντων
2389 2350 2484 2402 καὶ
2517 2349 2757 2402 ἀκόντων
2791 2348 2900 2402 τῶν
2937 2346 3165 2401 οἰκετῶν
3219 2343 3496 2413 βούλονται
3530 2351 3557 2380 ι

1981 2426 2119 2483 εῖναι
2149 2431 2244 2484 καὶ
2267 2431 2570 2494 δεσπόζειν·
2603 2432 2664 2483 οὐ
2700 2432 2836 2502 πρὸς
2863 2432 2924 2484 τὸ
2951 2434 3060 2493 τοῖς
3084 2429 3320 2488 οἰκέταις
3351 2441 3412 2477 συ
3423 2422 3560 2493 μφέ-

1984 2531 2095 2582 ρον,
2126 2513 2264 2566 άλλά
2305 2514 2442 2586 πρὸς
2489 2514 2586 2584 τὴν
2618 2515 2826 2567 οἰκείαν
2867 2514 3058 2584 χρείαν
3097 2510 3331 2581 ὁρῶντες
3380 2504 3560 2586 αὐτῶν

1979 2585 2360 2658 δεσπόζουσι-ι·
2395 2598 2422 2648 6
2447 2595 2503 2648 δέ
2539 2595 2672 2659 Θεὸς
2699 2595 2954 2666 ἀνενδεὴς
2985 2593 3082 2661 ὢν,
3111 2592 3207 2646 καὶ¹
3241 2585 3560 2660 βουλόμενός

1983 2693 2062 2728 σοι
2093 2675 2284 2740 δεῖξαι,
2317 2678 2399 2729 ὅτι
2439 2677 2652 2740 οὐδενὸς
2684 2677 2794 2732 τῶν
2823 2679 3108 2748 ἡμετέρων
3150 2674 3423 2743 δεόμενος.
3455 2668 3560 2738 τῆς

1979 2759 2221 2822 δουλείας
2252 2759 2412 2830 ἡμῶν
2437 2761 2670 2830 ἐφίεται,
2704 2762 2820 2817 ἀλλ’
2851 2764 2930 2824 εἰς
2960 2763 3018 2815 ἓν
3051 2761 3209 2831 μόνον
3244 2755 3460 2810 σκοπῶν
3497 2753 3559 2805 τὸ

1983 2841 2260 2912 συμφέρον
2282 2844 2438 2911 ἡμῖν,
2465 2845 2556 2895 καὶ
2589 2845 2648 2896 οὐ
2675 2845 2772 2914 τῆς
2794 2843 2958 2898 αὐτοῦ
2987 2843 3172 2914 χρείας
3195 2840 3400 2901 ἕνεκεν,
3423 2833 3560 2888 άλλά

1981 2923 2081 2990 τῆς
2107 2921 2381 2994 ἡμετέρας
2401 2923 2668 2992 ὠφελείας
2693 2925 2908 2980 ἅπαντα
2933 2925 3186 2994 πράττει,
3206 2920 3274 2974 ἂν
3301 2917 3396 2988 μὲν
3419 2915 3562 2968 ἐκόν-

1984 3021 2076 3066 τες
2103 3005 2196 3056 καὶ
2231 3003 2538 3074 βουλόμενοι
2564 3005 2656 3058 καὶ
2685 3006 2843 3076 χάριν
2883 3005 3033 3074 αὐτῷ
3069 3005 3166 3072 τῆς
3199 2999 3442 3060 δουλείας
3479 2997 3556 3049 εἰ·

1987 3085 2137 3147 δότες
2169 3085 2553 3157 προσέλθωμεν
2575 3102 2588 3116 ·
2621 3087 2852 3151 ἄκοντας
2897 3089 2998 3158 καὶ,
3023 3082 3419 3154 ἀποπηδῶντας
3457 3080 3560 3132 οὐκ

1988 3169 2308 3237 ἀναγκάζει,
2349 3167 2468 3221 οὐδὲ
2517 3169 2780 3240 βιάζεται,
2821 3170 2950 3223 αὐτὸ
2999 3167 3155 3222 τοῦτο
3205 3164 3437 3226 δεικνὺς,
3477 3164 3559 3216 ὅτι

1985 3252 2086 3303 οὐκ
2113 3251 2276 3314 αὐτὸς
2305 3253 2439 3321 ἡμῖν
2466 3253 2626 3324 χάριν
2663 3254 2762 3322 τῆς
2785 3253 3050 3316 δουλείας,
3086 3251 3201 3305 ἀλλ’
3223 3251 3382 3320 ἡμεῖς
3409 3247 3560 3316 αὐτῷ

1987 3333 2146 3402 χάριν
2173 3333 2273 3401 τῆς
2302 3333 2617 3398 δεσποτείας
2655 3335 2799 3405 ἔχειν
2837 3336 3140 3406 ὀφείλομεν.
3175 3333 3336 3386 Ταῦτ’
3363 3326 3454 3384 οὗν
3487 3333 3560 3380 εἰ-

1987 3413 2158 3477 δότες,
2191 3415 2286 3468 καὶ
2315 3415 2413 3485 τὴν
2439 3417 2532 3468 τοῦ
2561 3419 2830 3471 Δεσπότου
2869 3415 3274 3488 φιλανθρωπίαν
3321 3413 3562 3467 ἐννοοῦν*

1981 3513 2094 3558 τες,
2127 3495 2284 3560 ἀξίαν
2320 3499 2485 3550 αὐτοῦ
2527 3499 2628 3567 τῆς
2657 3501 2991 3568 ἀγαθότητος
3033 3499 3175 3552 κατά
3203 3498 3430 3566 δύναμιν
3461 3497 3560 3564 τὴν

1983 3579 2258 3648 ἡμετέραν
2284 3580 2561 3633 πολιτείαν
2589 3581 3002 3651 ἐπιδειξὼμεθα,
3039 3583 3126 3634 ἵνα
3161 3581 3258 3632 καὶ
3282 3581 3380 3647 τῆς
3408 3578 3562 3646 βασι·-

1983 3661 2130 3724 λείας
2163 3661 2271 3714 τῶν
2300 3662 2548 3733 οὐρανῶν
2592 3664 2936 3735 ἐπιτύχωμεν
2956 3680 2968 3694 ·
3009 3659 3077 3735 ἦς
3111 3663 3322 3732 γένοιτο
3355 3662 3560 3727 πάντας

1987 3742 2135 3812 ἡμᾶς
2161 3743 2456 3812 ἐπιτυχεῖν,
2487 3745 2670 3816 χάριτι
2703 3747 2797 3800 καὶ
2829 3746 3210 3817 φιλανθρωπία
3237 3745 3329 3798 τοῦ
3354 3743 3560 3815 Κυρίου

1989 3824 2146 3894 ἡμῶν
2191 3825 2364 3895 Ἰησοῦ
2393 3827 2651 3898 Χριστοῦ,
2760 3833 2793 3899 ἡ
2833 3829 2960 3895 δόξα
2991 3829 3172 3884 καὶτὸ
3195 3829 3416 3900 κράτος.
3443 3828 3562 3896 ἅμα

1989 3907 2068 3976 τῷ
2095 3907 2270 3978 Πατρὶ
2301 3909 2395 3961 καὶ
2425 3908 2508 3979 τῷ.
2544 3911 2686 3980 ἁγίῳ
2724 3911 3023 3982 Πνεύματι,
3053 3911 3147 3965 νῦν
3191 3913 3285 3966 καὶ
3327 3911 3434 3976 ἀεὶ,
3467 3911 3561 3963 καὶ

1995 3987 2074 4051 είς
2107 3989 2234 4050 τοὺς
2263 3989 2468 4055 αἰῶνας
2497 3992 2604 4045 τῶν
2635 3992 2862 4047 αἰώνων.
2907 3995 3094 4066 Ἀμήν.

2051 4173 2078 4201 ⁸
2105 4171 2192 4222 Hic
2213 4174 2394 4236 aliquid
2411 4175 2680 4226 desiderari
2705 4178 2920 4238 videtur,
2947 4191 2990 4226 ν.
3016 4192 3064 4241 g.
3091 4179 3258 4242 κύριοι.

1589 4489 2242 4574 ΕΠΙΤΙΜΗΣΙΣ

315 4663 480 4720 Κατὰ
507 4665 626 4720 τῶν
652 4667 1156 4737 ἀπολειφθέντων,
1198 4669 1549 4736 παραίνεσις
1571 4668 1720 4736 πρὸς
1754 4669 1894 4733 τοὺς
1931 4669 2252 4738 παρόντας,
2280 4673 2366 4736 εἰς
2429 4673 2488 4725 τὸ
2525 4671 2810 4738 κήδεσθαι
2837 4673 2954 4727 τῶν
3016 4675 3312 4745 ἀδελφῶν,
3345 4677 3440 4732 καί
3472 4683 3558 4746 είς

423 4755 490 4807 τὸ
522 4759 830 4828 προοίμιον
859 4757 967 4828 τῆς
995 4757 1140 4827 πρὸς
1177 4759 1527 4828 Κορινθίους
1554 4758 1907 4824 ἐπιστολῆς,
1942 4779 1960 4810 ι
1995 4759 2237 4827 Παῦλος
2261 4762 2506 4828 κλητὸς,
2529 4781 2547 4813 ι
2576 4765 2674 4818 καὶ
2701 4767 2833 4835 περὶ
2871 4770 3448 4836 ταπεινοφροσύνης.

397 5095 466 5141 α’.
507 5089 675 5141 Ὅταν
693 5091 781 5152 είς
805 5089 902 5160 τὴν
929 5089 1216 5162 ὀλιγότητα
1249 5091 1425 5146 ἀπίδω
1456 5091 1554 5162 τὴν
1594 5091 1864 5164 ὑμετέραν

320 5175 416 5225 καὶ
432 5170 494 5224 τὸ
513 5169 760 5240 ποίμνιον
783 5171 1066 5241 θεάσωμαι
1092 5171 1214 5224 καθ’
1236 5173 1474 5244 ἑκάστην
1497 5173 1716 5240 σύναειν
1735 5176 1890 5228 ἐλατ-

320 5254 604 5324 τούμενον.
632 5252 726 5304 καὶ
747 5251 959 5322 ἀθυμῶ,
985 5253 1078 5306 καὶ
1099 5253 1274 5324 χαίρω
1293 5270 1308 5286 ·
1338 5258 1510 5326 χαίρω
1541 5257 1636 5327 μὲν
1656 5258 1722 5310 δι’
1747 5259 1890 5326 ὑμᾶς

319 5336 445 5398 τοὺς
473 5335 768 5404 παρόντας,
797 5334 991 5404 ἀθυμῶ
1032 5334 1088 5387 δέ
1115 5335 1181 5387 δι’
1208 5335 1446 5400 ἐκείνους
1476 5340 1600 5401 τοὺς
1631 5339 1887 5401 ἀπόντας.

330 5416 522 5486 Ὑμεῖς
570 5415 668 5486 μέν
693 5416 802 5487 γάρ
839 5417 1076 5470 ἐπαίνων
1101 5417 1258 5482 ἀξιοι,
1292 5419 1410 5471 οὐδὲ
1453 5421 1560 5473 ἀπὸ
1585 5422 1684 5490 τῆς
1708 5421 1890 5488 ὀλιγό·

316 5513 478 5568 τητος
521 5498 882 5570 ῥᾳθυμότεροι
927 5501 1206 5570 γενόμενοι
1229 5518 1244 5533 ·
1266 5503 1462 5555 ἐκεῖνοι
1497 5501 1554 5555 δέ
1601 5503 1892 5556 ὑπεύθυνοι

317 5579 697 5650 ἐγκλημάτων,
731 5581 852 5634 οὐδὲ
892 5583 998 5634 ἀπὸ
1033 5583 1131 5653 τῆς
1163 5583 1434 5655 ὑμετέρας
1467 5583 1614 5656 [129]
1655 5585 1891 5654 σπουδῆς

317 5663 398 5724 εἰς
449 5662 761 5734 προθυμίαν
799 5663 1208 5736 διεγειρόμενοι.
1257 5667 1356 5720 Διά
1406 5665 1564 5722 τοῦτο
1615 5668 1758 5738 ὑμᾶς
1790 5668 1890 5738 μὲν

319 5743 609 5815 μακαρίζω
647 5745 740 5798 καὶ
787 5743 1057 5816 ζηλωτοὺς
1084 5742 1222 5802 εἶναί
1255 5765 1416 5820 φημι,
1449 5751 1528 5803 ὅτι
1567 5751 1719 5804 οὐδὲν
1745 5751 1886 5822 ὑμᾶς

1993 5085 2342 5165 παρέϐλαῷεν
2373 5093 2404 5162 ἡ
2442 5092 2664 5145 ἐκείνων
2708 5093 2968 5164 ὀλιγωρία
2989 5111 3002 5126 ·
3033 5095 3273 5160 ἐκείνους
3306 5097 3362 5151 δέ
3397 5099 3560 5152 ταλα-

1993 5175 2124 5240 νίζω
2144 5177 2237 5229 καὶ
2264 5175 2504 5247 δακρύω,
2532 5175 2614 5228 ὅτι
2645 5175 2796 5228 οὐδὲν
2831 5176 3026 5240 αὐτοὺς
3061 5177 3339 5249 ὠφέλησεν
3365 5183 3396 5252 ἡ
3427 5181 3562 5252 ὀμε-

1992 5257 2126 5328 τέρα
2153 5257 2374 5328 σπουδή.
2409 5259 2522 5310 Οὐκ
2550 5257 2786 5328 ἥκουσαν
2811 5257 2918 5329 γὰρ
2945 5260 3040 5313 τοῦ
3067 5265 3346 5332 προφήτου
3378 5265 3561 5330 λέγον-

1992 5353 2116 5402 τος·
2157 5339 2564 5410 Ἐξελεξάμην
2612 5343 3138 5411 παραρριπτεῖσθαι
3183 5345 3254 5397 ἐν
3295 5343 3376 5408 τῷ
3421 5347 3566 5412 οἴκῳ

1993 5421 2098 5476 τοῦ
2125 5422 2290 5486 Θεοῦ,
2317 5422 2356 5490 ἢ
2379 5423 2562 5478 οἰκεῖν
2579 5443 2656 5494 με
2674 5427 2744 5478 ἐν
2763 5425 3160 5494 σκηνώμασιν
3177 5425 3560 5494 ἁμαρτωλῶν.

1999 5505 2110 5558 Οὐκ
2123 5501 2296 5570 εἶπεν,
2323 5504 2682 5579 Ἐξελεξάμην
2705 5513 2975 5563 κατοικεῖν
2997 5511 3056 5563 ἐν
3075 5509 3154 5579 τῷ
3169 5510 3302 5580 οἴκῳ
3315 5509 3406 5562 τοῦ
3425 5511 3560 5564 Θεοῦ

1999 5603 2125 5655 μου,
2159 5587 2300 5652 οὐδὲ,
2339 5587 2654 5659 διατρίϐειν.
2689 5591 2828 5652 οὐδὲ,
2862 5591 3115 5646 εἰσιέναι·
3151 5592 3286 5659 ἀλλ’,
3331 5593 3562 5657 Ἐξελεο

1997 5669 2031 5734 ξ
2035 5669 2194 5738 ἀμην
2215 5672 2762 5740 πῳαρῤιπτεῖσθαι.
2807 5675 3111 5744 Ἀγαπητόν
3137 5691 3226 5746 μοι
3251 5675 3344 5730 καὶ
3369 5677 3426 5728 ἐν
3449 5679 3562 5740 τοῖς

1997 5755 2244 5824 ἐσχάτοις
2276 5755 2560 5826 τετάχθαι·
2593 5755 2804 5828 στέργω
2835 5758 2894 5812 ὲν
2931 5758 3123 5830 τούτῳ,
3156 5758 3256 5814 κάν
3295 5759 3402 5813 τῶν
3433 5776 3566 5830 προ-
