4060 6252
476 381 584 438 “5

472 497 658 571 ούρων
686 491 940 562 ἐπιϐῆναι
987 486 1327 571 καταξιωθῶ,
1369 483 1502 571 φησί
1527 499 1540 514 ·
1585 480 1853 571 μεγίστην
1884 473 2047 571 ἡγοῦ-

476 561 576 653 μαι
599 561 847 647 δωρεάν,
871 572 970 626 κάν
1000 589 1068 641 με
1102 569 1211 653 τῶν
1251 565 1579 653 τελευταίων
1607 561 1940 653 ἀριθμήσειέ
1966 575 2049 653 τις

472 637 534 717 ἐν
561 659 639 731 τῷ
669 637 804 727 οἴκῳ
851 654 947 710 τοῦ
997 637 1131 706 Θεοῦ
1176 668 1300 721 μου.
1333 649 1437 702 Τὸν
1487 637 2051 731 κοινὸν-Δεσπότηνό

473 715 642 807 πόθος
661 715 792 796 ῐδιοὺ
821 739 1057 792 ποιεῖται
1083 753 1096 768 ·
1126 715 1366 788 τοιοῦτον
1388 731 1498 803 γὰρ
1525 733 1559 801 ἡ
1591 729 1803 798 ἀγάπη.
1848 728 1950 779 Ἐν
1973 715 2053 788 τῷ
2079 717 2086 724 ’

473 827 621 892 οῖκῳ
653 824 760 878 τοῦ
792 820 940 876 Θεοῦ
982 835 1123 889 μου.
1161 817 1218 870 '0
1251 814 1421 885 φιλῶν
1457 813 1580 882 οὐχὶ
1619 812 1711 892 τὸν
1736 808 2053 892 φιλούμενον

477 888 641 980 μόνον
685 904 946 974 ἐπιθυμεῖ
987 888 1138 962 ἰδεῖν,
1190 897 1328 951 ἀλλά
1374 895 1467 949 καὶ
1496 894 1611 980 ,τὸν
1659 888 2052 980 οἶκονῌέκείνου

477 972 660 1062 μόνον,
689 988 824 1043 ἀλλά
856 972 968 1046 ἶκαι
998 985 1090 1038 τδν
1118 983 1364 1037 πυλῶνα·
1396 979 1518 1062 οὑχὶ
1566 976 1656 1030 τὸν
1695 973 1915 1062 πυλῶνα
1942 972 2053 1062 ’τῆς

473 1052 655 1135 οἰκίας
690 1072 873 1142 μόνον,
919 1066 1058 1123 ἀλλά
1098 1066 1193 1118 καὶ
1238 1063 1401 1116 αὑτὸν
1437 1060 1530 1114 τὸν
1567 1056 1840 1142 στενωπὸν
1873 1055 1966 1142 καὶ
1993 1052 2054 1104 τὸ

479 1135 757 1227 ἄμφοδον·
793 1153 888 1206 καὶ
921 1152 1024 1206 κᾶν
1059 1150 1292 1220 ἱμάτιον,
1324 1144 1426 1198 κᾶν
1451 1142 1701 1227 ὑπόδημα
1731 1139 1814 1227 ἴδῃ
1849 1135 1941 1227 τοῦ
1970 1153 2056 1203 φι-

478 1219 764 1308 λουμένου,
816 1235 978 1290 αὑτὸν
1027 1219 1240 1302 νομίζει
1279 1224 1663 1308 παρεῖναιγτὺν
1689 1219 2052 1308 φιλούμενον.

479 1301 725 1373 Τοιοῦτοι
775 1313 916 1388 ἦσαν
966 1315 1016 1368 οί
1062 1301 1372 1383 προφῆται·
1418 1304 1605 1388 ἐπειδὴ
1653 1303 1746 1358 τὸν
1780 1302 1928 1388 ΔΘεὸν
1959 1301 2059 1388 οὑχ
2101 1363 2105 1370 ,

477 1398 668 1474 ἐώρων
694 1399 786 1454 τδν
799 1380 1125 1468 ἀσώματον,
1154 1380 1341 1465 ἐώρων
1374 1391 1464 1444 τὸν
1514 1385 1682 1474 οἷκον,
1713 1384 1804 1438 καὶ
1962 1380 2057 1474 τοῦ

478 1466 631 1538 οἴκου
673 1483 774 1553 τὴν
811 1466 1023 1534 ἐκείνου
1063 1474 1363 1553 παρουσίαν
1404 1471 1786 1540 ἐφαντάζοντο.
1828 1466 2060 1530 Ἐξελε-

481 1565 682 1636 ξάμην
715 1548 1245 1631 παραρῤιπτεῐσθαι
1267 1556 1337 1608 ἐν
1372 1553 1452 1636 τῶ
1477 1553 1620 1617 οἴκῳ
1639 1550 1744 1636 τοῦ
1773 1548 1918 1603 Θεοῦ
1932 1564 2058 1636 μου

476 1628 739 1718 μᾶλλον,
852 1628 1036 1697 οἰκεῖν
1063 1656 1138 1708 με
1163 1639 1232 1690 ἐν
1258 1634 1649 1718 σκηνώμασιν
1677 1628 2055 1718 άμαρτωλῶν.

484 1711 756 1790 Ἕκαστος
779 1711 961 1789 τόπος,
988 1725 1217 1777 ἕκαστον
1244 1719 1463 1791 χωρίον,
1491 1715 1626 1786 πρὸς
1648 1713 1746 1784 τὴν
1774 1711 2058 1782 σύγκρισιν

479 1811 576 1864 τοῦ
604 1810 755 1863 οἴκου
787 1808 881 1862 τοῦ
919 1803 1076 1869 Θεοῦ,
1110 1805 1372 1874 σκήνωμα
1405 1797 1743 1870 ἁμαρτωλῶν
1786 1797 1923 1856 ἐστι,
1955 1793 2058 1847 κᾶν

481 1896 831 1965 δικαστήριον
875 1892 1056 1960 εἴπῃς,
1094 1886 1192 1940 κᾶν
1231 1884 1630 1955 βουλευτήριον,
1661 1878 1764 1932 κᾶν
1795 1877 1894 1965 τὴν
1928 1875 2058 1929 ἐκά-

485 1995 613 2032 στου
643 1960 839 2030 οἰκίαν.
875 1972 995 2027 Κάν
1021 1971 1131 2042 γάρ
1168 1968 1324 2040 εὐχαὶ
1351 1967 1608 2034 γίνωνται
1648 1964 1781 2025 ἐκεῖ,
1819 1960 1922 2013 κᾶν
1952 1961 2062 2012 ἱκε-

484 2062 698 2133 τηρίαι,
754 2059 868 2112 ἀλλ’
916 2057 1129 2125 ἀνάγκη
1181 2052 1274 2106 καὶ
1309 2048 1642 2119 φιλονεικίας
1689 2043 1933 2133 γίνεσθαι
1968 2044 2060 2133 καὶ

487 2126 668 2217 μάχας
712 2145 806 2197 καὶ
837 2141 1128 2212 λοιδορίας,
1172 2137 1265 2217 καὶ
1306 2133 1592 2217 συλλόγους
1623 2131 1759 2217 ὑπὲρ
1794 2126 2061 2217 βιωτικῶν

487 2207 814 2298 φροντίδων·
850 2227 878 2276 ό
905 2223 962 2276 δὲ
985 2207 1132 2282 οἶκος
1161 2211 1317 2280 οὗτος
1347 2215 1552 2268 τούτων
1583 2209 1880 2282 καθαρεύει
1922 2207 2062 2260 πάν-

615 2325 629 2338 ·
662 2308 752 2362 διά
777 2307 953 2373 τοῦτο,
996 2306 1179 2357 ἐκεῖνα
1210 2302 1305 2372 μὲν
1341 2296 1675 2368 σκηνώματα
1703 2290 2061 2363 ἁμαρτωλῶν,

485 2390 638 2456 οὗτος
670 2393 726 2445 δὲ
757 2387 904 2454 οἶκος
939 2387 1034 2443 τοῦ
1074 2384 1210 2440 Θεοῦ
1235 2401 1246 2414 ·
1280 2382 1375 2436 καὶ
1415 2379 1666 2449 καθάπερ
1694 2377 1858 2447 λιμὴν
1902 2393 2066 2428 πνευ-

494 2477 680 2545 μάτων
704 2475 797 2526 καὶ
821 2472 1080 2542 κυμάτων
1107 2465 1523 2538 ἀπηλλαγμένος
1547 2461 1748 2531 πολλὴν
1772 2462 1884 2545 τοῖς
1910 2461 2062 2545 ὁρμι-

488 2543 742 2627 ζομένοις
784 2555 988 2616 πλοίοις
1029 2552 1265 2622 παρέχει
1307 2549 1403 2620 τήν
1455 2546 1778 2615 ἀσφάλειαν,
1816 2543 1962 2627 οὑτω
2001 2543 2065 2613 δή

488 2626 584 2694 καὶ
630 2643 658 2693 ό
704 2639 799 2693 τοῦ
843 2636 979 2692 Θεοῦ
1012 2633 1179 2698 οἶκος,
1225 2634 1414 2704 ὥσπερ
1454 2631 1562 2684 ἀπό
1609 2646 1752 2692 τινος
1801 2626 2066 2699 χειμῶνος

486 2722 597 2774 τῶν
638 2721 836 2788 ἔξωθεν
879 2717 1220 2791 πραγμάτων
1251 2716 1376 2777 τοὺς
1417 2712 1681 2774 εἰσιόντας
1718 2707 2064 2780 ἐξαρπάζων,

492 2805 632 2876 μετά
676 2805 879 2872 πολλῆς
929 2801 1156 2875 παρέχει
1189 2800 1287 2869 τῆς
1329 2798 1572 2867 γαλήνης
1624 2795 1717 2848 καὶ
1757 2794 1857 2864 τῆς
1887 2795 2065 2862 ἀσφα-

487 2889 639 2954 λείας
688 2889 934 2951 έστάναι,
988 2887 1082 2940 καὶ
1138 2884 1246 2938 τῶν
1291 2882 1449 2937 θείων
1497 2878 1799 2952 ἀκροᾶσθαι
1846 2878 2062 2947 λογίων.

489 2972 660 3025 Τοῦτο
680 2970 740 3025 τὸ
759 2969 960 3042 χωρίον
993 2966 1247 3029 ὑπόθεσίς
1272 2966 1420 3018 ἐστιν
1448 2963 1667 3033 ἀρετῆς,
1698 2961 2068 3014 διδασκαλεῖον

490 3052 839 3125 φιλοσοφίας·
867 3051 967 3106 οὑκ
993 3051 1050 3104 ἐν
1080 3050 1296 3116 συνάξει
1325 3049 1505 3120 μόνον,
1533 3047 1620 3101 ὅτε
1641 3046 1904 3115 ἀκρόασις
1934 3044 2069 3115 Γρα-

491 3137 611 3206 φῶν
645 3136 740 3190 καὶ
771 3133 1084 3188 διδασκαλία
1113 3131 1480 3201 πνευματικὴ,
1513 3130 1605 3182 καὶ
1640 3127 1916 3197 συνέδριον
1955 3127 2069 3178 Ila-

489 3221 667 3290 τέρων
692 3217 982 3288 αίδεσίμων
999 3213 1164 3268 ⁶ἀλλά
1183 3213 1278 3266 καὶ
1293 3215 1350 3265 ἐν
1375 3213 1538 3265 παντὶ
1572 3211 1649 3280 τῷ
1676 3210 1850 3279 λοιπῷ
1871 3209 2065 3280 καιρῷ,

492 3301 716 3373 ἐπίϐηθι
760 3299 870 3354 τῶν
901 3296 1217 3370 ’προθύρων
1260 3297 1439 3368 μόνον,
1475 3297 1567 3348 καὶ
1611 3294 1814 3356 εὐθέως
1864 3293 2068 3373 ἀπέθου

491 3384 593 3448 τὰς
621 3372 907 3454 φροντίδας
933 3380 1033 3444 τὰς
1069 3379 1345 3450 βιωτικάς.
1381 3375 1602 3430 Είσελθε
1643 3374 1753 3428 τῶν
1782 3372 2069 3446 προθύρων

491 3467 647 3526 είσω.
671 3465 767 3520 καὶ
791 3463 1044 3535 καθάπερ
1068 3461 1212 3536 αὑρα
1237 3478 1321 3524 τις
1349 3458 1691 3530 πνευματικὴ
1723 3456 2068 3528 περιίσταταί

494 3565 592 3604 σου
623 3549 723 3620 τὴν
746 3547 948 3619 ψυχήν.
977 3545 1124 3616 Αὑτη
1156 3547 1188 3615 ἡ
1228 3543 1428 3614 ἡσυχία
1453 3542 1534 3604 είς
1565 3542 1769 3612 φρίκην
1797 3540 1945 3609 άγει,
1975 3540 2069 3592 καὶ

492 3632 735 3686 διδάσκει
770 3624 1107 3699 φιλοσοφεῖν·
1138 3626 1388 3697 ἀνίστησι
1420 3624 1481 3678 τὸ
1522 3624 1797 3695 φρόνημα,
1833 3624 1927 3675 καὶ
1969 3623 2069 3674 οὑκ

493 3716 690 3785 ἀφίησι
722 3711 1031 3785 μεμνῆσθαι
1061 3711 1170 3764 τῶν
1208 3710 1512 3780 παρόντων,
1541 3705 1824 3778 μεθίστησι
1857 3723 1914 3758 σε
1962 3705 2072 3758 ἀπὸ

493 3798 598 3866 γῆς
632 3799 712 3860 εἰς
741 3796 834 3849 τὸν
869 3795 1117 3866 οὐρανόν.
1146 3794 1208 3848 Εἰ
1233 3793 1291 3846 δὲ
1317 3792 1486 3862 χωρὶς
1521 3787 1792 3853 συνάξεως
1818 3786 2070 3842 τοσοῦτον

493 3880 560 3934 τὸ
600 3879 790 3952 κέρδος
830 3879 928 3949 τῆς
969 3874 1205 3931 ἐνταῦθα
1257 3873 1579 3944 παρουσίας,
1629 3873 1758 3925 ὅταν
1794 3871 2070 3941 προφῆται

493 3962 761 4016 πάντοθεν
818 3960 1035 4031 βοῶσιν,
1087 3961 1215 4013 ὅταν
1259 3955 1546 4011 ἀπόστολοι
1587 3953 2069 4021 εὑαγγελίζωνται,

493 4046 624 4098 ὅταν
650 4044 680 4097 ὁ
707 4044 943 4114 Χριστὸς
985 4044 1042 4094 ἐν
1074 4041 1222 4111 μέσῳ
1259 4039 1507 4107 εἰστὴκῃ,
1540 4037 1668 4090 ὅταν
1711 4035 1898 4105 Πατὴρ
1937 4034 2072 4087 ἀποο

491 4126 716 4196 δέχηται
752 4124 821 4176 τά
842 4124 1121 4194 γινόμενα,
1155 4122 1280 4173 ὅταν
1315 4117 1466 4190 [1'50]
1502 4117 1728 4188 Πνεῦμα
1756 4118 1908 4184 ἀγιον
1935 4133 2072 4186 παρ-

495 4208 594 4277 ἐχῃ
636 4205 735 4276 τήν
787 4203 997 4256 οἰκείαν
1047 4199 1390 4268 ἀγαλλίασιν,
1440 4199 1614 4267 πόσης
1667 4199 1763 4268 μὲν
1809 4199 2074 4267 ὠφελείας

497 4286 901 4358 ἐμπλησθέντες
940 4287 987 4338 οἱ
1042 4285 1307 4355 παρόντες
1353 4282 1714 4354 ἀπέρχονταιί
1749 4282 1798 4334 οἰ
1844 4281 2074 4344 ἀπόντες

497 4371 557 4424 δέ
587 4369 758 4438 πόσην
783 4367 985 4439 ζημίαν
1019 4365 1411 4437 ὑπομένουσινί

585 4513 914 4585 Ἐϐουλόμην
944 4513 1145 4566 εἰδέναι
1185 4509 1289 4562 ποῦ
1327 4508 1695 4581 διατρίϐουσιν
1729 4509 1777 4561 οἱ
1803 4508 1904 4579 τῆς
1961 4525 2076 4560 συνο

502 4605 680 4672 άξεως
706 4603 1241 4673 καταφρονήσαντες,
1258 4598 1310 4650 τί
1327 4598 1588 4667 κατέσχεν
1614 4597 1830 4660 αὐτοὺς,
1857 4597 1952 4650 καὶ
1977 4598 2075 4667 τῆς

506 4691 655 4761 ἱερᾶς
683 4689 884 4759 ταύτης
910 4687 1188 4759 τραπέζης
1223 4686 1479 4755 ἀπήγαγε
1498 4725 1512 4748 ,
1546 4682 1674 4752 περὶ
1718 4683 1876 4735 τίνων
1909 4683 1942 4751 ἡ
1967 4682 2075 4734 διά-

502 4777 664 4842 λεξις.
720 4776 936 4830 Μᾶλλον
981 4775 1037 4828 δέ
1067 4770 1185 4828 οῖδα
1222 4773 1434 4841 σαφῶς·
1469 4771 1500 4841 ἦ
1550 4771 1658 4841 γὰρ
1700 4770 1825 4841 περὶ
1858 4769 2074 4822 ἀτόπων

502 4866 598 4918 καὶ
625 4864 1042 4933 καταγελάστων
1075 4861 1416 4932 πραγμάτων
1451 4857 1808 4924 διαλέγονται,
1837 4856 1870 4926 ἢ
1904 4855 2078 4925 βιωτι-

502 4955 627 5016 καῖς
656 4953 764 5005 εἰσι
807 4949 1217 5022 προσηλωμένοι
1263 4945 1541 5018 φροντίσιν
1566 4959 1579 4974 ·
1617 4942 1940 5013 ἀμφοτέρων
1963 4942 2020 4995 δὲ
2043 4944 2076 5012 ἡ

502 5038 753 5110 διατριϐὴ
793 5037 1123 5108 συγγνώμης
1153 5035 1540 5106 ἀπεστέρηται,
1581 5032 1676 5085 καὶ
1703 5029 1924 5083 κόλασιν
1965 5028 2077 5100 ἔχει

503 5127 605 5198 τὴν
639 5125 892 5196 ἐσχάτην.
918 5126 1026 5178 Καὶ
1053 5123 1180 5194 περὶ
1211 5122 1308 5192 μὲν
1342 5121 1445 5190 τῆς
1467 5119 1741 5192 προτέρας.
1767 5117 1888 5170 οὑδέ
1918 5116 2077 5184 λόγου

503 5216 604 5278 δεῖ,
651 5212 775 5268 οὑτε
813 5212 1172 5275 ἀποδείξεως·
1203 5212 1285 5264 ὅτι
1324 5211 1380 5264 δὲ
1432 5211 1526 5264 καὶ
1571 5213 1620 5263 οἱ
1673 5208 1741 5262 τά
1772 5207 1874 5277 τῆς
1905 5207 2080 5270 οἰκίας

506 5307 638 5377 ἡμῖν
689 5301 1085 5376 προϐαλόμενοι
1132 5301 1432 5371 πράγματα
1454 5341 1469 5364 ,
1516 5298 1610 5354 καὶ
1656 5297 1752 5369 τήν
1807 5295 2080 5367 ἀφόρητον

507 5394 717 5446 ἐκεῖθεν
750 5392 996 5462 ἀνάγκην
1034 5389 1302 5458 λέγοντες.
1335 5387 1455 5440 οὑδέ
1486 5380 1633 5440 οῦτοι
1665 5384 1918 5440 δύνανται
1958 5399 2081 5451 συγ-

507 5480 732 5551 γνώμης
761 5481 965 5550 τυχεῖν,
1001 5477 1146 5544 ἀπαξ
1175 5476 1273 5547 τῆς
1305 5473 1594 5544 ἑϐδομάδος
1623 5472 1854 5526 ἐνταῦθα
1893 5471 2083 5526 καλού-

511 5584 682 5637 μενοι,
709 5568 805 5620 καὶ
827 5567 949 5621 οὑδὲ
983 5566 1105 5620 τότε
1148 5564 1464 5636 ἀνεχόμενοι
1491 5561 1559 5616 τὰ
1599 5561 1944 5632 πνευματικά
1973 5559 2081 5612 τῶν

505 5653 711 5720 γηΐνων
736 5654 1072 5724 προτιμῆσαι
1090 5652 1452 5723 πραγμάτων,
1474 5649 1584 5703 ἀπὸ
1605 5649 1717 5703 τῶν
1735 5646 2082 5716 Εὑαγγελίων

509 5740 685 5816 δῆλον.
707 5742 817 5798 Καὶ
838 5742 944 5814 γὰρ
977 5745 1024 5796 οἱ
1060 5742 1347 5813 κληθέντες
1373 5741 1464 5794 ἐπὶ
1494 5739 1583 5792 τὸν
1612 5741 1786 5808 γάμον
1817 5737 1906 5791 τόν
1929 5751 2083 5789 πνευα

1168 381 1222 436 s.
1263 368 1552 436 JOANNIS—
1583 345 2077 432 cnanosmm
2113 368 2436 428 AluzﬂlEP.
2477 357 3025 424 CONSTA—NTlNO-V.

3616 358 3725 416 1L6

2153 479 2400 548 ματικδν,
2423 478 2624 543 ταύτας
2655 478 3048 551 προεϐάλλοντο
3087 477 3187 540 τάς
3220 468 3587 549 προφάσειςῶ
3621 479 3728 548 μὲν

2149 569 2239 621 δτιι
2267 569 2457 638 ζεῦγος
2493 570 2760 640 ὠνήσατο,
2793 571 2821 622 ό
2849 569 2906 622 δέ
2935 570 3022 622 ὄτι
3057 568 3226 639 ἀγρὸν
3255 568 3580 639 ἐπριάσατο,
3615 570 3642 620 ό
3665 567 3731 620 δὲ

2149 661 2232 714 ὃτι
2264 660 2482 732 νύμφην
2506 661 2764 731 ἡγάγετο,
2795 660 2908 714 ἀλλ’
2930 659 3309 729 ἐκολάσθησαν
3334 660 3505 730 ὅμως.
3539 658 3736 725 ’Δναγ-

2151 752 2304 804 καίαι
2351 751 2449 822 μὲν
2496 752 2553 802 αἰ
2591 750 2797 804 αἰτίαι·
2836 749 2953 802 ἀλλ’
2979 749 3107 802 ὅταν
3150 750 3179 801 ό
3215 748 3348 811 Θεὸς
3388 749 3552 818 καλῇ,
3592 748 3734 800 ἀπο-

2150 839 2337 910 λογίαν
2383 842 2480 894 οὑκ
2515 841 2729 912 έχουσι·
2771 839 2911 911 μετά
2937 839 3046 911 γὰρ
3077 839 3171 892 τὸν
3215 839 3347 893 Θεὸν
3382 840 3511 909 ἡμῖν
3548 837 3731 891 πάντα

2153 933 2445 1000 ἀναγκαῖα.
2495 931 2651 986 Μετά
2705 931 2806 1002 τὴν
2843 931 3051 984 ἐκείνου
3103 931 3291 1001 τιμήν,
3327 929 3449 982 τότε
3484 928 3555 982 τά
3590 927 3732 983 ἀλλα

2155 1020 2472 1077 ἀπολαυέτω
2506 1018 2758 1091 σπουδῆς.
2786 1018 2882 1082 Τίς
2913 1019 3023 1089 γάρ
3044 1017 3280 1087 οἰκέτης,
3314 1016 3434 1069 εἰπέ
3460 1032 3571 1087 μοι,
3596 1016 3736 1086 πρὶν

2155 1114 2188 1183 ἤ
2222 1114 2316 1184 τήν
2348 1112 2671 1182 δεσποτικὴν
2702 1109 2966 1180 πληρώσῃ
2990 1108 3286 1172 διακονίαν,
3320 1106 3428 1160 τῶν
3457 1107 3598 1160 κατὰ
3626 1106 3737 1176 τὴν

2160 1203 2290 1258 ἰδίαν
2329 1203 2507 1256 οἰκίαν
2555 1199 2949 1272 ἐπιμελήσεταί
2979 1215 3140 1264 ποτε;
3172 1198 3296 1262 Πῶς
3330 1193 3424 1251 οῦν
3467 1198 3565 1250 οὑκ
3611 1197 3738 1250 ἀτοο

2157 1311 2258 1346 πον
2303 1296 2389 1348 ἐπ’
2435 1293 2706 1366 ἀνθρώπῳ
2739 1293 2856 1362 μὲν,
2883 1291 3012 1346 ἔνθα
3057 1285 3210 1360 ψιλόν
3255 1291 3428 1361 δνομα
3470 1291 3503 1360 ή
3542 1290 3738 1344 δεσπο-

2155 1388 2296 1451 τεία,
2328 1387 2598 1458 τοσαύτην
2637 1389 2749 1450 τοῖς
2795 1385 3005 1457 κυρίοις
3043 1383 3302 1455 παρέχειν
3337 1383 3437 1454 τήν
3469 1383 3602 1436 αἰδῶ
3633 1385 3738 1438 καὶ

2157 1478 2255 1549 τὴν
2288 1477 2552 1554 ὑπακοὴν,
2604 1476 2696 1530 τὸν
2747 1476 2805 1529 δὲ
2840 1476 3057 1546 ἀληθῶς
3103 1475 3399 1545 Δεσπότην,
3433 1476 3530 1545 οὑχ
3573 1473 3738 1544 ἡμῶν

2161 1571 2343 1641 μόνον,
2377 1568 2514 1622 ἀλλά
2542 1569 2636 1621 καὶ
2664 1567 2772 1621 τῶν
2801 1567 2913 1621 ἀνω
2940 1567 3242 1636 δυνάμεων,
3279 1565 3415 1638 μηδὲ
3442 1569 3541 1636 τῆς
3563 1563 3741 1634 αὐτῆς

2158 1663 2270 1723 τοῖς
2301 1659 2594 1731 ἡμετέροις
2623 1657 2926 1721 συνδούλοις
2947 1657 3130 1724 ἀξιοῦν
3164 1656 3496 1728 θεραπείας;
3524 1653 3653 1708 Είθε
3668 1650 3741 1725 ἦν

2159 1751 2382 1805 δυνατὸν
2417 1751 2546 1821 ὑμῖν
2578 1750 2658 1814 εἰς
2702 1749 2762 1802 τὸ
2805 1748 3044 1811 συνειδὸς
3080 1746 3260 1801 αὑτῶν
3305 1745 3740 1816 εἰσεληλυθέναι,

2161 1843 2256 1897 καὶ
2281 1843 2401 1896 τότε
2431 1841 2601 1893 εἴδετε
2633 1839 2698 1893 ἂν
2729 1838 2928 1902 καλῶς,
2955 1838 3139 1891 πόσων
3166 1836 3492 1909 τραυμάτων
3513 1835 3740 1904 ἔγεμον,

2161 1935 2291 1997 ὅσας
2332 1931 2573 1996 ἀκάνθας
2607 1929 2770 2000 εῑχον.
2824 1929 3093 1999 Καθάπερ
3123 1928 3232 1999 γὰρ
3271 1928 3365 1998 γῆ,
3414 1925 3742 1996 γεωργικῶν

2161 2026 2262 2078 οὑκ
2316 2022 2667 2076 ἀτϐολαύουσα
2717 2019 2940 2092 χειρῶν,
2975 2018 3267 2090 χερσοῦται
3304 2017 3400 2070 καί
3445 2017 3741 2086 ὑλομανεῖ·

2162 2115 2303 2169 οὑτω
2339 2116 2433 2168 καὶ
2464 2114 2632 2184 ψυχὴ,
2668 2111 3046 2182 πνευματικῆς
3079 2111 3178 2163 οὑκ
3212 2109 3560 2164 ἀπολαύουσα
3592 2108 3746 2162 διδα-

2164 2207 2411 2273 σκαλίας,
2452 2205 2692 2267 ἀκάνθας
2741 2206 2835 2257 καὶ
2878 2202 3159 2273 τριϐόλους
3197 2201 3493 2271 ἐκπέμπει.
3523 2199 3586 2250 Εἰ
3627 2198 3746 2268 γὰρ

2164 2299 2324 2369 ἡμεῖς
2365 2300 2414 2351 οί
2457 2297 2577 2350 καθ’
2607 2297 2843 2366 ἑκάστην
2890 2294 3100 2366 ἡμέραν
3146 2293 3244 2362 τῆς
3289 2291 3398 2345 τῶν
3445 2287 3744 2361 προφητῶν

2164 2393 2258 2445 καὶ
2314 2389 2631 2444 ἀποστόλων
2660 2387 2978 2459 μετέχοντες
3027 2384 3367 2456 ἀκροάσεως,
3423 2380 3576 2452 μόλις
3606 2397 3747 2432 κατ-

2167 2483 2360 2552 έχομεν
2406 2481 2595 2551 θυμὸν,
2648 2479 2800 2550 μόλις
2843 2475 3169 2548 χαλινοῦμεν
3218 2473 3408 2546 ὀργήν,
3462 2472 3611 2544 μόλις
3640 2489 3746 2524 κα-

2165 2572 2528 2643 ταστέλλομεν
2565 2570 2881 2641 ἐπιθυμίαν,
2911 2569 3062 2640 μόλις
3096 2566 3430 2636 ἐκϐάλλομεν
3478 2563 3747 2634 τηκεδόνα

2168 2665 2384 2735 φθόνου,
2418 2665 2658 2734 συνεχεῖς
2691 2662 2906 2733 ἐπῳδάς
2931 2661 3030 2724 τὰς
3054 2660 3162 2713 ἀπὸ
3179 2658 3288 2711 τῶν
3325 2658 3482 2711 θείων
3510 2656 3747 2727 Γραφῶν

2167 2757 2455 2830 ἐπᾴδοντες
2499 2757 2612 2817 τοῖς
2659 2751 2946 2823 ἡμετέροις
2993 2749 3211 2813 πάθεσι,
3246 2748 3396 2817 μόλις
3449 2745 3749 2800 καταστέλ-

2165 2848 2331 2919 λομεν
2380 2846 2450 2901 τά
2495 2845 2826 2915 ἀναίσχυντα
2880 2841 3077 2912 θηρία·
3124 2842 3321 2893 ἐκεῖνοι
3368 2839 3416 2891 οί
3473 2837 3745 2908 μηδέποτε

2165 2936 2370 3006 ταύτης
2415 2933 2774 2996 ἀπολαύοντες
2817 2931 2917 3000 τῆς
2954 2928 3215 3002 ἰατρείας,
3264 2929 3396 2999 μηδὲ
3440 2927 3540 2996 τῆς
3591 2925 3747 2990 θείας

2167 3025 2532 3088 ὑπακούοντες
2592 3021 2944 3094 φιλοσοφίας,
3003 3021 3163 3072 ποίαν
3222 3019 3496 3090 σωτηρίας
3553 3018 3750 3071 ἐλπίδα

2168 3115 2400 3181 ἕξουσιν,
2443 3114 2565 3166 εἰπέ
2608 3129 2738 3183 μοι;
2775 3108 3104 3179 Ἐϐουλόμην
3132 3107 3391 3161 δύνασθαι
3425 3106 3592 3172 δεῖξαι
3629 3108 3748 3168 τοῖς

2171 3207 2458 3279 ὑμετέροις
2501 3205 2798 3275 ὀφθαλμοῖς
2835 3205 2935 3276 τὴν
2966 3204 3187 3258 ἐκείνων
3218 3200 3415 3272 ψυχὴν,
3443 3201 3536 3253 καὶ
3573 3198 3750 3252 εἴδετε

2171 3299 2237 3356 ἂν
2269 3298 2547 3370 ῥυπῶσαν,
2589 3298 2904 3368 αὐχμῶσαν,
2951 3295 3418 3366 κατακεχυμένην,
3446 3295 3541 3346 καὶ
3581 3309 3748 3346 τετα-

2171 3388 2532 3458 πεινωμένην,
2587 3386 2685 3439 καὶ⁸
2741 3387 3209 3458 ἀπαρρησίαστον.
3247 3383 3456 3450 Ὥσπερ
3514 3379 3627 3451 γάρ
3677 3378 3754 3432 τὰ

2172 3477 2466 3548 βαλανείων
2495 3477 2596 3529 οὑκ
2633 3475 2975 3530 ἀπολαύοντα
3006 3474 3232 3545 σώματα
3263 3469 3474 3542 αὐχμοῦ
3519 3471 3614 3523 καί
3646 3469 3750 3541 ῥύ-

2171 3586 2272 3622 που
2295 3568 2456 3639 γέμει
2483 3566 2676 3622 πολλοῦ
2693 3584 2706 3598 ·
2743 3566 2886 3620 οὑτω
2912 3567 3006 3619 καὶ
3027 3567 3060 3634 ή
3085 3563 3252 3635 ψυχὴ,
3272 3560 3619 3623 διδασκαλίας
3639 3560 3753 3613 οὑκ

2170 3659 2517 3715 ἀπολαύουσα
2567 3659 2962 3730 πνευματικῆς,
3018 3656 3220 3724 πολλὴν
3260 3654 3368 3708 τῶν
3410 3652 3748 3724 ἁμαρτημά-

2171 3768 2278 3814 των
2325 3749 2438 3820 ἔχει
2488 3749 2877 3820 περικειμένην
2919 3749 3054 3818 αὐτῇ
3103 3747 3202 3819 τήν
3249 3746 3460 3816 κηλῖδα.
3497 3745 3607 3799 Καὶ
3634 3743 3749 3816 γάρ

2175 3843 2450 3914 βαλανεῖόν
2494 3845 2611 3896 ἐστι
2656 3841 2725 3894 τά
2764 3840 2995 3894 ἐνταῦθα
3039 3839 3430 3910 πνευματικὸν,
3469 3841 3534 3908 τῇ
3567 3837 3748 3909 θέρμῃ

2171 3933 2265 3987 τοῦ
2300 3933 2616 4003 Πνεύματος
2641 3931 2819 3984 πάντα
2863 3929 3183 4000 ἀποσμῆχον
3220 3928 3389 4000 ῥύπον
3411 3945 3425 3960 ·
3465 3927 3660 3998 μᾶλλον
3687 3925 3749 3979 δὲ

2172 4025 2294 4095 οὑχί
2329 4024 2498 4095 ῥύπον
2523 4022 2842 4092 ἀποσμῆχον
2877 4021 3034 4090 μόνον
3063 4019 3124 4071 τό
3144 4017 3236 4070 τοῦ
3267 4016 3580 4088 Πνεύματος
3611 4015 3744 4085 πῦρ,

2175 4109 2310 4163 ἀλλά
2341 4110 2435 4162 καὶ
2476 4109 2669 4178 βαφήν.
2715 4108 2849 4161 Ἐὰν
2877 4107 2988 4176 γὰρ
3011 4101 3142 4169 ὦσι,
3175 4105 3358 4176 φησὶν,
3386 4106 3445 4156 al
3471 4103 3748 4172 ἁμαρτίαι

2177 4200 2327 4273 [151]
2351 4199 2518 4270 ὑμῶν
2536 4201 2617 4266 ὡς
2639 4189 2979 4268 φοινικοῦν,
3007 4197 3087 4262 ὠς
3106 4197 3282 4265 χιόνα
3303 4193 3577 4249 λευκανῶ
3597 4209 3610 4221 ·
3643 4192 3748 4247 κᾶν

2179 4293 2317 4365 μετὰ
2361 4295 2460 4364 τῆς
2495 4292 2684 4362 αὑτῆς,
2719 4291 2905 4361 φησὶν,
2954 4289 3240 4360 ἀκριϐείας
3280 4288 3387 4341 τῶν
3423 4286 3750 4357 ἁμαρτημά-

2175 4402 2281 4438 των
2313 4388 2342 4437 ό
2375 4384 2545 4455 ῥύπος
2573 4383 2710 4453 δάκῃ
2735 4381 2837 4451 τῆς
2863 4382 3038 4452 ψυχῆς
3067 4380 3166 4451 τὴν
3189 4378 3396 4441 οὐσίαν,
3425 4378 3498 4440 ὼς
3524 4379 3603 4440 εἰς
3634 4376 3747 4441 ’ἐξιν

2179 4475 2357 4548 βαφῆς
2383 4473 2638 4545 ἀκίνητον
2668 4473 3026 4542 καταστῆναι,
3060 4471 3156 4525 καὶ
3178 4469 3350 4532 οὑτως
3381 4468 3490 4537 ἐγὼ
3517 4469 3752 4539 δύναμαι

2177 4571 2257 4635 εἰς
2283 4568 2382 4640 τήν
2414 4565 2663 4621 ἐναντίαν
2691 4567 2859 4638 αὑτήν
2889 4563 3228 4634 καταστῆσαι
3271 4562 3561 4632 ποιότητα·
3590 4561 3750 4631 ἀρκεῖ

2177 4660 2286 4732 γάρ
2313 4660 2522 4724 νεῦσαι,
2559 4662 2653 4713 καὶ
2683 4657 2858 4711 πάντα
2898 4656 3213 4726 ἀφανίζεται
3246 4657 3314 4710 τὰ
3356 4654 3745 4725 ἁμαρτήματα.

2249 4763 2314 4832 β’.
2342 4762 2527 4816 Ταῦτα
2549 4761 2712 4829 λέγω,
2742 4762 2839 4832 οὑχ
2864 4761 2950 4813 ἵνα
2997 4762 3153 4831 ὑμεῖς
3173 4762 3440 4832 ἀκούσητε
3459 4777 3473 4790 ο
3491 4759 3612 4812 οὑδὲ
3642 4755 3750 4826 γὰρ

2181 4853 2337 4921 ὑμεῖς
2366 4850 2540 4904 δεῖσθε
2565 4849 2674 4903 τῶν
2698 4848 3024 4921 φαρμάκων,
3051 4848 3138 4902 διά
3158 4849 3257 4920 τὴν
3282 4847 3374 4901 τοῦ
3398 4847 3532 4901 Θεοῦ
3567 4847 3746 4916 χάριν·

2180 4938 2293 4992 ἀλλ’
2329 4938 2417 4992 ἵνα
2459 4939 2656 4991 ἐκεῖνοι
2683 4937 2748 4989 δι’
2785 4935 2937 5007 ὑμῶν
2969 4935 3233 5007 μάθωσιν.
3266 4937 3328 4988 Εἰ
3371 4935 3428 4987 δὲ
3479 4932 3749 5001 ἐδυνάμην

2180 5025 2378 5079 εἰδέναι
2404 5025 2530 5086 τοὺς
2558 5025 2754 5088 τόπους
2777 5025 2834 5077 ἐν
2865 5018 2946 5087 οἷς
2981 5023 3344 5092 συλλέγονται,
3379 5022 3478 5074 οὑκ
3507 5020 3572 5074 ἂν
3609 5019 3750 5086 ἡνώο

2179 5111 2352 5183 χλησα
2380 5110 2478 5180 τὴν
2524 5111 2794 5182 ὑμετέραν
2840 5110 3060 5180 ἀγάπην
3079 5128 3091 5139 ·
3128 5109 3240 5162 ἀλλ’
3272 5109 3458 5178 ἐπειδὴ
3496 5104 3751 5159 ἀδύνατόν

2181 5219 2274 5276 μοι
2313 5201 2392 5254 ἐνὶ
2420 5199 2533 5253 δντι
2564 5199 2816 5252 τοσοῦτον
2848 5198 3043 5251 εἰδέναι
3075 5197 3267 5268 δῆμον,
3298 5197 3425 5264 ὑμῖν
3461 5191 3751 5263 ἐγχειρίζω

2180 5292 2287 5344 τῶν
2315 5286 2559 5358 ἀδελφῶν
2587 5286 2695 5340 τῶν
2723 5287 3004 5358 ὑμετέρων
3044 5285 3140 5355 τὴν
3189 5283 3516 5356 θεραπείαν·
3559 5283 3752 5349 ὲ.πιμε⁸

2179 5377 2416 5448 λήσασθε
2457 5375 2565 5428 τῶν
2621 5372 2862 5441 ἀδελφῶν
2911 5373 3020 5425 τῶν
3059 5371 3290 5434 οἰκείων,
3352 5366 3748 5428 ἐπισπάσασθε,

2181 5467 2468 5521 καλέσατε.
2513 5460 2642 5518 Οἶδα
2669 5465 2750 5517 ὅτι
2790 5461 3048 5525 πολλάκις
3077 5459 3233 5514 τοῦτο
3272 5461 3568 5529 ἐποιήσατε
3590 5472 3603 5485 ο
3637 5454 3750 5508 ἀλλ’

2181 5556 2330 5609 οὐδὲν
2382 5555 2442 5607 τὸ
2499 5553 2754 5615 πολλάκις
2807 5549 2965 5603 τοῦτο
3021 5549 3264 5618 ποιῆσαι,
3323 5547 3436 5600 ἀλλ’
3469 5547 3575 5607 ἕως
3627 5542 3751 5596 τότε

2181 5631 2426 5712 ποιῆσαι,
2474 5641 2578 5702 ’έως
2628 5638 2693 5692 ἂν
2749 5637 2974 5709 πείσητε
3021 5637 3116 5690 καὶ
3170 5635 3454 5702 ἐλκύσητε.
3489 5627 3620 5686 Οἶδα
3669 5631 3750 5684 ὅτι

2182 5731 2550 5804 ἠνωχλήσατε,
2589 5731 2670 5783 ὅτι
2705 5729 2951 5798 φορτικοί⁸
2992 5724 3248 5788 πολλάκις
3299 5719 3642 5794 ὲνομίσθητε,
3669 5718 3755 5771 ὅτι
