4060 6252
331 372 447 438 liii

325 507 415 554 tus
442 512 588 567 sum,
614 494 669 555 si
706 490 1024 556 vel‘intrare‘
1044 500 1367 557 vestibulum
1396 502 1523 558 mihi
1546 503 1873 560 ‘concedatur
1893 545 1911 573 ,

328 590 504 657 mquit
530 606 548 655 ;
575 590 748 659 magni
779 589 1020 645 beneﬁcii
1046 589 1165 646 leco
1191 591 1348 658 duco,
1376 593 1420 647 si
1450 592 1531 647 vel
1557 594 1609 648 in
1632 605 1915 649 numerum

326 679 537 734 referar
580 687 971 750 postremorum
1012 681 1066 735 in
1085 681 1261 736 ‘domo‘
1285 682 1376 736 Dei
1408 682 1535 737 mei.
1565 681 1914 738 Communem

328 773 614 826 Dominum
660 783 824 826 amor’
841 780 901 827 ut
927 773 1202 842 preprlum
1227 774 1327 829 sibi
1356 774 1586 830 vindicat
1614 794 1627 829 :
1655 787 1717 830 ea
1746 775 1914 846 siqui-

327 861 453 917 dem
484 862 564 918 vis
606 871 691 919 est
716 864 977 919 caritatis.
1018 862 1085 918 In
1124 866 1274 920 domo
1313 865 1408 920 Dei
1450 867 1567 921 mei.
1598 867 1699 934 Qui
1735 874 1912 932 amat,

323 968 433 1008 non
463 965 587 1009 eum
636 959 844 1012 tantum
894 954 1076 1010 videre
1117 954 1385 1011 desiderat
1412 971 1569 1026 quem
1600 966 1763 1023 amat,
1815 957 1910 1013 sed

324 1046 413 1102 vel
458 1044 627 1102 solam
674 1046 792 1117 ejus
834 1046 1073 1113 domum,
1123 1047 1218 1103 sed
1261 1055 1325 1103 et
1344 1048 1699 1114 vesﬁbulum;
1743 1064 1915 1119 neque

326 1132 646 1193 veStibufum
688 1145 891 1192 tantum
933 1137 1153 1203 mdium,
1200 1137 1294 1193 sed
1344 1138 1426 1193 vel
1453 1140 1787 1209 angiportum
1831 1139 1916 1194 vel

325 1228 526 1293 vicum,
571 1236 623 1283 et
667 1228 713 1283 si
759 1228 842 1282 vel
870 1237 1095 1292 vestem,
1143 1229 1228 1283 vel
1266 1229 1684 1283 calceameutum
1726 1228 1919 1283 viderit

324 1318 446 1389 ejus
493 1333 650 1388 quem
695 1326 858 1385 amat,
888 1319 1062 1388 ipsum
1090 1332 1148 1372 se
1197 1317 1378 1372 videre
1417 1318 1706 1372 arbitratur
1756 1333 1916 1387 quem

327 1418 494 1464 amat.
522 1409 613 1465 Sic
639 1409 814 1464 all‘ecti
857 1409 1073 1465 fuerunt
1112 1408 1383 1479 prepbetze
1413 1428 1427 1463 :
1457 1409 1707 1479 quoniam
1749 1408 1917 1464 Deum

328 1505 699 1573 incorporeum
740 1518 846 1557 non
875 1502 1145 1567 videbant,
1177 1500 1393 1554 domum
1438 1500 1708 1566 videbant,
1740 1508 1794 1555 et
1820 1514 1919 1570 per

327 1592 548 1648 domum
596 1599 918 1662 prmsentem
972 1591 1119 1645 illum
1170 1604 1392 1645 cernere
1433 1590 1532 1645 sibi
1584 1589 1914 1645 videbantur.

331 1682 477 1755 Elegi
506 1684 727 1754 abjectus
754 1699 861 1736 esse
885 1684 935 1735 in
967 1682 1117 1735 domo
1144 1679 1243 1733 Dci
1268 1681 1365 1734 mei
1398 1681 1575 1751 magis,
1601 1697 1750 1749 quant
1774 1679 1919 1733 habi-

328 1774 510 1829 tarein
551 1773 893 1827 tabernaculis
915 1781 1250 1842 peccatorum.
1282 1772 1463 1839 Quivis
1502 1772 1668 1836 locus,
1694 1770 1921 1841 quodvis

329 1866 562 1936 spatium
590 1879 712 1921 cum
739 1864 899 1919 d‘omo
920 1864 1011 1920 Dei
1035 1872 1397 1932 comparatum
1420 1864 1815 1920 tabernaculum
1837 1874 1922 1919 est

326 1969 696 2030 peccatorum,
737 1961 850 2015 sive
890 1958 1060 2014 forum
1108 1960 1329 2027 dixeris,
1378 1959 1490 2015 sive
1539 1960 1763 2024 curiam,
1808 1957 1920 2014 sive

327 2053 552 2106 domum
578 2052 929 2122 singulorum.
955 2051 1103 2107 Licet
1120 2052 1260 2106 enim
1289 2065 1474 2122 preces
1499 2052 1605 2106 illic
1632 2050 1777 2116 ﬁant,
1798 2050 1919 2106 licet

324 2144 773 2213 supplicationes,
808 2155 985 2200 tamen
1017 2145 1126 2198 illic
1152 2145 1522 2201 contentiones
1552 2154 1604 2200 et
1639 2159 1841 2216 pugnas
1865 2154 1920 2200 et

328 2236 611 2302 convicia,
661 2245 1064 2306 conventusque
1110 2236 1222 2291 ﬁeri
1281 2236 1348 2291 de
1394 2237 1734 2292 smcul‘aribus
1778 2238 1921 2293 euris

330 2340 556 2383 necesse
582 2333 663 2379 est
689 2344 700 2378 :
724 2336 776 2378 at
805 2325 889 2379 hic
910 2325 1059 2380 locus
1074 2325 1140 2379 ab
1168 2327 1248 2379 bis
1270 2327 1518 2381 omnibus
1538 2335 1619 2382 est
1639 2328 1916 2388 immunis:

331 2426 614 2488 propterea
645 2424 987 2486 peccatorum
1017 2415 1230 2486 quidem
1260 2417 1348 2471 illa
1374 2427 1498 2473 sunt
1539 2418 1910 2487 tabernacuh‘,

332 2504 451 2562 [nec
475 2521 604 2562 vero
632 2507 823 2560 domus
849 2514 930 2560 est
960 2505 1053 2560 Dei
1086 2523 1098 2559 :
1126 2514 1180 2560 et
1208 2506 1651 2575 quemadmodum
1685 2517 1865 2577 portus
1884 2523 1913 2561 a

331 2601 507 2656 ventis
534 2609 588 2655 et
613 2599 859 2655 ﬂuctibus
896 2597 1032 2653 liber
1069 2597 1287 2652 multam
1319 2597 1540 2655 navibus
1565 2599 1615 2652 in
1647 2614 1714 2654 eo
1737 2601 1921 2655 statio-

333 2682 457 2746 nem
484 2690 803 2760 eligentihus
848 2688 1050 2759 praebet
1076 2689 1435 2753 securitatem,
1462 2694 1541 2745 slc
1585 2690 1833 2744 nimirum
1865 2700 1921 2746 et

336 2781 432 2836 Dei
459 2779 650 2834 domus
676 2789 942 2848 tamquam
968 2780 1037 2833 ab
1061 2787 1407 2833 externorum
1434 2779 1764 2849 negotiorum
1789 2788 1921 2834 tem-

334 2879 542 2941 pestate
580 2871 828 2938 abreptos
856 2885 971 2937 eos,
998 2868 1090 2939 qui
1134 2869 1468 2936 intraverint,
1498 2870 1549 2923 in
1580 2869 1745 2924 multa
1774 2877 1921 2925 tran-

332 2963 595 3033 quillitate
620 2963 848 3017 coilocat
875 2970 935 3029 et.
952 2961 1260 3026 securitate,
1282 2974 1659 3030 sacrorumque
1679 2962 1921 3032 eloquio-

333 3071 453 3109 rum
500 3054 786 3110 auditionis
827 3054 1113 3124 participes
1155 3052 1337 3108 efﬁcit.
1387 3052 1486 3109 llic
1528 3053 1674 3109 locus
1713 3054 1925 3110 virtutis

331 3154 418 3202 est
452 3145 683 3213 occasio,
728 3143 1080 3215 philosophiae
1107 3144 1290 3199 schola
1320 3162 1333 3198 :
1367 3159 1475 3199 non
1501 3145 1552 3199 in
1578 3146 1801 3201 collecta
1830 3161 1922 3201 so-

336 3237 474 3303 lum,
503 3238 628 3292 dum
672 3236 962 3305 Scriptura:
1004 3250 1174 3291 sacrae
1225 3236 1535 3301 recitantur,
1586 3244 1642 3291 et
1683 3235 1922 3292 doctrina

336 3329 629 3400 spiritualis
652 3328 955 3399 porrigitur,
985 3343 1047 3383 ac
1075 3327 1502 3383 venerandorum
1532 3337 1736 3399 patrum
1762 3343 1923 3383 sena-

339 3432 427 3475 tus
452 3419 627 3475 adstat
658 3437 671 3473 :
703 3420 798 3475 sed
826 3421 1013 3491 quovis
1035 3418 1196 3476 etiam
1236 3420 1441 3490 reliquo
1468 3429 1729 3491 tempore,
1757 3422 1922 3477 vesti-

334 3511 463 3567 bula
494 3521 697 3565 tantum
728 3510 1026 3581 ingredere,
1059 3520 1170 3566 tum
1202 3520 1255 3565 ttt
1282 3512 1458 3566 subito
1498 3512 1778 3567 saeculares
1803 3526 1923 3567 om-

337 3618 435 3659 nes
472 3618 628 3659 curas
657 3602 915 3672 depones.
956 3602 1097 3657 lntra
1123 3604 1177 3658 in
1206 3602 1543 3667 vestibulum,
1575 3612 1629 3657 et
1657 3611 1924 3673 tamquam

335 3709 468 3749 aura
498 3694 739 3764 quasdam
778 3695 1069 3765 spiritualis
1098 3695 1329 3750 animam
1367 3704 1509 3751 tuam
1537 3694 1755 3750 afllabit.
1801 3695 1925 3751 Hatc

337 3786 698 3857 tranquillitas
727 3788 1004 3842 horrorem
1035 3787 1241 3854 incutit,
1263 3796 1317 3843 et
1337 3786 1701 3857 philosophari
1731 3786 1921 3843 docet:

337 3889 576 3933 mentem
612 3878 787 3950 erigit,
821 3891 994 3949 neque
1037 3879 1163 3932 sinit
1208 3879 1546 3948 prmsentium
1575 3878 1866 3944 recordari,
1893 3894 1925 3935 a

336 3981 483 4026 terra
511 3970 566 4025 in
603 3971 792 4025 cadum
823 3980 874 4025 te
917 3968 1186 4024 transfert.
1216 3968 1366 4036 Quod
1393 3968 1437 4022 si
1476 3969 1677 4040 absque
1704 3969 1925 4025 collecta

335 4071 545 4119 tantum
584 4072 844 4133 qua-stum
889 4061 1038 4126 facis,
1087 4059 1230 4132 quod
1274 4061 1362 4115 hic
1403 4061 1667 4127 verseris,
1714 4061 1926 4132 quando

336 4153 572 4224 undique
602 4153 875 4224 prophetat
915 4153 1169 4220 clamant,
1201 4151 1412 4222 quando
1436 4153 1661 4223 apostoli
1701 4168 1928 4225 evange-

335 4248 465 4301 lium
486 4246 796 4316 prtedicant,
815 4244 1026 4317 quando
1042 4255 1146 4301 stat
1164 4245 1409 4302 Christus
1425 4245 1475 4301 in
1493 4245 1692 4312 medio,
1714 4246 1926 4317 quando

332 4353 458 4409 qua:
487 4336 619 4392 ﬁunt
646 4336 870 4407 suscipit
900 4336 1077 4403 Pater,
1108 4336 1321 4406 quando
1363 4336 1597 4391 ltetitiam
1632 4351 1781 4390 suam
1807 4336 1927 4407 Spi-

335 4431 472 4484 ritus
497 4437 714 4505 sanetns
741 4426 995 4498 impertit,
1026 4435 1223 4497 quanta
1246 4427 1337 4497 qui
1362 4426 1555 4481 adsunt
1577 4427 1801 4482 utilitate
1829 4441 1927 4481 cu-

335 4520 519 4577 mulati
537 4521 1016 4591 recedunt,quanto
1036 4518 1231 4573 damno
1248 4518 1551 4574 afﬁciuntur
1573 4520 1663 4589 qui
1688 4519 1924 4576 absunt?

408 4613 507 4669 Dei
547 4612 713 4669 cultus
757 4614 994 4668 omnibus
1031 4611 1178 4667 rebus
1220 4611 1582 4682 prte[erendus.
1625 4640 1697 4652 —
1722 4611 1924 4667 Vellem

332 4707 477 4763 scire
499 4707 714 4762 ubinam
746 4713 1056 4772 versentur,
1073 4705 1164 4776 qui
1193 4705 1430 4760 colleetze
1462 4704 1721 4760 interesse
1744 4704 1928 4774 negle-

337 4808 558 4865 xerunt,
602 4798 731 4869 quid
756 4812 853 4853 eos
894 4796 1202 4861 detinuerit,
1248 4805 1302 4852 et
1331 4794 1400 4849 ab
1437 4794 1538 4850 hac
1561 4810 1713 4851 sacra
1743 4810 1927 4849 mensa

337 4890 624 4957 revocarit,
655 4890 723 4945 de
753 4890 947 4961 quibus
976 4889 1115 4944 inter
1143 4903 1200 4943 se
1223 4887 1615 4957 colloquantur.
1660 4887 1770 4941 lino
1798 4901 1927 4942 vero

329 4982 442 5051 jam
477 4981 644 5051 probe
685 4980 808 5036 novi
836 4998 850 5048 ;
882 4990 974 5036 aut
1016 4978 1159 5035 enim
1186 4978 1253 5034 de
1299 4977 1544 5033 absurdis
1588 4992 1649 5033 ac
1692 4977 1927 5034 ridiculis

335 5072 499 5127 rebus
524 5073 925 5143 colloquuntur,
951 5082 1042 5127 aut
1071 5070 1417 5127 saecularibus
1440 5072 1584 5127 curis
1610 5071 1751 5125 afﬁxi
1772 5079 1925 5126 sunt:

334 5172 564 5234 utraque
592 5178 754 5234 porro
796 5164 946 5219 venia
976 5164 1135 5235 digna
1166 5178 1270 5219 non
1297 5172 1380 5219 est
1407 5164 1684 5233 occupatio
1704 5204 1717 5228 ,
1740 5171 1794 5218 et
1827 5178 1928 5218 ex.-

335 5264 511 5309 tremo
554 5256 817 5326 supplicio
856 5266 940 5312 est
983 5256 1235 5311 obnoxia.
1286 5256 1365 5310 Ac
1408 5254 1476 5311 de
1504 5256 1669 5327 priori
1713 5255 1925 5325 quidem

336 5359 515 5414 neque
560 5347 723 5401 verba
756 5346 933 5403 facere
972 5362 1107 5417 opus
1153 5355 1255 5410 est,
1300 5347 1382 5401 vel
1421 5346 1925 5401 demonstrationem

336 5437 537 5494 afferre
568 5454 585 5497 :
615 5454 711 5495 eos
738 5454 865 5495 vero
894 5440 983 5511 qui
1013 5454 1101 5495 res
1127 5438 1450 5494 domesticas
1470 5439 1622 5493 nobis
1647 5437 1923 5508 objiciunt,

333 5538 392 5582 et
420 5528 544 5584 inde
562 5544 624 5585 se
652 5531 971 5587 intolerabili
992 5532 1163 5601 urgeri
1191 5530 1506 5586 necessitate
1532 5537 1836 5594 causantur,
1860 5544 1929 5584 ne

336 5620 470 5674 istos
499 5620 716 5692 quidem
764 5626 973 5679 veniam
1017 5623 1259 5679 obtinere
1305 5636 1484 5692 posse,
1516 5636 1638 5676 cum
1680 5620 1841 5675 semel
1874 5619 1925 5674 in

336 5711 676 5771 hebdomada
704 5714 808 5771 huc
835 5726 1112 5784 vocentur,
1140 5732 1205 5773 ac
1230 5732 1298 5772 ne
1324 5726 1434 5771 tum
1462 5712 1675 5786 quidem
1700 5726 1789 5769 res
1815 5712 1927 5783 spi-

336 5803 559 5864 rituales
600 5809 829 5866 terrenis
874 5809 1136 5867 anteferre
1182 5809 1487 5880 dignentur,
1534 5823 1600 5862 ex
1639 5804 1923 5876 evangeliis

928 382 995 441 IN
1033 376 1260 456 lLEUD,
1301 384 1579 446 PAUKUS
1613 388 1949 450 VOCATUS.
1992 391 2083 450 ΕΤ
2122 392 2211 451 DE
2249 392 2505 451 MUTAT.
2547 393 2872 455 NOMINUM.
2916 397 3001 454 IV.

3496 403 3597 459 ΗΕ

2022 515 2251 564 constat.
2280 505 2412 563 Nam
2435 517 2487 563 et
2517 509 2591 563 illi
2622 511 2708 579 qui
2738 510 2804 564 ad
2830 512 3127 581 spirituales
3158 513 3363 583 nuptias
3391 514 3599 571 fuerant

2022 596 2250 666 invitati,
2272 598 2533 669 ejusmodi
2556 602 2922 657 excusationes
2948 602 3323 668 obtendebant,
3348 605 3486 672 quod
3514 604 3601 660 hic

2021 690 2235 762 quidem
2257 690 2442 761 jugum
2471 694 2708 761 emisset,
2755 694 2846 750 ille
2874 710 3000 750 vero
3032 694 3285 765 prmdium
3323 696 3421 751 sibi
3452 711 3602 752 com-

2020 791 2281 851 parasset,
2314 783 2402 837 ille
2425 798 2674 854 sponsam
2699 784 2938 842 duxisset
2957 786 3113 857 (Luc.
3143 789 3228 843 14.
3258 787 3481 858 18-20);
3504 788 3615 843 δαῖέ

2022 873 2190 944 puniti
2235 883 2362 930 sunt
2411 883 2609 932 tamen.
2666 872 2993 933 Necessariae
3055 879 3283 945 quidem
3323 887 3469 934 sunt'
3498 880 3601 933 illa:

2022 979 2235 1032 causat;
2267 966 2361 1020 sed
2388 980 2509 1021 cum
2540 967 2679 1023 Deus
2709 967 2914 1035 invitat,
2950 970 3095 1024 nulla
3122 970 3464 1025 excusatione
3478 980 3623 1024 sunt'

2021 1054 2196 1126 digna:
2227 1073 2242 1113 :
2274 1053 2386 1112 Deo
2428 1073 2659 1127 namque
2706 1060 2859 1113 nobis
2902 1068 3027 1113 sunt
3072 1060 3248 1115 omnia
3298 1060 3603 1115 necessaria

2021 1145 2408 1216 posthabenda.
2439 1147 2540 1202 Ubi
2569 1148 2685 1218 ejus
2710 1148 2900 1204 honori
2926 1149 3082 1205 fuerit
3112 1151 3457 1217 satisfactum,
3490 1160 3624 1205 tum»

2022 1236 2076 1291 in
2104 1237 2206 1292 alia
2236 1237 2469 1293 studium
2513 1238 2870 1307 impendatur.
2910 1242 3040 1308 Quis
3083 1242 3223 1297 enim
3243 1282 3257 1305 ,
3289 1256 3491 1311 quaeso,
3523 1240 3621 1295 far

2022 1327 2218 1395 mulus,
2235 1336 2518 1398 antequam
2539 1328 2757 1386 domino
2777 1331 3013 1388 debitum
3033 1332 3326 1403 expleverit
3354 1331 3621 1387 minister

2020 1421 2181 1487 rium,
2208 1420 2389 1474 domui
2411 1435 2522 1475 sum
2557 1437 2807 1491 umquam
2845 1423 3185 1493 providebit?
3208 1428 3289 1477 An
3313 1437 3417 1478 non
3444 1422 3618 1492 igitur

2021 1509 2309 1565 absurdum
2341 1519 2424 1565 est
2466 1511 2607 1566 inter
2632 1510 2895 1579 homines,
2928 1513 3016 1567 ubi
3056 1512 3253 1568 nudum
3299 1526 3491 1566 nomen
3520 1521 3622 1566 est,

2020 1599 2344 1667 dominatus,
2372 1609 2575 1656 tantam
2611 1602 2756 1658 heris
2782 1604 3134 1658 reverentiam
3162 1601 3414 1658 exhibere
3442 1613 3619 1671 atque

2021 1691 2376 1747 obedientiam
2410 1709 2427 1751 :
2457 1709 2642 1749 verum
2672 1704 2849 1750 autem
2877 1695 3183 1760 Dominum,
3224 1707 3332 1749 non
3361 1701 3617 1749 nostrum?

2021 1785 2232 1850 solum,
2277 1783 2374 1838 sed
2427 1798 2779 1854 supernarum
2828 1786 2987 1839 etiam
3046 1785 3335 1849 virtutum,
3384 1798 3455 1839 ne
3504 1798 3615 1837 eo--

2021 1873 2143 1929 dem
2190 1875 2428 1943 quidem,
2473 1890 2589 1944 quo
2625 1890 2914 1930 conservos
2960 1884 3198 1941 nostros,
3236 1874 3381 1929 cultu
3412 1883 3468 1927 et
3507 1873 3605 1926 ho-

2024 1979 2156 2019 nore
2181 1963 2429 2035 dignari?
2458 1968 2633 2035 Atque
2650 1966 2849 2019 utinam
2868 1965 2982 2020 ﬁeri
3009 1973 3207 2035 pttSSel,
3236 1975 3293 2019 ut
3317 1965 3367 2018 in
3392 1964 3599 2017 illorum

2023 2057 2407 2112 conscientiam
2438 2058 2801 2126 penetraretis,
2836 2065 2948 2111 tum
2978 2072 3107 2111 vero
3146 2055 3311 2127 probe
3336 2054 3602 2124 intellige-

2024 2148 2174 2214 retis,
2225 2156 2355 2217 quot
2394 2148 2700 2203 vulneribus
2728 2156 3014 2215 scaterent,
3046 2158 3175 2216 quot
3214 2147 3394 2217 spinas
3440 2143 3604 2200 habe-

2026 2250 2165 2297 rent.
2200 2241 2449 2298 Ut'enitn
2495 2250 2656 2309 terra,
2689 2257 2807 2312 qum
2854 2240 3099 2295 manibus
3141 2239 3487 2309 agricolarum
3513 2252 3605 2291 ex-

2023 2336 2160 2392 culta
2208 2350 2313 2390 non
2353 2344 2458 2402 est,
2502 2336 2713 2390 deserta
2759 2336 2817 2389 ﬁt
2861 2344 2915 2389 et
2952 2332 3203 2405 sylvescit
3234 2347 3251 2387 ι
3283 2329 3420 2384 haud
3449 2343 3605 2384 secus

2024 2429 2220 2495 anima,
2248 2443 2366 2498 qum
2406 2426 2668 2497 Spirituali
2699 2425 2939 2481 doctrina
2986 2439 3095 2479 non
3122 2423 3394 2486 imbuitur,
3425 2419 3606 2489 spinas

2023 2525 2077 2572 et
2101 2514 2327 2571 tribules
2349 2516 2610 2586 producit.
2640 2515 2695 2571 Si
2712 2515 2853 2569 enim
2882 2528 2980 2568 nos
3002 2513 3088 2581 qui
3111 2510 3347 2581 quotidie
3373 2509 3604 2564 lectione

2024 2607 2402 2679 prepbetarum
2437 2606 2667 2661 fruimur
2704 2615 2756 2661 et
2785 2604 3187 2675 apostolorum;
3216 2602 3303 2655 vix
3350 2601 3603 2669 impetum

2023 2700 2184 2754 animi
2207 2698 2542 2764 cohibemus,
2569 2696 2805 2751 vixiram
2837 2694 3130 2756 frenamus;
3152 2693 3239 2746 vix
3263 2690 3612 2760 cupiditatem

2024 2790 2382 2859 reprimimus,
2413 2789 2501 2841 vix
2536 2786 2749 2841 invidia:
2794 2786 2966 2841 tabem
3008 2782 3338 2853 repellimus,
3369 2780 3496 2835 licet
3520 2795 3609 2833 as-

2025 2881 2172 2935 sidua
2202 2880 2436 2934 carmina
2463 2893 2526 2932 ex
2554 2877 2845 2947 Scripturis
2874 2875 3039 2930 sacris
3073 2873 3386 2942 deprompta
3410 2869 3611 2924 nostris

2030 2970 2515 3041 perturbationibus
2564 2970 2904 3032 occinamus,
2958 2966 3045 3019 vis
3095 2961 3429 3032 impudentes
3480 2960 3609 3013 istas

2027 3063 2232 3119 belluas
2261 3060 2575 3116 cohibemus
2604 3077 2619 3114 :
2649 3059 2752 3113 illis
2796 3058 2989 3127 quibus
3015 3068 3303 3123 numquam
3347 3047 3608 3123 ejusmodi

2028 3163 2111 3210 est
2134 3152 2373 3208 adhibita
2400 3151 2687 3217 medicina,
2737 3164 2909 3218 neque
2953 3145 3185 3201 divinam
3215 3141 3608 3215 philosophiam

2025 3244 2365 3310 audiverunt,
2415 3258 2532 3314 qua:
2576 3240 2781 3305 salutis,
2830 3254 3033 3310 qumso,
3077 3249 3199 3308 spes
3236 3243 3319 3289 est
3359 3232 3560 3303 reliqua
3585 3232 3619 3284 ’ἓν

2027 3337 2233 3393 Vellem
2281 3336 2410 3391 mihi
2452 3336 2635 3390 liceret
2674 3333 2908 3387 animam
2951 3330 3158 3385 illorum
3203 3325 3373 3382 oculis
3418 3324 3612 3379 vestris

2026 3428 2312 3497 subjicere,
2340 3434 2451 3481 tum
2478 3425 2620 3480 illam
2644 3433 2696 3478 et
2726 3421 2994 3478 sordidam
3020 3429 3074 3475 et
3101 3417 3457 3489 squalentem.
3482 3429 3610 3470 con~

2028 3520 2199 3573 fusam
2246 3525 2299 3572 et
2337 3516 2597 3584 abjcctam
2643 3528 2705 3567 ac
2745 3511 2949 3583 pudore
2993 3508 3245 3563 suﬁ‘usam
3293 3505 3608 3561 cerneretis.

2027 3607 2161 3663 Nam
2186 3604 2634 3676 quemadmodum
2651 3617 2770 3672 quae
2795 3599 2999 3655 balneis
3021 3612 3125 3652 non
3148 3603 3369 3651 utuntur
3385 3608 3609 3663 corpora

2029 3698 2276 3768 squalore
2318 3710 2381 3750 ac
2405 3694 2652 3750 sordibus
2694 3691 2872 3746 multis
2923 3696 3129 3745 scatent
3159 3705 3173 3742 :
3206 3687 3276 3741 ita
3305 3699 3425 3754 qua:
3450 3682 3606 3751 spiri-

2034 3788 2162 3845 tuali
2189 3787 2428 3843 doctrina
2452 3784 2661 3840 exculta
2690 3797 2797 3837 non
2822 3789 2905 3837 est
2930 3779 3126 3843 anima,
3155 3775 3336 3831 multis
3363 3771 3612 3829 sordibus

2029 3886 2366 3951 peccatorum
2401 3887 2484 3933 est
2510 3875 2703 3931 obsita.
2735 3872 2873 3929 Sunt
2899 3871 3040 3925 enim
3070 3868 3315 3924 balneum
3345 3862 3610 3936 quoddam

2030 3968 2305 4042 Spirituale
2331 3982 2451 4038 quae
2476 3964 2565 4022 hic
2592 3964 2744 4030 ﬁunt,
2774 3960 2916 4034 quod
2954 3958 3133 4013 calore
3172 3957 3400 4027 Spiritus
3424 3953 3613 4009 sordes

2031 4076 2218 4118 omnes
2240 4058 2531 4131 abstergit;
2556 4057 2664 4112 imo
2688 4068 2816 4111 vero
2836 4067 2941 4109 non
2957 4051 3145 4107 sordes
3166 4056 3369 4104 tantum
3385 4045 3614 4117 Spiritus

2030 4154 2166 4224 ignis
2195 4152 2470 4225 abstergit,
2500 4148 2594 4204 sed
2619 4146 2780 4203 etiam
2833 4143 3090 4200 colorem.
3121 4139 3182 4196 Si
3207 4139 3338 4193 enim
3381 4137 3608 4210 fuerint,

2031 4244 2222 4315 inquit,
2253 4250 2458 4315 peccata
2481 4250 2641 4296 vestra
2664 4240 2794 4294 sicut
2822 4237 3156 4309 poeniceum,
3179 4231 3305 4287 sicut
3336 4230 3499 4284 nivem
3527 4227 3616 4280 dc-

2029 4338 2208 4393 atbabo
2229 4334 2383 4407 (Isai.
2402 4335 2452 4390 l.
2474 4333 2599 4402 l8);
2623 4331 2863 4402 quamvis
2887 4344 2993 4384 non
3009 4328 3182 4383 minus
3202 4324 3459 4380 tenaciter
3486 4334 3616 4391 pec-

2030 4441 2269 4486 catorum
2282 4426 2468 4482 sordes
2478 4425 2668 4478 anima:
2682 4430 2882 4477 naturae
2894 4418 3214 4474 adhteserint
3224 4429 3308 4481 ,ac
3317 4416 3363 4468 si
3377 4412 3612 4469 colerent

2031 4537 2101 4577 ex
2139 4520 2365 4574 tinctura
2392 4513 2720 4571 immobilem
2746 4510 3137 4567 contraxisset:
3168 4507 3238 4559 ita
3265 4517 3482 4571 possum
3505 4516 3617 4569 ego

2031 4610 2351 4667 contrariam
2383 4608 2437 4661 in
2461 4619 2578 4662 eam
2599 4603 2904 4674 qualitatem
2929 4598 3182 4654 inducere
3210 4613 3222 4643 τ
3251 4592 3447 4648 sufﬁcit
3471 4590 3615 4646 enim

2032 4703 2180 4759 solus
2204 4704 2363 4755 nutus
2381 4712 2551 4761 meus,
2574 4693 2837 4749 ut'omnia
2855 4699 3070 4761 peccata
3100 4686 3398 4742 deleantur.

2100 4793 2155 4848 ει
2187 4791 2266 4848 De
2293 4789 2534 4862 fratribus
2558 4785 2761 4842 solliciti
2788 4798 2895 4838 esse
2922 4779 3309 4849 debent-ipsius-
3335 4776 3609 4831 auditores.

2035 4887 2163 4942 Νοη
2182 4899 2350 4938 rerum
2378 4883 2583 4946 exitum,
2604 4877 2694 4933 sed
2712 4875 2867 4929 animi
2888 4872 3201 4944 propositum
3224 4868 3363 4923 Deus
3390 4874 3615 4938 spectat,-

2034 4977 2339 5049 Exemplum
2359 4976 2522 5030 vfduw
2536 4970 2748 5028 orantis.
2770 4998 2843 5011 --
2863 4967 2985 5021 Hmc
3005 4976 3282 5019 a'me'non
3313 4974 3380 5015 eo
3402 4959 3507 5012 ﬁne
3531 4957 3617 5011 div-

2032 5080 2243 5135 cuntur,
2277 5075 2455 5123 ut'vos
2475 5061 2699 5119 audiatis
2723 5076 2736 5113 :
2769 5072 2942 5128 neque
2970 5057 3112 5111 enim
3137 5052 3221 5108 vel
3249 5050 3613 5106 medicamen-

2036 5167 2102 5221 tis
2132 5162 2378 5233 indigetis
2398 5201 2413 5226 ,
2442 5159 2512 5213 ob
2540 5157 2633 5211 Dei
2666 5152 3047 5223 benignitatem
3070 5155 3126 5201 et
3155 5147 3412 5218 gratiam;
3444 5140 3539 5197 sed
3561 5148 3618 5194 ut

2032 5257 2110 5315 illi
2132 5272 2227 5328 per
2252 5268 2347 5309 vos
2375 5249 2687 5321 intelligant.
2716 5244 2867 5314 Quod
2894 5243 2939 5298 si
2979 5243 3095 5298 loca
3119 5240 3256 5296 scire
3282 5236 3579 5328 potuissem.
3596 5272 3614 5296 .

2034 5351 2085 5405 iu
2127 5324 2319 5419 quibus
2345 5349 2753 5413 congregantur,
2782 5348 3113 5406 nequaquam
3138 5329 3435 5419 molestiam
3473 5324 3615 5419 cari-

2034 5416 2353 5497 tati-vestrm
2381 5434 2740 5491 exhibuissem
2772 5444 2788 5483 :
2833 5426 2928 5482 sed
2953 5423 3202 5495 quoniam
3242 5417 3355 5472 ﬁeri
3394 5416 3614 5486 nequit,

2034 5546 2091 5588 ut
2110 5546 2209 5603 ego
2232 5529 2320 5600 qui
2344 5541 2480 5582 unus
2503 5540 2644 5589 sum,
2667 5531 2775 5576 tam
2798 5528 3138 5573 numerosum
3159 5507 3415 5603 populum
3444 5521 3617 5562 nove-

2036 5600 2165 5690 rim,
2186 5630 2377 5677 vestra:
2403 5617 2521 5672 ﬁdei
2544 5614 3088 5672 fratrumvestrorum
3117 5600 3447 5690 curationem
3468 5612 3618 5690 com-

2036 5688 2190 5769 mitto
2218 5727 2233 5766 :
2257 5716 2428 5766 estote
2451 5706 2518 5762 de
2546 5703 2800 5762 fratribus
2828 5697 3020 5756 vestris
3052 5689 3271 5752 solliciti
3289 5731 3306 5762 ,
3341 5688 3620 5748 conciliate

2037 5803 2187 5860 vobis
2216 5801 2354 5871 illos,
2394 5799 2630 5858 invitato.
2656 5793 2779 5851 Scio
2821 5805 2914 5848 vos
2949 5784 3091 5846 istud
3137 5780 3623 5861 persaepet’ecisse.
