4060 6252
498 350 600 406 ΗἹ

495 463 593 520 sed
625 459 754 516 nihil
775 470 855 516 est
887 461 986 514 hoc
1016 472 1252 529 persaepe
1283 457 1492 523 fecisse,
1511 456 1610 510 nisi
1632 470 1697 511 eo
1723 469 1889 525 usque
1913 453 2078 508 facia-

498 556 570 610 tis
592 595 608 622 ,
640 552 811 623 quoad
844 549 1212 621 persuaseritis
1253 559 1308 603 et
1344 547 1654 602 allexeritis.
1690 545 1814 602 Scio
1855 560 1953 600 vos
1980 545 2082 598 im-

498 655 760 717 portunos
779 642 963 707 fuisse,
982 643 1094 698 scio
1111 641 1366 696 molestos
1389 654 1758 708 smpenumero
1777 639 1920 694 visos
1943 653 2082 705 esse,

496 740 642 812 quod
671 754 776 793 non
809 736 1178 807 persuaseritis
1207 752 1220 788 :
1263 734 1490 803 ideoque
1520 732 1930 803 negligentiores
1960 730 2086 784 red-

495 833 592 886 diti
617 830 784 895 estis;
825 828 920 883 sed
944 827 1251 882 consoletur
1276 840 1372 879 vos
1403 823 1617 888 Paulus,
1649 823 1740 893 qui
1769 822 1912 886 dicit,
1943 820 2088 876 Cari-

497 931 576 977 tas
597 921 767 976 omnia
794 927 984 988 sperat,
1013 919 1182 973 omnia
1198 918 1380 984 credit,
1403 918 1585 970 caritas
1605 931 1877 983 numquam
1903 913 2087 968 excidit

499 1013 576 1085 (l.
607 1011 726 1068 Cor.
762 1012 849 1066 l5.
872 1011 948 1081 7).
989 1009 1071 1065 Tu
1095 1008 1234 1079 quod
1263 1009 1338 1062 tui
1365 1008 1604 1062 muneris
1629 1015 1710 1062 est
1747 1019 2040 1074 exsequere
2068 1022 2082 1058 :

498 1105 744 1176 quamvis
770 1105 1099 1159 curationem
1126 1103 1212 1157 ille
1241 1116 1348 1156 non
1378 1100 1644 1166 admittat,
1675 1108 1728 1153 tu
1756 1098 1896 1168 apud
1919 1099 2085 1154 Deum

498 1197 800 1253 mercedem
824 1196 1007 1251 habes.
1032 1195 1164 1250 Nam
1189 1195 1241 1248 in
1265 1203 1458 1249 terram
1485 1193 1698 1263 quidem
1731 1194 1774 1247 si
1805 1208 1988 1248 semen
2007 1193 2089 1265 je-

499 1286 658 1354 ceris,
682 1300 855 1355 neque
875 1287 1049 1355 spicas
1072 1284 1403 1356 produxerit,
1427 1284 1608 1338 vacuis
1635 1298 1853 1338 necesse
1873 1293 1955 1338 est
1981 1299 2088 1339 ma-

501 1378 658 1433 nibus
686 1377 808 1433 inde
832 1377 1076 1433 discedas
1110 1393 1123 1428 :
1167 1385 1223 1430 at
1249 1377 1301 1431 in
1327 1377 1502 1430 anima
1531 1391 1636 1431 non
1674 1377 1744 1430 ita
1774 1377 1831 1430 fit
1864 1393 1876 1429 :
1908 1377 2002 1432 sed
2031 1386 2088 1432 tu

498 1471 714 1542 quidem
749 1487 940 1540 sparge
969 1469 1266 1524 doctrinam
1288 1510 1302 1534 ,
1334 1477 1388 1523 et
1414 1469 1538 1524 licet
1569 1469 1657 1522 illa
1687 1469 1843 1523 dictis
1867 1471 1972 1524 tuis
1995 1485 2087 1525 re-

501 1563 728 1627 stiterit,
759 1563 1018 1630 integram
1059 1559 1404 1614 nihilominus
1438 1559 1739 1614 mercedem
1770 1559 1955 1625 habes,
1986 1575 2089 1616 nec

500 1653 764 1708 minorem
789 1666 942 1720 quam
970 1650 1013 1705 si
1041 1649 1230 1704 fuisset
1257 1663 1505 1719 persuasa
1529 1663 1544 1702 :
1573 1664 1680 1703 non
1711 1650 1852 1703 enim
1885 1650 2088 1718 simpli-

502 1743 636 1797 citer
662 1756 840 1798 rerum
863 1741 1080 1804 exitum,
1115 1739 1208 1794 sed
1235 1739 1398 1792 animi
1427 1738 1755 1807 prepositum
1793 1753 1977 1793 eorum
1998 1739 2088 1808 qui

500 1832 762 1896 laborant,
789 1830 1014 1884 attendit
1038 1831 1197 1891 Deus,
1225 1829 1352 1883 dum
1377 1828 1594 1899 praemia
1611 1829 1750 1884 solet
1775 1829 2082 1885 decernere.

502 1923 611 1977 Vos
637 1922 794 1991 igitur
823 1921 1028 1988 hortor,
1063 1929 1120 1976 ut
1151 1920 1293 1991 quod
1323 1921 1519 1974 faciunt
1539 1961 1554 1986 ,
1586 1923 1674 1989 qui
1700 1921 1891 1975 studiis
1932 1921 2085 1975 thea—

498 2022 704 2067 trorum
734 2013 1034 2080 insaniunt,
1066 2021 1121 2066 et
1158 2012 1210 2065 in
1239 2027 1496 2081 equorum
1527 2011 1940 2076 certaminibus,
1986 2011 2088 2066 hoc

499 2121 597 2160 vos
624 2121 833 2176 quoque
863 2105 1088 2159 faciatis.
1117 2104 1252 2171 Quid
1292 2105 1366 2157 illi
1407 2118 1566 2174 porro
1607 2102 1843 2158 faciunt?
1876 2103 1992 2159 Jam
2019 2103 2087 2158 ab

499 2197 614 2267 ipsa
657 2211 876 2266 vespera
906 2204 1132 2261 coeunt,
1173 2203 1230 2249 et
1271 2194 1594 2248 conveniunt
1626 2195 1766 2248 inter
1808 2208 1900 2260 se,
1942 2201 1995 2248 et
2019 2192 2087 2248 ad

499 2290 726 2344 aliorum
754 2289 941 2344 domos
969 2290 1186 2343 veniunt
1211 2287 1310 2342 sub
1329 2303 1596 2352 auroram,
1621 2287 1828 2357 aliaque
1850 2289 1962 2362 loca
1985 2286 2084 2342 sibi

499 2379 806 2450 designant,
848 2389 907 2434 ut
931 2379 1087 2433 simul
1123 2378 1427 2448 congregati
1459 2378 1644 2447 majori
1672 2393 1791 2432 cum
1817 2378 2087 2446 voluptate

500 2469 567 2522 ad
595 2470 890 2525 satanicum
913 2470 1276 2538 spectaculum
1298 2469 1425 2523 illud
1453 2467 1798 2523 ad'scendant.
1823 2468 2086 2536 Quemad-

499 2559 718 2616 modum
762 2559 833 2613 illi
882 2561 956 2614 rei
996 2560 1152 2614 saluti
1190 2561 1380 2613 anima:
1428 2575 1538 2613 sua:
1569 2559 1742 2613 noxia:
1781 2559 2085 2629 diligentem

499 2665 718 2722 operam
741 2659 950 2716 navant,
976 2665 1140 2720 seque
1170 2659 1351 2704 mutuo
1379 2648 1650 2704 deducunt
1688 2666 1703 2704 :
1741 2650 1814 2704 ita
1843 2665 1939 2704 vos
1967 2651 2084 2703 ani-

482 2753 603 2818 jma:
639 2750 831 2796 vestra:
874 2757 1056 2796 curam
1100 2741 1305 2810 gerite,
1340 2755 1537 2811 vosque
1581 2741 1804 2795 invicem
1835 2751 2084 2797 servate:

497 2847 726 2903 cumque
753 2833 922 2887 futura
944 2834 1046 2888 erit
1069 2833 1312 2894 collecta,
1331 2833 1398 2887 ad
1420 2831 1566 2886 aedes
1592 2849 1752 2903 perge
1782 2834 1856 2887 tui
1883 2834 2082 2900 fratris,

484 2937 728 2993 eumque
756 2923 885 2978 foris
913 2938 1009 2992 pro
1038 2923 1301 2979 vestibulo
1323 2932 1594 2992 exspecta,
1623 2933 1782 2994 atque
1808 2925 2086 2994 egredien-

497 3020 605 3068 tem
627 3012 799 3068 rctine
831 3031 845 3067 ε
876 3013 997 3068 licet
1035 3014 1102 3069 ab
1137 3014 1428 3069 innumeris
1456 3015 1863 3068 necessitatibus
1892 3029 2084 3084 urgea-

497 3112 604 3165 tur,
634 3119 701 3158 ne
727 3106 1023 3173 permittas,
1052 3121 1186 3160 neve
1211 3107 1355 3160 sinas
1381 3105 1638 3160 smculare
1663 3106 1878 3176 aliquod
1916 3121 2082 3175 nego-

501 3192 634 3247 tium
663 3194 895 3262 aggredi,
931 3196 1240 3264 priusquam
1271 3195 1336 3248 ad
1364 3196 1642 3250 ecclesiam
1672 3196 1821 3250 illum
1846 3196 2081 3252 adduxe-

419 3317 432 3322 ς
499 3285 593 3350 ris,
623 3296 675 3341 et
702 3286 921 3356 integra:
947 3288 1185 3342 collecta:
1212 3290 1538 3357 persuaseris
1569 3289 1860 3344 interesse:
1894 3305 2082 3359 quam-

497 3377 580 3432 vis
599 3378 904 3444 contendat,
933 3381 1176 3448 quamvis
1201 3379 1546 3444 contradicat,
1577 3380 1816 3446 quamvis
1840 3381 2083 3435 innume-

498 3481 588 3522 ras
611 3469 981 3522 excusationes
1007 3469 1280 3535 obtendat,
1313 3485 1379 3523 ne
1401 3470 1474 3523 illi
1497 3469 1704 3530 credas,
1737 3485 1838 3525 nec
1863 3471 2080 3540 acquie-

495 3573 635 3625 scas,
666 3559 762 3614 sed
799 3559 983 3616 dicens
1029 3575 1092 3615 ac
1132 3561 1331 3616 docens
1361 3560 1473 3616 fore
1497 3602 1512 3626 ,
1547 3571 1604 3616 ut
1631 3571 1740 3616 tum
1773 3563 1848 3616 illi
1886 3573 2079 3618 castera

497 3649 665 3718 magis
715 3648 886 3704 facilia
941 3660 996 3705 et
1045 3652 1289 3720 expedita
1319 3651 1629 3717 reddantur,
1664 3667 1785 3706 cum
1837 3653 2078 3707 absoluta

495 3737 746 3802 collecta,
777 3749 1053 3808 postquam
1085 3741 1348 3810 particeps
1377 3757 1591 3810 precum
1629 3742 1816 3807 fuerit,
1843 3753 2080 3812 patrum-

492 3842 599 3896 que
619 3827 1014 3884 benedictioncs
1035 3832 1320 3900 acceperit,
1343 3831 1595 3901 deinceps
1616 3836 1679 3886 ad
1707 3833 1794 3886 illa
1825 3847 2078 3902 propera-

495 3919 598 3984 rit;
630 3927 787 3988 atque
814 3920 896 3975 his
924 3936 988 3976 ac
1013 3923 1250 3990 pluribus
1276 3923 1391 3976 aliis
1419 3924 1594 3977 verbis
1622 3940 1742 3977 cum
1786 3925 1955 3991 ipsum
1984 3924 2078 3979 de-

491 4011 757 4078 vinxeris,
789 4013 854 4066 ad
886 4028 1089 4068 sacram
1121 4015 1274 4068 istam
1315 4030 1552 4068 mensam
1580 4015 1858 4080 deducito,
1891 4024 1951 4070 ut
1979 4016 2077 4070 du-

491 4103 681 4172 plicem
714 4105 1014 4159 mercedem
1055 4105 1297 4159 obtineas
1320 4146 1333 4168 ,
1366 4120 1483 4159 cum
1536 4106 1605 4158 ob
1648 4115 1814 4170 tuum,
1867 4115 1977 4159 tum
2007 4107 2077 4162 ob

490 4191 634 4245 illius
667 4192 973 4244 adventum.
1005 4191 1235 4245 Omnino
1263 4193 1306 4246 si
1348 4185 1550 4246 tantdm
1581 4195 1738 4248 studii
1766 4203 2076 4266 tantumque

489 4279 775 4348 diligentiae
805 4280 870 4333 ad
898 4279 1014 4334 illos
1042 4281 1310 4335 venandos
1339 4291 1393 4336 ct
1432 4283 1762 4350 alliciendos,
1791 4286 1882 4354 qui
1911 4288 2078 4355 negli-

487 4371 758 4440 gentiores
793 4380 936 4438 sunt,
970 4373 1398 4442 adhibuerimus,
1440 4375 1662 4431 salutem
1705 4391 2071 4447 assequemur.

487 4462 833 4529 Quantumvis
874 4466 1016 4519 enim
1055 4466 1381 4536 negligentes
1418 4468 1559 4534 sint,
1610 4477 1664 4523 et
1703 4469 2067 4539 impudentes,

483 4563 542 4607 et
570 4555 884 4618 truculenti,
939 4556 1302 4612 assiduitatem
1349 4560 1602 4628 propositi
1631 4561 1794 4615 vestri
1819 4563 2066 4628 reveriti,

486 4644 700 4698 tandem
728 4662 756 4698 a
781 4645 1094 4716 negligentia
1124 4646 1400 4702 desistent.
1431 4649 1612 4718 Neque
1636 4651 1778 4704 enim
1806 4651 1898 4704 illo
1927 4652 2072 4720 judi-

482 4749 547 4790 ce
573 4735 660 4804 qui
703 4734 867 4789 Deum
897 4753 1002 4791 non
1029 4747 1269 4803 noverat,
1300 4755 1474 4808 neque
1505 4740 1747 4796 homines
1785 4742 2067 4797 revereba-

481 4833 588 4890 tur,
615 4826 914 4895 asperiores
932 4838 1075 4894 sunt,
1104 4831 1442 4900 quantumvis
1469 4831 1573 4886 sint
1594 4831 1711 4886 duri
1739 4847 1801 4888 ac
1830 4835 2062 4904 stupidi:

478 4927 710 4973 attamen
744 4919 889 4974 illum
919 4922 1209 4987 crudelem,
1259 4939 1477 4990 smvum,
1518 4925 1776 4992 ferreum,
1807 4926 2066 4982 adaman-

478 5018 585 5064 tem
635 5009 782 5062 illum
826 5012 983 5066 unius
1020 5013 1260 5068 mulieris
1291 5015 1463 5070 vidua:
1500 5028 1751 5072 constans
1780 5018 2064 5074 assiduitas

473 5097 718 5153 exoravit
741 5097 900 5167 (Luc.
938 5103 1022 5157 18.
1067 5103 1242 5174 2-5).
1275 5103 1514 5172 Quanam
1546 5106 1706 5177 igitur
1733 5109 1888 5162 venia
1917 5108 2062 5179 digni

469 5190 698 5256 erimus,
728 5191 794 5258 si,
817 5207 938 5247 cum
968 5196 1154 5250 mulier
1182 5197 1339 5251 vidua
1366 5199 1640 5256 crudelem
1676 5200 1911 5270 judicem
1929 5244 1942 5266 ,
1970 5202 2060 5271 qui

467 5297 641 5353 neque
664 5282 829 5338 Deum
857 5283 1095 5349 timebat,
1121 5301 1218 5342 nec
1238 5287 1483 5344 homines
1509 5293 1880 5358 reverebatur,
1909 5293 2058 5348 infle-

465 5383 612 5432 ctere
641 5375 890 5446 potuerit,
922 5385 976 5432 et
1002 5377 1069 5432 ad
1099 5377 1414 5434 beneficium
1453 5382 1833 5438 conferendum
1867 5387 2056 5454 impel-

467 5461 599 5527 lere.
632 5481 731 5522 nos
757 5465 952 5523 fratres
973 5477 1184 5524 nostros
1204 5471 1372 5525 multo
1395 5471 1488 5524 illo
1511 5472 1896 5530 tolerabiliores
1920 5477 2057 5529 mul-
2076 5476 2087 5487 ”

464 5562 624 5625 toque
652 5559 1002 5618 modestiores
1039 5562 1255 5619 allicere
1290 5579 1395 5646 non
1429 5567 1758 5635 potuerimus
1779 5610 1793 5633 ,
1825 5569 1950 5622 dum
1987 5569 2054 5624 ad

461 5648 677 5716 propria
715 5648 831 5705 illos
857 5653 1136 5708 commoda
1162 5656 1486 5725 capessenda
1517 5658 1898 5714 cohortamur?
1925 5661 2050 5716 Hcce

458 5748 597 5807 ειυς
632 5736 763 5800 dixi,
799 5756 969 5803 neque
997 5743 1175 5800 dicere
1200 5747 1443 5814 cessabo,
1466 5748 1638 5805 donec
1662 5765 1754 5806 eos
1782 5765 1941 5805 sanos
1965 5752 2043 5806 vi~

1221 343 1276 400 S.
1318 341 1594 400 JO’ANNIS
1630 338 2100 400 CHRYSOSTOSII
2139 337 2458 398 ARCIHEP.
2496 344 3030 403 CONSTANTINOP.

3669 354 3776 409 πε

2193 451 2343 520 dero,
2381 457 2467 525 qui
2493 466 2770 527 :rgrotant.
2800 459 3031 529 Singulis
3056 458 3400 519 diebulelos
3436 476 3650 531 qumro,
3675 466 3779 520 do-

2189 557 2288 598 nec
2314 559 2471 612 opera
2501 555 2678 602 vestra
2709 548 2826 603 illos
2855 549 3140 604 inveniam.
3169 552 3210 603 A
3240 551 3394 606 vobis
3429 553 3592 608 etiam
3631 569 3776 609 surn-

2191 649 2408 704 mopere
2442 639 2733 704 contendo,
2781 648 2838 694 ut
2865 640 3051 694 eodem
3073 655 3193 694 cum
3221 642 3384 695 animi
3411 641 3621 710 dolore,
3651 661 3782 702 cum

2191 740 2296 793 quo
2327 724 2440 779 haec
2467 742 2496 780 a
2523 743 2779 801 me_nune
2808 729 3078 796 dicuntur,
3106 746 3225 784 cum
3253 730 3440 785 eodem
3472 731 3656 788 labore
3684 751 3778 788 ne.

2190 815 2531 884 gligcntiores
2570 818 2896 888 disquiratis.
2925 821 3040 874 Non
3071 822 3213 875 enim
3245 821 3374 875 mihi
3407 830 3607 876 tantum
3632 865 3648 888 ,
3682 825 3781 878 sed

2190 915 2243 958 et
2272 906 2419 961 vobis
2443 907 2642 964 Paulus
2678 911 2960 982 praecepit,
2989 921 3045 965 ut
3074 912 3435 967 membrorum
3477 921 3780 968 vestrorum

2191 1009 2371 1049 curam
2401 999 2621 1067 geratis.
2654 999 2996 1054 Consolamini
3034 1004 3173 1057 enim
3196 1045 3210 1069 ,
3255 1003 3458 1073 inquit,
3487 1005 3693 1058 invicem
3724 1007 3780 1059 in

2190 1087 2350 1140 verbis
2370 1088 2496 1153 istis,
2526 1089 2654 1144 sicut
2678 1101 2724 1144 et
2752 1091 2920 1159 facitis
2942 1108 2961 1144 :
2990 1101 3045 1148 et
3075 1109 3279 1161 rursus,
3319 1092 3598 1162 Ediﬁcate
3616 1096 3780 1150 alter-

2191 1188 2360 1232 utrum
2382 1181 2428 1251 (‘I
2461 1181 2608 1238 Thes.
2640 1185 2693 1239 5.
2725 1184 2838 1256 ll).
2867 1184 3051 1254 Magna
3081 1186 3278 1255 quippe
3307 1200 3512 1241 merces
3538 1201 3632 1241 eos
3663 1202 3782 1242 ma-

2191 1277 2302 1334 net,
2329 1271 2416 1340 qui
2444 1271 2512 1326 de
2535 1272 2787 1328 fratribus
2815 1285 2936 1328 sunt
2967 1275 3204 1342 solliciti,
3233 1277 3628 1348 maximumque
3648 1293 3786 1348 sup-

2192 1360 2408 1431 plicium
2431 1363 2533 1416 illis
2555 1364 2814 1432 imminet,
2844 1365 2933 1436 qui
2963 1366 3186 1420 salutem
3217 1367 3428 1421 illorum
3444 1368 3662 1424 minime
3683 1383 3785 1424 cu-

2193 1462 2315 1508 rant
2344 1463 2398 1510 et
2421 1455 2711 1525 negligunt.

2261 1545 2312 1599 5.
2357 1545 2561 1600 Auditio
2600 1557 2687 1600 aut
2729 1546 2872 1600 lectio
2903 1547 3222 1618 Scriptura,
3253 1551 3362 1604 sine
3384 1551 3656 1615 intellectu,
3707 1552 3789 1607 ni!

2193 1646 2443 1704 prosunt;
2483 1640 2896 1708 contmoncfactio
2923 1639 3171 1693 dictorum
3204 1642 3451 1712 superius.
3483 1673 3553 1682 —
3579 1643 3790 1710 Quam-

2191 1727 2377 1781 obrem
2421 1727 2578 1782 valde
2607 1729 2817 1784 confido
2856 1731 3125 1802 credoque
3153 1748 3249 1788 vos
3285 1749 3346 1789 ea
3390 1750 3510 1804 qua:
3546 1735 3784 1791 diximus

2192 1833 2384 1888 magna
2432 1834 2552 1874 cum
2601 1822 2762 1874 animi
2789 1822 3062 1877 alacritate
3106 1825 3435 1892 prmstituros
3465 1844 3479 1880 :
3507 1841 3666 1895 quam
3711 1827 3784 1881 ob

2191 1925 2405 1964 causam
2435 1911 2519 1966 hic
2549 1913 2866 1968 adhortandi
2897 1913 3055 1968 finem
3092 1915 3293 1970 faciens
3315 1957 3329 1980 ,
3363 1916 3428 1970 ad
3458 1917 3604 1970 Pauli
3628 1933 3786 1972 men-

2193 2016 2305 2056 sam
2333 2003 2597 2059 deducere
2640 2020 2735 2059 vos
2773 2007 3028 2060 conabor.
3072 2006 3270 2062 Paulus
3294 2018 3496 2062 vocatus
3520 2010 3785 2077 apostolus

2197 2096 2273 2167 (ι.
2312 2096 2429 2149 Cor.
2457 2098 2505 2152 l.
2536 2098 2609 2167 l).
2638 2098 2761 2151 llaec
2785 2113 3155 2167 smpennmero
3181 2109 3236 2154 et
3263 2115 3292 2152 a
3318 2100 3470 2154 vobis
3496 2101 3698 2166 audita,
3727 2110 3784 2156 et

2192 2202 2221 2240 a
2237 2187 2390 2242 nobis
2407 2198 2530 2242 sunt
2550 2188 2684 2244 lecta
2705 2207 2720 2250 ;
2741 2189 2833 2244 sed
2853 2206 2955 2244 non
2974 2191 3147 2258 legere
3169 2198 3391 2256 tantum,
3409 2207 3591 2244 verum
3615 2193 3779 2246 etiam

2191 2278 2488 2348 intelligere
2507 2295 2625 2349 qua:
2655 2280 2902 2334 dicuntur
2927 2289 3136 2350 oportet
3166 2298 3178 2333 :
3209 2281 3402 2351 alioqui
3437 2281 3636 2335 nullum
3683 2297 3787 2336 uo-

2191 2371 2274 2427 bis
2299 2373 2506 2427 lucrum
2528 2389 2591 2428 ex
2622 2375 2850 2429 lectione
2871 2375 3154 2429 constabit.
3178 2374 3448 2445 Siquidem
3474 2375 3782 2442 thesaurus,

2191 2465 2236 2519 si
2262 2479 2490 2534 superne
2529 2465 2784 2532 calcetur,
2815 2465 3024 2520 divitias
3055 2482 3161 2520 non
3202 2465 3470 2530 ostendit;
3515 2465 3607 2520 sed
3646 2464 3785 2519 effo-

2191 2553 2416 2609 diendus
2454 2565 2536 2609 est
2567 2557 2746 2625 prius,
2787 2564 2841 2611 et
2883 2567 3160 2626 postquam
3213 2557 3348 2612 infra
3388 2557 3778 2623 descenderis,

2191 2659 2403 2699 omnem
2433 2644 2627 2701 deinde
2652 2657 2909 2717 qntestum
2951 2648 3194 2703 invenies
3227 2666 3240 2702 :
3273 2650 3342 2702 ita
3384 2664 3595 2719 quoque
3636 2649 3695 2702 fit
3727 2649 3783 2705 in

2191 2737 2514 2809 Scripturis;
2545 2757 2650 2794 non
2676 2742 2786 2795 sola
2814 2741 3012 2796 sufficit
3049 2743 3204 2796 lcetio
3230 2742 3295 2796 ad
3336 2743 3637 2798 reconditos
3677 2743 3781 2796 lx»

2191 2845 2379 2886 norum
2412 2830 2691 2887 thesauros
2720 2833 3029 2889 iudicandos
3049 2875 3068 2901 ,
3091 2835 3190 2888 nisi
3217 2835 3531 2904 profundum
3569 2845 3783 2890 scrute-

2189 2921 2284 2975 ris.
2304 2921 2358 2976 Si
2379 2922 2533 2978 lectio
2550 2924 2836 2988 sufficeret,
2855 2940 2958 2978 non
2975 2925 3193 2980 dixisset
3209 2926 3451 2981 eunucho
3469 2927 3748 2996 Philippus
3764 2947 3783 2982 :

2192 3010 2420 3066 Putasne
2447 3014 2684 3084 intelligis
2708 3033 2821 3084 qua:
2843 3016 2962 3085 legis
2988 3016 3123 3086 (Act.
3154 3017 3205 3071 8.
3231 3017 3362 3085 30)?
3387 3017 3441 3072 Si
3472 3017 3630 3071 lectio
3659 3017 3779 3071 suf-

2189 3101 2402 3168 liceret,
2446 3105 2643 3160 ludatis
2687 3106 2926 3161 Christus
2973 3124 3082 3162 non
3127 3109 3347 3164 dixisset
3395 3127 3407 3163 :
3464 3109 3781 3165 Scrutamiui

2190 3193 2483 3264 Scripturas
2509 3196 2688 3266 (Joan.
2716 3197 2770 3252 5.
2803 3198 2894 3268 59)
2924 3215 2940 3251 :
2969 3208 3021 3251 at
3047 3200 3090 3253 is
3117 3201 3204 3270 qui
3231 3209 3518 3264 scrutatur,
3553 3216 3660 3254 non
3691 3218 3780 3255 su-

2189 3285 2404 3353 perficie
2426 3295 2580 3340 tenus
2595 3287 2850 3354 subsistit,
2869 3289 2959 3343 sed
2982 3289 3047 3343 ad
3073 3291 3387 3358 profundum
3414 3291 3583 3359 ipsum
3607 3307 3781 3360 usque

2188 3373 2479 3430 descendit.
2509 3375 2720 3433 Etenim
2749 3378 2800 3432 in
2842 3379 2955 3448 ipso
2991 3380 3210 3434 exordio
3238 3383 3478 3452 multum
3519 3396 3776 3438 sensuum

2188 3465 2405 3538 pelagus
2431 3481 2613 3522 cerno.
2648 3471 2819 3539 Atque
2848 3471 2898 3524 in
2928 3471 3272 3526 sarcularilms
3293 3473 3502 3542 fluidem
3533 3474 3778 3542 epistolis

2186 3556 2531 3612 salutationes
2561 3572 2774 3628 quoquo
2801 3559 2957 3614 modo
2985 3561 3135 3625 fiunt,
3165 3561 3336 3615 solum
3366 3561 3624 3617 honorem
3653 3565 3774 3617 cul-

2187 3655 2404 3716 tumque
2433 3647 2734 3703 deferentes
2758 3667 2770 3700 :
2800 3649 2884 3704 hic
2911 3666 3038 3704 vero
3063 3667 3168 3705 non
3189 3652 3276 3716 ita,
3306 3653 3397 3706 sed
3422 3653 3583 3706 multa
3609 3668 3773 3706 exor-

2183 3735 2328 3789 dium
2362 3739 2617 3806 sapicntia
2649 3739 2930 3793 redundat.
2982 3740 3096 3795 Non
3137 3743 3278 3796 cnim
3325 3743 3514 3796 Paulus
3553 3751 3635 3796 est
3679 3744 3774 3812 qui

2183 3826 2441 3896 loquitur,
2473 3828 2565 3883 sed
2592 3828 2678 3898 qui
2702 3814 2935 3883 animam
2963 3831 3079 3899 ejus
3122 3842 3298 3887 movet
3325 3833 3588 3888 Christus.
3620 3832 3770 3886 Pau-

2182 3918 2262 3971 lus
2288 3930 2509 3973 vocatus.
2544 3920 2656 3974 Hoc
2703 3935 2922 3987 nomen,
2960 3922 3172 3987 Paulus,
3216 3940 3376 3978 unum
3425 3926 3636 3995 quidem
3686 3936 3772 3980 est

2183 4011 2485 4081 nudumque
2516 4027 2708 4066 nomen
2742 4031 2756 4065 :
2791 4013 2892 4068 sed
2935 4022 3137 4068 tantum
3179 4031 3428 4070 sensuum
3463 4017 3766 4070 thesaurum

2182 4100 2342 4154 habet
2367 4101 2722 4168 reconditum,
2763 4113 3018 4173 quantum
3050 4106 3374 4174 experientia
3405 4109 3764 4175 comperisns.

2179 4190 2312 4244 Nam
2344 4192 2388 4244 si
2418 4192 2793 4258 recordamini,
2828 4203 2937 4248 tres
2968 4196 3200 4265 integros
3245 4196 3359 4250 dies
3395 4197 3464 4252 de
3509 4199 3622 4250 solo
3664 4197 3766 4252 hoc

2181 4282 2393 4335 nomine
2422 4281 2739 4338 disseruisse
2765 4299 2850 4338 me
2879 4286 3026 4338 scitis
3046 4327 3061 4352 ,
3093 4286 3218 4339 dum
3245 4301 3432 4340 causas
3477 4287 3722 4341 afferrent
3744 4328 3758 4351 ,

2177 4374 2246 4426 ob
2275 4390 2404 4442 quas
2429 4389 2549 4429 cum
2591 4375 2784 4430 Saulus
2821 4385 2974 4430 antea
3005 4387 3304 4444 vocaretur,
3337 4378 3530 4431 Paulus
3573 4379 3762 4432 deinde

2177 4472 2394 4517 vocatus
2420 4474 2520 4530 est,
2546 4474 2599 4518 et
2620 4480 2722 4534 qua
2750 4465 2816 4520 de
2837 4481 2995 4519 causa
3026 4481 3129 4519 non
3154 4468 3328 4520 statim
3357 4467 3423 4521 ad
3449 4467 3603 4521 ﬁdem
3633 4483 3758 4523 con-

2175 4569 2362 4607 versus
2390 4555 2526 4609 hanc
2566 4556 2974 4626 appellationem
3023 4557 3265 4625 accepit,
3308 4557 3401 4610 sed
3439 4558 3504 4610 ad
3538 4558 3756 4612 multum

2176 4655 2382 4715 tempus
2410 4661 2602 4700 nomen
2635 4649 2871 4713 retinuit,
2903 4647 3040 4717 quod
3074 4647 3147 4701 illi
3175 4662 3203 4700 a
3232 4649 3489 4717 principio
3513 4661 3758 4717 parentes

2174 4735 2580 4805 imposuerant:
2626 4737 2949 4805 multamque
2992 4737 3086 4791 Dei
3131 4738 3441 4806 sapientiam
3489 4748 3542 4792 et
3586 4739 3757 4808 provi-

2173 4827 2404 4880 dentiam
2446 4841 2512 4880 ex
2551 4843 2616 4882 eo
2659 4827 3136 4881 demonstravimus
3180 4844 3300 4883 eum
3343 4845 3467 4899 erga
3498 4845 3614 4894 nos,
3648 4839 3754 4884 tum

2171 4933 2295 4988 erga
2323 4927 2535 4972 sanctos
2577 4919 2694 4972 illos
2725 4918 3034 4972 exhibitam.
3079 4918 3209 4972 Nam
3241 4920 3284 4974 si
3315 4920 3494 5003 liberis
3519 4921 3630 4974 suis
3657 4919 3753 4973 ho-

2170 5010 2341 5064 mines
2363 5023 2466 5064 non
2499 5017 2698 5064 temere
2729 5024 2922 5064 nomen
2955 5011 3261 5079 imponunt,
3291 5011 3385 5066 sed
3414 5012 3492 5066 vel
3521 5027 3551 5066 a
3581 5022 3751 5080 patre,

2171 5101 2254 5156 vel
2277 5101 2343 5155 ab
2367 5116 2468 5155 avo
2487 5143 2502 5168 ,
2531 5102 2612 5156 vel
2639 5117 2669 5155 a
2696 5101 2984 5171 majoribus
3010 5103 3218 5157 cmteris
3259 5104 3472 5157 nomina
3506 5114 3754 5157 mutuan-

2167 5203 2254 5248 tur
2284 5211 2297 5248 :
2330 5193 2496 5248 multo
2536 5194 2706 5265 magis
2741 5195 2883 5250 Deus
2921 5195 3089 5250 servis
3125 5197 3237 5251 suis
3262 5211 3368 5250 non
3415 5197 3532 5251 sine
3558 5211 3748 5262 causa,

2164 5302 2264 5342 nec
2289 5287 2405 5342 sine
2438 5288 2644 5342 ratione
2690 5286 2862 5358 aliqua
2908 5289 3293 5359 appellationes
3336 5290 3608 5358 imposuit,
3655 5289 3745 5343 sed

2165 5379 2352 5449 majori
2378 5395 2497 5434 cum
2514 5379 2719 5448 judicio
2739 5396 2801 5436 ac
2821 5381 3104 5450 sapientia.
3127 5380 3399 5448 Siquidem
3425 5380 3668 5434 homines
3695 5380 3745 5433 in

2166 5470 2420 5526 honorem
2448 5471 2816 5526 defunctorum
2845 5513 2860 5538 ,
2911 5472 2994 5525 vel
3042 5470 3108 5525 ad
3139 5486 3289 5526 suam
3331 5472 3746 5525 consolationem

2161 5579 2531 5634 saepenumero
2559 5563 2864 5618 nominibus
2889 5573 3219 5618 mortuorum
3252 5562 3388 5617 filios
3415 5577 3543 5617 suos
3568 5559 3748 5630 appel-

2161 5655 2292 5720 lant,
2333 5671 2504 5725 eoque
2539 5663 2693 5725 pacto
2723 5669 2816 5724 per
2853 5654 3261 5724 appellationem
3290 5653 3580 5708 liberorum
3610 5649 3748 5706 sola-

2163 5749 2292 5808 tium
2321 5747 2418 5802 sibi
2444 5747 2643 5803 doloris
2674 5745 2991 5817 exc0gitant,
3025 5760 3182 5814 quem
3209 5760 3273 5801 cx
3298 5744 3445 5800 obitu
3469 5743 3747 5800 defuncto-
