4060 6252
342 371 442 432 N7

339 493 436 548 οὐκ
463 486 750 543 ἑπείσατε’
784 480 878 535 καὶ
905 479 1068 533 τοῦτο
1103 481 1248 550 ὑμᾶς
1279 475 1673 548 ὀκνηροτέρους
1717 473 1906 543 ἐποίη-

340 589 460 630 σεν·
507 567 644 626 ἀλλά
693 562 1120 637 παραμυθείσθω
1166 562 1310 632 ὑμᾶς
1355 561 1384 614 6
1433 557 1644 621 Παῦλος
1693 556 1868 624 λέγων
1891 571 1908 586 ’

347 658 408 712 Ἠ
445 652 646 724 ἀγάπη
672 649 866 702 πάντα
893 643 1137 708 ἐλπίζει,
1172 643 1369 697 πάντα
1391 641 1679 703 πιστεύει,
1709 637 1908 706 ἀγάπη

338 723 622 796 οὐδέποτε
639 733 930 788 ἐκπίπτει.
946 729 1018 782 Σὺ
1035 727 1095 781 τὸ
1119 727 1314 780 σαυτοῦ
1343 727 1568 796 ποίησον
1595 742 1610 755 ·
1644 726 1748 779 κᾶν
1775 723 1912 776 ἐκεῖ·

336 841 425 886 νος
461 823 536 892 μὴ
573 817 794 887 δέξηται
825 813 924 884 τὴν
957 811 1276 881 θεραπείαν,
1317 811 1380 863 σὺ
1411 807 1728 892 τὸννμισθὸν
1758 805 1910 892 ἐχεις

337 889 488 978 παρά
509 889 590 972 τῷ
615 899 756 970 Θεῷ.
805 897 928 950 Ἐπὶ
963 895 1196 978 μένᾷγάρ
1232 893 1334 962 τῆς
1364 893 1468 978 γῆς
1496 891 1566 978 6v
1597 889 1908 978 καταϐάλῃς

335 973 749 1055 τρὶ-σπέρματα,
787 979 882 1034 καὶ
918 977 992 1048 μὴ
1025 976 1284 1046 ἐξενέγκῃ
1317 976 1442 1036 τοὺς
1483 973 1781 1055 ἀστάχυας,
1813 988 1908 1055 κς-

335 1073 454 1132 ναῖς
485 1053 698 1134 ἀνάγκη
728 1061 916 1133 χερσὶν
956 1058 1236 1113 ἀπελθεῖν·
1271 1058 1363 1109 ἐπὶ
1395 1056 1453 1109 66
1479 1058 1576 1126 τῆς
1603 1054 1781 1125 ψυχῆς
1808 1053 1908 1124 οὑχ

333 1153 540 1216 οὕτως’
599 1148 736 1204 ἀλλά
795 1145 859 1198 σὺ
917 1144 1015 1213 μὲν
1062 1141 1333 1197 κατάϐαλε
1381 1139 1482 1210 τὴν
1534 1138 1906 1202 διδασκαλίαν,

333 1245 517 1314 ἐκείνη
549 1242 605 1294 δέ
650 1237 752 1293 κᾶν
795 1235 868 1306 μὴ
913 1233 1106 1303 πεισθῇ
1145 1235 1256 1295 τοῖς
1304 1230 1640 1301 λεγομένοις,
1666 1230 1905 1299 ἀπηρτι-

334 1337 534 1410 σμένον
575 1332 718 1402 ἔχεις
769 1328 859 1382 τὸν
905 1325 1116 1397 μισθὸν,
1146 1325 1240 1379 καὶ
1282 1321 1556 1387 τοσοῦτον,
1601 1322 1724 1375 ὅσον
1757 1320 1824 1374 ἂν
1855 1321 1906 1374 εί

330 1427 590 1496 ἐπείσθηο
630 1425 690 1478 οὐ
723 1421 830 1490 γὰρ
873 1419 951 1490 τῷ
991 1417 1136 1471 τέλει
1177 1416 1286 1469 τῶν
1319 1413 1662 1485 πραγμάτων
1696 1411 1902 1496 ἁπλῶς,

327 1511 470 1564 ἀλλά
627 1505 820 1577 γνώμῃ
867 1504 978 1558 τῶν
1021 1499 1324 1553 πονούντων
1374 1496 1656 1567 προσέχων
1680 1497 1708 1547 ὁ
1749 1494 1901 1558 Θεὸς,

323 1599 474 1654 οὕτω
487 1599 586 1660 τὰς
612 1595 843 1666 ἀμοιϐὰς
863 1593 1064 1664 ὁρίζειν
1096 1589 1272 1642 εἴωθε.
1294 1585 1600 1657 Παρακαλῶ
1621 1580 1714 1638 οὑν
1734 1585 1900 1654 ὑμᾶς,

321 1693 467 1762 ὅπερ
512 1687 756 1742 ποιοῦσιν
812 1681 1022 1750 οἱπερὶ
1075 1679 1142 1732 τὰ
1175 1678 1377 1748 θέατρα
1426 1675 1726 1747 μεμηνότες
1765 1673 1904 1744 πρὸς

319 1783 430 1844 τὰς
463 1780 570 1833 τῶν
605 1779 786 1831 ἵππων
817 1775 1074 1845 ἀμίλλαςξ
1097 1770 1256 1824 τοῦτο
1299 1769 1394 1822 καὶ
1419 1769 1576 1838 ὑμεῖς
1615 1769 1900 1835 ποιήσατε.

319 1872 398 1924 Τί
423 1872 480 1924 δὲ
503 1872 701 1922 ἐκεῖνοι
723 1865 968 1919 ποιοῦσιν
988 1881 1003 1930 ;
1035 1863 1166 1916 Ἀπὸ
1187 1858 1423 1930 ἑσπέρας
1445 1858 1704 1928 ἀλλήλους
1729 1870 1752 1896 ιι
1779 1873 1906 1908 συν-

316 1963 644 2025 τάσσονται,
674 1960 768 2013 καὶ
799 1958 880 2019 είς
925 1955 1026 2018 τὰς
1071 1953 1248 2013 οἰκίας
1293 1950 1538 2018 ἀλλήλων
1589 1946 1902 2000 ἀπαντῶσιν

317 2053 442 2106 ὑπὸ
474 2053 570 2120 τὴν
591 2050 686 2115 ἐω,
717 2049 810 2103 καὶ
835 2047 1030 2108 τόπους
1059 2043 1277 2113 ἑτέρους
1298 2042 1508 2102 ἑαυτοῖς
1530 2038 1898 2108 ἀφορίζουσιν,

316 2145 399 2198 ἵν’
436 2142 574 2213 ὁμοῦ
622 2139 1098 2212 συγκροτηθέντες,
1139 2133 1274 2205 μετὰ
1317 2133 1558 2194 πλείονος
1598 2132 1785 2202 ἡδονῆς
1810 2129 1902 2182 ἐπὶ

315 2231 430 2300 τὴν
465 2229 755 2299 σατανικήν
796 2227 1010 2296 ἐκείνην
1046 2223 1308 2278 ἀνέλθωσι
1335 2222 1482 2279 θέαν.
1517 2221 1726 2290 Ὥσπερ
1755 2222 1902 2272 ἐκεῖ-

317 2340 412 2377 νοι
441 2320 578 2376 κατὰ
605 2321 704 2390 τῆς
737 2317 946 2370 ἑαυτῶν
982 2315 1339 2377 σπουδάζουσι
1367 2313 1562 2382 ψυχῆς,
1597 2313 1692 2364 καὶ
1739 2309 1904 2381 ἀλλή-

315 2412 454 2474 λους
482 2405 972 2478 συγκατασπῶσινο
1003 2403 1175 2466 οὑτως
1224 2403 1380 2472 ὑμεῖς
1423 2402 1758 2472 προνοήσατε
1800 2399 1902 2469 τῆς

317 2501 538 2558 ἑαυτῶν
569 2501 767 2571 ψυχῆς,
802 2497 896 2552 καὶ
931 2495 1190 2566 ἀλλήλους
1212 2491 1630 2558 συνδιασώσατε,
1656 2493 1750 2546 καὶ
1777 2509 1901 2543 συν-

319 2595 504 2660 άξεως
542 2591 838 2663 μελλούσης
878 2589 1143 2658 γίνεσθαι,
1175 2587 1266 2640 ἐπὶ
1307 2586 1404 2657 τὴν
1434 2585 1610 2639 οἰκίαν
1651 2584 1897 2652 ἀπάντη-

322 2703 424 2740 οὈν
459 2684 552 2738 τοῦ
581 2681 829 2751 ἀδελφοῦ,
863 2681 960 2734 καὶ
986 2679 1276 2748 ἀνάμεινον
1309 2677 1412 2740 ἔξω
1449 2675 1556 2728 τῶν
1586 2673 1895 2746 προθύρων,

321 2777 424 2831 καὶ
460 2773 741 2840 ἐξελθόντα
771 2773 1040 2842 κάτασχε“
1076 2770 1180 2823 κᾶν
1217 2768 1408 2840 μυρίαι
1459 2766 1694 2819 καλῶσιν
1729 2765 1897 2832 ἀνάγ-

321 2885 446 2932 και,
487 2867 562 2937 μὴ
595 2864 974 2934 συγχωρήσῃς,
1006 2861 1141 2931 μηδέ
1171 2859 1471 2929 ἐπιτρέψῃς
1493 2855 1730 2926 ἅψασθαί
1755 2870 1899 2918 τινος

317 2939 744 3027 τῶνᾙιωτικῶν,
765 2953 894 3024 πρὶν
909 2953 987 3011 είς
1002 2950 1100 3021 τὴν
1117 2947 1412 3016 ἐκκλησίαν
1426 2947 1651 3014 ἀγαγεῖν
1669 2944 1761 2996 καὶ
1778 2945 1900 2994 πεῖ-

325 3067 418 3104 σαι
448 3051 546 3118 τῆς
570 3044 838 3108 συνάξεως
869 3043 1156 3112 μετασχεῖν
1178 3039 1396 3108 ἀπάσης
1420 3053 1432 3066 ·
1461 3035 1562 3090 κᾶν
1597 3033 1897 3104 φιλονεικῇ,

321 3145 432 3198 κᾶν
453 3141 725 3210 ἀντιλέγῃ,
750 3138 856 3192 κᾶν
884 3137 1082 3207 μυρίας
1107 3132 1448 3204 προϐάληται
1479 3129 1802 3200 προφάσεις,
1823 3125 1898 3198 μή

322 3235 576 3302 πεισθῇς,
633 3231 766 3301 μηδέ
804 3230 1034 3300 ἀνάσχῃ,
1075 3225 1194 3280 ἀλλὶ
1223 3225 1390 3278 εἰπὼν
1432 3223 1526 3276 καὶ
1570 3221 1786 3286 διδάξας
1815 3222 1897 3274 ὅτι

321 3323 516 3378 καὶτὰ
557 3323 690 3377 ἀλλα
737 3321 884 3390 αὑτῷ
928 3328 1049 3372 τότε
1099 3321 1296 3388 μᾶλλον
1348 3312 1895 3386 ἐξευμαρισθήσεται,

319 3415 452 3468 ὃταν
479 3413 577 3484 τὴν
623 3412 841 3480 σύναξιν
889 3410 1236 3472 ἐπιτελέσας,
1283 3410 1379 3462 καὶ
1429 3408 1765 3476 κοινωνήσας
1807 3407 1898 3458 εὑ-

322 3507 458 3578 χῶν,
489 3504 585 3558 καὶ
619 3503 876 3570 εὑλογιῶν
907 3500 1170 3570 Πατέρων
1219 3497 1554 3559 ἀπολαύσας,
1590 3495 1730 3548 οὑτω
1760 3495 1895 3564 πρὸς

322 3597 509 3649 ἐκεῖνα
538 3592 690 3666 [152]
723 3590 950 3664 βαδίζει,
977 3591 1072 3644 καὶ
1093 3589 1303 3651 τούτοις
1333 3586 1428 3639 καὶ
1456 3586 1664 3639 πλείοσι
1693 3584 1898 3638 τούτων

323 3685 532 3758 ἑτέροις
567 3684 744 3752 λόγοις
770 3682 1076 3752 καταδήσας
1097 3680 1278 3742 αὑτὸν,
1309 3678 1480 3741 οὕτως
1513 3679 1612 3744 ἄγε
1641 3678 1776 3748 πρὸς
1798 3677 1896 3748 τὴν

325 3761 476 3846 ἱεράν
499 3773 702 3844 ταύτην
731 3771 1028 3842 τράπεζαν,
1056 3771 1142 3826 ἵνα
1173 3769 1391 3825 διπλοῦν
1417 3770 1545 3841 ἔχῃς
1565 3769 1655 3822 τὸν
1685 3769 1893 3838 μισθὸν,
1931 3809 1936 3814 .

321 3867 420 3922 καὶ
452 3867 590 3937 ὑπὲρ
626 3866 724 3937 τῆς
758 3863 974 3925 ἐαυτοῦ,
1007 3864 1100 3916 καὶ
1132 3863 1270 3932 ὑπὲρ
1307 3863 1404 3932 τῆς
1445 3862 1650 3915 ἐκείνου
1691 3877 1896 3934 παρου-

324 3957 466 4020 σίας.
505 3957 746 4018 Πάντως,
777 3953 840 4008 ἂν
869 3953 1104 4027 τοσαύτῃ
1133 3954 1226 4006 καὶ
1255 3953 1454 4024 σπουδῇ
1489 3953 1584 4006 καὶ
1621 3951 1896 4023 προθυμίᾳ

321 4048 452 4118 περὶ
482 4047 580 4116 τὴν
608 4047 782 4118 ἄγραν
819 4046 926 4099 τῶν
967 4045 1354 4116 ρᾳθυμοτέρων
1390 4043 1742 4116 χρησώμεθα,
1778 4045 1896 4096 ἐπι-

319 4135 620 4206 τευξόμεθα
633 4137 728 4206 τῆς
748 4137 1037 4206 σωτηρίας.
1053 4135 1170 4189 Κᾶν
1193 4135 1302 4205 γὰρ
1329 4135 1584 4206 μυριάκις
1599 4127 1730 4188 ὦσιν
1756 4135 1896 4202 ὀλίγ-

321 4244 454 4298 ωροι
488 4226 582 4280 καὶ
633 4225 972 4298 ἀναίσχυντοι
1003 4227 1096 4281 καὶ
1141 4228 1368 4296 φονικοὶ,
1408 4227 1470 4280 τὸ
1500 4228 1718 4298 συνεχὲς
1741 4227 1894 4298 ὑμῶν

319 4317 423 4385 τῆς
455 4317 822 4387 προαιρέσεως
862 4316 1304 4388 ἐρυθριάσαντες,
1342 4318 1736 4388 ἀποστήσονταί
1763 4336 1892 4372 ποτε

321 4405 422 4473 τῆς
457 4405 746 4476 ῥᾳθυμίας.
795 4405 872 4457 (Σύ
917 4405 1024 4475 γάρ
1065 4408 1200 4458 εἰσιν
1246 4407 1454 4460 ἐκείνου
1507 4407 1600 4460 τοῦ
1643 4407 1891 4464 δικαστοῦ

320 4491 416 4546 τοῦ
455 4493 546 4546 τὸν
581 4494 712 4548 Θεὸν
746 4493 844 4547 οὑκ
865 4495 1062 4560 είδὸτος
1085 4495 1204 4547 οὐδὲ
1231 4496 1548 4568 ἀνθρώπους
1573 4499 1894 4570 αίσχυνομέ-
1958 4533 1961 4536 -

326 4601 420 4636 νου
481 4584 880 4657 χαλεπώτεροι,
930 4585 1030 4640 κᾶν
1073 4587 1330 4657 μυριάκις
1369 4587 1500 4641 ὦσιν
1545 4590 1888 4661 ἀναίσθητοι·

319 4675 436 4728 ἀλλ’
471 4677 620 4745 ὅμως
669 4679 873 4730 ἐκεῖνον
903 4677 994 4730 τὸν
1037 4677 1210 4749 ὠμὸν,
1239 4679 1330 4732 τὸν
1377 4679 1586 4751 ἄγριον,
1621 4683 1710 4736 τὸν
1749 4685 1896 4753 σιδη-

324 4765 472 4834 ροῦν,
500 4767 592 4820 τὸν
623 4767 906 4838 ἀδάμαντα
939 4770 1066 4839 μιᾶς
1094 4772 1348 4838 γυναικὸς
1376 4773 1550 4842 χήρας
1572 4776 1894 4846 προσεδρεία

323 4855 552 4926 συνεχὴς
585 4857 921 4928 ἐδυσώπησε.
954 4860 1118 4923 Ποίας
1152 4857 1242 4914 οὖν
1277 4860 1378 4916 κᾶν
1421 4862 1613 4934 εἴημεν
1654 4865 1896 4934 συγγνώ-

324 4963 432 5015 μης
475 4946 638 5012 ἄξιοι,
676 4950 725 5002 εί
774 4949 1028 5016 γυναικὸς
1069 4950 1242 5020 χήρας
1285 4951 1545 5022 δικαστήν
1591 4955 1761 5026 ὠμὸν,
1797 4956 1892 5010 καὶ

323 5034 462 5102 μήτε
496 5035 588 5086 τὸν
616 5035 748 5090 Θεὸν
786 5037 1140 5108 φοϐούμενον,
1175 5041 1310 5111 μήτε
1345 5042 1666 5112 ἀνθρώπους
1711 5047 1894 5113 ἐντρε-

319 5123 578 5194 πόμενον,
600 5125 916 5198 δυνηθείσης
939 5130 1246 5200 ἐπικάμψαι
1268 5135 1363 5186 καὶ
1385 5136 1566 5188 πεῖσαι
1590 5135 1768 5189 δοῦναι
1791 5137 1890 5208 τὴν

317 5213 500 5286 χάριν,
531 5218 696 5286 ἡμεῖς
724 5219 850 5281 τοὺς
889 5219 1150 5288 ἀδελφοὺς
1179 5223 1306 5285 τοὺς
1335 5225 1720 5298 ἀνεκτοτέρους
1747 5227 1890 5281 ἐκεί-

315 5323 406 5358 νου
440 5306 640 5377 πολλῷ,
668 5308 760 5361 καὶ
794 5309 1188 5380 μετριωτέρους
1224 5315 1452 5378 ἐκείνου,
1493 5315 1567 5387 μὴ
1609 5317 1888 5390 δυνηθείη-
1919 5385 1942 5394 γ’

318 5411 420 5464 μεν
445 5397 865 5465 ἐφελκύσασθαι,
900 5401 1038 5471 ὑπὲρ
1073 5402 1180 5455 τῶν
1230 5405 1442 5459 οἰκείων
1475 5408 1670 5472 αὑτοὺς
1712 5427 1890 5482 παρα·

315 5485 610 5550 καλοῦντες
632 5489 878 5558 ὰγαθῶν;
912 5491 1095 5546 Ταῦτα
1117 5494 1374 5562 πολλάκις
1396 5494 1570 5564 εἷπον,
1594 5503 1689 5554 καὶ
1715 5501 1888 5572 λέγων

315 5575 376 5628 οὐ
405 5579 708 5650 παύσομαι,
742 5580 846 5644 ἕως
866 5581 932 5636 ἂν
953 5582 1044 5636 ίδω
1064 5586 1189 5648 τοὺς
1213 5587 1500 5656 νοσοῦντας
1525 5591 1882 5660 ὑγιαίνοντας.
1931 5603 1948 5614 τ

377 5707 405 5738 ⁸
425 5709 581 5760 Savil.
605 5707 658 5761 in
677 5726 830 5776 marg.
858 5715 1056 5776 conjicit
1079 5718 1312 5777 ἀλλήλοις.

905 375 972 432 IN
1013 371 1241 437 ILLUD,
1283 369 1558 428 PAULUS
1595 367 1937 426 VOCATUS.
1980 361 2072 420 ET
2107 364 2204 424 ΒΕ
2233 363 2496 422 MUTAT.
2537 359 2882 420 NOMINUM.
2923 361 3010 416 IV.

3481 367 3585 425 “8

2011 472 2149 526 Καθ’
2181 475 2416 546 ἑκάστην
2447 477 2644 541 αὑτοὺς
2685 477 2926 550 ἐπιζητῶ
2969 479 3068 548 τὴν
3105 479 3340 551 ἡμέραν,
3369 477 3489 544 ,ἐως
3517 481 3586 538 ἂν

2019 565 2232 635 δυνηθῶ
2252 567 2340 620 διὰ
2352 569 2452 637 τῆς
2468 569 2737 641 ὑμετέρας
2755 571 2990 639 σπουδῆς
3019 571 3215 633 αὑτοὺς
3237 571 3436 640 εὑρεῖν.
3464 573 3586 625 Δέο-

2015 673 2114 726 μαι
2149 657 2204 710 66
2238 659 2332 711 καὶ
2363 659 2536 730 ὑμῶν,
2569 659 2707 730 μετά
2753 663 2852 732 τῆς
2874 662 3044 730 αὑτῆς
3087 661 3301 732 ὀδύνης,
3341 661 3458 732 μεθ’
3515 657 3584 734 ἧς

2013 749 2182 802 ταῦτα
2204 750 2348 818 λέγω
2385 751 2501 814 νῦν,
2544 751 2680 822 μετά
2709 753 2802 806 τοῦ
2844 751 3007 807 αὑτοῦ
3039 753 3202 804 πόνου
3231 751 3328 822 τὴν
3363 753 3588 822 ἔρευναν

2015 839 2282 892 ποιεῖσθαι
2320 841 2428 894 τῶν
2469 843 2875 914 ῥᾳθυμοτέρων.
2911 843 3020 896 Καὶ
3053 843 3160 916 γὰρ
3194 844 3294 895 οὑκ
3324 844 3446 914 ἐμοὶ
3490 843 3588 914 μό-

2011 945 2119 994 νον,
2143 929 2276 983 ἀλλά
2299 933 2392 985 καὶ
2409 932 2536 1002 ὑμῖν
2561 934 2772 998 Παῦλος
2796 935 3026 999 ἐπέταξε
3048 935 3154 987 τῶν
3185 935 3402 988 οἰκείων
3431 951 3589 1006 φρον-

2009 1020 2178 1085 τίζειν
2207 1021 2402 1092 μελῶν.
2433 1025 2835 1092 Παρακαλεῒτε
2863 1026 2994 1097 γὰρ,
3018 1025 3204 1096 φησίν,
3233 1019 3321 1092 εἷς
3351 1025 3456 1078 τὸν
3481 1025 3589 1080 ἕνα

2008 1111 2080 1165 ἐν
2099 1111 2222 1178 τοῖς
2251 1115 2455 1183 ,λόγοις
2473 1115 2726 1180 τούτοις,
2751 1115 2945 1181 καθὼς
2965 1115 3063 1168 καὶ
3092 1113 3310 1168 ποιεῖτε
3326 1131 3339 1144 ’
3372 1115 3464 1168 καὶ
3486 1116 3602 1176 πά-,

2009 1201 2113 1255 λιν·
2138 1203 2509 1274 Οἰκοδομεῖτε
2525 1204 2858 1271 ἀλλήλους.
2883 1205 2995 1258 Καὶ
3023 1204 3131 1275 γὰρ
3153 1206 3180 1258 6
3203 1203 3392 1275 μισθὸς
3416 1203 3588 1274 μέγας

2009 1293 2121 1356 τοῖς
2159 1291 2267 1345 τῶν
2305 1293 2547 1361 ἀδελφῶν
2577 1293 2922 1364 κηδομένοις,
2950 1293 3046 1348 καὶ
3074 1293 3313 1363 τιμωρία
3353 1291 3592 1362 μεγίστη

2009 1384 2120 1444 τοῖς
2138 1381 2400 1450 ἀμελοῦσι
2425 1384 2517 1434 καὶ
2548 1382 2942 1454 καταφρονοῦσι
2965 1383 3064 1454 τῆς
3086 1383 3360 1454 σωτηρίας
3383 1380 3588 1436 αὐτῶν.

2076 1495 2144 1556 γ’.
2179 1489 2338 1542 Ὅθεν
2388 1489 2588 1558 σφόδρα
2621 1489 2806 1560 θαρῤῶ
2833 1490 2927 1541 καὶ
2959 1490 3314 1552 πεπίστευκα,
3345 1490 3429 1542 ὅτι
3453 1486 3594 1557 μετά

2005 1579 2204 1650 πολλῆς
2235 1579 2336 1649 τῆς
2357 1580 2664 1650 προθυμίας
2691 1581 2946 1650 ποιήσετε
2963 1581 3030 1634 τά
3053 1583 3173 1650 είρη
3184 1579 3348 1650 μένα·
3383 1580 3479 1633 καὶ
3499 1579 3588 1632 διὰ

2001 1669 2160 1726 τοῦτο
2191 1671 2424 1724 ἐνταῦθα
2473 1672 2674 1741 ταύτην
2711 1672 2810 1740 τὴν
2866 1671 3214 1748 παραίνεσιν⁴
3243 1671 3467 1740 στήσας,
3493 1669 3588 1721 ἐπὶ

2001 1759 2102 1834 τὴν
2143 1762 2356 1815 Παύλου
2407 1763 2684 1831 τράπεζαν
2751 1765 2896 1832 ὑμᾶς
2945 1765 3173 1831 ἀγαγεῖν
3233 1762 3590 1832 πειράσομαι.

2001 1853 2244 1919 Παῦλος
2291 1853 2512 1920 κλητὸς
2557 1855 2919 1919 ἀπόστολος.
2975 1853 3158 1906 Ταῦτα
3215 1853 3472 1914 πολλάκις
3495 1851 3591 1903 καὶ

2003 1943 2160 2014 ὑμεῖς
2184 1944 2476 2012 ἠκούσατε,
2503 1945 2596 1997 καὶ
2625 1946 2786 2015 ἡμεῖς
2813 1945 3149 2014 ἀνέγνωμεν·
3184 1943 3298 1996 ἀλλ’
3332 1944 3432 1996 οὑκ
3457 1943 3590 1994 ἀνα-

2003 2033 2288 2105 γινώσκειν
2325 2035 2502 2104 μόνον,
2537 2035 2673 2089 ἀλλά
2694 2037 2787 2088 καὶ
2815 2034 3196 2105 ἐπιγινώσκειν
3219 2033 3324 2106 χρὴ
3347 2033 3417 2086 τά
3431 2031 3590 2100 λεγό-

2006 2139 2170 2195 μεναο
2193 2125 2315 2176 ἐπεὶ
2351 2125 2540 2196 κέρδος
2567 2126 2718 2178 οὐδὲν
2743 2127 2878 2194 ἡμῖν,
2904 2125 3052 2178 ἐσται
3081 2125 3180 2193 τῆς
3203 2121 3590 2191 ἀναγνώσεως.

2001 2215 2113 2270 Καὶ
2137 2214 2244 2285 γὰρ
2273 2215 2540 2286 θησαυρὸς
2564 2215 2768 2269 ἀνωθεν
2790 2215 3126 2285 πατούμενος
3140 2213 3238 2266 οὐκ
3261 2212 3591 2266 ἐνδείκνυται

2002 2305 2092 2359 τὸν
2111 2305 2360 2370 πλοῦτον,
2394 2307 2527 2360 ἀλλά
2579 2306 2683 2378 χρή
2730 2307 2970 2378 διορύξαι
3013 2305 3230 2377 πρῶτον
3265 2303 3445 2367 αὑτὸν,
3495 2302 3591 2354 καὶ

2002 2395 2303 2466 καταϐῆναι
2360 2398 2530 2460 κάτω,
2570 2398 2666 2451 καὶ
2713 2397 2884 2461 οὑτως
2923 2397 3141 2450 ἃπασαν
3189 2397 3286 2468 τὴν
3329 2391 3590 2462 εὐπορίαν

2000 2487 2210 2557 εὑρεῖν·
2243 2487 2386 2540 οὑτω
2419 2490 2512 2542 καὶ
2548 2490 2640 2542 ἐπὶ
2665 2489 2773 2542 τῶν
2803 2489 3036 2560 Γραφῶν
3060 2505 3072 2517 ·
3107 2489 3207 2542 οὐκ
3244 2488 3404 2556 ἀρκεῖ
3429 2484 3592 2554 μόνον

2001 2576 2034 2646 ἡ
2084 2577 2389 2644 ἀνάγνωσις
2434 2577 2604 2642 δεῖξαι
2637 2580 2728 2632 τὸν
2787 2579 2894 2632 τῶν
2938 2577 3316 2646 ἀποκειμένων
3367 2573 3589 2643 ἀγαθῶν

2001 2665 2290 2738 θησαυρὸν,
2315 2667 2381 2720 ἂν
2413 2667 2486 2738 μή
2515 2669 2866 2740 διερευνήσῃς
2885 2669 2945 2722 τὸ
2970 2667 3152 2739 βάθος.
3183 2669 3245 2720 Εί
3281 2665 3592 2738 ἠρκειὰνά-

1999 2771 2218 2824 γνωσις,
2253 2757 2352 2810 οὑκ
2403 2758 2468 2810 ἂν
2501 2753 2653 2812 εἶπεν
2695 2762 2723 2811 6
2752 2761 3016 2822 Φίλιππος
3043 2759 3121 2827 τῷ
3148 2757 3408 2828 εὐνούχῳ,
3444 2753 3590 2825 Ἆρά

2000 2863 2067 2916 γε
2088 2845 2399 2914 γινώσκεις
2428 2846 2466 2900 ἁ
2493 2849 2962 2916 ἁναγινώσκεις;
3005 2850 3054 2900 εί
3091 2849 3251 2918 ἢρκει
3280 2849 3314 2917 ή
3342 2847 3589 2914 ἀνάγνω-

2003 2954 2107 3002 σις,
2129 2937 2228 2990 οὑκ
2275 2936 2341 2990 ἂν
2395 2933 2545 2990 εἶπεν
2577 2941 2605 2990 6
2630 2940 2862 3008 Χριστὸς
2894 2942 3004 3001 τοῖς
3055 2938 3350 3004 Ἰουδαίοις,
3392 2940 3589 3006 Ἐρευ-

1999 3024 2142 3082 νᾶτε
2197 3027 2304 3092 τὰς
2334 3025 2577 3094 Γραφάς
2596 3042 2608 3054 ·
2642 3030 2670 3079 6
2700 3027 2756 3079 66
2785 3027 3022 3098 ἐρευνῶν
3051 3027 3111 3080 οὑ
3145 3027 3304 3097 μέχρι
3342 3028 3440 3097 τῆς
3471 3030 3590 3082 ἐπι-

2003 3115 2225 3184 φανείας
2247 3117 2482 3180 ἵσταται,
2517 3116 2656 3170 ἀλλά
2677 3118 2810 3188 πρὸς
2827 3119 2886 3171 τὸ
2905 3118 3064 3188 βάθος
3095 3119 3226 3171 αὑτὸ
3245 3119 3584 3176 κατασαίνει.

1999 3207 2108 3260 Καὶ
2137 3207 2246 3277 γὰρ
2276 3207 2409 3260 πολὺ
2453 3208 2686 3278 πέλαγος
2731 3209 3017 3280 νοημάτων
3051 3212 3107 3262 ἐν
3139 3212 3248 3273 τοῖς
3282 3210 3589 3282 προοιμίοις

1997 3296 2129 3369 ὁρῶ.
2172 3297 2260 3350 Ἐν
2295 3298 2391 3368 μὲν
2412 3297 2519 3370 γὰρ
2541 3301 2660 3360 ταῖς
2685 3298 2966 3369 βιωτικαῖς
2991 3300 3300 3364 ἐπιστολαῖς
3331 3303 3384 3354 αί
3416 3318 3588 3372 προσ-

2002 3390 2186 3459 ρήσεις
2211 3389 2394 3453 ἁπλῶς
2414 3390 2676 3458 γίνονται,
2694 3391 2992 3460 θεραπείαν
3019 3393 3381 3464 ἐμφαίνουσαι
3404 3393 3586 3464 μόνον’

1999 3478 2232 3532 ἐνταῦθα
2263 3480 2318 3532 66
2346 3480 2444 3548 οὑχ
2473 3479 2665 3543 οὕτως,
2701 3481 2838 3534 ἀλλά
2872 3482 3072 3552 πολλῆς
3107 3483 3299 3550 σοφίας
3341 3484 3500 3553 γέμει
3523 3484 3590 3536 τὸ

1999 3567 2302 3640 προοίμιον.
2337 3569 2410 3622 Οὑ
2439 3568 2548 3639 γὰρ
2577 3569 2788 3633 Παῦλός
2811 3573 2958 3623 ἐστιν
2999 3573 3026 3622 6
3053 3572 3444 3640 φθεγγόμενος,
3472 3573 3590 3625 ἀλλ’

1997 3657 2026 3709 6
2057 3655 2220 3710 κινῶν
2263 3657 2360 3727 τὴν
2415 3658 2621 3710 ἐκείνου
2662 3657 2838 3729 ψυχὴν
2877 3660 3305 3733 Χριστός.1155]
3343 3663 3588 3729 Παῦλος

1999 3748 2240 3814 κλητός.
2273 3748 2350 3799 Τὸ
2387 3747 2628 3814 Παῦλος
2657 3749 2837 3814 τοῦτο,
2863 3750 3032 3821 δνομα
3062 3751 3160 3821 μέν
3199 3754 3344 3805 ἐστιν
3373 3753 3452 3818 ἐν,
3488 3755 3584 3806 καὶ

1997 3837 2150 3906 ψιλὸν
2174 3836 2342 3906 ὑνομα
2362 3855 2374 3868 ·
2406 3837 2658 3891 τοσοῦτον
2689 3840 2746 3891 66
2801 3839 2913 3908 ἔχει
2961 3841 3247 3910 νοημάτων
3311 3842 3588 3912 θησαυρὸν

1997 3926 2377 3996 ἀποκείμενον,
2403 3929 2526 3980 ὅσον
2553 3929 2638 3980 διὰ
2663 3929 2762 3998 τῆς
2797 3929 2989 3997 πείρας
3023 3929 3243 3998 ἔγνωτε.
3294 3933 3355 3984 Et
3390 3932 3497 4003 γάρ
3519 3932 3586 4004 δὴ
3661 3931 3666 3938 ”

2001 4014 2300 4085 μέμνησθε,
2353 4015 2466 4068 ίστε
2523 4017 2604 4068 ὅτι
2654 4019 2804 4084 τρεῖς
2841 4017 3055 4088 ἡμέρας
3090 4017 3419 4088 ὁλοκλήρους
3443 4018 3584 4089 ὑπὲρ

1996 4105 2089 4159 τοῦ
2117 4106 2380 4177 ὀνόματος
2407 4105 2596 4160 τούτου
2631 4107 2907 4178 διελέχθην
2944 4107 3126 4177 μόνον,
3167 4107 3265 4170 τάς
3297 4106 3476 4170 αίτίας
3503 4107 3588 4160 λέ⁶

1997 4211 2127 4263 γων,
2179 4195 2245 4248 δι’
2273 4195 2338 4258 6;
2393 4195 2499 4266 πρὸ
2539 4197 2730 4249 τούτου
2778 4195 2982 4259 Σαῦλος
3041 4196 3394 4268 καλούμενος,
3444 4194 3583 4266 μετά

1943 4319 1945 4321 -
1996 4283 2166 4338 ταῦτα
2191 4285 2398 4356 ἐκλήθη
2443 4285 2676 4350 Παῦλος,
2713 4289 2806 4340 καὶ
2839 4287 2986 4351 τίνος
3027 4289 3214 4341 ἕνεκεν
3245 4289 3345 4341 οὐκ
3377 4285 3584 4351 εὐθέως

1999 4375 2270 4444 μεταστάς
2297 4375 2432 4444 πρὸς
2453 4374 2552 4445 τήν
2585 4377 2785 4438 πίστιν,
2812 4377 3028 4441 ἐδέξατο
3061 4377 3162 4448 τὴν
3183 4379 3578 4449 προσηγορίαν,

1995 4465 2131 4519 ἀλλὰ
2188 4464 2346 4536 μέχρι
2376 4465 2568 4518 πολλοῦ
2615 4467 2880 4536 διέμεινεν
2917 4469 3056 4538 έχων
3105 4469 3166 4521 τὸ
3204 4469 3394 4539 ὄνομα,
3441 4471 3580 4540 ὅπερ

1996 4555 2230 4624 ἑξαρχῆς
2264 4554 2445 4607 ἔθεντο
2476 4557 2524 4607 οί
2554 4560 2728 4623 γονεῖς
2748 4574 2762 4589 ι
2792 4557 2886 4610 καί⁵
2909 4557 3108 4628 πολλήν
3133 4557 3240 4611 ἀπὸ
3261 4559 3450 4612 τούτου
3483 4559 3580 4613 τοῦ

1997 4644 2130 4698 Θεοῦ
2161 4644 2352 4712 σοφίαν
2385 4646 2479 4706 καὶ
2503 4646 2824 4717 κηδεμονίαν
2874 4649 3278 4722 ἀνεδείκνυμεν,
3321 4653 3414 4705 καὶ
3453 4653 3581 4722 περὶ

1996 4733 2162 4804 ἡμᾶς,
2193 4738 2288 4786 καὶ
2317 4737 2444 4806 περὶ¹
2463 4738 2588 4798 τοὺς
2623 4737 2809 4805 ἁγίους
2827 4737 3066 4803 ἐκείνους
3096 4742 3487 4814 γεγενημένην.
3519 4743 3581 4799 Ei

1995 4823 2104 4893 γὰρ
2133 4824 2412 4895 ἄνθρωποι
2436 4827 2548 4888 τοῖς
2589 4826 2772 4880 αὑτῶν
2811 4827 3041 4890 παιδίοις
3073 4831 3172 4900 οὑχ
3198 4831 3382 4895 ἁπλῶς
3408 4835 3582 4886 ἐπιτι-

1996 4913 2149 4966 θέασι
2179 4913 2249 4966 τά
2272 4915 2530 4984 ὀνόματα,
2559 4915 2688 4970 ἀλλὰ
2704 4915 2760 4969 τὸ
2784 4917 2882 4987 μὲν
2915 4917 3022 4972 ἀπὸ
3050 4919 3142 4972 τοῦ
3178 4921 3402 4992 πατρὸς,
3437 4921 3496 4974 τὸ
3524 4923 3580 4976 δὲ

1994 5003 2104 5060 ἀπὸ
2127 5003 2219 5074 τοῦ
2237 5004 2484 5071 πάππου,
2503 5008 2562 5058 τὸ
2577 5006 2631 5058 66
2643 5007 2736 5076 ἀφ’
2752 5006 2838 5060 ἑτέ
2849 5025 2955 5077 ρων
2975 5009 3252 5081 προγόνων
3266 5011 3577 5077 καλοῦντες*

1997 5093 2175 5165 πολλῷ
2204 5095 2404 5165 μᾶλλον
2425 5099 2452 5151 6
2480 5096 2612 5161 Θεὸς
2642 5101 2756 5163 τοῖς
2784 5099 2976 5154 ἑαυτοῦ
3013 5102 3219 5168 δούλοις
3251 5103 3350 5176 οὑχ
3369 5105 3576 5172 ἁπλῶς,

1993 5183 2113 5237 οὑδὲ
2136 5185 2262 5238 ἀνευ
2282 5185 2440 5254 λόγου
2463 5187 2608 5250 τινὸς
2628 5187 2724 5253 τὰς
2740 5191 3109 5262 προσηγορίας
3129 5194 3419 5267 ἐπέθηκεν,
3442 5196 3580 5251 ἀλλὰ

1998 5273 2136 5343 μετὰ
2198 5274 2440 5340 πλείονος
2502 5277 2712 5347 σοφίας.
2767 5280 3076 5354 ’Ἄνθρωποι
3126 5284 3223 5354 μὲν
3269 5285 3376 5356 γὰρ
3409 5287 3490 5348 είς
3517 5303 3576 5340 τε

1991 5363 2155 5434 τιμὴν
2185 5365 2290 5419 τῶν
2339 5367 2700 5438 ἀπελθόντων,
2759 5372 2838 5436 είς
2861 5391 2923 5427 τε
2968 5375 3178 5429 ἑαυτῶν
3221 5375 3578 5446 παραμυθίαν

1992 5454 2250 5520 πολλάκις
2275 5461 2388 5522 τοῖς
2413 5460 2520 5513 τῶν
2549 5462 3015 5534 τετελευτηκότων
3043 5467 3270 5536 ὀνόμασι
3297 5468 3422 5531 τοὺς
3444 5469 3576 5521 ἐαυ-

1990 5543 2099 5596 τῶν
2129 5547 2278 5608 υἱοὺς
2303 5549 2546 5616 καλοῦσι,
2589 5552 2942 5621 παραμυθίαν
2968 5554 3091 5608 τινὰ
3121 5555 3221 5625 τῆς
3252 5555 3360 5609 τῶν
3395 5574 3580 5613 κατοι-

1991 5632 2231 5702 χομένων
2277 5635 2530 5708 τελευτῆς
2556 5639 2644 5692 διά
2677 5641 2778 5710 τῆς
2823 5640 2934 5695 τῶν
2963 5642 3170 5696 παίδων
3208 5642 3574 5716 προσηγορίας

1991 5726 2361 5792 ἐπινοοῦντες·
2393 5729 2420 5782 6
2445 5729 2499 5782 δὲ
2525 5731 2656 5794 Θεὸς
2673 5733 2871 5803 ἀρετῆς
2889 5733 3192 5808 ὑπόμνησιν
3218 5736 3309 5792 καλ⁸
3328 5738 3573 5792 διδασκα-
