4060 6252
490 327 592 388 ιιο

483 449 626 512 λίαν,
661 444 847 516 ὥσπερ
890 445 948 499 ἐν
992 445 1155 516 στήλῃ
1197 445 1394 515 χαλκῇ,
1445 446 1513 515 τῇ
1559 441 1894 516 προσηγορίᾳ
1949 439 2056 494 τῶν

485 532 660 601 ἀγίων
695 527 1091 581 ἐναποτίθεται.

557 625 658 677 Τὸν
689 623 818 691 γοῦν
863 621 1067 691 Πέτρον
1099 622 1206 676 ἀπὸ
1252 621 1351 691 τῆς
1379 621 1580 692 ἀρετῆς
1623 621 1796 684 οῦτως
1813 619 2058 686 ἐκάλεσε,

482 711 582 782 τήν
610 707 878 773 ἀπόδειξιν
904 709 1004 778 τῆς
1035 709 1161 779 περί
1173 709 1270 779 τὴν
1294 709 1473 762 πίστιν
1504 709 2061 780 στερρότητοςωαπο-

482 795 761 865 τιθέμενος
786 793 948 848 αὐτοῦ
986 793 1062 865 τῷ
1094 795 1336 865 ὀνόματι,
1369 795 1454 848 ἵνα
1482 795 1580 867 ἔχῃ
1611 793 1926 848 διδάσκαλον
1977 793 2061 845 δι-

483 882 676 952 ηνεκῆ,
704 881 802 952 τὴν
831 880 1219 952 προσηγορίαν,
1261 880 1360 951 τῆς
1387 879 1640 950 τοιαύτης
1687 878 2058 951 στερρότητος.

483 965 655 1020 Τοῦτο
693 967 786 1020 καὶ
815 967 904 1020 τὸν
947 967 1198 1038 Ἰωάννην
1232 969 1326 1020 καὶ
1361 967 1452 1020 τὸν
1496 967 1750 1020 Ἰάκωϐον
1786 965 2059 1029 ἐκάλεσεν,

481 1054 592 1106 ἀπὸ
619 1053 722 1122 τῆς
759 1052 901 1106 κατά
928 1051 989 1106 τδ
1046 1054 1306 1123 κήρυγμα
1343 1051 1774 1124 μεγαλοφωνίας.
1813 1050 1950 1103 Ἀλλ’
1978 1050 2064 1102 ῖνα

487 1138 562 1210 μὴ
604 1141 768 1194 πάλιν
811 1139 882 1192 τά
918 1139 1056 1194 αὐτά
1106 1138 1279 1208 λέγων
1330 1137 1604 1208 διενοχλῶ,
1647 1137 1820 1191 ταῦτα
1881 1136 2061 1205 ἀφεὶς,

484 1227 662 1279 ἐκεῖνο
719 1225 849 1298 ἐρῶ,
895 1227 978 1278 ὅτι
1035 1224 1130 1279 καί
1156 1224 1296 1279 αὐτά
1341 1223 1463 1278 καθ’
1493 1223 1661 1277 ἐαυτά
1695 1223 1962 1293 λεγόμενα
1994 1221 2069 1275 τά

483 1313 723 1384 ὀνόματα
745 1312 852 1365 τῶν
871 1311 1061 1382 ἁγίων,
1089 1308 1182 1366 καὶ
1214 1313 1326 1374 τοῖς
1347 1310 1609 1380 φιλοθέοις
1634 1311 1770 1364 εἰσὶν
1789 1310 2059 1381 αἰδέσιμα,

484 1397 582 1450 καὶ
625 1399 740 1460 τοῖς
771 1397 1145 1468 ἁμαρτάνουσι
1175 1396 1399 1468 φοϐερά.
1456 1396 1559 1450 Τὸν
1608 1399 1737 1465 γοῦν
1781 1399 2064 1467 Ὀνήσιμον

482 1482 756 1554 δραπέτην
773 1485 866 1536 κα)⁸
895 1483 1133 1552 κλέπτην
1149 1483 1458 1553 γενόμενον,
1492 1483 1586 1536 xal
1608 1483 1715 1534 τῶν
1731 1482 2063 1536 δεσποτικῶν

485 1569 818 1640 ὐφελόμενόν
843 1585 895 1621 τι
921 1569 1239 1638 χρημάτων,
1273 1568 1667 1640 ὑποδεξάμενος
1693 1569 1942 1632 ὁΠαῦλος
1971 1571 2065 1623 καὶ

487 1655 828 1726 μεταϐαλὼν,
859 1657 953 1708 καὶ
980 1654 1129 1708 οὕτω
1149 1655 1284 1726 πρὸς
1318 1656 1423 1727 τὴν
1449 1655 1598 1727 ἰεράν
1651 1657 2065 1726 χειραγωγήσας

489 1741 905 1812 μυσταγωγίανο
959 1739 1075 1795 εἶτα
1119 1741 1326 1810 μέλλων
1369 1742 1674 1795 ἀποδιδόναι
1713 1741 1790 1812 τῷ
1831 1743 2065 1812 δεσπότῃ

485 1829 670 1895 πάλιν,
697 1829 854 1882 τοῦτο
897 1829 1030 1900 πρὸς
1075 1829 1234 1882 αὐτὸν
1276 1828 1514 1900 ἐγραφεο
1563 1829 1660 1883 Διὸ
1698 1830 1941 1897 πολλὴν
1995 1830 2066 1882 ἐν

484 1914 715 1985 Χριστῷ
746 1916 1090 1984 παρρησίαν
1127 1913 1285 1984 ἔχων
1322 1915 1678 1968 ἐπιτάσσειν
1705 1930 1805 1969 σοι
1835 1915 1902 1968 τὸ
1959 1915 2063 1968 ἁν-

484 2003 635 2066 ἧκογ
653 2002 750 2057 διὰ
775 2003 887 2071 τὴν
900 2002 1158 2072 ἀγάπην,
1180 2002 1420 2071 μᾶλλον
1435 2001 1776 2071 παρακαίῶ,
1797 2003 2064 2070 τοιοῦτος

482 2087 569 2143 ὢν
600 2091 680 2154 ὡς
711 2090 948 2155 Παῦλος
989 2090 1346 2156 πρεσϐύτης,
1393 2089 1532 2141 γυνί
1562 2088 1629 2141 δὲ
1681 2091 1777 2142 καί
1821 2089 2065 2157 δέσμιος

481 2177 556 2229 ἐν
591 2173 822 2244 Χριστῷ
847 2176 1061 2242 Ἰησοῦ.
1097 2177 1256 2246 Ὁρᾷς
1277 2176 1358 2228 ὅτι
1387 2174 1510 2246 τρία
1523 2175 1780 2244 ἐπέθηκε,
1806 2175 1874 2227 τά
1891 2173 2068 2245 δεσμά

481 2263 552 2316 τά
585 2262 672 2316 διά
697 2263 788 2316 τὸν
812 2260 1067 2332 Χριστὸν,
1113 2263 1210 2332 τὴν
1265 2262 1538 2315 πολιτείαν
1565 2261 1661 2332 τὴν
1697 2260 1805 2314 ἀπὸ
1834 2260 1930 2328 τῆς
1950 2259 2066 2332 ήλι-

483 2349 631 2413 κίας,
662 2349 764 2419 τὴν
793 2348 925 2402 αἰδῶ
952 2349 1050 2418 τὴν
1102 2349 1213 2401 ἀπὸ
1257 2348 1355 2417 τῆς
1401 2347 1806 2418 προσηγορίας;
1850 2345 2065 2419 Ἐπειδὴ

481 2436 592 2508 γὰρ
616 2430 698 2500 ιτς
721 2432 789 2506 ἦν
821 2437 849 2489 ὁ
869 2434 1221 2505 παρακαλῶν,
1246 2435 1505 2506 τριπλοῦν
1525 2434 1895 2504 ἐφιλονείκησε
1913 2434 2068 2504 ποιῆ-

485 2539 576 2576 σαι
624 2521 714 2574 τὸν
752 2521 893 2590 ύπέρ
927 2521 1216 2591 Ὀνησίμου
1245 2521 1518 2592 δεόμενον,
1558 2521 1649 2574 τον
1683 2521 1992 2592 πρεσϐύτην
2015 2533 2063 2577 ⁸.

495 2608 658 2680 Ὁρᾷς
685 2607 766 2660 ὅτι
795 2607 889 2659 καὶ
915 2607 1054 2660 αὐτά
1084 2607 1153 2660 τά
1180 2607 1420 2676 ὀνόματα
1443 2608 1698 2677 αἰδέσιμα
1720 2609 1830 2669 τοῖς
1857 2609 2067 2670 πιστοῖς

483 2695 600 2749 ἐστι
627 2694 722 2749 καὶ
746 2693 1003 2763 φιλόθεα;
1046 2695 1109 2748 Εἰ
1145 2695 1254 2765 γάρ
1305 2694 1516 2748 παιδίου
1548 2694 1867 2764 φιλουμένου
1898 2710 2066 2764 προσ-

482 2781 684 2854 ηγορία
711 2781 1072 2851 ὀνομασθεῖσα
1106 2781 1364 2844 πολλάκις
1407 2782 1500 2835 καὶ
1533 2781 1606 2852 μὴ
1639 2781 1956 2851 βουλόμενον
1975 2780 2067 2836 τὸν

485 2870 698 2942 πατέρα
717 2869 900 2922 ἔπεισε
923 2869 1103 2923 δοῦναι
1133 2870 1230 2940 τὴν
1260 2871 1419 2939 χάριν
1445 2869 1533 2922 διὰ
1559 2870 1621 2921 τὸ
1647 2869 1783 2939 πρὸς
1807 2869 1868 2921 τὸ
1895 2869 2068 2940 δνομα

486 2957 733 3027 φίλτρον,
784 2955 964 3028 πολλῷ
1027 2956 1227 3028 μᾶλλον
1261 2958 1352 3008 ἐπὶ
1398 2955 1507 3008 τῶν
1537 2956 1706 3021 ἁγίων
1751 2955 2066 3025 συμϐαίνειν

483 3043 643 3096 τοῦτο
671 3044 815 3107 εἰκὸς
839 3038 928 3115 ἦν.
961 3043 1082 3097 Ὅτι
1106 3043 1162 3095 δέ
1196 3043 1290 3096 καὶ
1315 3045 1427 3105 τοῖς
1462 3041 1829 3112 ἁμαρτάνουσι
1863 3041 2067 3111 φοϐερά

485 3125 574 3199 ἦν,
603 3130 853 3199 καθάπερ
903 3130 1138 3193 παιδίοις
1172 3129 1472 3201 ῥᾳθυμοῦσι
1499 3129 1566 3181 τά
1603 3129 1709 3181 τῶν
1736 3125 2076 3180 διδασκάλων

489 3215 643 3288 [154]
687 3216 949 3286 ὀνόματα,
1000 3216 1232 3269 ἄκουσον
1277 3215 1394 3277 πῶς
1435 3214 1702 3277 Γαλάταις
1743 3214 2068 3268 ἐπιστέλλων

489 3303 623 3355 αὐτὸ
647 3302 805 3354 τοῦτο
821 3302 1060 3372 ᾐνίξατο.
1078 3302 1299 3372 Ἐπειδὴ
1328 3299 1435 3371 γάρ
1451 3301 1531 3363 εἰς
1547 3299 1829 3353 ἀσθένειαν
1842 3300 2068 3353 ἀπέκλι-

488 3406 588 3444 ναν
625 3388 941 3460 ἰουδαῖκὴν,
981 3393 1074 3442 καὶ
1119 3391 1246 3460 περὶ
1302 3389 1400 3460 τὴν
1435 3386 1616 3441 πίστιν
1660 3387 1827 3458 αὐτὴν
1865 3389 2073 3442 ἐκινδύ-

490 3493 664 3544 νευον,
700 3477 1019 3548 βουλόμενος
1051 3477 1246 3540 αὐτοὺς
1277 3476 1577 3547 ἀναστῆσαι
1611 3478 1704 3529 καὶ
1741 3478 1926 3528 πεῖσαι
1965 3493 2072 3547 μη-

489 3563 578 3618 δὲν
615 3564 901 3618 Ἰουδαϊκὸν
923 3563 1234 3631 ἐπεισάγειν
1263 3565 1327 3634 τῇ
1348 3562 1442 3615 τοῦ
1471 3563 1806 3631 Εὐαγγελίου
1825 3563 2075 3617 διδασκα-

490 3650 600 3720 λίᾳ,
637 3651 808 3713 οὕτως
855 3649 1090 3722 ἔγραφεν
1114 3667 1128 3681 ο
1170 3649 1275 3704 Ἰδὲ
1302 3648 1416 3720 ἐγὼ
1452 3651 1693 3715 Παῦλος
1730 3649 1886 3719 λέγω
1911 3650 2074 3730 ὑμῖν⁹

492 3737 582 3790 ὅτι
609 3737 717 3789 ἐὰν
764 3736 1214 3806 περιτέμνησθε,
1262 3735 1516 3805 Χριστὸς
1548 3734 1703 3806 ὑμᾶς
1732 3736 1914 3790 οὐδὲν
1935 3737 2077 3806 ὠφε-

491 3826 691 3894 λήσει.
760 3821 946 3890 Εἷπες,
993 3825 1172 3896 Ἐγώο
1229 3826 1374 3890 τίνος
1423 3825 1607 3879 ἕνεκεν
1657 3826 1966 3897 προστιθεὶς
2015 3827 2078 3879 τὸ

491 3912 694 3981 δνομας
755 3912 816 3966 τὺ
857 3912 986 3984 γάρ,
1025 3911 1184 3982 Ἐγὼ,
1239 3914 1338 3965 οὐκ
1379 3907 1447 3982 ἦν
1497 3912 1677 3966 ἰκανὸν
1711 3912 1946 3984 δηλῶσαι
1985 3913 2077 3968 τὸν

493 3999 804 4068 γράφοντας
856 3999 996 4051 Ἀλλ’
1047 3999 1133 4050 ἵνα
1163 3997 1338 4069 μάθῃς
1389 3999 1470 4051 ὅτι
1499 4000 1592 4052 καὶ
1622 3999 1758 4070 αὐτὴ
1785 4001 1818 4068 ή
1841 3999 1935 4051 τοῦ
1961 4000 2077 4051 ὀνό-

498 4101 664 4154 ματος
697 4084 1014 4155 παρενθήκη
1043 4084 1202 4153 ἰκανὴ
1225 4083 1332 4136 τῶν
1373 4084 1676 4136 ἀκουόντων
1709 4083 2074 4152 καθάψασθαι,

493 4172 582 4224 διά
611 4169 769 4222 τοῦτο
801 4167 1125 4239 προστίθησι
1146 4167 1245 4239 τὴν
1290 4169 1680 4238 προσηγορίαν,
1715 4169 1793 4228 εἰς
1831 4169 2077 4240 ὑπόμνη-

498 4271 580 4308 σιν
632 4254 827 4317 αὐτούς
877 4255 1026 4319 άγων
1071 4253 1166 4306 τοῦ
1197 4254 1537 4308 διδασκάλου.
1586 4255 1696 4307 Kal
1734 4257 1894 4325 ἡμεῖς
1923 4255 1980 4308 δέ
2015 4256 2076 4309 τὸ

493 4339 630 4396 αὐτὸ
661 4340 820 4392 τοῦτο
846 4340 1126 4411 πάσχομεν
1149 4357 1164 4370 ο
1195 4341 1322 4394 ὅταν
1359 4340 1468 4412 γὰρ
1501 4341 1934 4412 ἀναμνησθῶμεν
1966 4342 2074 4395 τῶν

497 4429 688 4498 ἀγίων,
740 4427 842 4482 κᾶν
884 4429 942 4482 ἐν
975 4428 1217 4500 ῥαθυμίᾳ
1258 4423 1429 4500 ὦμεν,
1455 4429 1866 4501 διανιστάμεθα,
1891 4430 1991 4484 κᾶν
2017 4433 2075 4485 ἐν

496 4517 924 4588 καταφρονήσει,
962 4515 1292 4586 φοϐούμεθα.
1326 4515 1534 4570 Παῦλον
1559 4516 1689 4586 γοῦν
1721 4515 1812 4570 τὸν
1844 4517 2074 4571 ἀπόστο-

495 4601 587 4656 λον
633 4604 761 4656 ὅταν
812 4602 1031 4658 ἀκούσω
1069 4603 1202 4672 ἐγὼ,
1234 4603 1399 4658 ἐννοῶ
1419 4603 1509 4656 τὸν
1540 4605 1598 4657 ἐν
1641 4602 1978 4672 θλίψεσι,τὸν
2017 4606 2074 4657 ἐν

497 4693 899 4763 στενοχωρίαις,
946 4692 1039 4745 τὸν
1084 4695 1142 4746 ἐν
1172 4693 1426 4763 πληγαῖς,
1457 4691 1546 4744 τὸν
1578 4685 1654 4745 ἐν’
1676 4690 1961 4760 φυλακαῖς,
1981 4692 2075 4746 τὸν

495 4779 556 4831 ἐν
591 4778 666 4848 τῷ
720 4778 864 4850 βυθῷ
911 4780 1250 4851 νυχθήμερον
1297 4779 1608 4848 γενόμενον,
1643 4777 1731 4830 τὸν
1766 4779 1846 4842 εἰς
1895 4779 2074 4850 τρίτον

497 4867 812 4939 ἁρπαγέντα
836 4869 1087 4940 οὐρανὸν,
1118 4869 1207 4922 τὸν
1240 4870 1296 4922 ἐν
1320 4867 1397 4938 τῷ
1424 4867 1736 4937 παραδείσῳ
1763 4866 1830 4920 τὰ
1862 4867 2074 4940 ἄρρητα

497 4955 718 5026 ῥήματα
747 4955 1073 5019 ἀκούσαντα,
1097 4954 1158 5007 τὸ
1184 4954 1375 5018 σκεῦος
1408 4955 1506 5024 τῆς
1546 4953 1793 5024 ἐκλογῆς,
1834 4953 1923 5006 τὸν
1946 4969 2076 5024 νυμ-

495 5041 750 5108 φαγωγὺν
770 5041 864 5094 τοῦ
894 5040 1152 5112 Χριστοῦ,
1200 5041 1292 5094 τὸν
1325 5037 1618 5110 εὐξάμενον
1663 5039 1911 5110 ἀνάθεμα
1935 5035 2072 5093 εἶναι

495 5126 719 5180 ἀπὸτοῦ
743 5127 977 5197 Χριστοῦ
1025 5127 1167 5198 ὑπὲρ
1210 5126 1318 5180 τῶν
1350 5127 1614 5196 ἀδελφῶν.
1663 5127 1774 5181 Καὶ
1824 5127 2072 5196 καθάπερ

497 5213 656 5284 σειρά
704 5230 789 5276 τις
849 5216 1057 5286 χρυσῆ,
1108 5215 1216 5267 τῶν
1263 5215 1697 5286 κατορθωμάτων
1752 5218 1781 5268 ό
1839 5215 2073 5287 ὁρμαθὸς

497 5303 637 5376 μετά
663 5304 761 5374 τῆς
787 5303 880 5357 τοῦ
923 5303 1186 5372 ὀνόματος
1222 5304 1438 5373 μνήμης
1469 5307 1581 5367 τοῖς
1630 5303 1766 5374 μετὰ
1789 5305 2073 5374 ἀκριϐείας

495 5391 852 5462 προσέχουσιν
892 5390 1268 5462 ἐπεισέρχεται
1292 5407 1305 5420 ο
1343 5391 1438 5443 καὶ
1481 5392 1542 5444 οὐ
1587 5393 1780 5462 μικρὸν
1814 5395 1943 5463 ἡμῖν
1966 5393 2072 5445 ἀπὸ

492 5477 680 5531 τούτου
703 5479 906 5548 γίνεται
931 5478 1139 5551 κέρδος.

557 5634 722 5705 ’.ξίὶεξ
739 5637 1004 5699 legendum
1035 5638 1230 5705 videtur:
1261 5639 1342 5686 τὸν
1364 5639 1633 5699 δεσμώτην,
1658 5639 1740 5687 τὸν
1779 5637 2066 5701 πρεσϐύτην,

504 5694 578 5745 ὠν
598 5694 817 5755 Παῦλον,
832 5707 886 5748 ul
908 5713 1082 5748 scmus'
1103 5700 1328 5761 quadret.

1203 341 1260 396 S.
1299 337 1588 398 IOANNIS
1623 338 2068 399 CIIRYSOSTOI

2168 339 2481 398 ARCHIEP.
2522 333 3067 399 CONS'I‘ANTINOP.

3626 323 3731 382 ἰδ’)

2232 437 2467 509 δ’.-Ἐνῆν
2491 438 2584 492 καὶ
2606 438 2819 492 πλείονα
2837 437 3038 491 τούτων
3053 437 3129 499 εἰς
3148 433 3246 506 τὴν
3275 438 3635 510 προσηγορίαν
3654 445 3735 494 εί-

2161 529 2311 579 πεῖνο
2344 525 2457 580 ἀλλῗ
2509 527 2596 580 ἵνα
2627 529 2722 580 καὶ
2771 527 2870 597 τῆς
2907 525 3164 596 δευτέρας
3209 524 3476 596 ἁψώμεθα
3512 527 3734 594 λέξεως,

2160 612 2391 666 ἐνταῦθα
2416 613 2516 685 τὴν
2550 614 2678 684 περί
2707 611 2801 666 τοῦ
2823 611 3083 686 ὀνόματος
3126 611 3330 682 στήσας
3361 611 3614 682 θεωρίαν,
3647 617 3734 670 ἐπ’

2159 701 2385 772 ἐκείνην·
2425 700 2722 772 βαδιοῦμενι
2751 701 2955 755 λοιπόν.
2989 700 3342 772 Ὠσπερ-γὰρ
3389 701 3452 754 τὸ
3492 703 3737 770 Παῦλος

2160 789 2329 859 ὄνομα
2359 787 2557 858 πολλὴν
2604 789 2877 858 παρέσχεν
2915 788 3048 858 ήμῖν
3081 787 3366 858 εὐπορίαν,
3389 787 3532 841 οὕτω
3563 792 3737 844 καὶτὸ

2162 877 2411 942 Κλητὸς,
2439 877 2486 927 εἰ
2518 875 2912 946 βουληθείημεν
2939 874 3069 928 αὐτὸ
3100 875 3437 945 καταμαθεῖν
3459 878 3596 945 μετά
3634 880 3736 948 τῆς

2163 963 2546 1034 προσηκούσης
2597 962 2853 1032 σπουδῆς,
2876 961 2977 1030 τῆς
3024 961 3144 1032 ἴσης
3181 962 3215 1032 ἢ
3246 965 3341 1016 καὶ
3370 963 3609 1025 πλείονος
3635 968 3736 1034 ἐμ-

2163 1049 2384 1120 πλήσειε
2419 1051 2650 1121 θεωρίας
2679 1051 2844 1122 ἡμᾶς.
2877 1050 2986 1104 Kal
3015 1049 3265 1122 καθάπερ
3291 1050 3400 1105 ἀπὸ
3442 1052 3666 1122 κόσμου,
3698 1053 3732 1122 ἢ

2162 1135 2488 1207 διαδήματος
2541 1133 2819 1206 βασιλικοῦ
2873 1135 3018 1189 λίθον
3049 1135 3145 1189 Eva
3183 1152 3266 1200 τις
3305 1135 3518 1204 ἐξελὼν,
3549 1139 3642 1191 καὶ
3667 1141 3740 1191 οἰ-

2163 1221 2286 1284 κίας
2331 1222 2588 1292 λαμπρὰς
2633 1222 2726 1276 καὶ
2762 1217 3070 1285 πολυτελεῖς
3114 1223 3334 1294 ἀγροὺς,
3379 1225 3472 1278 καὶ
3510 1225 3739 1278 οἰκετῶν

2163 1308 2382 1375 ἀγέλας,
2425 1308 2518 1361 καὶ
2551 1308 2711 1380 έτερα
2752 1307 2932 1379 πολλῷ
2977 1305 3194 1362 πλείονα
3224 1310 3428 1363 τούτων
3475 1311 3740 1383 πρίασθαι

2163 1393 2362 1447 δύναιτ’
2411 1393 2497 1460 ἂν,
2553 1395 2646 1447 τὸν
2721 1395 3066 1465 μαργαρίτην
3108 1395 3442 1467 ἀποδόμενος
3491 1399 3699 1450 ἐκεῖνον
3724 1415 3736 1428 ο

2163 1480 2302 1534 οὕτω
2330 1480 2393 1550 δὴ
2420 1481 2513 1534 καὶ
2549 1482 2641 1533 ἐπὶ
2671 1480 2776 1533 τῶν
2797 1480 2956 1533 θείων
2981 1482 3260 1552 ρημάτων,
3292 1483 3358 1535 ἂν
3377 1483 3504 1552 μιᾶς
3530 1486 3741 1556 ρήσεως

2164 1566 2369 1622 ἐννοιαν
2389 1567 2688 1632 ἀναπτύξαι
2716 1565 2966 1640 θελήσῃς,
2997 1565 3196 1639 πολλήν
3219 1585 3300 1621 σοι
3330 1570 3556 1642 παρέξει
3579 1589 3742 1624 πνευο

2167 1656 2402 1726 ματικῆς
2429 1657 2690 1723 εὐπορίας
2713 1655 2989 1720 ὑπόθεσιν,
3026 1657 3126 1710 οὐκ
3164 1657 3360 1722 οἰκίας,
3389 1659 3509 1712 οὐδέ
3536 1661 3740 1732 ἀνδρά-

2165 1745 2320 1809 ποδα,
2347 1744 2468 1798 οὐδὲ
2513 1745 2722 1816 πλέθρα
2751 1745 2854 1815 γῆς
2892 1743 3213 1815 κομίζουσα,
3246 1746 3381 1800 ἀλλά
3431 1748 3740 1814 θεοσεϐείας

2165 1830 2257 1882 καὶ
2289 1829 2606 1900 φιλοσοφίας
2644 1831 2896 1902 ἀφορμάς
2927 1832 3132 1885 ἐνιεῖσα
3158 1835 3277 1895 ταῖς
3302 1834 3410 1886 τῶν
3440 1837 3742 1906 προσεχόν-

2162 1931 2270 1969 των
2293 1915 2509 1984 ψυχαῖς.
2544 1917 2740 1969 Σκόπει
2784 1913 2875 1970 οὖν
2921 1919 3052 1970 αὐτὸ
3072 1917 3230 1972 τοῦτο
3262 1919 3323 1972 τὸ
3360 1921 3627 1988 κλητὸς,
3663 1927 3744 1987 εἰς

2165 2003 2295 2074 ὅσην
2319 2005 2465 2074 ἡμᾶς
2491 2007 2822 2074 χειραγωγεῖ
2851 2005 3194 2076 πραγμάτων
3235 2007 3472 2078 ἱστορίαν
3494 2027 3626 2062 πνευ
3636 2028 3745 2079 μα-

2163 2089 2351 2143 τικῶν.
2383 2091 2475 2142 Δεῖ
2493 2089 2548 2142 δέ
2573 2090 2836 2160 πρότερον
2871 2092 3084 2161 μαθεῖν,
3115 2093 3168 2146 τί
3190 2095 3319 2146 ποτέ
3341 2096 3486 2148 ἐστιν
3521 2098 3658 2150 αὐτὸ
3685 2099 3748 2150 τὸ

2163 2178 2426 2244 Κλητός·
2455 2177 2548 2230 καί
2577 2176 2828 2248 δεύτερον
2863 2177 3133 2242 ἐξετάσαι,
3162 2182 3306 2243 τίνος
3341 2179 3524 2234 ἕνεκεν
3545 2184 3747 2254 Κοριν-

2166 2263 2299 2327 θίοις
2329 2264 2655 2317 ἐπιστέλλων
2711 2265 2870 2334 μόνον
2916 2265 3010 2318 καὶ
3054 2267 3340 2336 Ῥωμαίοις
3373 2266 3542 2332 οῦτως
3579 2271 3748 2341 ἐγρα-

2165 2349 2284 2420 ψεν,
2314 2352 2456 2424 ἄλλῳ
2479 2351 2534 2405 δὲ
2559 2351 2753 2406 οὐδενί.
2805 2353 2877 2406 Οὐ
2909 2353 3018 2425 γὰρ
3043 2353 3246 2419 ἁπλῶς,
3281 2354 3399 2408 οὐδέ
3429 2359 3551 2427 εἰκῆ
3584 2356 3748 2410 τοῦτο

2169 2442 2328 2494 ποιεῖ.
2368 2441 2430 2493 Εἰ
2460 2441 2565 2512 γὰρ
2617 2443 2775 2510 ἡμεῖς
2806 2441 2914 2494 τῶν
2947 2441 3242 2496 ἐπιστολῶν
3273 2442 3372 2504 τάς
3412 2446 3752 2515 προρρήσεις

2166 2528 2276 2597 οὐχ,
2294 2523 2480 2590 ἁπλῶς
2537 2526 2861 2597 ποιούμεθα,
2915 2527 3029 2580 ἀλλ’
3063 2528 3466 2600 ὑποδεεστέροις
3502 2531 3599 2600 μὲν
3634 2533 3752 2584 ἐπι-

2168 2613 2496 2677 στέλλοντες,
2527 2611 2587 2666 Ὀ
2610 2613 2759 2667 δεῖνα
2779 2613 2857 2683 τῷ
2883 2613 3033 2677 δεῖνι,
3059 2615 3360 2685 γράφομεν,
3393 2616 3518 2669 ὅταν
3541 2617 3597 2669 δέ
3619 2619 3750 2688 ὁμοο

2165 2701 2363 2771 τίμοις,
2398 2703 2492 2755 καὶ
2519 2702 2783 2773 δεσπότην
2815 2704 2871 2754 ἐν
2900 2705 2966 2773 τῇ
3013 2705 3313 2774 προρρήσει
3355 2704 3623 2775 καλοῦμεν
3658 2707 3750 2759 τὸν

2163 2791 2452 2861 δεχόμενον
2513 2790 2611 2862 τὴν
2665 2791 2989 2862 ἐπιστολήν·
3025 2791 3156 2845 ὅταν
3190 2792 3246 2844 δέ
3286 2792 3420 2847 πολύ
3466 2795 3565 2865 τὴν
3591 2795 3753 2859 ἀξίαν

2166 2878 2472 2948 ύπερέχωσι
2507 2877 2604 2948 τὴν
2628 2878 2925 2948 ἡμετέραν,
2951 2879 3045 2930 καὶ
3083 2876 3248 2948 ’ἐτερα
3276 2879 3494 2933 πλείονα
3523 2881 3753 2952 προστί-

2168 2965 2331 3035 θεμεν
2363 2963 2511 3036 [155]
2548 2964 2810 3034 ὀνόματα,
2851 2964 3068 3034 μείζονα
3098 2963 3285 3034 ἔχοντα
3307 2965 3403 3034 τὴν
3430 2966 3754 3037 θεραπείαν·

2166 3057 2228 3105 εἰ
2275 3049 2368 3105 οὖν
2417 3054 2578 3122 ἡμεῖς
2610 3050 2843 3122 τοσαύτῃ
2897 3050 3120 3121 προνοίᾳ
3150 3052 3485 3122 κεχρήμεθα,
3531 3056 3625 3108 καὶ
3647 3059 3756 3129 οὐχ

2168 3139 2258 3191 ἐνὶ·
2275 3139 2459 3209 τρόπῳ
2479 3139 2612 3190 πᾶσι
2642 3137 2943 3208 γράφομεν,
2969 3136 3190 3208 ἀλλά-τῇ
3226 3138 3452 3210 διαφορᾷ
3471 3141 3580 3193 τῶν
3598 3142 3758 3212 δεχο-

2173 3230 2347 3300 μένων
2377 3227 2684 3298 προσώπων
2738 3226 3104 3297 καταλλήλους
3135 3227 3433 3298 ποιούμεθα
3455 3230 3555 3294 τὰς
3577 3249 3756 3302 προσ-

2169 3319 2431 3390 ηγορίας·
2485 3317 2660 3388 πολλῷ
2693 3317 2891 3388 μᾶλλον
2931 3319 2958 3370 ό
3003 3317 3231 3384 Παῦλος,
3258 3320 3356 3389 οὐχ
3386 3319 3594 3387 ἁπλῶς,
3626 3323 3754 3376 οὐδέ

2171 3412 2296 3482 εἰκῆ
2332 3411 2542 3475 τούτοις
2571 3412 2670 3482 μέν
2696 3410 2887 3476 οὔτως,
2928 3411 3154 3475 ἐκείνοις
3178 3413 3235 3466 δέ
3266 3414 3465 3485 ἐτέρως
3491 3416 3754 3469 ἐπέστελ-

2171 3502 2282 3566 λεν,
2312 3501 2446 3555 ἀλλά
2478 3503 2614 3572 μετά
2665 3518 2808 3565 τινος
2850 3503 3040 3565 σοφίας
3072 3505 3464 3574 πνευματικῆς.
3497 3509 3618 3561 Ὅτι
3651 3511 3768 3579 μὲν

2173 3593 2346 3646 οὐδενὶ
2366 3593 2474 3646 τῶν
2496 3592 2670 3646 ἄλλων
2709 3592 3055 3656 ἐπιστέλλων,
3114 3595 3339 3662 κλητὸν
3369 3598 3558 3652 ἐαυτὸν
3585 3601 3643 3652 ἐν
3673 3601 3755 3671 τῷ

2176 3683 2444 3755 προοιμίῳ
2459 3685 2554 3753 τῆς
2573 3680 2889 3752 Ἐπιστολῆς
2910 3682 3183 3745 ἐκάλεσεν,
3207 3683 3411 3750 ἔξεστιν
3428 3689 3556 3757 ἡμῖν
3579 3689 3755 3754 αὐτάς

2175 3774 2282 3827 τῶν
2321 3772 2646 3827 Ἐπιστολῶν
2683 3773 2782 3838 τὰς
2825 3775 2999 3844 ἀρχὰς
3027 3773 3308 3828 ἐπελθοῦσι
3338 3777 3493 3830 τοῦτο
3534 3779 3748 3848 μαθεῖν.

2177 3863 2332 3927 Τίνος
2357 3862 2413 3916 δέ
2451 3863 2634 3918 ἕνεκεν
2661 3862 2818 3916 τοῦτο
2842 3862 3033 3925 ἐποίει,
3066 3862 3334 3936 ἡμέτερον
3359 3865 3426 3920 ἂν
3453 3865 3538 3937 εἴη
3564 3867 3754 3922 λοιπὸν

2176 3958 2368 4022 εἰπεῖν,
2392 3955 2606 4008 ἐπειδὰν
2629 3953 2888 4025 δείξωμεν
2906 3954 3164 4025 πρότερον
3187 3955 3240 4006 τί
3271 3957 3417 4008 ἐστιν
3445 3959 3478 4010 ὁ
3503 3960 3752 4026 κλητὸς,

2177 4047 2270 4100 καὶ
2297 4046 2350 4099 τί
2383 4046 2470 4100 διὰ
2501 4045 2600 4114 τῆς
2650 4045 2861 4115 ρήσεως
2892 4047 3036 4114 ἡμᾶς
3084 4043 3289 4110 διδάξαι
3318 4047 3347 4098 6
3383 4046 3592 4111 Παῦλος
3624 4049 3755 4118 ήθέο

2175 4138 2306 4208 λησε
2353 4136 2574 4206 ταύτης.
2605 4133 2671 4188 Τί
2700 4137 2819 4188 ποτ’
2844 4132 2934 4188 οῦν
2973 4138 3118 4207 ἡμᾶς
3148 4135 3392 4206 βούλεται
3429 4137 3633 4203 διδάξαι
3664 4139 3752 4193 διά

2175 4225 2270 4281 τοῦ
2299 4224 2524 4293 φιλητὸν
2559 4225 2748 4278 ἐαυτὸν
2779 4223 3037 4292 καλέσαις
3075 4226 3196 4279 Ὅτι
3221 4226 3319 4279 οὐκ
3346 4227 3507 4293 αὐτὸς
3544 4227 3622 4299 τῷ
3654 4231 3754 4282 Δε-

2178 4319 2349 4389 σπότῃ
2407 4315 2675 4389 προσῆλθε
2709 4314 2940 4388 πρῶτος,
2983 4316 3118 4372 ἀλλά
3149 4317 3363 4389 κληθεὶς
3397 4320 3708 4391 ὑπήκουσεν
3735 4339 3749 4353 ·

2173 4410 2274 4464 οὐκ
2293 4409 2454 4473 αὐτὸς
2483 4407 2713 4478 ἐζήτησε
2761 4395 2854 4461 καὶ
2887 4401 3066 4479 εὗρεν,
3101 4407 3214 4462 ἀλλ’
3239 4409 3436 4482 εῦρέθη
3470 4409 3755 4483 πλανώμε.

2174 4517 2290 4564 νος·
2325 4500 2424 4552 οὐκ
2452 4499 2610 4562 αὐτὸς
2637 4499 2771 4570 πρὸς
2805 4499 2865 4551 τὸ
2897 4498 3012 4568 φῶς
3049 4499 3304 4570 ἀνέϐλεψε
3339 4500 3576 4570 πρῶτος,
3616 4501 3752 4556 ἀλλά

2172 4592 2234 4646 τὸ
2258 4591 2372 4662 φῶς
2392 4589 2488 4654 τάς
2519 4589 2720 4653 οἰκείας
2736 4588 2959 4653 ἀκτῖνας
2985 4588 3120 4660 πρδς
3152 4588 3250 4652 τὰς
3277 4588 3427 4659 ὄψεις
3448 4591 3626 4662 ἀφῆκε
3653 4592 3751 4654 τάς

2173 4679 2405 4743 ἐκείνου,
2467 4679 2561 4732 καὶ
2609 4679 2735 4742 τοὺς
2791 4677 2896 4742 ἔξω
2939 4678 3201 4747 πηρώσας
3239 4677 3570 4749 ὀφθαλμοὺς,
3607 4678 3753 4732 οῦτω

2172 4772 2297 4836 τοὺς
2327 4770 2533 4826 ἔνδοθεν
2564 4771 2760 4842 ἦνοιξε.
2799 4769 3126 4840 Βουλόμενος
3160 4764 3252 4824 οὖν
3276 4772 3424 4842 ἡμᾶς
3465 4770 3762 4825 παιδεῦσαι·

2173 4863 2255 4915 ὅτι
2294 4860 2401 4914 τῶν
2457 4860 2905 4932 κατορθωμάτων·
2934 4859 3098 4913 αὐτοῦ
3150 4859 3366 4914 πάντων
3385 4861 3538 4915 οὐδὲν
3571 4861 3750 4932 ἐαυτῷ

2173 4953 2462 5022 λογίζεται,
2498 4952 2634 5006 άλλά
2670 4951 2748 5023 τῷ
2798 4950 3087 5019 κεκληκότι
3117 4951 3256 5023 Θεῷ,
3291 4954 3519 5014 κλητὸν
3557 4954 3750 5007 ἐαυτὸν

2172 5045 2347 5098 καλεῖ.
2391 5044 2446 5097 'O
2475 5043 2583 5116 γάρ
2609 5043 2705 5107 τάς
2732 5041 2903 5106 πύλας
2929 5059 3018 5113 μοι
3037 5043 3128 5094 τοῦ
3155 5043 3476 5114 σκάμματος
3510 5045 3747 5111 ἀνοίξας,

2173 5137 2326 5207 φησί,
2363 5139 2454 5190 καὶ
2480 5139 2540 5190 τὸ
2572 5138 2802 5200 στάδιον,
2833 5131 2986 5201 οὗτος
3017 5138 3240 5190 καὶτῶν
3267 5137 3542 5206 στεφάνων
3576 5135 3747 5198 αἴτιος

2172 5229 2377 5297 γίνεται
2397 5243 2411 5257 '
2445 5230 2472 5282 ὁ
2497 5227 2592 5299 τὴν
2625 5229 2796 5301 ἀρχὴν
2825 5227 3122 5300 παρασχὼν
3149 5230 3241 5282 καὶ
3267 5229 3365 5299 τὴν
3389 5227 3544 5300 ρίζαν
3579 5243 3749 5280 κατα-

2174 5319 2515 5390 ϐαλλόμενος,
2579 5312 2733 5383 οὗτος
2771 5321 2866 5374 καὶ
2897 5321 3002 5374 τῶν
3031 5320 3446 5390 βλαστησάντων
3487 5335 3577 5388 μοι
3607 5317 3746 5387 μετά

2171 5411 2342 5465 ταῦτα
2371 5411 2599 5484 καρπῶν
2639 5413 2876 5486 παρέσχε
2909 5430 2997 5483 μοι
3027 5412 3124 5474 τὰς
3156 5411 3428 5482 ἀφορμάς.
3462 5409 3562 5463 Διά
3592 5407 3756 5462 τοῦτο

2172 5500 2267 5552 καὶ
2309 5500 2543 5572 ἀλλαχοῦ
2599 5500 2758 5556 πάλιν
2793 5501 2981 5566 εἰπὼν,
3042 5501 3297 5554 Πλείονα
3327 5498 3570 5553 πάντων
3611 5498 3747 5551 ἐκοο

2171 5592 2380 5660 xitum,
2415 5595 2712 5666 ἐπήγαγεν,
2744 5597 2865 5650 Οὐκ
2887 5593 3001 5665 ἐγὼ
3021 5592 3107 5658 δὲ,
3136 5593 3274 5648 ἀλλ’
3297 5594 3334 5661 ἠ
3373 5591 3546 5662 χάρις
3566 5592 3604 5659 ἠ
3627 5588 3750 5644 σὺν

2173 5689 2321 5759 ἐμοί.
2371 5689 2442 5742 Τὸ
2468 5684 2560 5743 οὖν
2609 5687 2842 5756 κλητὸς
2898 5687 3067 5758 ὄνομα
3093 5684 3306 5751 οὐδενός
3334 5685 3481 5739 ἐστιν
3528 5679 3746 5744 ἔνδειξις
