4060 6252
314 370 425 430 149

310 508 435 550 rum
460 490 827 555 conceperant
852 499 867 536 :
896 482 1042 538 Deus
1065 488 1242 536 autem
1273 476 1585 533 memoriam
1613 471 1821 527 virtutis
1850 483 1915 523 ac

310 584 613 641 doctrinam
646 587 918 648 tamquam
946 573 1001 629 in
1028 586 1168 628 azrea
1195 569 1440 626 columna
1477 568 1529 622 in
1559 562 1914 637 appellatione

308 684 624 733 sanctorum
651 668 915 726 recondit.

387 765 533 821 Petri
557 778 739 818 nomen
760 757 887 831 quid
909 757 1157 828 designet.
1202 753 1581 822 Prwceptorum
1601 747 1805 802 nomina
1825 760 1913 797 ve-

898 366 967 425 IN
1005 350 1237 447 ILLUD,
1272 358 1548 422 murus
1586 346 1891 414 VOCATUS

1995 344 2058 408 ET
2101 348 2188 406 DE
2228 349 2489 411 MUTAT.
2528 353 2861 416 NOMINUM.
2906 358 2995 416 IV.

3506 360 3605 425 150

2024 475 2198 519 tantur
2220 469 2465 538 epistolis.
2492 473 2957 533 —Potuissemus
3001 478 3085 535 his
3131 477 3290 537 etiam
3336 481 3486 554 plura
3536 490 3606 542 de

2021 558 2239 614 nomine
2259 559 2445 616 dicere
2469 581 2482 616 :
2509 563 2602 619 sed
2634 574 2691 619 ut
2728 569 3016 623 secundam
3065 586 3278 641 quoque
3314 574 3603 634 dictionem

2017 649 2384 721 attingamus,
2431 652 2522 709 hic
2556 654 2701 712 ﬁnita
2744 658 2812 713 de
2857 660 3073 717 nomine
3118 667 3603 737 contemplatione,

2016 743 2270 835 deinceps
2294 747 2520 819 gradum
2546 752 2611 807 ad
2635 754 2775 809 illam
2808 757 3082 815 faciemus.
3111 760 3176 818 Ut
3204 766 3346 820 enim
3385 783 3604 835 nomen,

303 856 566 914 sacranda.
592 883 665 895 -—
692 852 913 907 Petrum
942 847 1156 919 quidem
1185 853 1331 901 certe
1354 858 1382 896 a
1413 843 1607 896 virtute
1647 838 1724 892 sic
1753 851 1917 891 voca.-
2016 834 2242 907 Paulus,
2271 841 2499 899 multum
2525 844 2681 900 nobis
2719 846 2853 903 lucri
2881 856 3231 922 comparavit,
3279 860 3348 911 ira
3380 869 3434 913 ει
3476 834 3607 916 illud

308 951 403 1014 vit,
436 956 493 1003 et
523 947 575 1001 in
605 945 723 1015 ejus
746 941 965 998 nomine
1005 937 1272 993 ﬁrmitatis
1306 934 1428 989 ﬁdei
1462 938 1829 1003 argumentum
1857 935 1912 982 et

310 1040 573 1095 iudicium
620 1032 940 1097 collocavit,
984 1039 1044 1085 ut
1080 1026 1433 1098 appellatione
1475 1038 1607 1087 sua,
1655 1029 1910 1091 perpetua

308 1141 585 1203 tamquam
612 1128 867 1197 magistra
895 1122 1124 1194 quadam
1153 1117 1414 1190 ejusmodi
1444 1114 1708 1170 ﬁrmitatis
1732 1154 1747 1177 ,
1790 1118 1905 1165 uta-

309 1230 395 1280 tur
420 1221 638 1295 (Matth.
670 1216 895 1288 16.18).
928 1214 1187 1269 Joannem
1227 1223 1441 1280 quoque
1476 1222 1540 1262 ac
1576 1205 1832 1260 Jacobum
1873 1217 1905 1257 a

310 1312 682 1384 magnitudine
710 1308 859 1363 vocis
883 1306 935 1360 in
964 1302 1242 1374 evangelio
1280 1296 1619 1369 praedicando
1645 1303 1770 1349 nota
1806 1307 1904 1347 vo-

306 1404 472 1461 cavit.
514 1402 622 1459 Sed
663 1416 732 1457 ne
768 1398 954 1454 eadem
985 1409 1169 1451 rursus
1210 1390 1558 1447 memorando
1604 1386 1905 1442 molestiam

306 1496 482 1566 pariat
501 1493 675 1549 oratio
701 1500 904 1556 nostra,
928 1488 1010 1542 his
1032 1485 1247 1541 omissis
1271 1483 1401 1538 illud
1423 1482 1619 1548 dicam,
1643 1480 1760 1550 ipsa
1780 1493 1905 1531 san-

304 1596 517 1643 ctorum
550 1586 765 1641 nomina
793 1581 1020 1638 scorsim
1046 1593 1259 1648 semper
1280 1575 1542 1647 religiosis
1572 1583 1624 1628 et
1652 1573 1751 1643 piis
1771 1571 1901 1626 viris

302 1678 655 1735 veneratione
693 1675 850 1746 digna
882 1687 1023 1737 esse,
1055 1686 1118 1727 ac
1149 1669 1514 1741 peccatoribus
1541 1664 1897 1722 formidanda.

303 1769 616 1826 Onesimum
645 1766 859 1838 quidem
899 1775 1068 1832 certe,
1100 1762 1188 1833 qui
1219 1761 1468 1832 fugitivus
1492 1768 1548 1814 et
1573 1759 1656 1812 fur
1680 1757 1902 1813 exstite-

298 1870 410 1927 rat,
431 1869 485 1914 et
514 1859 580 1913 de
610 1857 835 1928 pecunia
864 1855 1022 1911 herili
1050 1852 1321 1925 quidpiam
1351 1853 1744 1915 interverterat,
1774 1862 1898 1903 cum

297 1951 626 2020 suscepisset
648 1949 863 2011 Paulus.
891 1960 1119 2016 cumque
1146 1944 1498 2007 immutasset,
1524 1950 1682 2011 atque
1708 1941 1778 1993 ita
1808 1954 1898 1993 sa-

297 2045 411 2100 cris
450 2042 718 2114 mysteriis
758 2040 1047 2104 initiasset;
1089 2052 1209 2092 cum
1246 2035 1496 2105 deinceps
1525 2047 1647 2087 cum
1677 2031 1896 2086 domino

299 2148 402 2190 suo
426 2134 731 2189 redditurus
765 2140 928 2197 esset,
960 2131 1074 2184 haec
1101 2127 1168 2182 ad
1199 2127 1344 2181 illum
1389 2124 1594 2194 scripsit
1631 2139 1644 2175 :
1676 2121 1898 2191 PrOpter

296 2225 441 2293 quod
465 2223 677 2277 multum
706 2222 946 2292 ﬁduciam
972 2220 1159 2273 habens
1185 2219 1236 2271 in
1264 2215 1465 2272 Christo
1492 2212 1778 2284 imperandi
1803 2211 1894 2264 tibi

296 2318 438 2389 quod
463 2316 531 2370 ad
555 2334 660 2371 rem
694 2316 906 2386 pertinet
942 2321 1148 2383 propter
1176 2310 1457 2377 caritatem,
1480 2308 1641 2376 magis
1666 2305 1889 2371 obsecro,

296 2425 416 2463 cum
434 2409 531 2463 sim
552 2408 687 2472 talis,
714 2416 768 2459 ut
795 2405 993 2460 Paulus
1014 2419 1186 2468 senex,
1215 2417 1348 2455 nunc
1373 2408 1540 2453 autem
1563 2408 1609 2451 et
1625 2398 1817 2450 vinctus
1838 2395 1891 2448 in

294 2497 499 2555 Christo
522 2496 649 2554 Iesu
675 2496 845 2569 (Phil.
865 2514 913 2552 υ.
941 2495 995 2551 8.
1021 2492 1099 2567 9).
1126 2492 1287 2547 Vides
1308 2491 1453 2545 illum
1475 2488 1742 2543 addidisse
1770 2486 1887 2552 tria,

293 2588 510 2644 vincula
538 2596 757 2657 propter
770 2584 1064 2652 Christum,
1083 2583 1543 2638 conversationem
1565 2579 1634 2633 ob
1654 2585 1907 2651 mntem,-

294 2687 353 2735 ct
376 2678 610 2733 nominis
634 2675 1027 2732 reverentiam?
1050 2673 1180 2728 Nam
1204 2687 1323 2727 cum
1352 2684 1490 2726 unus
1508 2677 1651 2723 esset
1679 2666 1769 2737 qui
1794 2665 1890 2721 ob-

295 2768 545 2825 secrabat
567 2809 582 2835 ,
614 2767 877 2837 triplicem
906 2780 1027 2820 eum
1057 2762 1348 2819 conabatur
1390 2759 1603 2815 cflicere
1623 2800 1639 2824 ,
1670 2757 1760 2827 qui
1793 2770 1888 2826 pro

294 2860 552 2916 Onesimo
595 2856 949 2928 supplicabat,
982 2855 1249 2917 vinctum,
1281 2867 1487 2917 senem,
1518 2849 1765 2905 Paulum.
1801 2847 1888 2901 \‘i-

293 2951 393 3008 des
420 2952 532 3021 ipsa
575 2949 799 3006 scorsim
830 2948 1044 3003 nomina
1076 2942 1376 3001 veneranda
1403 2957 1522 2998 esse
1548 2940 1793 2996 ﬁdelibus
1824 2953 1887 2993 ac

292 3042 584 3114 religiosa?
607 3042 663 3097 Si
691 3041 834 3097 enim
855 3040 1033 3095 dilecti
1062 3036 1211 3093 ﬁlioli
1234 3050 1431 3091 nomen
1455 3040 1761 3102 usurpatum
1787 3045 1889 3085 sa:-

293 3148 366 3206 pe
390 3135 477 3190 vel
506 3134 726 3189 invitum
757 3140 1030 3203 parentem
1062 3129 1129 3185 ad
1157 3126 1539 3185 conferendum
1568 3123 1885 3180 beneﬁcium

295 3227 505 3284 inflexit
537 3227 608 3282 ob
632 3225 865 3282 nominis
889 3238 1127 3280 amorem
1148 3264 1163 3288 ,
1208 3221 1377 3276 multo
1407 3218 1576 3288 magis
1605 3218 1656 3273 in
1689 3214 1887 3271 sanctis

291 3323 345 3379 id
378 3323 578 3379 habere
604 3322 782 3377 locum
821 3321 1064 3376 decebat.
1096 3319 1263 3374 Porro
1298 3315 1649 3372 formidabilia
1676 3326 1888 3384 quoque

293 3413 665 3483 peccatoribus
691 3427 831 3479 esse,
864 3410 1312 3483 quemadmodum
1342 3409 1502 3479 pigris
1525 3406 1762 3478 puerulis
1790 3419 1886 3458 no-

291 3505 436 3560 mina
455 3504 852 3576 magistrorum,
883 3503 1007 3559 audi
1032 3517 1137 3573 quo
1157 3511 1311 3572 pacto
1332 3500 1526 3555 Paulus
1553 3497 1792 3554 scribens
1816 3495 1883 3549 ad

289 3596 512 3653 Galatas
538 3596 905 3652 subindicarit.
926 3594 1059 3651 Nam
1080 3594 1331 3666 quoniam
1353 3593 1419 3648 ad
1438 3591 1712 3647 ludaicam
1737 3589 1887 3645 inﬁr-

288 3689 535 3744 mitatem
565 3688 925 3756 declinarant,
954 3696 1010 3743 et
1032 3687 1101 3742 de
1128 3688 1239 3757 ipsa
1281 3684 1386 3741 fide
1426 3683 1881 3756 periclitabantur,

288 3796 412 3836 cum
440 3781 560 3836 illos
580 3781 740 3836 vellet
764 3782 968 3852 erigere
992 3796 1055 3836 ac
1076 3780 1181 3835 illis
1203 3777 1541 3850 persuadere,
1566 3784 1625 3830 ut
1644 3776 1695 3829 in
1723 3790 1888 3832 evan-

288 3870 517 3941 gelicam
544 3871 842 3943 doctrinam
869 3872 1000 3926 nihil
1040 3871 1317 3927 Judaicum
1345 3869 1778 3931 introducerent,
1813 3867 1883 3921 ita

290 3960 506 4030 scripsit
538 3978 552 4014 :
586 3958 722 4015 Ecce
750 3979 841 4032 ego
884 3962 1082 4017 Paulus
1116 3961 1229 4015 dico
1272 3961 1429 4027 vobis,
1456 3961 1694 4028 quoniam
1717 3959 1762 4012 si
1785 3958 1886 4012 cir—

291 4052 675 4119 cumcidamini,
706 4050 935 4107 Christus
971 4053 1108 4107 vobis
1137 4052 1264 4106 nihil
1293 4051 1518 4122 proderit
1542 4050 1683 4123 (Gal.
1711 4051 1767 4106 5.
1800 4048 1883 4118 2).

294 4142 505 4210 Dixisti,
537 4143 652 4215 Ego
683 4158 702 4198 :
731 4159 828 4199 cur
849 4143 1099 4200 addidisti
1130 4144 1365 4199 nomen?
1394 4142 1527 4198 Num
1559 4142 1702 4199 enim
1731 4141 1882 4209 illud,

293 4232 427 4305 Ego,
449 4233 750 4289 sufﬁciebat
772 4234 839 4289 ad
863 4249 984 4290 eum
1013 4234 1352 4289 indicandum
1374 4234 1464 4304 qui
1489 4234 1793 4293 scribebat?
1814 4232 1884 4288 Ut

292 4326 549 4383 nimirum
597 4326 773 4382 discas
826 4328 997 4397 ipsum
1064 4327 1296 4381 nominis
1344 4326 1762 4381 additamentum
1816 4324 1884 4380 ad

290 4417 715 4475 commovendos
740 4418 1043 4473 auditorum
1088 4417 1296 4473 animos
1321 4416 1615 4481 suffecisse,
1644 4427 1886 4487 prepter-

292 4521 354 4563 ea
380 4522 578 4565 nomen
602 4508 766 4575 addit,
798 4517 858 4565 ut
898 4509 977 4565 eis
1005 4509 1318 4564 memoriam
1344 4508 1561 4564 refricct
1587 4515 1885 4578 praecepto-

290 4599 385 4654 ris.
426 4598 573 4654 ldcm
614 4615 828 4671 quoque
855 4599 1009 4657 nobis
1038 4600 1228 4656 accidit
1258 4617 1274 4654 :
1307 4615 1429 4655 cum
1459 4599 1600 4655 enim
1630 4598 1784 4655 nobis
1827 4599 1882 4655 in

290 4691 607 4746 memoriam
634 4691 804 4747 sancti
842 4701 1179 4758 revocantur,
1212 4692 1424 4747 tametsi
1459 4691 1661 4747 desidia
1702 4699 1884 4761 torpe-

285 4782 529 4850 scimus,
583 4783 913 4850 excitamur;
967 4783 1093 4838 licet
1136 4790 1562 4845 contemnamus,
1596 4790 1881 4838 terremur.

288 4874 512 4930 Paulum
552 4875 766 4945 quidem
803 4884 951 4932 certe
982 4877 1280 4946 apostolum
1329 4891 1451 4930 cum
1481 4875 1660 4941 audio,
1703 4876 1884 4931 animo

286 4965 502 5021 intueor
539 4966 723 5033 illum,
766 4968 857 5039 qui
894 4968 947 5022 in
996 4968 1423 5024 tribulationibus
1463 4968 1796 5035 versabatur,
1828 4969 1881 5023 in

284 5058 570 5128 angustiis,
599 5058 654 5113 in
684 5059 875 5131 plagis,
906 5062 957 5115 in
986 5060 1307 5127 carceribus,
1337 5061 1427 5132 qui
1470 5062 1626 5117 unius
1651 5062 1756 5119 dici
1788 5079 1885 5118 no-

284 5148 496 5218 ctisque
522 5149 698 5219 spatio
723 5149 777 5204 in
812 5150 1077 5220 profundo
1103 5154 1266 5208 maris
1292 5151 1408 5219 fuit,
1431 5153 1520 5224 qui
1545 5154 1761 5209 tertium
1791 5170 1881 5210 ra-

286 5248 410 5307 ptus
435 5240 490 5294 in
530 5240 724 5295 caelum
751 5241 868 5309 fuit,
901 5244 990 5313 qui
1021 5243 1073 5298 in
1106 5244 1353 5313 paradiso
1380 5246 1541 5301 verba
1570 5246 1775 5302 audivit
1797 5262 1885 5303 ar-

284 5344 456 5399 cana,
494 5345 590 5385 vas
626 5333 943 5402 electionis,
967 5335 1167 5391 Christi
1212 5337 1669 5408 paranymphum,
1715 5337 1806 5408 qui
1851 5354 1882 5395 a

284 5420 505 5478 Christo
542 5424 827 5481 anathema
853 5441 975 5483 esse
1014 5442 1111 5497 pro
1138 5426 1391 5484 fratribus
1433 5430 1655 5499 optavit.
1702 5428 1884 5500 Itaque

286 5523 560 5585 tamquam
589 5532 751 5573 aurea
780 5519 1023 5589 quaedam
1053 5529 1237 5576 catena
1268 5530 1411 5577 recte
1440 5503 1700 5577 factorum
1728 5522 1881 5579 turba

283 5622 410 5661 cum
432 5609 667 5666 nominis
704 5612 963 5668 memoria
1003 5626 1123 5668 sese
1160 5612 1353 5684 ingerit
1380 5615 1465 5680 iis,
1480 5614 1571 5685 qui
1600 5614 1884 5686 diligenter

285 5701 614 5758 attenderint
642 5720 656 5756 :
688 5718 863 5776 neque
891 5705 1159 5763 mediocre
1187 5708 1310 5764 inde
1335 5709 1540 5765 lucrum
1554 5710 1879 5781 decerpitur.

360 5793 414 5849 ι.
458 5793 536 5850 De
569 5793 808 5864 dictione,
846 5796 1093 5865 Vocatus,
1126 5802 1267 5871 agit;
1306 5802 1633 5858 salutationes
1656 5805 1879 5877 premit-

2022 926 2261 996 Vocatus,
2285 932 2330 986 si
2358 935 2699 991 convenienti
2716 940 2893 995 studio
2919 944 3148 1001 velimus
3170 948 3298 1003 illud
3318 950 3568 1020 indagare
3590 996 3604 1018 ,

2013 1034 2120 1074 non
2167 1021 2360 1077 minori
2414 1025 2497 1079 vel
2546 1027 2707 1082 etiam
2754 1032 2940 1101 majori
2996 1050 3095 1090 nos
3148 1042 3607 1111 contemplatione

2011 1111 2320 1180 complebit.
2351 1114 2418 1168 Et
2436 1118 2887 1187 quemadmodum
2905 1124 2949 1179 si
2972 1127 3091 1195 quis
3121 1143 3187 1183 ex
3209 1132 3409 1185 mundo
3436 1148 3606 1188 aureo

2011 1204 2096 1258 vel
2123 1207 2271 1275 regio
2290 1207 2592 1268 diademate
2620 1213 2861 1284 lapillum
2896 1233 3058 1275 unum
3090 1222 3309 1290 eximat,
3338 1234 3393 1279 et
3409 1224 3603 1282 domos

2009 1295 2339 1364 Splendidas,
2371 1310 2425 1354 et
2454 1317 2612 1372 agros
2633 1307 2809 1374 magni
2833 1310 3012 1377 pretii,
3043 1326 3105 1367 ac
3132 1313 3448 1372 famulorum
3477 1333 3602 1387 gre-

2005 1403 2100 1458 ges
2144 1389 2358 1460 aliaque
2396 1393 2563 1448 multo
2592 1394 2674 1451 his
2722 1399 2922 1468 majora
2964 1416 3211 1458 coemere
3240 1406 3464 1473 poterit,
3510 1409 3600 1464 illa

2006 1482 2294 1549 margarita
2320 1482 2595 1539 divendita
2624 1505 2637 1540 :
2668 1488 2737 1541 ita
2768 1505 2979 1561 quoque
3002 1492 3093 1549 ﬁet
3119 1494 3170 1549 in
3197 1497 3374 1551 verbis
3398 1500 3596 1556 sacris:

2005 1571 2050 1626 si
2078 1572 2235 1626 unius
2259 1573 2507 1630 dictionis
2529 1592 2746 1634 sensum
2775 1581 2908 1636 velis
2935 1584 3206 1652 evolvere,
3238 1588 3457 1642 multam
3489 1593 3599 1659 spi-

2004 1663 2208 1718 ritualis
2236 1665 2329 1719 tibi
2377 1677 2613 1736 qurestus
2650 1673 2928 1727 materiam
2982 1674 3273 1743 prmbebit;
3319 1694 3425 1732 non
3453 1680 3596 1748 quod

2003 1752 2192 1808 domos
2216 1762 2309 1809 aut
2333 1758 2598 1827 mancipia
2634 1762 2717 1815 vel
2750 1770 2904 1815 terrae
2924 1763 3111 1834 jugera
3160 1767 3250 1820 tibi
3299 1779 3593 1838 comparet,

2001 1844 2096 1901 sed
2118 1846 2260 1915 quod
2301 1848 2514 1916 pietatis
2561 1865 2624 1905 ac
2669 1851 3025 1923 philosoiibia:
3060 1857 3370 1913 occasiones
3410 1860 3597 1915 afferat

2001 1949 2187 1993 eorum
2218 1940 2517 2009 animabus,
2540 1944 2630 2013 qui
2656 1947 2843 2001 attenti
2871 1962 2934 2001 ac
2958 1949 3127 2003 seduli
3164 1950 3380 2005 fuerint.
3418 1952 3592 2021 Ipsum

2001 2028 2162 2098 igitur
2190 2029 2339 2096 illud,
2383 2030 2624 2099 Vocatus,
2647 2036 2927 2091 considera
2960 2038 3029 2092 ad
3059 2050 3311 2108 quantam
3339 2043 3593 2112 spiritua-

2000 2117 2127 2171 lium
2160 2134 2338 2173 rerum
2367 2119 2643 2176 historiam
2668 2140 2767 2179 nos
2786 2115 3043 2181 deducat.
3072 2129 3228 2185 Prius
3254 2141 3431 2186 autem
3462 2133 3591 2188 illud

1997 2208 2309 2265 discendum
2359 2221 2461 2278 est,
2506 2214 2633 2285 quid
2679 2217 2748 2271 sit
2800 2218 2927 2273 illud
2973 2220 3172 2289 ipsum,
3233 2221 3467 2291 Vocatus,
3527 2241 3592 2280 ac

1996 2300 2191 2357 deinde
2211 2306 2577 2375 scrutandum,
2604 2323 2763 2378 quam
2794 2311 3007 2367 tandem
3035 2313 3104 2368 ob
3154 2330 3368 2370 causam
3397 2317 3461 2371 ad
3492 2317 3594 2372 Cu-

2003 2396 2242 2453 rinthios
2273 2399 2454 2455 solum
2486 2412 2542 2457 et
2570 2403 2636 2457 ad
2670 2402 2951 2464 Romanos
2978 2407 3157 2479 (Rom.
3194 2412 3245 2465 1.
3274 2412 3346 2482 1),
3376 2429 3485 2467 non
3522 2413 3593 2469 ad

2005 2487 2179 2541 ullum
2198 2489 2567 2549 aliumliteras
2585 2495 2805 2551 mittens
2825 2496 2899 2550 ita
2919 2499 3429 2573 scripserit.Neque
3441 2507 3591 2559 enim

1995 2577 2114 2634 sine
2143 2593 2304 2634 causa
2334 2582 2417 2636 vel
2449 2591 2650 2639 temere
2693 2584 2745 2638 id
2797 2585 2942 2639 facit.
2971 2586 3103 2640 Nam
3136 2589 3180 2642 si
3225 2604 3324 2643 nos
3351 2589 3593 2659 epistolis

1994 2681 2100 2722 non
2132 2678 2334 2726 temere
2364 2671 2741 2742 inscriptiones
2764 2676 3109 2746 praeﬁgimus,
3133 2678 3228 2732 sed
3272 2678 3319 2733 si
3354 2680 3420 2733 ad
3452 2680 3590 2735 infe-

1994 2758 2167 2815 riores
2212 2762 2394 2817 literas
2425 2765 2721 2833 mittamus,
2755 2766 2900 2821 Talis
2942 2768 3070 2834 tali,
3110 2770 3433 2834 scribimus;
3466 2787 3588 2826 cum

1993 2857 2172 2902 autem
2223 2851 2289 2905 ad
2319 2853 2575 2922 mquales,
2618 2856 2779 2910 etiam
2816 2856 3091 2913 dominum
3138 2859 3192 2913 in
3241 2860 3590 2929 inscriptione

1993 2953 2247 2996 vocamus
2276 2957 2423 3011 eum,
2447 2946 2536 3015 qui
2575 2947 2860 3015 epistolam
2900 2950 3120 3019 recipit;
3162 2965 3284 3006 cum
3325 2968 3454 3008 vero
3489 2968 3589 3007 uo.

1993 3038 2160 3086 stram
2180 3031 2495 3102 dignitatem
2536 3035 2693 3107 longe
2719 3038 3021 3108 excedunt,
3063 3041 3166 3095 alia
3188 3058 3404 3113 quoque
3435 3043 3587 3114 plura

1991 3122 2273 3192 adjicimus
2303 3128 2540 3197 nomina,
2571 3144 2692 3200 quae
2724 3131 2982 3202 majorem
3005 3134 3207 3190 cultum
3246 3146 3299 3191 et
3324 3136 3587 3194 honorem

1992 3232 2103 3287 pra:
2129 3232 2188 3273 se
2219 3217 2412 3273 ferant.
2442 3219 2594 3288 Quod
2617 3222 2663 3277 si
2689 3239 2788 3279 nos
2814 3232 3013 3281 tantam
3039 3242 3221 3283 curam
3244 3228 3584 3297 adhibemus,

1991 3325 2165 3382 neque
2219 3311 2409 3367 eodem
2442 3314 2604 3370 modo
2652 3315 2721 3371 ad
2762 3332 2951 3373 omnes
2998 3320 3304 3389 scribimus,
3351 3321 3447 3378 sed
3486 3337 3587 3394 pro

1990 3403 2250 3458 varietate
2293 3419 2641 3472 personarum
2672 3423 2791 3476 quae
2820 3408 3003 3465 literas
3050 3413 3349 3483 recipiunt,
3380 3430 3584 3471 conve-

1989 3496 2202 3549 nientes
2222 3496 2608 3565 appellationes
2629 3500 3002 3567 praemittimus
3022 3519 3036 3555 :
3070 3504 3237 3556 multo
3255 3505 3424 3573 magis
3444 3505 3585 3560 Pau-

1990 3584 2074 3643 lus
2101 3602 2209 3643 non
2256 3597 2479 3655 temere,
2509 3600 2600 3645 aut
2628 3592 2742 3646 sine
2762 3607 2922 3647 causa
2957 3593 3058 3649 hoc
3100 3595 3259 3649 modo
3280 3595 3346 3650 ad
3373 3596 3492 3664 hos,
3516 3598 3583 3653 ad

1989 3680 2109 3735 illos
2137 3680 2242 3735 alio
2278 3681 2438 3736 modo
2468 3682 2757 3749 scribebat,
2798 3683 2892 3738 sed
2942 3699 3062 3739 cum
3110 3686 3287 3756 aliqua
3318 3688 3584 3757 spirituali

1989 3771 2271 3841 sapientia.
2299 3774 2378 3827 Ac
2408 3773 2542 3826 nulli
2572 3773 2790 3843 quidem
2840 3775 2991 3829 alteri
3047 3776 3350 3832 mittentem
3399 3779 3583 3834 literas

1987 3871 2223 3916 vocatum
2251 3878 2373 3918 eum
2406 3863 2457 3917 in
2490 3864 2712 3919 exordio
2733 3857 2973 3934 epistola:
2995 3868 3232 3936 seipsum
3253 3868 3575 3938 appellasse,

1988 3953 2231 4010 decursis
2257 3955 2386 4025 ipsis
2414 3956 2763 4026 epistolarum
2814 3957 2980 4012 initiis
3022 3957 3233 4014 discere
3275 3974 3581 4029 possumus.

1988 4044 2096 4100 Cur
2148 4054 2328 4100 autem
2359 4046 2413 4101 id
2462 4057 2665 4118 ageret,
2716 4048 2830 4119 jam
2885 4058 3128 4104 nostrum
3176 4058 3257 4105 est
3287 4050 3488 4117 dicere,
3534 4051 3582 4105 si

1986 4139 2134 4209 prius
2164 4138 2290 4208 quid
2316 4140 2407 4206 sit,
2448 4150 2653 4194 vocatus
2677 4182 2692 4207 ,
2720 4140 3271 4197 demonstraverimus
3293 4182 3309 4206 ,
3336 4141 3584 4212 quidque

1987 4243 2087 4284 nos
2116 4243 2211 4299 per
2235 4229 2373 4285 hanc
2399 4230 2687 4286 dictionem
2715 4231 2912 4287 docere
2942 4230 3137 4288 Paulus
3157 4232 3405 4287 voluerit.
3438 4230 3577 4299 Quid

1986 4334 2115 4390 ergo
2144 4319 2340 4375 docere
2385 4336 2485 4375 nos
2510 4322 2621 4375 vult
2659 4321 2879 4388 Paulus,
2925 4336 3046 4377 cum
3085 4323 3319 4393 seipsum
3346 4332 3580 4377 vocatum

1986 4411 2260 4480 appellat?
2286 4410 2357 4466 Se
2383 4411 2636 4466 nimirum
2668 4414 2900 4482 priorem
2922 4414 2989 4468 ad
3016 4414 3299 4469 Dominum
3352 4430 3458 4469 non
3493 4428 3583 4469 ac-

1986 4505 2254 4571 cessisse,
2315 4520 2501 4560 verum
2555 4515 2802 4561 vocatum
2851 4505 3203 4561 obedivisse:
3248 4521 3353 4560 non
3405 4506 3580 4576 ipsum

1987 4595 2303 4667 quresivisse
2329 4605 2491 4667 atque
2521 4596 2813 4662 invenisse,
2843 4596 2940 4652 sed
2984 4612 3105 4652 cum
3145 4597 3469 4663 aberrasset,
3500 4597 3584 4651 in-

1986 4699 2202 4746 ventum
2220 4705 2341 4747 esse
2367 4709 2380 4745 2
2400 4706 2506 4745 non
2524 4691 2698 4761 ipsum
2721 4691 2789 4745 ad
2810 4690 2985 4745 lucem
3001 4690 3309 4760 respexisse
3326 4690 3579 4760 primum,

1986 4783 2083 4841 sed
2112 4784 2287 4840 lucem
2312 4783 2494 4839 radios
2514 4798 2643 4839 suos
2690 4784 2743 4838 in
2782 4783 2899 4853 ejus
2924 4782 3205 4852 palpebras
3232 4783 3497 4850 vibrassc,
3526 4791 3583 4838 et

1988 4876 2348 4933 exterioribus
2387 4877 2557 4932 oculis
2610 4875 2829 4942 orbato,
2879 4874 3163 4930 interiores
3221 4874 3416 4930 deinde
3461 4888 3583 4931 esse

1990 4977 2282 5024 reseratos.
2313 4968 2447 5023 Cum
2480 4968 2639 5038 igitur
2677 4967 2875 5022 docere
2914 4981 3015 5022 nos
3056 4967 3251 5034 vellet,
3282 4981 3342 5021 se
3375 4966 3581 5022 nullum

1990 5078 2055 5117 ex
2086 5062 2199 5117 suis
2226 5071 2371 5117 recte
2421 5061 2578 5116 factis
2616 5059 2867 5115 omnibus
2920 5059 3130 5130 sibiipsi
3180 5060 3436 5125 tribuere,
3484 5058 3578 5114 sed

1988 5156 2101 5211 Deo
2125 5155 2215 5226 qui
2237 5154 2466 5220 vocavit,
2497 5153 2733 5224 seipsum
2782 5162 3011 5207 vocatum
3047 5153 3298 5223 appellat.
3329 5152 3462 5207 Nam
3491 5150 3583 5222 qui

1987 5245 2149 5303 stadii
2174 5244 2305 5300 mihi
2328 5244 2472 5301 fores
2515 5245 2747 5316 aperuit,
2795 5244 2990 5315 inquit,
3017 5253 3074 5300 et
3120 5244 3449 5307 scammatis,
3492 5242 3582 5295 ille

1987 5352 2309 5393 coronarum
2332 5336 2494 5392 etiam
2533 5345 2615 5392 est
2641 5344 2864 5392 auctor:
2892 5336 2982 5407 qui
3012 5334 3245 5406 praebuit
3287 5331 3497 5387 initium
3526 5339 3584 5386 et

1986 5433 2223 5490 radicem
2277 5429 2554 5501 plantavit,
2608 5428 2871 5499 hic‘mihi
2912 5427 3199 5495 fructuum,
3250 5424 3341 5496 qui
3385 5420 3583 5479 deinde

1986 5524 2357 5594 germinarunt
2384 5562 2401 5589 ,
2443 5520 2757 5577 occasiones
2796 5517 3173 5587 suppeditavit.
3239 5515 3579 5584 QuaprOpter

1986 5614 2111 5670 alibi
2139 5627 2353 5685 quoque
2381 5627 2570 5668 rursus
2596 5626 2717 5667 cum
2744 5610 2989 5677 dixisset,
3022 5607 3151 5662 Plus
3167 5607 3395 5662 omnibus
3427 5606 3570 5662 tabo.
3646 5654 3655 5665 .

1987 5710 2116 5777 ravi,
2146 5707 2441 5779 subjunxit,
2460 5705 2581 5761 Non
2603 5721 2693 5777 ego
2716 5714 2905 5770 autem,
2931 5702 3021 5757 sed
3044 5703 3231 5774 gratia,
3250 5716 3362 5772 qua:
3378 5716 3574 5755 mecum

1985 5802 2306 5879 est(‘l._Cor.
2349 5800 2583 5876 15.10).
2636 5799 2818 5871 ltaquc
2872 5813 3066 5855 nomen
3116 5796 3264 5866 illud,
3318 5794 3571 5858 Vocatus,
