4060 6252
485 367 580 424 151

489 479 635 535 aliud
667 480 798 535 nihil
828 480 1048 547 indicat,
1079 481 1183 535 nisi
1228 482 1448 536 Paulum
1497 481 1628 536 nihil
1657 493 1726 536 ex
1769 482 1883 537 suis
1925 489 2073 536 recte

487 568 639 625 factis
663 570 764 625 sibi
787 569 1056 640 proprium
1086 571 1356 638 arbitrari,
1388 572 1482 628 sed
1505 572 1684 628 omnia
1705 571 1931 627 Domino
1962 571 2074 627 Deo

490 660 746 714 tribuere.
776 660 925 725 Quod
957 661 1142 731 utique
1169 660 1412 717 Christus
1440 663 1728 733 discipulos
1758 677 1885 719 suos
1912 662 2073 718 doce-

489 747 578 802 bat
601 749 805 812 dicens.
827 750 946 804 Non
963 767 1048 805 vos
1070 769 1146 806 me
1157 753 1395 823 elegistis,
1422 755 1510 807 sed
1525 770 1615 825 ego
1639 754 1763 824 elegi
1789 771 1873 808 vos
1890 753 2072 825 (Joan.

487 839 576 893 15.
612 839 734 909 16);
765 843 1214 912 atqueapostolus
1245 844 1382 898 istud
1411 845 1581 914 ipsum
1603 859 1786 898 rursus
1813 845 1865 898 in
1886 843 2072 899 eadem

488 928 666 984 innuit
708 931 951 1000 epistola,
1003 948 1121 987 cum
1153 934 1268 988 ait:
1301 934 1446 988 Tune
1499 951 1818 1006 cognoscam,
1874 935 2002 988 sicut
2027 941 2083 986 et

489 1021 718 1091 cognitus
747 1039 859 1076 sum
885 1025 960 1093 (1.
981 1023 1098 1079 Cor.
1126 1027 1211 1080 15.
1248 1026 1336 1096 12)
1362 1045 1375 1081 :
1409 1043 1550 1082 nunc
1575 1029 1736 1094 enim,
1758 1028 1945 1097 inquit,
1967 1043 2074 1083 non

491 1125 590 1182 ego
619 1113 764 1181 prior
783 1114 1028 1184 cognovi,
1060 1116 1153 1171 sed
1178 1118 1322 1186 prior
1347 1135 1463 1172 sum
1489 1119 1750 1187 cognitus.
1781 1119 1914 1171 Dum
1930 1118 2072 1172 enim

489 1215 900 1273 persequeretur
941 1215 998 1260 et
1041 1209 1386 1276 popularetur
1443 1211 1737 1264 Ecclesium
1771 1253 1783 1277 ,
1833 1210 2077 1265 Christus

489 1307 613 1348 eum
642 1296 849 1348 vocavit
879 1296 1086 1363 dicens,
1111 1297 1288 1365 Saule,
1326 1299 1504 1367 Saule,
1527 1300 1648 1370 quid
1669 1318 1746 1354 me
1767 1301 2076 1370 persequeris

490 1381 626 1449 (Act.
669 1383 723 1438 9.
776 1385 831 1456 ὁ)
849 1386 882 1440 ?‘
927 1397 1211 1457 propterea
1265 1401 1495 1444 vocatum
1543 1392 1775 1461 seipsum
1821 1392 2074 1462 appellat.

488 1470 660 1540 Quam
685 1475 754 1528 ob
781 1490 995 1530 causam
1025 1477 1093 1531 ad
1121 1476 1428 1534 Corinthios
1458 1480 1530 1534 ita
1561 1481 1867 1536 scribebat?
1887 1482 2078 1537 Corin-

488 1561 616 1616 thus
635 1564 748 1618 hate
779 1567 1092 1634 metropolis
1115 1577 1198 1623 est
1228 1570 1464 1637 Achaiae,
1497 1586 1559 1624 ac
1587 1573 1948 1640 spiritualibus
1983 1573 2084 1627 do-

489 1652 574 1706 nis
598 1652 918 1717 abundabat,
951 1666 1003 1711 et
1031 1659 1221 1712 merito
1257 1674 1386 1714 sane
1413 1677 1428 1712 :
1451 1661 1713 1730 siquidem
1731 1663 1902 1733 prima
1931 1663 2080 1718 Pauli

490 1741 660 1811 potita
707 1751 790 1796 est
827 1744 1038 1813 lingua;
1077 1755 1130 1800 ct
1175 1749 1624 1817 quemadmodum
1673 1751 1794 1805 vitis
1846 1768 1965 1821 quae
2012 1753 2079 1807 ab

489 1831 696 1899 optimo
721 1848 783 1886 ac
807 1833 1046 1904 diligenti
1075 1839 1307 1906 agricola
1327 1841 1612 1908 excolitur,
1641 1843 1821 1895 multis
1847 1843 2082 1897 luxuriat

489 1918 652 1987 foliis,
687 1924 868 1979 multis
891 1926 1149 1983 fructibus
1175 1944 1388 2000 semper
1411 1941 1666 1988 oneratur
1695 1951 1710 1988 :
1738 1933 1808 1987 ita
1827 1935 2083 1989 nimirum

491 2021 547 2067 et
575 2013 702 2067 urbs
727 2016 812 2068 illa
845 2032 965 2071 cum
991 2028 1261 2089 tamquam
1290 2023 1550 2091 optimum
1593 2024 1882 2094 agricolam
1931 2025 2077 2080 Pauli

489 2101 790 2158 doctrinam
846 2107 1016 2174 prima
1074 2119 1220 2164 esset
1263 2123 1502 2181 experta,
1559 2113 1780 2184 ejusque
1819 2116 2097 2184 sapientia,

491 2191 651 2262 longo
681 2202 784 2249 tem
795 2211 924 2265 pore
949 2213 1008 2252 se
1037 2200 1378 2268 oblectasset,
1404 2203 1815 2260 bonisomnibus
1835 2207 2076 2274 ﬂorebat;

489 2298 664 2354 neque
687 2301 813 2340 vero
839 2289 1203 2358 spiritualibus
1227 2302 1427 2348 tantum
1455 2294 1610 2351 donis
1639 2298 1958 2364 abundabat,
1984 2298 2076 2354 sed

488 2381 544 2427 et
573 2378 854 2432 commoda
883 2382 1157 2436 saecularia
1179 2383 1253 2437 illi
1286 2383 1486 2438 affatim
1526 2387 1900 2457 suppetebant.
1943 2389 2076 2445 Nam

489 2471 544 2517 ct
576 2465 810 2532 profanae
836 2469 1152 2525 eruditionis
1175 2475 1456 2541 sapientia,
1484 2484 1538 2530 et
1557 2475 1780 2544 divitiis,
1803 2487 1857 2532 et
1883 2488 2082 2548 poten-

492 2553 564 2606 tia
592 2557 804 2610 eazteris
829 2559 1048 2614 urbibus
1073 2564 1447 2619 antecellebat.
1483 2567 1658 2634 Atque
1701 2567 1784 2622 his
1815 2570 1902 2622 illa
1929 2570 2080 2624 iullu-

493 2643 675 2712 hatur,
705 2656 755 2701 et
785 2649 838 2702 in
867 2652 1169 2720 superbiam
1197 2653 1539 2723 efferebatur,
1570 2667 1627 2712 et
1651 2675 1746 2727 per
1775 2662 2077 2730 superbiam

492 2737 550 2792 in
576 2739 748 2794 varias
776 2751 951 2808 partes
978 2743 1146 2799 divisa
1176 2757 1278 2800 est.

565 2830 868 2902 Arrogantia
896 2835 1066 2901 mala;
1098 2835 1348 2890 Corinthii
1376 2840 1530 2909 primi
1555 2841 1713 2895 Pauli
1741 2842 1970 2897 doctrina
1992 2861 2080 2899 ea:-

495 2923 637 2976 culti.
671 2923 901 2993 Profana
923 2930 1170 2997 sapientia
1193 2947 1292 2984 non
1319 2933 1512 3002 con/ert
1531 2933 1600 2986 ad
1625 2936 1881 3002 pietatem.
1905 2969 1976 2979 —
2002 2939 2080 2994 Ea

494 3011 694 3082 quippe
742 3024 928 3070 natura
990 3027 1074 3073 est
1132 3023 1452 3091 arrogantia:
1513 3041 1526 3076 :
1581 3028 1819 3082 caritatis
1868 3031 2082 3086 vincula

493 3101 778 3172 disrumpit
813 3116 867 3160 et
905 3110 1205 3177 proximum
1255 3113 1456 3180 avellit,
1488 3124 1541 3170 et
1567 3115 1730 3172 efﬁcit
1759 3129 1817 3173 ut
1855 3122 2081 3176 seorsim

492 3193 632 3264 apud
651 3211 708 3249 se
732 3196 888 3266 degat
920 3199 984 3266 is,
1017 3202 1104 3270 qui
1131 3204 1197 3257 al)
1224 3205 1308 3258 illa
1325 3217 1602 3277 correptus
1641 3211 1821 3267 fuerit.
1852 3215 1914 3268 Et
1945 3217 2083 3272 sicut

495 3285 693 3354 paries,
723 3290 811 3358 qui
846 3292 1172 3360 intumuerit,
1207 3297 1488 3352 tedilicium
1507 3301 1730 3358 destruit
1762 3324 1775 3358 :
1800 3307 1876 3360 sic
1905 3309 2082 3364 anima

495 3375 678 3430 inﬁata
703 3380 840 3434 ferre
862 3395 966 3436 non
990 3393 1164 3452 potest
1191 3401 1252 3440 se
1275 3402 1396 3442 cum
1427 3391 1595 3445 altero
1619 3388 1859 3462 copulari
1892 3415 1905 3451 :
1941 3398 2082 3467 quod

494 3475 551 3523 et
571 3467 826 3524 Corintho
852 3480 960 3526 tum
996 3476 1175 3530 evenit
1211 3495 1225 3530 :
1269 3478 1411 3535 inter
1439 3496 1498 3536 se
1549 3483 1893 3553 dissidebant,
1942 3499 1995 3544 et
2029 3490 2083 3546 in

494 3560 692 3618 multas
719 3573 899 3632 partes
921 3565 1212 3623 Ecclesiam
1239 3571 1550 3629 dividebant
1589 3593 1602 3629 :
1632 3585 1793 3648 atque
1837 3581 2084 3636 innume-

493 3667 586 3709 ros
611 3655 712 3709 sibi
739 3657 873 3711 alios
899 3657 1148 3714 doctores
1174 3677 1294 3716 cum
1326 3665 1714 3734 praefecissem,
1747 3671 1798 3723 in
1831 3673 2006 3725 curias
2027 3683 2083 3728 et

496 3745 698 3799 classes
720 3745 986 3801 distributi
1014 3749 1324 3819 dignitatem
1356 3753 1610 3810 Ecclesia:
1640 3761 2078 3827 pessumdabant.

497 3833 737 3904 Dignitas
761 3837 903 3890 enim
933 3848 1014 3893 est
1061 3837 1349 3909 Ecclesiat,
1379 3860 1498 3900 cum
1530 3845 1606 3900 illi
1647 3849 1736 3917 qui
1778 3854 2082 3922 congregati

494 3933 635 3992 sunt,
673 3929 872 3997 optime
899 3929 1038 3985 inter
1059 3946 1117 3986 se
1156 3935 1497 3989 concordiam
1528 3952 1820 4008 pacemque
1865 3956 2084 3997 conser-

494 4029 638 4075 vam.

567 4111 621 4166 5.
665 4111 790 4166 ηερε
810 4122 988 4167 autem
1017 4115 1195 4168 omnia
1229 4115 1375 4170 vobis
1391 4117 1809 4175 demonstranda
1847 4132 1990 4191 sunt,
2029 4135 2083 4179 et

495 4200 805 4256 Corinthios
823 4203 969 4256 Pauli
998 4203 1236 4257 dontrina
1260 4213 1370 4258 tum
1402 4209 1640 4263 excultos
1672 4209 1831 4266 fuisse
1858 4215 2076 4282 primos,

497 4304 592 4344 eos
617 4289 771 4345 donis
821 4291 1186 4360 spiritualibus
1231 4294 1424 4350 divites
1475 4296 1658 4366 fuisse,
1693 4309 1745 4354 et
1787 4305 2083 4359 commodis

495 4380 842 4436 swcularibus
862 4385 1253 4454 anlecclluissc,
1279 4396 1438 4458 atque
1466 4389 1664 4446 idcirco
1695 4392 1748 4445 in
1775 4394 2078 4463 superbiam

495 4470 664 4526 elatos
693 4489 722 4526 a
741 4489 798 4528 se
829 4473 1055 4529 invicem
1086 4491 1205 4532 esse
1227 4477 1482 4546 divulsos,
1511 4491 1564 4535 et
1592 4480 1690 4535 hos
1720 4483 1934 4553 quidem
1976 4483 2078 4554 his,

498 4562 617 4617 illos
638 4573 814 4620 autem
859 4565 964 4620 illis
1007 4581 1128 4623 sese
1181 4568 1470 4626 addixisse.
1503 4571 1570 4627 Ut
1615 4573 1774 4642 igitur
1815 4574 2080 4646 intelligas

498 4656 700 4726 primos
727 4671 820 4711 eos
848 4657 1089 4714 doctrina
1119 4660 1267 4715 Pauli
1309 4662 1551 4717 excultos
1593 4661 1757 4719 fuisse
1777 4707 1792 4732 ,
1821 4666 1942 4721 audi
1974 4683 2080 4736 quo

502 4754 654 4816 pacto
679 4745 907 4817 idipsum
931 4750 1131 4807 indicet
1161 4750 1354 4807 Paulus
1379 4771 1390 4806 :
1418 4751 1556 4806 Nam
1586 4755 1627 4808 si
1655 4755 1855 4822 multos,
1887 4756 2076 4826 inquit,

500 4837 803 4908 ptedagogos
832 4840 1056 4896 habeatis
1076 4843 1129 4896 in
1150 4841 1368 4911 Christo,
1400 4847 1490 4899 sed
1535 4862 1632 4899 non
1679 4848 1862 4902 mullos
1891 4858 2077 4919 patres.

500 4927 639 4983 Nam
667 4932 720 4984 in
741 4929 939 4987 Christo
964 4931 1090 4989 Iesu
1111 4952 1200 5005 per
1233 4937 1543 5009 evangelium
1565 4955 1653 5007 ego
1678 4954 1764 4993 vos
1793 4942 1946 5010 genui
1975 4941 1994 5010 (
2025 4943 2076 4996 1.

493 5020 611 5076 Cor.
637 5023 690 5076 1.
721 5024 809 5094 15)
839 5042 852 5077 :
885 5027 1028 5094 atqui
1053 5027 1096 5081 is
1121 5028 1207 5097 qui
1236 5029 1419 5098 gignit,
1449 5030 1651 5099 primus
1674 5029 1724 5083 in
1751 5031 1923 5085 lucem
1953 5046 2082 5101 pro-

497 5115 644 5169 ducit
685 5117 829 5186 quod
881 5119 1119 5188 genitum
1165 5129 1266 5176 est.
1299 5121 1363 5175 Et
1411 5135 1634 5190 rursus,
1674 5120 1787 5193 Ego
1831 5123 2075 5194 plantavi,

408 5189 412 5196 ’
497 5206 683 5278 Apollo
710 5209 890 5280 rigavit
917 5211 991 5282 (1.
1021 5211 1137 5266 Cor.
1165 5212 1218 5267 '5.
1247 5212 1300 5285 6)
1335 5231 1349 5267 :
1379 5215 1665 5270 ostendens
1691 5189 2079 5287 avse'primum

400 5309 405 5314 '
429 5293 435 5304 ³
489 5315 730 5371 sparsam
754 5314 875 5356 esse
900 5300 1217 5357 doctrinam.
1236 5303 1402 5358 Porro
1425 5305 1578 5360 donis
1603 5321 1695 5361 eos
1720 5307 2082 5376 Spiritualibus

495 5393 826 5451 redundasse
853 5395 977 5450 inde
1006 5405 1213 5450 constat
1244 5413 1257 5450 :
1293 5395 1494 5450 Gratias
1520 5415 1616 5468 ago
1648 5399 1754 5454 Deo
1779 5401 1841 5454 ob
1865 5402 2080 5471 gratiam

492 5483 607 5552 Dei,
638 5503 750 5554 qua!
779 5487 900 5540 data
925 5496 997 5542 est
1025 5487 1162 5542 vobis
1189 5488 1240 5541 in
1261 5486 1460 5542 Christo
1487 5487 1632 5549 Iesu,
1653 5490 1788 5560 quod
1822 5492 1875 5544 in
1903 5492 2072 5545 omni-

496 5578 588 5629 bus
615 5578 790 5632 divites
818 5579 942 5648 facti
971 5579 1090 5634 estis
1135 5580 1187 5633 in
1209 5581 1317 5645 illo,
1362 5581 1435 5633 ita
1465 5589 1516 5633 ut
1546 5581 1673 5635 nihil
1711 5581 1846 5637 vobis
1872 5584 1998 5638 desit
2025 5585 2078 5636 in

498 5666 604 5719 ulla
627 5671 791 5739 gratia
823 5668 899 5742 (1.
931 5671 1050 5726 Cor.
1081 5673 1133 5726 1.
1165 5673 1217 5727 4.
1249 5673 1325 5746 5).
1353 5672 1422 5728 Et
1439 5690 1567 5730 vero
1585 5673 1820 5746 profante
1848 5668 1966 5731 illos
1991 5691 2079 5730 sa—

501 5758 714 5815 pientia:
741 5759 904 5817 fuisse
925 5764 1226 5834 participes,
1253 5763 1382 5821 satis
1407 5766 1558 5822 nobis
1579 5766 1870 5823 declaravit
1898 5765 2078 5822 multis

1207 371 1264 426 S.
1305 369 1582 426 JOANNIS
1619 368 2104 426 CIIRYSOSTOMI
2135 367 2446 425 ARCIIlEP.
2485 368 3020 428 CONSTANTINOPZ

3663 369 3810 435 {32"

2182 480 2286 534 illis
2315 480 2589 550 longisque
2619 482 2976 547 sermonibus,
2999 483 3190 553 quibus
3219 483 3272 538 in
3293 484 3604 555 sapientiam
3623 489 3768 544 illam

2181 569 2472 625 invehitur.
2501 570 2634 625 Cum
2661 573 2805 627 enim
2833 573 2934 626 alia
2991 573 3045 627 in
3095 573 3320 642 epistola
3366 590 3473 630 non
3519 576 3674 633 facile
3715 581 3766 634 id

2181 661 2492 728 praestitisse
2533 663 2850 731 reperiatur,
2879 663 2967 717 hic
3018 665 3222 732 prolixa
3265 666 3385 721 illos
3429 671 3770 727 accusatione

2180 749 2471 805 insectatur
2500 768 2514 807 :
2547 767 2608 806 ac
2632 755 2824 808 merito
2845 769 2993 808 sane.
3013 753 3143 808 Nam
3179 757 3576 825 quoniamhinc
3594 769 3774 816 tumor

2179 845 2419 897 etfastus
2445 854 2662 900 exortus
2687 854 2788 908 est,
2835 846 2940 900 illic
2985 848 3143 900 etiam
3196 849 3486 904 sectionem
3532 851 3772 907 admovit

2179 930 2258 984 sic
2285 930 2465 986 dicens
2494 949 2507 986 :
2539 931 2660 986 Non
2689 934 2820 987 enint
2851 935 2986 987 misit
3017 952 3094 988 me
3125 933 3357 990 Christus
3383 936 3654 1007 baptizare,
3680 941 3802 995 sed’

2181 1021 2524 1090 evartgelizare
2554 1037 2572 1074 :
2603 1039 2702 1076 non
2731 1023 2783 1076 in
2805 1024 3055 1094 sapientia
3081 1026 3237 1092 verbi,
3283 1036 3334 1079 ut
3362 1043 3464 1081 non
3501 1041 3774 1084 eoacuetur

2180 1125 2307 1162 crux
2331 1110 2513 1165 Christi
2547 1114 2564 1183 (
2591 1115 2638 1166 1.
2663 1111 2781 1166 Cori
2813 1115 2864 1167 1.
2894 1114 3022 1184 17).
3055 1111 3189 1171 Vide
3219 1131 3374 1186 quam
3415 1120 3611 1174 acriter
3642 1135 3766 1190 pro-

2182 1197 2356 1253 fanam
2386 1202 2704 1271 sapientiam
2745 1214 2979 1269 accuset,
3033 1205 3174 1274 quod
3201 1223 3306 1261 non
3334 1209 3493 1263 modo
3529 1209 3665 1266 nihil
3704 1211 3773 1264 ad

2181 1289 2434 1356 pietatem
2457 1290 2703 1348 conferre
2726 1293 2984 1358 videatur,
3017 1295 3110 1350 sed
3137 1296 3295 1350 etiam
3327 1297 3792 1368 impedimentum

2181 1389 2232 1434 et
2262 1381 2590 1438 obstacnlum
2618 1384 2726 1438 ﬁat.
2751 1384 2822 1440 Ut
2849 1387 2990 1440 enim
3016 1389 3267 1457 prteclara
3295 1405 3541 1460 corpora,
3570 1403 3625 1447 et
3653 1392 3774 1447 for-

2183 1473 2316 1525 mosi
2352 1472 2660 1544 pulchrique
2689 1477 2888 1544 vultus,
2919 1478 2960 1531 si
2989 1479 3128 1546 quod
3157 1492 3374 1534 ornatus
3417 1483 3651 1536 exterius
3677 1483 3773 1537 ad-

2184 1563 2532 1618 ditamentum
2579 1565 2880 1635 admittant,
2932 1583 3043 1622 suae
3090 1569 3501 1639 pulchritudinis
3545 1572 3770 1641 gloriam

2185 1654 2448 1720 minuunt,
2481 1655 2623 1725 quod
2653 1655 2760 1711 fuci
2782 1666 2835 1711 et
2867 1659 3154 1728 pigmenta,
3192 1670 3246 1714 et
3276 1660 3477 1730 reliqua
3506 1661 3790 1730 ejusmodi

2185 1742 2446 1798 lenocinia
2492 1754 2546 1800 et
2589 1747 2811 1802 artiﬁcia
2852 1747 3038 1802 forma:
3083 1749 3295 1804 laudem
3333 1750 3557 1805 divisam
3601 1751 3668 1806 ad
3711 1767 3772 1808 se

2187 1835 2398 1890 trahant
2425 1854 2436 1887 :
2466 1837 2606 1905 quod
2633 1837 2677 1891 si
2707 1838 2839 1891 nihil
2867 1837 2946 1893 eis
2988 1838 3277 1905 addideris,
3320 1841 3790 1910 pulchritudinem

2184 1941 2368 1980 eorum
2394 1929 2560 1998 magis
2585 1928 2806 1999 detegis,
2831 1929 2958 1984 dum
2989 1931 3102 1984 sola
3130 1931 3297 1984 forma
3323 1931 3582 1998 decertat,
3614 1940 3667 1985 et
3689 1933 3778 1986 in-

2186 2025 2331 2085 tegra
2380 2018 2534 2073 laude
2564 2027 2618 2074 et
2646 2022 3111 2075 commendatione
3144 2023 3430 2091 perfruitur
3462 2041 3474 2076 :
3505 2023 3574 2076 ita
3617 2023 3675 2076 ﬁt
3715 2024 3788 2077 in“

2146 2181 2153 2193 ἱ
2185 2109 2463 2179 religione,
2498 2122 2551 2166 et
2578 2113 2836 2182 spirituali
2869 2127 3064 2183 sponsa
3099 2131 3111 2166 :
3144 2113 3188 2166 si
3214 2113 3336 2182 quid
3374 2124 3653 2168 externum
3694 2114 3788 2167 illi

2184 2200 2458 2271 adjnngas,
2494 2204 2605 2257 sive
2637 2204 2864 2268 divitias,
2893 2204 3006 2258 sive
3027 2205 3350 2273 potentiam,
3367 2204 3481 2259 sive
3515 2205 3778 2260 eruditio-

2185 2294 2266 2345 nis
2292 2293 2416 2359 vim,
2452 2294 2675 2364 gloriam
2703 2295 2817 2366 ejus
2837 2296 3034 2364 perdis,
3059 2311 3158 2350 nec
3179 2297 3309 2350 sinis
3340 2305 3394 2350 ut
3421 2297 3623 2366 integra
3651 2297 3773 2352 laus

2185 2382 2302 2450 ejus
2327 2393 2603 2453 appareat,
2634 2385 2726 2439 sed
2759 2387 2810 2439 in
2838 2387 3030 2440 multas
3057 2397 3232 2454 partes
3279 2386 3394 2456 ejus
3436 2386 3660 2456 gloriam
3689 2387 3776 2442 di-

2181 2473 2319 2528 vidis
2345 2493 2356 2527 :
2386 2475 2465 2529 sin
2491 2490 2606 2530 eam
2635 2475 2803 2530 solam
2833 2476 2974 2530 sinas
2999 2477 3295 2546 simplicem
3322 2477 3622 2548 nudamque
3645 2493 3794 2532 cer—

2187 2570 2320 2627 tare,
2350 2567 2541 2618 amotis
2568 2566 2814 2620 omnibus
2862 2566 3022 2621 rebus
3073 2567 3349 2631 humanis,
3383 2577 3510 2622 tunc
3539 2571 3776 2624 maxime

2186 2655 2524 2720 pulchritudo
2545 2657 2662 2724 ejus
2685 2655 2860 2710 omnis
2901 2658 3196 2725 apparebit,
3223 2667 3347 2712 tunc
3377 2659 3574 2714 invicta
3606 2660 3776 2714 virtus

2185 2742 2302 2812 ejus
2326 2744 2572 2808 elucebit,
2607 2761 2729 2800 cum
2757 2762 2930 2817 neque
2959 2747 3157 2801 divitiis
3179 2747 3444 2818 indigens,
3474 2764 3646 2819 neque
3686 2765 3791 2805 sae

2189 2832 2408 2900 pientia,
2433 2849 2603 2904 neque
2631 2837 2889 2904 potentia,
2914 2851 3086 2906 neque
3125 2837 3424 2904 nobilitate,
3456 2854 3628 2909 neque
3655 2841 3789 2896 aliis

2189 2925 2310 2978 ullis
2340 2925 2501 2980 rebus
2533 2929 2794 2991 humanis,
2820 2929 2998 2982 omnia
3022 2943 3272 2998 superare
3296 2930 3528 2999 potuerit
3552 2939 3606 2984 ct
3637 2933 3774 2984 sub-

2190 3019 2352 3086 igere,
2378 3018 2504 3072 dum
2533 3035 2627 3088 per
2657 3020 2898 3074 homines
2926 3020 3080 3086 viles,
3115 3020 3372 3090 ahjcctos,
3395 3035 3612 3091 egenos,
3644 3037 3778 3090 pau-

2190 3125 2366 3178 peres,
2400 3109 2609 3176 idiotas,
2641 3111 2816 3179 impiis
2841 3111 3164 3177 oratoribus,
3201 3111 3549 3180 philosophis,
3584 3122 3794 3184 tyrano-

2189 3203 2292 3266 nis,
2316 3212 2370 3256 ct
2397 3205 2644 3257 universo
2675 3213 2934 3257 terrarum
2965 3204 3095 3257 orbe
3124 3203 3367 3272 superior
3391 3201 3589 3258 evadit.

2263 3292 2504 3346 Humana
2530 3293 2777 3362 sapientia
2805 3294 3151 3364 contunditur.
3177 3321 3246 3332 ο-
3267 3293 3553 3362 Propterea
3577 3293 3788 3352 Paulus

2189 3397 2397 3452 quoque
2426 3383 2635 3436 dicebat
2667 3400 2680 3435 :
2714 3382 2833 3436 Non
2864 3384 2974 3436 veni
3013 3399 3101 3453 per
3127 3383 3485 3460 suglimitatem
3527 3387 3784 3440 sermonis

2189 3474 2494 3527 annuntians
2525 3474 2660 3527 vobis
2677 3474 3016 3528 testimonium
3055 3473 3186 3545 Dei(
3216 3473 3412 3528 l.vCor.
3442 3475 3496 3528 ‘2.
3527 3475 3554 3529 1
3591 3476 3609 3544 )
3637 3492 3651 3526 :
3678 3487 3771 3540 et,

2192 3563 2318 3629 Quae
2339 3565 2494 3617 stulta
2523 3573 2637 3617 sunt
2668 3564 2846 3616 mutuli
2883 3565 3030 3634 elegit
3071 3563 3236 3629 Deus,
3281 3574 3336 3616 ut
3380 3565 3662 3635 confundat
3687 3583 3780 3620 sa-

2190 3659 2380 3726 pientes
2423 3659 2440 3727 (
2472 3659 2518 3710 1.
2546 3656 2664 3711 Cor.
2696 3657 2746 3710 l.
2777 3657 2846 3709 27
2876 3654 2920 3727 ).
2953 3656 3068 3711 Non
3109 3657 3422 3726 simpliciter
3464 3657 3618 3723 dixit,
3641 3658 3788 3725 Quae

2189 3749 2346 3802 stulta
2371 3757 2512 3814 sunt,
2533 3747 2649 3812 sed,
2677 3746 2803 3811 Qua:
2817 3747 2969 3800 stulta
2985 3756 3102 3800 sunt
3124 3747 3334 3810 mundi;
3360 3761 3534 3816 neque
3550 3751 3785 3803 omnino

2188 3839 2352 3908 quod,
2387 3839 2512 3904 Qua:
2540 3838 2694 3891 stulta
2718 3846 2835 3890 sunt
2863 3838 3040 3890 mundi
3061 3877 3077 3903 ,
3110 3838 3217 3890 sint
3242 3838 3403 3890 etiam
3442 3839 3603 3892 stulta
3633 3840 3784 3909 apud

2191 3929 2358 3984 Deum
2393 3930 2523 3984 :sed
2555 3930 2704 3984 multi
2747 3944 2815 3984 ex
2860 3930 2967 3983 illis
2995 3930 3085 3998 qui
3118 3929 3364 3984 videntur
3385 3929 3471 3983 hic
3497 3944 3617 3984 esse
3645 3932 3776 3985 insi-

2189 4022 2416 4089 pientes,
2449 4021 2586 4087 apud
2620 4021 2785 4073 Deum
2817 4029 2940 4073 sunt
2968 4019 3215 4073 omnibus
3235 4018 3351 4073 aliis
3380 4020 3731 4088 Sapientiores
3757 4039 3772 4074 :

2188 4111 2634 4180 quemadmodum
2660 4111 2906 4164 nimirum
2938 4111 3088 4164 multi
3127 4111 3215 4180 qui
3261 4121 3496 4180 egestate
3534 4112 3619 4166 hic
3652 4127 3776 4181 pre-

2190 4210 2440 4267 muntur,
2495 4201 2742 4255 omnibus
2781 4201 2921 4270 apud
2975 4203 3140 4256 Deum
3203 4211 3330 4256 sunt
3378 4202 3769 4272 Opulentiores.

2187 4293 2626 4363 Quandoquidem
2649 4293 2882 4348 Lazarus
2924 4295 3086 4349 etiam
3109 4294 3194 4348 ille
3219 4307 3339 4348 cum
3381 4294 3619 4348 omnium
3645 4310 3771 4364 pau-

2191 4386 2451 4454 perrimus
2477 4393 2620 4439 esset
2645 4385 2696 4437 in
2725 4384 2944 4449 mundo,
2973 4384 3266 4438 ditissimus
3297 4383 3536 4436 omnium
3575 4393 3690 4438 erat
3718 4383 3769 4437 in

2186 4478 2331 4532 cadis
2359 4476 2507 4550 (Luc.
2533 4477 2622 4532 16.
2651 4476 2742 4531 20.
2771 4476 2928 4547 sqq.).
2963 4475 3252 4530 Stultitiam
3279 4475 3436 4544 igitur
3464 4474 3648 4528 mundi
3674 4489 3778 4544 ap-

2187 4569 2348 4640 pellat
2370 4583 2488 4634 eos,
2515 4567 2707 4638 quibus
2736 4567 2910 4637 lingua
2934 4581 3037 4620 non
3065 4574 3147 4619 est
3171 4565 3390 4631 diserta,
3418 4565 3508 4634 qni
3551 4562 3768 4634 profana

2185 4660 2444 4728 sapientia
2471 4673 2576 4712 non
2603 4666 2727 4712 sunt
2751 4656 2959 4721 imbuti,
2985 4655 3073 4725 qui
3091 4654 3394 4724 eloquentia
3417 4655 3635 4709 minime
3657 4654 3775 4724 pol-

2186 4752 2314 4806 lent.
2336 4752 2399 4804 Et
2419 4750 2516 4804 hos
2537 4749 2722 4819 Elegit,
2745 4748 2932 4818 inquit,
2950 4747 3105 4809 Deus,
3122 4755 3181 4799 ut
3199 4747 3449 4815 sapientes
3467 4747 3767 4816 confundat.

2185 4845 2301 4912 Quo
2328 4858 2455 4898 vero
2481 4851 2671 4912 pacto,
2703 4856 2885 4910 quaeso
2909 4882 2925 4908 ,
2959 4855 3053 4909 per
3078 4838 3176 4893 hos
3216 4839 3291 4893 illi
3336 4839 3769 4894 contunduntur?
3849 4893 3859 4901 _

2184 4937 2472 5005 Peripsam
2503 4949 2680 4989 rerum
2711 4931 3114 5000 experientiam.
3155 4930 3287 4985 Cum
3324 4931 3473 4985 enim
3509 4930 3641 4984 foris
3679 4944 3768 4984 se-

2187 5029 2401 5083 dentem
2445 5041 2509 5081 ac
2548 5025 2940 5080 mendicantem
3000 5023 3238 5088 viduam,
3291 5037 3355 5076 ac
3398 5034 3770 5089 smpenumcro

2185 5119 2426 5187 corporis
2452 5115 2708 5171 membris
2731 5115 3026 5169 mutilatam
3051 5112 3119 5168 de
3155 5113 3554 5168 immortalitate
3579 5112 3771 5164 anima:

2187 5207 2616 5278 interrogaveris,
2657 5204 2728 5260 de
2780 5204 3172 5260 resurrectione
3204 5216 3518 5284 corporum,
3550 5200 3616 5255 de
3643 5214 3769 5268 pro-

2185 5301 2418 5356 videntia
2449 5298 2569 5365 Dei,
2598 5298 2666 5354 de
2691 5298 3041 5354 retributione
3070 5309 3167 5365 pro
3205 5293 3429 5360 meritis,
3462 5293 3532 5347 de
3561 5289 3770 5346 ratione

2183 5394 2296 5449 illic
2325 5389 2614 5455 reddenda,
2640 5390 2708 5445 de
2733 5388 3012 5444 tremendo
3031 5384 3252 5457 judicio,
3281 5384 3350 5439 de
3379 5383 3628 5453 repositis
3657 5381 3766 5444 eis,

2185 5487 2273 5556 qui
2301 5493 2448 5540 recte
2475 5498 2533 5540 se
2561 5483 2843 5552 gesserint,
2876 5480 3052 5545 bonis,
3077 5479 3144 5534 de
3168 5477 3444 5547 suppliciis
3475 5490 3595 5545 qua:
3645 5486 3766 5542 pec-

2185 5575 2456 5632 caloribus
2493 5575 2631 5628 Deus
2679 5570 3034 5628 comminatus
3069 5577 3171 5634 est,
3214 5568 3281 5622 de
3318 5566 3439 5621 aliis
3479 5565 3765 5619 omnibus:

2186 5683 2416 5738 cumque
2437 5666 2526 5722 illa
2557 5662 2710 5718 valde
2736 5670 2986 5718 accurate
3010 5673 3199 5730 [inagna
3229 5673 3350 5713 cum
3374 5657 3563 5712 ﬁducia
3601 5664 3656 5709 et
3679 5669 3768 5708 se-

2190 5747 2416 5816 curitate
2440 5754 2810 5827 responderit;
2836 5749 3187 5823 philosophus
3223 5759 3405 5806 autem
3446 5756 3501 5804 et
3526 5745 3618 5815 qui
3649 5743 3766 5816 plu.
