4060 6252
253 307 378 361 7151

247 422 481 492 ἐτέρου,
513 419 550 490 ἢ
587 418 648 473 τὺ
681 419 848 490 μηᾶν
879 421 1075 474 οἰκεῖον
1091 419 1331 490 νομίζειν
1354 415 1491 474 εἶναι
1519 419 1730 474 Παῦλον
1755 420 1864 474 τῶν

265 513 490 566 οἰκείων
546 510 1010 581 κατορθωμάτων,
1066 509 1200 562 ἀλλά
1247 510 1424 563 πάντα
1455 509 1762 564 ἀνατιθέναι
1787 512 1866 583 τῷ

265 599 522 670 Δεσπότῃ
543 598 684 669 Θεῷ.
719 600 900 669 Ὅπερ
932 593 1025 652 οὖν
1075 599 1168 651 καὶ
1195 601 1224 651 6
1267 600 1502 669 Χριστὸς
1529 600 1657 664 τοὺς
1690 599 1866 670 μαθη-

271 687 368 748 τάς
389 685 638 738 ἐδίδασκε
661 685 854 753 λέγων,
870 688 1016 754 ιὈὐχ
1040 683 1212 754 ὑμεῖς
1230 702 1307 754 με
1318 685 1702 750 ἐξελέξασθε,
1725 687 1862 740 ἀλλ’

270 773 384 840 ἐγὼ
422 771 797 840 ἐξελεξάμην
828 771 1012 840 ὑμᾶς·
1071 774 1165 825 καὶ
1197 773 1225 825 6
1266 773 1584 835 Ἀπόστολος
1627 773 1687 825 τὸ
1733 773 1866 826 αὐτὸ

268 860 429 913 τοῦτο
465 859 624 914 πάλιν
653 859 745 911 ἐπὶ
781 859 882 926 τῆς
904 858 1073 934 αὐτῆς
1106 858 1424 928 Ἐπιστολῆς
1453 859 1748 914 αἰνίττεται
1775 861 1861 914 λέ-

251 963 382 1016 γων
397 965 410 978 ’
435 947 577 1002 Τότε
594 947 662 1000 δὲ
674 947 1098 1016 ἐπιγνώσομαι,
1111 948 1305 1012 καθὼς
1319 948 1416 1000 καὶ
1438 946 1827 1017 ἐπεγνώσθην
1846 967 1858 980 .

268 1035 370 1090 νῦν
409 1036 539 1105 γάρ,
577 1035 762 1104 φησὶν,
794 1035 894 1087 οὐκ
928 1033 1038 1101 ἐγὼ
1067 1034 1292 1104 πρῶτος
1323 1034 1589 1102 ἐπέγνων,
1623 1035 1738 1088 ἀλλ’
1765 1036 1856 1087 αὐο

268 1123 362 1180 τὸς
411 1119 764 1190 ἐπεγνώσθην
821 1119 1054 1191 πρῶτος.
1106 1119 1382 1174 Διώκοντα
1425 1120 1536 1192 γὰρ
1575 1122 1734 1174 αὐτὸν
1767 1122 1864 1175 καὶ

269 1208 580 1280 πορθοῦντα
594 1208 691 1277 τὴν
719 1207 1046 1277 Ἐκκλησίαν
1074 1208 1101 1258 6
1130 1208 1364 1278 Χριστὸς
1389 1208 1636 1274 ἐκάλεσε,
1667 1209 1858 1277 λέγων·

257 1296 490 1358 Σαῦλε,
536 1294 750 1358 Σαῦλε,
789 1295 846 1346 τί
889 1311 966 1362 με
993 1293 1254 1359 διώκεις;
1302 1294 1402 1347 Διά
1441 1296 1598 1348 τοῦτο
1636 1295 1863 1363 κλητόν

271 1382 462 1436 ἑαυτὸν
513 1381 685 1434 καλεῖ.
737 1380 891 1442 Τίνος
949 1379 1136 1432 ἕνεκεν
1184 1379 1500 1448 Κορινθίοις
1559 1380 1731 1443 οὕτως
1766 1384 1864 1432 ἐπ-

257 1467 557 1532 έστελλενς
597 1468 661 1519 Ἦ
693 1464 956 1536 Κόρινθος
983 1464 1123 1534 αὐτη
1153 1467 1251 1536 τῆς
1279 1467 1509 1536 “Apta;
1535 1467 1861 1536 μητρόπολίς

261 1558 412 1618 ἐστι,
436 1555 531 1607 καὶ⁸
589 1553 980 1620 πνευματικοῖς
1012 1551 1190 1622 ἐκόμα
1229 1553 1562 1622 χαρίσμασι··
1597 1552 1690 1605 καὶ
1715 1553 1862 1622 μάλα

277 1641 533 1702 εἰκότως·
562 1639 661 1708 τῆς
695 1637 802 1708 γάρ
833 1637 1046 1689 Παύλου
1069 1633 1316 1707 γλώττης
1337 1637 1527 1708 πρώτη
1555 1639 1858 1708 ἀπήλαυσε,

273 1731 368 1783 καὶ
403 1727 654 1798 καθάπερ
681 1725 942 1794 ἄμπελος,
989 1725 1212 1795 ἀρίστου
1243 1727 1389 1788 τινὸς
1435 1728 1527 1780 καὶ
1569 1729 1862 1797 ἐπιμελοῦς

257 1815 622 1871 ,ἀπολαύουσα
643 1813 913 1882 γεωργοῦ,
933 1811 1144 1874 πολλοῖς
1176 1814 1274 1882 μὲν
1303 1814 1450 1882 κομᾷ
1482 1815 1594 1876 τοῖς
1617 1813 1858 1882 φύλλοις,

272 1902 453 1972 πολλῷ
480 1901 536 1953 δὲ
567 1899 645 1969 τῷ
695 1896 893 1968 καρπῷ
917 1896 1092 1968 βρίθει
1125 1899 1388 1969 διηνεκῶς
1412 1917 1424 1930 ο
1453 1899 1594 1953 οὐτω
1617 1900 1681 1971 δὴ
1715 1901 1861 1971 καλή

261 1993 434 2048 πόλις
503 1988 708 2057 ἐκείνη,
761 1987 950 2056 ὥσπερ
993 1987 1136 2050 τινὸς
1176 1987 1398 2058 ἀρίστου
1449 1989 1718 2058 γεωργοῦ,
1763 1989 1864 2058 τῆς

259 2077 490 2132 ,Παύλου
519 2073 868 2136 διδασκαλίας
919 2073 1265 2143 μετασχοῦσα
1288 2075 1501 2146 πρώτη,
1531 2075 1626 2128 καὶ
1651 2075 1742 2127 ἐπί
1763 2092 1862 2127 πο-

269 2165 366 2218 λὺν
395 2163 779 2231 ἐντρυφήσασα
799 2159 989 2230 χρόνον
1017 2162 1084 2229 τῇ
1114 2159 1304 2212 τούτου
1343 2161 1524 2231 σοφίᾳ,
1561 2162 1724 2213 πᾶσιν
1748 2162 1864 2212 ἐτε-

271 2250 426 2318 θήλει
445 2251 556 2310 τοῖς
581 2247 808 2314 ἀγαθοῖς
833 2263 846 2276 ·
880 2246 941 2298 οὐ
983 2245 1365 2315 πνευματικῶν
1389 2247 1445 2300 δὲ
1480 2245 1618 2316 αὐτη
1643 2257 1669 2286 α
1705 2263 1864 2318 χαρι-

273 2337 498 2406 σμάτων
527 2332 816 2402 περιουσία
843 2333 981 2402 μόνη
1015 2328 1102 2402 ἦν,
1133 2331 1270 2386 ἀλλά
1292 2333 1384 2384 καὶ
1413 2332 1690 2402 βιωτικῶν
1707 2333 1866 2384 πλεο-

273 2441 438 2493 νεκτη
449 2424 632 2492 μάτων
653 2419 854 2489 πολλὴν
869 2415 998 2489 εἶχε
1025 2419 1122 2488 τὴν
1153 2418 1432 2486 ἀφθονίαν.
1449 2419 1557 2474 Καὶ
1572 2419 1680 2488 γὰρ
1704 2419 1866 2490 σοφίᾳ

271 2510 448 2578 λόγων
497 2507 604 2562 τῶν
661 2506 878 2572 ἔξωθεν,
920 2506 1014 2560 καὶ
1064 2503 1282 2575 πλούτῳ
1323 2506 1416 2558 καί¹
1443 2505 1731 2576 δυναστείᾳ
1755 2505 1863 2558 τῶν

261 2598 449 2651 ἀλλων
497 2593 720 2661 ἐκράτει
777 2592 1002 2646 πόλεων.
1057 2593 1168 2644 Καὶ
1200 2589 1374 2644 ταῦτα
1413 2591 1580 2662 αὐτὴν
1623 2590 1863 2660 ἐφύσησε

272 2681 519 2752 καὶπρὸς
544 2681 802 2734 ἀπόνοιαν
823 2675 1064 2749 ἧρε,.κα7ι
1083 2677 1170 2730 διά
1191 2679 1288 2748 τῆς
1307 2678 1564 2742 ἀπονοίας
1589 2678 1668 2740 είς
1695 2677 1864 2730 πολλά

265 2770 522 2838 διέστησε
559 2767 722 2838 μέρη.

345 2857 582 2926 Τοιαύτη
629 2857 738 2926 γάρ
783 2855 882 2923 τῆς
935 2852 1312 2924 ὑπερηφανίας
1357 2854 1389 2923 ἡ
1426 2852 1620 2921 φύσις·
1652 2852 1743 2905 τὸν
1766 2854 1866 2923 τῆς

265 2945 498 3015 ἀγάπης
547 2945 906 3015 διαρρήγνυσι
961 2941 1290 3011 σύνδεσμον,
1347 2943 1440 2994 καὶ
1490 2942 1580 2994 τὸν
1643 2941 1866 3013 πλησίον

270 3032 582 3102 ἀποσχίζει,
611 3029 764 3102 [156]
800 3031 892 3082 καὶ
915 3028 1038 3081 καθ’
1071 3029 1264 3082 ἑαυτὸν
1297 3028 1528 3081 ἕκαστον
1565 3025 1702 3082 εἴναι
1727 3031 1869 3082 ποιεῖ

267 3123 365 3174 τὸν
391 3119 725 3188 κεκτημένον
753 3115 947 3186 αὐτήν.
975 3117 1086 3168 Καὶ
1114 3116 1365 3188 καθάπερ
1394 3119 1570 3184 τοῖχος
1606 3117 1868 3187 φυσηθεὶς

267 3207 485 3260 διαλύει
517 3208 616 3274 τὴν
647 3202 956 3274 οἰκοδομὴν,
986 3202 1129 3256 οῦτω
1159 3203 1221 3272 δὴ
1253 3204 1348 3256 καὶ
1386 3203 1530 3273 ψυχὴ
1565 3202 1868 3272 φυσηθεῖσα

269 3296 372 3364 τῆς
405 3292 538 3362 πρὸς
595 3291 783 3362 ἓτερον
849 3289 1141 3358 συναφείας
1179 3290 1279 3340 οὐκ
1323 3287 1594 3358 ἀνέχεται,
1624 3287 1652 3340 ὃ
1683 3289 1746 3360 δὴ
1777 3291 1869 3342 καὶ

267 3385 305 3452 ή
339 3377 601 3453 Κόρινθος
653 3375 823 3429 ἐπαθε
855 3375 975 3426 τότε
1002 3391 1013 3402 ·
1053 3375 1147 3426 καὶ
1183 3374 1318 3444 πρὸς
1361 3374 1620 3443 ἀλλήλους
1647 3375 1868 3428 διεστα-

273 3463 489 3530 σίαζον,
536 3465 631 3517 καὶ
658 3465 738 3525 εἰς
778 3461 947 3514 πολλά
982 3460 1121 3531 μέρη
1160 3459 1259 3529 τὴν
1299 3460 1629 3530 Ἐκκλησίαν
1659 3463 1874 3515 κατέτε-

271 3571 400 3626 μον,
437 3552 533 3604 καὶ
561 3549 789 3622 μυρίους
818 3549 1032 3610 ἑαυτοῖς
1055 3547 1274 3618 ἐτέρους
1294 3547 1601 3616 ἐπέστησαν
1621 3547 1874 3602 διδασκά-

269 3639 417 3703 λους,
451 3637 546 3689 καὶ
579 3633 722 3688 κατά
779 3633 1052 3704 φρατρίας
1099 3635 1193 3686 καὶ
1240 3633 1547 3702 συμμορίας
1593 3634 1872 3705 γενόμενοι

265 3725 611 3796 ἐλυμήναντο
639 3721 700 3774 τδ
731 3719 830 3791 τῆς
869 3719 1197 3788 Ἐκκλησίας
1253 3719 1490 3788 ἀξίωμα.
1545 3720 1874 3792 Ἐκκλησίας

269 3815 384 3885 γάρ
409 3812 644 3881 ἀξίωμα,
667 3811 794 3863 ὅταν
825 3807 1076 3878 σώματος
1114 3807 1434 3861 ἀκολουθίαν
1476 3807 1612 3879 πρὸς
1647 3811 1874 3871 ἑαυτοὺς

271 3902 326 3954 οἰ
351 3897 734 3966 συλλεγόμενοι
762 3894 1082 3964 διατηρῶσι.

347 3991 408 4038 ε’.
445 3985 536 4036 Δεῖ
567 3982 624 4035 δὲ
646 3979 820 4034 ταῦτα
843 3980 1123 4045 ἀποδεῖξαι
1147 3981 1276 4051 ὑμῖν
1302 3981 1505 4046 πάντα,
1540 3983 1623 4036 ὅτι
1663 3984 1872 4054 πρῶτοι

273 4067 492 4122 Παύλου
520 4065 620 4135 τῆς
667 4063 1007 4127 διδασκαλίας
1040 4065 1317 4135 Κορίνθιοι
1357 4066 1476 4118 τότε
1526 4067 1872 4138 ἀπήλαυσαν,

272 4151 360 4204 ὅτι
413 4147 772 4219 χαρισμάτων
807 4143 947 4217 ἦσαν
983 4148 1372 4216 πνευματικῶν
1425 4150 1871 4222 πεπληρωμένοι,

271 4235 362 4286 ὅτι
393 4233 486 4286 καὶ
522 4231 792 4302 βιωτικοῖς
820 4229 1290 4301 πλεονεκτήμασιν
1350 4233 1638 4304 ἐκράτουν,
1667 4235 1750 4288 ὅτι
1784 4234 1876 4288 διὰ

277 4316 453 4370 ταῦτα
510 4313 904 4384 ἀπονοηθέντες
951 4312 1200 4384 ἀλλήλοις
1241 4316 1658 4388 ἀπερράγησαν,
1693 4319 1789 4372 καὶ
1821 4320 1873 4374 οἰ

281 4401 382 4471 μὲν
410 4397 646 4462 τούτοις,
681 4399 731 4450 oi
761 4397 816 4448 δὲ
851 4395 1080 4460 ἐκείνοις
1119 4399 1457 4468 προσένεμον
1483 4399 1728 4464 ἑαυτούς.
1753 4402 1874 4455 Ὅτι

279 4483 380 4552 μὲν
405 4475 496 4534 οὖν
531 4479 738 4550 πρῶτοι
763 4478 862 4548 τῆς
894 4478 1107 4532 Παύλου
1148 4480 1494 4545 διδασκαλίας
1527 4483 1870 4554 ἀπήλαυσαν,

278 4564 512 4618 ἄκουσον
565 4561 682 4624 πῶς
729 4561 860 4614 αὐτὸ
912 4561 1070 4615 τοῦτο
1114 4563 1142 4614 6
1173 4561 1384 4627 Παῦλος
1442 4565 1696 4636 ῂνίξατοο
1719 4567 1876 4640 *Ἐὰν

279 4647 410 4714 γὰρ,
449 4645 600 4716 φησὶ,
621 4643 892 4709 πολλοὺς
913 4644 1326 4714 παιδαγωγοὺς
1348 4647 1526 4716 ἔχητε
1550 4649 1619 4701 ὲν
1643 4649 1878 4716 Χριστῷ

293 4727 512 4794 Ἰησοῦ,
541 4728 674 4780 ἀλλ’
698 4729 768 4780 οὐ
793 4726 1064 4791 πολλοὺς
1081 4727 1360 4794 πατέρας.
1401 4730 1504 4786 Ἐν
1519 4731 1630 4800 τὰρ
1644 4732 1876 4800 Χριστῷ

291 4810 490 4877 Ἰησοῦ
524 4809 620 4862 διὰ
644 4809 750 4863 τοῦ
775 4811 1146 4878 Εὑαγγελίου
1173 4811 1288 4878 ἐγὼ
1309 4810 1464 4879 ὑμᾶς
1490 4812 1817 4882 ἑγέννησω
1848 4818 1877 4868 6

277 4891 336 4944 δὲ
358 4893 631 4960 γεννήσας
667 4891 879 4961 πρῶτος
909 4894 988 4953 εἰς
1019 4892 1134 4958 φῶς
1161 4893 1358 4959 άγειτὺ
1387 4893 1598 4966 τεχθέν.
1629 4897 1739 4949 Καὶ
1769 4897 1876 4970 πάτ-

279 4970 388 5036 λιν,
433 4973 578 5042 Ἐγὼ
631 4975 959 5043 ἐφύτευσα,
993 4975 1302 5040 Ἀπολλὼς
1337 4977 1608 5031 ἐπότισε·
1663 4979 1877 5042 δεικνὺς

281 5058 365 5110 ὅτι
413 5057 632 5130 πρῶτος
683 5058 783 5129 τὴν
839 5059 1192 5114 διδασκαλίαν
1237 5061 1621 5117 κατεϐάλλετο.
1669 5065 1792 5116 Ὅτι
1819 5065 1878 5116 δὲ
1939 5075 1944 5080 ‘

283 5141 622 5211 χαρίσμασιν
664 5142 882 5211 ἐκόμων
946 5146 1360 5212 πνευματικοῖς,
1411 5145 1621 5199 ἐκεῖθεν
1684 5145 1873 5214 δῆλοψ

285 5214 642 5296 Εὖχαριστῶ
665 5223 748 5289 τῷ
770 5224 892 5290 Θεῷ
911 5241 1032 5294 μου
1069 5219 1168 5280 ἐπὶ
1208 5226 1282 5294 τῇ
1313 5227 1508 5296 χάριτι
1543 5227 1650 5281 τοῦ
1699 5225 1872 5290 Θεοῦ,

287 5303 361 5372 τῇ
392 5305 639 5378 δοθείσῃ
687 5306 830 5375 ὑμῖν
864 5307 934 5360 ἐν
975 5306 1207 5375 Χριστῷ
1240 5309 1454 5376 Ἰησοῦ,
1490 5308 1578 5362 ὅτι
1600 5309 1669 5362 ἐν
1694 5310 1873 5364 παντὶ

283 5387 726 5455 ἐπλουτίσθητε
751 5389 820 5442 ἐν
839 5387 1018 5458 αὐτῷ,
1049 5389 1203 5444 ὥστε
1216 5391 1372 5460 ὑμᾶς
1389 5390 1473 5460 μὴ
1497 5391 1874 5462 ὑστερεῖσθαι

284 5469 354 5523 ἐν
367 5469 590 5546 μηδενί
628 5463 969 5542 χαρίσματι.
1009 5473 1118 5532 Καὶ
1155 5474 1260 5544 μὴν
1292 5475 1373 5527 ὅτι
1407 5473 1596 5543 σοφίας
1626 5475 1874 5544 μετεῖχον

357 5688 374 5708 ⁸
400 5689 578 5752 Placet
601 5699 714 5742 nota
736 5693 1019 5755 marginalis
1038 5695 1208 5746 Savim
1227 5697 1532 5760 conjicienlis
1559 5699 1700 5762 αὐτῇ.
1722 5699 1867 5752 Enn.

852 321 940 375 ἸΝ
977 318 1522 386 ΙιιἨο,ῬᾹΠῐΣ[38
1561 315 1869 372 VOCATUS

1972 317 2033 373 ΞΤ
2069 320 2152 374 DE
2192 321 2452 381 MUTAT.
2491 327 2836 385 NOMINUM.
2877 329 2967 386 IV.

2619 123 2648 134 σι.

1969 424 2068 509 τῆς
2087 423 2302 491 ἔξωθεν,
2327 427 2386 493 ἐξ
2416 423 2490 482 ὧν
2520 431 2745 496 πολλοὺς
2773 435 2866 486 καὶ
2890 436 3134 504 μακροὺς
3161 435 3301 490 κατά
3326 437 3424 509 τῆς
3449 455 3552 492 σο-

1969 506 2098 591 φίας
2128 509 2399 563 ἀποτείνει
2434 513 2642 582 λόγους,
2669 515 2824 586 δῆλον
2851 519 2981 586 ἡμῖν
3010 519 3281 589 ἐποίησεν.
3302 506 3554 591 Οὐδαμοῦ

1965 589 2072 673 γὰρ
2095 591 2226 644 αὐτὸ
2240 595 2446 664 ταχέως
2460 599 2516 650 ἐν
2539 599 2702 670 ἑτέρᾳ
2729 601 2960 671 ποιήσας
2989 600 3293 673 Ἐπιστολῇ,
3325 589 3555 660 ἐνταῦθα

1967 671 2060 754 καὶ
2085 673 2249 744 πολλῇ
2275 676 2536 748 κέχρηται
2565 683 2629 748 τῇ
2661 683 2994 754 κατηγορίᾳ*
3028 685 3120 736 καὶ
3147 671 3288 753 μάλα
3307 687 3552 751 εἰκότως,

1980 752 2196 836 ’ίεῖπειδὴ
2229 756 2336 827 γὰρ
2367 760 2616 815 ἐντεῦθεν
2655 766 2686 831 ἠ
2721 752 3001 836 φλεγμονὴ
3043 752 3289 835 γέγονεν,
3319 770 3438 822 ἐκεῖ
3459 767 3556 822 καὶ⁸

1963 835 2062 904 τὴν
2091 837 2263 907 τομὴν
2290 842 2588 910 ἐπήγαγεν,
2610 844 2750 898 οὕτω
2762 835 2936 914 λέγων
2957 865 2971 878 ”
2992 835 3077 901 7οὺ
3106 851 3216 917 γὰρ
3232 849 3560 904 ἀπέστειλά

1965 935 2035 1000 με
2063 919 2316 986 Χριστὸς
2356 923 2687 989 βαπτίζειν,
2728 928 2867 982 ἀλλ’
2906 931 3404 1000 εὐαγγελίζεσθαι,
3444 934 3556 988 οὐκ

1962 999 2030 1052 ἐν
2074 1005 2262 1070 σοφίᾳ
2298 1005 2508 1074 λόγου,
2543 1008 2643 1060 ἵνα
2682 1007 2767 1076 μὴ
2815 999 3120 1078 κενωθῇίό
3147 1014 3409 1083 σταυρὸς
3448 1014 3557 1068 τοῦ

1965 1085 2245 1150 Χριστοῦ.
2283 1087 2422 1158 Ὅρα
2454 1090 2594 1162 πόση
2633 1093 2938 1164 κατηγορία
2974 1095 3073 1162 τῆς
3107 1095 3306 1160 ἔξωθεν
3341 1098 3554 1166 σοφίας,

1964 1166 2044 1251 ὅτι
2081 1168 2155 1238 μὴ
2186 1170 2344 1238 μόνον
2400 1173 2564 1242 μηδὲν
2615 1177 2863 1241 φαίνεται
2921 1177 3248 1231 συντελοῦσα
3279 1180 3415 1250 πρὸς
3458 1180 3557 1251 τὴν

1964 1249 2268 1314 εὐσέϐειαν,
2310 1253 2445 1306 ἀλλὰ
2473 1257 2564 1308 καὶ
2597 1258 2908 1328 ἐμπόδισμα
2939 1261 3032 1312 καὶ
3058 1259 3289 1330 κώλυμα
3317 1249 3550 1328 γίνεται.

1955 1332 2192 1386 «Καθάπε
2201 1352 2233 1404 ρ
2249 1334 2356 1405 γὰρ
2380 1337 2446 1388 τὰ
2469 1338 2695 1410 λαμπρά
2711 1341 2819 1394 τῶν
2843 1343 3130 1412 σωμάτων,
3152 1343 3367 1396 καὶτῶν
3382 1345 3558 1413 ὄψεων

1964 1414 2186 1496 εὐειδεῖς
2218 1417 2313 1470 καὶ
2343 1419 2527 1480 καλαὶ,
2575 1421 2639 1474 ἂν
2669 1423 2766 1492 μέν
2809 1441 2931 1475 τινα
2958 1427 3352 1495 καλλωπισμοῦ
3385 1443 3557 1496 προσ-

1964 1493 2140 1578 θήκην
2173 1496 2370 1562 ἕξωθεν
2395 1499 2652 1563 λάϐωσιν,
2681 1504 2760 1564 εἰς
2781 1505 2879 1572 τὴν
2899 1505 3000 1572 τῆς
3020 1507 3226 1567 οἰκείας
3252 1493 3558 1578 εὐμορφίας

1967 1576 2297 1644 βλάπτονται
2329 1580 2507 1647 δόξαν,
2545 1583 2650 1634 τῶν
2681 1585 3131 1656 ὑπογραμμάτων
3167 1590 3258 1640 καὶ
3293 1576 3406 1643 τῶν
3428 1591 3560 1641 ὐπο-

1963 1659 2194 1730 γραφῶν
2244 1663 2335 1715 καί
2383 1662 2486 1732 τῆς
2543 1665 2709 1735 ἄλλης
2742 1669 3142 1738 ἐπιτεχνήσεως
3185 1669 3558 1740 μεριζομένων

1964 1745 2098 1814 πρὸς
2125 1745 2321 1807 ἐαυτάς
2364 1747 2456 1800 τὸν
2492 1747 2582 1801 τοῦ
2633 1749 2862 1814 κάλλους
2885 1753 3105 1805 ἔπαινον
3128 1771 3142 1786 ο
3185 1752 3250 1806 ἂν
3287 1753 3343 1806 δὲ
3391 1752 3558 1824 μηδὲν

1965 1827 2250 1898 ἐπαγάγῃς
2271 1829 2480 1891 αὐταῖς,
2511 1831 2707 1899 μᾶλλον
2739 1833 2918 1886 αὐτῶν
2944 1835 3222 1902 ὲκφαίνεις
3243 1835 3341 1904 τὴν
3358 1837 3566 1906 εὐμορ--

1973 1913 2119 1979 φίαν,
2149 1911 2364 1981 γυμνῆς
2415 1913 2535 1966 καθ’
2563 1916 2763 1986 ἑαυτὴν
2809 1917 2904 1987 τῆς
2935 1915 3085 1985 ὥρας
3120 1919 3552 1989 ἀγωνιζομένης,

1965 1995 2059 2048 καὶ
2102 1993 2394 2064 ὁλόκληρον
2445 1999 2832 2068 καρπουμένης
2883 1999 2943 2052 τὸ
3001 1999 3186 2068 θαῦμα
3215 2019 3230 2032 ο
3271 2001 3414 2055 οὕτω
3462 1993 3558 2054 καὶ

1965 2078 2056 2130 ἐπὶ
2082 2077 2180 2140 τῆς
2215 2077 2495 2140 εὐσεϐείας
2527 2081 2620 2133 καὶ
2649 2083 2746 2152 τῆς
2776 2079 2995 2152 νύμφης
3032 2082 3132 2150 τῆς
3163 2086 3557 2154 πνευματικῆς,

1967 2159 2032 2211 ἃν
2063 2160 2168 2229 «μέν
2193 2177 2246 2212 τι
2268 2159 2377 2214 τῶν
2411 2161 2610 2224 ἔξωθεν
2653 2163 3027 2233 ἐπεισαγάγῃς
3048 2164 3207 2233 αὐτῇ,
3239 2165 3280 2234 ἢ·
3305 2163 3558 2230 πλοῦτον,

1965 2241 1998 2311 ἢ
2021 2241 2358 2308 δυναστείαν,
2389 2244 2420 2314 ἢ
2448 2244 2621 2311 λόγων
2652 2245 2824 2314 ἰσχὺν,
2857 2247 3131 2308 ἐκένωσας
3159 2247 3258 2316 τὴν
3279 2247 3439 2310 δόξαν
3462 2248 3562 2301 αὐ-

1965 2323 2084 2392 τῆς,
2119 2325 2218 2377 οὐκ
2263 2326 2420 2394 ἀφεὶς
2473 2327 2764 2396 ὀλόκληρον
2799 2327 2968 2396 αὐτῆς
3003 2329 3236 2397 φανῆναι
3261 2329 3322 2381 τὸ
3347 2329 3559 2398 θαῦμα,

1967 2407 2081 2459 ἀλλ’
2111 2409 2192 2470 εἰς
2241 2409 2410 2461 πολλά
2452 2411 2829 2480 καταμερίσας
2862 2411 3030 2480 αὐτῆς
3085 2411 3182 2481 τήν
3219 2411 3406 2477 δόξαν·
3459 2412 3559 2465 ἐὰν

1965 2489 2022 2541 δὲ
2066 2490 2208 2559 ἀφῇς
2269 2489 2483 2560 γυμνὴν
2538 2491 2659 2542 καθ’
2719 2493 2920 2560 ἑαυτὴν
2970 2493 3350 2559 ἀγωνίζεσθαι,
3385 2493 3562 2547 πάντα

1966 2573 2284 2642 ἀποστήσας
2313 2573 2380 2626 τά
2403 2573 2741 2644 ἀνθρώπινα,
2764 2573 2886 2626 τότε
2915 2574 3158 2644 ἀκριϐῶς
3183 2575 3352 2644 αὐτῆς
3374 2579 3562 2645 φανεῖ-

1967 2671 2054 2706 ται
2079 2653 2138 2706 τὸ
2165 2653 2357 2717 κάλλος
2402 2653 2568 2720 ἅπαν,
2597 2656 2718 2708 τότε
2767 2655 3036 2724 ἐκλάμψει
3067 2656 3256 2723 σαφῶς
3293 2659 3326 2726 ἠ
3353 2659 3566 2728 ἄμαχος

1971 2736 2140 2804 ἰσχὺς,
2173 2735 2299 2788 ὅταν
2329 2737 2464 2807 μήτε
2513 2735 2766 2799 πλούτου,
2796 2738 2934 2806 μήτε
2979 2737 3194 2804 σοφίας,
3225 2738 3362 2806 μήτε
3399 2738 3564 2791 δυνα-

1971 2816 2170 2881 στείας,
2191 2818 2326 2886 μήτε
2360 2818 2653 2882 εὐγενείας,
2687 2820 2822 2889 μήτε
2843 2818 3004 2871 ἄλλου
3029 2817 3326 2889 [157]τινδς
3350 2817 3456 2871 τῶν
3471 2819 3564 2874 ἀν·

1969 2899 2260 2967 θρωπίνων
2272 2899 2547 2968 δεηθεῖσα,
2576 2901 2792 2953 πάντων
2809 2899 3030 2970 δύνηται
3058 2903 3280 2971 κρατεῖν
3297 2901 3388 2954 καὶ
3411 2918 3566 2970 περι-

1968 2979 2234 3047 γίνεσθαι,
2283 2981 2350 3033 δι’
2400 2981 2702 3050 ἀνθρώπων
2734 2981 2966 3034 εὐτελῶν
3021 2982 3117 3033 καὶ
3171 2981 3438 3035 ταπεινῶν
3471 2983 3566 3034 καὶ

1966 3061 2332 3132 ἠπορημένων
2389 3064 2480 3116 καὶ
2535 3066 2782 3133 πενήτων
2816 3063 2910 3116 καὶ
2947 3062 3192 3127 ἰδιωτῶν,
3226 3063 3320 3116 καὶ
3354 3062 3566 3116 ἀσεὸῶν

1973 3150 2219 3219 ῥητόρων
2246 3147 2340 3200 καὶ
2363 3146 2666 3215 φιλοσόφων
2693 3149 2787 3200 καὶ
2815 3147 3114 3218 τυράννων,
3147 3147 3240 3200 καὶ
3264 3148 3364 3217 τῆς
3385 3148 3566 3201 οἰκου-

1975 3232 2143 3302 μένης
2171 3230 2448 3300 κρατοῦσα
2479 3230 2718 3298 ἀπάσης.

2042 3314 2133 3366 Διὸ
2160 3315 2252 3366 καὶ
2293 3312 2502 3374 Παῦλος
2556 3312 2774 3382 ἔλεγεν·
2813 3315 2934 3366 Οὐκ
2975 3311 3168 3383 ἦλθον
3209 3315 3336 3368 καθ’
3385 3315 3568 3382 ὑπερ-

1973 3395 2350 3464 οχὴνλότου,
2369 3395 2681 3462 κηρύττων
2695 3395 2840 3463 ὑμῖν
2854 3397 2920 3448 τὸ
2931 3398 3249 3464 μαρτύριον
3272 3396 3379 3450 τοῦ
3397 3395 3568 3451 Θεοῦ⁶

1974 3480 2089 3544 καὶ,
2131 3479 2208 3532 Τὰ
2251 3477 2416 3545 μωρὰ
2448 3477 2554 3530 τοῦ
2589 3479 2820 3545 κόσμου
2853 3477 3170 3540 ἐξελέξατο
3209 3483 3240 3532 ό
3275 3480 3434 3543 Θεὸς,
3467 3480 3570 3532 ἵνα

1975 3561 2360 3627 καταισχύνῃ
2413 3557 2552 3621 τοὺς
2612 3559 2862 3625 σοφούς.
2919 3560 3031 3627 Οὐχ
3081 3559 3267 3621 ἁπλῶς
3307 3555 3450 3625 εἶπε,
3497 3561 3568 3612 τὰ

1979 3641 2158 3711 μωρὰ,
2223 3640 2378 3700 ἀλλά,
2435 3639 2512 3690 Τὰ
2560 3639 2666 3690 τοῦ
2716 3641 2946 3707 κόσμου
2997 3639 3196 3707 μωρά·
3242 3641 3303 3692 οὐ
3351 3639 3568 3704 πάντως

1975 3721 2052 3788 δὲ,
2092 3723 2174 3775 ὅτι
2231 3721 2304 3774 τὰ
2351 3720 2459 3772 τοῦ
2512 3721 2742 3787 κόσμου
2780 3721 2966 3788 μωρὰ,
3018 3721 3110 3773 καὶ
3158 3721 3307 3792 παρά
3339 3721 3415 3792 τῷ
3447 3720 3568 3792 Θεῷ

1981 3805 2172 3876 μωρά·
2207 3801 2342 3856 ἀλλά
2406 3801 2592 3855 πολλοὶ
2661 3802 2770 3854 τῶν
2821 3802 3056 3855 ἐνταῦθα
3086 3803 3386 3856 δοκούντων
3427 3800 3566 3858 εἶναι

1976 3889 2220 3958 ἀνοήτων
2246 3925 2261 3950 ,
2326 3885 2477 3954 παρά
2547 3884 2626 3954 τῷ
2688 3884 2806 3954 Θεῷ
2881 3885 3098 3938 πάντων
3159 3885 3266 3936 εἰσί
3309 3885 3418 3936 τῶν
3473 3886 3568 3940 ἀλ-

1976 3970 2083 4023 λων
2143 3968 2468 4038 σοφώτεροι³
2541 3966 2730 4038 ὥσπερ
2805 3961 2898 4019 οὖν
2951 3967 3046 4020 καὶ
3111 3967 3297 4018 πολλοὶ
3351 3966 3458 4020 τῶν
3507 3967 3571 4020 ἐν

1977 4052 2140 4122 πενίᾳ
2189 4049 2405 4114 ζώντων
2461 4048 2694 4102 ἐνταῦθα
2721 4089 2736 4113 ,
2795 4050 3011 4103 πάντων
3065 4050 3202 4102 εἰσὶν
3255 4049 3564 4122 εὐπορώτε-

1981 4152 2062 4208 ροι
2112 4133 2266 4204 παρά
2327 4130 2406 4202 τῷ
2455 4131 2596 4201 Θεῷ.
2661 4131 2814 4184 Ἐπεὶ
2879 4134 2974 4186 καὶ
3026 4135 3054 4185 6
3111 4131 3361 4203 Λάζαρος
3425 4134 3570 4186 ἐκεῖ·

1976 4235 2066 4282 νος
2086 4218 2302 4271 πάντων
2329 4216 2674 4286 πτωχότερος
2708 4213 2782 4269 ὢν
2817 4217 2875 4268 ἐν
2905 4216 2982 4287 τῷ
3013 4217 3221 4287 κόσμῳ,
3261 4217 3476 4276 πάντων
3497 4214 3566 4289 ἦν

1977 4299 2353 4371 εὐπορώτερος
2401 4300 2459 4352 ἐν
2508 4301 2620 4362 τοῖς
2669 4298 2934 4369 οὐρανοῖς.
2987 4299 3216 4370 Μωρίαν
3252 4300 3436 4354 τοίνυν
3467 4301 3564 4353 τοῦ

1977 4388 2185 4456 κόσμου
2246 4385 2399 4438 καλεῖ
2435 4384 2560 4446 τοὺς
2597 4385 2696 4437 οὐκ
2746 4384 2968 4455 ἔχοντας
3011 4385 3255 4452 γλῶτταν
3294 4388 3566 4457 ἠκονημέ-

1978 4489 2096 4542 νην,
2126 4473 2252 4534 τοὺς
2282 4471 2382 4540 τῆς
2411 4469 2608 4536 ἔξωθεν
2646 4471 2706 4522 οὐ
2746 4471 3150 4540 μετεσχηκότας
3193 4473 3404 4538 σοφίας,
3437 4473 3566 4536 τοὺς

1978 4559 2306 4628 εὐγλωττίας
2322 4559 2425 4611 ἀπε
2433 4573 2522 4610 στε
2531 4573 2596 4627 ρη
2605 4557 2817 4626 μένους.
2833 4557 2942 4611 Καὶ
2957 4561 3208 4622 τούτους
3222 4558 3562 4623 ἐξελέξατο,

1980 4647 2164 4720 φησὶν,
2193 4651 2225 4701 ό
2249 4647 2416 4713 Θεὸς,
2449 4646 2550 4699 ἵνα
2572 4647 2947 4714 καταισχύνῃ
2981 4645 3123 4712 τοὺς
3153 4647 3404 4714 σοφούς.
3458 4648 3568 4701 Καὶ

1980 4737 2118 4800 πῶς,
2157 4734 2278 4788 εἰπέ
2323 4751 2434 4804 μοι,
2471 4733 2559 4786 διὰ
2590 4733 2792 4788 τούτων
2835 4737 3030 4788 ἐκεῖνοι
3079 4735 3564 4804 καταισχύνονται;

1979 4824 2077 4876 Διὰ
2103 4823 2206 4892 τῆς
2231 4821 2338 4874 τῶν
2375 4821 2713 4892 πραγμάτων
2743 4822 2958 4892 πείρας.
2996 4822 3160 4874 Ὅταν
3193 4822 3302 4890 γάρ
3333 4821 3428 4891 τήν
3461 4823 3562 4892 χή-

1982 4927 2082 4980 ραν
2116 4909 2217 4979 τὴν
2251 4907 2354 4972 ἔξω
2381 4907 2696 4978 καθημένην
2729 4908 2824 4960 καὶ
2848 4905 3268 4978 προσαιτοῦσαν,
3303 4908 3564 4970 πολλάκις

1979 4995 2038 5049 δέ
2059 4995 2154 5049 καὶ
2178 4995 2240 5048 τὸ
2265 4995 2424 5066 σῶμα
2443 4993 2724 5065 ἀνάπηρον
2745 4990 2910 5062 οὖσαν
2936 4993 3195 5067 ἐξετάσῃς
3219 4994 3346 5065 περὶ
3365 4994 3564 5048 ἀθανα-

1981 5083 2104 5146 σίας
2141 5081 2339 5152 ψυχῆς,
2379 5082 2506 5153 περὶ
2545 5082 2810 5152 σωμάτων
2847 5081 3218 5144 ἀναστάσεως,
3258 5081 3388 5152 περὶ
3426 5098 3561 5151 προ-

1977 5171 2126 5231 νοίας
2177 5168 2334 5246 Θεοῦ,
2373 5169 2501 5240 περί
2534 5169 2634 5238 τῆς
2675 5168 2795 5222 κατ’
2828 5167 2985 5234 ἀξίαν
3036 5166 3376 5232 ἀντιδόσεως,
3433 5167 3564 5237 περὶ

1975 5255 2086 5328 ⁸τῶν
2127 5255 2368 5310 εὐθυνῶν
2412 5253 2518 5309 τῶν
2551 5255 2698 5318 ἐκεῖ,
2734 5256 2862 5328 περὶ
2893 5254 2984 5308 τοῦ
3033 5255 3267 5326 φοϐεροῦ
3307 5255 3562 5321 δικαστη-

1977 5321 2120 5414 ρίου,
2155 5345 2284 5416 περὶ
2318 5344 2430 5398 τῶν
2474 5321 2852 5416 ἀποκειμένων
2889 5347 3000 5409 τοῖς
3039 5321 3388 5418 κατορθοῦσιν
3419 5343 3561 5410 ἀγα-

1977 5433 2108 5498 θῶν,
2143 5433 2272 5504 περὶ
2321 5433 2430 5487 τῶν
2479 5434 2856 5504 ὴπειλημένων
2898 5437 3010 5498 τοῖς
3057 5435 3426 5505 ἁμαρτάνουσι
3475 5449 3558 5485 τι-

1978 5521 2223 5592 μωριῶν,
2288 5521 2416 5594 περὶ
2473 5523 2580 5576 τῶν
2639 5521 2812 5576 ἄλλων
2873 5521 3130 5575 ἀπάντων
3162 5537 3176 5551 ·
3241 5515 3360 5574 εἷτα
3423 5518 3560 5589 μετά
3633 5517 3642 5526 ’

1975 5605 2258 5677 ἀκριϐείας
2301 5610 2656 5680 ἀποκρίνεται
2701 5608 2796 5661 καὶ
2847 5606 3217 5678 πληροφορίας
3255 5606 3458 5677 πολλῆς
3481 5623 3498 5638 ο
3529 5606 3572 5657 όν

1975 5693 2030 5746 δὲ
2087 5695 2375 5765 φιλόσοφος
2434 5697 2526 5750 καὶ
2584 5696 2726 5764 μέγα
2786 5693 2877 5746 ἐπὶ
2932 5695 3076 5766 κόμη
3131 5696 3224 5750 καὶ
3287 5695 3556 5766 βακτηρίᾳ
