4060 6252
523 403 757 475 φρονῶν,
784 406 930 476 μετά
961 403 1084 470 τοὺς
1125 405 1350 468 πολλοὺς
1384 405 1476 458 καὶ
1509 403 1754 476 μακροὺς
1789 401 1896 454 τῶν
1928 401 2101 470 λόγων

521 491 789 556 διαύλους,
829 491 966 562 μετά
993 492 1089 555 τάς
1118 491 1318 554 πολλὰς
1350 490 1446 544 καὶ
1479 490 1741 560 ἀκαίρους
1767 488 2098 557 ἀδολεσχίας,

527 579 662 650 μηδὲ
690 579 844 648 χᾶναι
873 577 1118 644 δύναται,
1159 577 1291 648 μηδέ
1317 577 1496 648 διᾶραι
1531 577 1705 646 στόμα
1743 575 1870 646 περί
1899 573 2102 626 τούτων

524 666 670 734 ἔχει’
701 666 823 718 τότε
856 664 1040 737 γνώσῃ
1069 665 1268 730 καλῶς,
1301 665 1417 728 πῶς
1460 663 1807 729 Ἐξελέξατο
1839 661 1911 715 τὰ
1937 658 2103 729 μωρὰ

523 752 630 806 τοῦ
653 753 884 821 κόσμου
909 755 943 806 ό
969 752 1130 817 Θεὸς,
1155 753 1255 805 ἵνα
1280 751 1653 819 καταισχύνῃ
1680 749 1822 816 τοὺς
1849 749 2098 818 σοφούς.

522 836 703 908 Ἀπερ
729 837 840 908 γὰρ
870 839 1066 890 ἐκεῖνοι
1095 840 1160 890 δι’
1188 838 1446 890 ἀπόνοιαν
1476 837 1568 890 καὶ
1601 835 1977 906 ὑπερηφανίαν
2004 835 2104 886 ούκ

523 923 871 995 ἠδυνήθησαν
903 927 1102 996 εὑρεῖν,
1139 925 1237 995 τῆς
1282 925 1382 995 μὲν
1406 925 1499 977 τοῦ
1530 925 1840 993 Πνεύματος
1880 923 2103 984 ἑαυτοὺς

521 1011 928 1082 ἀποστήσαντες
958 1011 1326 1076 διδασκαλίας,
1355 1014 1465 1073 τοῖς
1495 1011 1552 1064 δὲ
1580 1011 1800 1072 οἰκείοις
1824 1009 2104 1078 λογισμοῖς

523 1098 584 1151 τὸ
617 1100 725 1152 πᾶν
754 1099 1162 1171 ἐπιρῤἰψαντες.
1196 1097 1370 1150 ταῦτα
1400 1099 1448 1150 οἱ
1478 1098 1683 1168 πτωχοί
1715 1098 1808 1150 καί
1832 1098 2105 1168 ἀπερριμ-

527 1187 698 1258 μένοι,
747 1188 841 1241 καὶ
879 1187 982 1258 τῆς
1025 1187 1221 1253 ἔξωθεν
1277 1186 1708 1256 ἀπεστερημένοι
1752 1184 2101 1246 παιδεύσεως,

525 1275 665 1345 μετά
693 1274 975 1345 ἀκριϐείας
1014 1274 1215 1344 ἔμαθον
1246 1274 1478 1335 ἅπαντα,
1506 1273 1604 1343 τῆς
1639 1275 1702 1325 ἐκ
1733 1271 1838 1324 τῶν
1863 1270 2104 1341 οὐρανῶν

525 1361 919 1432 ἐξαρτήσαντες
954 1361 1178 1424 ἐαυτοὺς
1211 1359 1576 1422 διδασκαλίας.
1623 1359 1738 1412 Οὐκ
1773 1357 2007 1411 ἐνταῦθα
2048 1357 2107 1409 δέ

525 1448 687 1518 μόνον
729 1449 939 1502 ἵσταται
968 1446 1288 1518 κατηγορῶν
1321 1449 1419 1516 τῆς
1473 1445 1672 1509 ἔξωθεν
1713 1445 1922 1514 σοφίας,
1973 1443 2108 1497 ἀλλά

526 1536 621 1589 καὶ
678 1537 839 1606 ἔτερα
887 1534 1091 1587 τούτων
1148 1533 1367 1586 πλείονα
1424 1531 1745 1602 προστίθησι
1783 1531 1955 1600 λέγων
1984 1547 1996 1559 ·
2041 1531 2109 1584 Ἢ

525 1622 712 1689 σοφία
740 1619 847 1672 τοῦ
884 1620 1115 1688 κόσμου
1153 1621 1368 1672 τούτου
1393 1618 1583 1686 μωρία
1615 1619 1778 1686 παρὰ
1824 1615 1902 1681 τῷ
1942 1614 2063 1681 Θεῷ
2090 1630 2104 1644 ⁸

528 1708 622 1760 καὶ
692 1706 968 1778 παραινῶν
1029 1709 1136 1768 τοῖς
1189 1705 1442 1759 ἀκούουσι
1504 1704 1664 1758 πάλιν
1730 1703 1868 1776 μετά
1929 1703 2109 1773 πάσης

517 1795 708 1860 ⁸αὐτοῖς
762 1793 982 1864 ἀτιμίας
1034 1793 1124 1845 καὶ
1185 1792 1540 1863 σφοδρότητος
1591 1792 1815 1860 ἔλεγενο
1867 1793 1938 1844 Εἰ
1995 1789 2108 1859 γάρ

524 1900 617 1948 τις
661 1881 843 1946 δοκεῖ,
894 1881 1075 1950 φησιν,
1134 1881 1204 1932 ἐν
1259 1878 1401 1948 ὑμῖν
1449 1879 1644 1947 σοφὸς
1692 1875 1844 1932 εἶναι
1904 1877 1974 1930 ἐν
2028 1875 2107 1941 τῷ

523 1968 692 2022 αἰῶνι
715 1969 921 2033 τούτῳ,
949 1966 1144 2036 μωρὸς
1168 1965 1446 2034 γενέσθω,
1475 1966 1574 2017 ἵνα
1601 1963 1842 2034 γένηται
1875 1964 2069 2031 σοφός
2088 1977 2102 1989 ⁶

527 2057 622 2109 καὶ
661 2056 820 2108 πάλιν
851 2071 864 2085 ·
900 2055 1254 2123 Γέγραπται,
1295 2051 1515 2106 Ἀπολῶ
1563 2052 1678 2120 τὴν
1721 2053 1948 2119 σοφίαν
1991 2047 2108 2102 τῶν

525 2142 754 2212 σοφῶν,
786 2144 883 2196 καί
914 2143 1027 2209 τὴν
1053 2143 1309 2196 σύνεσιν
1335 2139 1452 2193 τῶν
1484 2138 1759 2194 συνετῶν
1787 2136 2059 2203 ἀθετήσω
2089 2152 2103 2166 ·

525 2233 621 2284 καί⁵
644 2230 822 2294 πάλιν,
846 2231 1056 2297 Κύριος
1079 2227 1353 2298 γινώσκει
1381 2226 1522 2292 τοὺς
1542 2224 1970 2295 διαλογισμοὺς
1989 2221 2108 2276 τῶν

521 2317 867 2386 ἀνθρώπων,
899 2317 988 2370 ὅτι
1011 2315 1131 2370 εἰσί
1161 2315 1420 2384 μάταιοι.

587 2446 664 2504 ς’.
707 2447 849 2500 Ἀλλ’
881 2448 961 2501 ὅτι
993 2446 1096 2518 μέν
1117 2446 1308 2514 σοφίας
1321 2447 1568 2516 μετεῖχον
1583 2446 1630 2498 οἱ
1642 2443 1936 2514 Κορίνθιοι,
1953 2443 2109 2514 δῆλον

527 2539 592 2591 ἐκ
611 2537 813 2591 τούτων
832 2552 846 2568 ο
872 2537 954 2588 δτι
973 2535 1031 2588 δέ
1056 2534 1197 2604 μέγα
1225 2533 1482 2604 ἐφρόνουν
1504 2534 1597 2584 καί
1623 2533 1920 2600 ἐφυσῶντο,
1947 2531 2108 2586 πάλιν

519 2623 588 2688 εξ
615 2624 783 2692 αὑτῆς
797 2621 898 2690 τῆς
941 2618 1260 2688 Ἐπιστολῆς
1291 2622 1408 2671 ἐστι
1429 2618 1680 2690 φανερόν.
1713 2620 2108 2690 Κατηγορήσας

526 2709 636 2778 γάρ
673 2725 774 2761 που
809 2707 904 2760 τοῦ
951 2706 1400 2775 πεπορνευκότος,
1431 2706 1674 2776 ἐπήγαγε
1709 2704 1880 2773 λέγων
1910 2723 1923 2736 ⁵
1956 2703 2106 2776 [1⁵81

526 2795 640 2850 Καὶ
670 2794 840 2864 ὑμεῖς
877 2793 944 2847 δὲ
979 2792 1418 2862 πεφυσιωμένοι
1469 2791 1626 2845 ἐστέ.
1672 2792 1792 2844 Ὅτι
1831 2791 1887 2843 δέ
1919 2792 1981 2844 ἐκ
2009 2793 2109 2862 τῆς

528 2882 785 2944 ἀπονοίας
815 2881 948 2952 πρὸς
987 2879 1248 2950 ἀλλήλους
1277 2875 1483 2949 ήριζον,
1513 2879 1607 2931 καὶ
1635 2878 1766 2932 αὐτὸ
1800 2877 1958 2931 τοῦτο
1991 2877 2110 2949 ἐδή-

525 2970 668 3024 λωσε
706 2971 866 3023 πάλιν
914 2968 1120 3022 εἰπών·
1151 2968 1344 3022 Ὅπου
1387 2968 1496 3035 γὰρ
1536 2966 1607 3020 ἐν
1651 2965 1791 3034 ὑμῖν
1834 2965 1960 3032 ἔρις
2011 2965 2109 3019 καί

529 3056 708 3124 ζῆλος
752 3058 847 3110 καί
884 3055 1286 3123 διχοστασίαι,
1321 3053 1457 3122 οὺχί
1489 3053 1768 3121 σαρκικοί
1805 3052 1966 3114 ἐστε,
2009 3054 2106 3106 καί

530 3144 680 3196 κατὰ
705 3141 1016 3209 ἄνθρωπον
1039 3140 1408 3209 περιπατεῖτε
1437 3157 1455 3202 ;
1497 3141 1606 3194 Καὶ
1631 3141 1714 3202 τίς
1741 3142 1770 3192 6
1793 3140 1896 3209 τῆς
1936 3139 2110 3209 ἔριδος

529 3231 758 3300 τρόπος;
782 3231 875 3293 Et;
899 3229 1122 3291 πολλοὺς
1145 3230 1406 3297 ἄρχοντας
1428 3228 1724 3298 κατέτεμον
1747 3227 1992 3292 ἑαυτοὺς,
2015 3226 2109 3278 καὶ

530 3315 621 3369 διὰ
650 3313 805 3367 τοῦτό
821 3331 964 3383 ’φησι
990 3329 1002 3343 ·
1027 3311 1189 3380 Λέγω
1226 3313 1294 3366 δὲ
1315 3315 1509 3376 τοῦτο,
1545 3313 1633 3366 ὅτι
1660 3313 1919 3379 ἕκαστος
1945 3311 2110 3381 ὑμῶν

533 3415 750 3472 φησιν·
789 3399 928 3468 Ἐγὼ
961 3399 1078 3468 μέν
1101 3404 1217 3467 εἰμι
1245 3401 1509 3461 Παύλου,
1553 3399 1668 3468 ἐγὼ
1704 3399 1773 3451 δὲ
1822 3399 2106 3463 Ἀπουίλῶ,

528 3488 644 3559 ἐγὼ
689 3487 757 3540 δὲ
807 3485 998 3554 Κηφᾶ.
1053 3486 1238 3538 Ταῦτα
1289 3485 1492 3552 ἔλεγεν,
1538 3487 1638 3537 οὐκ
1679 3485 1864 3557 ἐπειδὴ
1911 3486 2110 3556 Παύλῳ

531 3574 626 3629 καί
679 3575 842 3642 Κηφᾷ
887 3572 981 3625 καὶ
1019 3570 1258 3642 Ἀπολλῷ
1311 3571 1642 3641 προσένεμον
1681 3573 1927 3636 ἑαυτοὺς,
1976 3573 2111 3625 ἀλλά

531 3663 643 3723 τοῖς
686 3660 910 3728 ὀνόμασι
957 3657 1163 3721 τούτοις
1216 3657 1527 3726 ἀποκρύψαι
1574 3657 1818 3726 βούλεται
1849 3660 1976 3720 τοὺς
2012 3660 2111 3728 τῆς

533 3747 773 3809 στάσεως
819 3743 1020 3806 αἰτίους
1061 3745 1478 3814 γεγενημένους,
1525 3743 1664 3797 ὥστε
1720 3744 1794 3815 μή
1845 3745 2113 3816 φανεροὺς

531 3834 898 3903 καταστήσας,
923 3830 1378 3903 φιλονεικοτέρους
1405 3831 1645 3902 ποιῆσαι,
1670 3832 1762 3884 καὶ
1789 3834 1865 3894 εἰς
1889 3831 2112 3902 μείζονα

529 3919 909 3990 ἀναισχυντίαν
933 3920 1177 3986 ἀγαγεῖν.
1205 3919 1324 3970 ’Ότι
1352 3919 1460 3988 γάρ
1489 3919 1549 3971 οὑ
1581 3919 1774 3988 Παύλῳ
1799 3920 1892 3972 καὶ
1921 3919 2112 3991 Πέτρῳ

533 4013 625 4064 καί
666 4009 906 4078 Ἀπολλῴ
945 4009 1274 4080 προσένεμον
1311 4009 1554 4072 ἑαυτοὺς,
1600 4009 1714 4060 ἀλλ’
1746 4009 1952 4079 ἑτέροις
1981 4009 2109 4076 τισὶ,

533 4101 630 4154 καὶ
654 4099 812 4152 τοῦτο
841 4101 906 4150 ἐκ
934 4097 1041 4150 τῶν
1069 4097 1194 4165 ἐξῆς
1222 4095 1397 4165 δῆλον.
1441 4097 1770 4163 Ἑγκαλέσας
1795 4097 1902 4168 γάρ
1931 4099 2114 4161 αὐτοῖς

535 4187 631 4241 ἐπὶ
680 4189 746 4256 τῇ
801 4184 1078 4236 διαστάσει
1134 4182 1327 4254 ταύτῃ,
1378 4183 1541 4237 πάλιν
1595 4186 1845 4255 ἐπήγαγε
1899 4185 2108 4254 λέγων’

541 4271 735 4328 Ταῦτα
761 4269 864 4335 δὲ,
895 4269 1167 4338 ἀδελφοὶ,
1196 4269 1686 4339 μετεσχημάτισα
1726 4275 1813 4338 εἰς
1853 4272 2114 4340 ἐμαυτὸν

536 4358 635 4412 καί
667 4355 930 4411 Ἀπολλὼ
957 4354 1031 4408 δι’
1069 4354 1233 4425 ὑμᾶς.
1272 4357 1372 4409 ἵνα
1405 4358 1474 4410 ἐν
1509 4358 1652 4427 ὑμῖν
1673 4358 1901 4428 μάθητε
1934 4361 2001 4413 τὸ
2025 4361 2111 4430 μὴ

535 4443 689 4513 ὑπὲρ
726 4443 758 4497 δ
789 4441 1109 4514 γέγραπται
1141 4443 1407 4513 φρονεῖν,
1440 4445 1541 4498 ἵνα
1579 4445 1666 4514 μὴ
1704 4441 1792 4514 εἷς
1825 4448 1976 4516 ὑπὲρ
2005 4448 2112 4503 τοῦ

534 4534 675 4602 ἐνὸς
709 4535 795 4604 μὴ
828 4533 1166 4604 φυσιοῦσθε
1194 4534 1344 4588 κατὰ
1376 4533 1482 4588 τοῦ
1512 4535 1735 4603 ἐτέρου.
1777 4535 1967 4590 Πολλοί
2005 4538 2111 4608 γάρ

533 4623 645 4676 τῶν
676 4623 898 4678 ἰδιωτῶν
926 4624 1023 4676 ούκ
1056 4622 1265 4694 ἔχοντες
1291 4623 1499 4676 οἴκοθεν
1523 4623 1816 4695 ἐπαίρεσιν,
1844 4624 1965 4677 ούδέ
1988 4626 2114 4684 τοὺς

539 4709 763 4781 πλησίον
786 4711 1020 4776 δάκνειν,
1048 4710 1480 4781 προστησάμενοί
1510 4727 1659 4774 τινας
1685 4711 1891 4764 ἑαυτῶν
1923 4712 2116 4781 ἄρχον-

536 4813 657 4861 τας,
705 4799 818 4862 τοῖς
872 4798 1094 4852 ἐκείνων
1154 4796 1616 4869 πλεονεκτήμασιν
1672 4801 1750 4862 εἰς
1817 4799 1918 4869 τὴν
1991 4798 2112 4852 καθ’

536 4890 738 4963 ἐτέρων
767 4888 1140 4960 ὑπερηφανίαν
1168 4889 1482 4960 ἐκέχρηντο’
1513 4890 1606 4943 καὶ
1634 4890 1667 4960 ή
1698 4889 1808 4942 τῶν
1834 4889 2113 4943 διδασκόν-

536 4995 646 5032 των
674 4978 868 5040 αὐτοὺς
907 4977 1067 5044 σοφία
1101 4977 1200 5046 τῆς
1238 4977 1438 5045 ἐτέρων
1479 4977 1663 5040 αὐτοῖς
1701 4976 1958 5040 ἀπονοίας
1996 4977 2115 5046 ἐγέ-

537 5079 660 5118 νετο
685 5063 951 5135 πρόφασις
977 5079 992 5094 ο
1022 5063 1159 5133 ὅπερ
1187 5064 1419 5134 ἐσχάτης
1445 5063 1766 5132 δοξομανίας
1791 5058 1878 5134 ἦν,
1905 5062 2114 5115 οἴκοθεν

537 5149 640 5204 οὑκ
675 5148 895 5218 έχοντας
937 5148 1343 5220 ἐναϐρύνεσθαι,
1385 5152 1507 5212 ταῖς
1562 5150 1766 5220 ἐτέρων
1820 5151 2116 5223 ὑπεροχαῖς

537 5235 882 5307 ἀποχρῆσθαι
923 5239 1003 5298 εἰς
1041 5236 1140 5307 τὴν
1182 5238 1323 5291 κατά
1361 5237 1470 5291 τῶν
1513 5238 1756 5307 ἀδελφῶν
1793 5238 2110 5309 ὑπεροψίαν.

551 5325 705 5380 Ἐπεὶ
723 5319 816 5378 οὖν
836 5324 930 5378 καὶ
955 5325 1032 5388 εἰς
1059 5325 1315 5378 ἀπόνοιαν
1339 5326 1584 5398 ήρθησαν
1608 5327 1703 5381 καὶ
1721 5326 2112 5391 διεστασίαζον,

539 5415 635 5467 καὶ
665 5415 746 5478 τίς
787 5410 958 5466 πολλά
1002 5410 1329 5481 κατέτεμνόν
1365 5413 1506 5485 μέρη
1541 5414 1787 5478 ἑαυτοὺς,
1832 5415 1929 5467 καὶ
1969 5413 2116 5483 μέγα

425 5488 445 5511 ⁸
541 5499 800 5570 ἐφρόνουν
855 5500 948 5552 ἐπὶ
1002 5501 1068 5571 τῇ
1121 5499 1458 5570 διδασκαλία,
1512 5499 1588 5564 ὡς
1645 5501 1855 5555 οἴκοθέν
1910 5517 1968 5553 τε
2021 5500 2115 5554 καὶ

541 5589 670 5658 παρ’
699 5587 902 5642 ἐαυτῶν
933 5589 1201 5658 εὑρόντες,
1236 5588 1350 5641 ἀλλ’
1377 5589 1474 5658 οὑχ
1503 5588 1579 5652 ώς
1605 5587 1810 5644 ἀνωθεν
1835 5588 2116 5659 δεξάμενοι

547 5672 640 5726 καὶ
689 5676 755 5728 ἐκ
805 5675 902 5745 τῆς
958 5676 1049 5729 τοῦ
1106 5673 1239 5728 Θεοῦ
1301 5676 1534 5746 χάριτος
1580 5676 1646 5731 τά
1707 5677 1806 5748 τῆς
1861 5674 2116 5747 ἀληθείας

1241 295 1302 351 S.
1331 295 1624 353 JOANNIS
1657 291 2147 351 CHRYSOSTOMI
2184 293 2504 351 ARCIIIEP.
2549 297 3097 355 CONSTANTINOP.

3690 287 3793 346 15$

2211 400 2477 472 δόγματα,
2510 405 2828 476 βουλόμενος
2870 404 3047 458 αὐτῶν
3077 399 3421 457 καταστεῖλαι
3453 401 3515 454 τὸ
3543 401 3794 475 φύσημα,

2211 488 2411 553 εὐθέως
2443 492 2552 545 ἀπὸ
2594 492 2703 546 τῶν
2741 490 3041 562 προοιμίων
3085 488 3317 558 κλητόν
3348 488 3510 543 αὑτὸν
3538 489 3793 557 ἐκάλεσε,

2211 579 2492 648 μονονουχὶ
2522 579 2694 646 λέγων
2717 594 2731 608 ·
2764 579 2828 630 Εἰ
2863 575 2972 645 ἐγὼ
3006 578 3035 629 6
3068 575 3382 639 διδάσκαλος
3403 575 3554 628 οὑδέν
3583 576 3796 630 οἴκοθεν

2209 659 2398 734 εὖρον,
2447 664 2574 718 οὔτε
2630 665 2895 736 πρότερον
2947 661 3106 725 αὐτὸς
3152 661 3230 731 τῷ
3282 661 3401 732 Θεῷ
3453 662 3794 732 προσῆλθον,

2208 750 2344 804 ἀλλά
2374 753 2591 822 κληθεὶς
2617 753 2736 805 τότε
2767 752 3072 821 ὑπήκουσα,
3112 749 3229 812 πῶς
3265 749 3422 818 ὑμεῖς
3447 751 3499 802 οἱ
3529 749 3794 818 μαθηταὶ,

2210 838 2303 891 καὶ
2329 838 2459 907 παρ’
2488 838 2622 908 ἐμοῦ
2663 839 2731 891 τά
2773 838 3016 906 δόγματα
3042 835 3348 904 δεξάμενοι,
3381 834 3611 888 δύνασθε
3646 836 3798 904 μέγα

2212 927 2446 994 φρονεῖν,
2495 925 2570 989 ὼς
2619 925 2773 978 αὺτοί
2815 924 3020 977 τούτων
3071 922 3290 993 εὑρέται
3337 923 3651 992 γενόμενοις
3696 923 3797 976 Διά

2209 1011 2366 1065 τοῦτο
2394 1013 2489 1066 καὶ
2516 1013 2719 1084 προῖὼν
2750 1012 2932 1077 ἔλεγεν
2965 1011 3146 1073 αὐτοῖς
3168 1028 3180 1041 ·
3215 1009 3310 1076 Τίς
3338 1009 3447 1078 γάρ
3473 1025 3548 1063 σε
3572 1010 3798 1078 διακρί-

2209 1115 2331 1162 νει,
2370 1100 2429 1152 τί
2463 1099 2532 1152 δὲ
2557 1101 2718 1169 ἔχεις
2745 1097 2777 1151 ὃ
2811 1099 2922 1152 οὐκ
2963 1098 3213 1164 suam;
3242 1097 3296 1150 εί
3323 1095 3396 1149 δὲ
3426 1097 3523 1150 καί
3557 1097 3794 1164 ἔλαϐες,

2211 1190 2268 1242 τί
2301 1189 2604 1256 καυχᾶσαι
2639 1189 2722 1254 ὠς
2746 1187 2832 1257 μὴ
2863 1186 3100 1252 λαϐέ)νί

2283 1317 2449 1371 Οὐδὲν
2493 1314 2586 1372 οὖν
2637 1317 2764 1371 ἄλλο
2815 1319 2932 1370 ἐστὶ
2975 1317 3036 1369 τὸ
3078 1317 3313 1384 Κλητὸς
3360 1317 3548 1382 τοῦτο,
3596 1315 3714 1372 ἀλλ’
3763 1318 3799 1390 ἢ

2212 1409 2710 1480 ταπεινοφροσύνης
2746 1409 3083 1472 διδασκαλία,
3125 1408 3219 1462 καὶ
3257 1407 3426 1475 τύφου
3456 1405 3797 1480 καθαίρεσις,

2215 1499 2308 1552 καὶ
2344 1499 2524 1568 πάσης
2564 1499 2878 1564 ἀλαζονείας
2913 1499 3214 1566 καταστολὴ
3239 1516 3252 1528 ’
3283 1499 3432 1551 οὑδέν
3473 1498 3581 1570 γάρ
3626 1499 3796 1561 ἐστιν,

2214 1590 2366 1643 οὑδέν
2394 1589 2566 1652 οὑτως
2599 1593 2628 1646 ὃ
2658 1591 2984 1661 συγκρατεῖν
3017 1590 3110 1643 καὶ
3138 1589 3382 1658 συνέχειν
3415 1591 3564 1660 ήμᾶς
3595 1585 3801 1643 δύναιτ’

2216 1680 2302 1741 ἂν,
2331 1679 2409 1743 ὡς
2431 1681 2922 1751 ταπεινοφροσύνη,
2953 1681 3046 1733 καί
3077 1679 3408 1751 μετριάζειν,
3440 1679 3617 1732 καὶτὸ
3666 1697 3804 1734 κατ-

2215 1770 2469 1824 εστάλθαι
2499 1771 2592 1824 καί
2621 1771 2783 1842 μηδὲν
2809 1771 3076 1842 μηδέποτε
3094 1770 3222 1841 περί
3253 1769 3457 1823 ἐαυτῶν
3493 1771 3637 1840 μέγα
3664 1789 3804 1840 φαν-

2213 1858 2491 1922 τάζεσθαι.
2539 1862 2714 1930 Ὅπερ
2759 1860 2853 1912 καὶ
2895 1861 2922 1912 ό
2973 1859 3206 1930 Χριστὸς
3252 1858 3524 1922 συνειδὼς,
3564 1861 3660 1913 καὶ
3699 1859 3804 1930 τῆς

2214 1951 2590 2021 πνευματικῆς
2642 1950 2857 2020 ἐκείνης
2911 1949 3252 2013 διδασκαλίας
3311 1950 3633 2020 ἀρχόμενος,
3689 1949 3805 2003 ἀπὸ

2213 2038 2708 2113 ταπεινοφροσύνης
2749 2039 2965 2110 πρῶτον
3002 2039 3101 2110 τῆς
3147 2039 3526 2108 παραινέσεως
3573 2039 3803 2111 ῆρξατο,

2214 2131 2308 2186 καὶ
2348 2131 2408 2183 τὸ
2441 2131 2615 2202 στόμα
2644 2129 2883 2194 ἀνοίξας,
2917 2129 3104 2182 τοῦτον
3139 2130 3352 2202 πρῶτον
3394 2131 3679 2199 εἰσήνεγκε
3707 2130 3810 2184 τὸν

2215 2222 2398 2292 νόμον,
2453 2221 2623 2284 οὕτως
2689 2221 2858 2273 είπών
2893 2236 2908 2251 ο
2968 2220 3261 2288 Μακάριοι
3315 2223 3370 2274 οἱ
3431 2221 3654 2290 πτωχοὶ
3717 2219 3806 2286 τῷ

2215 2314 2528 2382 πνεύματι.
2585 2313 2852 2384 Καθάπερ
2910 2314 3018 2384 γάρ
3063 2330 3148 2376 τις
3203 2313 3380 2366 οίκίαν
3430 2312 3669 2383 μεγάλην
3708 2313 3809 2364 καὶ

2215 2408 2472 2479 λαμπρὰν
2506 2407 2904 2478 οἰκοδομεῖσθαι
2937 2406 3086 2480 [159]
3126 2407 3355 2478 μέλλων,
3402 2406 3662 2476 ἀνάλογον
3693 2423 3808 2459 καο

2214 2497 2538 2551 ταϐἀλλεται
2582 2496 2673 2550 τὸν
2718 2495 2988 2567 θεμέλιον,
3035 2497 3174 2551 ὥστε
3219 2496 3510 2568 δυνηθῆναι
3555 2497 3616 2551 τὺ
3660 2496 3808 2568 μετά

2214 2584 2389 2639 ταῦτα
2430 2584 2802 2655 ἐπιτιθέμενον
2843 2588 3088 2653 ἐνεγκεῖν
3129 2585 3328 2656 βάρος·
3360 2585 3502 2638 οὑτω
3536 2584 3601 2656 δὴ
3641 2584 3738 2639 καὶ
3774 2587 3809 2637 6

2215 2677 2472 2746 Χριστὸς,
2499 2677 2599 2750 τὴν
2629 2678 2873 2750 μεγάλην
2901 2678 3116 2749 ἐκείνην
3146 2678 3433 2749 οἰκοδομὴν
3456 2677 3552 2748 τῆς
3583 2677 3807 2746 φιλοσο-

2217 2767 2344 2838 φίας
2371 2770 2430 2821 ἐν
2457 2772 2578 2831 ταῖς
2604 2768 2801 2839 ψυχαῖς
2836 2768 3016 2822 αὐτῶν
3045 2768 3296 2839 ἐγείρων,
3335 2767 3523 2839 ὥσπερ
3553 2767 3677 2820 τινὰ
3708 2765 3808 2820 Oc-

2219 2859 2400 2928 μίλιον
2441 2859 2534 2914 καὶ
2563 2859 2755 2932 τρόπιν
2798 2859 3015 2929 ἀσφαλῆ
3053 2861 3144 2912 καὶ
3178 2859 3418 2931 κρηπῖδα
3450 2857 3673 2928 βεϐαίαν
3703 2857 3804 2909 καὶ

2215 2953 2492 3023 ἀκίνητον,
2519 2953 2618 3023 τήν
2641 2953 2742 3022 τῆς
2768 2953 3263 3024 ταπεινοφροσύνης
3290 2949 3808 3023 προκαταϐάλλεται

2217 3040 2555 3111 παραίνεσιν,
2597 3040 2752 3104 εἰδὼς
2794 3043 2874 3094 ὅτι
2911 3042 3116 3111 ταύτης
3159 3040 3537 3112 ἐρριζωμένης
3579 3041 3637 3092 ἐν
3680 3042 3806 3102 ταῖς

2215 3130 2473 3193 διανοίαις
2518 3130 2626 3183 τῶν
2668 3132 2996 3197 ἀκουόντων,
3043 3133 3258 3185 ἅπαντα
3292 3131 3425 3184 ἄλλα
3462 3130 3562 3201 τῆς
3595 3132 3806 3202 ἀρετῆς

2220 3219 2358 3289 μέρη
2385 3219 2523 3288 μετά
2552 3219 2852 3288 ἀσφαλείας
2885 3221 3281 3290 οἰκοδομεῖσθαι
3311 3219 3553 3273 δύναται.
3588 3220 3809 3290 ’Ὥσπερ

2216 3305 2307 3363 οὖν
2351 3307 2552 3380 ταύτης
2594 3310 2858 3381 ἀπούσης,
2911 3311 3012 3364 κᾶν
3064 3311 3282 3364 ἀπασάν
3335 3328 3418 3374 τις
3463 3310 3563 3382 τὴν
3608 3309 3807 3381 λοιπὴν

2217 3398 2419 3470 ἀρετὴν
2465 3399 2805 3473 κατορθώσῃ,
2842 3403 2964 3474 εἰκῆ
3013 3403 3106 3455 καὶ
3156 3403 3331 3472 μάτην
3385 3403 3479 3454 καὶ
3523 3404 3602 3465 είς
3649 3401 3808 3454 οὐδὲν

2217 3491 2333 3543 δέον
2363 3491 2482 3544 ἐστί
2516 3491 2859 3562 πεπονηκὼς,
2892 3495 3011 3546 κατ’
3038 3495 3243 3546 ἐκεῖνον
3268 3493 3360 3546 τὸν
3391 3493 3481 3546 ἐπὶ
3513 3497 3611 3564 τῆς
3645 3493 3808 3563 ψάμ-

2223 3597 2324 3649 μου
2366 3581 2464 3652 τὴν
2512 3581 2689 3635 οἰκίαν
2735 3582 3184 3652 οἰκοδομήσαντα,
3233 3581 3293 3644 ὃς
3343 3582 3434 3634 τὸν
3491 3582 3589 3652 μὲν
3640 3582 3808 3635 πόνον

2220 3670 2500 3740 ὑπέμεινε,
2557 3671 2649 3724 τοῦ
2709 3672 2764 3724 δέ
2821 3673 3045 3743 κέρδους
3109 3674 3207 3726 οὑκ
3275 3674 3547 3736 ἀπώνατο,
3614 3671 3808 3744 ἐπειδὴ

2221 3761 2465 3832 θεμέλιον
2501 3762 2562 3814 οὑ
2603 3761 2899 3815 κατέϐαλεν
2939 3764 3194 3834 ἀσφαλῆ·
3230 3762 3402 3828 οὕτως
3445 3767 3473 3816 6
3505 3765 3676 3834 χωρὶς
3715 3781 3812 3817 τα-

2223 3851 2647 3923 πεινοφροσύνης
2707 3853 2884 3907 ὁτιοῦν
2950 3854 3150 3924 μετιὼν
3218 3855 3459 3923 ἀγαθὸν,
3521 3854 3808 3908 ἀπώλεσεν

2220 3943 2431 3998 ᾶπαντα
2480 3945 2574 3997 καὶ
2609 3943 2900 4016 διέφθειρε.
2943 3946 3454 4018 Ταπεινοφροσύνην
3481 3946 3571 4010 δέ,
3601 3946 3662 3998 οὑ
3703 3947 3805 4016 τὴν

2220 4035 2278 4088 ἐν
2313 4036 2520 4106 ῥήμασι
2561 4035 2724 4104 λέγω,
2775 4037 2894 4089 οὐδὲ
2934 4037 3032 4106 τὴν
3081 4039 3173 4090 ἐπὶ
3214 4037 3317 4108 τῆς
3366 4036 3632 4107 γλώττης,
3666 4036 3804 4090 ἀλλά

2219 4126 2318 4196 τὴν
2351 4128 2408 4179 ἐν
2436 4130 2501 4197 τῇ
2531 4127 2758 4199 διανοίᾳ,
2788 4127 2885 4198 τὴν
2920 4128 3028 4182 ἀπὸ
3059 4128 3156 4200 τῆς
3190 4127 3389 4199 ψυχῆς,
3415 4128 3516 4199 τὴν
3540 4129 3598 4181 ἐν
3629 4143 3806 4181 συνει-

2218 4215 2350 4280 δότι,
2389 4215 2456 4286 ἢν
2499 4218 2528 4269 6
2575 4215 2706 4279 Θεὸς
2751 4217 2970 4271 δύναται
3021 4217 3180 4288 μόνος
3217 4219 3371 4289 όρᾷν.
3409 4219 3594 4288 Ἀρκεῖ
3644 4217 3804 4271 τοῦτο

2219 4307 2279 4359 τὸ
2311 4305 2709 4379 πλεονέκτημα,
2738 4311 2830 4362 καὶ
2875 4309 2998 4362 καθ’
3042 4311 3201 4363 ἐαυτδ
3246 4309 3507 4372 πολλάκις
3543 4309 3804 4380 φαινόμε-

2220 4414 2329 4459 νον,
2382 4398 2509 4452 ἵλεω
2543 4400 2763 4469 ποιῆσαι
2813 4400 2904 4453 τὸν
2946 4401 3098 4454 Θεόν.
3141 4401 3249 4454 Καὶ
3287 4399 3444 4453 τοῦτο
3484 4400 3514 4452 6
3565 4398 3802 4470 τελώνης

2220 4488 2485 4560 ἐδήλωσεν
2506 4506 2520 4522 '
2554 4489 2704 4543 οὐδὲν
2744 4490 2853 4562 γάρ
2881 4491 3019 4560 ἔχων
3048 4491 3274 4560 ἀγαθὸν,
3304 4491 3424 4544 οὑδὲ
3452 4489 3561 4545 ἀπὸ
3603 4506 3802 4560 κατορο

2221 4580 2488 4652 θωμάτων
2543 4583 2776 4654 φανῆναι
2831 4584 3146 4653 δυνάμενος,
3204 4582 3372 4636 εἰπὼν
3419 4583 3610 4654 μόνον,
3659 4579 3802 4637 Ἱλά-

2220 4672 2398 4737 σθητί
2421 4689 2523 4740 μοι
2552 4671 2632 4738 τῷ
2663 4671 3009 4741 ἁμαρτωλῷ,
3043 4671 3313 4742 κατῆλθεν
3345 4673 3487 4744 ὑπὲρ
3520 4673 3611 4726 τὸν
3639 4673 3802 4742 Φαρι-

2223 4762 2372 4813 σαῖον
2416 4759 2761 4825 δικαιωθείς⁶
2803 4761 2979 4814 καίτοι
3032 4779 3094 4829 γε
3140 4762 3260 4815 οὐδὲ
3304 4761 3802 4833 ταπεινοφροσύνης

2219 4847 2360 4923 ἦσαν
2404 4852 2588 4906 ἐκεῖνα
2614 4851 2682 4906 τά
2722 4855 2964 4925 ῥήματα,
3009 4853 3124 4906 ἀλλ’
3158 4853 3580 4925 εὐγνωμοσύνης
3622 4854 3800 4924 μόνον.

2222 4943 2730 5014 Ταπεινοφροσύνης
2787 4943 2886 5014 μέν
2935 4944 3046 5014 γάρ
3095 4945 3241 4998 ἐστιν
3297 4945 3424 4999 ὃταν
3475 4943 3689 5014 μεγάλα
3720 4959 3805 5006 τις

2221 5033 2399 5104 ἐαυτῷ
2452 5034 2724 5099 συνειδὼς,
2777 5035 2944 5107 μηδὲν
2999 5035 3142 5106 μέγα
3197 5036 3324 5106 περὶ
3375 5035 3543 5090 αὑτοῦ
3601 5036 3805 5106 φαντά-

2223 5125 2380 5197 ζηται
2403 5143 2417 5157 ’
2448 5127 2834 5199 εὐγνωμοσύνη
2874 5127 2950 5194 δὲ,
2985 5129 3134 5192 ὅταν,
3179 5127 3504 5200 ἁμαρτωλὸς
3542 5127 3641 5193 ῶν,
3674 5126 3806 5181 αὑτὸ

2219 5216 2378 5269 τοῦτο
2438 5217 2694 5288 ὁμολογῇ.
2758 5218 2821 5270 Εἰ
2879 5217 2936 5271 δέ
2992 5220 3023 5272 ό
3089 5210 3252 5289 μηδὲν
3309 5217 3486 5289 ἐαυτῷ
3546 5215 3807 5279 συνειδὼς

2221 5307 2446 5377 ἀγαθὸν.
2483 5309 2670 5379 ἐπειδὴ
2710 5308 2886 5377 τοῦτο,
2931 5311 3068 5382 ὅπερ
3116 5306 3205 5382 ῆν,
3251 5308 3621 5382 ὡμολόγησεν,
3661 5308 3805 5364 οὕτω

2221 5400 2310 5455 τὸν
2362 5400 2494 5454 Θεὸν
2539 5404 2618 5465 είς
2665 5397 2878 5458 εὔνοιαν
2938 5403 3304 5469 ἐπεσπάσατο,
3354 5403 3528 5473 πόσης
3567 5401 3805 5456 ἀπολαύ-

2224 5507 2403 5544 σονται
2435 5491 2746 5564 παρρησίας
2773 5493 2824 5545 οί
2863 5491 3033 5546 πολλά
3065 5493 3162 5562 μὲν
3183 5491 3396 5562 ἔχοντες
3433 5490 3642 5544 ἑαυτῶν
3673 5506 3805 5545 κατ-

2221 5581 2514 5654 ορθώματα
2560 5585 2753 5648 εἰπεῖν,
2806 5584 3022 5638 πάντων
3062 5583 3119 5637 δὲ
3186 5581 3411 5638 ἐκείνων
3453 5581 3808 5638 ἐπιλανθανό-

2225 5691 2394 5743 μενοι,
2432 5675 2524 5729 καὶ
2562 5676 2637 5737 εἰς
2683 5674 2807 5738 τοὺς
2845 5673 3105 5744 ἐσχάτους
3143 5674 3368 5738 ἑαυτοὺς
3409 5668 3798 5742 ἀριθμοῦντεςς
