4060 6252
284 316 397 373 153

287 434 486 489 rimum
510 445 664 487 coma
685 438 741 487 et
761 430 953 487 baculo
983 431 1260 501 gloriatur,
1284 440 1404 502 post
1433 430 1599 488 multa
1620 433 1881 504 longaque

286 526 459 597 spatia
483 539 816 590 sermonum,
845 535 966 595 post
989 526 1348 596 importunam
1378 527 1711 600 multamque
1749 545 1883 601 gar-

286 620 560 675 rulitatem
588 632 657 673 ne
680 617 891 674 hiscere
922 617 1139 688 quidem
1170 618 1427 688 potuerit,
1458 636 1633 691 neque
1668 620 1735 676 de
1766 621 1881 675 istis

288 710 458 766 verba
484 710 721 765 facturus
750 710 975 764 valuerit
999 725 1061 765 os
1087 709 1340 764 diducere
1363 721 1510 767 :tum
1534 712 1697 781 probe
1722 711 1880 766 intel-

287 798 444 870 liges,
466 813 576 869 quo
597 808 755 869 pacto
783 798 921 853 Deus
950 799 1151 871 elegerit
1187 799 1344 853 stulta
1374 802 1568 868 mundi,
1598 809 1650 854 ut
1676 802 1880 869 sapien—

288 897 363 944 tes
380 890 732 961 confunderet.
750 886 897 945 'Nam
922 888 1041 959 quas
1055 904 1165 960 pra:
1181 891 1342 947 nimia
1366 892 1610 963 superbia
1638 892 1669 946 f.
1690 902 1882 962 suique

290 980 531 1049 reperire
559 978 634 1035 illi
663 980 882 1034 minime
927 991 1233 1049 potuerunt,
1278 991 1388 1037 tum
1434 983 1575 1052 quod
1615 983 1821 1051 seipsos
1849 997 1882 1037 a

289 1070 823 1142 disciplina‘Spiritus
843 1068 1225 1155 séjunxissent,
1254 1083 1362 1129 tum
1386 1074 1527 1145 quod
1550 1074 1727 1129 omnia
1751 1088 1881 1142 pro-

291 1162 423 1233 priis
472 1162 885 1232 cogitationibus
931 1165 1352 1228 commisissent,
1386 1165 1502 1220 lucc
1550 1162 1781 1218 mendici
1827 1172 1882 1219 et

292 1252 485 1323 abiecti
514 1268 577 1308 ac
598 1251 838 1348 profapze
864 1254 1181 1310 eruditionis
1210 1262 1459 1325 expertes
1488 1255 1664 1309 omnia
1691 1262 1879 1307 exacte

290 1345 614 1410 didicerunt,
637 1342 813 1400 cum'a
840 1346 1042 1401 caelesti
1066 1345 1341 1416 disciplina
1357 1344 1671 1415 penderent.
1697 1342 1881 1413 Neque

292 1450 422 1492 vero
450 1443 734 1492 contentus
755 1444 839 1491 est
866 1435 1057 1491 horum
1082 1444 1236 1491 tenus
1260 1436 1536 1506 profanam
1563 1436 1878 1505 sapientiam

292 1526 562 1593 incusare,
591 1527 685 1582 sed
729 1535 782 1582 et
818 1526 922 1581 alia
960 1526 1118 1596 plura
1164 1526 1435 1597 subjungit
1457 1568 1472 1592 ,
1519 1527 1703 1581 dicens
1737 1543 1750 1580 :
1780 1524 1882 1579 Sa-

292 1618 483 1691 pientia
509 1621 660 1692 hujus
679 1620 853 1674 mundi
879 1619 1094 1674 stultitia
1118 1629 1192 1673 est
1218 1620 1359 1689 apud
1379 1618 1547 1674 Deum
1569 1618 1649 1690 (1.
1674 1619 1794 1675 Cor.
1820 1620 1876 1675 5.

296 1710 410 1783 19);
433 1720 488 1766 et
507 1711 780 1766 auditores
810 1726 997 1766 rursus
1016 1710 1307 1765 adhortans
1332 1726 1452 1765 cum
1480 1719 1792 1780 contemptu
1817 1725 1880 1766 ac

291 1801 629 1857 vehementia
657 1801 866 1856 dicebat
889 1820 904 1856 :
929 1802 990 1856 Si
1011 1802 1121 1872 quis
1146 1801 1280 1856 enim
1301 1801 1515 1869 videtur,
1543 1802 1731 1871 inquit,
1751 1802 1882 1854 inter

292 1908 381 1947 vos
404 1891 605 1963 sapiens
634 1892 809 1947 essein
835 1893 929 1947 hoc
968 1893 1176 1959 saculo,
1212 1892 1396 1946 stultus
1432 1893 1553 1961 ﬁat,
1593 1901 1649 1944 ut
1692 1892 1755 1945 sit
1787 1907 1883 1945 sa-

297 1984 441 2053 piens
464 1981 575 2052 (Ib.
600 2000 643 2037 υ.
674 1982 798 2055 18);
822 1992 875 2038 et
906 1999 1111 2049 rursus,
1143 1982 1403 2053 Scriptum
1432 1992 1525 2047 est,
1553 1977 1774 2036 Perdant
1797 1998 1882 2036 sa-

296 2075 539 2145 pientiam
566 2076 874 2145 sapientum,
905 2085 952 2130 et
998 2073 1321 2146 prudentiam
1368 2075 1669 2145 prudentum
1701 2090 1879 2144 repro-

293 2162 423 2219 ιαιο
458 2165 536 2236 (l.
562 2165 680 2221 Cor.
705 2166 900 2236 1.1ν9);
930 2175 984 2220 et
1013 2181 1218 2232 rursus,
1250 2165 1500 2219 Dominus
1528 2165 1664 2218 novit
1692 2165 1884 2234 cogita-

291 2256 458 2310 tiones
483 2257 761 2321 hominum,
784 2257 1021 2328 quoniam
1048 2272 1191 2311 name
1208 2266 1323 2311 sunt
1352 2255 1428 2327 (1.
1456 2255 1574 2311 Cor.
1602 2256 1656 2309 '5.
1687 2254 1805 2326 20).

368 2347 422 2401 6.
464 2349 541 2402 Ac
568 2348 825 2417 sapientia
853 2346 1064 2417 quidem
1093 2347 1342 2417 praeditos
1378 2346 1542 2401 fuisse
1570 2345 1877 2400 Corinthios

293 2452 363 2491 ex
405 2437 490 2491 his
524 2437 722 2506 liquet;
768 2451 862 2491 eos
890 2446 1067 2491 autem
1097 2437 1356 2506 Superbos
1396 2437 1553 2491 fuisse
1580 2446 1739 2505 atque
1767 2436 1884 2489 ani-

297 2530 403 2584 mis
428 2528 639 2583 inllatos
667 2542 735 2582 ex
776 2526 964 2582 eadem
1000 2528 1223 2597 cpistola
1253 2527 1589 2581 manifestum
1620 2536 1721 2580 est.
1749 2526 1883 2580 Cum

295 2619 441 2674 enim
465 2618 667 2687 uspiam
689 2632 810 2673 eum
832 2618 920 2687 qui
952 2617 1243 2672 fornicatus
1266 2627 1404 2683 erat,
1429 2615 1881 2687 reprehendisset,

296 2708 495 2776 adjecit
547 2706 731 2763 dicens
764 2724 777 2762 :
808 2707 874 2761 Et
922 2723 1009 2761 vos
1063 2708 1231 2778 inﬂati
1280 2708 1397 2761 estis
1447 2708 1522 2777 (1.
1565 2706 1686 2762 Cor.
1715 2707 1768 2761 5.
1799 2706 1880 2776 2).

297 2799 466 2853 Porro
490 2814 604 2867 pra:
630 2799 789 2853 nimia
818 2799 1121 2868 arrogantia
1149 2799 1289 2852 inter
1312 2812 1369 2851 se
1396 2798 1514 2851 illos
1543 2796 1885 2852 contendisse

297 2889 624 2958 acjurgatos
671 2903 805 2943 esse'
838 2903 1023 2943 rursus
1071 2888 1341 2953 indicavit,
1384 2903 1503 2942 cum
1549 2887 1683 2941 dixit
1711 2903 1729 2941 :
1757 2885 1885 2941 Cum

296 2980 429 3032 enim
455 2982 518 3033 sit
547 2980 675 3033 inter
691 2995 778 3033 vos
803 2979 1073 3044 contentio,
1102 2988 1148 3031 et
1171 2980 1329 3044 zelus,
1363 2989 1408 3031 et
1445 2978 1684 3043 dissidia,
1723 2994 1888 3033 nonne

294 3073 526 3125 carnales
545 3072 683 3137 estis,
700 3080 745 3125 et
763 3071 1039 3124 secundum
1058 3070 1311 3124 hominem
1322 3070 1587 3123 antbulatis
1604 3070 1683 3139 (l.
1696 3068 1814 3124 Cor.
1829 3069 1883 3123 5.

295 3162 397 3231 5)?
423 3162 677 3228 Quisnam
704 3169 881 3216 autem
909 3160 1009 3215 fuit
1049 3160 1406 3216 contentionis
1433 3160 1521 3214 ille
1566 3157 1798 3214 modus?
1827 3158 1884 3213 ln

296 3252 478 3306 varios
506 3266 565 3306 se
603 3260 840 3306 rectores
881 3265 945 3305 ac
977 3251 1241 3320 principes
1267 3249 1592 3313 dividebant,
1622 3258 1782 3319 atque
1807 3248 1888 3303 id-

297 3343 444 3397 circo
483 3341 654 3396 dicit:
686 3339 797 3395 Hoc
845 3351 1012 3395 autent
1052 3341 1185 3404 dico,
1235 3341 1370 3410 quod
1416 3340 1755 3411 unusquisque
1798 3355 1886 3392 ve-

297 3444 460 3488 strum
490 3433 632 3501 dicit,
679 3432 790 3504 Ego
842 3449 953 3487 sum
1001 3431 1179 3498 Pauli,
1231 3448 1321 3502 ego
1359 3442 1524 3485 autem
1552 3432 1757 3501 Apollo,
1794 3447 1886 3501 ego

297 3540 415 3579 vero
443 3523 628 3594 Cepha:
658 3524 731 3595 (l.
766 3522 887 3576 Cor.
918 3525 971 3577 1.
1016 3523 1128 3593 12).
1165 3523 1291 3577 llaec
1327 3530 1504 3575 autem
1545 3520 1752 3575 dicebat
1780 3534 1887 3574 non

298 3616 443 3685 quod
482 3615 647 3670 Paulo
683 3624 737 3669 et
765 3613 959 3683 Cephac
987 3621 1041 3669 et
1086 3614 1274 3683 Apollo
1313 3628 1370 3667 se
1398 3612 1768 3677 attribuerent,
1793 3610 1886 3665 sed

299 3706 385 3759 his
416 3704 720 3759 nominibus
747 3705 997 3775 obtegere
1025 3703 1196 3757 voluit
1229 3717 1344 3769 eos,
1369 3702 1456 3771 qui
1483 3701 1761 3755 seditionis
1789 3714 1883 3754 au-

296 3807 477 3852 Ctores
490 3794 729 3860 fuerant,
756 3810 828 3850 ne
852 3796 896 3849 si
926 3809 1019 3849 eos
1040 3793 1421 3858 manifestaret,
1444 3790 1888 3847 contentiosiores

299 3896 461 3958 atque
500 3888 637 3942 adeo
661 3887 1081 3957 impudentiores
1104 3885 1373 3940 redderet.
1400 3886 1519 3940 Non
1546 3885 1689 3939 enim
1723 3884 1889 3939 Paulo

299 3990 356 4034 et
385 3979 547 4034 Petro
587 3987 643 4034 et
670 3979 860 4049 Apollo
885 3980 1088 4049 seipsos
1127 3977 1245 4032 illos
1275 3977 1602 4041 attribuisse,
1649 3975 1741 4030 sed
1770 3974 1887 4030 aliis

300 4069 644 4140 quibusdam,
688 4085 755 4124 ex
784 4069 868 4124 his
893 4085 1011 4139 qua:
1040 4079 1336 4139 sequuntur
1362 4070 1548 4139 liquet.
1587 4068 1719 4123 Cum
1746 4068 1887 4123 enim

302 4160 448 4232 ipsos
492 4169 711 4230 propter
750 4160 850 4215 hoc
882 4160 1161 4215 dissidium
1199 4160 1529 4230 castigasset,
1572 4174 1757 4214 rursus
1792 4159 1889 4214 ad-

295 4252 475 4322 junsit
498 4251 683 4307 dicens
707 4269 721 4307 :
742 4250 869 4305 Ηιτο
896 4261 1080 4318 autem,
1111 4254 1316 4317 fratres,
1349 4251 1710 4321 transﬁguran
1734 4251 1787 4304 in
1813 4267 1891 4304 me

303 4354 353 4398 et
379 4344 565 4415 Apollo
608 4354 817 4415 prapter
854 4360 960 4409 vos,
1013 4352 1068 4397 ut
1107 4345 1162 4397 in
1202 4345 1339 4398 vobis
1365 4344 1591 4409 dissatis,
1637 4360 1701 4399 ne
1735 4360 1892 4415 supra

303 4452 457 4506 quam
488 4436 735 4509 scriptum
759 4445 831 4491 est
869 4437 1100 4507 sapiatis,
1134 4452 1198 4491 ne
1234 4452 1367 4490 unus
1404 4435 1647 4490 adversus
1675 4436 1892 4491 alterum

301 4531 509 4601 inﬂetur
539 4546 632 4600 pro
660 4530 763 4584 alio
793 4529 869 4600 (1.
899 4529 1019 4585 Cor.
1050 4530 1106 4585 4.
1136 4530 1212 4600 6).
1257 4529 1404 4584 Multi
1433 4529 1576 4583 enim
1620 4544 1683 4585 ex
1718 4530 1890 4599 impe-

301 4622 418 4677 ritis
448 4636 573 4677 cum
601 4637 710 4677 non
740 4632 959 4692 possent
988 4638 1055 4678 ex
1097 4622 1407 4677 domesticis
1444 4621 1649 4676 meritis
1689 4621 1889 4687 clferri,

298 4726 479 4782 neque
503 4712 777 4782 proximos
796 4712 1044 4767 insectari
1070 4726 1133 4766 ac
1154 4711 1419 4776 mordere,
1450 4726 1571 4766 eum
1602 4711 1701 4766 sibi
1727 4726 1893 4782 quos-

298 4803 423 4858 dam
462 4803 734 4874 principes
763 4818 826 4857 ac
852 4812 1092 4858 rectores
1121 4803 1505 4874 prmfecissent,
1539 4803 1751 4857 illorum
1780 4818 1894 4859 me-

300 4892 422 4948 ritis
458 4907 527 4948 ac
548 4893 834 4948 virtutibus
858 4893 927 4948 ad
956 4892 1151 4948 fastum
1177 4903 1232 4949 et
1267 4893 1607 4948 insolentiam
1636 4892 1895 4949 adversus

298 4984 434 5039 alios
470 4984 777 5051 utebantur,
801 4994 855 5040 et
875 5000 939 5041 ex
960 5000 1170 5051 eorum,
1194 5001 1224 5040 a
1244 4984 1436 5055 quibus
1459 4983 1635 5040 edocti
1661 4983 1890 5052 fuerant,

299 5072 571 5144 sapientia
619 5076 959 5131 occasionem
1008 5076 1326 5148 arrogantiae
1363 5076 1621 5130 adversus
1669 5084 1894 5131 caeteros

299 5166 637 5237 arripiebant
660 5185 674 5220 :
697 5167 837 5237 quod
859 5168 1053 5222 summi
1073 5176 1129 5223 et
1154 5167 1325 5222 insani
1343 5167 1525 5237 gloria:
1546 5167 1746 5221 amoris
1773 5167 1891 5233 fuit,

302 5271 427 5313 cum
459 5259 495 5313 ii
520 5259 615 5330 qui
642 5261 870 5330 propriis
893 5261 1101 5316 meritis
1125 5260 1338 5330 gloriari
1366 5274 1470 5313 non
1494 5267 1729 5329 possent,
1763 5258 1900 5313 alio-

303 5366 427 5406 rum
467 5352 787 5407 excellentia
826 5352 893 5406 ad
922 5352 1255 5408 insolentiam
1280 5360 1751 5421 contemptumque
1789 5350 1896 5404 fra-

303 5451 450 5498 trum
488 5442 860 5498 abutercutur.
904 5442 1165 5512 Quoniam
1206 5444 1363 5513 igitur
1402 5452 1454 5497 et
1498 5443 1552 5495 iu
1592 5441 1896 5509 superbiam

304 5535 432 5590 elati
455 5547 633 5601 erant,
656 5547 708 5590 et
728 5547 867 5591 tuter
887 5552 947 5591 se
966 5535 1313 5601 dissidebant,
1337 5547 1495 5605 atque
1515 5534 1568 5589 in
1589 5534 1758 5587 varias
1776 5548 1900 5604 par-

309 5641 392 5683 tes
419 5632 628 5700 seipsos
671 5629 987 5693 diviserant,
1024 5638 1078 5684 et
1124 5638 1341 5697 propter
1364 5627 1662 5681 doctrinam
1700 5624 1895 5696 gloria-

310 5720 532 5790 bantur,
565 5730 830 5792 tamquam
863 5720 1073 5791 propria
1094 5719 1234 5775 illam
1262 5718 1518 5775 industria
1552 5716 1649 5772 sibi
1676 5731 1893 5787 compa-

899 317 967 375 IN
1004 318 1226 386 ILLUD,
1266 316 1535 375 PAULUS
1573 318 1908 378 VOCATUS.
1952 320 2041 377 ET
2075 320 2166 377 BE
2205 321 2463 378 MUTAT.
2502 319 2833 380 NOMINUM.
2876 321 2963 377 IV.

3468 322 3577 380 iis"

1992 440 2223 500 rassent,
2252 448 2427 504 neque
2463 432 2677 486 emlitus
2720 447 2784 487 ac
2817 431 2994 487 divina
3044 444 3109 485 ex
3139 429 3307 500 gratia
3338 430 3576 484 veritatis

1990 522 2238 594 dogmata
2275 524 2621 595 recepissent,
2659 523 2842 578 volens
2879 535 3064 577 eorum
3093 529 3359 575 tumorem
3397 534 3461 573 ac
3494 520 3577 573 fa-

1992 623 2133 668 stum
2173 614 2490 683 reprimere,
2526 614 2703 668 statim
2731 628 2761 667 a
2783 611 3052 683 principio
3083 611 3314 680 seipsum
3345 620 3575 664 vocatum

1988 703 2295 773 appellavit,
2329 703 2431 758 hoc
2452 703 2839 772 propemodum
2862 702 3047 757 dicens
3072 720 3085 757 :
3108 700 3164 757 Si
3194 715 3296 771 ego
3324 701 3577 770 magister

1989 794 2120 849 nihil
2172 810 2289 849 mea
2347 795 2607 849 industria
2652 794 2919 857 adinveni,
2956 808 3130 863 neque
3171 792 3318 863 prior
3357 791 3470 859 ipse
3512 789 3581 843 ad

1991 885 2157 940 Deum
2184 886 2411 952 accessi,
2446 885 2542 940 sed
2569 900 2690 939 cum
2722 894 2942 939 vocatus
2979 898 3176 948 essem,
3211 891 3319 936 tum
3359 880 3576 936 demum

1990 974 2133 1031 dicto
2171 976 2393 1031 audiens
2435 976 2527 1039 fui,
2560 974 2826 1045 quomodo
2852 989 2949 1028 vos
2990 971 3257 1042 discipuli,
3300 972 3498 1041 quique
3547 985 3577 1022 τι

1989 1083 2076 1123 me
2108 1067 2357 1137 dogmata
2398 1066 2702 1137 accepistis,
2744 1064 3027 1135 superbire
3072 1064 3314 1133 potestis,
3354 1060 3580 1133 perinde

1990 1159 2138 1228 quasi
2164 1158 2445 1213 adinventa
2474 1159 2591 1212 hsce
2613 1172 2642 1210 a
2668 1157 2818 1210 vobis
2846 1155 3109 1210 fuissent?
3137 1154 3399 1221 Quocirca
3428 1152 3574 1223 prius

1987 1251 2147 1304 etiam
2175 1249 2385 1304 dicebat
2406 1250 2548 1303 illis:
2578 1247 2702 1315 Quis
2731 1248 2863 1302 enim
2885 1256 2933 1300 te
2959 1245 3241 1300 discernit?
3262 1244 3385 1315 quid
3410 1257 3579 1297 autem

1990 1342 2159 1403 habes,
2204 1341 2341 1409 quod
2386 1357 2486 1393 non
2534 1339 2808 1407 accepisti?
2856 1337 2916 1392 Si
2954 1347 3122 1390 autem
3162 1336 3417 1406 accepisti,
3453 1333 3575 1404 quid

1988 1429 2245 1501 gloriaris,
2268 1430 2412 1498 quasi
2443 1445 2542 1481 non
2570 1428 2824 1497 acceperis
2856 1428 2933 1494 (1.
2957 1424 3075 1480 Cor.
3106 1427 3160 1479 4.
3192 1423 3287 1495 '7)?

2060 1519 2239 1573 Prima
2269 1521 2350 1573 lea:
2378 1518 2694 1573 humilitatis.
2714 1547 2785 1556 —
2805 1516 2947 1571 Nihil
2971 1517 3129 1584 igitur
3155 1516 3297 1570 aliud
3325 1525 3407 1570 est
3436 1515 3576 1571 istud

1988 1610 2302 1665 vocabulum
2338 1608 2576 1674 Vocatus,
2610 1608 2709 1662 nisi
2742 1607 3023 1677 disciplina
3058 1606 3378 1660 humilitatis
3408 1615 3463 1661 et
3490 1605 3572 1659 fa-

1988 1711 2102 1754 stus
2140 1700 2415 1770 depressio
2450 1708 2504 1753 et
2529 1700 2706 1753 omnis
2734 1698 3055 1767 arrogantiae
3099 1697 3369 1767 repressio
3401 1714 3414 1750 :
3441 1695 3572 1750 nihil

1987 1789 2131 1843 enim
2170 1798 2253 1844 est
2290 1788 2430 1858 quod
2459 1803 2557 1843 nos
2588 1790 2658 1841 ita
2687 1788 2967 1842 continere
3008 1801 3072 1840 ac
3102 1787 3355 1841 cohibere
3384 1785 3571 1855 possit,

1988 1888 2047 1933 ut
2076 1878 2365 1943 humilitas,
2394 1887 2448 1933 et
2479 1877 2755 1933 moderate
2794 1892 2974 1947 agere,
3004 1891 3067 1930 ac
3097 1876 3399 1930 modestum
3428 1890 3574 1936 esse.

1987 1969 2222 2039 nihilque
2251 1969 2319 2025 de
2346 1984 2404 2023 se
2429 1983 2677 2038 magnum
2698 1968 2878 2021 animo
2908 1966 3128 2036 lingere.
3157 1964 3308 2032 Quod
3337 1973 3391 2019 et
3418 1963 3574 2019 Chri-

1989 2068 2102 2114 stus
2120 2059 2417 2130 intelligens
2441 2074 2505 2113 ac
2529 2058 2857 2127 spiritualem
2881 2057 3024 2111 illam
3042 2055 3338 2109 doctrinam
3363 2053 3575 2110 tradere

1989 2148 2271 2220 incipiens,
2308 2164 2339 2203 a
2378 2147 2747 2203 cohortatione
2794 2146 2859 2200 ad
2907 2146 3260 2200 humilitatem
3297 2144 3443 2198 illam
3488 2144 3573 2198 in-

1987 2239 2227 2303 choavit,
2256 2247 2416 2309 atque
2442 2253 2503 2293 os
2541 2238 2789 2307 aperiens
2819 2237 3049 2306 primum
3089 2236 3209 2289 tulit
3234 2234 3371 2289 hanc
3397 2235 3571 2303 legem

1990 2332 2059 2386 ita
2096 2332 2281 2386 dicens
2310 2350 2322 2383 :
2349 2330 2493 2385 Beati
2519 2346 2763 2400 pauperes
2790 2328 2970 2399 spiritu
2994 2325 3208 2399 (Matth.
3241 2326 3293 2380 5.
3329 2326 3407 2395 5).
3441 2324 3573 2379 Nam

1988 2421 2433 2492 quemadmodum
2481 2422 2526 2475 is
2569 2421 2659 2490 qui
2714 2434 2932 2489 magnas
2975 2428 3029 2471 et
3071 2417 3379 2485 magnificas
3427 2414 3573 2469 :cdes

1990 2513 2149 2568 fuerit
2173 2512 2550 2577 aediﬁcaturus,
2573 2510 2895 2566 conveniens
2911 2508 3043 2577 jacit
3068 2506 3491 2569 fundamentum,
3516 2513 3574 2558 ut

1988 2620 2128 2670 eam,
2161 2620 2277 2674 quae
2311 2614 2495 2673 postea
2526 2604 2849 2671 imponetur,
2875 2599 3070 2654 molem
3102 2599 3241 2651 ferre
3270 2595 3476 2666 possit:
3501 2595 3572 2649 ita

1992 2699 2240 2752 nimirum
2270 2698 2430 2752 etiam
2463 2695 2728 2761 Christus,
2762 2708 2882 2747 cum
2916 2693 3102 2761 ingens
3132 2688 3262 2743 illud
3288 2687 3571 2742 aedificium

1992 2787 2343 2857 philosophia:
2373 2786 2424 2839 in
2471 2785 2681 2838 illorum
2712 2781 2991 2836 animabus
3021 2779 3270 2848 erigeret,
3301 2786 3573 2848 tamquam

1991 2876 2416 2941 fundamentum,
2443 2883 2497 2929 et
2524 2875 2759 2929 carinam
2789 2881 2845 2927 et
2870 2871 3038 2926 basim
3071 2870 3277 2924 ﬁrmam
3304 2877 3358 2922 et
3383 2868 3578 2921 immo-

1990 2967 2174 3031 bilem,
2208 2965 2634 3021 cobortationcm
2688 2962 2999 3017 humilitatis
3038 2960 3189 3030 ponit
3228 2958 3408 3027 prius;
3450 2972 3572 3011 cum

1991 3059 2158 3129 probe
2179 3059 2406 3123 noverit,
2435 3065 2715 3127 postquam
2739 3054 2856 3108 haec
2880 3053 2933 3106 in
2968 3050 3271 3105 auditorum
3304 3048 3577 3103 mentibus

1991 3150 2197 3205 radices
2235 3148 2426 3219 egerit,
2460 3146 2663 3216 reliqua
2699 3143 2879 3199 omnia
2906 3141 3159 3195 virtutum
3182 3154 3378 3210 genera
3405 3137 3575 3193 aedifi-

1991 3243 2101 3298 cari
2133 3251 2246 3296 tuto
2284 3255 2461 3311 posse.
2493 3239 2562 3294 Ut
2605 3239 2763 3303 igitur
2793 3237 2838 3291 si
2877 3236 2993 3289 hzec
3022 3233 3271 3299 defuerit,
3302 3233 3427 3286 licet
3455 3230 3579 3285 reli-

1991 3347 2125 3402 quas
2153 3346 2341 3388 omnes
2365 3332 2590 3385 virtutes
2615 3329 2734 3397 quis
2754 3341 2917 3397 opere
2945 3324 3062 3395 ipso
3086 3323 3356 3388 exhibeat,
3381 3321 3578 3375 frustra

1992 3433 2048 3478 et
2072 3424 2338 3477 incassum
2366 3437 2429 3476 ac
2476 3422 2593 3475 sine
2620 3419 2730 3473 ullo
2760 3417 2932 3471 fructu
2972 3416 3182 3470 labores
3211 3413 3467 3483 suscepit,
3501 3411 3578 3465 illi

1994 3512 2307 3583 persimilis,
2360 3510 2451 3579 qui
2498 3510 2715 3562 domum
2765 3520 2915 3559 suam
2966 3519 3129 3573 super
3174 3517 3391 3556 arenam
3444 3516 3577 3554 cou-

1994 3605 2206 3671 struxit,
2239 3604 2328 3674 qui
2361 3602 2599 3656 laborem
2629 3598 2842 3669 quidem
2868 3594 3175 3660 exantlavit,
3206 3601 3463 3664 quaestum
3484 3607 3580 3644 au-

1996 3708 2105 3755 tem
2129 3697 2330 3752 nullum
2356 3694 2502 3759 fecit,
2532 3700 2811 3762 pr0pterea
2845 3686 2986 3757 quod
3016 3686 3226 3741 firmum
3254 3684 3575 3740 fundamen-

1996 3798 2107 3843 tum
2155 3787 2374 3841 minime
2406 3785 2536 3854 jecit
2578 3781 2791 3853 (Matth.
2842 3779 2895 3831 7.
2944 3777 3034 3832 26.
3066 3778 3158 3847 27)
3188 3794 3201 3829 :
3233 3777 3304 3830 ita
3342 3774 3581 3845 quiSquis

1995 3880 2197 3949 absque
2228 3877 2526 3932 humilitate
2557 3872 2767 3943 quidvis
2796 3871 2919 3926 boui
2947 3870 3169 3939 peragit,
3202 3869 3379 3923 omnia
3409 3866 3582 3936 perdit

1994 3988 2058 4028 ac
2080 3970 2322 4028 destruit.
2354 3967 2717 4023 Humilitatem
2747 3972 2923 4019 autem
2943 3960 3084 4026 dico,
3114 3976 3218 4014 non
3245 3975 3363 4015 eam
3384 3974 3501 4028 quze
3523 3959 3577 4012 iu

1994 4062 2190 4127 verbis,
2222 4073 2394 4130 neque
2418 4071 2538 4128 quae
2578 4056 2630 4110 in
2676 4054 2873 4123 lingua,
2899 4050 2996 4107 sed
3029 4065 3149 4121 qua:
3190 4040 3243 4103 in
3288 4056 3490 4113 mente,
3522 4047 3577 4101 in

1996 4154 2194 4217 anima,
2239 4151 2293 4204 in
2334 4146 2660 4204 conscientia
2690 4144 2789 4199 sita
2824 4151 2926 4208 est,
2975 4156 3134 4211 quam
3179 4138 3323 4193 solus
3355 4152 3580 4194 cernere

1998 4247 2139 4302 Deus
2168 4251 2361 4316 potest.
2392 4238 2599 4297 Sufﬁcit
2624 4251 2785 4292 unum
2811 4233 2950 4290 istud
2980 4233 3200 4302 bonum,
3230 4230 3276 4286 si
3296 4230 3379 4285 vel
3407 4230 3579 4284 solum

1998 4351 2369 4409 saepenumero
2415 4339 2690 4402 appareat,
2732 4338 2790 4384 ut
2828 4326 3115 4398 propitium
3160 4325 3327 4378 Deum
3370 4321 3579 4377 reddat.

1999 4431 2174 4500 Atque
2214 4428 2317 4482 hoc
2345 4423 2655 4494 publicanus
2672 4419 2947 4474 ostendit:
2976 4417 3065 4488 qui
3107 4431 3229 4471 cum
3260 4414 3384 4469 boni
3414 4413 3577 4469 habe-

1999 4531 2083 4577 ret
2120 4518 2271 4580 nihil,
2311 4527 2483 4584 ueque
2530 4521 2677 4566 recte
2716 4509 2869 4563 factis
2912 4507 3133 4577 insignis
3172 4512 3353 4574 posset
3386 4503 3578 4569 videri,

1998 4626 2120 4668 cum
2149 4604 2488 4667 solummodo
2528 4602 2777 4665 dixisset,
2811 4597 3076 4666 Propitius
3103 4606 3207 4650 esto
3245 4595 3371 4649 mihi
3400 4610 3577 4664 pecca-

2001 4701 2097 4758 tori
2128 4699 2278 4774 (Luc.
2305 4697 2393 4753 18.
2423 4695 2538 4767 15),
2570 4693 2745 4762 potius
2764 4703 2923 4760 quam
2947 4685 3582 4756 Pliarismusjustificatns

2001 4791 2297 4855 descendit,
2330 4786 2542 4842 tametsi
2582 4798 2689 4838 non
2728 4778 3043 4835 humilitatis
3082 4786 3236 4832 erant
3279 4778 3367 4832 illa
3394 4776 3580 4843 verba,

2000 4884 2096 4943 sed
2123 4880 2397 4939 modestia:
2430 4886 2484 4933 et
2513 4873 2776 4946 aaquitatis
2807 4879 3032 4924 tantum.
3060 4867 3332 4937 Siquidem
3362 4866 3581 4921 humili—

2003 4976 2128 5032 tatis
2157 4980 2262 5035 est,
2291 4984 2412 5024 cum
2442 4966 2561 5037 quis
2606 4975 2915 5032 magnarum
2945 4974 2975 5012 a
3020 4973 3080 5013 se
3105 4965 3373 5027 gestarum
3401 4969 3579 5010 rerum

2001 5068 2251 5127 conscius
2294 5062 2424 5118 nihil
2451 5060 2520 5116 de
2564 5073 2623 5113 se
2653 5052 2991 5126 magniﬁcum
3035 5050 3216 5104 animo
3243 5048 3393 5119 lingit
3420 5065 3435 5101 :
3460 5060 3579 5100 mo-

2001 5161 2171 5218 destia
2200 5170 2329 5212 vero
2356 5162 2410 5209 et
2428 5150 2670 5220 mquitas,
2697 5144 2906 5207 cumis,
2929 5142 3017 5212 qui
3045 5148 3291 5211 peccator
3310 5147 3413 5202 est,
3441 5135 3581 5192 istud

2005 5256 2177 5326 ipsum
2198 5249 2413 5303 fatetur.
2438 5242 2590 5312 Quod
2618 5241 2662 5295 si
2694 5240 2759 5304 is,
2791 5236 2879 5308 qui
2911 5234 3040 5289 nihil
3068 5248 3099 5326 a
3127 5247 3187 5287 se
3216 5231 3340 5287 boui
3365 5238 3574 5326 gestum

2005 5320 2245 5406 noverat,
2272 5338 2524 5411 quoniam
2556 5334 2609 5389 id
2636 5330 2777 5403 quod
2804 5336 2922 5384 erat
2957 5323 3234 5381 confessus
3257 5331 3356 5385 est,
3383 5322 3454 5374 ita
3478 5320 3578 5374 sibi

2005 5436 2099 5493 Dei
2140 5428 2562 5489 benevolentiam
2600 5420 2939 5480 conciliavit:
2970 5425 3221 5487 quantam
3273 5411 3414 5480 apud
3452 5426 3576 5465 eum

2004 5526 2247 5584 ﬁduciam
2298 5517 2615 5577 obtinebunt
2655 5514 2712 5581 ii,
2743 5509 2834 5581 qui
2859 5522 2979 5563 cum
3020 5504 3183 5559 multa
3222 5516 3317 5557 sua
3363 5509 3584 5571 possent

2004 5626 2425 5676 commemorare
2471 5605 2727 5681 praeclara
2776 5599 3029 5662 facinora,
3075 5594 3288 5648 illorum
3339 5590 3580 5645 omnium

2010 5709 2160 5768 obliti
2213 5719 2333 5764 sese
2389 5680 2775 5759 innumerum
2814 5686 3095 5760 rejecerint
3149 5680 3582 5757 postremorumt
