4060 6252
491 309 595 366 155

486 447 644 518 Quod
671 447 853 518 utique
886 443 1081 500 Paulus
1125 458 1338 514 quoque
1376 442 1500 496 fecit
1532 459 1546 496 :
1574 456 1696 497 eum
1726 443 1871 497 enim
1897 442 2073 511 justo-

490 555 608 593 rum
637 538 872 593 omnium
902 536 1102 605 primus
1132 543 1295 594 esset.
1335 533 1562 602 primum
1607 548 1667 588 se
1704 547 1825 588 esse
1863 533 2077 589 dicebat

490 636 828 700 peccatorum
873 626 948 697 (1.
987 625 1119 678 Tim.
1148 627 1200 680 1.
1232 624 1357 694 15);
1404 639 1578 694 neque
1624 623 1834 678 dicebat
1878 623 2074 686 solum,

489 718 583 774 sed
628 725 684 772 et
706 717 980 782 credebat,
1012 731 1132 770 cum
1160 731 1188 769 a
1237 724 1572 784 praeceptore
1601 715 1896 780 didicisset,
1929 724 2078 785 post-

489 825 647 879 quam
666 807 847 862 omnia
873 806 1174 870 fecerimus,
1200 805 1396 860 debere
1415 821 1516 860 nos
1537 821 1722 860 servos
1743 806 1954 860 inutiles
1980 820 2077 859 nos

491 915 684 954 vocare
712 897 861 971 (Luc.
895 899 980 952 17.
1020 898 1129 966 10).
1159 897 1303 951 lstud
1335 907 1416 951 est
1444 897 1733 963 humilitas,
1763 899 1922 951 istum
1954 897 2072 950 imi-

491 989 676 1044 temini
723 991 814 1059 qui
865 1000 1007 1044 recte
1059 989 1211 1043 fact-is
1258 989 1495 1057 insignes
1540 990 1690 1053 estis,
1732 989 2073 1058 publicanum

487 1097 615 1137 vero
643 1097 737 1137 vos
765 1083 854 1152 qui
903 1092 1238 1152 peccatorum
1278 1081 1419 1150 pleni
1450 1080 1612 1133 estis:
1637 1088 1690 1132 et
1723 1079 2078 1132 confiteantur

485 1174 629 1244 quod
683 1189 887 1236 sumus,
927 1173 1288 1242 percntiamns
1318 1181 1523 1239 pectus,
1559 1179 1613 1224 et
1659 1170 1825 1224 menti
1878 1178 2077 1223 nostrae

485 1264 925 1334 persuadeamus,
963 1273 1022 1317 ut
1057 1263 1188 1317 nihil
1233 1276 1480 1331 magnum
1518 1261 1585 1315 de
1624 1276 1682 1315 se
1706 1261 1992 1329 concipiat.
2019 1259 2075 1314 Si

485 1357 629 1410 enim
670 1357 741 1410 ita
768 1355 1025 1410 fuerimus
1051 1353 1248 1418 affecti,
1281 1352 1477 1406 sufficit
1508 1353 1608 1405 hoc
1641 1351 1793 1405 nobis
1832 1351 1896 1405 ad
1926 1351 2075 1404 obla-

485 1449 683 1502 tionem
703 1458 756 1502 et
781 1447 1100 1502 sacrificium
1128 1462 1142 1499 :
1173 1448 1310 1501 sient
1338 1455 1395 1499 et
1419 1445 1582 1498 David
1614 1445 1823 1498 dicebat
1852 1463 1864 1497 :
1898 1444 2076 1498 Sacri-

478 1536 657 1599 ﬁcium
684 1538 790 1592 Deo
816 1538 1024 1607 spiritus
1053 1537 1463 1597 contribulatus;
1488 1552 1574 1587 cor
1601 1535 1872 1587 contritum
1899 1544 1945 1587 et
1983 1536 2078 1587 htt-

484 1632 734 1685 miliatum
764 1630 901 1683 Deus
930 1646 1031 1682 non
1058 1629 1297 1700 despiciet
1334 1627 1506 1699 (Psal.
1537 1627 1625 1682 50.
1658 1626 1768 1696 19).
1803 1626 1917 1680 Non
1946 1627 2075 1680 sim-

485 1723 696 1794 pliciter
734 1723 872 1776 dixit
914 1723 1236 1776 Immifiatum
1263 1763 1278 1787 ,
1325 1721 1419 1774 sed
1473 1730 1528 1774 et
1579 1723 1888 1784 contritum;
1928 1719 2072 1789 quod

487 1813 630 1868 enim
683 1823 765 1866 est
809 1814 1120 1878 contritum,
1174 1812 1505 1867 confractum
1553 1820 1676 1865 est:
1713 1825 1886 1880 neque
1932 1810 2076 1864 enim

484 1913 682 1974 potest,
729 1905 1074 1972 quantumvis
1114 1905 1310 1971 cupiat,
1361 1903 1559 1958 efferri.
1601 1903 1675 1957 lta
1721 1917 1818 1956 nos
1864 1917 2078 1972 quoque

486 2010 595 2048 non
619 1995 958 2051 humiliemus
988 2007 1190 2051 tantum
1221 1997 1453 2050 animam
1485 2004 1744 2061 nostram,
1769 1995 1865 2051 sed
1893 2006 2077 2052 conte-

1211 310 1274 365 S.
1313 304 1591 363 JOANNIS
1627 304 2106 364 CHRYSOSTOMI
2145 307 2467 364 ARCIIIEP.
2506 309 3046 368 CONSTANTINOP.

1714 2197 2414 2207 ———————-___.—__._—.___._
2427 2199 2446 2201 λ
2463 2199 2496 2201 _,_
2521 2196 2542 2200 ,κ

3678 322 3777 377 158

2183 456 2364 496 ramus
2408 441 2566 496 etiam
2611 450 2665 496 et
2715 457 3135 514 compungamus
3168 447 3512 509 :conteritur
3559 459 3777 518 autem,

2183 535 2308 588 dum
2339 548 2554 588 suorum
2587 545 2843 604 perpetuo
2874 546 3220 606 peccatorum
3253 539 3587 595 recordatur.
3617 540 3674 594 Si
3707 543 3778 600 ita

2181 627 2325 680 illam
2362 625 2837 692 ltumiliaverimus,
2875 641 2942 681 ne
2986 627 3029 680 si
3059 629 3185 681 velit
3230 629 3446 698 quidem
3496 631 3550 684 in
3582 646 3772 702 snper-

2184 718 2321 771 biam
2349 719 2478 789 erigi
2512 720 2724 788 poterit,
2755 720 2880 774 dum
2908 735 2937 773 a
2967 722 3291 776 conscientia
3325 732 3594 794 tamquam
3623 723 3778 783 freno

2181 808 2412 878 quodam
2459 822 2726 878 correpta,
2775 825 2840 864 ne
2880 827 2938 864 se
2983 813 3175 882 erigat,
3223 814 3562 884 reprimetnr,
3606 825 3658 870 ct
3706 819 3776 872 ad

2183 903 2500 956 modestiam
2545 904 2858 961 servandam
2900 904 2956 956 .in
3003 906 3248 958 omnibus
3279 908 3650 976 compelletur.
3696 909 3774 964 lta

2182 995 2477 1063 poterimus
2513 1003 2566 1048 et
2610 995 2749 1063 apud
2800 995 2965 1048 Deum
3002 997 3225 1065 gratiam
3259 997 3497 1052 invenire
3527 1016 3538 1051 :
3571 998 3779 1066 Quanto

2182 1087 2323 1140 enim
2363 1089 2527 1157 major
2563 1103 2634 1150 es,
2669 1087 2858 1157 inquit,
2906 1097 3044 1141 tanta
3088 1090 3248 1159 magis
3276 1091 3490 1160 teipsum
3538 1091 3775 1158 humilia,

2183 1185 2228 1229 et
2255 1177 2473 1230 invenies
2509 1178 2726 1247 gratiam
2767 1178 2909 1246 apud
2948 1177 3112 1233 Deum
3140 1179 3323 1252 (Eccli.
3365 1183 3417 1236 3.
3601 1184 3774 1240 Porro

2182 1270 2270 1339 qui
2299 1270 2517 1339 gratiam
2546 1269 2685 1339 apud
2717 1271 2878 1324 Deum
2913 1271 3199 1336 invenerit,
3251 1273 3380 1327 nitil
3421 1276 3618 1330 sentiet
3655 1293 3776 1331 meo

2183 1361 2374 1428 lestize,
2408 1360 2502 1414 sed
2531 1371 2585 1415 et
2615 1361 2666 1414 in
2699 1360 2799 1414 hac
2825 1362 2930 1414 vita
2958 1363 3155 1431 poterit
3183 1378 3303 1417 enm
3333 1365 3424 1418 Dei
3446 1367 3615 1435 gratia
3641 1383 3779 1422 cun-

2183 1459 2268 1504 cta
2304 1450 2391 1503 illa
2439 1449 2664 1504 adversa
2713 1450 2870 1506 facile
2909 1453 3256 1521 pertransire,
3302 1469 3364 1508 ac
3411 1457 3675 1524 repositas
3722 1457 3778 1512 in

2183 1540 2346 1594 altera
2379 1541 2482 1594 vita
2517 1542 2886 1610 peccatoribus
2927 1557 3113 1611 pennas
3155 1543 3411 1613 effugere,
3444 1547 3782 1615 prmcedento

2185 1631 2377 1700 ubique
2420 1632 2588 1702 gratia
2619 1633 2730 1698 Dei,
2775 1643 2829 1687 et
2876 1635 3053 1687 omnia
3099 1634 3172 1687 illi
3203 1635 3430 1704 propitia
3472 1646 3525 1692 et
3563 1638 3775 1706 placida

2183 1724 2443 1778 reddente
2477 1742 2488 1776 :
2518 1741 2674 1792 quam
2704 1725 2906 1778 utinam
2937 1740 3124 1780 omnes
3150 1727 3396 1781 obtinere
3428 1729 3692 1796 possimus
3725 1729 3780 1783 in

2181 1812 2396 1868 Chr-isto
2422 1814 2551 1868 .lesu
2582 1815 2808 1869 Domino
2856 1823 3066 1879 nostro,
3112 1831 3207 1885 per
3234 1832 3390 1886 quem
3418 1826 3474 1871 et
3511 1831 3632 1872 eum
3663 1833 3776 1888 quo

2187 1904 2331 1958 Patri
2359 1905 2551 1974 gloria,
2583 1921 2684 1959 una
2730 1921 2849 1960 cum
2880 1917 3064 1960 sancto
3100 1906 3321 1976 Spiritu,
3356 1924 3495 1964 nunc
3520 1916 3579 1964 et
3621 1923 3774 1964 sem-

2183 2010 2303 2065 per,
2326 1997 2461 2050 etin
2491 1997 2686 2050 swcula
2714 1996 3055 2051 saeculorum.
3089 1998 3281 2051 Amen.

2550 2194 2645 2200 ..ο-...-
2659 2195 2726 2199 —._
2759 2195 2805 2199 ν-.
2829 2194 2842 2198 -
2863 2193 3012 2198 -.....,,..,-.
3037 2193 3096 2196 γ-.
3126 2189 3226 2196 ‹υ‹-“

2601 2212 2624 2218 __
2647 2212 2676 2218 __
2693 2208 3446 2217 *ῆν-,-
3472 2209 3489 2213 -

1944 2413 2306 2481 MONITUM

597 2591 811 2652 Nullam
845 2597 961 2653 haec
1000 2598 1188 2654 concio
1219 2615 1331 2668 pra:
1359 2615 1422 2654 se
1455 2598 1560 2653 fert
1593 2600 1849 2669 temporis
1888 2607 2091 2663 notam,
2122 2612 2229 2667 qua
2266 2595 2349 2650 vel
2377 2609 2551 2649 annus
2572 2591 2903 2662 deprehendi
2929 2591 3013 2646 vel
3039 2587 3338 2645 internosci
3362 2586 3541 2641 valeat
3565 2582 3757 2638 Antio-

525 2713 736 2770 cbitene
797 2729 865 2768 an
899 2713 1369 2785 Constantinopoli
1399 2715 1583 2768 habita
1615 2715 1796 2772 fuerit.
1827 2715 2093 2769 Caeterum
2121 2728 2310 2768 omnes
2339 2713 2464 2782 styli
2494 2719 2634 2766 notae
2670 2710 2759 2764 ltie
2797 2710 3252 2779 Chrysostomum
3290 2713 3566 2759 auctorem
3613 2699 3770 2755 desi-

528 2829 732 2893 gnant;
766 2830 828 2877 ut
864 2823 1062 2878 mirum
1095 2825 1166 2879 sit
1199 2825 1376 2879 virum
1407 2825 1627 2879 doctum
1655 2833 1708 2879 et
1739 2836 2056 2880 accuratum
2092 2823 2467 2878 Hermantium
2509 2838 2628 2878 eam
2674 2822 2728 2876 in
2768 2818 2979 2882 νοθείας
3015 2819 3383 2890 suspicionem
3422 2827 3621 2870 vocare
3651 2827 3770 2867 non

531 2929 893 3001 dubitavisse,
926 2949 1087 3004 quem
1120 2933 1243 2988 ideo
1264 2933 1390 3004 jure
1418 2933 1614 2990 refellit
1636 2932 2038 3000 Tillemontius,
2068 2941 2124 2987 et
2149 2933 2272 3000 styli
2292 2932 2620 3002 proprietate
2648 2938 2930 2998 permotus
2953 2938 3007 2984 et
3033 2927 3277 2996 Catalogi
3303 2924 3605 2997 Augustam
3639 2937 3774 2994 per-

494 3147 713 3164 .._._._

489 3236 556 3283 IN
599 3242 840 3286 DICTUM
871 3246 1058 3286 ILLUD
1085 3245 1406 3299 APOSTOLI,
1453 3245 1578 3287 NON
1608 3245 1812 3288 SOLUM
1841 3244 2082 3294 AUTEM,
2128 3242 2246 3284 εει)
2289 3242 2370 3283 ET
2411 3241 2782 3284 αιοιιΔΜυῐι
2825 3243 2890 3286 IN
2919 3243 3514 3300 TRIBULATIONIBUS,
3562 3245 3797 3288 56188-

823 3343 935 3384 'rns
962 3343 1132 3394 onor)
1174 3344 1559 3386 TRIBULATIO
1601 3343 1990 3386 PATIENTIAM
2034 3339 2370 3383 ornnnun
2407 3321 2424 3401 (
2459 3324 2635 3382 Rom.
2682 3323 2742 3382 5.
2774 3323 2813 3383 3
2841 3324 2889 3404 ),
2937 3345 3019 3385 ΕΤ
3061 3345 3337 3396 ιιειιρυιι
3367 3326 3478 3405 (α).

1928 3465 2344 3520 ηὒῦῐὶσαῦὒςῐ-ο-

569 3591 622 3646 1.
663 3590 883 3645 Labore:
914 3607 1006 3660 pro
1035 3591 1218 3644 virtute
1236 3590 1504 3644 subeundi.
1534 3620 1606 3630 —-
1631 3590 1978 3645 Laboriosum
2000 3597 2086 3642 est

499 3682 712 3752 quidem
755 3683 1004 3751 agricol-.e
1042 3683 1205 3736 boves
1241 3685 1487 3751 jnngere,
1527 3697 1801 3737 vomerem
1846 3680 2080 3744 trahere,

495 3772 707 3825 sulcum
731 3773 946 3834 ducere,
978 3774 1178 3828 semina
1219 3790 1492 3845 spargere,
1527 3771 1947 3845 byememferre,
1992 3772 2084 3826 fri-

496 3879 594 3934 gus
621 3864 868 3930 tolerare,
903 3864 1096 3920 fossam
1122 3867 1540 3930 circumducere,
1568 3867 1900 3936 ingruentem
1921 3879 2086 3934 aqua-

499 3970 616 4009 rum
651 3957 860 4027 copiam
891 3973 918 4010 a
969 3961 1099 4013 satis
1128 3975 1333 4024 arcere,
1371 3959 1647 4013 fluminum
1681 3961 1822 4029 ripas
1865 3960 2084 4014 altiores

497 4047 742 4114 reddere,
793 4064 855 4102 ac
886 4064 979 4115 per
1005 4050 1236 4103 medium
1267 4064 1450 4118 agrum
1495 4051 1868 4120 profundiores
1909 4051 2085 4103 sulcos

496 4137 694 4192 ducere
724 4156 737 4191 :
771 4138 865 4191 sed
907 4141 1019 4190 tunc
1063 4153 1306 4207 Operosa,
1336 4155 1559 4209 qumque
1599 4142 1766 4195 multo
1797 4141 1978 4196 labere
2017 4141 2084 4194 il-

498 4229 610 4282 lum
634 4227 874 4296 fatigant,
905 4227 1036 4280 levia
1065 4229 1196 4282 fiunt
1237 4243 1300 4283 ac
1337 4229 1530 4296 facilia,
1563 4230 1688 4284 dum
1731 4246 1826 4300 Spe
1854 4233 2085 4301 concipit

501 4328 736 4389 segetem
783 4326 1095 4374 vernantem
1141 4321 1396 4391 agricola,
1443 4323 1632 4378 falcem
1678 4333 1975 4392 exacuta'm,
2021 4341 2084 4382 ac

499 4411 757 4479 repletam
808 4412 1094 4481 manipulis
1134 4429 1312 4468 aream
1349 4423 1401 4468 et
1444 4413 1619 4485 fruges
1663 4426 1918 4480 maturas,
1966 4433 2084 4486 quae

503 4501 666 4554 multa
698 4516 820 4559 cum
868 4501 1048 4557 lmtitia
1073 4503 1288 4558 domum
1317 4505 1646 4560 deferuntur.
1676 4507 1766 4562 Sic
1809 4516 1862 4562 et
1884 4509 2082 4578 guber-

503 4601 656 4646 nator
682 4595 838 4646 saevis
867 4593 1118 4648 audacter
1162 4610 1221 4649 se
1265 4595 1511 4652 ﬂuctibus
1537 4599 1839 4664 committit,
1883 4609 2086 4668 tempe-

496 4694 687 4740 statem
734 4693 789 4741 et
817 4685 1000 4741 furens
1031 4687 1243 4756 pelagus
1268 4703 1411 4758 saepe
1439 4691 1751 4754 contemnit,
1791 4700 1978 4745 ventos
2005 4692 2086 4745 in-

498 4778 739 4844 stabiles,
768 4780 1001 4833 marinas
1029 4782 1311 4851 procellas,
1344 4791 1399 4836 et
1419 4783 1598 4852 lengas
1630 4784 2083 4855 peregrinationes

499 4871 637 4924 ferre
663 4872 827 4936 novit,
860 4887 980 4926 cum
1007 4873 1244 4927 sarcinas
1282 4875 1536 4929 mercium
1566 4889 1746 4929 secum
1794 4886 2001 4946 reputat
2029 4886 2082 4931 et

488 4963 872 5030 negotiationis
900 4973 1106 5032 portus,
1136 4973 1191 5019 et
1221 4965 1509 5021 immensas
1549 4980 1678 5036 opes
1709 4968 1829 5022 inde
1864 4983 2081 5036 compa-

483 5067 508 5102 r
527 5053 692 5107 andas
715 5055 971 5108 intuetur.
999 5055 1108 5110 Nec
1127 5037 1282 5110 aliicr
1309 5057 1462 5112 miles
1489 5057 1592 5112 fert
1619 5059 1855 5124 vulnera,
1880 5061 2084 5128 jacnlo-

499 5156 616 5194 rum
643 5143 836 5198 nubem
853 5147 1066 5214 excipit,
1098 5148 1288 5201 famem
1322 5150 1530 5214 tolerat,
1561 5150 1742 5221 frigus,
1774 5153 1958 5222 longas
1990 5169 2083 5222 pe-

499 5234 905 5305 regrinationes,
959 5247 1014 5291 et
1063 5239 1115 5292 in
1163 5243 1278 5294 acie
1328 5242 1601 5297 subeunda
1659 5244 1910 5312 pericula,
1955 5245 2080 5298 dum

501 5337 721 5398 trnpma,
764 5327 1037 5390 victorias,
1093 5339 1147 5383 et
1193 5345 1420 5385 coronas
1457 5346 1636 5387 secum
1687 5344 1917 5404 reputat,
1961 5351 2080 5405 qua:

497 5419 620 5476 inde
651 5423 944 5491 pariuntur.
981 5423 1058 5477 Ad
1106 5423 1232 5492 quid
1279 5435 1456 5480 autem
1493 5425 1606 5483 hcce
1636 5430 2079 5484 commemoravi-

499 5529 635 5580 mus,
670 5526 760 5571 aut
793 5517 918 5587 quid
950 5518 1062 5572 lucc
1097 5520 1337 5590 exempla
1367 5520 1466 5574 sibi
1499 5521 1719 5575 volunt?
1762 5523 1898 5577 llinc
1926 5522 2081 5576 nimi-

499 5617 618 5656 rum
645 5608 980 5662 occasionem
1024 5610 1260 5679 arripere
1295 5611 1491 5679 placuit
1529 5626 1624 5666 vos
1653 5612 1718 5665 ad
1758 5613 2077 5670 audiendum

557 5694 632 5752 (at
655 5694 826 5746 Collata
842 5711 950 5746 cum
969 5706 1072 5749 Mss.
1098 5702 1244 5760 Regio
1265 5702 1408 5760 2315.
1435 5707 1486 5752 et
1499 5703 1773 5753 Colbertino
1791 5705 1868 5754 t9.

455 5283 470 5337 l

2192 3583 2530 3646 cohortandi,
2561 3594 2721 3652 atque
2762 3586 2830 3640 ad
2875 3586 3086 3642 labores
3127 3603 3222 3657 pro
3248 3588 3442 3644 virtute
3480 3589 3792 3648 subeundos

2198 3677 2473 3730 incitandi.
2507 3676 2638 3730 Nam
2679 3679 2722 3731 si
2758 3690 2976 3747 propter
3011 3694 3161 3748 spem
3189 3679 3510 3747 futurorum,
3537 3682 3695 3753 idque
3726 3695 3791 3739 ut

2191 3782 2379 3821 eorum
2405 3768 2598 3838 aliquis
2626 3783 2690 3823 ea
2720 3769 2858 3824 bona
2889 3772 3142 3840 consequi
3167 3772 3353 3841 possit,
3389 3788 3508 3842 quae
3527 3790 3649 3828 eum
3682 3774 3788 3831 hac

2191 3859 2298 3912 vita
2339 3860 2612 3925 finiuntur,
2662 3859 2778 3913 ha‘c
2823 3859 2896 3914 illi
2942 3863 3224 3928 sustinent,
3273 3864 3443 3919 multo
3480 3866 3648 3934 magis
3689 3880 3789 3921 vos

2190 3958 2402 4018 oportet
2452 3951 2504 4004 in
2557 3951 2822 4006 audiendo
2861 3967 3226 4021 perseverare,
3267 3965 3344 4009 ait
3392 3957 3652 4026 spirituali
3687 3957 3788 4012 do-

2191 4039 2362 4094 ctrina
2406 4040 2738 4109 imbuamini,
2779 4056 2842 4096 ac
2870 4057 2963 4111 pro
2991 4044 3094 4098 vita
3119 4054 3317 4099 aeterna
3361 4060 3589 4114 pugnam
3620 4063 3788 4116 gene-

2190 4144 2314 4184 rose
2359 4129 2688 4200 sudoresque
2735 4133 2986 4188 tolerare.
3025 4133 3158 4188 Nam
3192 4135 3407 4189 illorum
3447 4137 3660 4205 quidem
3693 4138 3783 4192 in-

2191 4231 2338 4276 certa
2368 4237 2490 4291 spes
2534 4231 2618 4277 est
2643 4238 2706 4278 ac
2735 4226 3075 4293 temporaria,
3108 4234 3163 4280 et
3203 4242 3345 4298 sarpe
3371 4227 3498 4282 dum
3542 4229 3654 4283 sola
3682 4244 3782 4283 ex-

2191 4313 2524 4382 spectatione
2552 4313 2836 4382 lactantur,
2878 4316 3040 4370 vitam
3086 4316 3295 4383 finiunt,
3342 4333 3438 4388 Spe
3466 4319 3682 4388 quidem
3723 4335 3783 4375 se

2189 4402 2542 4468 obiectantes,
2567 4404 2660 4458 sed
2685 4405 2843 4459 rebus
2865 4405 3002 4474 ipsis.
3016 4406 3241 4470 necdum
3265 4410 3779 4478 appropinquantes,

2191 4497 2403 4551 tametsi
2435 4512 2626 4566 graves
2652 4498 2771 4552 illas
2796 4498 3137 4554 difficultates
3157 4500 3502 4554 exantlarint.
3533 4501 3780 4570 Exempli

2187 4601 2368 4652 causa,
2400 4598 2520 4658 post
2558 4589 2752 4643 multos
2780 4589 2902 4644 illos
2932 4590 3141 4646 labores
3189 4605 3250 4645 ac
3291 4590 3518 4645 sudores
3546 4592 3779 4660 agricola

2190 4694 2610 4748 nonnumquam,
2644 4680 2768 4735 dum
2792 4679 2981 4734 falcem
3009 4682 3238 4745 exacuit,
3269 4694 3324 4738 et
3351 4683 3416 4737 ad
3460 4696 3690 4744 messem
3721 4697 3780 4738 se

2189 4778 2486 4840 comparat,
2515 4770 2598 4824 vel
2624 4770 2862 4825 immissa
2891 4773 3144 4841 aerugine,
3175 4773 3254 4826 vel
3287 4774 3613 4836 locustarum
3643 4773 3778 4827 mul-

2191 4863 2437 4929 titudine,
2466 4864 2550 4918 vel
2578 4864 2859 4919 immodica
2889 4865 3063 4934 pluvia
3093 4867 3380 4932 incidente,
3414 4869 3616 4923 velalia
3637 4883 3772 4938 qua-

2190 4957 2330 5025 piam
2356 4956 2636 5025 importata
2656 4957 2960 5012 calamitate
2985 4973 3049 5013 ex
3071 4961 3211 5014 aeris
3239 4960 3575 5030 intemperie,
3600 4961 3782 5014 vacuis

2189 5049 2437 5102 manibus
2449 5049 2664 5103 domum
2692 5049 2996 5113 revertitur,
3025 5061 3304 5120 postquam
3329 5051 3540 5106 labores
3566 5051 3779 5121 quidem

2189 5141 2462 5209 sustinuit,
2495 5142 2588 5197 sed
2616 5143 2854 5212 speratis
2893 5141 3133 5214 frugibus
3162 5143 3378 5200 excidit.
3411 5144 3531 5198 Pari
3575 5144 3780 5198 ratione

2187 5235 2513 5305 gubernator
2565 5233 2692 5288 dum
2735 5235 2989 5290 mercium
3037 5235 3189 5305 capia
3239 5235 3470 5298 laetatur,
3529 5232 3778 5304 expansis

2189 5342 2379 5396 magna
2419 5341 2539 5381 cum
2567 5327 2837 5396 voluptate
2874 5327 3006 5381 velis
3031 5341 3154 5382 cum
3199 5327 3366 5381 multa
3411 5326 3580 5381 maria
3623 5325 3778 5379 fuerit

2187 5432 2458 5483 emensus,
2490 5418 2541 5470 in
2574 5418 2688 5486 ipso
2719 5433 2956 5487 perstcpe
2984 5427 3168 5488 portus
3201 5417 3446 5488 ingressu
3473 5418 3556 5471 vel
3587 5431 3770 5471 occur-

2185 5519 2336 5566 rente
2353 5525 2486 5580 rupe
2515 5511 2596 5565 vel
2617 5512 2682 5566 ad
2702 5525 2890 5566 saxum
2919 5511 2971 5566 in
2999 5513 3134 5567 mari
3168 5512 3342 5566 latens
3366 5520 3461 5566 aut
3487 5510 3552 5564 ad
3584 5525 3778 5580 scopu—

2187 5603 2296 5657 lum
2323 5603 2553 5674 aliquem
2583 5604 2733 5658 allisa
2771 5603 2913 5669 navi,
2943 5618 3007 5659 ac
3045 5604 3319 5672 inepinato
3349 5602 3616 5672 ejusmodi
3645 5615 3778 5657 casu

2088 5705 2097 5715 '
2188 5697 2485 5767 perculsus,
2513 5697 2718 5752 cunctis
2745 5696 3010 5754 mercibus
3030 5696 3266 5766 amissis,
3304 5705 3427 5767 post
3453 5695 3662 5758 infinita
3693 5693 3779 5750 illa
