4060 6252
387 360 492 417 157

388 470 625 542 pericula
656 468 743 524 vix
770 466 920 522 salvo
948 481 1173 537 corpore
1202 465 1375 522 nudus
1402 468 1597 521 evadit.
1623 468 1710 523 Sic
1738 477 1791 522 et
1826 468 1978 523 miles

383 571 666 631 pnstquam
695 558 990 613 innumeris
1019 572 1161 628 saepe
1183 558 1436 627 pugnavit
1465 559 1517 611 in
1545 559 1759 627 prmliis,
1793 559 1976 612 adver-

383 653 556 706 sarios
585 650 796 720 repulit,
825 647 1111 718 hostesque
1150 648 1365 712 devncit,
1391 649 1520 703 dum
1550 650 1603 704 in
1650 650 1763 719 ipsa
1804 651 1977 704 vieto-

383 745 477 798 rire
506 740 903 808 exspectatione
930 748 1193 806 versatur,
1240 739 1400 793 nullis
1438 741 1649 808 penitus
1676 740 1976 794 commodis

384 849 447 889 ex
484 832 752 885 laboribus
782 830 1143 900 periculisque
1188 831 1475 900 reportatis
1514 846 1544 884 e
1593 830 1697 883 vita
1729 829 1973 883 discedit.

386 926 452 981 At
480 922 740 992 ejusmodi
771 938 874 975 non
918 931 1041 975 sunt
1068 938 1151 977 res
1194 932 1391 976 nostrae
1425 941 1436 976 :
1464 936 1586 991 spes
1639 922 1780 975 enim
1823 932 1980 975 aeter-

388 1032 501 1080 nas,
532 1016 799 1075 immotas,
829 1023 883 1068 et
910 1014 1086 1067 ﬁrmas
1118 1013 1332 1075 habent,
1358 1029 1580 1084 qureque
1603 1028 1722 1066 cum
1754 1012 1852 1067 hac
1875 1014 1976 1064 vita

387 1108 608 1162 minime
642 1106 1015 1167 terminantur,
1062 1103 1154 1158 sed
1184 1103 1249 1157 ad
1282 1104 1635 1157 immortalem
1665 1104 1979 1171 beatamque

388 1203 545 1255 vitam
577 1202 719 1255 illam
766 1216 829 1253 ac
859 1210 1113 1270 perpetuo
1142 1199 1450 1253 duraturam
1493 1205 1756 1267 spectant,
1789 1205 1843 1250 et
1872 1213 1975 1251 non

386 1292 545 1346 modo
579 1291 736 1344 nullis
762 1306 826 1344 ex
859 1291 999 1343 aeris
1028 1290 1343 1358 intemperie
1369 1290 1452 1343 vel
1485 1288 1758 1356 iu0pinato
1796 1304 1974 1343 rerum

383 1391 576 1438 eventu
606 1391 787 1450 patent
814 1382 1134 1445 incursibus,
1163 1381 1256 1435 sed
1285 1395 1383 1435 nec
1410 1380 1475 1433 ab
1504 1380 1614 1449 ipsa
1654 1391 1823 1434 morte
1852 1394 1976 1449 pos-

386 1486 512 1532 sunt
537 1477 723 1530 deleri.
756 1475 892 1542 Quin
920 1476 1079 1529 etiam
1122 1474 1247 1530 dum
1286 1475 1401 1528 sola
1444 1488 1538 1543 spe
1567 1473 1826 1537 fovemur,
1862 1473 1976 1541 ejus

387 1570 438 1622 in
467 1567 658 1639 quovis
682 1567 842 1619 etiam
878 1582 908 1619 e
936 1566 1094 1635 vulgo
1127 1563 1327 1617 fructus
1365 1564 1556 1628 elucet,
1590 1571 1644 1617 et
1667 1574 1860 1632 quanta
1895 1562 1969 1615 illi

385 1671 592 1713 merces
614 1657 891 1711 debeatur.
925 1656 1209 1725 Propterea
1244 1656 1426 1708 beatus
1453 1654 1611 1708 etiam
1648 1653 1840 1708 Paulus
1865 1653 1975 1707 cla-

382 1748 565 1804 mabat
591 1747 772 1801 dicens
802 1764 816 1801 :
850 1745 967 1799 Non
1010 1747 1175 1799 solum
1202 1755 1389 1810 autent,
1425 1746 1513 1798 sed
1546 1753 1590 1797 et
1619 1745 1897 1814 gloriamur
1924 1744 1977 1797 in

383 1837 792 1891 tribulationibus
814 1836 988 1904 (Rom.
1010 1836 1062 1891 5.
1081 1836 1160 1906 3).
1190 1835 1285 1901 Nc,
1310 1849 1513 1905 quzeso,
1538 1835 1725 1889 leviter
1754 1847 1972 1904 praeter-

382 1943 596 1995 eamus,
627 1942 746 1997 quae
775 1925 913 1979 dicta
940 1936 1064 1981 sunt
1087 1943 1100 1979 :
1126 1926 1218 1980 sed
1240 1926 1472 1996 quando,
1500 1926 1680 1979 nescio
1705 1941 1810 1995 quo
1826 1940 1974 1993 casn,

383 2034 566 2074 sermo
622 2034 721 2073 nos
773 2034 957 2073 rursus
1007 2019 1071 2072 ad
1126 2018 1367 2088 praeclari
1413 2018 1785 2088 gubernatoris
1828 2018 1974 2072 Pauli

382 2120 599 2180 portum
626 2109 850 2179 appulit,
885 2110 936 2162 in
968 2110 1121 2178 hujus
1135 2108 1261 2163 dicti
1288 2108 1718 2164 consideratione
1747 2109 1976 2163 libenter

385 2202 755 2266 immoremnr,
794 2199 971 2254 brevis
1008 2200 1220 2270 quidem
1260 2199 1420 2265 illius,
1469 2198 1563 2254 sed
1604 2214 1633 2253 a
1664 2215 1769 2269 quo
1812 2199 1974 2253 multa

384 2293 720 2363 philosophia
769 2292 1066 2346 erudimur.
1114 2291 1251 2359 Quid
1298 2290 1510 2344 tandem
1557 2300 1637 2345 est
1679 2305 1807 2360 ergo
1835 2291 1974 2360 quod

381 2386 533 2450 dicit,
563 2384 763 2453 etquid
787 2384 871 2438 his
897 2383 1050 2438 nobis
1077 2384 1273 2437 indicat
1306 2382 1505 2446 verbis,
1541 2381 1662 2435 Non
1691 2382 1854 2435 solum
1881 2399 1975 2435 au-

384 2485 504 2539 tem,
537 2473 625 2527 sed
646 2481 697 2530 sl
720 2472 1000 2543 gloriamur
1038 2471 1094 2525 in
1138 2470 1579 2525 tribulationibus?
1606 2470 1767 2525 Paulo
1796 2470 1971 2538 altius,

384 2567 432 2621 si
464 2565 658 2636 placet,
689 2565 947 2620 doctrinae
976 2577 1282 2618 sermonem
1321 2562 1614 2627 ordiamur,
1663 2569 1718 2615 et.
1749 2561 1970 2615 multam

385 2658 510 2711 inde
538 2656 692 2711 nobis
723 2655 1153 2726 perspicuitatem
1184 2652 1481 2706 videbimus
1524 2665 1587 2705 ac
1623 2652 1728 2705 vim
1760 2660 1976 2705 senten-

387 2749 582 2803 tiarum
608 2763 906 2819 emergere.
949 2745 1055 2801 Sed
1087 2744 1355 2800 neminem
1386 2758 1580 2814 corpus
1609 2744 1660 2796 in
1691 2742 1972 2797 mollitiem

382 2856 448 2895 ac
497 2839 763 2911 pigritiam
813 2838 1047 2893 resolvat
1090 2854 1104 2891 :
1144 2836 1270 2905 quin
1322 2836 1497 2904 potius
1545 2844 1811 2903 tamquam
1854 2848 1975 2888 rore

384 2932 616 3001 quodam
663 2929 954 3000 Spiritualis
1018 2927 1274 2981 doctrina:
1336 2923 1625 2994 cupiditate
1680 2932 1971 2977 recreetur.

385 3024 596 3077 Etenim
627 3021 695 3076 de
723 3020 1065 3075 tribulatione
1095 3018 1256 3073 verba
1306 3015 1550 3078 facimus,
1581 3015 1649 3069 de
1678 3013 1974 3082 cupiditate

386 3114 651 3181 bonorum
686 3122 1031 3178 aeternorum,
1076 3110 1143 3165 de
1173 3109 1444 3179 patientia,
1490 3107 1661 3176 deque
1706 3105 1968 3170 mercede,

386 3220 546 3275 quam
582 3204 654 3258 illi
680 3204 940 3267 obtinent,
973 3202 1061 3271 qui
1108 3200 1327 3256 minime
1367 3198 1543 3269 supini
1584 3206 1708 3251 sunt
1736 3212 1799 3251 ac
1826 3197 1970 3251 dcsi-
2000 3250 2002 3252 ,

384 3297 498 3352 des.
532 3294 667 3361 Quid
693 3295 848 3364 igitur
870 3292 970 3346 sibi
998 3292 1111 3345 vult
1138 3291 1288 3356 illud,
1328 3289 1446 3343 Non
1471 3288 1634 3343 solum
1652 3289 1678 3342 .9
1704 3287 1801 3354 Qui
1830 3288 1971 3341 enim

387 3387 469 3441 his
500 3386 677 3442 verbis
718 3384 904 3450 utitur,
937 3383 1004 3438 de
1036 3382 1216 3436 multis
1245 3382 1362 3435 aliis
1407 3380 1561 3434 bonis
1592 3394 1649 3434 se
1690 3379 1969 3448 loquutum

384 3493 502 3533 esse
549 3477 767 3539 indicat,
813 3490 931 3544 qua:
972 3471 1368 3543 praecesserint,
1420 3478 1473 3523 et
1514 3484 1633 3522 cum
1688 3467 1792 3521 illis
1834 3466 1969 3521 istud

383 3570 638 3639 adjicere,
694 3565 834 3635 quod
882 3580 946 3619 ex
1002 3562 1343 3617 tribulatione
1394 3546 1629 3612 na~citur
1659 3573 1671 3609 :
1705 3570 1864 3625 quam
1905 3555 1973 3607 ob

382 3674 601 3713 causam
633 3667 687 3711 et
710 3656 823 3725 ipse
845 3654 1075 3718 dicebat,
1112 3650 1237 3705 Non
1264 3650 1428 3703 solum
1470 3656 1657 3709 autem,
1687 3644 1776 3698 sed
1803 3655 1848 3698 ct
1872 3645 1974 3713 glo-

382 3750 578 3802 riamur
618 3748 675 3799 in
706 3744 1136 3798 tribulationibus.
1180 3740 1248 3796 Ut.
1287 3750 1463 3793 autem
1496 3736 1808 3791 dilucidiora
1840 3735 1969 3788 ﬁant

386 3844 499 3897 haec
540 3840 721 3902 verba,
765 3851 864 3891 nos
905 3835 971 3889 ad
1024 3834 1236 3889 brevem
1285 3832 1469 3884 horam
1517 3828 1795 3889 sustinete,
1846 3827 1969 3880 dtun

385 3931 660 4005 prolixiori
701 3941 949 3982 sermone
976 3924 1272 3979 doctrinam
1316 3920 1652 3989 exponimus.

457 4020 744 4077 Adversarii
788 4018 905 4086 ﬁdei
971 4014 1271 4070 Christiana?
1335 4025 1487 4080 quant
1550 4007 1728 4070 multi;
1798 4022 1969 4077 perse-

383 4115 648 4185 quutiones
677 4110 827 4163 varie
866 4106 1008 4160 initio
1049 4103 1440 4175 prardicationis.
1481 4098 1749 4152 Inducitur
1783 4096 1973 4151 Paulus

386 4208 448 4258 de
477 4201 661 4275 futuris
697 4199 965 4252 disserens.
1011 4197 1112 4249 Cur
1146 4193 1439 4264 ingemiscat
1463 4200 1716 4245 creatura.
1742 4217 1813 4227 —-
1841 4188 1971 4243 Cum

385 4299 527 4352 enim
564 4293 895 4365 promulgata
940 4291 1124 4344 foiSset
1161 4288 1229 4341 ab
1256 4286 1516 4356 apostolis
1542 4286 1851 4356 praedicatio
1889 4284 1969 4338 di-

388 4395 529 4454 vina,
560 4401 616 4446 et
640 4402 829 4443 omnes
869 4385 1014 4439 orbis
1053 4392 1315 4435 terrarum
1358 4380 1539 4448 plagas
1569 4378 1840 4448 religionis
1868 4393 1974 4432 scr-

387 4497 601 4537 monem
646 4480 721 4534 illi
764 4486 1004 4532 serentes
1043 4473 1271 4536 obirent,
1312 4485 1550 4525 errorem
1592 4469 1849 4523 radicitus
1876 4472 1970 4523 ex-

388 4578 697 4645 stirparcnt,
739 4569 939 4641 patrias
979 4566 1258 4635 impiorum
1288 4563 1431 4631 leges
1459 4560 1842 4626 rescinderent,
1876 4559 1974 4613 ini-

386 4669 645 4737 quitatem
670 4676 885 4716 omnem
911 4656 1349 4718 extermitnirent,
1378 4662 1572 4707 terram
1591 4660 1969 4722 expurgarent,

386 4769 545 4828 atque
572 4756 641 4810 ab
684 4752 842 4807 idolis
868 4748 1107 4818 quidem,
1149 4761 1178 4799 a
1212 4744 1367 4809 fauis,
1411 4742 1691 4808 altaribus,
1738 4741 1885 4795 feriis
1913 4756 1975 4795 ac

386 4845 710 4905 cerenioniis
741 4842 864 4897 inde
902 4837 1245 4894 nascentibus
1275 4833 1480 4888 resilire
1498 4831 1776 4901 juberent;
1811 4847 1971 4885 tnnnn

385 4952 588 5006 autem,
617 4947 672 4992 et
700 4936 871 4990 solum
898 4933 1269 4986 universorum
1305 4927 1469 4981 Deum
1504 4938 1812 4994 agnoscere,
1850 4938 1974 4991 spes

387 5034 595 5086 futuras
654 5035 995 5095 exspectare;
1033 5020 1207 5088 deque
1235 5017 1414 5080 Patre,
1462 5013 1618 5076 Filio,
1664 5028 1727 5067 ac
1770 5013 1972 5083 Spiritu

386 5135 575 5178 sancto
610 5121 962 5176 dissererent,
996 5114 1061 5165 de
1107 5108 1499 5164 resurrectione
1526 5106 1970 5176 philosopharen~

388 5226 494 5279 tur,
523 5228 587 5267 ac
618 5211 687 5265 de
740 5223 908 5278 regno
961 5205 1213 5259 caelorum
1256 5200 1415 5253 verba
1464 5198 1703 5252 facerent
1733 5215 1746 5250 :
1777 5197 1975 5250 idcirco

388 5308 586 5362 bellum
606 5303 808 5358 exarsit
837 5315 1019 5370 grave,
1044 5295 1388 5360 omniumque
1406 5291 1778 5349 saeviSsimmu,
1799 5290 1973 5341 omnia

388 5398 645 5460 tumultu,
698 5392 1121 5463 perturbatione,
1170 5399 1232 5437 ac
1284 5382 1545 5437 seditione
1584 5379 1971 5440 redundabant.

388 5492 551 5546 urbes
579 5500 791 5545 omnes,
825 5481 1005 5553 pOpoli
1054 5493 1117 5532 ac
1146 5475 1336 5529 domus
1367 5486 1577 5536 omnes,
1610 5471 1787 5524 omnis
1829 5471 1976 5539 regio

389 5587 503 5638 sive
530 5580 731 5636 inculta
761 5584 924 5639 esset,
953 5573 1065 5625 sive
1101 5569 1314 5623 deserta
1343 5584 1354 5619 :
1384 5563 1523 5635 quod
1555 5564 1801 5616 nimirum
1835 5562 1974 5614 anti-

389 5693 511 5745 quze
551 5669 965 5727 consuetudines
1010 5660 1477 5721 labefactareutur,
1527 5662 1582 5709 et
1615 5670 1736 5724 qua:
1776 5652 1974 5707 tamdiu

392 5767 719 5830 obtinuerat,
746 5758 1028 5827 anticipata
1053 5752 1231 5822 opinio
1256 5748 1665 5815 convelleretur,
1688 5760 1807 5800 cum
1838 5758 1969 5806 nova

1453 355 1539 413 DE
1566 353 1817 412 GLORIA
1860 353 1925 407 ΙΝ
1964 354 2606 417 'I'RIBULATIONIBUS.

3565 375 3667 430 ςεκ

2099 468 2350 539 dogmata
2383 473 2778 545 inveherentur,
2825 494 2945 549 quin
2982 496 3139 536 nemo
3167 498 3416 554 umquam
3456 489 3668 545 audive-

2088 569 2169 613 rat
2210 577 2223 613 :
2266 562 2521 619 adversus
2561 566 2658 620 ista
2705 571 2994 625 saiviebant
3036 587 3211 642 reges,
3264 576 3669 646 indignabantur

2090 651 2452 720 magistratus,
2484 657 2675 727 privati
2719 662 3200 731 tumultuabantur,
3232 665 3345 721 fora
3394 671 3666 737 perturba-

2089 740 2299 809 bantur,
2339 745 2619 799 tribunalia
2665 750 3089 818 concitabantur,
3133 757 3533 825 stringebantur
3570 775 3666 814 en-

2087 844 2193 894 ses,
2228 847 2374 886 arma
2421 837 2767 903 parabantur,
2814 850 2867 894 et
2910 842 3055 911 leges
3098 848 3506 903 succensebaut.
3542 850 3668 906 Inde

2086 922 2371 991 supplicia,
2408 941 2599 994 poenar,
2635 929 2918 999 minchue,
2945 948 3006 985 ac
3035 947 3223 989 cuncta
3251 941 3668 996 commoveban-

2088 1018 2191 1077 tur,
2224 1028 2341 1082 quze
2377 1017 2513 1071 inter
2554 1016 2796 1073 homines
2822 1023 3005 1090 gravia
3051 1036 3357 1080 censentur.
3405 1028 3666 1097 Quemad-

2087 1102 2300 1155 modum
2331 1119 2451 1158 cum
2486 1108 2675 1160 iratum
2706 1121 2786 1163 est
2828 1127 2993 1175 mare,
3037 1123 3196 1183 atque
3228 1116 3417 1173 infesta
3456 1122 3667 1175 naufra-

2084 1195 2166 1263 gia
2196 1198 2439 1264 parturit,
2474 1200 2640 1253 nihilo
2679 1202 2885 1255 meliori
2914 1214 3029 1258 erat
3070 1206 3119 1260 in
3147 1216 3288 1262 statu
3318 1211 3461 1266 orbis
3494 1221 3666 1278 leua—

2086 1302 2225 1352 rum,
2249 1304 2369 1363 cum
2404 1291 2671 1361 religionis
2698 1309 2853 1348 causa
2882 1303 2989 1349 tum
3020 1297 3183 1352 ﬁlium
3210 1310 3360 1370 pater
3377 1304 3664 1375 abdicaret,

2085 1391 2113 1428 a
2154 1391 2311 1431 socru
2359 1395 2524 1433 nurus
2578 1382 2879 1448 dissideret,
2923 1384 3115 1441 fratres
3149 1387 3536 1459 dividerentur,
3579 1395 3668 1451 do-

2085 1469 2211 1522 mini
2245 1470 2296 1523 in
2325 1470 2550 1525 fanmlos
2582 1472 3005 1542 indignarentur,
3051 1488 3234 1531 natura
3278 1483 3671 1550 quodammodo

2085 1558 2136 1612 in
2164 1561 2395 1632 seipsam
2437 1564 2699 1619 seditione
2728 1576 2993 1620 commota
3027 1569 3345 1639 insurgeret,
3388 1589 3488 1629 nec
3515 1577 3670 1632 civile

2086 1658 2310 1720 tantum,
2356 1653 2449 1708 sed
2487 1655 2686 1723 gentile
2716 1657 2980 1726 quoddam
3031 1659 3227 1714 bellum
3257 1661 3446 1718 domos
3486 1681 3670 1723 omnes

2084 1742 2418 1810 pervaderet.
2474 1744 2704 1799 Verbum
2747 1748 2890 1800 enim
2944 1748 3102 1819 gladii
3148 1751 3197 1804 in
3248 1767 3453 1808 morem
3504 1771 3668 1825 pene-

2085 1840 2251 1898 trans,
2284 1843 2340 1888 et
2364 1835 2506 1904 quod
2537 1837 2838 1891 morbidum
2868 1848 2986 1893 erat
3019 1854 3048 1893 a
3094 1856 3226 1895 sano
3253 1858 3520 1911 resecans,
3555 1863 3669 1901 ma—

2084 1938 2240 1993 gnam
2267 1925 2462 1995 ubique
2500 1926 2817 1983 seditionem
2862 1937 2914 1983 et
2942 1932 3338 1987 contentionem
3379 1937 3664 2004 excitabat,

2083 2020 2139 2066 et
2162 2012 2451 2081 efﬁciebat,
2503 2026 2558 2070 ut
2589 2018 2882 2073 innumerae
2927 2020 3160 2092 undique
3203 2023 3457 2081 adversus
3488 2028 3666 2084 ﬁdeles

2084 2103 2373 2159 inimicitizr.
2400 2122 2693 2178 pugmeque
2738 2110 3095 2180 insurgerent.
3131 2114 3263 2169 Hinc
3295 2116 3475 2184 ﬁebat,
3509 2129 3567 2175 ut
3610 2121 3664 2175 in

2082 2207 2354 2250 carcerem
2382 2196 2470 2250 alii
2495 2197 2929 2268 detruderentur,
2961 2202 3051 2256 alii
3079 2204 3145 2257 ad
3172 2204 3371 2273 judicia
3404 2223 3661 2278 raperen-

2084 2292 2188 2349 tur,
2216 2294 2269 2340 et
2291 2286 2357 2341 ad
2383 2289 2521 2344 viam
2543 2304 2663 2358 quae
2691 2291 2859 2345 tendit
2884 2292 2951 2346 ad
2983 2304 3211 2349 mortem
3246 2314 3259 2349 :
3290 2307 3449 2369 atque
3478 2301 3664 2355 horum

2081 2377 2295 2447 quidem
2343 2380 2479 2435 bona
2528 2383 2956 2451 publicabantur,
3001 2385 3075 2440 illi
3108 2402 3233 2442 vero
3284 2399 3337 2444 et
3385 2392 3574 2460 patria,
3615 2404 3671 2448 et

2083 2470 2192 2524 vita
2221 2472 2332 2540 ipsa
2361 2488 2597 2543 persmpe
2629 2475 2991 2543 privabantur,
3024 2486 3077 2530 et
3105 2480 3250 2533 omni
3278 2496 3341 2535 ex
3373 2493 3523 2551 parte
3551 2500 3670 2540 cre-

2081 2560 2229 2615 brius
2257 2576 2417 2632 quam
2460 2564 2547 2616 nix
2579 2564 2809 2630 decidat,
2863 2566 3019 2620 malis
3059 2568 3443 2625 obsidebantur
3482 2592 3492 2625 :
3528 2574 3667 2630 intus

2085 2664 2292 2718 pugnae,
2325 2650 2454 2705 foris
2485 2654 2722 2717 timores,
2756 2653 2823 2707 ab
2853 2656 3060 2719 amicis,
3095 2657 3161 2710 ab
3187 2658 3395 2725 alienis,
3430 2661 3497 2716 ab
3538 2662 3666 2733 ipsis

2081 2742 2170 2812 qui
2212 2750 2418 2797 natura:
2448 2743 2845 2799 necessitudine
2873 2748 3141 2815 conjuncti
3174 2758 3346 2803 erant.

2150 2833 2205 2886 2.
2237 2833 2362 2888 Haec
2390 2834 2547 2904 igitur
2568 2849 2689 2889 cum
2714 2846 2958 2891 cerneret
2987 2838 3173 2892 beatus
3201 2838 3412 2901 Paulus,
3442 2842 3532 2897 ille
3558 2852 3689 2899 ιον-ο

2080 2938 2258 2976 rarum
2288 2923 2431 2977 orbis
2458 2935 2783 2993 prmceptor,
2820 2935 2873 2980 et
2912 2928 3205 2983 ca-lcstium
3235 2930 3536 2999 dogmatum
3567 2933 3665 2988 do-

2079 3020 2217 3076 ctor,
2246 3027 2367 3066 cum
2398 3028 2486 3067 res
2511 3013 2721 3083 quidem
2751 3014 2990 3069 adversa:
3021 3017 3071 3070 in
3101 3019 3345 3073 manibus
3366 3031 3547 3077 essent
3571 3064 3584 3087 ,
3613 3034 3667 3078 et

2080 3110 2203 3155 ante
2232 3102 2414 3156 oculos
2443 3110 2799 3168 versarentur,
2828 3119 2914 3158 res
2952 3114 3128 3159 autem
3171 3122 3440 3177 prospera:
3479 3110 3532 3165 in
3571 3126 3665 3181 spe

2082 3200 2285 3247 tantum
2306 3201 2360 3246 et
2388 3193 2756 3262 promissione,
2785 3210 3029 3264 regnum,
3057 3197 3294 3268 inquam,
3319 3204 3589 3269 caelorum,
3615 3214 3666 3258 ct

2080 3284 2417 3352 resurrectio,
2446 3300 2508 3339 ac
2534 3285 2794 3341 bonorum
2824 3288 3032 3342 illorum
3061 3291 3291 3361 adoptio,
3326 3311 3444 3365 qum
3470 3298 3667 3368 cogita-

2080 3375 2277 3429 tionem
2306 3391 2518 3430 omnem
2544 3392 2605 3431 ac
2629 3393 2933 3434 sermonem
2959 3382 3223 3438 excedunt
3251 3402 3265 3438 ἓ
3297 3384 3539 3443 fornaces
3568 3406 3664 3443 au-

2080 3475 2185 3519 tem
2209 3507 2221 3529 ,
2256 3468 2551 3536 sartagines
2574 3509 2587 3531 ,
2627 3468 2784 3536 gladii
2810 3510 2825 3534 ,
2859 3472 3111 3539 supplicia
3137 3514 3153 3538 ,
3198 3482 3582 3533 tormentorum
3613 3490 3667 3534 et

2038 3559 2047 3567 '
2081 3558 2327 3611 mortium
2349 3573 2541 3627 genera
2571 3560 2749 3613 omnia
2779 3576 2882 3614 non
2912 3576 3040 3630 spe,
3070 3564 3161 3618 sed
3190 3567 3512 3634 experientia
3543 3585 3665 3639 pcr-

2079 3649 2383 3717 ciperentur
2412 3666 2425 3702 :
2456 3649 2543 3718 qui
2584 3664 2710 3703 vero
2751 3651 3006 3707 adversus
3048 3654 3161 3708 hzec
3198 3659 3375 3711 omnia
3416 3664 3664 3717 certaturi

2079 3748 2251 3803 erant,
2276 3755 2379 3793 non
2405 3739 2471 3792 ita
2494 3739 2696 3808 pridem
2718 3740 2787 3795 ab
2804 3742 3076 3808 altaribus,
3100 3745 3167 3799 ab
3188 3746 3360 3813 idolis,
3385 3765 3414 3804 a
3437 3749 3662 3820 deliciis,

2079 3845 2108 3885 a
2136 3829 2339 3885 luxuria
2371 3839 2423 3884 et
2450 3829 2707 3886 ebrietate
2733 3832 2799 3885 ad
2831 3832 2988 3887 ﬁdem
3022 3836 3243 3890 traducti
3276 3838 3538 3907 fuissent,
3571 3857 3664 3897 ne-

2078 3937 2182 3991 que
2201 3921 2326 3975 dum
2352 3921 2415 3975 ad
2444 3921 2668 3977 sublime
2690 3924 2970 3994 quidquam
2997 3926 3065 3980 de
3089 3928 3191 3981 vita
3224 3938 3420 3984 aeterna
3444 3948 3663 3988 versan-

2079 4013 2205 4067 dum
2236 4011 2414 4067 animo
2441 4012 2720 4068 assuefacti
2748 4056 2763 4080 ,
2800 4015 2894 4070 sed
2924 4016 3083 4072 rebus
3113 4022 3461 4087 praesentibus
3489 4026 3664 4093 potius

2080 4104 2399 4159 inbzererent
2427 4122 2440 4157 :
2470 4114 2523 4159 et
2550 4106 2834 4161 verisimile
2861 4117 3003 4164 esset
3034 4108 3148 4164 fore
3167 4151 3183 4176 ,
3215 4120 3273 4165 ut
3303 4114 3453 4167 multi
3480 4129 3663 4170 eorum

2080 4196 2383 4253 fatiscerent
2405 4241 2419 4264 ,
2449 4199 2789 4255 conciderent
2832 4200 3023 4254 animis
3048 4241 3062 4265 ,
3091 4216 3153 4257 ac
3180 4202 3470 4259 deﬁcerent
3496 4247 3513 4272 ,
3541 4222 3662 4260 cum

2078 4282 2297 4352 singulis
2317 4283 2503 4339 diebus
2526 4284 2933 4338 obsiderentur:
2958 4284 3076 4339 vide
3100 4286 3226 4355 quid
3258 4287 3347 4342 ille
3376 4287 3551 4353 faciat,
3575 4291 3663 4359 qui

2079 4374 2391 4428 arcanorum
2423 4375 2687 4443 particeps
2713 4375 3005 4430 caalestium
3031 4376 3241 4445 fuerat,
3271 4387 3325 4433 et
3348 4381 3663 4450 sapientiam

2080 4464 2226 4519 Pauli
2251 4464 2553 4519 considera.
2579 4465 2653 4519 De
2684 4464 2874 4519 futuris
2895 4467 3107 4522 assidue
3126 4467 3341 4523 disserit
3360 4472 3499 4539 apud
3526 4473 3665 4540 illos,

2080 4557 2230 4626 ponit
2250 4557 2319 4611 ob
2343 4557 2525 4611 oculos
2551 4557 2790 4625 praemia,
2817 4571 3043 4612 coronas
3064 4561 3313 4621 ostendit,
3343 4562 3526 4617 incitat
3548 4579 3664 4632 eos,

2078 4656 2132 4703 et
2161 4662 2257 4718 Spe
2298 4648 2556 4701 bonorum
2597 4656 2915 4701 retentorum
2950 4650 3274 4705 consolatur.
3315 4652 3451 4719 Quid
3488 4662 3665 4709 autem

2079 4740 2249 4795 dicit?
2280 4739 2639 4794 Existimamus
2667 4741 2798 4793 enim
2822 4741 2958 4809 quod
2988 4758 3086 4795 non
3116 4753 3231 4796 sunt
3260 4749 3525 4817 condigna:
3548 4766 3667 4819 pas-

2079 4833 2245 4886 siones
2276 4833 2432 4900 hujus
2461 4832 2695 4899 temporis
2717 4832 2783 4882 ad
2808 4832 3032 4898 futuram
3061 4833 3277 4901 gloriam
3300 4877 3314 4899 ,
3338 4853 3454 4904 qua:
3474 4840 3659 4893 revela-

2080 4922 2215 4975 bitur
2242 4922 2294 4975 in
2320 4920 2460 4975 nobis
2490 4919 2678 4991 (Rom.
2703 4921 2754 4975 8.
2782 4919 2911 4993 l8).
2936 4920 3071 4988 Quid
3098 4923 3241 4977 enim
3271 4926 3399 4979 mihi
3422 4928 3663 4993 vulnera,

2081 5011 2285 5082 inquit,
2313 5012 2501 5080 objicis
2520 5052 2535 5076 ,
2557 5011 2739 5065 altaria
2764 5052 2778 5075 ,
2811 5012 3109 5080 carniﬁces,
3137 5013 3415 5082 supplicia,
3449 5015 3663 5084 famem,

2081 5105 2528 5175 proscriptiones,
2570 5113 2932 5175 paupertatem
2959 5145 2973 5172 ,
3008 5105 3213 5159 vincula
3251 5115 3306 5161 et
3343 5108 3669 5179 compedes?

2080 5210 2429 5266 quaecumque
2449 5194 2682 5249 volueris
2704 5209 2959 5264 propone,
2983 5211 3101 5265 qua:
3131 5196 3198 5251 ab
3227 5197 3530 5254 hominibus
3548 5216 3669 5271 gra-

2083 5290 2163 5343 via
2194 5297 2515 5352 censentur;
2549 5288 2676 5340 nihil
2704 5295 2879 5341 tamen
2907 5288 3141 5357 prauuiis
3167 5290 3302 5354 illis,
3331 5292 3543 5345 coronis
3563 5331 3577 5355 ,
3608 5308 3670 5347 ac

2084 5377 2517 5433 retrilmtionibos
2544 5373 2762 5447 dignum
2790 5392 3197 5432 commemoras.
3233 5378 3361 5432 Nam
3406 5380 3505 5434 ista
3547 5382 3666 5451 qui-

2083 5470 2203 5524 dem
2235 5482 2340 5522 una
2367 5483 2486 5522 cum
2518 5467 2617 5521 hac
2644 5470 2749 5521 vita
2792 5466 3064 5532 ﬁniuntur,
3098 5469 3186 5521 illa
3216 5484 3345 5524 vero
3372 5469 3423 5523 in
3467 5470 3672 5527 inﬁnito

2084 5562 2172 5616 illo
2199 5576 2313 5615 arvo
2338 5559 2496 5615 ﬁnem
2528 5576 2632 5614 non
2666 5560 2859 5614 habent
2883 5577 2896 5612 :
2926 5559 3039 5613 lucc
3059 5563 3380 5630 temporaria
3401 5577 3520 5617 cum
3544 5564 3669 5631 sint,

2086 5661 2405 5721 praetereunt
2440 5668 2452 5704 :
2486 5650 2571 5703 illa
2601 5664 2719 5703 eum
2753 5647 2860 5703 sint
2890 5649 3229 5716 immortalia,
3264 5664 3520 5722 perpetuo
3549 5669 3670 5723 per-

2085 5751 2319 5798 manent.
2345 5741 2495 5808 Quod
2520 5740 2691 5811 ipsum
2714 5749 2767 5795 et
2800 5738 2905 5793 alio
2932 5740 3050 5795 loco
3069 5741 3409 5799 subindicans
3430 5745 3637 5819 dicebat
3664 5762 3667 5767 ν
