4060 6252
502 423 601 477 [59

500 511 719 604 ldguod
741 533 790 586 in
822 548 1011 609 pra'srn
1038 530 1053 582 i
1078 539 1146 583 est
1171 538 1572 582 momentaneum
1601 537 1648 579 et
1667 527 1768 580 leve
1791 522 2075 578 tribulatio-

497 626 573 678 nis
603 623 696 696 (Ξ.
722 622 839 677 Cor.
874 624 926 676 4.
956 621 1054 690 17)
1092 639 1104 674 :
1133 621 1211 675 sie
1240 621 1534 690 quantitate
1559 618 1869 688 qualitatem
1901 617 2076 671 inuni-

494 718 627 778 nuit,
657 722 713 768 et
740 712 1081 768 acerbitatem
1115 711 1315 781 mitigat
1343 713 1600 780 temporis
1624 708 1905 766 hrevitate.
1939 707 2079 774 Quo-

493 807 634 861 niam
663 805 806 860 enim
834 803 1015 874 gravia
1059 811 1245 858 natura
1275 817 1368 855 sua
1397 813 1546 856 erant
1575 811 1630 855 et
1661 800 1884 854 molesta
1911 837 1927 861 ,
1959 812 2079 867 qu:e

494 907 600 950 tum
630 895 733 950 illis
761 893 1102 955 accidebant,
1135 892 1394 947 brevitate
1439 892 1734 946 molestiam
1781 889 1966 944 minuit
1996 888 2078 942 di.

488 1001 616 1041 erus
647 1003 661 1040 :
696 985 760 1038 Id
792 986 923 1039 enim
959 985 1093 1055 quod
1129 986 1181 1036 in
1220 983 1454 1054 praesenti
1483 995 1551 1036 est
1595 992 1992 1035 momentaneum
2031 988 2078 1033 et

488 1081 592 1133 leve
626 1077 963 1132 tribulationis
1002 1087 1188 1131 nostra:
1210 1115 1226 1142 ,
1268 1092 1423 1145 supra
1463 1075 1664 1127 modum
1694 1075 1747 1126 in
1773 1072 2076 1127 sublimitate

490 1179 735 1222 ceternum
781 1168 958 1238 gloria:
992 1166 1188 1237 pondus
1230 1175 1468 1234 operatur
1503 1165 1554 1217 in
1594 1163 1734 1217 nobis
1755 1204 1768 1224 ,
1811 1179 1910 1217 non
1949 1178 2074 1214 con-

489 1241 844 1330 templantibus
866 1258 1008 1312 nobis
1037 1272 1149 1326 qua
1173 1256 1422 1322 videntur,
1445 1253 1533 1307 sed
1557 1270 1669 1322 qua:
1695 1269 1795 1307 non
1823 1253 2070 1306 videntur.

492 1351 618 1416 Quae
649 1351 779 1405 enim
809 1351 1058 1412 uidentur,
1095 1346 1393 1418 temporalia
1434 1356 1549 1401 sunt
1575 1362 1594 1399 :
1617 1361 1731 1415 qua!
1763 1355 1931 1398 autent
1974 1361 2076 1398 non

489 1444 739 1508 uidentur,
779 1451 968 1496 (eterna
1005 1451 1122 1493 sunt
1154 1440 1171 1509 (
1199 1438 1252 1492 2.
1279 1439 1398 1494 Cor.
1430 1438 1484 1492 4.
1520 1438 1606 1490 17.
1640 1437 1763 1506 18).
1795 1435 1862 1490 Et
1893 1451 2076 1489 rursus

489 1547 546 1592 ιιι
572 1535 641 1592 ad
675 1533 1098 1607 cognoscendam
1135 1532 1396 1586 bonorum
1436 1530 1578 1583 illius
1603 1529 1722 1582 vitae
1752 1527 2073 1598 magnitudi—

490 1644 610 1683 nem
656 1627 774 1681 illus
821 1623 1112 1694 provehat,
1142 1631 1441 1676 creaturam
1483 1621 1649 1689 ipsam
1683 1619 1752 1672 oh
1793 1619 2074 1688 praesentia

490 1719 626 1772 mala
657 1716 926 1771 dolentem
954 1722 1008 1769 et
1032 1720 1435 1783 congementem
1464 1709 1745 1765 introducit
1771 1751 1786 1776 ,
1813 1724 1876 1763 ae
1900 1709 2073 1762 futura

489 1821 756 1880 tamquam
772 1809 922 1863 valde
932 1805 1161 1878 jucunda
1185 1803 1529 1859 vehementer
1543 1809 1834 1872 optantem,
1853 1799 1978 1854 dum
1995 1799 2075 1855 sie

487 1904 558 1956 ait
582 1921 595 1956 :
622 1901 820 1956 Etenim
835 1909 1063 1953 creatura
1079 1895 1418 1966 congemiscit,
1445 1904 1492 1948 et
1508 1893 1659 1947 simul
1679 1892 1896 1962 parturit
1921 1909 2072 1962 usque

486 1997 655 2050 adhuc
673 1995 850 2064 (llam.
873 1994 924 2049 8.
947 1992 1020 2046 εξ
1035 1991 1078 2062 ).
1096 1992 1210 2059 Qua
1232 1991 1298 2045 de
1313 2005 1470 2044 causa
1489 1989 1652 2059 gemit
1669 1989 1690 2041 ?
1706 2002 1809 2057 qua
1827 1986 1893 2040 de
1913 1999 2071 2040 causa

488 2087 742 2157 parturit?
761 2088 893 2140 Dum
917 2084 1000 2138 illa
1031 2082 1278 2137 nimirntn
1301 2079 1471 2134 futura
1490 2081 1622 2134 bona
1643 2076 1998 2148 praestolatur,
2018 2083 2073 2130 et

489 2182 541 2234 in
570 2180 756 2235 melius
785 2177 1126 2233 mutationem
1155 2173 1439 2228 desiderat.
1476 2171 1612 2226 Nam
1641 2181 1686 2224 et
1706 2172 1817 2240 ipsa
1836 2211 1851 2236 ,
1881 2169 2068 2239 inquit,

483 2283 714 2326 creatura
733 2269 1025 2326 liberabitur
1042 2287 1073 2322 a
1097 2267 1332 2321 servitute
1353 2265 1707 2335 corruptionis,
1721 2264 1773 2316 in
1794 2263 2069 2316 libertatem

395 2391 402 2406 ι
484 2363 662 2432 gloria:
688 2363 908 2432 ﬁliorum
941 2359 1034 2414 υεὶ
1067 2362 1083 2429 (
1106 2357 1187 2412 Ib.
1219 2374 1267 2411 υ.
1293 2357 1355 2412 ει
1383 2355 1417 2427 ).
1455 2355 1586 2411 Cum
1615 2370 1742 2411 vero
1771 2354 1922 2408 audis
1951 2369 2067 2408 eam

485 2468 699 2523 gemere
722 2469 783 2507 ac
807 2452 1067 2521 parturire
1087 2492 1102 2516 ,
1136 2449 1246 2504 noli
1271 2450 1473 2503 ratione
1503 2449 1775 2517 przeditam
1807 2448 1950 2501 illam
1977 2463 2068 2500 ar-

485 2542 690 2608 bitrari,
715 2541 808 2595 sed
836 2541 1030 2595 idioma
1050 2539 1336 2608 Scriptura-
1359 2538 1608 2607 intellige.
1634 2535 1767 2592 Cum
1793 2536 1933 2591 enim
1956 2536 2067 2592 vult

487 2633 625 2687 Deus
665 2631 966 2686 hominibus
1011 2644 1258 2700 magnum
1298 2627 1494 2699 aliquid
1539 2643 1602 2682 ac
1638 2627 1929 2697 jucundum
1972 2643 2068 2696 per

485 2722 770 2793 prophetas
794 2721 1130 2786 annuntiare,
1163 2719 1302 2789 ipsas
1326 2720 1484 2773 etiam
1514 2734 1601 2772 res
1626 2719 1940 2774 inanimatas
1968 2719 2066 2774 liu-

478 2817 555 2886 git
584 2816 980 2882 miraculorum,
1006 2828 1125 2884 qua:
1154 2811 1306 2882 liunt,
1327 2830 1356 2864 ιι
1379 2810 1737 2882 agnitudinem
1769 2811 2062 2881 percipere,

481 2921 586 2962 non
622 2906 763 2978 quod
800 2920 961 2961 sensu
992 2903 1263 2975 prteditam
1295 2917 1414 2957 esse
1454 2913 1750 2957 creaturam
1781 2902 2022 2957 dicamus
2045 2942 2062 2969 ,

478 3000 574 3054 sed
616 3007 674 3054 ut
713 3012 806 3068 per
836 3012 900 3054 ea
928 3012 1048 3067 qua:
1093 2994 1396 3049 hominibus
1421 2993 1682 3065 qnadrant
1707 3036 1722 3060 ,
1756 2994 2061 3064 magnitudo

480 3089 858 3143 miraculorum
882 3085 1106 3158 exprimi
1140 3086 1325 3155 possit.
1357 3085 1467 3140 lloe
1496 3085 1743 3140 nimirum
1769 3095 1820 3138 et
1851 3101 1946 3140 nos
1973 3086 2059 3140 dio

476 3195 603 3235 cere
627 3181 862 3234 solemus
882 3219 900 3242 ,
926 3194 1046 3231 eum
1079 3177 1406 3245 inopinatmn
1430 3175 1554 3244 quid
1577 3175 1825 3230 acciderit
1853 3174 2057 3247 [Epsam

479 3269 664 3324 urbem
689 3282 808 3322 esse
833 3267 1198 3320 eontristatam
1225 3307 1238 3328 ,
1270 3265 1443 3319 solum
1473 3266 1642 3334 ipsum
1670 3267 1913 3321 maestius
1937 3283 2058 3322 esse

479 3356 767 3431 redditum]
794 3359 896 3427 (a),
922 3365 1120 3410 etcum
1149 3354 1216 3410 de
1245 3355 1402 3410 srevis
1439 3370 1500 3409 ae
1532 3355 1853 3410 terribilibus
1879 3371 2057 3412 sermo

480 3449 866 3514 ﬂt,homiuihus
893 3463 956 3502 ac
985 3446 1150 3501 ferina
1182 3453 1358 3500 mente
1388 3445 1623 3516 praeditis
1647 3488 1662 3512 ,
1693 3447 1760 3500 ita
1789 3449 1908 3517 quis
1939 3449 2054 3518 ple-

477 3557 701 3612 rumque
749 3539 981 3610 loquitur
1013 3557 1025 3592 :
1063 3539 1180 3608 Ipsa
1229 3536 1570 3593 fundamenta
1607 3541 1914 3606 concussit,
1957 3542 2054 3611 ipsi

477 3634 678 3705 lapides
705 3648 826 3688 eum
861 3633 1149 3686 timuerunt
1180 3648 1193 3685 :
1229 3645 1332 3686 non
1380 3632 1522 3702 quod
1567 3631 1708 3696 hunc
1749 3633 1954 3702 lapides
1997 3649 2055 3690 re

474 3742 598 3781 vera
629 3724 921 3787 timuerit,
951 3723 1044 3778 sed
1074 3731 1130 3777 ut
1156 3727 1417 3776 summam
1443 3722 1622 3778 cordis
1650 3724 1766 3794 ejus
1793 3722 2054 3779 larualem

473 3827 528 3873 et
555 3816 788 3871 furerent
831 3815 1034 3885 possint
1060 3813 1380 3883 exprimere.
1433 3812 1545 3868 liae
1589 3814 1749 3870 etiam
1793 3813 1859 3868 de
1899 3830 2058 3869 causa

474 3906 728 3962 mirabilis
755 3905 1013 3978 propheta
1045 3903 1205 3959 David
1233 3919 1294 3959 ea
1315 3947 1330 3971 ,
1360 3918 1484 3976 qua:
1505 3903 1704 3960 Iudaeis
1729 3913 2054 3972 evenerant,

473 4000 609 4053 bona
635 4012 1083 4058 eonnnemorans,
1111 4010 1337 4066 eamque
1362 3995 1706 4066 voluptatem,
1729 4011 1831 4065 qua
1860 3994 2057 4065 perluat

469 4100 618 4143 erant
647 4129 663 4154 ,
694 4103 814 4140 cum
844 4085 1080 4157 [Egypto
1108 4084 1318 4139 liberati
1358 4094 1481 4138 sunt
1506 4121 1524 4144 .
1551 4085 1795 4140 dicebat:
1826 4084 1892 4139 In
1920 4086 2057 4140 exitu

472 4177 637 4232 Israel
661 4178 723 4230 de
748 4174 1000 4245 zEgypto,
1028 4173 1206 4227 domus
1233 4172 1392 4226 Jacob
1415 4173 1478 4225 de
1497 4174 1684 4241 populo
1709 4173 1940 4241 barbaro,
1969 4174 2054 4244 fa-

469 4278 553 4322 cta
589 4276 662 4321 est
697 4265 888 4319 ludam
922 4263 1255 4330 sanctiﬁcatio
1285 4264 1428 4334 ejus,
1469 4261 1638 4316 Israel
1674 4273 1892 4333 potestas
1921 4265 2049 4333 eius.

473 4358 619 4413 Mare
654 4355 777 4411 uidit
815 4365 860 4410 et
889 4355 1054 4428 fugit,
1085 4352 1331 4408 Jordanis
1367 4371 1631 4410 conversus
1655 4367 1725 4411 est
1752 4366 2048 4413 retrorsum.

472 4447 671 4504 Montes
708 4449 1080 4504 multaverunt
1123 4455 1176 4500 ιιι
1218 4447 1396 4501 arietes
1420 4488 1435 4510 ,
1480 4457 1527 4503 et
1569 4447 1723 4503 colles
1761 4449 1891 4504 sicut
1931 4451 2051 4522 agni

464 4541 650 4611 ouium,
675 4557 708 4594 a
732 4538 1086 4611 {acie-Domini
1113 4537 1294 4612 (Psal.
1323 4539 1445 4594 115.
1479 4539 1614 4610 1-6).
1641 4539 1753 4596 lloe
1781 4556 1908 4597 vero
1936 4542 2052 4598 nnl-
2093 4590 2095 4593 .

467 4634 550 4688 los
576 4633 818 4688 evenisst:
849 4647 1102 4701 umquam
1139 4630 1358 4686 audivit.
1391 4631 1524 4687 Nam
1567 4646 1716 4688 mare
1754 4633 1966 4703 quidem
1997 4643 2052 4690 et

464 4724 710 4780 Jordanis
737 4733 1032 4780 retrorsum
1062 4723 1152 4779 Dei
1176 4723 1329 4794 jussu
1356 4738 1609 4778 conversa
1637 4733 1764 4778 sunt
1794 4741 1808 4777 :
1841 4734 2049 4780 montes

461 4827 641 4874 autem
666 4825 721 4872 et
747 4816 914 4872 colles
940 4833 1044 4872 non
1070 4817 1501 4884 exsultaveruut,
1533 4816 1624 4872 sed
1643 4859 1656 4882 ,
1691 4827 1746 4872 ιιι
1767 4828 1890 4872 ante.
1912 4818 2043 4885 dixi,

459 4925 581 4964 cum
607 4924 870 4964 summam
892 4908 1214 4979 voluptatem
1239 4907 1395 4966 vellet
1416 4909 1734 4981 exprimere,
1753 4924 1815 4964 ac
1837 4912 2044 4966 relaxa-

463 5002 659 5057 tionem
689 5017 753 5057 ex
783 5000 1092 5072 Egyptiaca
1123 5000 1403 5058 vexatione
1431 5017 1550 5069 quae
1581 5000 1680 5056 illis
1708 5003 2042 5073 contigerat,

463 5110 548 5150 res
575 5095 734 5150 etiam
768 5095 1083 5149 inanimatas
1105 5093 1374 5149 exsultare
1403 5094 1633 5160 dicebat,
1665 5109 1727 5148 ac
1753 5095 2045 5166 tripudiare

459 5194 764 5257 propter-ea
807 5183 941 5239 bona
963 5226 976 5245 ,
1009 5200 1128 5256 quae
1159 5185 1260 5238 illis
1288 5186 1615 5240 obvenerant
1647 5202 1660 5239 :
1695 5186 2042 5254 quemadmo-

456 5279 582 5332 dum
600 5292 734 5330 eum
763 5274 913 5330 triste
939 5275 1206 5346 quidpiam
1241 5277 1483 5330 nuntiare
1507 5276 1752 5344 voluerit,
1779 5277 1918 5347 quod
1949 5294 2045 5331 no-

399 5369 404 5372 ⁴
455 5379 565 5423 stra
599 5368 752 5423 nobis
777 5377 990 5438 peccata
1019 5367 1342 5437 pepererunt,
1378 5367 1470 5432 ait,
1506 5367 1710 5439 Lugebit
1743 5370 1932 5435 viauia,
1963 5371 2043 5423 lu-

455 5459 584 5528 gebit
609 5469 653 5513 et
679 5459 790 5514 uitis
819 5459 837 5528 (
863 5456 1037 5512 Hesai.
1070 5457 1158 5512 24.
1187 5456 1217 5510 7
1239 5455 1260 5527 )
1287 5473 1301 5510 :
1335 5465 1389 5512 et
1413 5459 1560 5524 alibi,
1597 5457 1702 5513 Via:
1731 5461 1856 5515 Sion
1873 5463 2043 5532 lugent

459 5551 681 5620 (Tlu'en.
721 5550 1066 5621 1,4):sedet
1113 5547 1397 5620 laerymsri
1437 5564 1526 5604 res
1561 5564 1721 5606 sensu
1765 5550 2042 5608 destitutas

453 5646 548 5716 ait,
577 5645 712 5698 Muri
736 5645 857 5712 ﬁlia:
873 5643 998 5701 Sion
1023 5642 1250 5697 deducite
1284 5644 1569 5715 lacrgmas(
1595 5643 1780 5700 Thren.
1805 5645 1858 5699 '2.
1885 5646 1951 5702 18
1974 5647 1990 5714 )
2023 5664 2038 5700 :

516 5781 591 5841 (ul
626 5789 740 5834 cura:
763 5780 952 5827 uncinis
984 5777 1271 5829 clauduntur
1312 5781 1518 5830 deerant
1551 5781 1599 5828 in
1633 5779 1797 5841 Editis,
1833 5781 1920 5831 sed
1956 5782 2042 5833 ha-

455 5835 632 5891 bentu'
659 5844 705 5892 ξς
732 5850 835 5888 itas.
859 5849 910 5890 et
930 5854 954 5888 ι
982 5847 1220 5889 Frontone
1243 5849 1412 5890 Ducaeo
1435 5842 1562 5891 lecta
1580 5835 1711 5892 sunt.

1243 415 1297 469 S.
1343 410 1618 470 ,ΙΟᾹΝΝΙΒ
1655 406 2126 468 CllltYSOSTOMl
2169 408 2481 466 .\ltClllEl’.
2526 410 3056 467 CONSTANTIVUP.

3672 417 3693 471 ί
3706 415 3770 468 Gil

2193 518 2298 574 imo
2336 530 2389 576 et
2433 532 2627 578 terram
2673 525 2840 595 ipsam
2881 534 2935 580 et
2970 525 3206 580 Judaeum
3247 527 3429 598 lugere
3457 528 3584 584 dicit
3617 542 3770 600 atque

2187 614 2390 668 ebriam
2416 631 2535 670 esse
2577 618 2804 684 tristitia,
2836 634 2938 672 non
2961 619 3101 689 quod
3127 619 3241 674 tunc
3265 620 3530 678 elementa
3563 623 3618 678 id
3647 639 3768 681 sen-

2189 704 2352 772 tiant,
2399 705 2523 769 sed,
2555 718 2607 760 ιιι
2647 719 2769 762 ante
2794 708 2936 776 dixi,
2967 709 3342 779 prophetarum
3370 714 3775 794 unusquisque,

2184 794 2312 852 dum
2345 797 2579 853 iudicare
2608 800 2717 855 vult
2744 801 3010 871 ingentem
3042 802 3302 858 honorum
3329 807 3768 876 magnitudinem,

2181 903 2300 957 qnze
2351 888 2486 942 Deus
2534 890 2780 960 largitur,
2829 902 2884 946 et
2919 893 3344 963 suppliciorum,
3389 912 3510 967 qua;
3553 910 3770 970 propter

2182 979 2384 1034 srelera
2418 992 2598 1036 nostra
2634 984 2787 1039 nohis
2826 983 3150 1056 inlliguntur,
3183 987 3253 1040 ita
3300 987 3534 1058 loquitur
3562 1007 3577 1043 :
3610 1007 3768 1062 quam

2180 1069 2250 1124 ob
2295 1086 2510 1126 causam
2550 1073 2733 1128 beatus
2775 1075 2934 1129 etiam
2978 1075 3172 1132 Paulus
3212 1088 3511 1135 creaturam
3543 1080 3769 1151 ingemi-

2179 1171 2415 1217 seentem
2444 1179 2507 1218 ac
2543 1165 2810 1220 dolentem
2839 1167 3152 1234 introducit,
3181 1177 3240 1224 ut
3266 1170 3356 1225 Dei
3384 1171 3647 1228 donorum
3679 1191 3770 1229 ex-

2183 1253 2411 1320 primere
2437 1255 2602 1324 possit
2640 1257 3054 1327 magnitudinem
3075 1303 3088 1326 ,
3111 1275 3232 1332 qua:
3260 1277 3358 1316 nos
3389 1272 3509 1332 post
3532 1263 3670 1318 hanc
3697 1265 3770 1319 vi-

2183 1351 2287 1398 tam
2315 1344 2598 1414 excipient.
2959 1351 2980 1367 ”

2250 1437 2302 1489 '5.
2339 1435 2638 1507 Magnitudo
2667 1455 2832 1494 rerum
2875 1459 3000 1512 quas
3043 1443 3214 1513 adepti
3251 1462 3443 1500 sumus.
3473 1477 3545 1488 -—-
3572 1448 3765 1505 Verum

2180 1527 2293 1582 haec
2317 1531 2494 1584 omnia
2523 1542 2647 1585 sunt
2674 1532 2726 1586 iu
2756 1547 2885 1603 spe,
2911 1534 3051 1591 dicet
3079 1537 3342 1608 quispiam
3368 1556 3383 1592 :
3415 1541 3769 1610 pusillantmis

2177 1631 2353 1677 autem
2369 1639 2431 1677 ae
2450 1625 2611 1680 miser
2631 1625 2811 1695 homo,
2838 1643 2942 1682 noa
2961 1630 3030 1684 ita
3050 1629 3252 1701 pridem
3284 1631 3352 1686 ab
3372 1631 3670 1690 idololatria
3699 1637 3767 1690 lio

2180 1713 2392 1770 hei-atus
2417 1755 2433 1779 ,
2466 1732 2641 1785 neque
2669 1717 2794 1773 dum
2827 1720 3001 1775 sciens
3029 1721 3098 1776 de
3125 1721 3284 1776 rebus
3313 1722 3501 1780 futuris
3530 1725 3768 1796 philoso-

2180 1802 2328 1872 phari
2355 1845 2367 1867 ,
2399 1821 2503 1860 non
2543 1805 2828 1861 admodum
2859 1808 2941 1864 his
2970 1811 3308 1867 sermonibus
3336 1815 3641 1886 corrigitur,
3670 1818 3767 1873 sed

2179 1895 2232 1948 in
2261 1897 2506 1964 praesenti
2537 1906 2776 1969 tempore
2803 1901 3221 1957 consolationem
3252 1903 3482 1974 aliquam
3509 1914 3658 1977 optat
3683 1907 3768 1964 in-

2179 1990 2379 2044 venire.
2411 1989 2615 2046 Idcirco
2642 1990 2889 2046 nimirum
2916 2002 2969 2047 et
2995 1995 3210 2062 sapiens
3238 1995 3323 2050 hic
3352 1996 3624 2067 magister,
3650 2000 3768 2054 cui.

2176 2096 2278 2150 que
2305 2093 2426 2134 n0'a
2458 2091 2580 2136 sunt
2605 2083 2804 2149 omnia,
2838 2099 2941 2137 non
2973 2085 3130 2138 modo
3150 2102 3212 2139 ex
3243 2085 3394 2140 bonis
3422 2087 3611 2142 futuris
3630 2103 3765 2143 con-

2176 2174 2397 2238 solatur,
2431 2174 2524 2230 sed
2549 2191 2613 2230 ex
2640 2178 2987 2246 prmsentibns
3013 2180 3172 2232 etiam
3200 2180 3495 2236 commodis
3516 2181 3766 2237 cohorta-

2175 2273 2281 2321 tur.
2316 2269 2389 2321 Ac
2419 2268 2645 2338 primum
2687 2271 2899 2339 quidem
2927 2287 2987 2324 ea
3009 2313 3023 2334 ,
3056 2288 3174 2341 qua:
3199 2273 3307 2339 jam
3339 2273 3452 2326 orbi
3496 2281 3764 2329 terrarum

2173 2356 2499 2412 obvenerant
2522 2401 2536 2422 ,
2578 2359 2716 2414 bona
2747 2372 3166 2425 commemorat,
3197 2380 3314 2433 qtae
3353 2380 3459 2418 non
3501 2365 3552 2418 in
3585 2381 3680 2434 spe
3711 2377 3766 2422 et

2173 2464 2348 2519 exs-pe.
2371 2449 2567 2504 latione
2609 2452 2706 2506 sita
2747 2463 2898 2506 erant
2922 2493 2938 2518 ,
2969 2454 3062 2509 sed
3090 2455 3279 2523 quibus
3309 2457 3481 2524 reipsa
3507 2457 3763 2512 lruehan-

2175 2550 2259 2593 tnr
2288 2558 2300 2592 :
2332 2556 2451 2610 qtue
2481 2542 2811 2606 futurorum,
2845 2556 2896 2598 et
2925 2561 3110 2600 eorum
3155 2563 3274 2616 qme
3316 2557 3600 2614 Sperantur
3643 2565 3762 2602 ma-

2172 2630 2312 2684 xima
2333 2643 2410 2685 ρει
2434 2640 2488 2686 et
2511 2632 2907 2688 evidentissima
2931 2635 3316 2691 demonstratio
3340 2653 3352 2690 :
3375 2652 3602 2706 eumque
3624 2638 3763 2694 bene

2175 2720 2387 2790 longum
2412 2719 2479 2775 de
2508 2719 2610 2774 lide
2636 2736 2939 2777 sermonem
2965 2725 3238 2788 texuisset,
3263 2735 3422 2795 atque
3446 2727 3763 2795 patriarclue

2171 2811 2438 2864 Abraham
2462 2813 2784 2867 mentionem
2816 2812 3045 2878 fecisset,
3071 2815 3158 2884 qui
3191 2815 3315 2870 licet
3344 2817 3637 2873 reluctante
3668 2835 3762 2873 na-

2171 2911 2286 2958 tura
2327 2905 2558 2973 speravit
2591 2913 2766 2960 tamen
2803 2922 2861 2959 se
2891 2915 3094 2974 patrem
3125 2906 3402 2974 futurum,
3432 2913 3762 2979 exspectavit

2169 3003 2222 3048 et
2267 2991 2492 3048 eri-didit
2513 3036 2526 3057 ,
2558 3006 2885 3066 quapropter
2923 3008 2974 3051 et
3023 2999 3234 3052 tandem
3279 2997 3374 3052 fuit
3405 3019 3419 3055 :
3451 3000 3575 3055 inde
3602 3001 3760 3057 duc-ta

2168 3086 2446 3141 occasione
2469 3088 2796 3154 cohortatur,
2826 3099 2880 3143 ut
2907 3105 3189 3160 numquam
3209 3091 3273 3144 ad
3297 3092 3758 3148 ratiocinationum

2173 3178 2530 3234 inﬁrmitatem
2555 3180 2882 3247 delabamur,
2906 3183 2997 3236 sed
3027 3184 3233 3237 animos
3259 3195 3470 3240 nostros
3501 3187 3762 3253 magnitu.

2166 3272 2290 3326 dine
2306 3271 2422 3326 ﬁdei
2441 3272 2722 3341 erigamus,
2741 3274 3058 3331 attollamus.
3075 3284 3125 3328 et
3140 3275 3241 3329 alta
3259 3277 3524 3346 Sapiamns
3541 3295 3549 3302 ·
3565 3275 3764 3333 deinde

2168 3379 2344 3418 rermn
2364 3407 2376 3427 ,
2406 3379 2538 3435 quas
2566 3365 2742 3435 adepti
2767 3365 2875 3435 jam
2906 3381 3090 3421 sumus
3113 3408 3127 3430 ,
3165 3368 3392 3436 explicat
3423 3367 3759 3437 dignEtatem.

2165 3455 2416 3522 Quasnam
2450 3455 2533 3510 illa
2562 3471 2717 3524 porro
2739 3467 2816 3510 est
2843 3456 2867 3510 ?
2892 3456 3040 3524 Quod
3074 3457 3320 3511 nimirum
3349 3456 3537 3511 Filium
3564 3473 3714 3513 sunm
3741 3501 3756 3524 ,

2167 3549 2363 3618 inquit,
2397 3549 2722 3619 unigenitum
2743 3589 2758 3613 ,
2786 3548 3073 3618 genitinum
3096 3589 3112 3615 ,
3144 3548 3548 3603 dilectissimum
3569 3589 3585 3613 ,
3615 3549 3761 3604 hunc

2168 3641 2306 3694 Dens
2337 3657 2430 3708 pro
2461 3640 2612 3694 nobis
2641 3639 2916 3695 sceleratis
2949 3639 3117 3693 servis
3151 3637 3336 3702 dedit,
3369 3649 3420 3692 et
3462 3639 3758 3694 innumeris

2167 3734 2396 3801 [weeatis
2425 3741 2672 3800 gravatos
2694 3771 2709 3793 ,
2744 3730 3008 3801 t:mti~qne
3036 3730 3346 3784 delictorum
3373 3731 3623 3784 onerilms
3651 3745 3758 3798 0p-

2167 3837 2379 3891 pressos
2408 3839 2512 3876 non
2541 3837 2570 3874 a
2602 3821 2832 3892 peccatis
2857 3823 3030 3875 solum
3059 3820 3338 3886 liberavit,
3372 3821 3466 3876 sed
3497 3832 3550 3876 et
3575 3821 3755 3893 justus

2165 3912 2337 3968 ellecit
2362 3955 2375 3974 ,
2405 3911 2533 3966 nihil
2561 3928 2726 3982 grave
2756 3911 3028 3981 imperans
3056 3922 3146 3965 aut
3171 3911 3490 3965 laboriosum
3521 3921 3610 3966 aut
3634 3928 3727 3966 mo

2162 4004 2390 4068 lestnm,
2436 4000 2530 4057 sed
2571 4002 2726 4057 tidem
2775 4017 2804 4055 a
2850 4001 3004 4056 nobis
3046 4010 3246 4055 tantmn
3279 4001 3554 4069 requirens
3575 4001 3751 4071 justos

2161 4095 2410 4160 reddidit,
2440 4103 2652 4148 sanctos
2680 4093 2874 4159 ellecit,
2906 4094 2955 4148 in
2989 4093 3083 4148 Dei
3112 4093 3247 4148 lilios
3273 4094 3564 4164 adoptavit,
3589 4095 3746 4150 here.

2161 4184 2257 4239 des
2288 4183 2434 4253 regni
2466 4183 2692 4238 instituit
2719 4225 2733 4249 ,
2768 4183 3032 4254 Unigeniti
3062 4183 3355 4250 coheredes
3383 4187 3705 4242 renuntiavit
3729 4227 3746 4252 ,

2162 4275 2606 4328 resin-rectionem
2638 4273 2915 4344 promisit,
2946 4289 3229 4344 corporum
3258 4274 3745 4346 ineorruptionem,

2157 4365 2516 4420 conditionem
2546 4373 2601 4420 et
2625 4373 2823 4421 sortem
2855 4365 3096 4422 eamdem
3123 4383 3243 4421 cum
3270 4369 3492 4437 angelis,
3520 4383 3638 4439 qua:
3659 4384 3748 4422 ra-

2159 4460 2355 4512 tionem
2384 4473 2597 4512 onmem
2627 4472 2691 4513 ac
2724 4467 2960 4513 mentem
2994 4467 3317 4528 exsuperat,
3361 4457 3743 4516 habitationem

2158 4551 2209 4605 in
2237 4551 2417 4616 earlis,
2447 4554 2904 4606 conversationem
2935 4565 3054 4606 cum
3086 4551 3202 4619 ipso
3224 4593 3239 4617 ,
3270 4566 3332 4606 ac
3361 4551 3592 4621 Spiritus
3617 4569 3742 4607 sau-

2155 4645 2224 4698 eti
2255 4646 2477 4712 gratiam
2503 4643 2612 4712 jam
2640 4643 2765 4698 inde
2792 4644 2945 4698 nobis
2973 4643 3178 4708 ell'udit,
3209 4659 3239 4698 a
3268 4644 3466 4699 diaboli
3497 4660 3596 4700 nos
3624 4661 3744 4714 pos-

2155 4738 2394 4790 sessione
2425 4735 2685 4796 liberavit,
2719 4751 2814 4789 nos
2840 4751 2868 4790 a
2899 4736 3197 4790 da-monmn
3227 4737 3482 4792 servitute
3509 4738 3743 4793 vindiea-

2157 4827 2248 4890 vit,
2281 4837 2553 4896 peccatum
2581 4827 2862 4892 destruxit,
2890 4828 3318 4883 maledictionem
3346 4829 3578 4890 sustulit.
3611 4830 3744 4884 inl’e-

2154 4934 2332 4973 rorum
2365 4930 2544 4987 portas
2571 4919 2833 4989 confregit
2854 4960 2870 4984 ,
2901 4919 3203 4988 paradisum
3233 4921 3436 4988 aperuit
3463 4962 3479 4986 ,
3512 4937 3616 4975 non
3647 4937 3747 4975 an-

2151 5014 2348 5082 gelum,
2381 5029 2485 5066 non
2512 5010 2914 5082 archangelum,
2945 5011 3037 5067 sed
3071 5013 3243 5081 ipsum
3271 5011 3612 5084 Unigenitum
3648 5030 3745 5084 pro

2151 5104 2322 5158 salute
2352 5111 2528 5157 nostra
2559 5103 2722 5169 misit,
2751 5103 2890 5157 sicut
2914 5117 3009 5174 per
3037 5103 3352 5176 prophetam
3385 5106 3587 5176 inquit,
3621 5105 3743 5160 Non

2151 5196 2360 5264 legatus,
2393 5211 2550 5264 neque
2574 5195 2805 5265 angelus,
2833 5195 2921 5248 sed
2949 5196 3058 5265 ipse
3083 5194 3332 5251 Dominus
3355 5199 3522 5252 salvos
3551 5215 3642 5251 nos
3672 5199 3747 5266 fr-

2149 5289 2213 5339 cit
2244 5285 2446 5354 (Hesai.
2473 5287 2560 5340 (53.
2589 5285 2664 5355 9).
2712 5286 2836 5340 Hmc
2876 5303 3052 5342 nonne
3089 5289 3354 5341 sexcentis
3379 5289 3742 5355 splendidiora

2149 5387 2273 5432 sunt
2289 5376 2534 5432 coronis?
2556 5376 2695 5446 quod
2710 5377 3020 5432 sanetilicati
3043 5378 3262 5432 sumus?
3277 5379 3416 5448 quod
3431 5379 3656 5448 iustitio:
3672 5378 3746 5432 ti?

2150 5468 2289 5538 quod
2332 5484 2423 5537 per
2453 5468 2652 5522 tidem?
2680 5467 2819 5538 quod
2864 5469 3139 5537 nuigenito
3171 5468 3261 5523 Dei
3293 5469 3430 5524 Filio
3460 5483 3556 5538 pro
3587 5469 3746 5523 nobis

2150 5561 2548 5615 descendente?
2577 5560 2714 5629 quod
2759 5560 2912 5615 Patre
2943 5560 3130 5614 Filium
3153 5577 3305 5614 suum
3333 5560 3742 5616 dilectissimum

2153 5664 2368 5724 propter
2396 5669 2492 5708 nos
2522 5655 2762 5708 tradente
2785 5653 2810 5706 'l
2833 5653 2974 5724 quod
3013 5655 3266 5724 Spiritum
3308 5665 3549 5708 s:mctmn
3583 5669 3741 5708 acce-

2153 5732 2370 5816 pimus?
2394 5745 2533 5815 quod
2559 5761 2678 5801 cum
2709 5746 2852 5799 ιιιιιιιί
2881 5745 3131 5800 l'aeihtate
3153 5748 3176 5799 ἶ)
3202 5746 3342 5815 quod
3371 5745 3585 5815 etqiiosa
3613 5760 3732 5815 gra-

2155 5839 2223 5894 tia
2263 5837 2507 5908 donoque
2549 5836 2695 5905 potiti
2741 5837 2964 5892 sumus?
2993 5836 3086 5892 llis
3134 5836 3308 5906 itaque
3349 5836 3502 5892 dietis
3531 5845 3730 5890 etcum
