4060 6252
334 380 430 436 161

332 495 514 565 paucis
539 492 717 549 verbis
745 493 919 547 omnia
945 490 1291 557 declarasset,
1326 505 1509 544 rursus
1536 502 1924 544 commemora-

334 589 479 643 tione
504 585 619 652 spei
650 599 952 638 sermonem
983 582 1175 636 finivit.
1205 582 1337 635 Cum
1366 580 1509 635 enim
1536 578 1759 637 dixisset
1780 620 1793 639 .
1819 576 1920 630 Ju-

332 674 537 743 sliﬁcati
560 676 713 744 igitur
737 689 802 726 ea:
829 674 929 741 ﬁde
956 688 1129 742 pacem
1156 671 1393 725 habemus
1418 670 1486 723 ad
1516 669 1677 722 Deum
1704 686 1791 739 per
1816 668 1922 721 Do-

334 768 521 819 minum
552 776 774 818 nostrum
790 763 823 816 ,Ι
830 781 968 817 esum
994 764 1269 827 Christum,
1295 777 1383 832 per
1408 778 1556 832 quem
1582 769 1628 814 et
1657 760 1924 813 habuimus

332 870 591 909 accessum
621 871 710 923 per
737 854 889 922 ﬁdem
915 854 969 907 in
994 853 1231 923 gratiam,
1260 854 1314 904 in
1343 868 1441 921 qua
1465 861 1677 913 stamus,
1707 849 1920 919 adjecit,

337 947 399 1000 Et
419 946 700 1017 gloriamur
714 948 764 999 in
780 962 870 1014 spe
883 946 1061 1016 gloria!
1075 945 1171 999 Dei
1186 944 1363 1013 (Rom.
1385 945 1438 997 5.
1464 944 1513 997 1.
1536 943 1613 1013 2).
1639 943 1922 1011 Postquam

335 1040 492 1107 igitur
505 1037 637 1091 dixit
657 1038 844 1106 partim
863 1053 978 1104 qua:
990 1036 1098 1105 jam
1113 1043 1419 1097 evenerant,
1434 1034 1622 1103 partim
1640 1049 1756 1101 quae
1773 1048 1928 1088 even-

334 1137 448 1182 tura
468 1139 623 1182 erant
646 1146 661 1181 :
689 1143 809 1180 nam
835 1125 978 1196 quod
997 1127 1265 1194 iustificati
1282 1124 1494 1195 quidem
1514 1140 1697 1179 sumus
1714 1164 1729 1189 ,
1752 1123 1922 1194 quod-

331 1234 435 1288 que
462 1234 560 1288 pro
585 1218 738 1272 nobis
762 1229 813 1271 et
833 1218 1136 1271 immolatus
1156 1228 1234 1271 est
1252 1217 1439 1282 Filius,
1462 1226 1516 1272 et
1533 1216 1673 1286 quod
1697 1231 1788 1285 per
1802 1230 1923 1270 eum

332 1324 605 1364 accessum
633 1309 700 1361 ad
732 1308 939 1363 Patrem
967 1307 1311 1369 obtinuimus.
1334 1306 1477 1376 quod
1503 1306 1727 1377 gratiam
1757 1314 1811 1361 et
1830 1305 1928 1360 do-

334 1415 458 1454 num
474 1399 655 1469 adepti
676 1412 879 1460 smnus,
894 1397 1033 1467 quod
1052 1414 1081 1452 a
1095 1399 1325 1467 peccatis
1343 1398 1551 1453 liberati
1563 1411 1768 1457 sumus,
1784 1396 1925 1467 quod

331 1490 397 1544 ad
426 1492 591 1545 Deum
619 1506 802 1559 pacem
830 1489 1104 1556 habemus,
1132 1499 1185 1544 et
1204 1488 1431 1558 Spiritus
1456 1489 1625 1544 sancti
1643 1489 1927 1558 participes

333 1582 547 1647 fuimus,
573 1583 684 1636 haec
707 1580 857 1636 exiis
874 1589 997 1634 sunt
1020 1596 1138 1650 qum
1151 1580 1261 1650 jam
1289 1564 1622 1635 evenerunt:
1653 1595 1772 1651 qua:
1798 1595 1927 1635 vero

331 1684 453 1729 sunt
475 1684 751 1740 eventura,
771 1674 937 1744 gloria
961 1674 1209 1729 nimirum
1233 1682 1316 1729 est
1337 1674 1429 1728 illa
1450 1673 1753 1738 inetiabilis,
1784 1673 1925 1744 quod

331 1770 503 1835 ipsum
529 1768 687 1820 etiam
713 1764 907 1835 adjecit
933 1764 1116 1819 dicens
1147 1782 1159 1818 :
1186 1763 1253 1819 In
1280 1781 1381 1826 qua
1409 1774 1621 1829 stamus,
1648 1774 1697 1819 et
1726 1766 1921 1835 gloria-

330 1875 444 1911 mur
483 1858 536 1912 in
575 1874 665 1922 spe
702 1855 882 1928 gloria:
924 1856 1017 1909 Dei
1050 1855 1239 1927 (Rom.
1272 1857 1325 1910 5.
1350 1855 1419 1925 2)
1447 1874 1460 1909 ;
1492 1870 1653 1925 porro
1678 1868 1836 1925 spes,
1869 1862 1927 1909 ut

330 1958 457 2004 ante
484 1948 629 2012 dixi,
662 1946 728 2001 ad
761 1947 1150 2017 pusillanimem
1193 1946 1492 2000 auditorem
1533 1945 1842 2013 erigendum
1872 1953 1926 1998 ct

330 2037 666 2093 excitandum
696 2051 801 2091 non
831 2036 1115 2091 admodum
1137 2043 1220 2090 est
1251 2035 1437 2089 idonea
1465 2034 1621 2089 :vide
1646 2032 1772 2103 quid
1802 2048 1923 2086 rur-

331 2143 424 2183 sus
469 2127 661 2193 faciat,
703 2135 756 2181 et
797 2124 1148 2181 constantiam
1180 2124 1328 2179 Pauli
1356 2123 1632 2179 considera
1664 2137 1726 2177 ac
1754 2121 1927 2193 philo-

330 2219 606 2289 sophicam
636 2227 891 2273 mentem.
922 2218 996 2271 Ex
1028 2217 1131 2271 illis
1157 2217 1298 2272 enim
1328 2216 1480 2286 ipsis,
1508 2232 1626 2286 qua:
1659 2215 1923 2271 tristitiam

330 2320 422 2364 aut
449 2309 902 2378 perturbationem
943 2309 1137 2363 all‘erre
1164 2308 1479 2363 videbantur
1499 2349 1514 2372 ,
1542 2316 1597 2363 et
1624 2308 1921 2363 auditorem

333 2403 586 2463 turbare,
629 2417 693 2455 ex
738 2401 820 2454 his
852 2399 1234 2454 consolationis
1258 2409 1313 2453 et
1340 2399 1670 2467 gloriationis
1696 2412 1923 2453 coronas

331 2495 591 2550 contexit.
626 2493 717 2547 llis
746 2494 888 2545 enim
920 2492 1168 2546 omnibus
1194 2491 1523 2545 enumeratis
1549 2490 1803 2557 deinceps
1830 2488 1925 2542 atl-

327 2587 443 2654 jicit
465 2584 653 2639 dicens
686 2601 699 2636 :
743 2582 859 2638 Non
900 2583 1073 2636 solum
1115 2582 1230 2635 haec
1267 2582 1389 2644 aio,
1429 2596 1550 2650 qua:
1591 2594 1731 2634 nunc
1773 2578 1922 2643 dixi,

328 2678 468 2746 quod
510 2677 759 2729 nimirum
800 2673 1113 2728 sanctificati
1153 2686 1376 2736 smnus,
1419 2670 1563 2741 quod
1603 2669 1877 2740 justiﬁcati
1907 2710 1922 2735 ,

330 2765 472 2835 quod
505 2782 598 2835 per
623 2763 992 2834 Unigenitum,
1016 2762 1159 2833 quod
1183 2763 1352 2832 gratia
1375 2762 1522 2830 potiti
1551 2775 1755 2824 sumus,
1783 2760 1925 2829 quod

333 2872 484 2927 pace,
511 2856 651 2926 quod
681 2856 846 2920 dono,
878 2855 1020 2923 quod
1051 2852 1364 2908 remiSsione
1391 2859 1754 2920 peccatorum,
1777 2849 1919 2918 quod

332 2946 815 3001 communicatione
853 2945 1083 3013 Spiritus
1122 2957 1233 2996 sant
1252 2946 1288 2996 ti
1310 2981 1325 3006 ,
1355 2940 1494 3010 quod
1525 2941 1670 2993 omni
1697 2955 1817 2994 cum
1850 2939 1927 2992 fa-

333 3038 565 3097 cilitate,
602 3035 743 3105 quod
783 3035 984 3103 absque
1025 3033 1207 3087 labore
1231 3073 1246 3097 ,
1285 3032 1485 3099 absque
1523 3030 1717 3084 sudore
1739 3068 1755 3095 ,
1781 3029 1924 3099 quod

333 3128 446 3182 sola
476 3126 580 3181 fide
598 3167 614 3192 ,
641 3126 784 3195 quod
816 3125 1006 3179 Filium
1034 3122 1178 3177 misit
1202 3121 1527 3191 unigenitum
1553 3161 1568 3187 ,
1596 3119 1737 3189 quod
1765 3135 1926 3174 unum

334 3219 548 3289 quidem
581 3218 802 3287 largitus
826 3227 907 3271 est
928 3257 945 3283 ,
970 3216 1199 3272 alterum
1224 3230 1352 3268 vero
1380 3214 1655 3282 promisit,
1686 3211 1927 3267 ineffabi-

337 3312 438 3365 lem
462 3309 712 3379 gloriam,
738 3307 1216 3371 immortalitatem,
1252 3305 1703 3360 resurrectionem
1728 3318 1925 3372 corpo-

337 3418 452 3457 rum
477 3443 493 3468 ,
523 3400 886 3456 conditionem
912 3407 968 3454 et
993 3407 1192 3453 sortem
1224 3397 1519 3467 angelicam
1544 3437 1558 3460 ,
1584 3394 1929 3450 consuetudi-

341 3513 459 3551 nem
488 3511 612 3549 cum
640 3492 852 3548 Christo
875 3531 891 3557 ,
921 3490 1304 3545 habitationem
1335 3489 1387 3541 in
1416 3487 1563 3541 caelis
1592 3504 1605 3539 :
1640 3486 1757 3540 haec
1783 3485 1927 3539 enim

339 3589 517 3642 omnia
544 3586 721 3641 verbis
746 3584 848 3638 illis
868 3583 1178 3652 complexus
1198 3588 1302 3646 est,
1324 3578 1614 3634 Gloriamur
1632 3578 1683 3632 in
1708 3594 1798 3649 spe
1817 3578 1929 3649 glo-

338 3680 430 3733 ria
460 3677 556 3733 Dei
586 3677 605 3747 (
630 3677 779 3731 llam.
805 3676 858 3730 5.
891 3674 927 3739 2
947 3676 987 3743 ).

408 3768 549 3839 Ipsa:
567 3768 854 3839 afﬂictiones
876 3775 992 3819 sunt
1021 3764 1209 3818 laztitiaz
1238 3762 1542 3816 occasiones.
1573 3788 1647 3799 —-
1668 3758 1784 3814 Non
1806 3758 1922 3813 lucc

341 3863 497 3934 igitur
525 3862 697 3915 solum
724 3859 867 3923 dicit,
898 3872 1018 3927 qua:
1053 3855 1413 3925 contigerunt,
1437 3862 1491 3906 et
1518 3868 1639 3921 qua:
1681 3859 1806 3906 sunt
1841 3849 1928 3904 fu-

342 3966 457 4010 tura
487 3971 502 4007 :
529 3952 624 4007 sed
653 3965 715 4007 ea
743 3963 954 4019 quoque
978 3948 1112 4017 ipsa,
1136 3961 1255 4015 qua:
1276 3946 1413 3999 inter
1429 3944 1673 3998 homines
1698 3941 1919 3995 molesta

340 4051 643 4111 censentur;
692 4040 972 4096 tribunalia
1018 4038 1303 4101 nimirum,
1353 4050 1636 4100 carceres,
1684 4041 1920 4099 mortes,

342 4137 533 4199 minas,
555 4132 772 4196 famem,
797 4138 1080 4195 tormenta,
1097 4127 1412 4198 sartagines,
1437 4129 1699 4187 loruaces,
1722 4123 1928 4191 depraa-

340 4228 633 4288 dationetn,
684 4224 843 4289 bella,
886 4220 1328 4291 oppugnationes,
1359 4230 1580 4287 pugnas,
1606 4214 1931 4280 seditiones,

341 4318 735 4381 contentiones,
765 4317 879 4368 haec
918 4326 1129 4383 quoque
1169 4310 1333 4364 refert
1362 4309 1412 4363 in
1443 4322 1723 4360 nutnerutn
1764 4304 1933 4360 dono-

344 4425 463 4464 rum
491 4424 555 4463 ac
584 4417 726 4463 recte
753 4404 1031 4459 factorum.
1063 4400 1178 4455 Non
1215 4399 1356 4453 enim
1385 4398 1453 4451 ob
1476 4397 1561 4450 illa
1590 4396 1785 4461 solum,
1814 4408 1933 4463 quae

342 4501 483 4555 dicta
528 4504 675 4563 sunt,
719 4494 1005 4550 hctandum
1049 4500 1131 4547 est
1166 4500 1323 4559 atque
1364 4485 1722 4557 gaudendum,
1753 4484 1847 4538 sed
1879 4483 1932 4537 in

346 4594 429 4648 his
474 4592 634 4645 etiam
673 4586 1034 4659 gloriandum,
1082 4595 1138 4637 ut
1178 4597 1297 4637 cum
1339 4582 1433 4639 ait.
1468 4578 1622 4632 Nunc
1663 4577 1857 4648 gaudeo
1882 4578 1934 4630 in

346 4684 662 4755 passionibus
709 4682 832 4735 meis
865 4697 956 4749 pro
999 4677 1156 4743 vobis,
1179 4685 1223 4729 et
1251 4675 1505 4743 adimplco
1524 4689 1583 4725 ea
1607 4686 1721 4735 quat
1757 4671 1936 4724 desunt

346 4778 639 4847 passionum
665 4772 849 4829 Christi
873 4773 924 4824 in
950 4787 1100 4824 carne
1120 4784 1229 4822 mea
1256 4765 1392 4837 (Col.
1418 4767 1468 4818 l.
1492 4764 1605 4833 9.4).
1634 4762 1790 4817 Vides
1819 4762 1935 4815 ani-

348 4884 488 4921 mam
516 4867 731 4929 fortem,
762 4872 994 4917 mentem
1023 4860 1330 4920 sublimem,
1361 4856 1605 4925 spiritum
1656 4854 1933 4918 invictum,

347 4958 436 5027 qui
477 4973 584 5012 non
616 4956 687 5010 ob
715 4968 946 5009 coronas
987 4961 1189 5005 tantum
1238 4950 1513 5019 gloriatur,
1548 4946 1644 5001 sed
1680 4957 1733 5000 ct
1762 4955 1935 4999 certa-

348 5051 581 5105 minibus
609 5049 738 5118 ipsis
766 5045 1098 5102 oblectatur?
1124 5059 1227 5098 non
1257 5043 1427 5095 solum
1456 5041 1525 5093 ob
1556 5038 1771 5107 praemia
1809 5052 1940 5107 gau—

346 5140 456 5201 det,
491 5139 587 5194 sed
612 5140 663 5193 in
692 5138 846 5192 luctis
876 5139 1033 5191 etiam
1062 5134 1333 5189 exsultat?
1364 5146 1467 5184 non
1516 5128 1674 5182 modo
1719 5137 1936 5197 propter

349 5232 729 5288 retributiones
750 5231 976 5294 ltetatur,
995 5227 1088 5282 sed
1114 5234 1171 5280 et
1196 5226 1309 5294 ipso
1340 5222 1613 5292 pancratio
1639 5216 1940 5289 gloriatur?

350 5324 424 5379 Ne
447 5323 576 5378 mihi
614 5321 756 5377 enim
804 5335 1025 5389 regnum
1066 5316 1319 5369 cailorum
1358 5323 1738 5373 commemora,
1770 5322 1941 5376 neque

348 5431 572 5471 coronas
589 5414 705 5469 illas
722 5407 1319 5469 immarcescihiles,nec
1338 5398 1674 5472 praemia,sed
1695 5413 1780 5451 res
1803 5398 1942 5466 ipsas

348 5516 662 5576 pnesetttes,
682 5505 733 5557 in
750 5502 942 5573 quibus
960 5499 1122 5553 multa
1141 5498 1274 5549 inest
1293 5494 1528 5555 al'llictio,
1548 5491 1694 5543 labor
1717 5530 1729 5550 ,
1751 5496 1806 5542 et
1837 5502 1944 5540 mo-

348 5598 501 5653 lestia
518 5595 746 5667 plurima
764 5608 777 5644 :
797 5592 911 5646 haec
930 5588 1104 5657 profer
1117 5587 1167 5639 in
1184 5583 1441 5645 medium,
1474 5590 1530 5635 et
1556 5577 1839 5633 ostendere
1858 5589 1943 5645 po-

347 5702 463 5745 tero
484 5697 707 5758 propter
725 5685 823 5739 ista
854 5682 1020 5736 multo
1052 5678 1279 5748 amplius
1304 5690 1424 5730 esse
1443 5669 1794 5743 gloriandum.
1811 5667 1941 5721 Nam

344 5788 395 5840 in
415 5780 650 5853 pml‘anis
668 5774 879 5845 quidem
899 5771 1151 5844 agoaibus
1164 5768 1397 5825 laborem
1416 5762 1609 5819 habent
1628 5758 1938 5823 certamina,

1401 377 1488 431 DE
1526 374 1779 431 GLOBIA
1822 374 1885 429 IN
1923 374 2561 435 TRlBULA'l‘lONlBUS.

3516 382 3616 437 (ιτς

2031 502 2242 542 coronae
2258 498 2457 555 autem,
2488 491 2807 559 voluptatem
2836 490 2955 546 :hic
2979 507 3104 547 vero
3131 507 3235 547 non
3259 493 3359 562 ita;
3382 495 3475 549 sed
3492 510 3627 551 ante-

2028 593 2255 634 coronas
2281 581 2394 650 ipsa
2429 582 2717 636 certamina
2755 584 2975 638 multam
3016 587 3353 640 occasionem
3390 586 3618 643 all‘erunt

2028 670 2307 740 gloriandi.
2333 671 2505 740 Atque
2522 681 2577 724 ut
2600 673 2709 726 Inec
2732 673 2800 727 ita
2818 690 2877 727 se
2890 672 3085 729 habere
3104 676 3618 746 intelligatis,unum-

2029 778 2294 833 quemque
2318 774 2620 817 sanctorum
2654 780 2745 833 per
2774 766 3011 836 singulas
3043 769 3420 837 generationes
3442 772 3617 825 consi-

2029 853 2229 917 derate,
2250 864 2308 906 ut
2328 854 2497 923 inquit
2520 855 2627 921 ille,
2662 856 2961 927 Exemplum
2983 861 3215 929 accipite,
3246 861 3448 929 fratres,
3477 862 3617 917 labo-

2029 943 2099 996 ris
2120 955 2163 996 et
2186 944 2457 1013 patientur,
2491 947 2780 1014 praphctas,
2808 948 2895 1017 qui
2933 948 3128 1017 loquuti
3169 960 3285 1003 sunt
3330 950 3532 1005 verbum
3558 954 3612 1006 in

2029 1034 2232 1087 nomine
2270 1033 2477 1087 Domini
2508 1036 2644 1105 (Jac.
2678 1038 2727 1091 5.
2757 1038 2869 1106 10).
2914 1039 3215 1105 Quinetiam
3257 1041 3342 1096 hic
3378 1042 3490 1111 ipse
3524 1046 3618 1113 qui

2031 1125 2306 1179 nobishoc
2330 1136 2601 1181 certamen
2626 1130 2919 1197 proposuit,
2950 1140 3016 1196 et,
3035 1131 3134 1186 hoc
3163 1134 3438 1201 spirituale
3467 1135 3617 1189 thes~

2032 1226 2167 1269 trum
2192 1220 2523 1284 convocavit,
2554 1219 2770 1287 Paulus,
2797 1221 3033 1291 inquam,
3066 1235 3343 1294 postquam
3371 1228 3616 1283 innume-

2031 1320 2116 1360 ras
2145 1306 2473 1376 singulorum
2497 1320 2800 1364 sanctorum
2830 1311 3145 1367 aliIn-tiones
3174 1317 3456 1377 recensuit,
3486 1332 3620 1386 quas

2032 1414 2202 1467 neque
2229 1415 2371 1454 nunc
2407 1402 2650 1471 persequi
2682 1404 3014 1457 numerando
3042 1404 3196 1459 facile
3227 1406 3405 1472 fuerit,
3431 1408 3583 1477 atljus

2029 1489 2103 1556 git
2129 1488 2313 1544 dicens
2337 1506 2351 1543 :
2375 1489 2692 1545 Οἰταίων-νηί
2717 1492 2769 1561 in
2794 1491 3009 1556 melotis,
3036 1495 3090 1547 in
3118 1496 3332 1563 pellibus
3367 1501 3594 1567 caprinis

2030 1589 2258 1648 egentes,
2303 1581 2577 1649 angustiati
2599 1621 2614 1644 ,
2654 1582 2822 1651 amicti
2860 1597 2879 1636 :
2914 1584 3091 1651 quibus
3128 1586 3312 1655 dignus
3362 1605 3474 1643 non.
3504 1600 3613 1643 erat

2033 1667 2286 1721 mundus1
2317 1666 2503 1735 (Hebr.
2536 1670 2623 1724 Η.
2653 1672 2743 1725 37.
2770 1671 2880 1741 58).
2918 1682 2972 1726 et
3013 1682 3188 1726 tamen
3242 1685 3459 1744 propter
3507 1678 3619 1733 lnec

2029 1759 2208 1812 omnia
2246 1760 2579 1814 laetabantur.
2611 1762 2721 1815 lloc
2770 1777 2896 1816 vero
2935 1778 3155 1819 cernere
3201 1767 3375 1835 quivis
3414 1779 3615 1837 potest,

2028 1850 2241 1920 quando
2279 1861 2395 1920 post
2419 1867 2713 1919 carcerem,
2741 1862 2795 1908 et
2825 1855 3014 1922 probra
3038 1857 3162 1910 caesi
3190 1857 3502 1912 verberibus
3522 1860 3619 1928 eji-

2030 1944 2304 1998 ciebantur
2337 1961 2350 1998 :
2380 1945 2506 2015 quid
2542 1946 2647 1999 ait?
2698 1945 2761 1998 Et
2801 1946 2879 2000 illi
2920 1948 3125 2016 quidem
3163 1948 3302 2001 ibant
3344 1952 3618 2019 gaudentes

2028 2052 2058 2087 a
2080 2046 2347 2105 conspectu
2390 2037 2605 2100 consilii,
2636 2038 2873 2106 quoniam
2915 2038 3057 2109 digni
3079 2040 3236 2093 habiti
3256 2051 3369 2093 sunt
3398 2058 3489 2111 pro
3518 2059 3613 2095 no-

2031 2128 2164 2180 mine
2181 2125 2216 2179 J
2222 2143 2307 2180 esu
2336 2129 2691 2181 contumeliam
2718 2131 2823 2198 pati
2869 2130 3004 2195 (Act.
3037 2131 3091 2184 5.
3116 2132 3229 2201 41).

2099 2221 2153 2272 4.
2182 2216 2471 2288 Martyrum
2513 2219 2710 2289 egregia
2750 2221 3044 2273 certamina.
3078 2220 3276 2274 Paulus
3308 2222 3618 2278 dwmonibus

2029 2310 2263 2363 terribilis
2288 2309 2341 2362 in
2366 2309 3009 2380 aﬂlictionibus.—Verutn
3039 2314 3183 2366 enim
3227 2327 3352 2366 vero
3394 2314 3505 2367 hanc
3526 2330 3622 2367 no-

2028 2412 2138 2457 stra
2168 2402 2325 2456 etiatn
2349 2410 2505 2455 natale
2533 2401 2899 2470 centigerunt;
2926 2418 2987 2455 ac
3010 2404 3053 2455 si
3076 2402 3220 2465 velit,
3241 2403 3619 2473 cegitetquivis

2028 2507 2088 2546 ea
2110 2507 2229 2561 quae
2267 2491 2407 2555 dico,
2437 2491 2610 2558 qualia
2634 2501 2872 2561 tempore
2908 2494 3377 2561 persequutionum
3413 2494 3621 2547 accide-

2030 2584 2154 2636 rint.
2190 2582 2585 2652 lngrediebatur
2611 2584 2759 2651 virgo
2785 2592 2964 2637 tenera
2996 2595 3050 2636 et
3082 2583 3319 2652 innupta,
3341 2599 3459 2637 cera
3484 2600 3620 2651 qua-

2032 2675 2108 2728 vis
2136 2675 2348 2728 mollius
2395 2673 2593 2727 habens
2635 2689 2849 2741 corpus,
2883 2683 2991 2726 tum
3022 2672 3178 2727 afﬁxa
3208 2675 3438 2742 cquuleo
3467 2674 3619 2729 dera-

2028 2766 2101 2819 sis
2133 2765 2385 2819 lateribus
2431 2763 2846 2833 perfodiebatur,
2875 2773 2929 2817 et
2955 2764 3214 2833 sanguine
3245 2773 3352 2817 tota
3404 2764 3612 2832 perfusa

2030 2865 2174 2921 erat;
2202 2865 2258 2910 at
2285 2857 2506 2925 perinde
2544 2857 2694 2923 quasi
2719 2870 2915 2926 sponsa
2947 2864 3090 2910 esset
3121 2856 3315 2923 potius,
3343 2864 3396 2909 et
3424 2857 3475 2908 in
3500 2856 3619 2908 tha-

2033 2948 2172 2999 lamo
2202 2947 2435 3010 sederet,
2466 2946 2537 2999 ita
2566 2946 2793 3001 libenter
2820 2961 2881 3000 ea
2913 2961 3032 3016 qua:
3080 2945 3277 3000 fiebant
3305 2945 3374 2999 ob
3398 2960 3622 3015 regnum

2029 3040 2281 3093 caalurutn
2329 3036 2647 3107 perferebat,
2674 3037 2725 3090 in
2774 3036 2902 3106 ipsis
2946 3036 3325 3090 certaminibus
3366 3051 3620 3091 coronam

2032 3132 2350 3202 percipiens.
2378 3131 2563 3201 Cogita
2593 3131 2747 3199 quale
2776 3133 3136 3199 spectaculum
3168 3140 3311 3187 esset
3338 3140 3620 3200 tyrannum

2029 3238 2252 3279 cernere
2289 3237 2409 3275 cum
2436 3221 2547 3276 suis
2584 3221 2927 3284 exercitibus,
2955 3237 3075 3276 cum
3115 3220 3431 3275 acuminatis
3473 3220 3621 3275 ensi-

2033 3315 2152 3377 bus,
2185 3328 2305 3368 cum
2336 3323 2411 3367 tot
2441 3313 2624 3379 armis,
2656 3328 2775 3381 quze
2802 3312 2871 3366 ab
2897 3328 3002 3367 una
3031 3312 3203 3382 puella
3247 3312 3619 3366 vincebantur.

2034 3405 2192 3460 Vides
2235 3409 2401 3473 ipsam
2440 3404 2602 3457 etiam
2648 3402 2988 3457 afﬂictiouem
3012 3417 3131 3456 cum
3162 3404 3390 3456 maxima
3423 3401 3621 3471 gloria-

2033 3499 2176 3552 tione
2202 3511 2323 3553 esse
2353 3494 2730 3564 eonjunctam?
2760 3494 2863 3548 Vos
2888 3510 3019 3549 vero
3048 3494 3203 3548 nobis
3231 3503 3395 3547 testes
3434 3508 3621 3548 eorum

2031 3592 2162 3647 estis
2186 3605 2306 3660 quae
2331 3588 2584 3643 diximus.
2617 3588 2747 3641 Cum
2770 3587 2911 3640 enim
2951 3584 3186 3640 nondum
3221 3585 3496 3648 mercedes
3523 3600 3621 3638 ne-

2031 3697 2134 3753 que
2163 3682 2376 3751 prtemia
2401 3679 2699 3749 receperint
2727 3687 3010 3748 martyres,
3038 3692 3140 3734 nec
3163 3692 3412 3740 coronas,
3442 3679 3537 3733 sed
3568 3678 3620 3731 in

2033 3773 2307 3843 pulverem
2336 3786 2401 3826 ac
2422 3771 2658 3825 cinerem
2704 3769 2949 3833 abierint,
2984 3784 3196 3824 summo
3234 3769 3411 3824 studio
3438 3770 3504 3823 ad
3524 3784 3622 3822 eo-

2034 3878 2149 3918 rum
2205 3861 2436 3915 honores
2481 3860 2890 3925 concurrimus,
2929 3874 2993 3914 ac
3034 3858 3300 3914 theatrum
3344 3859 3625 3929 Spirituale

2032 3966 2409 4019 convocatnns,
2438 3950 2670 4005 victores
2697 3965 2790 4005 eos
2820 3951 3208 4014 renuntiamus,
3230 3958 3291 4004 et
3305 3964 3626 4006 coronamus

2036 4054 2251 4115 propter
2278 4044 2517 4109 vulnera,
2565 4042 2899 4112 sanguinem,
2933 4049 3219 4106 tormenta,
3257 4041 3462 4112 plagas,
3490 4041 3627 4096 affli-

2033 4139 2237 4195 ctiones
2256 4137 2372 4191 illas
2388 4147 2441 4191 et
2459 4135 2731 4205 angustias
2762 4152 2775 4190 :
2806 4136 2885 4189 sic
2918 4135 2975 4188 fit
3005 4143 3063 4188 ut
3085 4142 3141 4189 et
3167 4135 3294 4204 ipsa:
3312 4132 3628 4188 adflictiones

2034 4231 2406 4301 gloriationem
2432 4243 2584 4284 suam
2631 4229 2862 4283 habeant
2902 4227 2986 4282 vel
3026 4236 3151 4283 ante
3194 4226 3621 4282 retributionem.

2035 4322 2217 4392 Cogita
2244 4329 2475 4391 quantus
2504 4319 2581 4372 vir
2621 4327 2763 4372 esset
2811 4328 2920 4379 tmn
2963 4318 3219 4387 temporis
3259 4316 3476 4381 Paulus,
3499 4331 3622 4370 cum

2035 4427 2283 4469 carceres
2306 4411 2592 4475 habitaret,
2621 4419 2675 4463 et
2696 4408 2761 4462 ad
2789 4409 3071 4462 tribunalia
3111 4408 3431 4472 traheretur,
3473 4424 3628 4475 quam

2037 4504 2356 4572 conspicuus
2381 4541 2393 4565 ,
2435 4515 2591 4569 quam
2648 4498 2876 4552 celebris
2918 4507 2971 4551 et
3008 4496 3228 4551 illustris
3264 4496 3401 4563 apud
3438 4510 3627 4549 omnes

2037 4604 2337 4664 appareret,
2368 4591 2632 4662 praecipue
2676 4605 2801 4643 vero
2838 4587 2979 4656 apud
3027 4602 3141 4651 eos,
3173 4588 3421 4654 aquibus
3452 4600 3623 4652 Oppu-

2037 4687 2295 4756 gnahatur
2326 4693 2378 4736 et
2408 4682 2612 4735 insidiis
2658 4678 3025 4748 appetebatur.
3052 4676 3155 4731 Sed
3186 4677 3307 4746 quid
3356 4690 3456 4744 ego
3497 4689 3620 4729 cen-

2040 4777 2279 4846 spicuutn
2313 4774 2614 4826 hominibus
2641 4788 2760 4825 eum
2798 4770 2957 4823 fuisse
2983 4769 3124 4831 dico,
3155 4768 3366 4837 quando
3391 4768 3473 4821 vel
3503 4768 3624 4835 ipsis

2041 4868 2370 4923 dmmonihus
2399 4876 2508 4918 tum
2542 4864 2707 4933 magis
2757 4862 2855 4915 fuit
2894 4860 3267 4925 formidabilis,
3299 4875 3419 4912 cum
3468 4860 3629 4928 virgis

2041 4959 2372 5014 caederetur?
2397 4957 2526 5011 Cum
2557 4969 2682 5008 vero
2707 4962 2849 5007 esset
2871 4953 2924 5006 in
2946 4952 3195 5014 vinculis,
3239 4965 3359 5003 cum
3411 4956 3625 5002 natura-

2042 5050 2125 5121 gia
2171 5055 2475 5118 pateretur,
2519 5056 2628 5098 tmn
2680 5045 2908 5097 maxima
2949 5042 3139 5098 edebat
3183 5041 3467 5103 miracula,
3522 5049 3632 5093 tum

2044 5142 2213 5211 magis
2258 5139 2592 5194 adversarius
2638 5147 2926 5206 potestates
2956 5134 3260 5202 superabat.
3287 5133 3419 5187 Cum
3468 5134 3625 5201 igitur

2047 5236 2209 5302 probe
2250 5241 2450 5295 nos~et,
2500 5241 2755 5299 quantum
2782 5244 2847 5282 ex
2900 5227 2980 5281 his
3021 5224 3397 5278 afflictionibus
3441 5225 3629 5277 anima:

2048 5326 2250 5377 lucrum
2300 5321 2594 5383 ohveniret,
2637 5319 2847 5373 dicebat
2879 5333 2892 5374 :
2921 5315 3044 5370 Cum
3086 5315 3343 5382 inﬁrmor,
3383 5323 3499 5366 tunc
3544 5332 3633 5381 po—

2046 5424 2153 5468 tens
2182 5431 2293 5467 sum
2324 5429 2339 5465 :
2369 5412 2561 5466 deinde
2591 5410 2737 5463 addit
2767 5426 2780 5462 :
2822 5408 3035 5477 Propter
3055 5406 3189 5474 quod
3229 5404 3400 5472 placeo
3428 5403 3550 5455 mihi
3581 5403 3632 5453 in

2046 5504 2441 5574 infirmitatibus,
2488 5503 2541 5556 in
2583 5499 2915 5561 contumeliis,
2948 5500 2998 5549 in
3027 5494 3421 5559 necessitatibus,
3449 5494 3500 5546 in
3519 5511 3629 5564 per-

2113 5637 2128 5667 ι
2156 5641 2258 5684 Mss.
2287 5640 2410 5695 post,
2436 5630 2665 5696 caprinis,
2691 5629 2888 5696 addunt,
2915 5626 2962 5676 in
2988 5625 3566 5696 solitudinibuserrantes,
3592 5634 3633 5675 rt

2048 5686 2301 5753 montibus;
2320 5704 2362 5745 et
2388 5686 2620 5751 cavernis,
2645 5686 2687 5741 et
2707 5689 2859 5739 antiis
2884 5698 3048 5749 terra,
3070 5688 3211 5746 uulsi,
3233 5694 3437 5752 «gentes,
3458 5686 3624 5750 quibus

2058 5760 2231 5824 dignus
2255 5770 2347 5808 non
2370 5763 2471 5807 erat
2495 5756 2719 5804 vitandus.
