4060 6252
474 355 577 414 ius

465 469 863 540 minationibus,
902 471 954 523 in
993 470 1243 541 angustiis
1268 511 1283 535 ,
1326 480 1378 524 αἱ
1417 469 1659 524 inhabitet
1701 473 1860 525 inme
1902 474 2056 525 virtus

465 561 655 615 Christi
681 562 757 629 (ἓ.
773 561 892 615 Cor.
915 561 1003 615 12.
1027 562 1114 616 lO.
1148 560 1226 632 9).
1253 561 1454 617 Idcirco
1473 573 1632 616 etiam
1663 579 1783 618 cum
1803 564 1869 616 ad
1891 579 2050 634 quos-

462 652 585 705 datn
629 651 890 707 scriberet
924 650 1163 707 Corinthi
1207 653 1482 723 degentes,
1532 663 1587 708 et
1617 653 1667 708 in
1698 670 1790 709 eos
1831 653 2050 709 invehe-

462 754 629 807 retur,
654 749 741 814 qui
763 743 831 798 de
859 759 919 799 se
936 745 1213 815 magnifice
1239 744 1559 810 sentiebam,
1585 745 1718 799 alios
1748 759 1876 799 vero
1900 745 2049 799 dam-

463 835 680 897 nabant,
710 834 953 904 cpistola:
999 836 1225 890 fortnam
1272 836 1579 905 exprimens
1623 835 1800 902 nobis,
1828 846 2046 891 coactus

462 934 546 979 est
562 940 779 979 suorum
801 934 945 981 recte
966 924 1227 981 factorum
1250 926 1534 996 imaginem
1555 926 1865 998 depingere,
1889 928 2052 998 idque

464 1032 569 1069 non
595 1032 659 1070 ex
689 1016 871 1086 signis,
904 1032 1009 1071 non
1053 1032 1120 1071 ex
1158 1018 1448 1083 miraculis,
1466 1032 1571 1071 non
1598 1032 1663 1071 ex
1694 1016 1918 1085 honore,
1945 1033 2050 1073 non

462 1124 525 1162 ex
561 1108 789 1175 deliciis,
836 1107 932 1162 sed
972 1124 1035 1163 ex
1082 1108 1407 1173 carceribus,
1438 1124 1503 1163 ex
1525 1108 1763 1177 judiciis,
1785 1123 1852 1165 ex
1882 1109 2045 1176 fame,

460 1213 523 1251 ex
554 1199 745 1268 frigore
765 1239 783 1264 ,
802 1215 868 1253 ex
910 1199 1085 1263 hellis,
1114 1214 1180 1253 ex
1206 1198 1434 1266 insidiis,
1463 1199 1723 1267 ejusmodi
1750 1200 1930 1257 verbis
1958 1217 2051 1257 eos

461 1290 740 1360 alloquens
783 1310 799 1346 :
842 1291 1066 1345 Miniatri
1121 1290 1308 1346 Christi
1351 1302 1501 1358 sunt,
1544 1302 1597 1346 ut
1634 1292 1801 1346 minus
1849 1296 2050 1364 sapiens

464 1385 598 1449 dico,
629 1383 742 1453 plus
761 1400 872 1456 ego,
904 1393 959 1439 et
987 1386 1229 1441 indicans
1263 1386 1389 1441 illud
1435 1385 1584 1452 Plus,
1617 1396 1672 1441 et
1713 1388 1765 1442 in
1793 1402 1899 1458 quo
1919 1391 2048 1443 emi-

464 1484 637 1538 neret,
658 1475 852 1544 ittquit,
885 1473 948 1528 In
978 1476 1558 1546 laboribusamplimﬁn
1594 1478 1876 1532 carceribus
1890 1480 2051 1532 abun-

465 1566 687 1630 dantius,
721 1568 773 1619 in
802 1568 967 1638 plagis
993 1585 1152 1637 supra
1175 1570 1399 1636 modum,
1426 1570 1481 1623 in
1514 1573 1752 1625 mortibus
1767 1576 2053 1643 frequenter

466 1658 552 1728 (2.
569 1658 685 1713 Cor.
706 1661 793 1715 Η.
816 1660 941 1729 25),
960 1670 1013 1716 et
1032 1678 1151 1731 qua:
1172 1675 1466 1733 sequuntur
1491 1681 1503 1716 ε
1536 1663 1596 1718 Si
1610 1665 1820 1735 gloriari
1833 1676 2046 1735 oportet,

467 1750 520 1803 in
542 1750 605 1803 iis
628 1767 740 1818 qua:
753 1752 1062 1818 inﬁrmitatis
1079 1768 1202 1807 mea!
1219 1762 1335 1807 sunt
1348 1754 1680 1826 gloriabor-(2.
1695 1754 1811 1809 Cor:
1829 1757 1886 1811 Η
1904 1796 1913 1805 .
1933 1757 2047 1827 50).

532 1841 709 1897 Gloria
737 1844 1044 1911 voluptatem
1071 1843 1240 1912 aﬂ'ert.
1286 1843 1565 1900 Prwmium
1582 1849 1837 1916 justorum
1874 1852 1926 1902 in
1955 1851 2051 1902 hac

465 1933 585 1987 vita.
615 1932 872 1987 —-V'ides
900 1949 1023 1989 eum
1055 1933 1108 1987 in
1161 1934 1245 1989 his
1300 1937 1468 1990 multo
1510 1937 1740 2006 amplius
1792 1940 2048 2009 gloriari,

462 2040 619 2092 quam
644 2025 713 2079 ob
750 2025 1055 2094 splendidas
1082 2041 1310 2081 coronas
1353 2028 1451 2081 sibi
1483 2030 1694 2097 placere
1716 2072 1730 2093 ,
1782 2040 1942 2101 atque
1969 2032 2049 2086 id-

459 2117 605 2170 circo
632 2115 842 2180 dicere,
896 2115 1018 2170 Non
1062 2118 1227 2171 solum
1254 2127 1443 2184 autem,
1484 2120 1572 2173 sed
1600 2131 1646 2174 et
1672 2122 1952 2192 gloriamur
1997 2126 2049 2177 in

457 2208 914 2262 tribulationibus?
935 2208 1070 2276 Quid
1101 2218 1183 2264 est
1206 2219 1382 2264 autem
1437 2211 1563 2265 illud
1590 2252 1606 2278 ,
1664 2212 1785 2267 Non
1832 2216 1994 2268 solum
2026 2218 2051 2269 Ρ

460 2305 576 2359 Non
599 2300 791 2364 solum,
827 2302 1017 2371 inquit,
1051 2318 1154 2357 non
1176 2303 1411 2358 anintutn
1430 2304 1820 2373 despondemus
1842 2306 2049 2378 afﬂicti,

459 2391 716 2451 utrumuis
757 2395 1024 2462 oppressi,
1052 2394 1146 2449 sed
1176 2404 1443 2465 tamquam
1486 2396 1746 2466 majorem
1774 2397 1840 2451 ad
1874 2397 2044 2453 hono-

458 2499 573 2538 rem
598 2484 932 2554 gloriamque
958 2487 1214 2555 provecti,
1243 2488 1539 2557 gloriamur
1553 2489 1726 2557 potius
1747 2490 1815 2543 ob
1826 2504 1911 2555 ea,
1930 2505 2051 2561 qtae

465 2574 623 2629 nobis
648 2577 985 2646 contingunt,
1015 2578 1376 2634 incommoda.
1425 2579 1625 2635 Deinde
1654 2582 1903 2651 quoniam
1936 2597 2051 2636 ma-

460 2669 658 2726 ximam
684 2669 811 2723 oriri
832 2670 1078 2739 gloriam,
1110 2671 1322 2726 laudem
1350 2681 1403 2726 et
1418 2672 1758 2741 jactationem
1789 2689 1855 2729 ex
1884 2674 2052 2730 tribu-

459 2760 745 2816 lationibus
768 2761 925 2828 dixit,
955 2762 1181 2832 gloriam
1209 2779 1340 2819 vero
1374 2774 1580 2819 certum
1610 2774 1693 2819 est
1723 2765 2046 2836 voluptatem

452 2854 678 2911 afferre:
708 2856 793 2908 tibi
817 2857 959 2911 enim
988 2857 1231 2928 voluptas
1260 2867 1362 2925 est,
1394 2858 1614 2911 omnino
1640 2866 1720 2913 est
1749 2858 1909 2914 etiam
1927 2859 2046 2929 gle-

458 2946 534 3000 ria
559 2962 573 2998 :
607 2945 699 3000 ubi
728 2960 855 3000 vero
881 2945 1003 3001 talis
1027 2946 1218 3016 gloria,
1243 2947 1313 3001 ibi
1338 2947 1557 3002 omnino
1583 2955 1669 3002 est
1698 2949 1859 3004 etiam
1892 2950 2047 3004 volu-

460 3044 615 3105 ptas:
651 3045 931 3106 postquam
956 3036 1115 3107 igitur
1143 3036 1304 3108 aflligi
1327 3037 1665 3107 Splendidum
1693 3037 1820 3108 quid
1842 3048 1896 3093 et
1922 3040 2047 3094 illu-

459 3134 573 3179 stre
597 3140 717 3180 esse
766 3126 1189 3192 demonstravit,
1235 3135 1293 3182 et
1333 3129 1665 3197 gloriationis
1710 3144 2047 3186 occasronem

457 3214 671 3281 an‘erre,
698 3216 861 3270 alium
879 3219 997 3286 ejus
1015 3217 1265 3273 allectum
1287 3219 1575 3273 maximum
1596 3229 1774 3274 narrat
1800 3218 2051 3275 fructum-

462 3322 566 3377 que
596 3321 863 3360 summum
890 3323 952 3361 ac
976 3308 1316 3376 stupendum.
1352 3308 1581 3375 Quisille
1600 3301 1847 3379 porro'sit
1864 3312 2045 3368 videa-

454 3412 594 3451 mus.
624 3396 854 3452 Scieutes
878 3398 1054 3469 igitur,
1084 3398 1275 3469 inquit,
1302 3399 1438 3469 quod
1465 3400 1724 3456 tribulatio
1754 3404 2047 3472 patientiam

451 3494 712 3557 operatur,
761 3488 1003 3561 patientia
1051 3499 1218 3542 autem
1272 3489 1631 3559 probationem,
1664 3493 1891 3561 probatio
1932 3510 2047 3550 vero

450 3594 590 3647 spem
612 3618 629 3644 ,
678 3595 792 3650 spes
832 3590 1000 3634 autem
1043 3596 1143 3634 non
1183 3582 1448 3651 confundit
1497 3583 1516 3654 (
1545 3583 1694 3639 Rom.
1728 3586 1781 3641 5.
1829 3587 1864 3641 5
1894 3618 1916 3629 -
1941 3589 1975 3644 5
2004 3591 2042 3658 ).

450 3668 587 3736 Quid
613 3678 715 3733 est,
748 3670 975 3725 Scientes
1001 3672 1137 3742 quod
1173 3672 1429 3728 tribulatio
1485 3675 1780 3744 patientiam
1810 3676 1890 3746 (ιι)
1921 3694 2044 3748 ape-

453 3759 635 3812 ratur?
667 3759 817 3814 llunc
845 3763 1134 3818 maximum
1161 3763 1388 3819 fructum
1410 3764 1592 3829 habet,
1611 3768 1752 3837 quod
1773 3768 2043 3826 hominem

451 3848 706 3904 amictum
754 3851 1109 3909 robustiorem
1166 3855 1361 3910 reddit.
1411 3855 1543 3911 Nam
1594 3860 2043 3926 quemadmodum

447 3939 687 4007 arbores,
718 3958 839 4011 qua:
887 3945 940 3998 in
984 3944 1251 4001 umbrosis
1295 3961 1359 4002 ac
1406 3959 1689 4003 ventorum
1737 3952 2044 4021 expertibus

450 4029 580 4085 locis
591 4031 829 4100 aluntur,
857 4049 979 4089 cum
1005 4046 1225 4091 externa
1245 4039 1423 4105 specie
1447 4054 1701 4109 prospere
1721 4042 2040 4111 germinent,

452 4120 640 4175 molles
658 4123 790 4175 fiunt
812 4132 974 4193 atque
999 4123 1261 4195 fungosae,
1294 4134 1348 4180 et
1384 4125 1539 4182 facile
1585 4131 1777 4198 quovis
1828 4132 2041 4188 incursu

450 4214 750 4277 laeduntur;
781 4230 901 4283 qua:
927 4230 1056 4270 vero
1096 4216 1149 4270 in
1188 4218 1413 4272 excelsis
1444 4222 1704 4275 montium
1755 4223 2043 4280 verticibus

450 4305 567 4358 sita-
593 4314 719 4359 sunt
742 4347 757 4371 ,
786 4321 815 4359 a
863 4307 1043 4361 multis
1074 4310 1386 4378 magnisque
1411 4311 1584 4367 ventis
1608 4313 1875 4383 agitantur
1897 4356 1911 4380 ,
1964 4317 2044 4371 in-

453 4395 766 4466 temperiem
794 4398 930 4452 aeris
949 4398 1162 4455 assidue
1184 4400 1376 4466 ferunt,
1393 4405 1704 4472 gravissima
1724 4414 2042 4478 tempestaze

454 4486 749 4557 pulsantur,
782 4498 836 4545 et
862 4489 1025 4545 multa
1059 4492 1181 4547 nive
1212 4491 1492 4561 feriuntur,
1523 4494 1666 4551 ferro
1709 4499 1899 4567 quovis
1947 4516 2035 4554 ro~

451 4579 717 4635 hostiores
741 4580 1012 4637 evadunt:
1044 4583 1155 4653 pari
1188 4583 1393 4640 ratione
1413 4601 1663 4659 corpora,
1692 4603 1812 4658 quae
1860 4587 2040 4645 multis

510 4755 588 4817 (tt)
623 4762 739 4819 Heg.
768 4762 919 4807 totum
941 4757 1097 4808 refert
1116 4757 1243 4808 Pauli
1269 4758 1441 4811 locum.

1210 358 1265 413 s.
1306 328 1585 413 JOAlNNlS
1620 356 2092 414 CthYSOS’I'OMl
2133 322 2447 414 ancutsr.
2487 356 3018 415 CONSTANTINOP.

3642 361 3742 415 ΙΜ

2167 486 2230 524 ac
2261 471 2420 524 variis
2448 471 2499 525 in
2538 469 2746 526 deliciis
2774 471 3090 537 educantur,
3121 487 3237 539 quze
3287 473 3537 528 mollibus
3580 477 3741 527 vcsti-

2162 562 2359 618 tnentis
2387 574 2667 629 ornantur,
2698 578 2817 633 quae
2844 562 3110 617 continuis
3137 562 3341 618 balneis
3369 573 3425 617 et
3464 568 3740 633 unguentis

2162 664 2400 721 utuntur,
2431 670 2494 710 ac
2517 655 2716 710 diversi
2767 654 2982 724 generis
3033 655 3302 709 alimentis
3355 666 3550 725 pra-ter
3592 673 3739 710 nsunt

2156 745 2516 801 necessarium
2558 744 2786 801 deliCate
2816 746 3097 812 fruuntur,
3150 761 3366 815 prorsus
3412 746 3479 801 ad
3520 746 3740 802 sudores

2158 835 2475 906 laboresque
2498 852 2593 906 pro
2615 837 2873 906 religione
2897 836 3205 893 subeundos
3237 837 3441 892 inutilia
3498 838 3736 893 reddun-

2158 934 2263 991 tur,
2293 927 2632 997 maximoqne
2654 926 2916 997 supplicio
2940 938 3066 982 sunt
3090 928 3320 982 obnoxia
3344 944 3357 981 :
3383 929 3464 983 sic
3492 929 3743 983 nimirum

2156 1025 2211 1071 et
2232 1018 2445 1082 animae,
2474 1033 2596 1088 qua:
2623 1018 2958 1075 miseriarum
2980 1030 3256 1089 expertem
3303 1019 3467 1074 vitam
3496 1019 3700 1076 ducunt
3726 1061 3742 1083 ,

2155 1125 2275 1179 qum
2293 1109 2508 1165 deliciis
2529 1109 2775 1174 afﬂuunt,
2807 1126 2927 1180 qua:
2950 1110 3177 1165 libenter
3204 1111 3554 1180 praesentibus
3582 1113 3745 1166 rebus

2157 1211 2278 1255 sunt
2311 1200 2508 1255 dedita:
2537 1241 2553 1267 ,
2604 1216 2668 1256 ac
2712 1201 2875 1255 vitam
2902 1200 3103 1256 doloris
3130 1211 3405 1271 expertem
3453 1201 3751 1272 pra-ferunt

2156 1289 2533 1346 afﬂictionibus
2572 1306 2670 1362 pro
2720 1307 2885 1362 regno
2934 1292 3192 1347 caelorum
3239 1307 3388 1347 more
3435 1304 3742 1347 sanctorum

2155 1383 2392 1436 omnium
2418 1383 2736 1448 subeundis,
2764 1397 2886 1436 cera
2907 1383 3093 1453 quavis
3119 1384 3391 1439 molliores
3410 1394 3463 1438 et
3498 1383 3746 1439 imbecil-

2158 1472 2316 1527 liores
2344 1472 2565 1540 effecta),
2604 1473 2709 1543 igni
2734 1474 2985 1543 pabulum
3001 1483 3337 1543 exponuntur
3359 1485 3597 1540 artemo;
3624 1491 3746 1544 qua:

2158 1580 2284 1619 vero
2311 1544 2560 1634 periculis
2584 1608 2599 1631 ,
2635 1566 2907 1622 laboribus
2934 1576 2988 1621 et
3015 1568 3269 1622 aarutnnis
3295 1567 3597 1623 afflictionis
3649 1569 3744 1623 Dei

2155 1671 2312 1711 causa
2337 1657 2628 1712 toleranda:
2653 1667 2777 1712 sunt
2801 1660 3082 1727 exposita},
3128 1670 3289 1729 atque
3338 1661 3389 1715 in
3443 1661 3571 1730 ipsis
3608 1676 3747 1715 enu-

2158 1749 2313 1811 tritze,
2345 1747 2488 1803 ferro
2518 1749 2636 1819 ipso
2664 1749 2746 1804 vel
2774 1749 3055 1803 adamante
3084 1750 3367 1804 solidiores
3397 1752 3529 1805 fiunt
3568 1766 3631 1806 ac
3660 1768 3747 1821 ge-

2156 1839 2480 1904 nerosiores,
2513 1850 2569 1894 et
2598 1855 2662 1894 ex
2689 1855 2753 1895 eo
2782 1840 2921 1910 quod
2951 1841 3163 1895 assidue
3189 1851 3465 1906 vexentur,
3514 1842 3746 1911 inexpu-

2154 1929 2395 1999 gnahiles
2421 1931 2740 1985 adversariis
2763 1931 3078 1997 redduntur,
3106 1942 3159 1987 et
3176 1933 3430 1987 invictum
3454 1936 3743 2001 quemdam

2157 2023 2422 2091 patientitu
2442 2038 2506 2077 ac
2535 2022 2859 2078 fortitudinis
2881 2024 3116 2079 habitum
3147 2026 3446 2095 acquirunt.
3467 2027 3532 2080 Et
3556 2041 3745 2096 quem-

2154 2114 2439 2168 admodum
2469 2114 2528 2178 ii,
2562 2117 2799 2184 quicum
2849 2116 3079 2186 primum
3125 2117 3301 2171 navim
3348 2117 3741 2180 conscendunt.

2157 2213 2416 2259 nauseant
2445 2212 2498 2259 ct
2523 2206 2713 2275 capitis
2749 2208 3008 2277 vertigine
3034 2207 3277 2262 laborant
3316 2207 3509 2261 turbati
3556 2223 3619 2263 ac
3665 2207 3744 2260 fa-

2156 2294 2314 2349 stidio
2344 2297 2573 2365 correpti
2602 2313 2615 2349 :
2645 2297 2735 2367 qui
2763 2312 2891 2352 vero
2926 2297 3087 2351 multa
3118 2297 3381 2367 longaque
3406 2299 3569 2352 maria
3612 2309 3745 2352 sunt

2151 2385 2378 2451 emensi,
2411 2386 2499 2456 qui
2524 2387 2720 2442 millies
2761 2402 2820 2442 se
2867 2388 3115 2443 ﬂuctibus
3156 2387 3410 2442 audacter
3454 2389 3746 2444 commise-

2154 2488 2296 2541 runt,
2325 2488 2378 2532 et
2397 2479 2586 2534 crebra
2607 2487 2731 2534 Sunt
2756 2480 2894 2549 passi
2933 2480 3226 2550 naufragia,
3256 2481 3741 2551 peregrinationem

2152 2568 2414 2636 ejusmodi
2445 2569 2783 2625 confidenter
2832 2571 3245 2640 aggrediuntur:
3277 2571 3356 2626 sic
3384 2573 3634 2627 nimirum
3686 2581 3744 2626 et

2152 2662 2351 2727 anima,
2385 2678 2503 2731 qua:
2526 2662 2721 2718 multas
2747 2664 3001 2718 sustinuit
3032 2665 3354 2721 tentatioiies
3377 2706 3393 2731 ,
3441 2675 3496 2719 et
3520 2681 3742 2735 magnas

2154 2753 2374 2821 pertulit
2392 2752 2731 2821 afflictiones,
2759 2754 3034 2811 laboribus
3052 2755 3306 2826 deinceps
3334 2760 3655 2822 assuefacta,
3688 2767 3743 2813 et

2152 2847 2253 2902 sibi
2283 2857 2595 2918 comparato
2622 2847 2802 2902 habitu
2830 2848 3118 2919 patientiae,
3143 2864 3249 2905 non
3279 2850 3509 2920 amplius
3529 2859 3613 2905 est
3630 2865 3745 2904 me-

2154 2938 2400 3006 ticulosa,
2443 2954 2540 2994 nec
2569 2940 2864 2995 terroribus
2910 2940 3174 3008 obnoxia,
3227 2956 3327 3001 nec
3373 2942 3743 3011 ingruentibus

2153 3029 2307 3084 malis
2334 3031 2578 3084 turbatur
2600 3048 2614 3083 :
2644 3030 2737 3085 sed
2755 3030 2968 3085 assidua
2980 3047 3158 3086 rerum
3174 3047 3292 3102 qua!
3314 3033 3561 3086 accidunt
3583 3047 3745 3087 exer-

2152 3121 2422 3185 citatione,
2454 3136 2516 3175 ac
2543 3121 2803 3192 frequenti
2834 3137 3053 3176 casuum
3086 3124 3433 3178 meditatione
3465 3124 3740 3187 roborata,

2152 3224 2501 3280 qumoumque
2527 3211 2809 3281 insurgunt
2834 3213 3168 3267 incommoda
3204 3215 3306 3269 fert
3328 3214 3595 3270 facillime.
3630 3215 3746 3271 lloc

2156 3300 2335 3368 itaque
2363 3302 2563 3369 peritus
2590 3302 2678 3356 ille
2704 3303 2934 3358 caelestis
2963 3305 3388 3359 conversationis
3414 3304 3745 3360 architectus

2153 3389 2393 3445 indicans
2422 3389 2632 3446 diccbat
2656 3408 2669 3445 :
2702 3391 2822 3446 Non
2849 3393 3013 3446 solum
3037 3404 3226 3460 autem,
3259 3394 3348 3448 sed
3374 3404 3422 3448 et
3448 3396 3742 3466 gloriamur

2151 3481 2203 3535 in
2224 3482 2631 3538 tribulationibus
2657 3499 2677 3539 :
2704 3485 2956 3554 quoniam
2983 3496 3109 3542 ante
3135 3489 3281 3557 regni
3308 3502 3744 3558 eoronarumque

2149 3571 2448 3626 molestiam
2479 3571 2819 3644 adeptionem
2850 3578 3140 3631 maximum
3187 3578 3311 3632 hinc
3340 3581 3616 3648 praemium
3647 3595 3743 3633 re-

2152 3672 2424 3732 portamus
2448 3706 2462 3729 ,
2514 3664 2639 3719 dum
2685 3681 2782 3737 per
2806 3667 3049 3723 assiduas
3073 3667 3389 3725 afflictiones
3420 3670 3743 3726 tolerantior

2149 3756 2323 3809 anima
2356 3765 2535 3811 nostra
2564 3757 2826 3824 redditur,
2880 3767 2935 3813 ct
2962 3759 3097 3814 ratio
3126 3759 3314 3814 fortior
3363 3761 3561 3816 evadit.
3612 3760 3743 3817 Hart:

2150 3847 2309 3917 igitur
2329 3848 2507 3904 omnia
2533 3865 2655 3906 cum
2679 3850 2830 3904 nobis
2855 3852 3124 3920 explorata
3170 3852 3274 3906 sint
3302 3894 3317 3919 ,
3364 3852 3694 3907 dilectissimi
3724 3896 3738 3917 ,

2146 3954 2405 4009 generose
2447 3955 2798 4011 quascumque
2839 3942 3087 3997 accidunt
3137 3943 3360 3998 adversa
3392 3945 3682 3999 toleremus
3722 3986 3737 4008 ,

2148 4028 2310 4098 quod,
2335 4045 2455 4084 eum
2480 4032 2547 4083 ita
2574 4031 2683 4085 Deo
2707 4032 2875 4085 visum
2902 4032 3080 4099 fuerit,
3110 4033 3175 4088 ad
3200 4035 3478 4089 utilitatem
3498 4044 3738 4090 nostram

2150 4120 2201 4175 id
2234 4121 2340 4186 fiat,
2376 4136 2551 4191 neque
2576 4138 2724 4192 spem
2756 4123 3090 4193 abjiciamns,
3121 4142 3220 4181 nec
3248 4128 3439 4181 animis
3483 4129 3738 4183 concida-

2149 4226 2287 4276 mus,
2314 4212 2661 4268 afflictionum
2687 4215 3039 4285 impressione
3071 4219 3341 4287 prostrati,
3388 4218 3481 4273 sed
3530 4218 3739 4274 fortiter

2148 4312 2354 4357 stantes
2381 4318 2480 4375 pro
2510 4305 2719 4359 collatis
2747 4306 2800 4360 in
2831 4321 2928 4361 nos
2956 4307 3230 4363 beneficiis
3259 4318 3514 4380 perpetuo
3540 4311 3737 4379 gratias

2151 4393 2260 4448 Deo
2285 4409 2526 4465 agamus,
2556 4405 2691 4453 utet
2717 4401 3068 4469 praesentibus
3099 4401 3341 4456 fruamur
3369 4403 3525 4457 bonis
3568 4413 3622 4457 et
3660 4402 3737 4456 fu-

2149 4492 2263 4539 tura
2292 4485 2430 4540 dona
2462 4501 2872 4560 consequamur,
2905 4493 3096 4562 gratia,
3126 4493 3489 4548 misericordia
3514 4534 3529 4559 ,
3557 4505 3610 4549 et
3638 4494 3734 4549 be-

2147 4575 2403 4644 nignitate
2431 4578 2638 4634 Domini
2670 4582 2835 4636 nostri
2864 4582 2988 4637 Jesu
3015 4583 3212 4639 Christi
3238 4625 3255 4651 ,
3280 4601 3402 4640 cum
3444 4602 3552 4656 quo
3591 4586 3731 4641 Patri

2146 4668 2313 4736 gloria
2335 4677 2392 4724 et
2413 4670 2714 4740 imperium,
2739 4674 3004 4745 simulque
3028 4685 3215 4733 sancto
3237 4693 3301 4732 ac
3332 4678 3545 4733 vivifico
3566 4678 3736 4747 Spiri-

2148 4759 2243 4825 tui,
2275 4774 2415 4816 nunc
2437 4771 2487 4816 ct
2521 4777 2756 4832 semper,
2782 4773 2837 4819 et
2863 4766 2913 4820 in
2944 4767 3139 4822 Stecnla
3170 4768 3507 4823 saeculorum.
3539 4770 3728 4824 Amen.
