4060 6252
518 345 618 400 165

1201 343 1258 400 S.
1296 343 1581 400 JOANNIS
1617 341 2104 398 CIIRYEIOSTOMI
2144 343 2461 398 ARCHIEP.
2500 341 3041 399 CONSTANTINOP.

1772 473 3725 506 ται-Μ

1819 473 2131 483 ——-———

3635 353 3743 408 166

1450 650 1811 712 MONITUM
1859 651 1956 711 AD
1996 654 2371 714 HOMILIAM
2412 656 2492 716 IN
2533 654 2792 727 lLLUD,

581 806 754 877 Hujus
785 809 1024 865 humilia;
1047 810 1331 866 exordium
1357 827 1582 881 prorsus
1616 812 1790 867 simile
1813 821 1898 869 est
1934 815 2201 883 prommio
2230 814 2521 870 Concionis
2553 816 2605 868 in
2643 815 2940 869 debitorem
2989 814 3175 869 decem
3225 812 3454 867 millium
3507 810 3741 867 talento-

511 911 629 950 rum
659 914 673 950 :
705 897 757 951 in
784 907 1014 967 utroque
1045 900 1189 954 enim
1221 901 1561 958 auditoribus
1591 904 1896 972 gratulatur
1933 905 2378 976 Clirysostomus,
2405 906 2550 975 quod
2587 913 2711 976 post
2749 905 3067 959 diuturnum
3111 905 3361 959 morbum
3384 942 3400 966 ,
3432 901 3516 956 sui
3546 914 3744 954 aman-

513 995 619 1042 tem
655 999 880 1056 caatum,
904 1000 957 1044 et
984 990 1080 1045 abs
1103 1005 1162 1045 se
1194 992 1308 1061 pari
1343 993 1511 1047 animi
1543 993 1737 1048 affectu
1771 995 2133 1061 redamatuin,
2169 995 2272 1051 sibi
2312 998 2470 1066 quasi
2501 1012 2564 1050 ex
2611 997 2903 1065 longinqua
2939 994 3371 1065 peregrinatione
3421 993 3607 1048 reduci
3644 993 3745 1045 ite-

511 1099 629 1135 rum
666 1085 956 1141 cunvcnire
977 1094 1030 1140 et
1055 1088 1257 1157 alloqui
1282 1088 1460 1144 liceat.
1496 1088 1621 1144 Inde
1654 1105 1781 1143 vero
1815 1098 2052 1159 arguunt
2097 1090 2198 1143 viri
2230 1090 2449 1159 quidam
2488 1089 2654 1150 docti.
2685 1103 2810 1143 cum
2860 1087 2948 1141 illa
2982 1087 3130 1157 prior
3183 1084 3412 1139 Homilia
3444 1084 3511 1138 de
3553 1084 3743 1137 decem

513 1174 738 1230 millium
767 1178 1092 1236 talentorum
1126 1179 1369 1234 debitore
1397 1179 1698 1234 Antiochia
1718 1181 1906 1249 procul
1936 1181 2102 1236 dubio
2135 1181 2314 1235 habita
2354 1180 2517 1235 fuerit
2549 1195 2694 1234 anno
2723 1178 2826 1234 587
2845 1219 2860 1244 ,
2895 1178 3036 1232 hanc
3068 1177 3434 1232 verisimiliter
3463 1174 3745 1230 Constan-

511 1265 734 1336 tinopoli
765 1269 961 1325 dictam
991 1270 1178 1326 fuisse.
1210 1270 1326 1326 Non
1357 1272 1526 1334 enim,
1559 1272 1846 1340 inquiunt,
1889 1272 2079 1327 eodem
2127 1273 2352 1328 exordio
2389 1288 2524 1328 usus
2547 1281 2691 1327 esset
2715 1270 2768 1325 in
2803 1285 2910 1324 una
2950 1269 3249 1338 eademque
3280 1267 3454 1333 urbe;
3487 1267 3579 1321 sed
3613 1281 3744 1320 cum

508 1357 810 1414 Antiochia:
838 1362 1156 1431 πει-ἰωύίηο
1186 1363 1414 1426 levatus,
1445 1363 1549 1416 hoc
1575 1377 1805 1417 exorsus
1834 1371 1980 1418 esset
2009 1364 2189 1428 modo,
2224 1374 2410 1435 postea
2440 1379 2658 1434 quoque
2687 1361 3183 1430 Constantinopoli,
3220 1369 3340 1430 post
3371 1367 3742 1416 restauratam

510 1447 705 1503 iterum
739 1452 1122 1519 valetudinem,
1152 1453 1292 1509 idem
1327 1453 1648 1522 prooemium
1679 1455 1822 1523 apud
1867 1454 2178 1521 auditores,
2227 1470 2460 1526 quorum
2500 1454 2683 1509 nullus
2745 1454 2828 1508 sic
2875 1467 3113 1522 unquam
3164 1467 3419 1508 exorsum
3469 1449 3742 1515 audierat,

1713 1649 2143 1660 ————_—.__.

497 1837 654 1911 [150]
687 1842 789 1907 Εἲς
812 1839 926 1909 τὴν
956 1840 1376 1910 ἀποστολικὴν
1393 1839 1588 1912 ῥῆσιν
1616 1840 1732 1910 τὴν
1756 1841 2083 1913 λέγουσαν,
2112 1863 2130 1897 ι
2174 1845 2432 1914 Οἴδαμεν
2475 1845 2565 1900 ὅτι
2596 1846 2721 1913 τοῖς
2755 1847 3032 1916 ἀγαπῶσι
3062 1847 3170 1902 τόν
3197 1849 3344 1903 Θεὸν
3379 1851 3579 1906 πάντα
3609 1866 3762 1908 cur.

945 1931 1104 2002 εργεῐ
1127 1935 1212 2000 εἰς
1243 1933 1490 2002 ἀγαθὸν,
1520 1953 1538 1986 ι
1583 1931 1682 1989 καί
1726 1932 1857 2002 περὶ
1879 1933 2213 2004 ὑπομονῆς,
2253 1935 2351 1988 καί
2381 1934 2532 1990 ὅσον
2555 1935 2675 1992 τῶν
2697 1938 2960 2006 θλίψεων
2991 1938 3055 1992 τὸ
3082 1939 3306 2007 κέρδος.

564 2343 631 2388 α’.
658 2335 745 2396 Ὠς
759 2331 847 2386 διὰ
881 2330 1092 2404 μακροῦ
1112 2329 1205 2385 τοῦ
1237 2331 1428 2402 χρόνου
1445 2332 1581 2404 πρὸς
1604 2332 1748 2404 ὑμᾶς
1767 2332 2075 2403 παραγενό-

497 2436 678 2487 μενος,
706 2417 847 2470 οῦτω
897 2416 1178 2486 διάκειμαι
1224 2416 1481 2487 σήμερον.
1522 2417 1583 2469 Εί
1631 2416 1740 2488 γάρ
1793 2417 1888 2470 καὶ
1933 2415 2072 2470 οἴκοι

495 2500 891 2570 καθειργμένος
920 2497 1216 2567 ἐτύγχανον
1244 2495 1333 2550 διὰ
1358 2496 1457 2568 τὴν
1489 2497 1584 2549 τοῦ
1614 2497 1865 2568 σώματος
1897 2499 2076 2570 ἀρρω-

495 2584 670 2646 στίαν,
700 2583 814 2636 ἀλλ’
839 2582 913 2645 ὡς
944 2581 1162 2652 μακράν
1198 2599 1298 2634 που
1329 2581 1711 2651 ἀπῳκισμένος
1738 2580 1839 2650 τῆς
1873 2579 2072 2651 ύμετέυ

495 2685 594 2739 Ρας
639 2667 879 2735 ἀγάπης,
903 2664 1045 2718 οὕτω
1092 2663 1393 2734 διεκείμην.
1427 2664 1488 2718 '0
1534 2664 1644 2733 γὰρ
1691 2663 1866 2733 φιλεῖν
1915 2663 2073 2728 εἰδὼς

490 2750 754 2815 ἀκριϐῶς,
786 2750 914 2802 ὅταν
967 2747 1041 2819 μὴ
1087 2748 1181 2818 ἐξῇ
1229 2747 1307 2817 τῷ
1359 2746 1666 2818 φιλουμένῳ
1697 2745 2069 2816 συγγίνεσθαι,

490 2836 597 2889 κᾶν
641 2835 740 2904 τὴν
782 2833 951 2903 αὐτὴν
983 2832 1138 2885 πόλιν
1166 2831 1309 2900 οἰκῇ,
1336 2830 1445 2884 τῶν
1472 2832 1531 2883 έν
1560 2829 1818 2900 ἀλλοτρίᾳ
1863 2829 2072 2900 διατρι-

491 2919 695 2972 ϐόντων
736 2916 887 2970 οὐδὲν
931 2915 1154 2968 ἔλαττον
1182 2915 1534 2968 διακείσεται.
1572 2915 1682 2967 Καὶ
1705 2913 1864 2967 τοῦτο
1891 2912 2072 2967 ἴσασιν

490 3003 603 3055 ὅσοι
626 3001 797 3070 φιλεῖν
833 3001 1001 3054 ἴσασι.
1033 2997 1320 3067 Σύγγνωτε
1353 2996 1534 3050 τοίνυν
1562 2997 1713 3066 ἡμῖν,
1743 2994 2066 3066 παρακαλῶ·

490 3085 552 3137 οὐ
582 3083 690 3156 γάρ
722 3083 830 3137 ἀπὸ
861 3081 1135 3153 ῥᾳθυμίας
1156 3083 1285 3152 ἡμῖν
1307 3080 1334 3132 ό
1357 3077 1635 3150 χωρισμὸς
1653 3072 1806 3141 οὗτος
1827 3079 2067 3146 γέγονεν,

491 3170 606 3222 ἀλλ’
638 3169 921 3230 ἀσθενείας
955 3166 1205 3236 σώματος
1232 3160 1299 3235 ἦν
1325 3166 1357 3234 ἡ
1395 3163 1541 3233 σιγή.
1579 3162 1688 3214 Καὶ
1715 3158 1830 3215 οῖδα
1865 3162 1964 3232 μὲν
1989 3163 2072 3216 ὅτι

492 3251 711 3322 χαίρετε
739 3249 832 3300 νῦν
862 3249 1064 3308 πάντες
1102 3248 1262 3315 ὑμεῖς
1300 3245 1381 3298 ὅτι
1418 3243 1733 3312 ἀπεθέμεθα
1759 3243 1858 3312 τὴν
1889 3246 2072 3315 ἀρῥω-

494 3334 672 3386 στίαν·
714 3331 824 3400 ἐγὼ
870 3331 926 3383 δὲ
971 3330 1167 3400 χαίρω,
1199 3327 1298 3397 οὐχ
1322 3328 1404 3380 ὅτι
1435 3325 1534 3396 τὴν
1564 3325 1876 3395 ἀρρωστίαν
1913 3327 2072 3397 μόνον

492 3415 796 3485 ἀπεθέμην,
829 3412 1049 3466 ἀλλ’ὅτι
1105 3409 1198 3464 καὶ
1246 3409 1314 3462 τὰ
1362 3407 1672 3479 ποθούμενα
1706 3407 1860 3478 ὑμῶν
1910 3411 2074 3480 πρόσ-

491 3517 618 3554 ωπα
643 3497 805 3552 πάλιν
827 3497 958 3569 ὀρᾷν
977 3493 1230 3564 δύναμαι,
1255 3494 1348 3546 καὶ
1371 3493 1639 3562 ὲντρυφᾷν
1665 3492 1819 3562 ὑμῶν
1841 3496 1908 3564 τῇ
1931 3496 2072 3548 κατά

490 3583 621 3637 Θεὸν
649 3581 856 3653 ἀγάπῃ.
889 3577 992 3632 Καὶ
1031 3578 1278 3648 καθάπερ
1307 3578 1357 3630 οἱ
1391 3577 1575 3629 πολλοὶ
1605 3576 1712 3630 τῶν
1742 3575 2066 3647 ἀνθρώπων,

495 3667 633 3736 μετά
659 3665 757 3736 τὴν
786 3663 1108 3733 ἀπαλλαγὴν
1140 3662 1241 3731 τῆς
1266 3660 1595 3732 ἀρρωστίας,
1617 3659 1814 3730 φιάλας
1849 3661 1945 3712 καὶ
1973 3678 2070 3713 πο-

491 3750 654 3820 τήρια
701 3749 794 3802 καὶ
843 3745 1026 3816 ψυχρά
1064 3745 1281 3814 νάματα
1313 3742 1696 3814 ἐπιζητοῦσιν·
1731 3742 1904 3806 οὕτως
1947 3745 2071 3814 ἐμοὶ

490 3834 671 3903 πάσης
709 3829 1046 3901 εὐφροσύνης
1081 3827 1315 3898 ἡδυτέρα
1343 3826 1681 3897 καθέστηκεν
1729 3829 1762 3897 ή
1815 3827 2070 3879 συνουσία

489 3918 524 3988 ἡ
551 3915 812 3988 ὑμετέρα,
844 3913 938 3967 καὶ
975 3911 1132 3966 τοῦτό
1176 3928 1266 3980 μοι
1296 3910 1391 3962 καὶ
1425 3909 1636 3978 ὑγιείας
1665 3910 1939 3972 ὑπόθεσις,
1976 3910 2071 3962 καὶ

488 3998 826 4070 εὐφροσύνης
873 3996 1112 4066 ἀφορμή.
1143 3994 1280 4064 Φέρε
1313 3989 1427 4056 οὖν,
1460 3993 1648 4063 ἐπειδὴ
1699 3993 1785 4046 διὰ
1834 3993 1933 4064 τὴν
1975 3992 2068 4045 τοῦ

491 4082 626 4135 Θεοῦ
652 4081 812 4150 χάριν
841 4077 1105 4146 ἀλλήλους
1128 4074 1496 4144 ἀπελάΰομεν.
1526 4074 1815 4143 ἀποδῶμεν
1850 4075 1980 4142 ὑμῖν
2008 4074 2069 4127 τὸ

491 4164 648 4237 χρέος
671 4163 770 4230 τῆς
793 4160 1036 4227 ἀγάπης,
1059 4159 1110 4210 εἴ
1130 4175 1191 4225 γε
1210 4155 1357 4210 ἐστιν
1384 4157 1708 4226 ἀποδοθῆναι
1730 4156 1888 4210 τοῦτό
1914 4174 2065 4210 ποτε.

492 4247 664 4302 Τοῦτο
708 4243 817 4314 γάρ
865 4242 1022 4313 μόνον
1070 4241 1129 4294 τὸ
1168 4241 1388 4311 δφλημα
1417 4239 1569 4304 τέλος
1602 4239 1701 4294 οὐκ
1747 4241 2064 4294 ἐπίσταται*

490 4329 602 4382 ἀλλ’
630 4328 740 4395 ὅσῳ
768 4324 1102 4386 ἀποδίδοται,
1129 4323 1367 4393 τοσούτῳ
1396 4321 1456 4374 τὸ
1479 4322 1698 4392 ὄφλημα
1719 4322 2063 4375 ἐπιτείνεται·

492 4412 586 4465 καὶ
632 4409 883 4480 καθάπερ
917 4407 1009 4459 ἐπὶ
1043 4405 1149 4458 τῶν
1178 4406 1476 4476 χρημάτων
1521 4407 1648 4468 τοῦς
1703 4405 1868 4476 μηδὲν
1920 4404 2069 4475 όφεί-

491 4495 679 4555 λοντας
718 4489 1070 4560 ἐπαινοῦμεν,
1101 4488 1272 4550 οὕτως
1302 4486 1533 4540 ἐνταῦθα
1557 4490 1680 4550 τοῦς
1718 4487 1888 4540 πολλὰ
1918 4487 2068 4556 ὀφεί-

491 4577 679 4639 λοντας
712 4572 1108 4644 μακαρίζομεν.
1133 4571 1231 4625 Διά
1256 4571 1412 4624 τοῦτο
1438 4574 1530 4624 καὶ
1554 4574 1581 4624 ὁ
1610 4573 1708 4642 τῆς
1744 4572 2068 4642 οἰκουμένης

489 4661 803 4721 διδάσκαλος
861 4657 1072 4719 Παῦλος
1113 4657 1338 4727 γράφων
1384 4655 1569 4723 ἔλεγε·
1607 4655 1832 4722 Μηδενὶ
1874 4655 2069 4723 μηδὲν

490 4745 783 4811 ὀφείλετε,
823 4741 960 4794 ἀλλ’
987 4741 1024 4806 ἢ
1070 4741 1138 4793 τὸ
1176 4737 1416 4807 ἀγαπᾷν
1453 4737 1786 4804 ἀλλήλους.
1817 4738 2068 4808 βουλόμε-

491 4845 580 4891 νος
621 4827 767 4897 ἡμᾶς
803 4823 960 4876 τοῦτο
985 4821 1042 4897 τὺ
1071 4822 1228 4894 χρέος
1260 4823 1351 4874 καὶ
1377 4822 1464 4875 ἀεὶ
1499 4821 1826 4887 ἀποδιδόναι,
1861 4823 1952 4874 καὶ
1981 4823 2068 4876 ἀεὶ

489 4896 745 4980 ὀφείλειν,
777 4910 870 4962 καὶ
927 4896 1193 4976 μηδέποτε
1243 4905 1341 4975 τὴν
1396 4905 1614 4976 ὀφειλὴν
1657 4903 1860 4975 ταύτην
1903 4923 2071 4958 κατα-

491 4993 659 5057 λύειν,
698 4992 890 5061 μέχρις
924 4991 990 5042 ἂν
1019 4989 1116 5058 τὴν
1156 4989 1436 5059 παροῦσαν
1472 4988 1616 5059 ζωὴν
1651 4988 2068 5058 καταλύσωμεν.

493 5078 705 5144 Ὥσπερ
733 5070 826 5126 οὖν
855 5074 922 5126 τά
954 5073 1213 5142 χρήματα
1237 5073 1490 5142 ὀφείλειν,
1519 5072 1655 5143 βαρὺ
1687 5073 1780 5126 καὶ
1810 5071 2068 5143 ἐπαχθὲς,

491 5160 634 5211 οὕτω
661 5157 722 5209 τὸ
744 5157 839 5226 τὴν
869 5157 1088 5227 ὀφειλὴν
1110 5155 1312 5225 ταύτην
1333 5156 1406 5226 μή
1433 5157 1521 5207 ἀεὶ
1547 5157 1804 5224 ὀφείλειν,
1835 5175 2071 5225 κατηγο-

495 5241 616 5314 ρίας
657 5239 824 5303 ἀξιον.
860 5239 968 5290 Καὶ
1017 5239 1105 5291 ἵνα
1158 5238 1334 5308 μάθῃς
1378 5239 1459 5290 ὅτι
1507 5238 1664 5291 τοῦτο
1713 5238 1886 5304 οὕτως
1933 5240 2069 5310 ἔχει,

501 5327 664 5379 ἄκουε
694 5323 792 5392 τῆς
820 5323 1010 5390 σοφίας
1042 5321 1135 5374 τοῦ
1165 5319 1480 5390 θαυμαστοῦ
1509 5323 1698 5375 τούτου
1727 5325 2069 5389 διδασκάλου,

502 5407 650 5469 ὅπως
675 5404 774 5476 τὴν
812 5404 1132 5475 παραίνεσιν
1156 5405 1437 5474 εἰσήγαγε.
1461 5405 1730 5477 Πρότερον
1755 5406 1862 5477 γάρ
1879 5407 2067 5460 εἰπών·

505 5487 729 5555 Μηδενὶ
765 5485 959 5554 μηδὲν
995 5486 1292 5553 ὀφείλετε·
1339 5487 1456 5540 τότε
1507 5488 1814 5557 ἐπήγαγεν·
1867 5493 1937 5543 El
1981 5489 2069 5559 μὴ

499 5569 566 5628 τό
594 5568 834 5637 ἀγαπᾷν
859 5569 1189 5637 ἀλλήλους·
1225 5569 1542 5640 βουλόμενος
1581 5573 1758 5624 πᾶσαν
1790 5573 1821 5642 ἡ
1831 5571 1945 5642 μῶν
1974 5572 2072 5644 τὴν

493 5649 712 5721 ὀφειλὴν
737 5650 970 5703 ἐνταῦθα
991 5650 1298 5715 κενοῦσθαι,
1328 5655 1420 5706 καὶ
1448 5652 1604 5706 τοῦτο
1627 5654 1686 5706 τὸ
1713 5655 1872 5725 χρέος
1898 5654 2068 5707 θέλων

497 5733 775 5790 ἀδιάλυτον
813 5735 990 5804 μένειν
1019 5735 1300 5804 διηνεκῶς,
1332 5738 1499 5790 Τοῦτο
1529 5737 1636 5809 γάρ
1665 5741 1777 5791 ἐστι
1829 5738 2060 5808 μάλιστα

2172 2334 2235 2388 τὸ
2269 2335 2604 2407 συγκροτοῦν
2639 2337 2732 2389 καὶ
2783 2336 3084 2406 συσφίγγον
3114 2335 3214 2406 τὴν
3248 2332 3394 2404 ζωὴν
3431 2331 3529 2402 τὴν
3564 2331 3768 2400 ἡμετέο

2176 2433 2296 2487 ραν.
2316 2419 2468 2470 Ἐπεὶ
2495 2415 2588 2472 οὖν
2628 2419 2874 2489 ἔγνωμεν
2901 2421 3024 2472 ὅσον
3057 2419 3158 2489 τῆς
3199 2415 3424 2484 ὀφειλῆς
3467 2415 3678 2483 ταύτης
3707 2417 3768 2469 τὸ

2175 2501 2381 2570 κέρδος,
2415 2501 2510 2554 καὶ
2547 2501 2627 2555 ὅτι
2668 2503 2726 2554 ὲν
2771 2501 2849 2572 τῷ
2897 2499 3245 2556 ἀποδίδοσθαι
3281 2499 3480 2570 μᾶλλον
3512 2497 3766 2564 αὔξεται.

2175 2585 2331 2656 φέρε,
2359 2585 2454 2638 καὶ
2481 2584 2639 2655 ἡμεῖς
2665 2585 2765 2656 τὴν
2789 2584 3032 2656 ὀφειλὴν,
3065 2585 3130 2655 ἢν
3162 2583 3452 2652 ὀφείλομεν
3487 2581 3640 2652 ὑμῖν,
3666 2581 3769 2634 οὐκ

2172 2667 2282 2720 ἀπὸ
2317 2665 2588 2737 ῥᾳθυμίας
2609 2666 2729 2721 οὐδὲ
2753 2668 2861 2720 ἀπὸ
2893 2665 3290 2738 ἀγνωμοσύνης
3318 2664 3485 2728 τινὸς,
3518 2663 3637 2717 ἀλλ’
3658 2664 3770 2717 ἀπὸ

2171 2749 2274 2818 τῆς
2298 2749 2584 2819 συμϐάσης
2606 2749 2939 2822 ἀρρωστίας,
2969 2750 3232 2820 σήμερον,
3257 2747 3378 2801 καθ’
3402 2748 3524 2800 ὅσον
3547 2741 3663 2802 οἷόν
3686 2764 3765 2813 τε,

2175 2829 2327 2902 [151]
2353 2833 2564 2884 ἐκτῖσαι
2599 2831 3010 2902 σπουδάζωμεν,
3038 2831 3211 2902 μικρά
3233 2847 3356 2882 τινα
3388 2828 3768 2899 διαλεχθέντες

2175 2914 2312 2984 πρὸς
2347 2914 2448 2986 τὴν
2476 2915 2747 2986 ὑμετέραν
2787 2915 3030 2985 ἀγάπην,
3059 2913 3317 2966 ὑπόθεσιν
3345 2911 3447 2981 τῆς
3475 2911 3768 2978 διαλέξεως

2173 2999 2534 3068 ποιησάμενοι
2574 2998 2736 3051 αὑτὸν
2767 2997 2957 3051 τοῦτον
2981 2997 3072 3049 τὸν
3105 2995 3420 3066 θαυμαστὸν
3448 2996 3546 3065 τῆς
3575 2997 3768 3048 οίκου⁹

2177 3081 2343 3151 μένης
2375 3079 2720 3133 διδάσκαλον·
2771 3081 2867 3134 καὶ
2909 3080 3054 3150 ἅπερ
3087 3084 3328 3149 σήμερον
3365 3078 3596 3147 γράφων
3645 3077 3769 3132 Ῥω-

2177 3163 2361 3233 μαίοις
2395 3163 2690 3230 διελέγετο,
2725 3163 2900 3216 ταῦτα
2925 3163 3004 3226 εἰς
3042 3161 3203 3231 μέσον
3240 3161 3540 3230 ἀγαγόντες
3561 3161 3772 3213 ἀναποο

2171 3245 2448 3316 λήσωειεν,
2485 3247 2579 3298 καὶ
2610 3245 2698 3298 διά
2748 3243 2960 3316 μακροῦ
3006 3243 3102 3297 τοῦ
3151 3244 3344 3315 χρόνου
3387 3243 3487 3314 τὴν
3520 3244 3771 3297 ἑστίασιν

2171 3328 2272 3398 τὴν
2327 3326 2700 3397 πνευματικὴν
2735 3326 3076 3397 παραϐῶμεν
3105 3326 3259 3396 ὑμῶν
3289 3328 3354 3397 τῇ
3389 3326 3602 3398 ἀγάπῃ.
3631 3326 3771 3378 Τίνα

2171 3410 2230 3464 δέ
2255 3413 2372 3463 ἐστι
2397 3410 2463 3464 τά
2492 3411 2927 3478 ἀναγνωσθέντα,
2969 3411 3266 3478 ἀναγκαῖον
3303 3413 3500 3470 εἰπεῖν,
3547 3410 3613 3463 ἵν’
3643 3411 3772 3463 ὑπο-

2177 3493 2508 3567 μνησθέντες
2539 3493 2648 3547 τῶν
2679 3494 3006 3566 εἰρημένων,
3039 3493 3176 3563 μετά
3211 3493 3455 3557 πλείονος
3479 3493 3580 3562 τῆς
3612 3494 3770 3547 εὐκο·

2177 3579 2297 3641 λίας
2348 3578 2575 3649 δέξησθε
2631 3577 2697 3631 τὰ
2768 3577 2897 3649 παρ’
2929 3577 3085 3648 ήμῶν
3135 3576 3420 3648 λεγόμενα.
3486 3576 3768 3646 Οἶδαμεν,

2179 3662 2366 3734 φησὶν,
2397 3661 2486 3715 ὅτι
2517 3661 2640 3726 τοῖς
2669 3659 2949 3730 ἀγαπῶσι
2983 3659 3091 3713 τὸν
3124 3661 3274 3714 Θεὸν
3304 3659 3504 3713 πάντα
3542 3675 3768 3729 συνερ-

2176 3746 2272 3814 γεῖ
2307 3749 2395 3811 εἰς
2439 3746 2685 3812 ἀγαθόν.
2722 3743 2787 3796 Τί
2836 3743 3082 3814 βούλεται
3133 3744 3266 3798 αὐτὸ
3297 3743 3455 3797 τοῦτο
3487 3743 3551 3796 τδ
3581 3744 3773 3816 προοὲ-

2181 3845 2331 3898 μιον;
2387 3827 2550 3880 Οὐδὲν
2597 3826 2706 3898 γάρ
2765 3825 2990 3891 ἁπλῶς,
3039 3826 3160 3879 οὐδὲ
3206 3827 3327 3898 είκῆ
3379 3825 3678 3894 φθέγγεται
3732 3829 3763 3896 ή

2180 3909 2424 3980 μακαρία
2454 3909 2592 3980 αῦτη
2630 3908 2798 3980 ψυχὴ,
2828 3908 2964 3962 ἀλλά
2991 3908 3302 3979 κατάλληλα
3346 3909 3432 3962 ἀεὶ
3470 3911 3582 3972 τοῖς
3629 3909 3767 3962 ὑπο-

2177 3993 2449 4062 κειμένοις
2481 3991 2678 4045 πάθεσι
2709 3993 2972 4063 προσάγει
3013 3992 3082 4045 τά
3131 3993 3395 4064 φάρμακα
3423 3992 3492 4046 τὰ
3518 4007 3768 4063 πνευμα-

2177 4094 2326 4130 τικα.

2247 4159 2311 4211 Τί
2342 4152 2435 4212 οὖν
2458 4160 2608 4211 ἐστιν
2631 4157 2660 4211 ὅ
2695 4175 2899 4230 φησινς
2945 4159 3161 4230 Ἐπειδὴ
3193 4159 3380 4213 πολλοὶ
3424 4159 3764 4230 πανταχόθεν

2175 4245 2225 4297 οἱ
2274 4243 2571 4314 πειρασμοὶ
2611 4242 3102 4312 περιεστοιχίζοντο
3142 4244 3270 4306 τοὺς
3303 4244 3424 4297 τότε
3464 4246 3529 4315 τῇ
3577 4243 3762 4296 πίστει

2176 4326 2516 4396 προσιόντας,
2551 4325 2645 4378 καὶ
2690 4325 2970 4396 ἐπάλληλα
3015 4321 3082 4397 ἦν
3130 4326 3198 4380 τά
3233 4326 3384 4398 παρά
3423 4327 3518 4380 τοῦ
3564 4323 3762 4397 ἐχθροῦ

2179 4411 2566 4480 μηχανήματα,
2611 4409 2705 4461 καὶ
2750 4411 2992 4478 συνεχεῖς
3039 4411 3092 4462 ai
3145 4408 3460 4474 ἐπιϐουλαὶ,
3517 4412 3611 4463 καὶ
3660 4411 3762 4462 οὐκ

2176 4495 2415 4564 ἠρέμουν
2443 4493 2492 4544 οἱ
2525 4491 2603 4560 τῷ
2631 4489 2946 4562 κηρύγματι
2978 4491 3358 4561 πολεμοῦντες,
3390 4493 3515 4555 τοὺς
3547 4491 3646 4562 μὲν
3681 4494 3760 4555 είς

2173 4577 2520 4646 δεσμωτήρια
2573 4573 2971 4644 ἐμϐάλλοντες,
3023 4575 3146 4637 τοὺς
3199 4575 3256 4628 δὲ
3303 4577 3382 4637 εἰς
3435 4574 3756 4643 ἀπαγωγάς,

2173 4661 2298 4723 τοὺς
2341 4659 2396 4711 δὲ
2447 4662 2525 4721 είς
2560 4657 2728 4729 μυρία
2771 4657 2935 4726 ἕτερα
2967 4655 3216 4728 βάραθρα
3251 4658 3603 4722 καθέλκοντες
3627 4675 3640 4689 ·
3672 4656 3759 4710 διὰ

2173 4743 2328 4795 τοῦτο
2358 4741 2610 4810 καθάπερ
2639 4739 2942 4810 στρατηγὸς
2974 4739 3215 4807 ἀριστος,
3241 4741 3382 4807 ὀρῶν
3409 4741 3544 4810 μετά
3565 4739 3758 4794 πολλοῦ

2175 4823 2348 4895 θυμοῦ
2385 4823 2614 4877 πνέοντα
2641 4823 2732 4874 τὸν
2759 4821 3072 4886 ἀντίπαλον,
3107 4823 3333 4894 περιιὼν
3368 4824 3493 4887 τοὺς
3529 4821 3760 4884 οἰκείους

2175 4907 2512 4977 πανταχόθεν
2544 4904 2823 4974 διεγείρει,
2867 4908 3067 4974 νευροῖ,
3109 4905 3341 4976 ἀλείφει,
3384 4905 3758 4978 Θαρσαλεωτέ-

2177 5007 2299 5060 ρους
2345 4989 2654 5059 καθίστησι,
2687 4987 3126 5059 προθυμοτέρους
3179 4991 3323 5042 ποιεῖ
3369 4989 3506 5060 πρὸς
3552 4988 3610 5041 τὸ
3658 4988 3758 5050 τάς

2174 5078 2358 5146 χεῖρας
2404 5074 2634 5144 ἀντᾶραι
2669 5071 2810 5126 κατὰ
2842 5071 2936 5124 τοῦ
2977 5072 3258 5142 πολεμίου,
3295 5072 3387 5126 καὶ
3425 5074 3499 5144 μὴ
3527 5069 3760 5126 δεδοικέ-

2172 5177 2261 5212 ναι
2291 5156 2389 5220 τάς
2418 5155 2627 5209 ἐκείνου
2651 5153 3018 5225 καταδρομὰς,
3050 5155 3186 5209 ἀλλά
3215 5156 3430 5229 στερρῷ
3455 5156 3534 5227 τῷ
3559 5156 3759 5226 φρονή-

2183 5259 2314 5313 ματι
2359 5240 2419 5303 ἐξ
2455 5238 2703 5300 ἐναντίας
2732 5237 3056 5308 ἱσταμένους
3087 5243 3178 5292 καὶ
3205 5240 3376 5310 αὐτὴν
3409 5239 3576 5294 αὑτοῦ
3625 5256 3757 5307 συγο

2180 5324 2419 5385 κόπτειν,
2454 5323 2502 5373 εἰ
2554 5315 2662 5373 οἷόν
2707 5337 2789 5385 τε,
2816 5320 2913 5390 τὴν
2953 5321 3095 5390 ὄψιν,
3131 5323 3224 5376 καὶ
3260 5322 3334 5393 μὴ
3385 5321 3750 5392 καταπλήττεο

2181 5407 2305 5460 σθαι
2344 5408 2442 5477 τὴν
2478 5405 2612 5476 πρδς
2643 5404 2806 5457 αὐτὸν
2836 5405 3148 5458 ἀντίστασιν
3220 5406 3311 5458 τὸν
3350 5405 3512 5460 αὑτὸν
3539 5405 3596 5458 δὲ
3633 5405 3751 5476 τρό-

2181 5506 2280 5542 πον
2333 5488 2426 5540 καὶ
2475 5489 2504 5540 ό
2553 5486 2821 5558 μακάριος
2869 5480 3042 5553 οὗτος,
3090 5488 3122 5557 ἡ
3167 5489 3551 5559 οὐρανομήκης
3589 5487 3751 5559 ψυχῆς

2178 5572 2439 5642 διεγεῖραι
2472 5570 2792 5640 βουλόμενος
2821 5570 2928 5623 τῶν
2957 5570 3161 5624 πιστῶν
3191 5572 3257 5623 τὰ
3292 5575 3636 5643 φρονήματα,
3665 5571 3756 5624 καὶ

2177 5656 2326 5708 κάτω
2351 5654 2622 5724 κείμενον,
2651 5656 2724 5717 ὡς
2754 5656 2946 5719 εἰπεῖν,
2977 5654 3156 5707 αὐτῶν
3189 5655 3282 5707 τὸν
3313 5657 3570 5726 λογισμδν
3601 5657 3750 5724 ἀνορ-

2179 5736 2346 5792 θῶσαι
2395 5737 2768 5808 ἐπειγόμενος,
2819 5736 2989 5801 οὕτως
3025 5737 3226 5809 ἤρξατο
3257 5737 3427 5807 λέγων
3452 5756 3464 5768 ’
3505 5740 3748 5809 Οἴδαμεν
