4060 6252
515 369 613 422 lli?

507 487 668 544 Deum
684 485 852 541 omnia
873 490 1205 552 cooperantur
1229 479 1280 532 in
1308 479 1491 530 bonum
1515 475 1686 542 (Rom.
1716 474 1767 528 8.
1785 472 1898 542 28).
1928 469 2084 523 Vides

505 578 836 650 prudentiam
877 570 1260 643 apostolicam?
1289 569 1404 624 Non
1431 567 1564 622 dixit.
1581 607 1598 631 ,
1620 566 1744 620 Scio
1763 605 1778 628 ,
1805 562 1899 618 sed
1922 603 1938 627 ,
1963 559 2083 635 8ςὶ-

417 704 421 708 ~
504 687 635 733 nius,
665 678 724 721 ut
766 666 913 735 ipsos
939 663 1003 717 ad
1029 676 1306 716 assensum
1341 657 1682 729 praebendum
1711 653 1936 708 orationi
1969 650 2080 720 pel-

503 760 708 823 liceret,
735 754 878 827 quod
905 752 1248 823 diligentibus
1289 751 1454 805 Deum
1501 748 1681 800 omnia
1721 751 2081 812 coeperentnr

503 853 556 905 in
608 849 828 904 bonum.
883 843 1283 906 Animadverte,
1323 854 1484 908 quam
1542 843 1790 891 accurate
1843 834 2088 902 loquatur

504 939 796 1011 apostolus.
840 936 955 992 Non
1006 936 1173 998 dixit,
1204 933 1304 1000 Qui
1362 930 1529 984 Deum
1578 926 1836 995 diligunt,
1885 922 2088 977 evitant

503 1032 663 1096 mala,
693 1030 985 1084 liberantur
1001 1042 1030 1080 a
1053 1023 1462 1091 tentatiouibus;
1495 1019 1610 1083 sed,
1632 1018 1857 1076 Scimus,
1883 1013 2077 1084 inquit,

507 1122 611 1178 hoc
634 1130 735 1185 est,
766 1131 1079 1189 persuasum
1111 1116 1266 1170 nobis
1295 1122 1406 1174 est,
1430 1111 1690 1164 certiores
1727 1105 1848 1161 facti
1877 1119 2083 1168 sumus,

505 1217 619 1285 ipsa
650 1228 827 1269 rerum
855 1209 1180 1280 experientia
1209 1207 1381 1260 edocti
1409 1201 1900 1258 demonstrationes
1927 1212 2086 1252 acce-

503 1308 678 1374 pimus
707 1322 720 1358 :
753 1304 954 1359 Scimus
990 1301 1226 1370 quoniam
1262 1295 1582 1367 diligentibus
1610 1291 1771 1346 Deum
1793 1289 1962 1344 omnia
1995 1305 2089 1342 co-.

505 1405 776 1466 aperantur
800 1394 851 1447 in
877 1392 1080 1446 bonum.

572 1485 630 1540 2.
672 1483 944 1538 Verborum
975 1479 1202 1548 Apostoli
1228 1487 1415 1546 quanta
1444 1475 1538 1528 eis.
1573 1472 1875 1526 Macedones
1901 1469 2089 1539 ingrati

506 1580 558 1633 in
597 1575 875 1646 apostolos.
913 1572 1016 1629 Cur
1055 1575 1241 1641 eiectus
1284 1570 1482 1623 damton
1525 1567 1695 1637 fuerit.
1726 1592 1798 1605 --
1825 1564 2088 1630 Quantam

507 1669 633 1724 huic
665 1667 812 1723 brevi
853 1665 1072 1721 dictioni
1102 1664 1208 1717 vim
1256 1661 1434 1716 inesse
1481 1655 1846 1712 arbi:ramini?
1875 1654 2083 1718 Omnia,

508 1761 698 1830 inquit,
729 1767 1067 1827 cooperantur
1093 1755 1160 1809 .in
1198 1753 1404 1808 bonum.
1435 1749 1552 1806 Noli
1590 1748 1732 1804 enim
1765 1747 1894 1801 mihi
1928 1746 2088 1815 hujus

506 1854 629 1906 vitae
669 1847 947 1905 commoda
987 1857 1443 1907 commemorare,
1487 1855 1662 1910 neque
1704 1838 2089 1907 jucunditatem

509 1953 712 1999 tantum
739 1950 831 1997 aut
855 1939 1192 1996 securitatem
1220 1937 1400 1991 animo
1425 1935 1625 1998 volvas,
1646 1933 1740 1988 sed
1769 1931 1928 1987 etiam
1955 1944 2089 1985 con-

509 2036 693 2102 traria,
715 2046 962 2089 carceres
984 2069 1002 2097 ,
1032 2027 1404 2084 tribulationes
1420 2067 1435 2089 ,
1461 2022 1679 2078 insidias
1697 2063 1714 2088 ,
1755 2020 2092 2092 quotidianus

509 2128 770 2190 incursus,
797 2138 860 2178 ae
909 2131 1020 2176 tum
1059 2117 1306 2174 dictionis
1331 2116 1436 2170 vim
1488 2121 1736 2168 accurate
1771 2124 2086 2182 cognosces.

508 2222 586 2274 Ac
613 2234 681 2273 ne
713 2216 848 2271 forte
884 2213 950 2269 ad
978 2213 1136 2282 longe
1167 2207 1392 2280 petenda
1423 2204 1668 2275 exempla
1694 2201 1970 2259 caritatem
1994 2217 2090 2255 vc-

505 2318 670 2365 stram
689 2306 970 2366 abducam,
991 2300 1217 2373 paucula
1235 2296 1501 2370 qua-dam,
1528 2296 1571 2350 si
1602 2295 1768 2357 lubet,
1793 2309 1859 2347 ex
1885 2291 1952 2348 iis
1969 2306 2091 2362 qua:

506 2399 664 2454 beato
692 2396 777 2451 isti
799 2393 1109 2450 acciderunt
1128 2432 1144 2457 ,
1177 2392 1230 2444 in
1257 2387 1490 2443 medium
1521 2382 1876 2454 proferamus,
1904 2390 1959 2436 et
1985 2382 2088 2434 vim

507 2491 661 2546 istius
703 2489 848 2543 verbi
887 2484 1240 2556 cognoscetis.
1272 2481 1406 2536 Nam
1445 2495 1567 2534 eum
1604 2477 1856 2547 regiones
1900 2489 2089 2529 omnes

505 2579 848 2642 circumiens,
877 2577 1090 2648 pietatis
1131 2575 1353 2628 verbum
1399 2584 1678 2640 spargens,
1720 2568 1902 2636 spinas
1947 2565 2091 2620 cvi-l-

508 2675 644 2739 lens,
668 2669 947 2724 veritatem
973 2667 1026 2722 in
1046 2665 1378 2734 singulorum
1396 2661 1585 2715 animis
1606 2661 1845 2729 plantare
1867 2667 2088 2711 conten-

506 2764 662 2831 deus,
711 2761 779 2817 ad
823 2761 1008 2816 urbem
1052 2755 1336 2828 quamdam
1391 2752 1684 2822 appulisset
1735 2747 2088 2816 Macedoniae,

504 2851 954 2927 quemadmodum
977 2848 1162 2904 beatus
1193 2846 1393 2910 Lucas,
1423 2843 1469 2898 is
1491 2840 1580 2912 qui
1615 2840 1807 2894 librum
1831 2841 2086 2894 Actorum

507 2943 826 3017 composuit,
862 2941 1014 2996 nobis
1039 2937 1328 3003 enarravit,
1357 2932 1604 2989 ancillam
1627 2929 1935 3004 quamdam,
1971 2945 2090 2999 qum

507 3038 796 3109 malignum
849 3031 1079 3089 habebat
1121 3028 1588 3100 spiritum,neque
1641 3031 1818 3077 tacere
1862 3027 2087 3090 potent,

505 3129 602 3186 sed
628 3127 906 3189 circuibat,
931 3133 983 3179 et
1007 3123 1206 3191 ubique
1243 3118 1364 3173 illos
1397 3114 1659 3171 dzrmonis
1700 3127 1863 3181 opera
1891 3111 2093 3182 patefa-

513 3233 639 3275 cere
661 3215 895 3282 volebat,
920 3212 1084 3268 multa
1128 3224 1247 3264 cum
1288 3206 1622 3268 auctoritate,
1661 3203 1780 3257 solo
1821 3202 1986 3256 verbo
2029 3215 2091 3253 ac

510 3312 659 3382 jussu
686 3319 954 3376 tamquam
983 3304 1328 3357 verberonem
1357 3297 1642 3370 quemdam
1669 3295 1913 3366 abigens,
1947 3294 2088 3348 illam

507 3420 538 3458 a
562 3415 724 3473 pravo
748 3399 993 3454 diemone
1033 3393 1312 3449 liberasset
1344 3407 1358 3442 :
1388 3404 1510 3444 cum
1543 3387 1682 3441 illius
1711 3385 1858 3440 urbis
1888 3386 2090 3439 incolas

506 3494 830 3566 oportuisset
847 3499 1118 3558 tamquam
1141 3483 1508 3540 benefactores
1531 3497 1657 3536 suos
1679 3494 1743 3535 ac
1767 3478 1952 3532 salutis
1979 3493 2089 3532 sure

507 3586 743 3642 vindices
770 3583 1026 3652 deinceps
1069 3577 1342 3648 apostolos
1371 3573 1589 3638 intueri,
1613 3583 1772 3644 atque
1807 3570 1954 3625 onmi
1995 3586 2089 3625 eos

507 3676 800 3731 ofﬁciorum
845 3685 1042 3743 genere
1085 3674 1488 3739 prosequentes,
1525 3669 1729 3717 tantum
1771 3662 2086 3716 bene'Icium

508 3763 874 3826 remunerari,
926 3761 1000 3814 illi
1050 3760 1205 3829 plane
1246 3754 1510 3811 contraria
1557 3751 1875 3821 rependunt.
1915 3752 2089 3818 Atque

507 3855 631 3911 audi
659 3867 766 3924 quo
805 3860 960 3922 pacto
1001 3850 1121 3904 illos
1147 3857 1581 3902 remunerentur.
1621 3843 1871 3904 Videntes,
1897 3841 2086 3911 inquit,

507 3946 699 4003 domini
724 3946 850 4016 ejus,
879 3943 1000 4014 quia
1024 3941 1172 3995 exivit
1197 3955 1312 4006 spes
1340 3947 1558 4006 quaestus
1583 3951 1778 4000 eorum,
1801 3935 2089 4004 apprehen—

505 4042 677 4096 dentes
701 4036 924 4092 Paulum
946 4044 994 4088 et
1023 4031 1188 4088 Silam
1218 4029 1561 4099 perduxerunt
1587 4029 1638 4079 in
1657 4029 1822 4096 forum
1844 4025 1912 4077 ad
1943 4026 2089 4093 prin-

505 4134 674 4201 cipes,
703 4137 751 4180 et
792 4123 1055 4191 offerentes
1077 4137 1162 4174 eos
1191 4117 1593 4187 magistratibus,
1631 4131 1745 4167 cum
1788 4114 1973 4167 multas
2020 4115 2090 4167 eis

512 4221 688 4291 plagas
707 4213 1082 4282 imposuissent,
1112 4209 1354 4262 miserunt
1398 4223 1481 4260 eos
1523 4206 1575 4259 in
1603 4221 1874 4270 carcerem,
1907 4207 2091 4276 pra-ri-

512 4308 702 4375 pientes
743 4301 972 4367 custodi,
999 4309 1052 4352 ut
1085 4298 1353 4367 diligenter
1393 4313 1477 4350 eos
1517 4295 1788 4349 custodiret
1835 4295 1970 4368 (Act.
2000 4297 2087 4352 16.

512 4394 719 4466 19-23).
755 4391 958 4448 Videtis
1001 4402 1264 4443 smmuam
1307 4386 1450 4440 illius
1479 4385 1626 4439 urbis
1655 4385 1949 4440 incolarum
1993 4386 2090 4440 im-

512 4485 867 4562 probitatem?
895 4485 1084 4539 videtis
1113 4483 1473 4552 apostolorum
1517 4481 1824 4553 patientiam
1859 4496 1922 4536 ac
1950 4482 2087 4535 tole-

515 4579 780 4638 rantiam?
809 4579 1128 4648 Exspectate
1155 4574 1441 4646 paulisper,
1471 4583 1527 4628 et
1556 4573 1647 4627 Dei
1677 4573 1922 4629 videbitis
1952 4573 2093 4627 beni-

512 4671 791 4742 gnitatem.
817 4667 949 4724 Cum
991 4668 1132 4723 enim
1184 4666 1395 4737 sapiens
1437 4665 1507 4719 sit
1552 4679 1615 4719 ac
1662 4665 1852 4731 solers,
1884 4681 1989 4720 non
2038 4665 2089 4719 in

510 4759 771 4831 principio
800 4773 900 4813 nec
928 4757 981 4812 in
1018 4756 1256 4814 exordiis
1282 4756 1419 4811 mala
1449 4755 1607 4822 tollit,
1633 4755 1728 4811 sed
1757 4771 1879 4810 cum
1915 4757 2090 4811 incre-

511 4861 748 4907 mentum
777 4849 1080 4919 accepcrint
1120 4848 1546 4904 adversariorum
1591 4849 1894 4916 molimina,
1921 4858 1975 4904 et
2003 4865 2090 4905 re-

512 4947 610 5001 bus
645 4944 775 5015 ipsis
815 4943 1133 4998 athletarum
1176 4943 1398 5013 probata
1438 4944 1689 5015 patientia
1720 4944 1898 5012 fuerit,
1930 4955 1985 4999 ct
2015 4947 2094 4998 in-

514 5037 786 5102 notuerit,
831 5043 941 5089 tum
979 5034 1274 5090 subsidium
1321 5051 1476 5090 suum
1517 5038 1724 5108 praebet
1757 5053 1772 5091 :
1801 5053 1869 5092 ne
1914 5037 2096 5093 direre

516 5129 681 5198 possit
711 5128 870 5193 nllus,
893 5128 1010 5182 illos
1037 5127 1236 5183 ideirco
1263 5139 1452 5198 sponte
1477 5130 1726 5199 periculis
1751 5146 1810 5185 se
1835 5130 2090 5200 oltjicere,

511 5217 655 5288 quod
693 5232 755 5272 se
807 5216 940 5272 nihil
993 5218 1274 5274 molestum
1331 5235 1582 5289 passuros
1629 5236 1749 5276 esse
1796 5221 2089 5277 confidant.

516 5309 664 5364 llanc
694 5308 943 5364 nimirum
983 5309 1053 5364 ob
1080 5324 1294 5364 causam
1341 5309 1595 5380 quosdam
1641 5313 1800 5367 etiam
1841 5313 2092 5368 ineffabili

513 5400 741 5470 quadam
773 5402 1030 5471 sapientia
1062 5402 1116 5455 in
1143 5401 1295 5456 malis
1319 5402 1638 5472 derelinquit
1656 5444 1672 5470 ,
1704 5405 1962 5476 quosdam
1991 5408 2096 5461 ori-

520 5491 615 5561 pit,
635 5499 690 5546 ut
705 5507 771 5546 ex
787 5492 1031 5547 omnibus
1055 5493 1231 5547 discas
1252 5509 1512 5548 summam
1541 5496 1657 5564 ejus
1683 5497 2091 5568 benignitatem,

523 5583 802 5653 ipsumque
851 5585 1050 5654 majora
1101 5585 1204 5640 illis
1245 5588 1459 5656 pnrmia
1509 5599 1927 5659 prmparantem,
1961 5595 2094 5646 mala

522 5671 828 5743 frequenter
867 5677 1044 5745 augeri
1091 5680 1416 5746 permittere.
1453 5679 1527 5732 lta
1559 5681 1657 5733 hoc
1687 5681 1846 5736 etiam
1876 5682 1993 5736 loco
2023 5684 2094 5737 fe-

523 5767 614 5821 cit.
647 5765 775 5822 l‘ost
801 5773 1004 5822 tantum
1029 5769 1337 5825 miraculum
1371 5788 1431 5827 ac
1461 5771 1795 5842 beneﬁcium,
1829 5776 1968 5845 quod
1996 5775 2093 5831 im-

1208 365 1266 417 S.
1304 357 1581 417 JO.\NNlS
1611 351 2082 411 (IllRYSOSTOMI
2125 350 2440 406 AllCHlEP.
2479 353 3016 410 CONSTANTINOI‘.

3674 360 3783 415 168

2194 469 2425 538 pudeute
2463 470 2555 527 illo
2589 471 2832 527 dannone
2878 472 3052 542 ejecta
3076 474 3431 540 contulerant,
3461 474 3615 546 virgis
3658 458 3782 532 illos

2189 562 2320 617 caedi
2353 565 2612 633 permisit,
2631 573 2685 618 et
2715 567 2766 620 in
2787 580 3054 620 carcerem
3087 566 3241 620 mitti.
3278 566 3411 622 llinc
3431 577 3573 623 enim
3599 571 3783 624 maxi-

2194 669 2279 709 me
2311 655 2404 710 Dei
2443 656 2612 710 virtus
2639 657 2798 710 etiam
2833 657 3095 712 elucebat.
3119 658 3457 728 Quapropter
3500 671 3552 716 et
3588 661 3782 717 beatus

2193 744 2281 798 hic
2317 745 2527 800 dicebat
2558 761 2572 798 :
2604 745 2952 801 Libentissime
2993 748 3250 818 gloriabor
3295 751 3348 802 in
3396 751 3781 818 inﬁrmitatibus

2191 837 2335 904 meis,
2355 846 2408 890 ut
2427 836 2668 891 inhabitet
2680 838 2734 890 in
2751 854 2828 890 me
2846 840 3000 892 virtus
3013 837 3234 904 Christi;
3256 849 3310 894 et
3334 856 3537 905 rursus,
3559 843 3685 895 Cum
3704 845 3785 895 in-

2191 929 2386 996 ﬁrmor,
2404 939 2522 982 tunc
2539 941 2713 998 potens
2723 947 2832 983 sum
2853 930 2870 999 (
2890 929 2944 984 2.
2961 929 3080 986 Cor.
3098 932 3186 986 12.
3205 931 3397 1004 9.10),
3419 933 3782 988 inﬁrmitati-tn

2190 1023 2469 1078 continuas
2496 1023 2817 1078 teutationcs
2843 1023 3136 1092 appellans.
3163 1022 3272 1078 Sed
3307 1035 3512 1093 quaeret.
3547 1025 3776 1081 fortasse

2190 1113 2452 1182 quispiam
2482 1112 2583 1168 hoc
2607 1113 2746 1176 loco,
2777 1113 2929 1181 cujus
2970 1114 3049 1169 rei
3085 1116 3255 1184 gratia
3284 1115 3582 1169 da-moneu't
3604 1133 3783 1185 CXIIII-

2193 1205 2351 1260 leriut
2377 1206 2505 1260 nihil
2542 1207 2672 1278 ipsis
2705 1207 3187 1268 contradicentem,
3215 1209 3309 1262 sed
3339 1210 3511 1277 potius
3539 1211 3661 1264 illos
3690 1229 3784 1280 pa-

2193 1297 2560 1361 tefacicntem;
2593 1297 2767 1367 spatio
2791 1299 2987 1368 quippe
3024 1300 3310 1352 tnultorum
3339 1299 3546 1353 dierum
3577 1302 3784 1355 clama-

2193 1387 2282 1440 bat
2304 1385 2490 1442 dicens
2519 1403 2533 1440 :
2567 1385 2663 1441 Isti
2711 1388 2936 1442 homines
2980 1389 3111 1443 servi
3161 1387 3258 1442 Dei
3301 1391 3481 1444 excelsi
3518 1401 3671 1458 sunt,
3698 1394 3786 1460 qui

2191 1479 2496 1531 annantiant
2525 1478 2668 1533 nobis
2682 1479 2813 1532 aiam
2837 1479 3015 1534 salutis
3040 1477 3176 1551 (Act.
3204 1482 3288 1534 lli.
3316 1482 3421 1550 l7).
3444 1483 3520 1540 Ne
3545 1484 3783 1549 mireris,

2192 1569 2467 1624 carissime
2494 1585 2508 1622 :
2539 1585 2660 1624 nam
2689 1579 2744 1624 et
2781 1569 2883 1625 hoc
2921 1570 3215 1638 prudentiae
3243 1572 3339 1626 fuit
3371 1576 3687 1645 apostolicae
3716 1591 3781 1631 ac

2195 1660 2433 1716 beneﬁcii
2467 1660 2699 1731 Spiritus
2737 1664 2930 1717 sancti.
2964 1661 3110 1716 Licet
3149 1665 3292 1717 enim
3320 1666 3653 1719 Contrarium
3680 1667 3786 1722 illis

2192 1751 2396 1807 diceret
2437 1751 2590 1817 nihil,
2625 1768 2693 1807 ne
2728 1762 2903 1806 tamen
2949 1753 3072 1808 inde
3115 1753 3274 1808 ﬁdem
3303 1755 3406 1809 sibi
3436 1755 3650 1810 daemon
3681 1756 3786 1811 alio

2192 1858 2350 1912 quam
2399 1843 2728 1909 conciliaret,
2764 1852 2814 1898 et
2865 1844 2917 1898 iu
2973 1843 3094 1898 aliis
3148 1843 3504 1913 simpliciores
3556 1847 3785 1902 subdole

2196 1945 2374 2003 pos~et
2413 1934 2712 2000 attrahere,
2742 1943 3019 2004 propterea
3066 1949 3188 1989 cum
3230 1935 3302 1988 illi
3347 1950 3409 1989 os
3454 1936 3781 2004 obturasset,

2191 2025 2366 2095 ejccit,
2399 2041 2572 2095 neque
2613 2025 2736 2079 sivit
2777 2039 2841 2080 ea
2896 2025 3158 2095 proloqui,
3207 2043 3325 2094 qua:
3377 2027 3700 2098 dignitatem
3729 2041 3784 2083 et

2192 2125 2406 2185 captum
2437 2116 2554 2186 ejus
2583 2116 2933 2172 excedebant.
2969 2116 3077 2172 l‘loc
3103 2127 3279 2171 autem
3309 2119 3574 2187 pra'stitit,
3599 2128 3663 2174 ut
3688 2119 3784 2173 do-

2194 2208 2322 2261 mini
2353 2208 2436 2262 sui
2461 2208 2694 2278 vestigiis
2719 2208 2989 2264 insisteret
3027 2225 3041 2262 :
3074 2224 3195 2263 nam
3226 2210 3293 2263 ad
3323 2212 3469 2264 illum
3499 2213 3665 2266 etiam
3693 2227 3783 2266 ac-

2191 2297 2445 2353 cedentes
2473 2298 2724 2354 dicebant
2755 2317 2767 2352 :
2803 2299 3006 2354 Scimus
3050 2311 3099 2353 te
3138 2301 3249 2369 quis
3287 2301 3377 2364 sis,
3428 2312 3635 2354 sanctas
3690 2301 3785 2355 Dei

2195 2389 2346 2458 (Luc.
2379 2391 2432 2445 ι.
2464 2389 2579 2462 54),
2607 2401 2661 2444 et
2691 2402 2866 2446 tamen
2894 2391 3010 2446 htec
3038 2392 3276 2448 dicentes
3305 2408 3400 2448 eos
3425 2393 3694 2462 ejiciebat.
3727 2393 3781 2448 Id

2192 2495 2322 2536 vero
2352 2481 2506 2534 ﬁebat
2535 2481 2586 2535 in
2607 2483 3005 2537 accusationem
3031 2482 3419 2551 impudentium
3446 2483 3781 2549 Judaaorum,

2192 2573 2337 2638 quod
2371 2571 2442 2624 illi
2464 2570 2681 2639 quidem
2709 2571 2966 2626 miracula
2987 2572 3226 2640 quotidie
3247 2582 3528 2628 cernentes
3548 2583 3605 2627 et
3626 2574 3756 2627 imm

2193 2678 2339 2716 mera
2370 2662 2604 2732 prodigia
2637 2662 2775 2728 ﬁeri,
2800 2678 2903 2717 non
2933 2662 3218 2718 crederent
3248 2679 3263 2716 :
3295 2661 3568 2719 dmmones
3594 2675 3781 2720 autem

2192 2763 2563 2824 agnoscerent,
2594 2768 2823 2822 eumque
2854 2754 2944 2808 Dei
2980 2752 3170 2808 Filium
3202 2753 3511 2809 faterentur.

2263 2845 2316 2901 ὅ.
2377 2844 2531 2898 Pauli
2573 2854 2617 2899 et
2671 2844 2799 2900 Sila:
2834 2847 3002 2914 favor
3031 2855 3076 2900 et
3125 2846 3374 2900 liberatio.
3438 2846 3522 2902 l’is
3562 2849 3784 2918 hymno-

2192 2953 2308 2991 rum
2371 2946 2561 3006 quanta
2605 2936 2716 3001 sit;
2761 2953 2852 2989 cur
2895 2936 3002 2990 [nec
3061 2937 3228 2990 media
3273 2947 3417 2991 nocte
3457 2939 3660 3006 ﬁerent.
3718 2967 3784 2979 -—-

2191 3029 2297 3086 Sed
2357 3029 2426 3084 ad
2493 3029 2688 3084 seriem
2757 3029 2982 3083 instituti
3046 3032 3312 3084 sermonis
3357 3030 3661 3084 redeamus.
3718 3032 3786 3086 lit

2195 3123 2354 3192 igitur
2381 3120 2601 3175 discatis
2626 3161 2642 3186 ,
2673 3134 2782 3189 quo
2809 3131 2966 3188 pacto
2997 3120 3342 3189 diligentibus
3392 3121 3556 3175 Deum
3601 3124 3787 3175 omnia

2191 3221 2547 3282 coopercutur
2578 3212 2629 3265 in
2659 3210 2886 3274 bonum,
2921 3219 3087 3264 totam
3125 3210 3276 3265 vobis
3297 3211 3570 3265 historiam
3599 3226 3788 3281 opera:

2195 3306 2420 3376 pretium
2485 3303 2645 3357 fuerit
2697 3303 2947 3369 recitari,
3003 3311 3060 3356 ut
3117 3303 3239 3356 inde
3287 3307 3621 3374 cognoscatis
3675 3321 3789 3371 quo

2195 3403 2351 3464 pacto
2380 3402 2498 3462 post
2527 3392 2770 3456 verbera,
2792 3401 2912 3461 post
2941 3407 3214 3447 carcerem
3241 3434 3256 3458 ,
3289 3394 3469 3446 omnia
3496 3394 3586 3447 Dei
3610 3397 3784 3464 gratia

2194 3484 2245 3538 in
2274 3485 2470 3539 bonum
2502 3485 2738 3538 mutarit.
2763 3483 2868 3538 Sed
2895 3483 3191 3550 videamus,
3215 3499 3320 3554 qua
3348 3486 3556 3541 ratione
3590 3487 3784 3540 beatus

2197 3575 2246 3629 id
2281 3575 2453 3630 Lucas
2480 3573 2677 3628 indicet
2705 3573 3074 3628 dicens:(.'um
3115 3585 3285 3629 autent
3337 3579 3436 3629 tale
3475 3588 3786 3646 prteceptuus

2194 3669 2466 3737 accepisset
2507 3667 2721 3719 carceris
2747 3676 2934 3729 custos,
2962 3666 3094 3719 misit
3116 3682 3200 3719 eos
3227 3667 3278 3720 in
3300 3666 3586 3720 interiorem
3603 3685 3781 3723 carce-

2192 3775 2317 3823 rem,
2342 3767 2387 3810 et
2405 3757 2553 3826 pedes
2572 3772 2744 3810 eorum
2773 3756 2976 3810 strinxit
2996 3756 3132 3826 ligno
3159 3757 3299 3826 (Act.
3323 3757 3408 3811 l6.
3436 3756 3550 3828 Ἡ).
3593 3760 3784 3814 Anim-

2192 3849 2409 3903 adverte
2438 3862 2545 3918 quo
2583 3856 2739 3917 pacto
2780 3857 3073 3916 augeantur
3113 3847 3249 3902 mala
3274 3889 3290 3910 ,
3319 3856 3376 3901 ut
3415 3848 3782 3918 apostolorum

2191 3941 2351 3994 etiam
2391 3939 2642 4007 patientia
2677 3939 2768 3991 liat
2797 3938 3056 3991 illustridr
3077 3979 3092 4002 ,
3125 3948 3178 3991 ct
3209 3939 3463 3991 immensa
3495 3939 3586 3992 Dei
3613 3938 3782 3992 virtus

2193 4033 2440 4111 omnibus
2465 4031 2745 4086 manifesta
2773 4031 3047 4086 reddantur.
3081 4030 3217 4084 Audi
3261 4045 3390 4084 vero
3414 4031 3542 4099 quid
3585 4047 3782 4100 sequao

2196 4133 2280 4177 tur
2310 4139 2323 4176 :
2365 4122 2514 4176 addit
2539 4121 2684 4176 enim
2702 4163 2718 4186 ,
2750 4121 2922 4175 Media
2967 4131 3136 4174 autem
3178 4131 3322 4174 nocte
3351 4120 3544 4174 Paulus
3564 4130 3611 4173 et
3638 4121 3781 4176 Silus

2193 4226 2394 4270 orantes
2435 4213 2712 4268 laudabant
2749 4212 2910 4266 Deunt
2941 4214 2958 4282 (
2994 4211 3076 4266 Ib.
3111 4229 3158 4266 υ.
3192 4213 3262 4267 25
3291 4215 3334 4283 ).
3367 4212 3500 4268 Vide
3542 4214 3777 4268 animum

2198 4308 2510 4372 excitatum,
2540 4305 2662 4360 vide
2688 4305 2898 4374 vigilem
2927 4313 3158 4358 mentem
3189 4322 3203 4360 :
3237 4320 3302 4358 ne
3333 4315 3534 4360 temere
3562 4314 3779 4375 prteter-

2195 4415 2380 4455 eamus
2424 4413 2544 4470 qua:
2570 4397 2710 4451 dicta
2740 4405 2896 4461 Slllll,
2923 4395 3275 4450 dilectissimi.
3315 4396 3427 4449 Non
3483 4396 3623 4449 enim
3662 4397 3778 4450 sine

2197 4509 2353 4548 causa
2385 4503 2593 4562 tempus
2617 4491 2789 4561 ipsum
2826 4490 3123 4560 designavit
3155 4489 3369 4551 d;eens,
3403 4487 3576 4543 Media
3607 4498 3774 4541 autem

2196 4595 2368 4647 nocte,
2411 4581 2506 4637 sed
2535 4581 2676 4653 quod
2704 4582 2866 4635 vellet
2893 4579 3174 4636 ostendere
3197 4622 3212 4646 ,
3246 4580 3296 4634 id
3338 4590 3544 4650 gestum
3573 4594 3694 4635 esse
3715 4595 3778 4634 eo

2198 4685 2474 4745 tempore,
2520 4689 2628 4745 quo
2664 4674 2873 4728 caeteris
2921 4673 3168 4728 omnibus
3221 4672 3394 4727 dulcis
3440 4671 3652 4727 advenit
3687 4687 3777 4727 so-

2197 4782 2374 4834 mnus,
2397 4775 2451 4821 et
2476 4766 2754 4837 palpebras
2781 4764 3059 4833 consopit,
3085 4774 3140 4820 et
3162 4780 3268 4833 quo
3294 4764 3328 4819 ii
3352 4805 3366 4827 ,
3399 4764 3666 4832 prarcipue
3690 4763 3776 4833 qui

2198 4860 2379 4912 multis
2412 4857 2688 4912 doloribus
2735 4871 2799 4912 ac
2845 4855 3104 4910 molestiis
3149 4865 3275 4909 sunt
3315 4855 3561 4920 obsessi,
3591 4868 3780 4909 somno

2196 4948 2392 5018 corripi
2438 4949 2651 5004 solent:
2678 4957 2789 5002 tum
2829 4947 3009 5017 igitur,
3048 4946 3236 5014 inquit,
3265 4961 3388 5000 cum
3418 4944 3650 5014 undique
3695 4960 3780 4998 soo

2199 5042 2306 5097 mni
2353 5042 2432 5095 vis
2485 5041 2849 5095 dominaretur
2902 5047 2958 5094 et
3007 5039 3209 5108 vigeret
3237 5075 3254 5101 ,
3288 5047 3411 5092 tunc
3464 5037 3538 5091 illi
3568 5036 3780 5090 Orontes

2201 5132 2364 5188 Deam
2391 5131 2688 5196 laudabant,
2721 5129 2904 5184 ethoc
2932 5144 3042 5183 sua:
3065 5129 3118 5183 in
3159 5129 3308 5184 illum
3339 5129 3576 5183 caritatis
3614 5129 3779 5180 Inani-

2201 5241 2348 5280 mum
2400 5222 2653 5278 iudicium
2714 5221 2965 5277 edebant.
3014 5220 3147 5276 Nam
3196 5221 3644 5290 quemadmodum
3687 5233 3812 5293 nos

2202 5318 2412 5387 quoties
2439 5315 2714 5372 doloribus
2751 5315 2991 5384 corporis
3015 5313 3345 5376 divexanmr,
3368 5313 3778 5383 propinquorum

2201 5425 2548 5482 congressum
2591 5407 2930 5478 requirimus,
2965 5416 3023 5459 ut
3072 5405 3420 5458 intentionem
3445 5403 3647 5458 doloris
3673 5402 3780 5455 illo-

2204 5519 2321 5557 rum
2353 5502 2589 5572 alloquio
2616 5500 2917 5569 mitigemus
2949 5516 2962 5550 :
3005 5498 3082 5552 sic
3125 5497 3284 5552 etiam
3328 5496 3379 5550 hi
3411 5497 3580 5549 sancti
3606 5507 3782 5550 amore

2204 5595 2257 5650 in
2284 5595 2565 5649 Dominum
2589 5591 2919 5652 inﬂammati.
2951 5606 3014 5644 ac
3041 5605 3222 5644 sacros
3249 5587 3476 5658 hymnos
3504 5586 3782 5642 oﬂ'ercntes

2210 5701 2277 5740 ne
2307 5699 2520 5740 sensum
2555 5683 2769 5754 quidem
2807 5683 3015 5736 illarum
3066 5681 3426 5734 molestiarum
3468 5679 3781 5747 capiebant,

2207 5776 2299 5834 scd
2324 5776 2416 5833 toti
2445 5776 2496 5830 in
2529 5775 2822 5831 orationem
2863 5772 3237 5834 incumbebant
3263 5813 3276 5834 .
3307 5781 3364 5829 ct
3394 5770 3686 5827 mirabilem
3724 5768 3777 5820 il-
