4060 6252
562 340 664 398 169

555 456 803 521 ἐκείνων,
836 457 956 511 ἀλλ’
988 456 1099 510 ὅλοι
1137 456 1238 527 τῆς
1280 458 1561 528 ἱκετηρίας
1591 457 1854 528 ἐγίνοντο.
1893 458 1988 513 καὶ
2026 456 2126 528 τήν

556 544 876 614 θαυμαστὴν
917 539 1134 612 ἐκείνην
1180 541 1454 611 ὑμνῳδίαν
1489 542 1775 611 ἀνέφερον,
1823 542 1916 596 καὶ
1946 540 2131 595 λοιπὸν

555 624 821 695 ἐκκλησία
845 624 1055 693 ἐγένετο
1083 624 1147 676 τὸ
1169 622 1564 696 δεσμωτήριον,
1606 627 1702 679 καὶ
1734 626 1764 678 ό
1787 626 1950 687 τόπος
1984 624 2131 687 ἅπας

551 709 813 782 ήγιάζετο
840 708 928 763 διὰ
952 708 1053 776 τῆς
1080 708 1356 778 ὑμνῳδίας
1394 709 1504 762 τῶν
1535 709 1707 778 ἀγίων
1739 710 1984 764 ἐκείνων.
2022 708 2131 760 Καὶ
2156 744 2178 767 .

550 789 619 865 ἧν
645 794 773 846 ίδεῖν
804 791 1096 861 θαυμαστά
1131 791 1223 844 καὶ
1252 790 1533 861 παράδοξα
1558 792 1882 863 πράγματα,
1920 790 2129 863 ἀνθρώο

554 892 691 938 ’.τους
720 874 799 945 τῷ
831 872 974 941 ξύλῳ
1011 872 1493 943 προσδεδεμένους,
1533 876 1624 929 καὶ
1651 875 1802 929 οὐδὲν
1843 875 2131 946 ἐμποδιζο-

555 958 752 1028 μένους
796 956 933 1027 πρὸς
965 956 1064 1025 τὴν
1100 956 1397 1029 ὑμνῳδίαν.
1442 956 1545 1010 Τὸν
1588 957 1697 1028 7&9
1740 959 1996 1028 νήφοντα.
2037 957 2130 1011 καὶ

552 1039 1025 1113 ἐγρηγορότα,καὶ
1054 1038 1246 1103 ζέοντα
1275 1039 1438 1093 πόθον
1471 1040 1663 1110 ἔχοντα
1700 1043 1827 1113 περ)⁵
1857 1042 1948 1095 τὸν
1969 1041 2125 1106 Θεὸν,

550 1124 704 1179 οὐδὲν
734 1122 974 1177 κωλῦσαι
1006 1123 1296 1193 δυνήσεταί
1336 1139 1466 1176 ποτε
1496 1124 1595 1193 τῆς
1626 1124 1762 1191 πρὸς
1794 1125 1885 1177 τὸν
1928 1124 2134 1177 Δεσπό-

549 1226 651 1279 την
675 1205 965 1268 συνουσίας
985 1223 998 1236 ·
1034 1205 1178 1270 Θεὸς
1204 1206 1335 1276 γὰρ,
1368 1205 1555 1275 φησὶν,
1582 1204 1825 1275 ἐγαλνῖἱον
1854 1206 1969 1274 ἐγώ
1988 1207 2129 1274 ειμι,

551 1289 651 1343 καὶ
683 1291 755 1342 οὐ
794 1290 933 1351 Θεὸς
969 1287 1304 1354 πόρρωθεν·
1354 1288 1450 1340 καὶ
1485 1287 1645 1340 πάλιν
1691 1288 1949 1358 ἀλλαχοῦ,
2008 1290 2131 1340 Ἔτι

549 1373 890 1439 λαλοῦντός
916 1388 1032 1425 σου
1061 1372 1201 1439 ἐρῶ·
1248 1371 1394 1424 Ἰδοὺ
1428 1370 1685 1440 πάρειμι.
1719 1372 1890 1425 Ἔνθα
1922 1371 2031 1442 γὰρ
2064 1371 2131 1425 ἂν

552 1452 588 1530 ᾗ
618 1457 831 1511 διάνοια
864 1457 1131 1525 νήφουσα,
1163 1454 1461 1525 πτεροῦται
1489 1458 1518 1508 ό
1550 1454 1810 1525 λογισμὸς
1841 1455 1936 1508 καὶ
1960 1453 2133 1509 ἀπαλ-

550 1542 840 1603 λάττεται,
875 1539 952 1603 ὼς
984 1542 1178 1600 είπεῖν,
1223 1536 1315 1591 τοῦ
1360 1538 1660 1608 συνδέσμου
1709 1537 1804 1590 τοῦ
1855 1536 2127 1608 σώματος,

551 1625 648 1679 καὶ
696 1625 832 1696 πρὶς
867 1622 960 1677 τὸν
1004 1621 1340 1692 ποθούμενον
1382 1620 1698 1682 ἀνίπταται,
1749 1620 1844 1674 καὶ
1887 1622 1988 1691 τῆς
2025 1619 2131 1690 γῆς

552 1706 823 1777 ὑπερορᾷ.
866 1706 963 1759 καὶ
1004 1704 1113 1758 τῶν
1156 1704 1450 1775 ὁρωμένων
1499 1704 1757 1774 ἀνωτέρω
1806 1703 2128 1774 γενόμενος,

550 1792 690 1861 πρὸς
717 1791 924 1842 ἐκεῖνον
956 1788 1270 1856 ἐπείγεται·
1295 1786 1324 1838 ὃ
1352 1787 1416 1859 δὴ
1440 1793 1536 1841 καὶ
1563 1789 1783 1841 ἐπὶτῶν
1806 1788 1979 1856 ἁγίων
2003 1785 2129 1839 τού-

547 1890 659 1926 των
683 1870 994 1942 γεγένηται.
1025 1871 1169 1941 Ὅρα
1184 1869 1293 1941 γὰρ
1311 1870 1409 1942 τὴν
1437 1871 1781 1942 παραχρῆμα
1806 1871 1915 1923 τῶν
1944 1869 2130 1941 ῦμνων

549 1955 853 2025 ἐνέργειαν,
899 1953 996 2007 καὶ
1038 1954 1189 2016 ὅπως
1218 1954 1313 2007 καὶ
1359 1954 1417 2006 ἐν
1451 1952 1812 2024 δεσμωτηρίῳ
1846 1952 2130 2022 γενόμενοι

549 2041 646 2091 καὶ⁵
676 2036 756 2104 τῷ
793 2035 935 2104 ξύλῳ
968 2036 1409 2107 προσδεδεμένοι.
1459 2037 1554 2090 καὶ
1602 2039 1742 2107 μετά
1780 2039 1996 2107 γοήτων
2033 2037 2130 2091 καὶ

547 2120 784 2189 δεσμίων
808 2131 834 2159 ιι
863 2119 1343 2190 συναναμιγέντες.
1362 2118 1513 2191 [154]
1541 2119 1603 2172 οὐ
1632 2119 1793 2190 μόνον
1808 2120 1962 2173 ούδέν
1993 2137 2132 2192 παρ-

549 2203 878 2273 εϐλάϐησαν,
908 2202 1045 2257 ἀλλά
1104 2204 1201 2257 καὶ
1231 2202 1403 2274 ταύτῃ
1432 2202 1635 2273 μᾶλλον
1665 2202 2001 2274 ἐξέλαμψαν,
2033 2202 2129 2257 καὶ

545 2286 625 2356 τῷ
659 2287 800 2356 φωτὶ
843 2285 946 2354 τῆς
978 2285 1188 2349 οἰκείας
1236 2287 1439 2357 ἀρετῆς
1476 2287 1835 2357 κατηύγασαν
1877 2287 2127 2350 ἅπαντας

546 2373 675 2433 τοὺς
717 2370 779 2423 τὸ
809 2370 1185 2440 δεσμωτήριον
1226 2369 1533 2436 οίκοῦντας.
1579 2372 1646 2425 Ἦ
1692 2372 1803 2442 7&9
1841 2373 1994 2442 φωνὴ
2017 2371 2128 2424 τῶν

551 2452 713 2522 ἱερῶν
740 2450 927 2521 ὓμνων
954 2453 1179 2505 ἐκείνων
1201 2455 1282 2516 είς
1312 2452 1411 2523 τὴν
1437 2455 1671 2509 ἑκάστου
1690 2455 1803 2509 τῶν
1827 2454 2128 2524 δεσμωτῶν

549 2532 794 2588 είσιοῦσα
825 2534 1025 2604 ψυχήν,
1061 2535 1428 2604 μετέπλαττεν
1457 2537 1650 2608 αὑτήν.
1685 2538 1764 2602 ὡς
1796 2539 1992 2603 εἰπεῖν,
2030 2539 2130 2593 καὶ

553 2615 1006 2689 μετεῤῥύθμιζεν.
1039 2618 1233 2685 Ἄφνω
1260 2618 1389 2690 γὰρ,
1420 2621 1575 2690 φησὶ,
1606 2621 1862 2690 σεισμὸς
1891 2622 2129 2691 ἐγένετο

546 2705 753 2774 μέγας,
792 2703 950 2757 ὥστε
987 2705 1362 2773 σαλευθῆναι
1395 2708 1467 2761 τὰ
1490 2710 1734 2778 θεμέλια
1764 2709 1870 2763 τοῦ
1897 2709 2128 2780 δεσμω-
2183 2758 2187 2771 ,

547 2795 785 2860 εηρΙου,
831 2789 1229 2861 ἀνώχθησάν
1277 2809 1344 2847 τε
1411 2795 1773 2867 παραχρῆμα
1834 2802 1894 2853 αἱ
1954 2801 2127 2869 θύραι

547 2880 802 2943 ἅπασαι,
836 2880 933 2934 καί
981 2882 1226 2933 πάντων
1256 2881 1330 2934 τὰ
1361 2880 1557 2952 δεσμὰ
1582 2884 1789 2953 ἀνέθη.
1834 2881 1988 2951 Εἶδες
2016 2888 2127 2941 τῶν

546 2966 732 3037 ὓμνων
757 2965 864 3021 τῶν
892 2968 971 3030 είς
1000 2966 1091 3020 τὸν
1117 2966 1251 3020 Θεὸν
1277 2966 1375 3040 τήν
1396 2967 1661 3040 δύναμιν;
1688 2971 1765 3024 Οὑ
1792 2972 1954 3043 μόνον
1972 2975 2128 3029 αὐτοὶ

546 3053 953 3124 παρακλήσεως
979 3052 1296 3107 ἀπέλαυσαν
1338 3055 1389 3107 οί
1421 3056 1550 3119 τοὺς
1595 3054 1798 3127 ὕμνους
1826 3059 2127 3132 ἀναφέρον-

545 3157 658 3201 τες,
685 3139 821 3194 ἀλλά
850 3141 944 3193 καὶ
966 3140 1181 3193 πάντων
1206 3140 1272 3195 τὰ
1307 3140 1482 3213 δεσμά
1512 3142 1740 3214 λυθῆναι
1775 3147 2123 3217 παρεσκεύα-

550 3244 649 3282 σαν
672 3243 686 3257 ·
723 3229 810 3281 ἵνα
848 3228 1032 3300 δειχθῇ
1067 3230 1155 3283 διὰ
1211 3230 1321 3285 τῶν
1359 3234 1702 3305 πραγμάτων
1731 3237 1934 3300 αὐτῶν,
1975 3240 2125 3305 ὅπως

552 3314 682 3381 Τοῖς
718 3314 995 3384 ἀγαπῶσι
1026 3316 1131 3368 τὸν
1170 3317 1318 3371 Θεὸν
1347 3319 1544 3375 πάντα
1568 3324 1858 3395 συνεργεῖ
1871 3328 1959 3391 είς
1976 3327 2123 3396 ἀγα-

548 3403 675 3456 θόν.
723 3401 854 3455 Ἰδοὺ
901 3401 1009 3474 γὰρ
1046 3404 1139 3457 καὶ
1183 3405 1409 3474 πληγαὶ,
1455 3409 1550 3460 καὶ
1592 3408 1989 3483 δεσμωτήριον,
2028 3414 2123 3467 καὶ

548 3487 725 3554 ξύλον,
772 3489 867 3542 καὶ
900 3491 1036 3561 μετὰ
1084 3490 1193 3543 τῶν
1255 3492 1466 3562 δημίων
1512 3494 1775 3569 διαγωγὴ,
1831 3500 1925 3552 καὶ
1973 3501 2124 3571 ὅμως

543 3571 719 3630 ταῦτα
747 3576 969 3645 ἀγαθῶν
1003 3578 1256 3644 ὑπόθεσις
1287 3581 1577 3651 γεγένηται
1598 3586 1691 3638 καὶ
1717 3586 2122 3658 εὐδοκιμήσεως

552 3659 795 3730 ἀφορμὴ,
839 3660 938 3713 οὑκ
971 3660 1154 3726 αὐτοῖς
1204 3663 1384 3732 μόνον,
1418 3665 1537 3718 οὑδὲ
1564 3669 1677 3730 τοῖς
1707 3670 1915 3723 οίκοῦσι
1944 3672 2005 3724 τὸ
2034 3673 2121 3726 δε-

546 3749 858 3819 σμωτήριον
875 3747 1137 3817 δεσμίοις,
1164 3750 1299 3803 ἀλλά
1325 3751 1421 3805 καὶ
1451 3753 1599 3825 αὑτῴ
1622 3755 1701 3825 τῷ
1720 3756 2115 3828 δεσμοφύλακι.

549 3834 856 3901 Ἕξυπνος
899 3836 1030 3907 γὰρ,
1074 3836 1229 3907 φησὶ.
1270 3840 1585 3907 γενόμενος
1628 3845 1661 3896 ὁ
1699 3843 2113 3915 δεσμοφύλαξ,

542 3921 642 3975 καί
684 3922 830 3975 ἰδὼν
860 3923 968 3988 τὰς
1013 3925 1199 3991 θύρας
1234 3924 1615 3995 ἀνεῳγμένας
1653 3929 1765 3997 τῆς
1811 3934 2116 4004 φυλακῆς.

541 4008 938 4076 σπασάμενος
958 4008 1282 4077 μάχαιραν,
1306 4011 1564 4078 ἔμελλεν
1591 4015 1811 4069 ἑαυτὸν
1828 4019 2115 4090 ἀναιρεῖν,

541 4095 801 4162 νομίσας
835 4094 1270 4164 ἐκπεφευγέναι
1300 4096 1442 4161 τοὺς
1490 4097 1797 4167 δεσμίους.
1846 4105 1989 4176 ’ῖυρα
2026 4125 2116 4177 μοι

543 4178 780 4233 ἐνταῦθα
818 4178 913 4231 τοῦ
961 4178 1097 4232 Θεοῦ
1141 4180 1240 4251 τὴν
1282 4182 1694 4255 φιλανθρωπίαν
1734 4190 1911 4246 πάντα
1956 4193 2115 4264 λόγον

544 4264 999 4334 ὑπερϐαίνουσαν.
1050 4264 1209 4330 Τίνος
1240 4266 1351 4339 γὰρ
1398 4267 1586 4324 ἕνεκεν
1625 4272 1764 4328 κατά
1794 4278 1856 4330 τὸ
1883 4282 2112 4349 μεσονύ-

542 4367 692 4405 κτιον
725 4352 943 4411 ᾶπαντα
970 4351 1143 4405 ταῦτα
1171 4353 1405 4421 γίνεταις
1441 4357 1668 4423 Οὐδενὸς
1701 4362 1890 4434 ἐτέρου
1927 4367 2109 4437 χάριν,

542 4437 657 4491 ἀλλ’
686 4439 773 4492 ἴνα
805 4438 1071 4511 ἀθόρυϐον
1100 4442 1194 4494 καὶ
1222 4442 1280 4495 ἐν
1312 4444 1514 4516 ἡσυχίᾳ
1544 4446 1606 4499 τὸ
1638 4451 1871 4521 πρᾶγμα
1907 4455 2112 4511 οἰκονο-

544 4528 712 4601 μηθῇ,
738 4528 832 4582 καὶ
878 4529 976 4601 τὴν
1011 4531 1285 4603 σωτηρίαν
1325 4537 1855 4606 πραγματεύσωνται
1887 4543 1982 4598 τοῦ
2021 4547 2110 4600 δε-

542 4615 915 4684 σμοφύλακος.
956 4616 1064 4670 Τοῦ
1096 4617 1204 4690 7&9
1239 4620 1465 4690 σεισμοῦ
1510 4625 1804 4694 γενομένου
1852 4630 1945 4683 καὶ
2002 4634 2110 4687 τῶν

541 4701 720 4771 θυρῶν
746 4702 1120 4773 ἀνοιχθεισῶν,
1147 4705 1217 4759 τὰ
1248 4706 1423 4779 δεσμά
1443 4710 1607 4783 ἀνέθη
1635 4714 1851 4769 πάντων
1874 4717 1981 4772 τῶν
2008 4722 2107 4774 αὑ-

536 4789 677 4854 τόθι,
708 4788 802 4843 καὶ
821 4790 996 4849 οὐδεὶς
1027 4792 1207 4846 αὐτῶν
1236 4795 1545 4867 ἐκπηδῆσαι
1571 4802 1944 4876 συνεχωρήθη.
1978 4806 2109 4861 Σκό-

537 4893 627 4964 πει
660 4893 750 4946 μοι
784 4877 878 4930 καὶ
905 4877 1069 4948 ἀλλην
1100 4880 1336 4935 ἐνταῦθα
1358 4881 1492 4935 θεοῦ
1528 4884 1735 4954 σοφίαν.
1771 4889 1851 4940 Τὰ
1874 4891 1974 4960 μὲν
2000 4893 2107 4964 γὰρ

535 4960 671 5014 ἀλλα
701 4964 877 5016 πάντα
898 4964 1143 5034 γέγονεν,
1172 4969 1199 5020 ό
1221 4966 1466 5037 σεισμὸς,
1489 4967 1651 5037 λέγω,
1687 4973 1783 5024 καὶ
1813 4975 1845 5043 ή
1874 4975 1983 5030 τῶν
2011 4960 2106 5033 Ou;

537 5045 649 5135 ρῶν
680 5045 903 5135 ἄνοιξις,
943 5050 1029 5103 ἵνα
1070 5051 1284 5121 μάθωσι
1332 5055 1420 5108 διὰ
1459 5055 1569 5109 τῶν
1620 5058 1797 5129 ἔργων
1842 5062 2101 5135 ἅπαντες,

534 5130 676 5193 τίνες
708 5127 848 5202 ἦσαν
879 5135 929 5188 οί
952 5137 1073 5190 τότε
1098 5138 1159 5191 τὸ
1184 5140 1553 5214 δεσμωτήριον
1579 5147 1871 5212 οἰκοῦντες.
1900 5153 1992 5206 καί
2022 5127 2103 5209 ὄτί

532 5218 629 5287 οὐχ
658 5220 708 5271 οί
752 5221 1006 5290 τυχόντες
1040 5227 1178 5278 εἰσὶν
1211 5228 1487 5299 ἀνθρωττοι
1510 5248 1523 5263 ο
1563 5234 1739 5289 οὐδενὶ
1766 5236 1821 5290 δὲ
1869 5237 2103 5304 ἐξελθεῖν

531 5306 788 5402 ἐγένετο,
807 5308 894 5361 ἴνα
920 5310 994 5381 μὴ
1024 5313 1286 5367 κινδύνων
1319 5318 1542 5389 ἀφορμὴ
1568 5321 1794 5392 γένηται
1840 5328 1996 5383 τοῦτο
2024 5331 2103 5402 τῷ

530 5390 923 5480 δεσμοφύλακι.
975 5399 1084 5451 Καὶ
1116 5400 1198 5452 ὅτι
1228 5400 1386 5455 τοῦτό
1417 5406 1567 5458 ἐστιν
1607 5390 1825 5480 ἀληθὲς,
1871 5390 2101 5471 ἄκουσον

530 5478 669 5544 πῶς,
838 5483 999 5551 μόνον
1047 5485 1369 5543 ὑπώπτευσε
1415 5491 1575 5545 τοῦτο
1601 5478 1929 5569 γεγενῆσθαι
1957 5506 1987 5556 ό
2017 5505 2102 5560 δε-

532 5563 835 5633 σμοφύλαξ,
871 5571 965 5623 καὶ
986 5571 1204 5642 ἐνόμισέ
1233 5592 1385 5641 τινας
1421 5563 1841 5653 ἐκπεφευγέναι,
1876 5590 1972 5642 καὶ
2001 5592 2100 5664 τῆς

588 5674 616 5703 ⁸
641 5674 761 5739 Reg.
800 5680 855 5737 δη
863 5684 991 5739 μίων.

1313 351 1372 406 8.
1412 350 1698 408 JOANNIS
1726 347 2220 407 CHRYSOSTOMI
2262 349 2578 406 ARCHIFP.
2621 350 3172 407 CONSTANTINOP.

3690 348 3788 407 1Ἱο

2233 454 2379 527 ζωῆς
2417 458 2587 529 αὐτῆς
2618 461 3014 532 κατεφρόνησε.
3044 460 3446 531 Σπασὰμενος
3480 460 3610 533 7&9.
3642 460 3793 534 φησι,

2224 539 2547 609 μάχαιραν.
2585 544 2846 614 ἔμελλεν
2865 543 3084 598 ἑαυτὸν
3111 543 3402 613 ἀναιρεῖν.
3445 543 3586 597 Ἀλλ’
3609 545 3639 596 δ
3667 562 3794 598 παν⁴

2227 624 2399 694 ταχοῦ
2429 628 2617 698 νήφων
2667 627 2762 681 καὶ
2801 627 3146 699 ἐγρηγορῶν,
3174 629 3205 681 ὁ
3251 628 3524 701 μακάριος
3566 625 3791 692 Παῦλος,

2226 710 2293 777 τῇ
2329 708 2505 780 οἰκείᾳ
2540 712 2692 781 φωνῇ
2726 710 3005 783 ἐξήρπασε
3034 712 3133 783 τῆς
3162 712 3444 785 φάρυγγος
3473 712 3567 766 τοῦ
3614 711 3794 783 θηρίου

2226 791 2290 844 τὸ
2335 793 2544 863 ἀρνίον.
2590 793 2902 863 Ἐφώνησε
2930 795 3043 865 γὰρ
3082 795 3252 864 φωνῇ
3295 795 3554 867 μεγάλῃ,
3587 795 3794 866 λέγων,

2226 875 2433 941 Μηδέν
2448 876 2686 946 πράξῃς
2705 876 2945 942 σεαυτῷ
2968 878 3161 931 κακόν
3177 894 3191 907 ·
3219 877 3482 943 ἅπαντες
3494 878 3606 947 γάρ
3619 878 3798 948 ἐσμεν

2224 958 2451 1014 ἐνθάδε.
2478 960 2542 1012 Ὢ
2561 959 3063 1031 ταπεινοφροσύνης
3079 960 3353 1030 ὑπερϐολή
3380 961 3393 1012 ι
3423 961 3522 1013 οὑκ
3537 961 3796 1032 ἐφρόνησε

2231 1040 2374 1110 μέγα
2420 1041 2513 1095 ἐπὶ
2562 1046 2676 1105 τοῖς
2720 1042 3131 1113 γεγενημένοις,
3184 1043 3246 1095 οὑ
3300 1042 3668 1113 κατεξανέστη
3708 1045 3797 1098 τοῦ

2227 1121 2657 1192 δεσμοφύλακος.
2692 1123 2844 1178 οὐδὲν
2889 1125 3194 1196 ὑπέρογκον
3219 1124 3550 1195 φθέγξασθαι
3582 1126 3792 1179 κατεδέ-

2229 1202 2388 1268 ξατο·
2422 1204 2557 1260 ἀλλά
2586 1205 2727 1276 μετὰ
2770 1206 2879 1260 τῶν
2910 1208 3226 1277 δεσμωτῶν,
3263 1207 3400 1277 μετά
3438 1207 3545 1261 τῶν
3571 1208 3796 1278 δημίων.

2232 1288 2370 1358 μετά
2399 1288 2509 1343 τῶν
2555 1290 2881 1360 κακούργων
2919 1291 3111 1344 ἑαυτὸν
3141 1289 3548 1362 κατηρίθμησε,
3593 1290 3799 1358 λέγων’

2230 1371 2526 1437 Ἀπαντές
2539 1372 2730 1441 ἐσμεν
2749 1373 2981 1427 ἐνθάδε.
3020 1370 3176 1436 Εἶδες
3207 1374 3369 1426 αὑτὸν
3404 1373 3570 1443 πολλῇ
3613 1376 3681 1443 τῇ
3712 1391 3803 1428 τα-

2230 1454 2632 1527 πεινοφροσύνῃ
2665 1454 2968 1526 χρώμενον,
2997 1456 3091 1511 καὶ
3124 1456 3279 1510 οὐδὲν
3317 1456 3479 1509 πλέον
3505 1457 3687 1527 ἐαυτῷ
3723 1456 3802 1510 νέο

2233 1554 2403 1608 μοντα
2427 1537 2537 1592 τῶν
2577 1537 2765 1591 αὑτόθι
2796 1537 3151 1610 κακούργων;
3185 1538 3331 1611 Ὅρα
3359 1538 3455 1593 καὶ
3486 1538 3578 1592 τὸν
3611 1538 3802 1609 δεσμο-

2231 1618 2450 1688 φύλακα
2499 1619 2708 1685 λοιπὸν,
2746 1621 2846 1691 οὑχ
2887 1621 2963 1684 ὡς
3009 1620 3091 1674 ἐν).
3118 1619 3227 1675 τῶν
3262 1620 3439 1675 ἀλλων
3486 1621 3799 1692 προσιόντα.

2232 1701 2551 1771 Θαρρήσας
2584 1703 2694 1772 γὰρ
2725 1704 2825 1757 καί
2877 1702 3133 1769 αίτήσας
3175 1702 3360 1772 φῶτα,
3412 1702 3801 1769 είσεπήδησε,

2229 1784 2330 1838 καί
2373 1783 2662 1854 ἔντρομος
2702 1786 2990 1854 ὑπάρχων
3008 1823 3023 1848 ,
3063 1784 3408 1853 προσέπεσε
3448 1783 3529 1848 τῷ
3585 1785 3804 1853 Παύλῳ

2228 1868 2326 1921 καί
2360 1868 2439 1933 τῷ
2468 1867 2639 1934 Σίλᾳ,
2682 1867 2778 1920 καὶ
2811 1867 3166 1937 προαγαγὼν
3202 1867 3425 1934 αὐτοὺς
3466 1867 3604 1932 ἔξω,
3652 1867 3798 1936 ἔφη·

2225 1950 2448 2017 Κύριοι,
2477 1950 2534 2003 τί
2566 1948 2718 2021 [155]
2748 1967 2827 2018 με
2868 1950 2966 2004 δεῖ
3002 1949 3215 2012 ποιεῖν,
3247 1950 3348 2004 ἵνα
3374 1948 3579 2013 σωθῶ;
3622 1950 3803 2004 Εῐδετε

2229 2033 2347 2096 πῶς
2382 2030 2515 2099 Τοῖς
2549 2032 2824 2102 ἀγαπῶσι
2856 2033 2962 2086 τὸν
2992 2032 3142 2086 Θεὸν
3172 2032 3370 2088 πάντα
3407 2033 3699 2104 συνεργεῖ
3724 2037 3802 2100 εις

2226 2117 2488 2185 ἁγαθόνς
2515 2116 2685 2171 είδετε
2708 2116 2803 2170 τοῦ
2828 2116 3075 2173 διαϐόλου
3105 2118 3204 2188 τὴν
3235 2118 3506 2188 μηχανὴν,
3541 2118 3698 2181 ὅπως
3740 2117 3805 2171 δι-

2231 2197 2433 2270 ελύθης
2467 2199 2619 2263 ὅπως
2653 2199 2836 2269 ἄκυρα
2878 2199 3043 2254 αὑτοῦ
3082 2200 3272 2268 γέγονε
3312 2200 3380 2254 τὰ
3404 2200 3803 2270 μηχανήματας

2240 2286 2460 2357 Ἐπειδὴ
2503 2286 2614 2358 γὰρ
2648 2286 2937 2356 ἀπήλασαν
2976 2286 3069 2340 τὸν
3106 2287 3359 2356 δαίμονα,
3389 2286 3807 2357 παρεσκεύασεν

2223 2375 2306 2440 είς
2362 2375 2426 2427 τὸ
2474 2374 2849 2444 δεσμωτήριον
2896 2374 3097 2436 αὑτοὺς
3141 2373 3510 2444 ἐμϐληθῆναι,
3568 2374 3807 2443 νομίζων

2225 2462 2541 2535 ἐμποδίζειν
2592 2462 2685 2516 τὸν
2725 2461 2927 2533 δρόμον
2953 2461 3048 2515 τοῦ
3082 2461 3440 2533 κηρύγματος
3467 2461 3557 2514 διά
3588 2461 3804 2515 τούτου.

2237 2551 2375 2604 Ἀλλ’
2400 2549 2510 2603 ίδοὺ
2544 2549 2640 2602 καὶ
2660 2548 2721 2601 τὸ
2749 2548 3123 2620 δεσμωτήριον
3157 2548 3427 2619 ἐμπορίας
3457 2548 3645 2612 αὐτοῖς
3678 2549 3808 2603 ὑπό-

2225 2638 2377 2701 θεσις
2402 2636 2694 2707 γεγένηται
2724 2636 3122 2705 πνευματικῆς.

2294 2729 2355 2785 δ’.
2393 2730 2537 2799 ’Λρα
2565 2729 2660 2781 καὶ
2687 2729 2868 2799 ήμεῖς,
2889 2728 2954 2781 ἀν
2971 2728 3252 2798 νήφωμεν,
3271 2728 3332 2780 οὑ
3359 2727 3514 2798 μόνον
3546 2730 3603 2781 ἐν
3624 2727 3808 2782 ἀνέσει

2224 2820 2399 2882 ὅντες,
2429 2816 2566 2871 ἀλλά
2592 2818 2687 2871 καὶ
2710 2820 2765 2870 ἐν
2797 2817 3033 2887 θλίψεσι,
3053 2817 3357 2889 κερδαίνειν
3381 2817 3680 2889 δυνάμεθα.
3717 2819 3810 2873 καὶ

2224 2910 2346 2963 τότε
2385 2909 2607 2981 μᾶλλον,
2650 2908 2683 2980 ἢ
2715 2910 2773 2961 ἐν
2802 2908 3005 2962 ἀνέσει.
3055 2910 3118 2962 Ἢ
3142 2908 3249 2980 γὰρ
3276 2909 3483 2971 ἄνεσις,
3507 2909 3584 2970 ὡς
3619 2911 3719 2965 ἐπὶ
3750 2910 3810 2965 τδ

2227 3003 2499 3067 πλεῖστον,
2540 3000 2949 3074 ρᾳθυμοτέρους
2980 2999 3276 3072 ἐργάζεται
3297 3019 3309 3031 ·
3345 3003 3378 3073 ή
3412 3003 3469 3055 δὲ
3500 3002 3684 3073 θλίψις
3714 3004 3808 3075 νή-

2225 3113 2345 3164 φειν
2372 3093 2890 3166 παρασκευάζουσα,
2925 3092 3208 3158 ἀξιοῦσθαι
3242 3096 3390 3147 ποιεῖ
3412 3095 3506 3147 καὶ
3537 3095 3639 3165 τῆς
3665 3098 3807 3150 ἀνω-

2224 3187 2316 3239 θεν
2343 3187 2538 3257 ῥοπῆς,
2576 3185 2673 3240 καὶ
2712 3184 2973 3257 μάλιστα,
3008 3186 3138 3239 ὅταν
3175 3185 3262 3239 διὰ
3293 3186 3392 3257 τὴν
3427 3187 3507 3249 είς
3533 3188 3625 3240 τὸν
3670 3188 3812 3241 Θεὸν

2221 3277 2416 3331 ἐλπίδα
2443 3276 2542 3348 τὴν
2575 3276 2852 3347 ὑπομονὴν
2892 3275 3317 3347 ἐπιδεικνύμεθα
3352 3277 3448 3331 καὶ
3476 3278 3577 3347 τὴν
3606 3295 3677 3331 κα
3688 3296 3813 3348 ρτε-

2227 3362 2348 3431 ρίαν
2379 3362 2437 3415 ἐν
2467 3361 2672 3425 πάσαις
2696 3363 2816 3424 ταῖς
2844 3361 3215 3431 ἐπαγομέναις
3244 3360 3479 3431 θλίψεσι.
3507 3364 3600 3433 Μὴ
3623 3366 3810 3417 τοίνυν

2220 3451 2497 3523 ἀλγῶμεν,
2533 3451 2751 3506 ἐπειδὰν
2800 3450 3135 3522 θλιϐὡμεθα,
3192 3451 3330 3507 ἀλλά
3366 3453 3568 3524 μᾶλλον
3601 3456 3813 3527 χαίρω-

2224 3562 2354 3617 μεν·
2383 3544 2542 3599 τοῦτο
2572 3546 2682 3616 γὰρ
2707 3543 2865 3614 ήμῶν
2895 3546 2928 3614 ἡ
2964 3545 3061 3615 τῆς
3092 3544 3499 3616 εὑδοκιμήσεως
3522 3546 3804 3599 ὑπόθεσις.

2219 3634 2319 3688 Διὰ
2346 3634 2503 3686 τοῦτο
2534 3634 2629 3686 καὶ
2663 3632 2875 3695 Παῦλος
2898 3632 3106 3701 ἔλεγεν,
3147 3635 3407 3704 Οἴδαμεν
3448 3634 3517 3688 δὲ
3555 3635 3643 3689 ὅτι
3682 3654 3743 3689 τι
3758 3635 3815 3704 ῖς

2218 3724 2491 3793 ἀγαπῶσι
2526 3722 2633 3776 τὸν
2677 3722 2826 3775 Θεὸν
2870 3722 3070 3775 πάντα
3107 3722 3394 3792 συνεργεῖ
3429 3726 3517 3789 είς
3552 3725 3803 3793 ἀγαθόν.

2231 3815 2372 3869 Ἀλλ’
2396 3815 2595 3884 ἴδωμεν
2628 3813 2726 3885 τὴν
2765 3813 2996 3879 ζέουσαν
3028 3813 3207 3886 ψυχὴν
3238 3816 3348 3869 τῶν
3370 3817 3543 3885 ἀγίων
3569 3818 3804 3873 τούτων.
3835 3866 3845 3874 .

2231 3907 2384 3962 Ἐπεὶ
2438 3902 2530 3960 οῦν
2568 3905 2809 3977 ήκουσαν
2845 3903 2940 3957 τοῦ
2972 3906 3385 3977 δεσμοφύλακος
3414 3906 3692 3977 λέγοντος,
3745 3912 3808 3963 Τι’

2212 4015 2289 4067 με
2318 3995 2415 4049 δεῖ
2438 3994 2653 4056 ποιεῖν,
2708 3995 2811 4048 ἵνα
2851 3993 3059 4059 σωθιῖη
3109 3992 3219 4067 ἆρα
3269 3997 3630 4069 ὑπερέθεντο;
3690 3996 3805 4073 ἆρα

2216 4085 2575 4149 ἀνεϐάλοντος
2628 4080 2739 4155 ἆρα
2773 4084 3057 4156 ἠμέλησαν
3105 4086 3242 4156 πρὸς
3294 4088 3394 4160 τὴν
3453 4089 3801 4159 κατήχησινς

2217 4175 2521 4248 Οὐδαμῶςο
2560 4174 2697 4230 ἀλλά
2734 4176 2788 4229 τί
2830 4177 2966 4249 πρὸς
2992 4177 3153 4231 αὑτὸν
3185 4180 3417 4244 ὲκεῖνοι;
3453 4182 3804 4236 Πίστευσον

2214 4267 2313 4322 ἐπὶ
2361 4266 2471 4320 τὸν
2504 4266 2713 4332 Κύριον
2783 4266 3028 4332 Ἰησοῦν
3071 4268 3354 4334 Χριστὸν,
3396 4268 3493 4322 καί
3541 4269 3801 4339 σωθήσῃ

2214 4357 2319 4416 σὺ.
2345 4357 2442 4415 καὶ
2467 4353 2587 4421 πᾶς
2610 4357 2643 4410 ὀ
2669 4352 2829 4422 οἶκός
2858 4370 2998 4411 σου.
3019 4355 3164 4425 Ὅρα
3193 4356 3524 4427 κηδεμονίαν
3555 4358 3797 4411 ἀποστο-

2213 4444 2393 4517 λικήν.
2429 4445 2545 4500 Οὑκ
2576 4443 2877 4517 ἀρκοῦνται
2909 4447 2975 4516 τῇ
3017 4445 3185 4499 αὑτοῦ
3232 4447 3511 4519 σωτηρίᾳ,
3545 4447 3687 4501 ἀλλά
3726 4448 3799 4501 δι’

2214 4537 2430 4590 ἐκείνου
2466 4534 2747 4605 βούλονται
2775 4535 2868 4588 καὶ
2896 4537 3025 4597 τοὺς
3050 4537 3430 4606 προσήκοντας
3467 4536 3619 4607 αὑτῷ
3664 4539 3799 4593 πάν-

2212 4643 2311 4689 τας
2339 4624 2677 4695 σαγηνεῦσαι
2695 4627 2775 4690 είς
2798 4625 2890 4679 τὸν
2911 4627 3012 4696 τῆς
3045 4626 3328 4689 εὐσεϐείας
3360 4626 3539 4696 λόγον,
3569 4630 3797 4701 καιρίαν

2209 4715 2446 4779 διδόντες
2482 4714 2561 4786 τῷ
2590 4715 2821 4787 διαϐόλῳ
2860 4716 2960 4788 τὴν
3016 4717 3229 4788 πληγήν
3304 4718 3413 4772 Καί
3459 4720 3795 4789 ἐϐαπτίσθη

2208 4807 2395 4871 αὐτὸς
2420 4807 2516 4860 καί
2536 4808 2590 4859 οι
2616 4806 2804 4861 αὐτοῦ
2829 4807 3050 4874 πάντες
3073 4825 3184 4875 am;
3195 4808 3453 4879 αγρῆμα,
3488 4813 3587 4865 καὶ
3611 4812 3797 4881 ἠγαλ-

2207 4897 2466 4950 λιάσατο
2498 4895 2739 4950 πανοικὶ
2768 4899 3186 4964 πεπιστευκὼς
3209 4898 3284 4964 τῷ
3317 4899 3457 4966 Θεῷ.

2294 5010 2576 5065 Ἐντεῦθεν
2606 5012 2978 5084 παιδευόμεθα
3011 5014 3281 5085 μηδέποτε
3310 5019 3366 5070 ἐν
3395 5021 3509 5089 τοῖς
3540 5036 3792 5091 πνευμαο

2204 5098 2380 5159 τικοῖς
2423 5097 2561 5168 μηδὲ
2602 5098 2663 5151 τὸ
2715 5099 2877 5170 τυχὸν
2918 5101 3337 5167 ἀναϐάλλεσθαι,
3380 5104 3517 5159 ἀλλά
3555 5108 3791 5161 πάντοτε

2207 5181 2399 5253 καιρὸν
2442 5183 2750 5254 ἐπιτήδειον
2796 5186 3049 5257 ήγείσθαι
3086 5188 3176 5241 τὸν
3219 5190 3664 5260 παραπίπτοντα.
3717 5194 3789 5248 ΕΞ

2204 5270 2313 5342 7&9
2357 5272 2550 5335 νυκτὸς
2598 5272 2765 5344 οὔσης
2812 5276 2862 5327 οί
2914 5274 3059 5343 ἆγιοι
3113 5270 3258 5331 οὗτοι
3305 5279 3640 5351 ὑπερθέσθαι
3679 5282 3789 5335 οῦκ

2202 5357 2514 5428 ἠνέσχοντο,
2546 5360 2704 5414 ποίαν
2737 5361 2932 5431 ἕξομεν
2972 5362 3269 5429 ἀπολογίαν
3294 5368 3479 5434 ἡμεῖς,
3509 5370 3571 5421 ἐν
3610 5368 3788 5439 ἑτέρῳ

2202 5444 2380 5515 καιρῷ
2430 5448 2866 5519 παρατρέχοντες
2913 5453 3284 5520 πνευματικὸν
3348 5453 3575 5524 κέρδοςς
3630 5450 3787 5518 Εἶδες

2200 5530 2498 5600 ἐκκλησίαν
2524 5533 2587 5586 τὸ
2618 5534 2992 5608 δεσμωτήριον
3022 5539 3340 5608 γινόμενον;
3378 5539 3520 5605 εἶδες
3539 5541 3601 5595 τὸ
3640 5558 3780 5594 κατ-

2200 5617 2440 5687 αγώγιον
2460 5621 2570 5673 τῶν
2592 5621 2823 5692 δημίων,
2856 5626 3142 5696 εύκτήριον
3166 5622 3313 5681 οἷκον
3347 5629 3604 5701 ἐξαίφνης
3634 5630 3776 5683 ἀπο-

2201 5703 2500 5775 δειχθέντα,
2551 5709 2645 5761 nl
2685 5708 2783 5781 τὴν
2823 5713 3216 5782 μυσταγωγίαν
3258 5715 3377 5769 ἐκεῖ
3422 5717 3780 5789 τελουμένηνς
