4060 6252
305 431 406 487 169

319 548 430 597 tum
452 540 772 611 hymnorum
796 541 1008 588 Canium
1036 528 1352 594 olfetebanl,
1372 543 1433 581 ac
1449 528 1701 597 deinceps
1726 542 1911 582 carcer

324 632 551 687 ecclesia
582 626 743 681 ﬁebat
764 667 777 684 .
807 633 861 678 et
885 623 1097 676 illorum
1129 628 1434 674 sanctorum
1466 628 1624 671 cantu
1654 626 1796 671 totus
1822 618 1909 672 ille

326 728 473 777 locus
503 717 949 775 sanetilicabatur.
988 712 1064 767 Ac
1087 712 1269 766 videre
1296 719 1413 766 erat
1438 723 1526 764 res
1548 711 1708 763 miras
1743 717 1795 763 et
1835 709 1915 763 in-

326 816 566 877 usitatas,
598 809 839 864 homines
881 806 1024 875 ligno
1067 804 1341 873 alligatos,
1378 815 1550 871 neque
1575 810 1752 855 tamen
1783 814 1918 868 quo-

329 906 503 960 minus
532 904 759 974 hymnos
791 906 1047 954 canerent
1065 894 1360 965 quidquam
1393 891 1657 960 impediri.
1687 890 1911 960 Vigilem

330 996 471 1051 enim
503 1004 555 1046 et
586 1000 871 1053 attentum,
900 997 955 1043 et
982 987 1191 1041 ardenti
1234 986 1284 1039 in
1329 985 1492 1038 Deum
1530 997 1712 1037 amore
1732 997 1915 1036 corre-

332 1095 474 1160 ptum
506 1081 635 1135 nihil
670 1094 917 1149 umquam
947 1076 1143 1148 poterit
1181 1090 1208 1127 a
1241 1072 1511 1142 colloquio
1531 1086 1652 1126 cum
1688 1069 1913 1124 Domino

330 1174 650 1244 prohibere:
684 1169 822 1222 Deus
852 1169 993 1221 enim
1023 1208 1038 1230 ,
1091 1165 1298 1234 inqttit,
1352 1162 1768 1233 appropinquans
1822 1176 1914 1230 ego

328 1282 438 1319 sum
467 1306 482 1329 ,
508 1275 553 1316 et
610 1279 709 1315 non
736 1260 874 1314 Deus
926 1256 1113 1331 Ionge(
1141 1257 1333 1311 Jercm.
1378 1256 1468 1311 25.
1499 1253 1609 1326 23)
1642 1270 1656 1317 ;
1684 1262 1739 1308 et
1787 1254 1915 1308 alibi

329 1369 512 1410 rursus
538 1395 552 1419 ,
582 1352 761 1405 Adhuc
805 1353 1035 1420 loquente
1060 1360 1106 1402 te
1131 1348 1330 1413 dicam,
1365 1346 1493 1399 Ecce
1529 1346 1711 1399 adsum
1746 1343 1765 1417 (
1785 1344 1914 1397 Isai.

327 1447 417 1505 58.
450 1446 537 1517 9).
568 1446 669 1501 Ubi
712 1444 975 1513 siquidem
1009 1442 1234 1511 vigilans
1262 1440 1475 1493 animus
1500 1437 1681 1504 fuerit,
1713 1438 1912 1492 excita-

331 1550 413 1592 tur
443 1538 602 1602 ratio,
646 1544 699 1590 et
744 1527 1125 1604 propemodum
1175 1534 1415 1599 corporis
1453 1530 1683 1585 vinculis
1712 1529 1916 1583 libera-

330 1640 434 1691 tttr,
476 1637 530 1681 et
555 1627 732 1680 evolat
760 1625 824 1677 ad
848 1639 968 1677 eum
999 1637 1156 1690 quem
1198 1621 1367 1690 diligit
1391 1662 1405 1686 ,
1432 1629 1626 1675 terram
1652 1620 1911 1689 despicit,

327 1727 381 1771 et
408 1732 529 1786 qua:
566 1724 689 1770 sunt
717 1713 887 1769 oculis
922 1711 1156 1780 subjecta
1188 1724 1515 1779 exsuperans
1549 1709 1616 1763 ad
1654 1710 1799 1763 illum
1837 1709 1913 1762 fe-

326 1806 529 1860 stinat:
558 1803 697 1874 quod
744 1804 920 1871 utique
961 1800 1158 1854 sanctis
1185 1800 1342 1853 etiam
1367 1800 1483 1854 istis
1514 1800 1752 1869 contigit.
1786 1798 1917 1853 Vide

328 1911 557 1967 namque
578 1896 805 1949 celerem
848 1904 903 1947 et
928 1892 1199 1947 efﬁcacem
1228 1892 1546 1963 hymnorum
1573 1891 1702 1955 vim,
1730 1898 1785 1944 et
1809 1905 1915 1960 quo

328 2000 485 2058 pacto
535 2000 657 2040 cum
708 1985 759 2038 in
806 1998 1023 2038 carcere
1064 1990 1427 2043 versarentur.
1459 1990 1513 2035 et
1542 1980 1738 2049 alligati
1771 1980 1914 2049 ligno

326 2088 531 2143 essent,
568 2086 726 2145 atque
764 2074 1141 2143 impostoribus
1179 2081 1233 2126 et
1272 2072 1492 2141 captivis
1518 2070 1779 2136 admixti,
1809 2084 1913 2123 non

327 2172 493 2227 modo
517 2170 647 2224 nihil
678 2169 815 2239 paSsi
845 2168 951 2221 sint
994 2165 1299 2219 detrimenti
1331 2206 1345 2229 ,
1380 2163 1473 2218 sed
1499 2173 1552 2217 et
1578 2162 1676 2216 hac
1709 2161 1915 2216 ratione

327 2261 718 2332 Splendidiores
744 2258 1009 2313 evaserint
1034 2298 1047 2319 ,
1076 2266 1130 2309 et
1152 2268 1340 2309 omnes
1371 2295 1386 2319 ,
1419 2254 1504 2322 qui
1536 2267 1804 2309 carcerem
1834 2253 1917 2306 in-

328 2353 615 2416 colebant,
649 2349 858 2403 virtutis
913 2364 1026 2401 sure
1073 2346 1236 2400 radiis
1284 2344 1663 2399 eollustrariut.
1709 2342 1915 2412 Quippe

329 2445 418 2499 illa
447 2457 721 2496 sacrorum
744 2455 847 2495 vox
887 2438 1206 2510 hymnorum
1234 2452 1354 2490 cum
1383 2437 1433 2488 iu
1465 2436 1697 2487 animam
1727 2433 1915 2489 unius-

327 2537 587 2605 cujusque
620 2534 954 2603 captivorum
981 2536 1344 2600 penetrasset,
1369 2525 1741 2581 trausmntavit
1770 2524 1912 2578 illam

330 2625 734 2697 prOpemodum,
763 2638 825 2677 ac
855 2621 1180 2676 reformavit.
1208 2618 1389 2673 Subito
1405 2618 1569 2682 enim,
1601 2616 1788 2685 inquit,
1810 2624 1915 2670 ter-

329 2734 402 2772 ra:
421 2726 588 2770 motus
615 2716 781 2785 factus
823 2723 894 2767 est
938 2728 1147 2783 magnus
1167 2752 1181 2777 ,
1211 2710 1282 2763 ita
1310 2719 1363 2763 ut
1390 2718 1702 2761 moverentur
1729 2707 1916 2777 funda-

329 2819 496 2864 menta
520 2806 734 2861 carceris
756 2847 772 2871 ,
806 2814 849 2858 et
891 2804 1062 2858 statim
1099 2811 1272 2872 aperta
1314 2809 1429 2854 sunt
1456 2799 1624 2851 omnia
1668 2798 1797 2851 ostia
1823 2838 1837 2861 ,
1868 2807 1918 2850 et

329 2902 677 2956 universorum
699 2896 896 2951 vincula
921 2893 1086 2948 soluta
1111 2903 1227 2947 sunt
1257 2891 1275 2961 (
1307 2892 1415 2945 Act.
1444 2891 1527 2953 16.
1556 2889 1626 2961 26
1655 2891 1695 2959 ).
1731 2889 1915 2958 Vides,

332 2995 652 3062 hymnorum
678 3030 693 3053 ,
735 2988 822 3057 qui
862 2987 970 3040 Deo
1015 2992 1297 3048 canuntur,
1354 2980 1648 3034 virtutem?
1696 2977 1810 3033 Non
1842 2978 1917 3033 illi

333 3082 491 3136 modo
520 3121 535 3144 ,
569 3080 658 3148 qui
703 3077 1010 3131 obtulerunt
1072 3073 1318 3142 hymnos,
1370 3069 1615 3123 solatium
1658 3082 1913 3137 percepe-

332 3182 454 3229 runt
486 3212 502 3238 ,
528 3171 625 3226 sed
654 3169 813 3225 etiam
841 3166 1150 3229 effecerunt,
1181 3174 1235 3216 ιιι
1278 3161 1517 3215 omnium
1557 3160 1764 3213 vincula
1802 3158 1917 3212 sol-

333 3274 585 3322 verentur
631 3279 646 3316 :
698 3270 755 3316 ut
797 3259 954 3314 factis
1007 3257 1134 3326 ipsis
1192 3255 1581 3317 innotesceret,
1611 3266 1716 3320 quo
1764 3258 1917 3319 pacto

336 3360 506 3414 Deum
532 3354 855 3427 diligentibus
884 3350 1054 3406 omnia
1090 3354 1418 3417 cooperantur
1446 3345 1499 3397 in
1528 3343 1732 3397 bonum.
1779 3341 1919 3396 Ecce

334 3465 566 3520 namque
595 3447 839 3509 verbera,
871 3456 1077 3507 carcer,
1110 3437 1399 3508 compedes
1422 3476 1437 3501 ,
1468 3443 1668 3489 etcum
1705 3430 1921 3487 carnifi-

331 3544 483 3597 cibus
526 3537 902 3601 conversatio,
950 3543 1005 3586 et
1056 3540 1230 3585 tamen
1288 3529 1401 3581 lucc
1448 3526 1625 3579 omnia
1656 3523 1918 3577 bonorum

333 3631 557 3687 materia
588 3628 799 3683 fuerunt
825 3635 879 3680 et
914 3623 1125 3679 occasio
1162 3620 1342 3690 gloriae
1366 3658 1381 3683 ,
1424 3632 1528 3670 non
1560 3615 1689 3683 ipsis
1714 3622 1916 3666 tantum

333 3738 431 3777 nec
462 3721 565 3774 illis
593 3719 681 3788 qui
714 3729 983 3770 carcerem
1013 3709 1314 3766 incolebant
1343 3704 1589 3775 captivis,
1621 3702 1715 3757 sed
1742 3711 1796 3757 et
1817 3703 1915 3771 ipsi

331 3812 539 3870 custodi
568 3810 818 3866 carceris.
866 3806 1268 3875 Expergefactus
1315 3800 1456 3855 enim
1481 3839 1495 3860 ,
1524 3796 1724 3866 inquit,
1753 3804 1919 3848 custos

330 3907 566 3967 carceris,
598 3914 643 3957 et
691 3903 863 3956 uidens
898 3902 1089 3969 januas
1127 3904 1331 3964 apertas
1373 3891 1586 3944 carceris
1611 3930 1625 3954 ,
1657 3888 1919 3957 evaginato

331 3998 503 4070 gladio
532 3994 723 4049 volebat
760 4009 814 4046 se
850 3989 1162 4057 interﬁcere,
1207 3985 1461 4038 testimans
1503 3979 1692 4050 fugisse
1728 3978 1918 4031 uinctos

331 4096 348 4160 (
388 4090 468 4143 Ib.
492 4105 538 4142 υ.
563 4087 630 4140 27
655 4085 695 4157 ).
722 4084 802 4139 Tu
833 4082 960 4136 utihi
987 4080 1088 4132 hoc
1114 4079 1230 4131 loco
1251 4074 1341 4128 Dei
1374 4071 1758 4140 benignitatem
1788 4082 1917 4121 con-

328 4158 527 4244 sidera,
545 4194 700 4250 quam
728 4176 873 4231 nulla
898 4172 1194 4244 exprimere
1225 4175 1399 4237 potest
1423 4164 1616 4219 oratio.
1647 4161 1754 4214 Cur
1773 4158 1917 4214 enim

333 4275 511 4333 media
541 4282 699 4328 nocte
726 4270 860 4325 ﬁunt
890 4267 1004 4321 hmc
1030 4262 1252 4318 omnia?
1283 4259 1491 4314 Nullam
1513 4255 1673 4310 aliam
1702 4252 1772 4308 ob
1790 4266 1918 4306 cau-

329 4384 444 4425 sam
474 4409 490 4435 ,
520 4365 624 4420 nisi
653 4374 710 4418 ut
740 4359 1103 4431 provideatur,
1135 4364 1188 4410 ut
1215 4353 1330 4407 sine
1356 4349 1525 4405 turbis
1554 4357 1607 4401 et
1636 4343 1917 4412 tranquille

329 4475 418 4516 res
455 4456 724 4519 succedat,
759 4459 815 4507 et
850 4450 1003 4506 saluti
1031 4444 1268 4501 custodis
1307 4438 1536 4496 carceris
1582 4434 1913 4490 consulatur.

327 4551 461 4605 Cum
492 4549 636 4603 enim
673 4554 830 4599 terrae
858 4548 1033 4595 motus
1056 4535 1361 4596 accidisset,
1391 4538 1443 4583 et
1484 4534 1735 4582 reseratae
1775 4522 1918 4578 fores

326 4649 532 4704 essent,
563 4637 799 4692 omnium
825 4633 915 4703 qui
939 4638 1091 4685 erant
1114 4626 1186 4681 ibi
1214 4624 1383 4679 soluta
1411 4627 1536 4675 sunt
1559 4614 1787 4678 vincula,
1817 4624 1918 4665 nec

328 4734 421 4787 ulli
455 4731 770 4802 permissum
793 4734 896 4790 est,
928 4733 986 4777 ut
1012 4719 1135 4776 inde
1161 4713 1480 4772 discederet.
1510 4707 1682 4763 Aliam
1706 4716 1917 4775 quoque

332 4825 424 4879 Dei
455 4792 785 4891 sapientiam
837 4816 925 4871 hic
964 4808 1346 4878 contemplare.
1390 4801 1520 4857 Nam
1560 4798 1663 4891 alia
1701 4792 1915 4891 quidem

327 4923 650 4977 evenerunt,
674 4922 831 4965 teme
859 4914 1057 4979 motus,
1090 4902 1325 4969 inquam,
1357 4902 1410 4949 et
1442 4889 1701 4947 rcscratio
1721 4886 1916 4954 janua-

329 5022 471 5071 rum,
499 5012 560 5058 ut
600 5002 760 5057 rebus
781 4998 909 5069 ipsis
935 4977 1124 5051 omnes
1147 4989 1500 5057 intelligerent
1520 4980 1705 5051 quales
1733 4977 1804 5031 illi
1832 4990 1919 5030 es—

328 5070 482 5164 sent,
513 5096 602 5167 qui
629 5104 756 5149 tunc
784 5104 1056 5147 carcerem
1088 5084 1431 5145 habitabant,
1462 5089 1632 5143 neque
1671 5070 1917 5138 vulgares

331 5193 579 5245 homines
604 5202 723 5242 esse
756 5203 769 5238 :
805 5198 965 5255 porro
1014 5176 1213 5235 nemini
1244 5173 1465 5242 contigit
1506 5178 1563 5224 ut
1592 5171 1797 5229 exiret,
1851 5178 1919 5220 ne

328 5283 471 5351 quod
522 5280 648 5335 inde
687 5277 976 5348 periculum
1002 5269 1207 5327 custodi
1239 5265 1470 5320 carceris
1495 5272 1786 5316 crearetur.
1820 5259 1918 5312 At-

329 5389 433 5442 que
463 5381 524 5426 ut
566 5371 668 5425 hoc
710 5384 892 5429 verum
921 5379 1040 5420 esse
1081 5357 1343 5427 intelligas
1368 5397 1381 5419 ,
1410 5354 1530 5407 audi
1574 5366 1678 5419 quo
1727 5358 1915 5419 pacto,

335 5480 462 5518 cum
496 5464 545 5517 id
574 5461 834 5516 accidisse
863 5456 1225 5525 suspicaretur
1250 5457 1432 5502 custos
1453 5441 1704 5504 carceris,
1737 5450 1792 5494 et
1818 5456 1916 5493 au-

331 5557 531 5627 fugisse
562 5553 820 5624 quosdam
852 5557 1082 5619 putaret,
1114 5545 1272 5599 etiam
1307 5539 1467 5592 vitam
1496 5549 1644 5589 suam
1679 5541 1918 5586 eontem-

332 5624 520 5716 pserit.
546 5645 830 5715 Euoginato
850 5642 1014 5699 enim.
1040 5637 1226 5706 inquit,
1259 5631 1451 5704 gladio,
1474 5627 1665 5680 volebat
1686 5640 1739 5678 se
1766 5624 1916 5705 inter-

332 5740 482 5805 ficere
503 5754 521 5791 :
543 5736 637 5792 sed
667 5736 755 5805 qui
780 5733 917 5802 'vigil
947 5731 1137 5797 ubique
1170 5738 1325 5792 atque
1354 5715 1759 5789 expergefactus
1779 5720 1912 5776 erat,

332 5830 518 5884 beatus
547 5830 848 5888 Paulus,ex
898 5821 1085 5875 bellua:
1127 5815 1362 5870 faucibus
1410 5827 1504 5865 sua
1554 5822 1681 5861 voce
1723 5817 1915 5873 agnum

1009 421 1069 474 lN
1110 419 1338 484 ILLUD,
1373 417 1779 473 DILIGENTIB.
1823 418 2015 478 DEUM
2053 422 2262 478 OMNIA
2302 424 2500 479 (ΖΟΟΡ.
2543 424 2606 476 ΙΝ
2644 421 2897 478 BONUM.

3495 422 3594 474 170

2017 532 2234 601 eripuit.
2262 534 2516 589 Clamauit
2545 537 2680 589 enim
2711 553 2831 591 voce
2851 554 3039 607 magna
3079 536 3279 603 dicens,
3324 536 3473 592 Nihil
3501 541 3596 593 tibi

2022 623 2147 677 mali
2172 624 2393 693 feceris;
2417 628 2644 681 universi
2680 630 2816 683 enim
2846 630 2930 682 hic
2966 645 3147 682 smnus
3187 629 3326 699 (Act.
3361 630 3444 684 16.
3475 631 3589 699 28).

2021 711 2066 766 0
2096 714 2461 769 incredibilem
2500 717 2892 773 humilitatem!
2937 718 3049 773 Non
3086 720 3261 776 elatus
3296 731 3379 776 est
3418 723 3470 776 in
3501 739 3591 778 su-

2022 803 2260 870 perbiam
2284 806 2353 859 ob
2378 820 2438 859 ea
2466 820 2587 873 quae
2618 808 2950 873 acciderant,
2978 825 3081 863 non
3109 810 3159 862 in
3183 814 3457 865 custodem
3479 830 3593 867 car-

2025 898 2164 951 ceris
2183 899 2493 965 insurrcxit,
2521 902 2720 956 nullum
2742 918 3004 973 arrogans
3030 907 3230 961 dictum
3257 905 3330 961 illi
3358 909 3593 970 excidit;

2026 987 2121 1041 sed
2160 1005 2279 1042 cum
2311 990 2526 1053 vinctis,
2581 1008 2701 1046 cum
2754 994 3051 1062 lictoribus,
3078 1013 3198 1052 cum
3230 999 3488 1054 maleficis
3516 1017 3600 1055 se-

2027 1078 2200 1146 ipsum
2229 1082 2563 1144 numerabat,
2595 1084 2779 1139 dicens
2805 1100 2818 1138 :
2847 1083 3083 1140 Universi
3103 1088 3189 1141 hic
3211 1106 3410 1143 sumus.
3442 1091 3607 1147 Vides

2028 1167 2250 1237 insignis
2276 1184 2398 1221 eum
2437 1169 2753 1226 humilitatis
2788 1176 3091 1244 exemplum
3134 1178 3314 1244 edere,
3366 1195 3465 1234 nec
3503 1182 3604 1236 sibi

2023 1265 2142 1333 plus
2170 1280 2327 1334 quam
2353 1266 2607 1321 maleficis
2628 1268 2856 1334 caeteris,
2876 1270 2965 1339 qui
2997 1272 3107 1325 illic
3136 1281 3307 1335 erant,
3335 1274 3607 1328 tribuere?

2023 1355 2160 1410 Vide
2178 1356 2287 1425 jam
2317 1372 2423 1427 quo
2464 1370 2619 1426 pacto
2658 1362 2890 1413 carceris
2929 1362 3088 1415 etiam
3121 1373 3305 1417 custos
3336 1381 3439 1417 non
3464 1375 3601 1419 tam-

2024 1459 2181 1513 quam
2208 1445 2273 1498 ad
2306 1461 2466 1499 unum
2506 1463 2573 1500 ex
2600 1448 2717 1500 altis
2747 1448 2989 1509 adillum
3020 1452 3238 1504 accedat
3280 1469 3292 1504 :
3325 1454 3602 1508 conliden-

2031 1539 2134 1591 tior
2156 1538 2298 1591 enim
2329 1542 2498 1598 factus
2523 1585 2538 1609 ,
2584 1541 2850 1610 Petitoque
2874 1543 3060 1595 lumine
3082 1542 3418 1612 introgressus
3444 1553 3538 1608 est,
3560 1555 3605 1596 et

2023 1638 2342 1706 tremefactus
2366 1636 2589 1705 procidit
2625 1633 2791 1688 Paulo
2834 1644 2879 1687 et
2924 1633 3055 1689 Sila
3077 1677 3092 1701 ,
3124 1644 3171 1687 et
3212 1636 3494 1703 producens
3524 1651 3607 1688 eos

2022 1730 2161 1801 foras
2183 1731 2294 1783 ait:
2326 1727 2566 1792 Domini,
2596 1726 2717 1795 quid
2754 1742 2831 1779 me
2859 1734 3052 1795 oportet
3098 1726 3262 1793 facere
3285 1765 3299 1790 ,
3341 1734 3395 1777 ut
3439 1726 3604 1778 salvus

2023 1824 2145 1891 [iam
2174 1820 2299 1892 (Ib.
2329 1836 2375 1874 υ.
2410 1819 2500 1875 29.
2531 1820 2601 1875 30
2625 1820 2681 1889 )‘P
2711 1818 2910 1873 Videtis
2935 1832 3042 1887 quo
3086 1829 3240 1886 pacto
3267 1816 3606 1887 Diligentibus

2026 1913 2192 1967 Deum
2236 1912 2407 1965 omnia
2451 1919 2781 1981 coaperentur
2807 1909 2861 1963 in
2908 1910 3139 1963 bonum?
3162 1908 3366 1963 Videtis
3403 1908 3599 1962 diaboli

2025 2002 2267 2056 machina
2298 2016 2401 2072 quo
2431 2008 2584 2069 pacto
2614 2000 2768 2053 fuerit
2794 1998 3091 2052 dissoluta?
3121 2013 3227 2069 quo
3253 2008 3407 2067 pacto
3443 1999 3496 2052 in
3524 2000 3607 2053 ni-

2025 2093 2188 2147 hilum
2219 2091 2641 2145 machinationes
2664 2089 2779 2157 ejus
2823 2088 3146 2142 reciderint'l
3177 2087 3307 2142 Nam
3338 2103 3458 2141 cum
3484 2088 3595 2142 da:-

2023 2202 2235 2242 monem
2263 2186 2569 2255 ejecissent,
2598 2194 2653 2238 ut
2676 2183 2726 2236 in
2761 2197 3033 2237 carcerem
3063 2181 3454 2250 conjicerentur
3468 2180 3596 2236 ell‘e—

2021 2280 2114 2343 cit,
2138 2288 2285 2333 ratus
2312 2293 2370 2333 se
2410 2278 2512 2331 hoc
2542 2285 2695 2345 pacto
2742 2274 3135 2344 praedicationis
3178 2274 3355 2329 cursui
3397 2273 3603 2327 obicem

2023 2370 2412 2439 appositurum.
2438 2367 2543 2421 Sed
2573 2381 2699 2421 ecce
2721 2379 2905 2420 carcer
2923 2366 3083 2420 etiam
3112 2372 3349 2434 quaestus
3370 2363 3474 2418 illis
3493 2379 3606 2417 ma-

2024 2462 2209 2517 teriam
2239 2460 2526 2531 spiritualis
2556 2458 2770 2528 objecit.

2093 2585 2148 2639 4.
2180 2583 2391 2654 Aﬁlictio
2420 2581 2693 2651 diligentes.
2709 2578 2872 2631 reddit
2895 2586 2940 2630 et
2970 2584 3199 2629 attentos.
3218 2604 3293 2616 -—
3318 2574 3458 2642 Ergo
3481 2585 3606 2641 pos-

2022 2689 2208 2730 sumus
2237 2687 2334 2728 uos
2354 2686 2586 2741 quoque,
2620 2670 2662 2723 si
2694 2669 2929 2737 sapimus
2958 2682 3021 2720 ac
3050 2667 3237 2735 vigiles
3265 2680 3470 2727 sumus,
3492 2678 3596 2716 non

2022 2766 2181 2822 modo
2199 2779 2323 2820 cum
2361 2778 2449 2819 res
2482 2760 2731 2817 secundae
2760 2766 2905 2824 sunt,
2937 2757 3030 2813 sed
3056 2765 3252 2812 etcum
3280 2754 3565 2823 afﬂigimur
3588 2792 3606 2816 .

2024 2862 2228 2916 lucrum
2252 2858 2527 2927 acquirere
2552 2896 2566 2919 ,
2595 2870 2657 2909 ac
2686 2865 2795 2908 tum
2837 2853 2997 2907 etiam
3030 2850 3196 2918 magis
3221 2889 3235 2913 ,
3284 2862 3441 2918 quam
3472 2860 3594 2899 cum

2022 2951 2271 3007 secundis
2303 2948 2465 3004 rebus
2502 2946 2746 3001 fruimur.
2798 2943 3086 2998 lnertiores
3115 2940 3257 2994 enim
3286 2937 3601 3006 plerumque

2022 3058 2121 3099 nos
2141 3042 2370 3098 reddunt
2388 3038 2637 3097 secundae
2661 3052 2747 3091 res
2772 3052 2785 3088 :
2808 3032 3127 3089 aﬂlictiones
3165 3039 3343 3084 autem
3372 3028 3499 3082 dum
3520 3028 3604 3080 vi-

2021 3138 2154 3207 giles
2180 3150 2278 3192 nos
2307 3132 2554 3197 reddunt,
2585 3128 2842 3184 auxilium
2869 3126 3023 3181 nobis
3043 3124 3257 3179 moleste
3281 3120 3589 3183 conciliant,

2022 3243 2087 3283 ac
2115 3237 2226 3282 tum
2277 3224 2542 3295 prtecipue
2568 3262 2584 3286 ,
2632 3234 2753 3274 cum
2780 3226 2998 3290 propter
3045 3228 3194 3283 spem
3226 3213 3279 3266 in
3310 3212 3477 3266 Deum
3506 3224 3604 3278 pa-

2023 3318 2284 3382 tientiam,
2310 3324 2365 3369 et
2407 3314 2458 3368 in
2486 3310 2756 3375 onmibus,
2781 3324 2901 3378 qua:
2944 3304 3265 3368 inferuntur,
3296 3300 3598 3356 afﬂictioni-

2023 3410 2122 3464 bus
2144 3405 2473 3462 tolerantiam
2500 3401 2834 3457 exhibemus.
2866 3397 2942 3452 Ne
2988 3398 3146 3465 igitur
3188 3394 3465 3448 doleamus
3492 3433 3507 3457 ,
3554 3392 3599 3445 si

2021 3497 2235 3569 quando
2255 3494 2588 3555 tribulemur,
2620 3490 2715 3545 sed
2762 3489 2935 3557 potius
2980 3486 3304 3555 gaudeamus
3336 3501 3351 3536 :
3380 3483 3430 3536 id
3456 3482 3598 3536 enim

2025 3591 2177 3645 nobis
2204 3589 2256 3643 in
2285 3586 2619 3641 occasionem
2647 3582 2830 3652 glorim
2858 3579 3037 3633 vertit.
3079 3577 3366 3645 Propterea
3406 3575 3603 3629 Paulus

2022 3661 2183 3735 etiam
2208 3676 2459 3739 dicebat,
2502 3672 2705 3728 Scimus
2749 3677 2950 3730 autem,
2992 3665 3231 3736 quoniam
3274 3663 3596 3733 diligentibus

2027 3771 2186 3824 Deum
2226 3767 2397 3821 omnia
2441 3770 2772 3832 cooperantur
2818 3760 2869 3811 in
2922 3761 3125 3811 bonum.
3178 3755 3282 3809 Sed
3322 3755 3596 3808 ardentem

2023 3875 2328 3920 sanctorum
2385 3861 2604 3913 istorum
2658 3854 2893 3907 animum
2939 3850 3232 3903 videamus.
3280 3848 3411 3901 Cum
3445 3848 3602 3913 igitur

2021 3956 2295 4012 custodem
2339 3949 2569 4006 carceris
2618 3947 2885 4001 dicentem
2939 3941 3213 3995 audissent
3263 3957 3275 3992 :
3338 3939 3475 4004 Quid
3528 3955 3606 3991 me

2022 4055 2215 4119 Oportet
2245 4044 2410 4114 [acere
2432 4082 2449 4108 ,
2476 4050 2528 4094 ut
2556 4037 2724 4093 salvus
2750 4036 2871 4105 ﬁant
2909 4033 3016 4103 (Ib.
3043 4049 3088 4086 v.
3122 4032 3190 4085 50
3212 4031 3273 4101 )?
3327 4045 3451 4084 num
3494 4030 3599 4082 dis-

2025 4137 2305 4195 tulerunt?
2345 4148 2470 4189 num
2495 4130 2728 4186 cunctati
2753 4127 2913 4182 sunt?
2936 4140 3059 4179 num
3101 4121 3427 4176 catechismo
3456 4120 3601 4171 illum

2025 4231 2262 4286 imbuere
2317 4220 2711 4294 neglexerunt?
2762 4217 2919 4272 Nullo
2971 4212 3131 4269 modo
3186 4228 3199 4265 :
3251 4209 3344 4266 sed
3376 4208 3500 4278 quid
3531 4209 3597 4261 ad

2022 4321 2182 4378 eum?
2213 4319 2371 4375 Crede
2410 4318 2463 4370 in
2502 4313 2777 4367 Dominum
2805 4310 2982 4362 Iesum
3008 4305 3294 4369 Christum,
3340 4313 3386 4357 et
3437 4304 3608 4356 salvus

2021 4416 2120 4468 eris
2172 4422 2225 4465 tu
2250 4452 2263 4475 ,
2297 4418 2341 4463 et
2379 4416 2481 4460 tota
2522 4405 2703 4457 domus
2751 4413 2838 4454 tua
2873 4402 2891 4471 (
2920 4399 2999 4453 Io.
3028 4414 3077 4452 υ.
3106 4399 3169 4453 51
3205 4398 3243 4467 ).
3277 4396 3406 4450 Vide
3452 4394 3602 4449 solli-

2022 4504 2312 4562 citudinem
2352 4494 2719 4569 apostolicam.
2780 4491 2926 4544 Illius
2980 4488 3148 4545 salute
3201 4484 3434 4539 contenti
3494 4498 3600 4537 non

2023 4606 2179 4659 sunt,
2213 4600 2266 4647 et
2294 4601 2482 4645 omnes
2510 4584 2624 4653 ejus
2670 4581 2992 4635 domesticos
3039 4579 3090 4630 in
3126 4591 3283 4630 causa
3335 4574 3605 4644 religionis

2023 4684 2301 4754 acquirere
2346 4679 2454 4732 Deo
2485 4674 2689 4737 volunt,
2719 4681 2769 4724 et
2802 4669 3011 4722 letalem
3043 4665 3255 4719 diabolo
3282 4665 3486 4733 plagam
3518 4663 3598 4716 in-

2024 4782 2224 4851 digere.
2250 4776 2314 4830 Et
2338 4773 2620 4840 baptizatus
2649 4777 2719 4822 est
2740 4766 2868 4834 ipse,
2898 4772 2943 4815 et
2970 4762 3149 4814 domus
3177 4761 3287 4829 ejus
3318 4758 3555 4811 continuo
3575 4794 3594 4821 ,

2022 4845 2317 4928 et'la'tatus
2346 4876 2418 4921 est
2455 4879 2569 4917 cum
2595 4857 2731 4914 omni
2774 4857 2924 4909 domo
2969 4869 3063 4907 sua
3090 4852 3294 4905 credens
3331 4847 3481 4918 Deo(
3510 4845 3591 4900 Ib.

2025 4985 2073 5021 υ.
2101 4964 2189 5019 55.
2214 4961 2283 5016 54
2309 4961 2348 5021 ).

2097 4961 2390 5123 Ιῗῗίιῗιῗηίισηι
2429 5042 2761 5112 differendum
2790 5038 2842 5090 in
2880 5032 3244 5107 spiritualibus.
3288 5030 3396 5087 Cur
3439 5037 3617 5080 tanta.~

2026 5153 2182 5205 tiones
2208 5144 2459 5218 permittat
2492 5137 2646 5190 Deus.
2676 5162 2749 5173 —
2776 5131 2910 5184 Hinc
2935 5128 3213 5186 docemur,
3258 5122 3310 5176 in
3352 5122 3602 5190 spiritua-

2031 5242 2171 5296 libus
2208 5210 2283 5291 'ne
2333 5231 2596 5286 tantillum
2641 5225 2853 5295 quidem
2901 5233 3148 5288 umquam
3193 5214 3443 5275 differre,
3500 5210 3593 5264 sed

2026 5338 2273 5390 idoneum
2305 5340 2526 5384 censere
2554 5320 2776 5393 quodvis
2809 5328 3017 5385 tempus
3037 5354 3051 5375 ,
3098 5310 3240 5380 quod
3286 5304 3601 5362 occurri-rit.

2026 5429 2081 5484 Si
2113 5427 2255 5481 enim
2290 5420 2449 5474 multa
2480 5425 2634 5470 nocte
2662 5411 2909 5465 nolebant
2946 5405 2998 5458 bi
3024 5402 3188 5457 sancti
3218 5397 3453 5459 differre,
3488 5408 3607 5462 quae

2028 5522 2181 5576 nobis
2223 5516 2375 5571 venia
2424 5511 2534 5565 dari
2586 5505 2797 5577 poterit,
2842 5501 2884 5555 si
2917 5498 3021 5551 alio
3051 5506 3289 5562 tempore
3327 5486 3605 5557 spirituale

2028 5616 2228 5670 lucrum
2260 5597 2776 5661 omittamusWidt-s
2804 5602 3070 5646 carcerem
3108 5586 3157 5638 in
3186 5580 3464 5638 ecclesiam
3487 5592 3609 5632 esse

2027 5697 2381 5761 conversum?
2430 5692 2576 5747 vides
2619 5688 2863 5741 lictorum
2907 5676 3257 5734 divetsorium
3313 5670 3608 5738 derepente

2029 5760 2242 5852 domum
2272 5784 2526 5845 orationis
2554 5795 2672 5837 esse
2701 5776 2916 5839 factum,
2962 5782 3017 5825 et
3045 5768 3150 5824 illic
3182 5776 3387 5821 sacram
3429 5760 3606 5813 initia-
