4060 6252
539 371 634 426 171

537 485 733 538 tionem
776 480 1095 537 celebratam
1119 480 1141 532 ἲ
1187 478 1354 532 Tanta
1383 491 1469 539 res
1494 483 1576 530 est
1611 474 1818 544 vigilem
1845 487 1985 536 esse,
2009 487 2109 527 nec

538 587 786 643 umquam
836 571 1130 641 spiritualia
1181 569 1324 623 lucra
1376 567 1662 638 negligere,
1707 565 1802 620 sed
1856 564 2105 620 idoneum

537 665 762 736 quodvis
813 671 1022 730 tempus
1074 661 1140 716 ad
1194 659 1455 730 ejusmodi
1507 668 1770 728 qum-stum
1835 656 2104 710 arbitrari.

539 758 700 810 lli-cie
732 757 909 822 itaque
938 755 1123 808 beatus
1149 753 1232 807 hic
1254 753 1387 806 dixit
1412 752 1672 815 scribens,
1709 750 1958 818 Quoniam
1985 748 2104 802 diti-

532 845 756 918 gentibus
803 843 967 899 Deum
1017 846 1184 898 omnia
1231 851 1564 912 cooperantur
1605 842 1658 894 in
1698 840 1904 895 bonum.
1958 839 2106 894 Hauc

530 937 882 1002 sententiam,
917 951 1117 1007 quazso,
1165 950 1262 989 nos
1283 948 1469 988 omnes
1493 933 1658 987 menti
1685 942 1879 986 nostra:
1907 931 2102 984 inscul-

531 1037 671 1099 ptam
711 1026 967 1082 habentes
995 1039 1281 1092 numquam
1311 1022 1670 1092 indignemur,
1713 1021 1758 1074 si
1802 1018 2014 1089 quando
2049 1019 2102 1072 in

525 1133 683 1174 casus
725 1119 931 1187 aliquos
970 1117 1222 1170 adversos
1266 1113 1666 1177 iucurrerimus,
1712 1110 1838 1165 dmn
1893 1110 1945 1164 in
2000 1109 2101 1164 hac

529 1209 631 1264 vita
681 1223 978 1273 versamur,
1017 1215 1110 1260 aut
1159 1206 1210 1260 in
1261 1204 1609 1268 calamitates,
1653 1202 1827 1257 autin
1865 1201 2104 1270 corporis

527 1299 888 1368 aegritudines,
931 1307 1023 1352 aut
1073 1299 1124 1350 in
1171 1311 1256 1352 res
1283 1296 1418 1349 alias
1443 1295 1715 1360 molestas,
1762 1292 1856 1347 sed
1887 1292 2103 1346 multam

525 1389 841 1445 exhibentes
895 1387 1308 1442 moderationem
1357 1385 1520 1439 animi
1569 1399 1633 1438 ac
1679 1381 2101 1453 philosophiam,

525 1483 691 1536 cuivis
723 1481 996 1537 tentationi
1025 1479 1360 1542 resistamus,
1400 1493 1520 1531 cum
1572 1477 1726 1531 nobis
1771 1477 2102 1546 exploratum

527 1575 596 1626 sit
641 1573 784 1626 omni
823 1588 887 1626 es
941 1580 1090 1640 parte
1135 1586 1234 1625 nos
1279 1585 1434 1639 posse
1483 1568 1686 1623 lucrum
1717 1579 2009 1637 reportare,
2057 1569 2101 1623 si

528 1664 715 1730 vigiles
757 1673 809 1716 et
846 1662 1034 1716 attenti
1083 1660 1368 1722 fuerimus,
1411 1667 1571 1729 atque
1614 1674 1680 1713 ex
1726 1657 2103 1713 tentationibus

527 1755 700 1821 potius
720 1768 874 1822 quant
905 1767 969 1806 ex
1001 1751 1159 1806 rebus
1182 1749 1430 1804 secundis
1462 1766 1476 1802 :
1511 1765 1609 1803 nec
1640 1763 1888 1818 umquam
1925 1750 2103 1802 animo

523 1843 886 1911 concidamus,
904 1842 1194 1910 cogitantes
1212 1850 1467 1912 quantum
1493 1839 1563 1893 sit
1585 1839 1853 1909 patientia:
1875 1837 2100 1903 lucrum,

526 1940 619 1994 sed
677 1956 775 1994 nec
819 1939 920 1994 illis
968 1939 1133 1993 simus
1179 1931 1394 1996 infensi,
1441 1931 1531 1999 qui
1577 1930 1956 1985 tentationibus
2005 1945 2102 1983 nos

520 2029 788 2084 divexant.
820 2029 969 2084 Licet
1013 2028 1154 2082 enim
1198 2027 1272 2081 illi
1317 2028 1496 2090 etiam,
1551 2030 1607 2080 ut
1635 2019 1915 2075 consilium:
1945 2033 2100 2072 smtut

521 2121 789 2190 expleant,
840 2120 890 2174 id
937 2127 1096 2190 agant
1124 2137 1137 2173 :
1168 2119 1465 2174 communis
1510 2128 1683 2173 tamen
1715 2117 1967 2174 Dominus
2000 2115 2100 2169 hoc

522 2211 802 2280 permittit,
846 2211 988 2279 quod
1033 2225 1132 2266 nos
1174 2208 1304 2264 velit
1355 2209 1454 2262 hac
1506 2209 1711 2263 ratione.
1765 2205 2094 2276 spiritualent

523 2299 665 2355 hunc
690 2311 952 2370 quatstum
982 2301 1259 2363 facere,ac
1298 2299 1564 2370 patientiae
1612 2297 1912 2353 mercedem
1957 2295 2096 2351 obti-

1270 361 1329 416 S.
1370 358 1647 416 JOANNIS
1683 355 2152 413 CHRYSOSTOMI
2195 356 2507 411 ARCIIIEP.
2548 355 3081 414 CONSTANTINOP.

3687 369 3784 422 17!

2217 486 2364 526 uere.
2412 471 2470 526 Si
2507 487 2638 542 ergo
2683 488 2802 542 qure
2848 470 3149 530 inferuntur
3191 473 3330 530 mala
3358 490 3479 531 cum
3506 481 3784 548 gratiarum

2213 563 2423 616 actione
2451 562 2687 632 perferre
2713 564 3000 632 possimus,
3032 579 3137 619 non
3187 565 3433 637 exiguam
3475 567 3782 629 delictorum

2213 663 2515 708 nostrorum
2569 664 2770 725 partem
2825 653 3140 710 delebimus.
3198 657 3253 712 Si
3297 659 3440 713 enim
3488 660 3784 720 thesaurum

2213 743 2372 810 hunc,
2425 753 2480 798 et
2507 745 2655 800 erbis
2682 753 2946 799 terrarum
2973 746 3249 801 doctorem
3282 749 3521 818 quotidie
3548 753 3786 820 periculis

2210 837 2369 906 obiici
2399 853 2521 892 cum
2554 837 2760 892 videret
2786 837 3058 903 Dominus,
3108 840 3471 910 permittebat,
3519 859 3622 897 non
3652 846 3787 915 quod

2209 927 2468 981 athletam
2511 941 2668 981 suum
2708 926 3028 996 despiceret,
3076 929 3171 984 sed
3215 931 3360 999 quod
3403 932 3608 1002 longius
3656 936 3789 992 illius

2209 1015 2391 1070 virtuti
2418 1016 2648 1070 stadium
2675 1024 2961 1083 sterneret,
3010 1027 3067 1072 ut
3111 1019 3501 1089 splendidiores
3535 1023 3610 1078 illi
3636 1039 3786 1081 coro-

2209 1122 2306 1162 nas
2331 1108 2577 1163 redderet
2609 1126 2622 1162 :
2651 1110 2776 1179 quid
2803 1125 2903 1164 nos
2925 1109 3168 1167 dicemus
3205 1113 3296 1183 qui
3338 1116 3570 1182 peccatis
3615 1127 3786 1174 scale.

2209 1212 2328 1252 mus
2377 1199 2693 1266 iumuneris,
2745 1211 2800 1254 et
2838 1201 3038 1256 ideirco
3079 1202 3390 1272 frequenter
3416 1207 3790 1265 tentatiouibus

2206 1290 2596 1355 eonllictamur,
2629 1299 2686 1344 ut
2712 1305 2831 1344 cum
2860 1306 3054 1346 eorum.
3074 1308 3233 1348 causa
3260 1309 3446 1363 pinnas
3463 1295 3787 1366 dederimus,

2207 1382 2394 1435 saltem
2434 1380 2663 1448 aliquam
2704 1380 3086 1437 misericordia;
3117 1391 3322 1452 partem
3348 1384 3592 1454 exiguam
3618 1387 3787 1458 impeo

2209 1477 2431 1535 treums,
2482 1477 2537 1524 et
2562 1469 2615 1524 in
2645 1471 2739 1526 illo
2765 1471 2851 1525 die
2879 1473 3162 1526 tremendo
3191 1472 3347 1530 bonis
3374 1476 3481 1529 illis
3510 1476 3790 1532 ineffabili-

2207 1559 2307 1614 bus
2355 1560 2731 1629 perfruamur?
2783 1562 2911 1618 Haec
2957 1573 3136 1618 autem
3185 1580 3306 1620 cum
3358 1567 3550 1623 animis
3600 1571 3792 1624 nostris

2206 1662 2535 1721 reputantes,
2580 1653 2836 1708 adversus
2868 1655 3046 1709 omnia
3089 1665 3398 1712 constanter
3430 1659 3791 1731 patieutcrque

2205 1738 2536 1810 resistamus,
2590 1755 2648 1799 ut
2687 1753 2744 1800 et
2786 1746 3082 1802 tolerantia:
3131 1749 3436 1805 mercedem
3488 1766 3520 1804 a
3565 1751 3792 1823 benigno

2210 1833 2431 1889 Domino
2476 1836 2815 1905 recipiamus,
2864 1848 2918 1893 et
2949 1849 3288 1908 peccatorum
3317 1852 3626 1898 nostrorum
3659 1846 3789 1900 mul-

2209 1926 2487 1979 titudinem
2519 1927 2836 1983 imminuere
2867 1929 3151 1997 possimus,
3178 1941 3232 1986 et
3261 1942 3457 1987 :eterna
3494 1935 3638 1988 bona
3667 1951 3788 1991 con-

2204 2019 2382 2087 sequi,
2425 2020 2592 2087 gratia
2621 2029 2676 2076 et
2703 2019 3028 2092 benignitate
3059 2023 3268 2078 Domini
3300 2025 3467 2079 nostri
3493 2024 3624 2093 Jesu
3645 2026 3788 2082 Chri-

2205 2112 2294 2174 sti,
2344 2127 2464 2165 cum
2495 2128 2600 2180 quo
2633 2112 2796 2178 Patri,
2850 2113 3113 2183 simulque
3137 2113 3356 2184 Spiritui
3391 2126 3579 2170 sancto
3603 2117 3788 2186 gloria,

2205 2203 2511 2272 imperium,
2561 2213 2614 2258 et
2643 2203 2835 2270 honor,
2866 2221 3004 2260 nunc
3030 2215 3086 2261 et
3107 2221 3344 2276 semper,
3393 2219 3447 2264 et
3497 2211 3550 2264 in
3597 2211 3790 2267 szeeuh

2203 2295 2540 2350 seculorum.
2577 2297 2766 2350 Amen.

1491 2893 1840 2954 MONITUM
1888 2893 1987 2954 AD
2028 2893 2404 2954 HOMILIAM
2446 2893 2523 2953 ΙΝ
2566 2893 2823 2968 ILLUD,

610 3099 756 3157 Licet
784 3101 850 3156 de
881 3117 1046 3170 anno,
1080 3117 1188 3172 quo
1217 3103 1356 3158 hanc
1388 3103 1812 3175 Chrysostomus
1851 3104 2222 3174 pronuntiavit
2267 3103 2568 3168 homiliam,
2601 3103 2735 3157 nihil
2774 3101 3108 3169 habeamus,
3151 3117 3217 3158 es
3251 3101 3342 3166 iis,
3373 3115 3496 3171 qua:
3541 3114 3698 3155 num.
3740 3099 3771 3153 ι

543 3219 774 3288 hujusce
803 3219 1084 3273 eoneiouis
1120 3219 1375 3273 dicuntur
1402 3219 1468 3272 de
1501 3220 1848 3290 imperatoria
1879 3219 2043 3274 Curia
2064 3259 2079 3284 ,
2115 3220 2291 3289 deque
2339 3220 2561 3275 militari
2590 3220 2842 3276 satellitio
2870 3218 3219 3291 Imperatoris
3238 3263 3253 3286 ,
3289 3235 3355 3276 ea
3385 3220 3777 3276 Constantino-

544 3331 650 3400 poli
680 3329 861 3383 habita
904 3329 1073 3384 fuisse
1119 3330 1579 3400 deprehenditur;
1621 3342 1674 3387 et
1714 3333 1956 3403 quidem,
1998 3343 2056 3387 ut
2101 3349 2254 3388 nutu.
2295 3334 2331 3387 2
2367 3344 2641 3400 narratur,
2666 3344 2852 3390 testate
2879 3350 3134 3406 maguum
3171 3335 3224 3388 in
3257 3332 3555 3404 frequentia
3591 3330 3778 3402 populi

539 3451 733 3499 aestum
766 3445 1042 3516 pariente;
1070 3460 1233 3515 quam
1277 3444 1636 3501 obtendebant
1671 3461 1893 3501 causam
1939 3445 2547 3516 ConstantinOpolitani,
2596 3462 2720 3503 cum
2768 3454 3086 3517 quereretur
3133 3445 3554 3508 Chrysostomus
3597 3443 3777 3496 eccle-

540 3559 677 3612 siam
724 3574 830 3614 non
875 3558 1227 3632 frequentari,
1278 3561 1583 3634 multosque
1629 3578 1658 3616 a
1699 3562 2055 3618 conciouibus
2093 3561 2285 3616 abesse
2313 3561 2468 3617 suis:
2506 3576 2642 3630 quos
2677 3562 2890 3631 egregie
2939 3560 3174 3616 retundit
3199 3557 3624 3629 Chrysostomus
3660 3574 3675 3610 :
3718 3552 3773 3607 Si

3591 3814 3755 3826 π--ν-η

1822 4114 2222 4181 ADVERSUS
2261 4117 2420 4188 EOS,

506 4259 612 4314 QUI
660 4262 740 4301 ΔΙ)
781 4258 1146 4301 COLLECTAM
1191 4258 1312 4301 NON
1355 4259 1835 4318 OCCURRERUNT,
1884 4267 1964 4308 ΕΤ
2007 4268 2071 4311 ΙΝ
2115 4269 2356 4312 DICTUM
2415 4270 2601 4311 ILLUD
2645 4267 2968 4323 APOSTOLI,
3013 4268 3065 4310 SI
3110 4268 3449 4310 ESUIIIEBIT
3492 4269 3774 4314 ιηιιιιρυς

967 4357 1148 4413 'ruus,
1193 4359 1333 4401 CIBA
1381 4360 1570 4403 ILLUM
1619 4342 1843 4424 (Rom.
1894 4346 1990 4418 12,
2035 4349 2114 4407 20
2145 4348 2194 4429 ),
2235 4365 2313 4409 ET
2357 4369 2438 4408 ne
2483 4367 2962 4410 lNlMtClTlAnUM
3007 4365 3326 4410 ιιεΜοιιιΑ.

1743 4506 2090 4524 α--ῇ

595 4610 644 4665 Ι.
700 4606 1013 4662 Panchatem
1061 4609 1348 4662 auditorum
1387 4611 1610 4676 queritur
1659 4609 2080 4680 Chrysostomus;

511 4699 790 4768 applatmss
814 4701 1098 4753 auditorum
1140 4699 1350 4769 respuit.
1399 4698 1752 4768 Proverbium,
1801 4699 1956 4756 Gutta
1999 4720 2085 4758 ca-

510 4801 592 4844 ιισι
633 4790 873 4860 lapidem.
917 4818 987 4830 —
1024 4789 1203 4854 Nihil,
1247 4799 1304 4844 ut
1358 4789 1600 4856 videtur,
1649 4792 1803 4848 nobis
1847 4793 2080 4863 profuit,

510 4879 652 4950 quod
719 4895 1021 4935 sermonem
1077 4879 1291 4950 longum
1348 4897 1520 4948 nuper
1591 4882 1968 4950 habuerimus,
2025 4894 2084 4939 ut

511 4982 745 5024 vestrum
790 4970 856 5023 ad
927 4969 1182 5024 collectas
1235 4971 1478 5024 veniendi
1533 4971 1763 5026 studium
1818 4975 2082 5029 excitare-

513 5078 630 5116 mus
661 5080 676 5117 :
703 5077 891 5117 rursus
926 5063 1066 5118 enim
1107 5063 1260 5117 nobis
1297 5063 1418 5116 filiis
1445 5065 1556 5118 suis
1581 5064 1805 5119 ecclesia
1831 5065 2080 5120 destituta

509 5164 610 5208 est.
641 5154 756 5220 Quo
782 5154 839 5207 ilt
863 5167 918 5208 ut
948 5169 1131 5209 rursus
1155 5155 1312 5208 etiam
1339 5157 1515 5224 gravis
1538 5171 1600 5208 ac
1629 5156 1886 5211 molestus
1911 5157 2078 5212 videri

509 5262 688 5312 cogar,
714 5240 832 5300 sive
871 5246 996 5298 dum
1036 5253 1326 5314 prmsentes
1369 5246 1593 5314 eaStigo,
1644 5247 1757 5301 sive
1794 5246 1919 5301 dum
1960 5247 2081 5302 abs-

511 5346 664 5390 entes
716 5333 1050 5405 reprehendo
1090 5351 1104 5386 :
1150 5333 1270 5387 illos
1317 5333 1566 5402 quidvm,
1618 5335 1760 5402 quod
1815 5337 2077 5406 pigritiam

513 5444 618 5482 non
658 5428 1029 5490 excusserint,
1075 5439 1168 5479 vos
1220 5439 1347 5479 vero
1396 5425 1536 5491 quod
1586 5426 1807 5480 salutem
1857 5426 2078 5483 fratrqu

511 5531 614 5570 oon
655 5517 874 5570 curetis.
927 5514 1118 5570 Gravis
1154 5529 1217 5568 ac
1264 5515 1521 5568 molestus
1545 5515 1710 5570 videri
1739 5531 1922 5584 cogor,
1974 5533 2078 5572 non

507 5622 626 5660 mea
654 5607 735 5660 vel
763 5621 996 5659 mearum
1023 5603 1439 5675 possessionum,
1469 5605 1560 5660 sed
1592 5616 1762 5660 vestra
1790 5607 2079 5677 salutisque

509 5705 699 5751 vestrae
743 5710 922 5758 causa,
970 5711 1072 5764 qua
1121 5695 1250 5748 mihi
1295 5696 1422 5748 nihil
1472 5707 1553 5750 est
1602 5696 2077 5768 antiquiusﬁgre

514 5791 648 5846 [erat
668 5787 756 5857 qui
780 5787 940 5849 volet,
965 5787 1322 5853 importunum
1355 5799 1408 5840 et
1437 5789 1792 5855 uupiulcntcin
1823 5791 2075 5859 appellet;

2094 4495 2197 4537 ρο

2200 4513 2514 4528 -ᾑ

2192 4633 2291 4688 ego
2313 4635 2440 4673 vero
2469 4634 2680 4689 semper
2731 4619 2830 4675 hac
2871 4619 2939 4675 de
2965 4635 3124 4676 causa
3173 4621 3473 4678 molestiam
3518 4621 3770 4678 exhibere

2192 4724 2297 4764 non
2344 4709 2605 4776 desinam,
2656 4709 2786 4764 nihil
2829 4711 2970 4765 enim
3020 4711 3120 4765 hac
3145 4712 3468 4781 impudentia
3498 4713 3626 4766 mihi
3656 4713 3770 4766 fru-

2191 4799 2428 4852 ctuosius
2451 4813 2569 4854 esse
2599 4808 2792 4869 potest.
2839 4800 3090 4855 Fortasse
3120 4817 3366 4872 namque,
3417 4801 3668 4866 fortasse,
3723 4803 3769 4856 si

2192 4889 2370 4944 minus
2397 4891 2615 4945 alterius
2643 4889 2742 4958 rei,
2797 4892 2983 4945 saltem
3018 4893 3172 4961 hujus
3199 4909 3291 4948 vos
3321 4893 3555 4965 pudebit,
3604 4902 3663 4946 ut
3704 4909 3772 4947 ue

2190 4993 2402 5049 semper
2445 4979 2687 5036 eamdem
2731 4981 2800 5034 ob
2833 4996 3047 5037 causam
3078 4985 3316 5038 molestia
3345 4984 3494 5037 vobis
3522 4983 3771 5039 exhibea~

2189 5076 2293 5130 tur,
2351 5077 2405 5122 et
2454 5084 2634 5123 curam
2686 5069 2877 5127 fratres
2930 5083 3136 5126 vestros
3176 5074 3391 5142 juvandi
3447 5074 3766 5144 suscipiens.

2187 5158 2323 5226 Quid
2352 5160 2493 5212 enim
2523 5160 2651 5214 mihi
2685 5160 2869 5216 laudes
2895 5174 3136 5231 prosunt,
3179 5179 3299 5217 cum
3342 5180 3437 5218 vos
3482 5166 3535 5218 in
3577 5166 3770 5218 virtute

2189 5248 2362 5303 facere
2409 5265 2719 5318 progressus
2771 5267 2878 5305 non
2927 5253 3178 5306 videam?
3225 5253 3377 5322 Quod
3438 5269 3568 5308 vero
3638 5253 3767 5308 mihi

2186 5337 2436 5393 damnum
2467 5341 2637 5394 oritur
2662 5357 2725 5394 ex
2757 5343 2972 5396 silcutio
3016 5344 3340 5409 auditorum,
3371 5360 3492 5398 cum
3535 5355 3765 5400 vestram

2185 5429 2367 5497 aligeri
2409 5432 2733 5500 conspiciam
2779 5434 3068 5502 pietatem?
3118 5435 3260 5489 Laus
3304 5437 3502 5506 quippe
3540 5435 3766 5492 dicentis

2186 5532 2290 5590 est,
2323 5537 2425 5577 non
2457 5524 2764 5592 applausus,
2817 5524 2911 5579 sed
2963 5527 3264 5581 auditorum
3313 5528 3364 5582 in
3397 5530 3594 5596 pietate
3620 5527 3768 5582 zelus

2188 5627 2251 5664 ac
2301 5613 2573 5678 studium;
2632 5630 2734 5668 non
2784 5617 3038 5671 tumultus
3079 5617 3363 5683 excitatus,
3393 5633 3501 5686 quo
3527 5629 3767 5686 tempore

2185 5715 2364 5756 sermo
2402 5703 2634 5769 auditur,
2677 5704 2770 5758 sed
2797 5706 3028 5762 studium
3056 5720 3120 5761 ac
3143 5706 3434 5777 diligentia,
3471 5724 3590 5778 qua:
3619 5703 3761 5760 omni

2185 5801 2422 5863 tempore
2441 5793 2741 5849 exhibetur.
2757 5795 2794 5848 Α
2805 5798 3052 5865 pplausus
3079 5813 3142 5852 ex
3175 5813 3267 5853 ore
3291 5799 3450 5854 simul
3475 5802 3763 5873 egreditur,
