4060 6252
385 295 482 349 I73

377 415 430 460 et
469 407 523 460 in
573 401 754 459 aciem
793 401 1016 458 diffusus
1041 398 1258 464 interit;
1312 395 1452 467 quod
1498 405 1672 448 autem
1713 389 1960 444 meliores

376 497 506 551 fiant
544 493 836 559 auditores,
880 491 1238 560 incorruptam
1263 497 1320 544 et
1343 483 1694 542 immortalem
1722 495 1843 534 eum
1872 477 1955 530 di-

374 585 536 651 centi,
587 593 698 640 tum
745 580 1232 651 obtemperantibus
1277 576 1576 632 mercedem
1619 570 1791 624 affert.
1834 567 1960 620 Cla-

374 677 538 731 moris
567 675 729 729 vestri
756 670 1146 727 commendatio
1189 666 1528 723 illustriorem
1577 671 1840 716 oratorem
1869 657 1958 710 hic

373 767 582 820 reddit:
613 774 668 818 at
691 764 882 817 animae
909 770 1100 817 vestra:
1123 761 1288 830 pietas
1315 758 1535 812 multam
1561 753 1698 824 apud
1726 748 1956 804 tribunal

373 857 570 912 Christi
621 854 828 908 doctori
861 853 1102 908 fiduciam
1141 849 1386 920 acquirit.
1417 847 1596 915 Itaque
1632 845 1675 897 si
1717 841 1836 911 quis
1863 854 1957 892 eos

371 948 460 1016 qui
501 961 804 1002 sermonem
853 945 1069 1006 habent,
1109 942 1316 1012 diligat,
1365 955 1469 993 non
1512 935 1818 1007 applaumts,
1859 929 1953 984 sed

371 1040 657 1094 utilitatem
701 1036 884 1105 diligat
929 1035 1249 1088 auditorum.
1300 1031 1415 1084 Non
1461 1027 1727 1081 mediocre
1755 1022 1950 1077 malum

370 1137 452 1185 est
491 1128 722 1183 fratrum
749 1142 930 1181 curam
965 1141 1069 1180 non
1113 1138 1313 1193 gerere,
1367 1120 1458 1174 sed
1501 1129 1798 1173 extremum
1825 1127 1952 1180 sup-

371 1220 586 1289 plieium
617 1227 718 1284 est,
748 1226 802 1273 et
831 1215 1148 1270 inevitabilis
1175 1227 1326 1283 pmna
1358 1229 1370 1263 :
1401 1209 1542 1280 quod
1590 1209 1761 1276 ipsum
1792 1206 1834 1258 is
1861 1202 1950 1274 qui

371 1311 627 1363 talentum
658 1306 935 1362 del'oderat
965 1305 1230 1358 indicavit.
1255 1304 1393 1357 Sane
1422 1300 1550 1354 nihil
1578 1300 1626 1353 ei
1671 1299 1796 1352 vitio
1825 1313 1945 1351 ve.-

368 1399 600 1464 tebatur,
647 1397 788 1466 quod
837 1397 889 1449 in
931 1397 1036 1448 vita
1071 1403 1361 1463 peccasset,
1403 1405 1572 1460 neque
1619 1389 1756 1442 male
1793 1387 1946 1456 quid-

365 1505 526 1559 quam
579 1490 630 1542 in
673 1488 898 1557 depositi
941 1487 1180 1542 custodia
1222 1486 1560 1539 commiserat
1617 1499 1630 1536 :
1685 1482 1947 1548 integrum

365 1579 508 1634 enim
549 1577 676 1631 illud
726 1578 956 1632 rc‘stituit
985 1594 1001 1630 :
1034 1577 1126 1631 sed
1159 1586 1332 1630 t:nnen
1379 1575 1428 1627 in
1461 1573 1683 1640 depositi
1714 1570 1949 1639 negotia-

367 1672 514 1724 tione
558 1670 696 1723 male
745 1683 804 1722 se
845 1673 1102 1737 gesserat.
1131 1666 1246 1721 Noa
1276 1667 1416 1720 enim
1441 1664 1492 1717 id
1523 1662 1660 1732 quod
1686 1661 1943 1716 creditum

366 1759 542 1815 fuerat
587 1760 920 1828 duplicaret;
966 1773 1124 1828 quam
1168 1756 1238 1811 ob
1285 1769 1500 1810 causam
1549 1755 1708 1806 etiam
1759 1765 1944 1820 ptenas

365 1850 546 1904 dabat.
581 1850 734 1904 Unde
764 1849 1098 1904 manifestum
1127 1847 1323 1909 evadit,
1371 1846 1495 1900 licet
1523 1843 1744 1898 studiosi
1777 1843 1942 1895 simus

363 1952 420 1996 et
450 1941 713 2006 instructi,
765 1941 890 1996 licet
918 1940 984 1994 ad
1013 1955 1217 1994 sacram
1261 1937 1576 1992 audiendam
1615 1935 1942 2004 Scripturam

363 2033 529 2086 multa
559 2032 848 2116 cupiditate
876 2030 1308 2092 cxardescamus,
1330 2028 1381 2082 id
1408 2035 1582 2082 tamen
1610 2027 1674 2079 ad
1706 2033 1942 2078 nostram

363 2122 590 2176 salutem
622 2115 740 2176 non
779 2121 1044 2176 sufﬁcere.
1099 2117 1478 2196 Du‘plicandum
1508 2131 1735 2186 namque
1783 2115 1945 2184 depo-

362 2213 522 2267 situm
563 2222 650 2268 est
689 2230 704 2266 :
741 2227 898 2282 porro
946 2212 1164 2282 duplum
1211 2213 1307 2278 tit,
1350 2209 1564 2280 quando
1605 2223 1726 2262 cum
1773 2206 1944 2259 salute

363 2311 546 2358 nostra
593 2319 776 2359 curam
825 2303 1046 2358 aliorum
1095 2317 1306 2372 queque
1355 2301 1692 2370 suscipimus.
1732 2295 1862 2352 Nam
1891 2309 1944 2353 ct

361 2395 476 2463 ipse
525 2393 682 2460 dixit,
741 2393 868 2447 Ecce
912 2395 1106 2447 salvum
1144 2393 1316 2458 habes,
1345 2391 1479 2462 quod
1513 2400 1654 2444 tuum
1693 2399 1801 2454 est;
1847 2388 1938 2442 sed

363 2485 464 2538 hoc
509 2485 576 2537 ad
629 2485 1024 2538 excusationem
1075 2485 1146 2538 illi
1199 2483 1330 2538 satis
1384 2495 1486 2537 n‘on
1531 2481 1647 2536 fuit.
1707 2481 1940 2550 Oportuit

358 2575 537 2641 enim,
587 2574 790 2644 inquit,
835 2585 884 2629 te
925 2576 1232 2628 committere
1301 2575 1604 2627 nuntulariis
1659 2573 1793 2639 quod
1851 2573 1941 2628 tibi

356 2666 678 2719 commissum
707 2677 782 2720 est
827 2665 1044 2735 (.‘llutth.
1083 2667 1172 2720 25.
1225 2664 1342 2736 27).
1387 2667 1454 2719 At
1505 2675 1557 2718 tn
1599 2665 1749 2729 mihi,
1780 2680 1936 2734 quam

357 2757 492 2813 levia
523 2759 633 2812 sint
663 2759 871 2813 Domini
899 2759 1168 2823 mandata,
1200 2759 1497 2812 considera.
1525 2758 1774 2811 liomines
1795 2758 1934 2810 enim

357 2863 472 2912 eos,
509 2849 598 2918 qui
629 2851 880 2918 pecunias
909 2850 1103 2905 beriles
1130 2850 1256 2904 dant
1284 2849 1498 2914 faenori,
1551 2850 1708 2904 etiam
1740 2849 1936 2917 repeti-

357 2940 490 2994 tioni
531 2941 758 2995 reddunt
795 2941 1082 2995 obnoxios.
1123 2941 1202 2996 Tu
1241 2941 1573 3005 commisisti,
1623 2948 1697 3004 lu,
1747 2939 1934 3008 inquit,

355 3043 540 3104 repete
589 3051 602 3087 :
651 3034 852 3088 nullum
886 3034 1158 3088 mihicum
1187 3049 1252 3088 eo
1283 3035 1368 3103 qui
1401 3035 1618 3102 recepit,
1667 3034 1934 3103 negotium

354 3133 454 3176 est.
487 3123 626 3178 Deus
651 3139 779 3178 vero
808 3139 910 3176 non
939 3125 1029 3186 ita,
1058 3124 1152 3178 sed
1177 3125 1510 3178 committere
1531 3123 1683 3193 jubet
1709 3132 1931 3189 tantum,

353 3221 408 3266 at
438 3228 544 3266 non
571 3213 698 3267 item
725 3213 1026 3282 repetitioni
1069 3230 1166 3268 nos
1205 3214 1382 3268 reddit
1420 3213 1700 3268 obnoxios.
1731 3213 1933 3283 Quippe

355 3303 406 3356 in
435 3313 694 3371 potestate
721 3305 947 3360 oratoris
975 3315 1076 3370 est,
1103 3315 1164 3358 ut
1187 3305 1450 3372 consulat,
1495 3320 1599 3359 non
1631 3314 1686 3358 ut
1714 3321 1930 3374 persua-

351 3395 494 3448 deat.
524 3394 857 3465 Quapropter
879 3396 944 3450 ad
972 3396 1408 3450 committendum
1451 3396 1622 3450 solum
1655 3406 1704 3449 te
1733 3396 1926 3465 obligo,

351 3503 456 3542 non
502 3488 628 3542 item
671 3487 737 3542 ad
783 3487 1149 3556 repetendum.
1178 3487 1316 3554 Quid
1343 3489 1444 3541 hoc
1471 3487 1638 3541 levius
1667 3487 1788 3540 est?
1833 3491 1927 3540 At-

350 3587 529 3634 tamen
572 3578 763 3632 durum
811 3578 1110 3648 appellabat
1157 3589 1262 3632 tam
1305 3578 1486 3632 mitem
1534 3592 1597 3632 ac
1647 3578 1927 3646 benignum

347 3668 624 3721 dominum
656 3682 862 3722 servus.
891 3669 960 3721 Ea
991 3667 1184 3738 quippe
1211 3666 1570 3736 improborum
1601 3676 1654 3720 et
1685 3667 1926 3720 inertium

348 3765 432 3810 est
457 3757 787 3812 consuetudo
815 3771 1132 3810 servorum:
1166 3767 1510 3825 peccatorum
1550 3771 1767 3811 suorum
1812 3757 1927 3812 cul-

348 3863 470 3920 pam
519 3863 733 3918 semper
779 3849 830 3902 in
872 3849 1117 3903 dominos
1146 3865 1270 3904 suos
1297 3850 1557 3920 rejiciunt.
1583 3849 1782 3906 Idcirco
1809 3865 1930 3906 cru-

346 3939 524 3993 eiatus
541 3949 598 3994 et
624 3938 966 4008 compedibus
994 3940 1201 3993 vinctus
1229 3939 1314 3993 ille
1349 3940 1400 3993 in
1429 3941 1673 3995 tenebras
1696 3945 1928 3996 exterio-

345 4047 434 4086 res
470 4030 800 4099 ejicicbatur.
837 4031 990 4097 Quod
1031 4047 1098 4085 ne
1137 4032 1288 4086 nobis
1330 4033 1488 4088 etiam
1535 4033 1776 4099 accidat,
1825 4036 1924 4090 do-

343 4123 570 4175 ctrinam
600 4122 849 4176 fratribus
885 4123 1297 4189 committamus,
1327 4125 1441 4178 sive
1483 4126 1921 4194 persuadeantur,

343 4211 456 4266 sive
478 4226 581 4265 non
611 4212 1051 4281 persuadeantur.
1084 4212 1139 4266 Si
1165 4213 1307 4268 enim
1341 4218 1578 4285 persuasi
1607 4216 1822 4283 fuerint,
1870 4228 1925 4274 et

341 4301 410 4355 de
464 4302 656 4371 seipsis
702 4311 757 4356 et
800 4301 866 4357 de
907 4303 1062 4357 nobis
1107 4304 1240 4358 bene
1293 4307 1639 4362 merebuntur
1681 4326 1694 4362 :
1736 4308 1780 4363 si
1819 4325 1921 4364 non

342 4392 544 4446 fuerint
589 4395 867 4462 persuasi,
927 4393 1242 4463 supplicium
1286 4395 1383 4449 sibi
1430 4407 1702 4453 accersent
1753 4399 1919 4454 inevi-

341 4483 543 4549 tabile,
601 4483 756 4538 nobis
803 4491 980 4538 autem
1035 4500 1102 4538 ne
1155 4485 1414 4540 tantillum
1471 4488 1681 4557 quidem
1728 4505 1922 4546 nocere

339 4585 610 4644 poterunt.
665 4575 818 4640 Quod
858 4577 1000 4630 enim
1051 4578 1217 4630 nostri
1265 4581 1497 4633 muneris
1549 4581 1667 4646 fuit,
1711 4586 1919 4652 przestio

340 4668 522 4734 timus,
551 4683 671 4721 cuin
699 4669 975 4722 consilium
1007 4669 1312 4724 dederimus
1358 4690 1371 4725 :
1420 4673 1556 4742 quod
1597 4674 1642 4728 si
1683 4677 1916 4744 persuasi

335 4775 442 4814 non
483 4760 698 4825 fuerint,
747 4761 873 4816 nihil
907 4761 1029 4816 inde
1059 4777 1340 4832 possumus
1366 4779 1555 4833 capere
1593 4767 1912 4822 detrimenti.

333 4849 604 4918 Siquidem
633 4851 832 4906 crimen
857 4860 956 4914 est,
988 4867 1090 4906 non
1119 4854 1160 4905 si
1191 4853 1407 4908 minime
1437 4857 1784 4922 persuaseris,
1823 4863 1917 4917 sed

331 4939 374 4992 si
409 4941 625 4994 minimc
655 4941 936 4994 consilium
965 4940 1180 4995 dederis
1211 4959 1224 4994 :
1256 4942 1344 4996 ubi
1375 4958 1501 4998 vero
1527 4945 1911 5012 cohortatione,

329 5032 662 5100 consilioque
736 5033 987 5086 continuo
1046 5034 1410 5103 frequentique
1485 5035 1742 5104 perfuncti
1797 5039 1912 5092 fne-

329 5111 521 5186 rimus,
578 5137 682 5174 non
722 5121 831 5190 jam
857 5137 886 5174 a
919 5124 1089 5184 nobis,
1124 5123 1216 5177 sed
1245 5123 1311 5176 ab
1344 5125 1444 5179 illis
1471 5128 1728 5180 rationem
1777 5128 1912 5182 Dens

327 5213 526 5281 exiget.
573 5212 774 5267 Vellem
819 5215 1064 5284 equidem
1119 5215 1392 5269 evidenter
1435 5232 1594 5273 nosse
1647 5235 1738 5272 vos
1791 5220 1911 5274 illos

324 5303 542 5358 assidue
581 5303 912 5359 cohortando
950 5321 1312 5375 perseverare,
1362 5317 1414 5360 et
1461 5324 1584 5361 num
1629 5310 1678 5362 in
1721 5311 1908 5364 eadim

324 5407 542 5464 semper
607 5395 682 5449 illi
739 5396 1054 5466 negligentia
1115 5397 1432 5466 persistant,
1501 5413 1599 5453 nec
1659 5415 1906 5468 umquam

323 5485 477 5538 vobis
527 5487 828 5541 molestiam
879 5488 1184 5542 exhiberem
1243 5506 1256 5542 :
1304 5487 1414 5556 jam
1465 5504 1591 5543 vero
1635 5491 1796 5544 timeo
1843 5508 1908 5546 ne

325 5577 532 5630 inertiae
585 5577 909 5647 incuriu‘que
975 5587 1164 5632 vestra:
1223 5579 1350 5633 vitio
1413 5588 1658 5633 maneant
1728 5580 1903 5634 incor-

320 5669 476 5724 recti.
523 5668 706 5741 Neque
751 5672 890 5726 enim
947 5671 1054 5724 ίίιϊὶ
1101 5678 1294 5742 potest.
1339 5671 1508 5742 utqui
1538 5671 1900 5728 cohortatione

1303 281 1366 340 tu
1406 277 1626 345 ILLUD,
1665 279 1723 334 Sl
1763 269 2126 332 esumsmr
2169 256 2486 342 mancos,
2529 263 2674 330 ert}.

2001 1367 2024 1377 ο

1945 4949 1986 4971 υ

3544 278 3642 334 ιτι

2064 383 2410 454 doctrinaque
2465 388 2770 455 frequenter
2817 383 3042 449 fruatur,
3095 375 3284 440 melior
3327 368 3642 442 suidiosior-

2063 489 2168 542 que
2215 491 2318 528 non
2367 476 2478 528 fiat.
2548 478 2624 529 Ac
2673 477 2887 544 vulgare
2933 475 3150 546 quidem
3199 487 3280 530 est
3331 476 3458 532 illud
3511 493 3638 546 pro-

2061 564 2337 628 verbium,
2411 566 2550 633 qtinti
2607 565 2843 620 dicturus
2895 581 3049 633 sum;
3117 578 3480 624 verumtamen
3542 569 3646 625 hoc

2061 655 2230 723 ipsum
2284 665 2522 709 testatur.
2571 657 2775 711 Stiilnla
2816 657 2992 732 enim,
3045 657 3244 727 inquit,
3285 659 3461 714 mollis
3489 673 3640 730 aqua:

2060 759 2243 800 saxum
2298 747 2512 800 assiduo
2557 757 2709 802 cavat
2747 750 2873 803 ictu.
2918 749 3150 804 Tametsi
3179 743 3306 819 quid
3325 766 3466 820 aqua
3502 754 3638 804 mol-

2061 835 2204 890 lius?
2273 837 2397 906 quid
2445 852 2574 891 saxo
2617 839 2845 892 durius?
2917 849 3148 894 attamen
3206 842 3488 896 assiduitas
3545 860 3640 896 na-

2061 911 2232 981 uirum
2293 928 2474 985 vincit.
2525 929 2676 996 Quod
2723 929 2769 984 si
2825 942 3066 986 naturam
3122 933 3285 986 vineit
3329 933 3636 997 assiduitas,

2059 1019 2226 1071 multo
2291 1019 2458 1088 magis
2524 1021 2848 1076 voluntatem
2925 1024 3118 1090 poterit
3175 1037 3447 1092 superare.
3518 1025 3634 1080 Non

2057 1107 2210 1162 Indus
2257 1118 2338 1164 est
2384 1109 2851 1179 Cbristianismus,
2903 1113 3108 1178 dilecti,
3161 1129 3258 1170 nec
3319 1131 3404 1170 res
3453 1129 3642 1186 supch
3715 1148 3720 1154 -

2056 1213 2304 1255 vaeanea.
2335 1201 2595 1258 Continue
2622 1205 2717 1258 ista
2744 1205 2968 1260 dicimus
2989 1248 3004 1272 ,
3043 1216 3096 1261 et
3117 1208 3251 1262 nihil
3282 1209 3604 1276 proﬁcimus.

2128 1294 2180 1345 Et.
2230 1295 2492 1358 Quantum
2535 1295 2662 1349 mihi
2709 1297 2938 1352 censetis
2989 1298 3226 1354 dolorem
3275 1301 3444 1366 inuri,
3511 1315 3633 1355 cum

2053 1387 2306 1441 recordor
2341 1387 2488 1442 festis
2530 1388 2742 1457 quidem
2792 1388 2980 1444 diebus
3029 1398 3174 1444 vasta
3214 1393 3374 1446 maris
3420 1406 3633 1461 aequora

2051 1478 2392 1532 collectarum
2453 1480 2632 1532 turbas
2677 1479 2891 1542 imitari,
2929 1481 3040 1548 jam
3091 1491 3220 1536 vero
3265 1497 3330 1536 ne
3385 1494 3632 1552 quotam-

2053 1569 2134 1622 vis
2183 1570 2392 1638 quidem
2447 1578 2648 1638 partem
2698 1569 2786 1624 hic
2830 1571 2970 1625 illius
3017 1571 3369 1627 multitudinis
3405 1583 3636 1645 eongrel

2048 1664 2203 1732 gari?
2249 1663 2348 1720 Ubi
2398 1677 2540 1719 nunc
2577 1673 2719 1731 sunt,
2777 1666 2866 1736 qui
2911 1667 3064 1722 nobis
3113 1668 3166 1722 in
3207 1669 3630 1726 solemnitatibus

2049 1755 2346 1810 molestiam
2415 1756 2709 1810 exhibent?
2785 1757 2906 1812 lllos
2973 1759 3224 1828 requiro,
3293 1769 3350 1815 et
3415 1763 3626 1818 illorum

2047 1861 2206 1900 causa
2254 1846 2430 1915 lugeo,
2484 1846 2610 1900 dum
2662 1847 2790 1917 mihi
2835 1848 2980 1903 venit
3029 1850 3082 1902 in
3124 1859 3378 1920 mentem,
3431 1863 3630 1924 quanta

2047 1947 2230 2008 pereat
2289 1954 2472 1994 eorum
2541 1940 2858 2006 multitudo,
2909 1942 2998 2010 qui
3051 1943 3179 1996 salvi
3231 1951 3412 2008 erant,
3463 1960 3630 2014 quan-

2050 2039 2152 2082 tam
2200 2028 2386 2084 faciam
2447 2029 2668 2084 fratrum
2719 2031 3000 2101 jactnram,
3057 2049 3213 2100 quam
3263 2034 3511 2103 exiguum
3571 2037 3626 2091 in

2047 2134 2324 2172 numerum
2375 2119 2718 2188 redigantur,
2779 2122 2869 2191 qui
2937 2122 3163 2176 salutem
3217 2123 3622 2193 adipiscuntur,

2045 2217 2104 2262 ut
2155 2209 2324 2278 major
2371 2225 2495 2279 pars
2542 2211 2782 2281 corporis
2829 2212 3082 2268 Ecclesiae
3121 2223 3333 2269 mortuo
3358 2216 3626 2272 ctimmo3

2044 2301 2133 2356 bili
2174 2303 2382 2370 corpori
2421 2303 2761 2358 assimiletnr.

2117 2390 2236 2444 Non
2263 2393 2382 2446 solis
2407 2394 2547 2446 nobis
2575 2394 2681 2446 uati
2706 2401 2898 2447 Sumus.
2945 2389 3190 2463 Exemplo
3219 2388 3504 2451 sanctorum
3532 2408 3622 2452 tiu-‘-

2043 2482 2187 2534 dores
2239 2497 2337 2534 non
2378 2483 2648 2536 metuendi.
2693 2481 2936 2537 Ecclesiae.
2967 2487 3458 2554 structura.——Qnid
3495 2488 3622 2542 illud

2040 2571 2105 2625 ad
2169 2587 2266 2626 nos
2297 2574 2504 2636 attinet,
2553 2573 2692 2628 dicet
2727 2573 2952 2643 aliquis?
2997 2574 3078 2629 Ad
3121 2591 3214 2629 vos
3243 2576 3454 2645 quidem
3476 2587 3624 2633 certe

2041 2665 2270 2718 maxime
2313 2664 2520 2728 attinet,
2553 2665 2640 2734 qui
2671 2679 2775 2718 non
2821 2679 2916 2720 eos
2966 2659 3184 2732 curatis,
3221 2681 3325 2721 non
3373 2667 3620 2722 adherta:

2041 2755 2191 2820 mini,
2238 2770 2345 2809 non
2371 2757 2592 2810 consilio
2629 2757 2849 2826 juvatis,
2896 2757 2963 2811 ad
3005 2755 3100 2810 vos
3129 2755 3216 2827 qui
3249 2759 3620 2814 necessitatem

2040 2860 2143 2898 non
2191 2845 2459 2914 imponitis
2513 2862 2685 2916 neque
2729 2849 2776 2902 vi
2809 2849 3129 2917 p'ertrahitis,
3162 2859 3217 2904 et
3257 2850 3324 2904 ab
3355 2851 3438 2904 illa
3466 2859 3618 2906 Sum-

2038 2949 2124 2987 ma
2179 2937 2496 3006 negligentia
2545 2939 2826 2992 revocatis.
2883 2939 2995 2993 Non
3031 2941 3175 3010 enim
3213 2950 3419 2996 tantum
3465 2925 3618 2997 nobis

2041 3024 2294 3092 prodesse
2345 3031 2441 3080 nos
2467 3025 2682 3092 debere,
2740 3027 2832 3081 sed
2874 3036 2929 3082 ct
2964 3029 3138 3084 multis
3161 3072 3176 3096 ,
3205 3031 3435 3085 ostendit
3462 3013 3617 3086 Cbrl4

2035 3125 2302 3182 stus,cum
2333 3117 2496 3171 salem
2527 3132 2641 3181 nos,
2674 3132 2735 3172 ac
2753 3115 3160 3186 fermentum,et
3189 3121 3358 3198 lucem
3387 3123 3613 3176 vocavit.

2037 3207 2161 3262 Hinc
2186 3208 2327 3262 enim
2351 3209 2468 3264 aliis
2495 3211 2640 3283 utilia
2671 3218 2794 3265 sunt
2825 3220 2877 3264 et
2916 3211 3214 3282 commoda.
3244 3211 3373 3266 Nam
3399 3213 3614 3270 lucerna

2033 3301 2140 3352 non
2171 3299 2268 3354 sibi
2301 3300 2460 3368 locet,
2490 3310 2542 3355 at
2587 3285 2689 3356 illis
2720 3302 2808 3371 qui
2852 3302 3038 3358 sedent
3090 3304 3142 3358 in
3178 3305 3445 3359 tenebris:
3477 3311 3532 3362 'ct
3559 3314 3612 3360 tu

2033 3387 2246 3445 lucerna
2276 3406 2354 3458 es,
2387 3409 2490 3447 non
2525 3403 2579 3447 ut
2605 3394 2804 3464 lumine
2831 3395 2974 3449 solus
3004 3395 3212 3460 fruaris,
3242 3397 3336 3452 sed
3369 3392 3426 3452 ut
3463 3399 3610 3452 illttm

2032 3492 2297 3536 errantem
2348 3483 2810 3554 reducasUIatth.
2843 3485 2896 3539 5‘.
2931 3487 3016 3539 15.
3049 3487 3158 3555 Μ).
3202 3487 3336 3553 Quid
3383 3487 3610 3558 namque

2031 3575 2247 3644 prodest
2293 3571 2530 3641 lucerna,
2567 3577 2778 3645 quando
2811 3576 2869 3644 in
2903 3563 3138 3632 tenebris
3169 3578 3372 3632 sedenti
3395 3593 3498 3633 non
3526 3582 3608 3634 luo

2031 3665 2148 3718 cet?
2187 3681 2303 3735 qua:
2332 3681 2491 3734 porro
2517 3731 2522 3736 _
2544 3667 2744 3720 utilitas
2768 3665 3072 3732 Christiani,
3104 3668 3313 3738 quando
3341 3670 3607 3726 neminem

2030 3754 2280 3819 lueratur,
2329 3771 2425 3809 nec
2468 3755 2535 3809 ad
2581 3756 2825 3810 virtutem
2861 3753 3108 3834 reducit?
3153 3739 3356 3813 Rursus
3385 3773 3490 3814 non
3517 3772 3603 3815 se~

2029 3846 2199 3916 ipsum
2249 3847 2526 3914 adstringit
2569 3847 2648 3901 sal
2706 3855 2946 3912 tantum,
2976 3847 3068 3902 sed
3112 3855 3167 3902 et.
3221 3863 3442 3918 corpora
3487 3865 3603 3920 qum

2028 3947 2435 4006 corrumpuntur
2461 3937 2694 4004 cohibet,
2717 3953 2889 4008 neque
2912 3937 3156 3993 difttuere
3179 3949 3242 3994 ac
3282 3940 3455 4008 perire
3477 3955 3601 4009 per-

2029 4031 2204 4083 mittit.
2225 4030 2313 4084 Sic
2344 4039 2396 4083 tu
2436 4045 2680 4101 quoque;
2709 4030 3132 4100 quandoquidem
3179 4032 3506 4103 spiritualem
3552 4042 3602 4086 to

2027 4121 2190 4176 salem
2219 4123 2354 4177 Deus
2385 4123 2579 4188 effecit,
2599 4122 2832 4177 membra
2863 4131 3108 4191 c-rrrupta
3129 4163 3142 4185 ,
3172 4122 3271 4177 hoc
3293 4131 3371 4176 est
3397 4123 3557 4178 desid.
3580 4139 3602 4177 ς

2026 4213 2234 4279 fratres,
2268 4222 2321 4268 et
2350 4213 2436 4282 qui
2469 4213 2801 4268 mechanicas
2831 4223 3082 4268 exercent
3127 4219 3287 4276 artes,
3333 4215 3600 4284 adstringo

2024 4314 2077 4360 et
2119 4306 2330 4374 colliga,
2363 4306 2670 4376 desidiaque
2717 4315 2964 4376 tanquam
3019 4307 3194 4361 ulcere
3223 4307 3472 4376 quopiam
3501 4323 3599 4377 pu-

2025 4399 2160 4452 trido
2205 4399 2481 4452 liberatum
2513 4412 2630 4451 cum
2661 4399 2862 4466 reliquo
2891 4399 3146 4452 Ecclesia:
3183 4414 3408 4468 corpore
3435 4415 3600 4468 copu-

2024 4492 2145 4544 lato.
2177 4490 2459 4558 Propterea
2510 4498 2560 4542 te
2599 4488 2914 4544 fermentum
2953 4490 3274 4559 appellavit:
3319 4490 3362 4543 si
3387 4489 3598 4558 quidem

2022 4581 2339 4634 fermentum
2391 4580 2548 4634 etiam
2611 4595 2714 4632 non
2761 4578 2994 4646 seipsum
3047 4579 3347 4644 fermentat,
3379 4579 3472 4633 sed
3519 4596 3597 4634 re.

2021 4667 2214 4738 liquam
2246 4684 2472 4722 massam
2507 4669 2768 4738 ingentem
2793 4669 2914 4722 licet
2939 4680 2992 4723 et
3028 4669 3338 4723 immensam
3360 4710 3375 4733 ,
3427 4668 3596 4728 ipsum

2020 4775 2239 4831 parvum
2285 4775 2404 4812 cum
2457 4760 2524 4812 sit
2575 4765 2628 4812 et
2689 4758 2850 4812 breve
2917 4757 3032 4828 (Id.
3071 4759 3154 4813 i5.
3186 4760 3256 4814 5⁸5
3275 4763 3313 4828 ).
3364 4757 3454 4814 Sic
3515 4758 3598 4811 ni-

2017 4853 2207 4906 mirum
2235 4865 2330 4904 vos
2353 4867 2457 4920 quo
2479 4865 2596 4920 ine,
2628 4863 2944 4919 quamquam
2977 4865 3200 4905 numero
3245 4851 3394 4920 pauci
3430 4852 3594 4918 estis,

2017 4945 2169 4997 multi
2221 4953 2396 4998 tamen
2428 4958 2490 4998 ac
2533 4952 2773 5010 patentes
2803 4951 2972 4998 estote
3021 4943 3123 4998 fide
3162 4959 3224 4998 ac
3269 4944 3444 4998 studio
3473 4959 3595 5014 erga

2015 5037 2212 5090 cultum
2250 5035 2359 5090 Dei.
2398 5033 2636 5103 Utigitur
2667 5033 2982 5088 fermentum
3013 5041 3229 5104 propter
3255 5035 3594 5104 exiguitatem

2015 5127 2276 5182 imbecille
2328 5139 2431 5179 non
2473 5133 2594 5188 est,
2655 5123 2750 5178 sed
2807 5133 3024 5194 propter
3071 5123 3285 5177 insitum
3326 5139 3356 5178 a
3409 5135 3594 5179 natura

2013 5219 2246 5272 calorem
2299 5231 2364 5269 ac
2415 5215 2661 5270 virtutem
2713 5215 2982 5283 qualitatis
3018 5222 3348 5283 exsuperat:
3401 5215 3477 5269 sic
3503 5229 3592 5268 vos

2014 5308 2261 5360 nimirum
2292 5305 2458 5358 multo
2487 5306 2665 5374 plures
2697 5305 2936 5374 poteritis
2961 5304 3025 5357 ad
3053 5305 3296 5359 eumdem
3329 5305 3591 5359 fervorem

2011 5412 2072 5450 ac
2103 5397 2330 5451 studium
2363 5396 2639 5460 reducere,
2669 5395 2714 5450 si
2755 5395 2948 5450 velitis.
2982 5395 3132 5463 Quod
3159 5396 3203 5449 si
3231 5405 3466 5449 :estatem
3492 5396 3595 5450 ob-

2013 5489 2228 5542 tendant
2269 5488 2572 5557 :siqnidem
2617 5487 2717 5542 hoc
2757 5504 2966 5558 quoque
3018 5488 3134 5544 illos
3187 5488 3346 5541 audio
3397 5487 3584 5543 dicen-

2012 5593 2109 5644 tes,
2153 5579 2450 5634 Vehemens
2497 5594 2636 5633 nunc
2679 5589 2842 5634 cestus
2889 5589 3005 5647 est,
3049 5589 3210 5650 atque
3271 5581 3588 5636 intoterandi

2007 5672 2243 5735 calores;
2305 5685 2407 5723 non
2459 5683 2738 5739 possumus
2768 5673 3024 5727 coarctari
3058 5680 3112 5727 et
3159 5671 3211 5730 in
3267 5681 3409 5728 tanta
3438 5673 3588 5728 turba

3607 5789 3630 5811 κ.
