4060 6252
441 264 541 319 175

435 379 739 449 comprimi,
797 378 1025 447 undique
1057 381 1250 431 sudore
1294 375 1616 439 diffluentes,
1659 383 1792 429 testu
1816 372 2018 444 gravati

438 477 494 523 et
544 469 595 523 in
642 468 911 538 angustias
950 467 1193 522 redacti:
1225 466 1384 536 pudet
1435 482 1520 521 me
1589 465 1840 531 illorum,
1897 463 2023 518 mihi

436 559 666 625 credite;
717 568 840 613 sunt
868 561 1010 612 enim
1042 558 1326 612 muliebres
1359 557 1442 611 isti
1471 564 1777 626 praetextas,
1817 556 1896 610 vel
1929 570 2023 625 po-

439 650 545 703 tius
591 664 658 704 ne
700 649 805 703 illis
850 649 1063 719 quidem
1113 648 1176 703 ad
1223 648 1561 703 obtinendam
1607 648 1816 702 veniam
1858 662 2021 701 excu-

435 740 672 796 sationes
720 741 835 796 istze
887 741 1212 807 sufﬁcerent,
1243 741 1434 811 quibus
1480 741 1719 795 molliora
1746 750 1869 794 sunt
1897 754 2019 793 cor-

440 847 567 902 pora
615 841 671 888 et
727 833 1039 888 imbecillior
1083 842 1292 888 natura.
1322 834 1653 903 Quamquam
1683 841 1857 887 autem
1888 831 2026 900 ejus-

437 923 584 979 modi
629 922 992 978 defensionem
1055 924 1403 994 responsione
1456 924 1661 979 diluere
1690 933 1842 992 turpe
1879 923 2026 977 vidc-

435 1015 600 1081 bitur,
644 1016 1003 1071 necessarium
1057 1025 1140 1070 est
1180 1025 1374 1070 tamen.
1403 1014 1457 1071 Si
1506 1016 1647 1069 enim
1699 1014 1770 1068 illi
1803 1014 1896 1068 has
1922 1013 2023 1067 oh-

432 1090 659 1163 tendere
704 1109 1075 1163 excusationes
1120 1125 1224 1162 nou
1281 1108 1625 1173 erubescunt,
1657 1108 1824 1161 multo
1854 1106 2023 1176 magis

435 1215 534 1255 nos
563 1201 761 1271 pudere
813 1217 918 1256 non
965 1202 1122 1257 debet
1145 1202 1258 1255 hree
1287 1201 1549 1256 refellere.
1598 1200 1733 1268 Quid
1757 1216 1881 1272 ergo
1908 1200 2022 1256 haec

434 1293 846 1349 obtendentibns
923 1295 1288 1364 Opponemus?
1362 1294 1543 1348 Trium
1598 1309 1879 1362 puerorum
1918 1295 2022 1349 illis

436 1386 747 1440 memoriam
799 1387 920 1441 volo
963 1386 1256 1450 refricare,
1309 1387 1397 1456 qui
1442 1402 1561 1441 cum
1597 1388 1648 1441 in
1701 1387 1915 1442 fornace
1958 1403 2024 1443 ac

434 1475 625 1533 mediis
673 1476 902 1532 ﬂammis
946 1487 1305 1543 versarentur,
1348 1492 1467 1531 eum
1520 1477 1750 1546 undique
1802 1494 1860 1532 se
1906 1494 2024 1533 cer-

435 1577 623 1623 nerent
668 1568 876 1637 ignibus
933 1568 1186 1634 obsideri,
1236 1570 1327 1640 qui
1377 1570 1427 1622 in
1473 1583 1553 1634 os,
1610 1570 1663 1623 in
1716 1571 1918 1635 oculos,
1968 1572 2017 1625 in

434 1658 724 1713 anhelitum
752 1659 923 1727 ipsum
974 1659 1325 1725 incurrerent,
1368 1674 1576 1713 sacrum
1618 1659 1766 1714 illum
1817 1669 1868 1714 ct
1898 1676 2017 1730 my-

435 1751 629 1806 sticum
660 1749 913 1821 hymnum
958 1766 1079 1806 cum
1106 1752 1364 1808 creaturis
1393 1751 1506 1806 Deo
1549 1767 1741 1806 canere
1768 1768 1871 1807 non
1898 1767 2016 1808 ces-

431 1852 638 1911 sarunt,
670 1845 762 1899 sed
793 1845 1037 1912 alacrius,
1071 1860 1226 1914 quam
1251 1846 1359 1900 siin
1387 1853 1537 1916 prato
1562 1847 1754 1900 versati
1772 1844 2013 1913 fuissent,

432 1943 546 1989 tum
594 1935 645 1989 in
672 1935 848 1990 medio
878 1951 1008 2007 rogo
1035 1944 1235 1991 stantes
1252 1937 1518 1990 communi
1542 1937 1766 1990 Domino
1804 1938 2018 1991 univer-

431 2039 614 2080 sorum
639 2026 822 2082 laudes
849 2027 1141 2082 offerebant
1167 2026 1328 2096 (Dan.
1356 2028 1411 2097 5)
1443 2045 1456 2080 :
1485 2036 1539 2082 et
1578 2041 1696 2082 cum
1727 2027 1895 2080 tribus
1937 2028 2016 2081 his

427 2118 613 2185 pueris
637 2118 850 2172 leonum
889 2120 939 2173 in
969 2120 1257 2190 Babylone,
1287 2120 1519 2175 Danielis
1555 2128 1609 2173 et
1650 2119 1796 2173 lacus
1825 2116 1932 2188 (Id.
1958 2117 2010 2172 6.

430 2206 732 2279 24);ηε‹ιιιρ
752 2225 878 2263 vero
904 2218 1103 2265 tantum
1120 2210 1300 2280 hujus,
1318 2210 1411 2265 sed
1433 2218 1486 2266 et
1514 2209 1731 2264 alterius
1762 2210 1924 2271 lacus,
1952 2224 2015 2264 ac

431 2299 726 2368 prophetat,
773 2301 993 2371 latique,
1019 2317 1125 2371 quo
1150 2301 1215 2355 ad
1245 2301 1437 2356 collum
1493 2314 1663 2371 usque
1712 2299 2010 2355 suifocaba-

431 2397 519 2442 tur
546 2388 819 2456 Jeremias,
869 2401 925 2444 ut
981 2391 1346 2458 recordentur,
1381 2391 1498 2444 illos
1527 2391 1750 2445 obsecro
1796 2389 2008 2461 (Jerem.

431 2478 520 2534 58.
549 2479 626 2551 6).
660 2481 725 2534 Et
764 2497 827 2535 ex
870 2483 1086 2537 lacubus
1129 2482 1244 2536 istis
1281 2482 1598 2547 ascendens,
1632 2483 1683 2535 in
1735 2496 2006 2536 carcerem

433 2569 771 2625 introducere
800 2572 929 2625 isms
954 2572 1093 2637 volo,
1152 2573 1238 2640 qui
1279 2573 1485 2627 calores
1519 2573 1833 2636 obtendunt,
1867 2572 2011 2627 Pau-

434 2659 652 2730 lumque
697 2673 993 2717 monstrare
1021 2679 1084 2718 ac
1111 2664 1273 2718 Silam
1303 2665 1647 2734 compedibus
1676 2666 1780 2719 illic
1804 2681 2011 2736 praepe-

427 2752 616 2820 dites,
674 2753 908 2823 vestigiis
959 2756 1238 2809 verberam
1298 2756 1520 2826 plenos,
1589 2757 1782 2826 quibus
1843 2765 2009 2811 totum

434 2859 627 2914 corpus
674 2845 980 2901 vulneribus
1034 2848 1412 2918 plagarumque
1463 2848 1631 2902 fuerat
1675 2848 2011 2904 multitudine

435 2935 742 3001 laceratum,
792 2937 963 2992 media
1013 2949 1167 2994 nocte
1220 2940 1387 2994 Deum
1432 2939 1709 2994 laudantes
1737 2948 1789 2993 et
1832 2954 2011 2993 sacras

434 3030 552 3085 illas
613 3030 818 3100 vigilias
860 3032 1208 3087 celebrantes.
1253 3032 1332 3086 An
1382 3048 1487 3086 non
1533 3033 1673 3086 enim
1720 3031 2007 3086 absurdum

432 3129 519 3173 est
547 3130 758 3174 sanctos
785 3122 997 3191 quidem
1044 3124 1182 3186 illos,
1223 3138 1343 3176 cum
1390 3124 1440 3176 in
1482 3123 1716 3187 fornace,
1770 3131 1822 3177 et
1865 3124 2005 3192 igne,

428 3218 483 3264 et
508 3210 647 3274 lacu,
692 3220 744 3263 et
770 3212 979 3278 belluis,
1030 3221 1085 3266 et
1103 3213 1232 3277 luto,
1265 3229 1502 3280 carcere,
1544 3224 1598 3268 ct
1639 3215 2004 3283 compedibus,

429 3308 485 3354 et
535 3300 719 3370 plagis,
750 3310 804 3355 et
849 3303 1148 3371 ergastulis,
1175 3311 1229 3358 et
1278 3304 1620 3358 intolerandis
1663 3316 2000 3361 versarentur

430 3390 604 3452 malis,
650 3390 779 3444 nihil
810 3407 1056 3461 umquam
1083 3393 1270 3471 horum
1304 3396 1537 3464 culpare,
1570 3396 1662 3450 scd
1695 3397 1853 3451 tnulta
1886 3414 2005 3452 cum

430 3481 592 3536 animi
641 3484 981 3538 contentione
1028 3494 1080 3539 et
1123 3485 1314 3540 ardore
1365 3494 1617 3557 perpetuo
1663 3489 1913 3557 precibus
1952 3498 2009 3544 et

434 3572 644 3642 hymnis
684 3573 851 3626 sacris
891 3588 1105 3642 operam
1138 3574 1285 3639 dare;
1317 3591 1412 3630 nos
1459 3579 1545 3647 qui
1574 3594 1679 3632 non
1707 3579 1866 3633 ullam
1893 3581 2005 3635 cxi.

428 3676 607 3729 gnam,
665 3677 768 3715 non
820 3679 1060 3732 magnam
1089 3680 1153 3719 ex
1202 3665 1302 3719 illis
1349 3683 1466 3737 qua:
1514 3679 1840 3723 enumeratae
1884 3682 2006 3724 sunt

427 3752 764 3821 passionihus
815 3755 1174 3822 toleravimus,
1216 3758 1285 3811 ob
1317 3768 1502 3812 aestum
1543 3768 1598 3814 et
1631 3760 1860 3815 calorem
1892 3779 2002 3814 mn-

428 3842 605 3897 dicum
649 3858 713 3900 ac
763 3845 1033 3911 sudorem,
1082 3856 1277 3902 nostraz
1324 3849 1557 3918 ipsorum
1605 3852 1785 3905 salutis
1820 3868 2001 3907 curam

422 3931 716 4001 deponere,
749 3948 811 3989 ac
863 3937 1058 3992 relictis
1102 3939 1338 3993 collectis
1374 3940 1502 3995 foris
1537 3944 1745 4011 Vagari,
1802 3960 2003 4013 nosque

427 4024 652 4079 cutibus
679 4026 1052 4095 depravandos
1091 4029 1410 4091 immiscere,
1450 4032 1501 4084 in
1523 4033 1715 4101 quibus
1739 4034 1865 4086 nihil
1898 4051 2000 4088 non

424 4114 675 4169 vitiosum
717 4125 799 4170 est
842 4125 896 4170 ct
925 4118 1274 4185 corruptum?
1323 4120 1522 4174 Tantus
1561 4136 1831 4176 sacrorum
1887 4126 2004 4179 clo—

423 4202 667 4270 quiorum
704 4212 785 4255 est
807 4216 916 4267 ros,
947 4214 1000 4258 ct
1038 4216 1224 4260 aestum
1252 4207 1472 4274 obiicis?
1510 4209 1652 4278 Aqua
1673 4252 1685 4275 ,
1712 4228 1863 4280 quam
1910 4231 2002 4285 ego

423 4290 553 4342 dabo
590 4291 654 4353 ei,
686 4291 759 4344 ait
783 4290 1041 4359 Christus,
1092 4295 1175 4363 ﬁet
1204 4297 1254 4348 in
1276 4313 1332 4350 eo
1361 4298 1475 4367 [ous
1513 4316 1656 4366 aqum
1678 4301 1906 4358 salientis
1949 4307 2000 4359 iu

419 4382 575 4433 vitam
617 4391 854 4437 wterunm
889 4383 1064 4456 (Joan.
1092 4388 1255 4459 4.14)
1286 4406 1301 4444 :
1330 4399 1381 4444 et
1435 4407 1651 4461 rursus,
1699 4396 1796 4463 Qui
1839 4399 2001 4452 credit

420 4472 599 4539 inme,
644 4473 773 4527 sicut
817 4475 944 4529 diait
984 4477 1269 4547 Scriptura,
1314 4482 1528 4551 ﬂumina
1572 4484 1633 4538 de
1679 4497 1846 4542 ventre
1890 4491 2000 4559 ejus

412 4564 579 4632 ﬂuent
632 4581 779 4637 aqua:
815 4568 937 4622 vim
988 4567 1097 4638 (Id.
1132 4572 1182 4626 7.
1230 4574 1344 4643 38).
1399 4576 1478 4630 An
1524 4586 1597 4639 tu,
1627 4596 1827 4648 qumso,
1876 4598 1994 4637 cum

410 4652 559 4709 intus
598 4656 772 4712 fontes
798 4658 993 4716 habeas
1022 4673 1075 4718 et
1121 4664 1335 4720 ﬁumina
1370 4668 1659 4737 spiritualia
1682 4712 1696 4736 ,
1747 4675 1994 4727 sensilem

404 4748 644 4802 cnim-ein
693 4751 889 4807 times?
940 4764 994 4809 at
1045 4757 1095 4809 in
1150 4756 1282 4824 foro,
1337 4775 1537 4828 qumso,
1598 4763 1683 4816 ubi
1718 4773 1892 4819 tantus
1915 4777 1996 4821 est

411 4840 690 4908 strepitus,
734 4852 811 4897 tot
855 4848 1134 4916 angustiae,
1178 4864 1240 4904 ac
1281 4851 1476 4907 multus
1504 4863 1682 4914 tostus.
1742 4857 1828 4925 qui
1857 4857 1913 4911 ﬁt
1939 4868 1995 4912 ut

408 4929 620 4986 calores
643 4942 698 4986 et
723 4934 852 4990 solis
886 4937 1129 4992 ardorem
1166 4955 1270 4995 non
1319 4943 1616 4999 obtendas?
1658 4945 1774 5000 Non
1823 4948 1990 5016 enim,

408 5019 621 5087 opinor,
671 5021 722 5076 id
768 5024 946 5080 dicere
995 5036 1143 5096 potes
1193 5031 1301 5086 illic
1344 5032 1613 5103 frigidiore
1641 5035 1804 5090 licere
1850 5039 1990 5092 aeris

405 5118 597 5164 natura
624 5111 751 5179 frui,
795 5114 880 5170 hie
906 5133 1030 5173 vero
1051 5130 1215 5176 totum
1258 5125 1411 5179 nobis
1450 5127 1728 5182 collectum
1755 5129 1987 5186 calorem

407 5201 645 5275 smvirei;
678 5205 804 5275 quin
849 5209 1023 5277 potius
1046 5215 1368 5268 contrarium
1398 5218 1623 5284 penitus,
1662 5217 1747 5274 hic
1775 5221 1985 5289 quidem

406 5291 493 5346 ubi
532 5296 727 5350 crustis
759 5296 978 5367 lapideis
1006 5300 1175 5355 solum
1229 5312 1554 5360 constratum
1586 5316 1687 5370 est,
1718 5318 1767 5364 et
1801 5310 1870 5364 ob
1899 5327 1986 5366 re-

406 5381 603 5451 liquam
656 5387 788 5443 tedis
831 5403 996 5444 sacrae
1046 5389 1297 5446 fabricam
1357 5394 1650 5465 (siquidem
1684 5399 1734 5451 in
1764 5400 1988 5456 immen-

401 5486 518 5528 sam
582 5480 812 5548 assurgit
861 5481 1240 5553 altitudinem),
1298 5483 1464 5540 levior
1509 5495 1563 5541 et
1606 5488 1847 5557 frigidior
1904 5502 1986 5548 est

401 5579 496 5619 aer
526 5581 540 5616 :
571 5577 626 5620 at
667 5569 774 5625 illic
810 5571 1005 5626 multus
1035 5573 1268 5644 undique
1292 5576 1371 5630 snl
1403 5576 1641 5645 irradiat,
1685 5581 1864 5636 multre
1891 5598 1986 5636 au-

400 5654 611 5725 gustim,
643 5655 840 5727 fumus,
872 5661 1061 5730 pulvis,
1102 5675 1154 5717 et
1198 5666 1297 5718 alia
1347 5666 1515 5736 plura,
1562 5684 1679 5737 qum
1720 5671 1975 5740 majorem

1137 263 1194 316 S.
1235 260 1514 317 JOANNIS
1551 258 2027 313 CllliYSOSTOMI
2071 257 2388 313 AllClliEP.
2431 258 2962 315 CONSTANTINOP.

3614 260 3712 311 l'ili

2140 373 2255 428 istis
2301 376 2596 428 molestiam
2649 373 2917 429 exhibent.
2964 373 3042 428 Ex
3086 389 3192 442 quo
3236 373 3539 444 intelligitur
3569 373 3719 426 iner-

2135 464 2222 519 tia
2247 473 2302 519 et
2353 464 2592 519 mollitiei
2624 464 2808 529 animi,
2840 464 2928 533 qui
2960 464 3186 533 Spiritus
3214 466 3382 519 sancti
3409 465 3622 519 flamma
3646 466 3718 519 sit

2132 556 2437 622 destitutus,
2501 557 2597 612 has
2641 559 2848 626 ineptas
2901 557 3272 613 excusationes
3313 571 3432 612 esse
3479 559 3717 611 tribuen-

2131 647 2244 701 das.
2928 660 2931 663 ·

2203 741 2257 794 5.
2302 740 2425 794 "me
2468 755 2571 794 non
2605 750 2709 794 tam
2750 740 2815 795 ad
2870 741 2988 794 illos
3017 756 3047 795 a
3101 756 3186 795 me
3212 741 3348 796 dicta
3389 741 3714 812 diriguntur,

2131 847 2287 901 quam
2320 832 2384 886 ad
2424 849 2538 897 vos,
2581 835 2668 904 qui
2721 850 2823 887 non
2865 835 2986 889 illos
3014 835 3340 904 pertraliitis,
3382 835 3473 905 qui
3513 851 3619 889 non
3646 835 3717 887 ab

2131 923 2318 979 inertia
2362 927 2653 992 revocatis,
2687 935 2741 981 et
2779 928 2843 981 ad
2872 927 3155 982 salutarem
3184 927 3320 982 hanc
3347 942 3584 982 mensam
3613 928 3715 980 ad-

2130 1015 2344 1070 ducitis.
2374 1017 2451 1072 Ac
2477 1017 2614 1089 servi
2639 1018 2851 1087 quidem
2894 1034 3013 1072 cum
3044 1033 3325 1073 commune
3355 1018 3712 1074 ministerium

2129 1107 2323 1162 obituri
2377 1118 2521 1174 sunt,
2577 1110 2839 1165 advocant
2870 1124 2994 1164 suos
3036 1124 3366 1164 conservos:
3415 1123 3509 1163 vos
3557 1124 3712 1172 vero,

2126 1216 2157 1255 a
2207 1201 2398 1271 quibus
2420 1202 2519 1256 hoc
2561 1202 2835 1271 spiritualc
2873 1201 3181 1272 obsequium
3208 1200 3565 1257 exhibendum
3604 1210 3711 1263 ρει,

2127 1305 2416 1345 conservos
2455 1292 2628 1347 sinitis
2669 1302 2871 1346 vestros
2921 1292 3018 1345 hoc
3049 1300 3251 1361 qumstu
3303 1292 3515 1361 privari.
3547 1289 3711 1356 Quid.

2126 1385 2169 1436 si
2200 1384 2365 1438 nolint
2393 1384 2510 1454 ipsi,
2540 1384 2681 1439 dicet
2720 1384 2943 1453 aliquis?
2974 1384 3137 1439 Effice
3166 1382 3378 1437 assidue
3423 1380 3710 1447 instando,

2129 1483 2183 1528 ut
2211 1475 2405 1539 velint;
2429 1476 2471 1529 si
2499 1475 2639 1529 enim
2668 1484 2925 1541 urgentes
2953 1490 3048 1528 nos
3081 1474 3331 1539 viderint,
3365 1473 3585 1528 omnino
3616 1486 3713 1527 vo-

2127 1566 2256 1620 lent.
2315 1568 2383 1620 At
2415 1567 2554 1620 cnim
2606 1576 2891 1636 prietextus
2940 1567 3050 1620 Inec
3080 1575 3203 1620 sunt
3229 1576 3281 1620 et
3311 1566 3446 1620 ﬁctae
3483 1578 3715 1620 excusa-

2126 1659 2317 1712 tiones.
2370 1658 2538 1725 Quam
2591 1658 2738 1712 multi
2781 1673 3008 1725 namque
3062 1656 3147 1711 hic
3193 1667 3315 1710 sunt
3360 1666 3573 1727 patres,
3617 1656 3711 1724 qui

2124 1763 2303 1804 secum
2354 1759 2557 1804 stantes
2602 1765 2706 1805 non
2757 1749 2955 1804 habent
2995 1748 3171 1802 ﬁlios?
3217 1747 3351 1802 Num
3392 1749 3548 1801 etiam
3579 1745 3713 1799 libe-

2124 1856 2214 1896 ros
2257 1840 2359 1895 huc
2407 1840 2717 1910 pertrahere
2767 1856 2871 1895 non
2916 1839 3161 1910 poteras?
3207 1840 3282 1894 Ex
3332 1855 3441 1910 quo
3482 1846 3713 1909 apparet

2123 1942 2347 1988 caeteros
2380 1948 2591 2003 quoque
2629 1948 2734 1987 non
2777 1934 2846 1988 ob
2876 1933 3119 1987 inertiam
3171 1941 3372 1986 tantum
3403 1948 3577 1998 suam,
3609 1933 3709 1988 sed

2121 2033 2178 2079 et
2229 2025 2296 2079 ob
2347 2033 2573 2079 vestram
2620 2025 2875 2079 incuriam
2924 2023 3054 2078 foris
3079 2038 3314 2078 manere.
3346 2025 3414 2077 At
3443 2023 3568 2078 licet
3594 2038 3707 2078 non

2122 2117 2287 2185 prius,
2317 2131 2457 2171 nunc
2487 2117 2672 2171 saltem
2703 2116 3024 2181 excitamini,
3056 2124 3109 2169 et
3151 2131 3271 2169 cum
3321 2115 3563 2169 membro
3602 2130 3708 2171 suo

2120 2202 2341 2271 quisque
2370 2202 2421 2255 in
2471 2202 2748 2256 ecclesiam
2797 2201 3150 2271 ingrediatur,
3202 2210 3257 2256 et
3310 2211 3460 2270 pater
3508 2201 3702 2265 ﬁlium,

2120 2302 2174 2349 et
2214 2293 2510 2362 genitorem
2552 2293 2709 2359 ﬁlius,
2743 2302 2796 2347 et
2834 2292 2929 2346 viri
2972 2306 3190 2359 uxores,
3217 2301 3270 2347 et
3311 2293 3453 2345 viros
3482 2306 3701 2357 uxores,

2117 2391 2172 2438 et
2223 2398 2434 2438 servum
2480 2383 2674 2447 herus,
2719 2391 2773 2435 et
2807 2381 2969 2437 frater
2994 2380 3232 2447 fratrem,
3265 2390 3316 2436 et
3344 2382 3545 2437 amicus
3565 2383 3704 2435 ami-

2118 2489 2239 2529 cum
2282 2477 2496 2537 excitet,
2550 2483 2605 2529 et
2628 2474 2694 2529 ad
2731 2474 2871 2529 hunc
2896 2483 3217 2528 conventum
3258 2471 3701 2543 frequentandum

2119 2566 2375 2636 instiget:
2405 2566 2511 2620 imo
2549 2580 2676 2620 vero
2716 2579 2820 2618 non
2850 2564 3050 2618 amicos
3100 2572 3324 2629 tantum,
3368 2563 3460 2618 sed
3516 2564 3701 2617 inimi-

2115 2672 2208 2712 cos
2256 2657 2415 2711 etiam
2453 2656 2519 2711 ad
2569 2670 2901 2710 communem
2933 2654 3073 2709 hunc
3100 2655 3358 2708 bonorum
3387 2655 3698 2709 thesaurum

2118 2747 2424 2803 invitemus.
2476 2747 2531 2802 Si
2577 2762 2756 2801 curam
2787 2745 2977 2801 viderit
3027 2755 3167 2800 tuam
3199 2745 3464 2811 inimicus,
3513 2745 3699 2800 odium

2116 2841 2274 2912 plane
2299 2841 2546 2910 deponet.

2185 2931 2484 2986 Judworum
2513 2932 2769 3002 diligentia
2796 2931 2928 2984 circa
2947 2930 3226 2984 sabbatum.
3255 2929 3539 2984 Sa'cularia
3574 2933 3701 2986 bene

2114 3024 2421 3091 siti-cedunt,
2471 3023 2514 3078 si
2542 3021 2681 3077 Deus
2723 3023 3135 3076 colatur.-—-Dic
3182 3022 3258 3076 illi
3308 3039 3323 3075 :
3367 3021 3482 3077 Non
3536 3040 3696 3078 vere-

2114 3115 2384 3180 cundaris,
2413 3130 2511 3169 nec
2538 3114 2809 3169 erubescis
2852 3110 3066 3170 Judacos
3085 3155 3101 3180 ,
3133 3113 3220 3182 qui
3253 3120 3395 3167 tanta
3424 3128 3544 3168 cum
3572 3114 3701 3168 dili-

2115 3206 2289 3275 gentia
2334 3205 2609 3259 sabbatum
2653 3203 2979 3270 custodiunt,
3011 3212 3169 3272 atque
3193 3204 3260 3258 ab
3310 3203 3422 3273 ipsa
3458 3204 3567 3273 jam
3596 3219 3697 3260 ve—

2113 3312 2268 3368 Spera
2296 3296 2362 3351 ab
2401 3297 2545 3351 omni
2594 3309 2756 3366 opere
2800 3296 3102 3351 abstinent?
3146 3296 3295 3364 Quod
3328 3298 3373 3352 si
3403 3298 3492 3354 die
3527 3298 3696 3354 Para-

2112 3406 2296 3446 sccves
2323 3389 2491 3445 solem
2521 3389 2731 3444 videant
2760 3388 2826 3443 ad
2855 3404 3100 3444 occasum
3142 3402 3469 3460 vergentem,
3499 3401 3554 3448 et
3598 3408 3699 3462 pa-

2111 3492 2196 3538 cla
2226 3483 2563 3548 rescindunt,
2595 3490 2646 3537 et
2692 3483 2989 3552 emptiones
3022 3483 3429 3553 interrumpunt.
3457 3483 3606 3552 Quod
3642 3486 3693 3540 si

2110 3577 2229 3647 quis
2263 3592 2381 3630 cum
2434 3585 2556 3630 ante
2594 3590 2864 3645 vesperam
2912 3577 3148 3639 emisset,
3206 3591 3423 3647 veSpere
3471 3578 3696 3633 veniens

2112 3666 2337 3737 pretium
2387 3666 2593 3732 afferat,
2644 3682 2747 3720 non
2779 3666 3041 3722 sustinent
3087 3666 3350 3735 accipere,
3398 3681 3497 3720 nec
3518 3682 3683 3736 pecu-

2109 3759 2571 3812 niamadmittuut.
2615 3757 2749 3824 Quid
2782 3757 2901 3811 dico
2936 3758 3159 3825 pretium
3190 3772 3366 3811 rerum
3399 3758 3686 3824 venalium,

2109 3859 2163 3905 et
2212 3850 2401 3919 pacta?
2445 3849 2688 3918 quamvis
2739 3849 3041 3903 thesaurum
3087 3849 3328 3916 accipere
3360 3848 3564 3914 liceret,
3599 3849 3688 3903 lu-

2109 3959 2257 3997 crum
2309 3943 2432 3996 illud
2481 3941 2697 3995 mailent
2746 3942 3013 4005 amittere,
3058 3957 3216 4011 quam
3260 3941 3427 4012 legem
3456 3942 3678 3997 violare.

2108 4036 2317 4102 Ergone
2365 4034 2552 4096 Judaei,
2606 4034 2813 4088 tametsi
2864 4033 3031 4102 legem
3087 4034 3456 4103 intempestive
3504 4043 3686 4087 custo-

2105 4126 2275 4192 diant,
2318 4126 2387 4178 ita
2433 4135 2555 4178 sunt
2600 4133 2843 4178 accurate
2874 4124 3188 4192 diligentes,
3235 4133 3287 4179 et
3336 4124 3404 4178 ita
3459 4124 3685 4178 studiosi

2106 4224 2230 4271 sunt
2260 4215 2663 4278 observatioais,
2710 4231 2827 4284 quae
2855 4215 2983 4268 nihil
3015 4216 3092 4269 eis
3132 4214 3367 4283 prodest,
3401 4216 3507 4269 imo
3525 4217 3683 4271 etiam

2108 4316 2310 4360 nocet:
2365 4316 2417 4359 tu
2456 4306 2543 4374 qui
2583 4304 2691 4374 jam
2736 4304 2920 4358 umbra
2962 4306 3204 4375 superior
3254 4320 3342 4369 es,
3380 4307 3462 4359 cui
3515 4305 3680 4359 solem

2099 4398 2317 4467 justitim
2359 4398 2539 4453 videre
2577 4411 2886 4451 concessum
2938 4407 3037 4459 est,
3086 4399 3172 4466 qui
3198 4397 3306 4467 jam
3338 4398 3403 4452 ad
3432 4399 3682 4453 caelorur’u

2102 4492 2480 4560 municipatum
2528 4492 2784 4560 pertines,
2817 4505 2885 4545 ne
2935 4491 3175 4545 eamdem
3206 4489 3418 4560 quidem
3447 4506 3567 4545 cum
3596 4491 3674 4555 iis,

2103 4584 2190 4651 qui
2226 4582 2353 4635 vitio
2398 4582 2765 4651 intempestive
2802 4581 3113 4646 adlizircnt,
3156 4582 3569 4637 sollicitudinem
3618 4597 3682 4637 ac

2101 4673 2330 4727 studium
2362 4673 2601 4737 exhibes,
2646 4682 2699 4726 tu
2734 4672 2817 4726 cui
2847 4673 3038 4727 veritas
3072 4673 3182 4742 ipsa
3209 4682 3290 4727 est
3327 4674 3559 4739 credita;
3588 4673 3681 4728 sed

2101 4763 2165 4816 ad
2190 4764 2450 4817 modicam
2480 4763 2581 4815 diei
2618 4773 2817 4831 partem
2837 4762 2938 4817 huc
2962 4773 3196 4829 vocatus,
3230 4779 3298 4817 ne
3320 4778 3436 4818 eam
3465 4764 3678 4832 quidem

2104 4868 2376 4907 sacrorum
2407 4852 2737 4922 eloquiorum
2789 4852 3046 4906 auditioni
3074 4853 3308 4922 dignaris
3334 4853 3681 4922 impendere?

2097 4960 2253 5014 quam
2307 4944 2517 4998 tandem
2559 4943 2787 5009 veniam,
2839 4959 3037 5013 qua'so,
3070 4945 3261 4999 mereri
3301 4946 3677 5015 queas?quam
3734 4948 3741 4953 ’

2096 5052 2224 5091 vero
2242 5036 2441 5105 poteris
2467 5037 2751 5105 legitimam
2772 5037 3027 5105 etjustam
3047 5038 3441 5092 excusationem
3462 5038 3679 5093 afferre?

2094 5128 2211 5186 Non
2277 5136 2453 5197 potest
2509 5129 2643 5194 fieri,
2703 5129 2855 5198 plane
2903 5142 3006 5182 non
3054 5136 3262 5197 potest,
3323 5139 3380 5184 ut
3425 5131 3512 5198 qui
3570 5139 3674 5183 tam

2095 5219 2364 5288 negligens
2393 5219 2460 5272 sit
2491 5232 2553 5272 ac
2585 5218 2764 5289 piger,
2796 5234 3043 5289 umquam
3075 5220 3225 5273 venia
3263 5220 3453 5290 dignus
3484 5220 3679 5274 habea-

2095 5316 2199 5375 tur,
2230 5310 2353 5364 licet
2373 5309 2563 5364 millies
2588 5310 2918 5363 smcularinm
2939 5311 3270 5380 negotiorum
3302 5314 3675 5381 occupationes

2092 5402 2364 5457 obtendat.
2406 5402 2608 5465 Nescis,
2650 5403 2696 5457 si
2726 5403 2830 5458 huc
2873 5405 3092 5459 veniens
3138 5406 3300 5458 Deum
3347 5404 3671 5470 adoravcris,

2091 5500 2145 5547 et
2193 5501 2486 5547 cruventus
2543 5494 2693 5548 istius
2744 5492 3007 5563 particeps
3065 5495 3263 5561 fueris,
3314 5508 3376 5550 ea
3404 5511 3523 5564 qua:
3568 5511 3674 5564 pra:

2092 5584 2335 5639 manibus
2384 5595 2506 5639 sunt
2535 5586 2743 5655 negotia
2789 5586 2957 5640 facilia
2997 5586 3087 5640 tibi
3115 5596 3168 5640 et
3210 5586 3454 5655 expedita
3484 5586 3674 5640 reddi?

2090 5675 2442 5731 Saecularibus
2502 5677 2642 5732 curis
2697 5677 2990 5746 premeris?
3041 5678 3235 5733 Earum
3289 5678 3446 5749 igitur
3513 5691 3670 5732 causa
