4060 6252
319 423 421 479 175

312 558 424 603 τον,
445 538 546 590 οὑκ
570 534 826 608 ἰσχύομεν
853 540 1300 611 στενοχωρεῖσθαι
1322 542 1416 593 καὶ
1437 537 1715 594 θλίϐεσθαι
1736 539 1792 591 ἐν
1814 533 1893 606 τῷ

312 624 528 695 πλήθει,
563 620 747 690 ίδρῶτι
775 622 1041 675 πάντοθεν
1076 624 1494 695 περιρῤεόμενοι
1535 627 1630 678 καὶ
1660 621 1899 694 ἀχθόμε-

312 726 390 763 νοι
437 708 505 776 τῇ
550 704 727 776 θέρμῃ
773 705 869 758 καὶ
904 707 971 775 τῇ
1016 707 1382 778 στενοχωρίᾳ·
1422 707 1748 779 αἰσχύνομαι
1800 702 1899 775 μὲν

314 792 452 861 ὑπὲρ
498 787 701 851 αὑτῶν,
741 787 1071 842 πιστεύσατε
1092 804 1107 819 ·
1150 789 1507 857 γυναικώδεις
1541 790 1649 861 γάρ
1676 791 1733 844 αί
1764 789 1900 858 σκή-

313 873 454 941 ψεις,
503 869 707 941 μᾶλλον
733 869 792 923 δὲ
829 869 954 924 οὑδὲ
995 870 1231 936 ἐκείναις
1269 873 1406 944 πρὸς
1437 871 1763 943 συγγνώμην
1798 871 1900 941 ἁρ-

317 954 507 1009 κοῦσαι
538 956 595 1007 αἱ
638 956 938 1023 προφάσεις
967 992 983 1019 ,
1009 948 1099 1018 αἶς
1143 954 1504 1026 μαλακώτερα
1530 956 1598 1008 τὰ
1641 953 1897 1023 σώματα,

318 1039 407 1091 καὶ
449 1033 814 1106 ἀσθενεστέρα
856 1038 890 1106 ἡ
937 1035 1120 1106 φύσις.
1164 1038 1310 1109 Πλὴν
1350 1041 1399 1092 εί
1448 1040 1542 1092 καὶ
1582 1039 1807 1109 αἰσχρὸν
1838 1037 1900 1089 τὸ

315 1118 720 1188 ἀποκρίνασθαι
766 1119 902 1190 πρὸς
952 1120 1052 1190 τὴν
1101 1120 1355 1191 τοιαύτην
1407 1121 1722 1191 ἀπολογίαν,
1782 1121 1898 1173 ἀλλ’

313 1205 611 1271 ἀναγκαῖον
641 1203 808 1273 ὅμως.
843 1202 908 1255 Εἰ
935 1201 1043 1272 γὰρ
1068 1205 1266 1256 ἐκεῖνοι
1286 1203 1510 1257 τοιαῦτα
1545 1204 1899 1276 προφασίζον-

312 1303 423 1346 ται,
457 1285 551 1337 καὶ
584 1286 684 1337 οῦκ
712 1283 1026 1355 ἐρυθριῶσι,
1073 1285 1251 1353 πολλῷ
1279 1286 1477 1356 μᾶλλον
1507 1289 1653 1357 ἡμᾶς
1687 1287 1786 1339 οὑκ
1816 1287 1899 1339 αί-

315 1368 605 1438 σχὺνεσθαι
642 1367 749 1437 χρὴ
791 1367 928 1438 πρὸς
968 1367 1137 1421 ταῦτα
1172 1369 1569 1438 ἀντιλέγοντας.
1606 1368 1668 1421 Τί
1700 1364 1792 1422 οὖν
1823 1367 1900 1421 εῖ-

316 1466 475 1519 ποιμι
508 1452 617 1512 τοῖς
649 1450 820 1502 ταῦτα
841 1450 1300 1522 προϐαλλομένοις
1320 1467 1335 1516 ;
1357 1450 1478 1503 Τῶν
1504 1450 1671 1521 τριῶν
1695 1450 1899 1503 παίδων

314 1532 625 1601 ἀναμνῆσαι
637 1532 833 1595 αὑτοὺς
849 1531 1109 1601 βούλομαι
1132 1532 1240 1584 τῶν
1258 1536 1315 1586 ἐν
1331 1536 1395 1603 τῇ
1416 1534 1632 1603 καμίνῳ
1655 1534 1749 1587 καὶ
1765 1535 1819 1585 ἐν
1832 1535 1896 1602 τῇ

316 1613 497 1683 φλογὶ,
515 1613 565 1664 οἳ
591 1613 928 1683 πανταχόθεν
954 1616 1137 1677 αὑτοῖς
1167 1618 1487 1686 περιτρέχον
1515 1615 1575 1668 τὸ
1605 1614 1901 1686 πῦρόρῶν-

312 1711 426 1759 τες,
452 1696 548 1748 καὶ
571 1695 651 1766 τῷ
667 1698 895 1766 στόματι
912 1697 1129 1760 καὶτοῖς
1149 1697 1461 1768 ὀφθαλμοῖς,
1476 1700 1569 1749 καὶ
1588 1698 1725 1767 αὑτῇ
1747 1713 1815 1749 πε
1824 1713 1902 1767 ρι⁴

316 1778 616 1848 κεχυμένον
645 1783 709 1849 τῇ
745 1781 1009 1850 ἀναωοῇ,
1041 1780 1141 1832 οὑκ
1164 1779 1474 1833 ἐπαύσαντο
1497 1780 1586 1832 τὸν
1628 1780 1772 1852 ἱερὸν
1807 1781 1900 1832 καὶ

319 1862 580 1932 μυστικὸν
617 1864 822 1915 ἐκεῖνον
872 1861 1041 1932 ὕμνον
1085 1862 1305 1933 ᾄδοντες
1342 1862 1420 1933 τῷ
1462 1864 1581 1934 Θεῷ
1625 1864 1761 1934 μετά
1799 1864 1899 1933 τῆς

317 1946 571 2010 κτίσεως,
594 1945 729 1999 ἀλλά
758 1947 863 1999 τῶν
894 1948 950 1999 ἐν
980 1945 1204 2016 λειμῶνι
1232 1946 1631 2016 διατριϐόντων,
1673 1948 1730 1998 ἐν
1762 1947 1900 2017 μέσῃ

316 2029 438 2081 τότε
461 2030 692 2092 ἑστῶτες
719 2032 785 2099 τῇ
812 2031 980 2099 πυρᾷ,
1003 2030 1409 2101 προθυμότερον
1425 2030 1522 2101 τὴν
1539 2031 1809 2101 εὑφημίαν
1824 2032 1901 2101 τῷ

316 2110 483 2181 κοινῷ
517 2110 625 2162 τῶν
658 2112 794 2164 ὅλων
827 2111 1146 2183 ἀνέπεμπον
1192 2113 1462 2183 Δεσπότῃ·
1494 2112 1588 2165 καὶ
1628 2112 1768 2183 μετά
1796 2111 1901 2165 τῶν

314 2194 483 2265 τριῶν
525 2195 729 2246 παίδων
774 2194 1000 2259 τούτων,
1039 2195 1147 2247 τῶν
1194 2195 1421 2248 λεόντων
1463 2195 1643 2258 αὑτοῖς
1682 2195 1791 2246 τῶν
1845 2196 1903 2246 ἐν

317 2276 626 2340 Βαϐυλῶνι,
668 2277 760 2329 καὶ
791 2277 882 2329 τοῦ
918 2276 1116 2347 Δανιὴλ
1154 2279 1247 2330 καὶ
1279 2275 1373 2329 τοῦ
1410 2276 1611 2330 λάκκου
1634 2292 1646 2306 ⁸
1696 2277 1814 2347 οὑχι
1846 2277 1903 2329 δὲ

315 2372 509 2425 τούτου
545 2371 728 2441 μόνου,
754 2369 889 2422 ἀλλά
918 2370 1012 2422 καὶ
1039 2369 1226 2440 ἐτέρου
1252 2370 1451 2423 λάκκου
1476 2370 1569 2422 καὶ
1601 2371 1901 2440 προφήτου,

317 2459 414 2511 καὶ
445 2457 707 2529 βορϐόρου
741 2457 903 2528 μέχρι
940 2457 1209 2527 τραχήλου
1243 2458 1332 2509 τὸν
1366 2456 1636 2526 Ἱερεμίαν
1671 2455 1903 2508 ἀποπνί-

317 2557 511 2611 γοντος
557 2540 976 2610 ἀναμνησθῆναι
1010 2541 1174 2594 πάλιν
1212 2540 1410 2602 αὑτοὺς
1445 2538 1598 2604 ἀξιῶ.
1647 2539 1755 2591 Καὶ
1797 2537 1905 2590 ἀπὸ

315 2625 431 2679 τῶν
458 2624 676 2677 λάκκων
705 2621 856 2695 [ιθο]
891 2624 1120 2687 ἀναϐὰς,
1150 2627 1462 2692 εἰσαγαγεῖν
1491 2626 1570 2685 είς
1600 2622 1658 2674 τὸ
1690 2621 1902 2691 δεσμω-

320 2709 510 2778 τήριον
539 2706 800 2777 βούλομαι
820 2706 1042 2770 τούτους
1075 2709 1199 2770 τοὺς
1221 2707 1282 2759 τὸ
1313 2705 1503 2776 καῦμα
1535 2705 1906 2777 προϐαλλομέ-

320 2807 464 2855 νους,
496 2792 591 2845 καὶ
619 2791 789 2855 δεῖξαι
819 2790 909 2843 τὸν
944 2791 1155 2844 Παῦλον
1199 2793 1315 2843 ἐκεῖ
1349 2792 1443 2843 καὶ
1484 2790 1576 2841 τὸν
1618 2789 1777 2840 Σίλαν
1827 2788 1904 2859 τῷ

321 2878 465 2952 ξύλῳ
500 2877 981 2949 προσδεδεμένους,
1016 2876 1300 2947 μωλώπων
1326 2877 1597 2946 γέμοντας
1627 2875 1719 2927 καὶ
1740 2892 1905 2945 τραυ-

326 2963 532 3033 μάτων,
564 2961 641 3033 τῷ
671 2960 864 3032 πλήθει
894 2960 1001 3013 τῶν
1038 2959 1261 3030 πληγῶν
1295 2961 1440 3013 ἆπαν
1471 2957 1905 3023 καταξανθέντας

322 3045 383 3098 τὸ
413 3043 689 3115 σῶμα,“ἐν
727 3043 865 3116 μέση
893 3045 959 3114 τῇ
988 3043 1144 3096 νυκτὶ
1174 3042 1264 3095 τὸν
1292 3041 1422 3094 Θεὸν
1454 3039 1779 3110 ὑμνοῦντας,
1812 3043 1906 3095 καὶ

322 3127 419 3197 τὴν
453 3126 602 3198 ἱερὰν
633 3127 850 3194 ἐκείνην
876 3125 1175 3195 παννυχίδα
1205 3123 1605 3187 ἐπιτελοῦντας.
1644 3122 1765 3187 Πῶς
1800 3125 1907 3194 γὰρ

319 3211 420 3263 οὑκ
448 3210 648 3265 ἄτοπον
677 3212 803 3273 τοὺς
832 3209 928 3280 μὲν
951 3209 1142 3277 ἁγίους
1170 3207 1434 3270 ἐκείνους,
1465 3208 1520 3259 ἐν
1547 3206 1783 3277 καμίνῳ,
1813 3208 1905 3260 καὶ

322 3293 479 3365 πυρὶ,
524 3293 620 3345 καὶ
664 3292 888 3362 λάκκῳ,
935 3294 1030 3350 καὶ
1075 3291 1320 3362 θηρίοις,
1358 3292 1453 3345 καὶ
1489 3290 1770 3361 βορϐόρῳ,
1814 3291 1908 3343 καὶ

320 3375 698 3446 δεσμωτηρίῳ,
738 3377 833 3427 καὶ
870 3374 1035 3445 ξύλῳ,
1070 3376 1164 3427 καὶ
1190 3375 1447 3445 πληγαῖς,
1490 3374 1585 3427 καὶ
1618 3373 1904 3442 φυλακαῖς,

321 3462 554 3523 καὶτοῖς
596 3459 889 3529 ἀφορήτοις
928 3457 1089 3522 ὄντας
1120 3458 1347 3525 δεινοῖς,
1380 3461 1548 3531 μηδὲν
1589 3466 1794 3521 τούτων
1824 3468 1907 3519 αί-

320 3543 540 3597 τιᾶσθαι
574 3542 828 3606 πώποτε,
863 3542 998 3595 ἀλλά
1048 3542 1186 3613 μετά
1234 3544 1430 3598 πολλοῦ
1478 3546 1573 3600 τοῦ
1618 3550 1771 3602 τόνου
1814 3551 1908 3603 καὶ

323 3626 609 3697 προθυμίᾳ
640 3624 841 3701 ζεούσῃ
869 3627 1054 3696 εὐχαῖς
1080 3627 1174 3680 καὶ
1214 3626 1406 3697 ὕμνοις
1445 3631 1610 3699 ίεροῖς
1644 3632 1908 3704 ἐνδιατρί-

321 3710 442 3762 ϐειν
470 3706 757 3779 διηνεκῶς,
789 3709 935 3778 ἡμᾶς
966 3708 1023 3761 δὲ
1054 3709 1115 3761 οὑ
1155 3710 1370 3780 μικρὸν,
1398 3711 1461 3764 οὑ
1490 3713 1633 3782 μέγα
1658 3714 1767 3768 τῶν
1800 3716 1908 3769 ἀπ-

321 3790 720 3861 ηριθμημένων
748 3791 1150 3861 ὑπομείναντας
1187 3793 1396 3858 παθῶν,
1441 3794 1529 3848 διὰ
1559 3796 1776 3867 καῦμα,
1814 3797 1908 3850 καὶ

322 3886 535 3957 θέρμην
560 3884 817 3958 βραχεῖαν
846 3887 941 3940 καί
973 3886 1192 3957 ἱδρῶτα,
1220 3886 1325 3956 τῆς
1348 3888 1557 3953 οίκείας
1578 3891 1759 3944 αὑτῶν
1780 3893 1908 3963 ἀμε-

321 3978 435 4031 λεῖν
469 3977 777 4047 σωτηρίας,
815 3977 910 4030 καὶ
940 3976 1038 4040 τὰς
1072 3977 1320 4044 συνάξεις
1348 3979 1582 4048 ἀφέντας
1611 3981 1716 4047 ἔξω
1768 3982 1904 4035 πλα-

321 4069 554 4131 νᾶσθαι,
606 4068 885 4136 συλλόγοις
927 4069 1464 4140 προσφθειρομένους
1494 4072 1646 4127 οὐδὲν
1692 4073 1907 4145 ἔχουσιν

322 4160 509 4228 ὑγιές;
545 4158 793 4229 Τοσαύτη
826 4158 1017 4229 δρόσος
1051 4160 1159 4212 τῶν
1187 4159 1346 4213 θείων
1370 4161 1686 4230 λογίων,καὶ
1717 4164 1908 4237 καῦμα

324 4250 642 4324 προϐάλλῃς
678 4250 745 4303 Τὸ
784 4249 937 4318 ὕδωρ
960 4291 974 4315 ,
1025 4248 1057 4303 ὃ
1086 4250 1201 4320 ἐγὼ
1251 4251 1422 4307 δώσω
1466 4254 1646 4321 αὐτῷ,
1684 4258 1848 4328 φησὶν
1877 4259 1907 4311 6

322 4346 580 4416 Χριστὸς,
614 4345 928 4415 γενήσεται
970 4345 1041 4399 ἐν
1081 4345 1242 4411 αὐτῷ
1275 4348 1437 4417 πηγὴ
1468 4349 1687 4416 ὕδατος
1725 4351 1907 4405 ἀλλο-

321 4441 509 4509 μένου
551 4442 639 4504 εἰς
662 4436 814 4505 ζωὴν
844 4438 1102 4492 αἰώνιον·
1140 4439 1234 4492 καὶ
1281 4440 1466 4505 πάλιν,
1511 4441 1564 4493 '0
1606 4444 1908 4498 πιστεύων

323 4535 407 4596 εις
432 4530 559 4598 ἐμὲ,
586 4530 778 4595 καθὼς
824 4527 995 4585 εἶπεν
1044 4532 1083 4599 ἡ
1123 4531 1357 4599 Γραφὴ,
1388 4533 1640 4603 ποταμοί
1691 4536 1757 4588 ἐκ
1795 4536 1909 4603 τῆς

326 4623 560 4687 κοιλίας
588 4621 774 4676 αὐτοῦ
807 4622 1146 4689 ῥεύσουσιν
1181 4621 1400 4689 ὕδατος
1430 4622 1664 4690 ζῶντος.
1716 4627 1906 4695 Πηγὰς

327 4707 490 4778 ἔχων,
527 4708 648 4761 εἰπέ
677 4725 787 4778 μοι,
826 4710 919 4762 καὶ
951 4710 1228 4779 ποταμοὺς
1264 4716 1685 4782 πνευματικοὺς,
1719 4716 1905 4786 καῦμα

324 4799 570 4862 δέδοικας
591 4801 869 4871 αἰσθητόν;
900 4801 989 4855 ἐπὶ
1018 4801 1083 4855 δὲ
1117 4803 1213 4873 τῆς
1245 4804 1467 4873 ἀγορᾶς,
1494 4805 1616 4857 είπέ
1644 4823 1753 4874 μοι,
1777 4806 1905 4861 ἔνθα

328 4887 582 4951 τοσοῦτος
618 4888 844 4959 θόρυϐος
879 4890 974 4942 καὶ
1008 4892 1343 4961 στενοχωρία
1385 4893 1480 4945 καὶ
1513 4893 1680 4958 πολὺς
1707 4894 1736 4945 6
1769 4897 1906 4950 καύ-

331 4994 463 5039 σων,
502 4978 619 5040 πῶς
650 4978 711 5031 οὑ
747 4978 1021 5048 προϐάλλῃ
1059 4981 1247 5053 πνῖγος
1289 4980 1382 5033 καὶ
1414 4979 1657 5053 θέρμην;
1689 4985 1764 5037 Οὑ
1800 4985 1906 5057 γὰρ

328 5067 394 5139 δὴ
414 5068 572 5121 τοῦτο
601 5065 743 5137 ἔχεις
775 5069 839 5121 ἂν
860 5070 1053 5134 εἰπεῖν,
1078 5069 1159 5122 ὅτι
1193 5071 1308 5122 ἐκεῖ
1337 5071 1433 5140 μὲν
1450 5070 1793 5143 ψυχροτέρας
1810 5075 1908 5146 τῆς

328 5158 424 5212 τοῦ
463 5158 624 5229 ἀέρος
653 5158 866 5227 φύσεως
895 5158 1041 5212 ἐστιν
1070 5159 1382 5227 ἀπολαύειν,
1413 5162 1645 5217 ἐνταῦθα
1679 5165 1735 5217 δὲ
1762 5166 1908 5219 ἀπαν

329 5250 460 5317 ήμῖν
480 5250 743 5319 συνῆκται
754 5249 814 5302 τὸ
829 5249 1034 5317 πνῖγος,
1056 5251 1192 5305 ἀλλά
1210 5253 1317 5306 πᾶν
1329 5255 1657 5319 τούναντίον,
1677 5255 1909 5309 ἐνταῦθα

333 5340 434 5410 μὲν
466 5341 563 5394 καὶ
600 5339 708 5393 ἀπὸ
735 5341 836 5411 τῆς
866 5341 1231 5413 ὑποκειμένης
1276 5343 1501 5408 πλακὸς,
1538 5346 1631 5399 καὶ¹
1665 5346 1772 5398 ἀπὸ
1811 5348 1910 5417 τῆς

328 5429 497 5499 ἄλλης
512 5429 607 5482 τοῦ
629 5429 778 5483 οίκου
795 5432 1141 5501 κατασκευῆς
1164 5438 1179 5500 (
1201 5434 1294 5485 καὶ
1311 5435 1418 5504 γὰρ
1434 5436 1511 5497 είς
1536 5434 1667 5504 ὕψος
1683 5437 1911 5506 ἀνέστη-

330 5536 425 5574 κεν
457 5519 699 5588 ἄφατον)
740 5521 1069 5593 κουφότερος
1094 5524 1186 5575 καὶ
1216 5522 1551 5595 ψυχρότερος
1581 5527 1609 5578 6
1636 5527 1764 5595 ἀήρ·
1798 5527 1912 5579 ἐκεῖ

328 5609 386 5662 δὲ
412 5610 580 5674 πολὺς
611 5611 710 5681 μὲν
741 5612 889 5681 ἣλιος
913 5612 1210 5685 πανταχοῦ,
1234 5614 1402 5684 πολλὴ
1433 5614 1490 5667 δὲ
1518 5617 1550 5684 ή
1581 5617 1911 5687 στενοχωρία

331 5701 428 5754 καὶ
466 5702 673 5766 καπνὸς
701 5703 795 5756 καὶ
818 5704 988 5768 κόνις,
1028 5705 1122 5757 καὶ
1150 5705 1313 5776 ἕτερα
1336 5705 1518 5775 πολλῷ
1547 5706 1767 5761 πλείονα
1791 5708 1912 5761 τού-

332 5809 440 5846 των
473 5794 813 5849 ἐπιτείνοντα
846 5794 943 5866 τὴν
973 5795 1184 5866 ἀηδίαν,
1220 5797 1382 5851 Ὅθεν
1416 5797 1597 5868 δῆλον,
1632 5799 1715 5852 ὅτι
1750 5800 1909 5870 ρᾳθυ-

1210 482 1213 487 _
1280 424 1344 478 IN
1385 425 1613 491 ILLUD,
1657 423 1715 479 SI
1750 423 2117 479 ESURIERI'I
2167 424 2496 490 INIMICUS,
2541 426 2692 482 ETC.

3446 407 3451 411 ’
3469 423 3589 482 ne.

2005 536 2134 606 μίας
2164 540 2257 593 καὶ
2286 539 2463 610 ψυχῆς
2500 539 2959 602 ἀναπεπτωκυίας
2987 538 3082 591 καὶ
3123 537 3224 609 τῆς
3269 536 3362 593 τοῦ
3404 537 3580 594 Πνεύ-

2003 644 2171 697 ματος
2200 627 2396 697 φλογὸς
2429 628 2880 701 ἀπεστερημένης
2912 619 3070 680 α’ὑται
3098 626 3156 680 al
3190 626 3492 699 προφάσεις
3523 633 3585 685 at

2000 719 2204 787 ἄλογοι.

2068 810 2117 879 γ’
2124 809 2329 865 ,Ταῦτα
2347 811 2467 881 οὑχὶ
2486 810 2623 881 πρὸς
2641 811 2880 874 ἐκείνους
2894 812 3148 865 τοσοῦτον
3163 810 3582 882 ἀποτεινόμενος

2000 905 2145 972 λέγω
2170 903 2286 965 νῦν,
2316 903 2440 955 ὅσον
2486 904 2623 973 πρὸς
2654 904 2799 974 ὑμᾶς
2832 906 2959 967 τοὺς
2991 905 3091 957 οὑκ
3121 904 3541 973 ἐπισπωμένους
3566 942 3580 968 ,

1998 999 2126 1061 τοὺς
2151 998 2249 1051 οὑκ
2276 997 2609 1059 ἀνιστῶντας
2638 997 2835 1060 αὐτοὺς
2865 997 2973 1050 ἀπὸ
3001 997 3098 1067 τῆς
3133 995 3406 1068 ῥᾳθυμίας
3426 1036 3441 1062 ,
3489 996 3584 1049 καὶ

2004 1088 2138 1160 πρὸς
2170 1088 2267 1159 τὴν
2302 1089 2577 1159 σωτηρίαν
2611 1087 2815 1158 ταύτην
2848 1087 3105 1151 ἕλκοντας
3137 1085 3434 1158 τράπεζαν.
3472 1087 3583 1139 Καὶ

2000 1177 2208 1230 οἰκέται
2244 1177 2343 1247 μὲν
2390 1177 2575 1247 κοινὴν
2618 1176 2904 1247 μέλλοντες
2944 1174 3251 1246 ἐκπληροῦν
3284 1174 3579 1232 διακονίαν.

2000 1272 2126 1333 τοὺς
2154 1268 2335 1323 αὑτῶν
2371 1270 2688 1333 συνδούλους
2730 1268 3004 1323 καλοῦσιν’
3050 1269 3211 1338 ὑμεῖς
3248 1268 3306 1322 δὲ
3353 1268 3447 1320 ἐπὶ
3483 1268 3583 1338 τήν

2002 1362 2374 1433 πνευματικὴν
2402 1362 2605 1433 ταύτην
2640 1361 2924 1432 μέλλοντες
2963 1362 3210 1432 ἀπαντᾷν
3258 1360 3584 1431 ὑπηρεσίαν,

2002 1456 2292 1525 περιορᾶτε
2325 1454 2451 1516 τοὺς
2480 1451 2800 1523 ὁμοδούλους
2839 1452 2929 1504 τοῦ
2973 1451 3198 1522 κέρδους
3243 1452 3582 1521 ἀποστερου-

2004 1548 2218 1615 μένους.
2277 1546 2341 1597 Τί
2387 1540 2500 1608 οῦν,
2542 1546 2591 1597 εἰ
2642 1543 2716 1614 μὴ
2763 1539 3068 1611 βούλοιντο,
3126 1541 3294 1612 φησί;
3351 1541 3593 1611 Ποίησονι

2004 1641 2201 1704 αὑτοὺς
2238 1638 2566 1711 βουληθῆναι
2599 1642 2665 1711 τῇ
2710 1642 2927 1710 συνεχεῖ
2968 1638 3295 1711 προσεδρείᾳ
3318 1655 3329 1667 ·
3375 1636 3441 1690 ἂν
3475 1638 3585 1707 γὰρ

2006 1729 2188 1782 ἴδωσιν
2257 1728 2639 1800 ἐπικειμένους
2694 1731 2875 1800 ἡμᾶς,
2934 1728 3153 1791 πάντως
3208 1727 3580 1798 βουλήσονται.

2018 1821 2177 1875 Ἀλλά
2208 1821 2313 1893 γάρ
2349 1822 2547 1891 σκῆψις
2588 1823 2760 1875 ταῦτα
2796 1823 2888 1875 καὶ
2926 1823 3217 1892 πρόφασις.
3257 1822 3421 1874 Πόσοι
3453 1822 3584 1888 γοῦν

2004 1913 2237 1967 ἐνταῦθα
2272 1915 2507 1984 πατέρες
2531 1915 2636 1967 εἰσὶ
2663 1917 2756 1967 καὶ
2784 1918 2909 1979 τοὺς
2940 1916 3089 1979 υἱοὺς
3122 1915 3222 1968 οὑκ
3250 1913 3431 1985 έχουσι
3465 1913 3584 1984 μεθ’

2004 2010 2209 2064 ἑαυτῶν
2240 2012 2514 2078 ἐστῶτας;
2554 2013 2627 2084 μὴ
2669 2014 2761 2067 καὶ
2797 2014 2905 2067 τῶν
2933 2013 3140 2067 τέκνων
3172 2010 3584 2065 ἐπισπάσασθαι

2006 2118 2087 2155 σοι
2135 2102 2389 2155 δύσκολον
2429 2099 2525 2173 ἦνς
2562 2104 2720 2158 Ὅθεν
2752 2104 2910 2174 δῆλον
2949 2105 3030 2157 ὅτι
3081 2104 3173 2157 καὶ
3214 2106 3262 2157 οἱ
3297 2103 3474 2156 λοιποὶ
3522 2104 3584 2155 οὑ

2005 2194 2156 2264 παρά
2188 2194 2285 2265 τὴν
2325 2196 2532 2249 οἰκείαν
2576 2196 2849 2267 ρᾳθυμίαν
2893 2198 3073 2269 μόνον,
3125 2196 3261 2249 ἀλλά
3308 2194 3402 2249 καὶ
3434 2195 3584 2265 παρά

2002 2282 2101 2353 τὴν
2135 2284 2403 2354 ὑμετέραν
2434 2286 2734 2355 ὑπεροψίαν
2766 2287 2869 2350 ἔξω
2908 2287 3178 2355 μένουσιν.
3228 2285 3371 2337 Ἀλλ’
3410 2286 3458 2338 εἰ
3492 2285 3585 2337 καὶ

2008 2374 2082 2445 μὴ
2117 2375 2402 2446 πρότερον,
2432 2378 2527 2431 νῦν
2571 2379 2702 2446 γοῦν
2750 2378 3104 2448 διανάστητε,
3157 2378 3251 2430 καὶ
3305 2375 3445 2447 μετά
3488 2375 3584 2429 τοῦ

2008 2465 2202 2534 μέλους
2228 2466 2455 2531 ἕκαστος
2482 2470 2559 2531 είς
2578 2469 2678 2538 τὴν
2702 2468 2994 2537 ἐκκλησίαν
3022 2468 3257 2529 είσιέτω,
3284 2467 3381 2520 καὶ
3403 2465 3585 2537 πατὴρ

2004 2559 2138 2616 υἱὸν,
2168 2560 2263 2611 καὶ
2290 2560 2404 2622 υἱὸς
2424 2560 2515 2611 τὸν
2537 2561 2925 2630 γεγεννηκότα,
2952 2561 3047 2613 καί
3074 2561 3343 2627 γυναῖκας
3368 2558 3583 2629 ἀνδρες.

2006 2650 2099 2701 καὶ
2129 2649 2327 2719 ἄνδρας
2348 2653 2625 2717 γυναῖκες,
2660 2651 2753 2703 καὶ
2773 2650 3040 2719 δεσπότης
3068 2648 3276 2713 δοῦλον,
3310 2650 3403 2701 καὶ
3432 2648 3590 2701 ἀδελ-

2007 2741 2105 2809 φὸς
2132 2740 2281 2812 [161]
2309 2741 2556 2811 ἀδελφὸν,
2589 2742 2682 2795 καὶ
2714 2742 2865 2810 φίλος
2900 2742 3053 2811 φίλον
3081 2740 3459 2811 διεγειρόντων
3490 2740 3599 2795 καὶ,

2008 2831 2417 2901 παρορμώντων
2458 2832 2594 2902 πρὸς
2625 2833 2723 2903 τὴν
2756 2833 2992 2886 ἐνταῦθα
3024 2832 3259 2885 σύνοδον·
3297 2831 3497 2901 μᾶλλον
3527 2830 3586 2882 δέ

2011 2924 2083 2993 μὴ
2107 2924 2232 2986 τοὺς
2256 2924 2441 2990 φίλους
2472 2925 2652 2988 μόνον,
2684 2924 2820 2977 ἀλλὰ
2869 2925 2964 2978 καὶ
2984 2925 3111 2987 τοὺς
3143 2922 3371 2993 ἐχθροὺς
3408 2921 3588 2975 καλῶς

2011 3031 2109 3084 μεν
2142 3014 2236 3067 ἐπὶ
2278 3015 2369 3067 τὸν
2417 3014 2592 3068 κοινὸν
2634 3014 2822 3068 τοῦτον
2868 3015 2979 3068 τῶν
3024 3014 3244 3082 ἀγαθῶν
3290 3011 3582 3083 θησαυρόν.

2011 3106 2109 3159 “Av
2145 3105 2227 3178 ἴδῃ
2273 3122 2366 3158 σου
2395 3105 2492 3177 τὴν
2534 3106 2789 3177 πρόνοιαν
2831 3109 2859 3160 6
2892 3105 3113 3178 ἐχθρὸς,
3156 3102 3447 3159 καταλύσει
3486 3102 3587 3174 τὴν

2007 3197 2305 3268 ἀπέχθειαν
2338 3199 2573 3261 πάντως.

2079 3289 2213 3343 Εἰπὲ
2260 3289 2394 3362 πρὸς
2443 3289 2638 3343 αὑτόν·
2677 3288 2795 3343 Οὑκ
2824 3287 3053 3359 αἰσχύνῃ
3111 3289 3412 3353 Ἰουδαίους,
3463 3290 3586 3343 οὑδέ

2006 3380 2290 3451 ἐρυθριᾷς,
2327 3380 2377 3432 οἳ
2417 3380 2552 3449 μετά
2596 3379 2862 3449 τοσαύτης
2902 3380 3186 3452 ἀκριϐείας
3233 3380 3296 3434 τὸ
3322 3381 3609 3435 σάϐϐατον.

2008 3471 2371 3541 φυλάττουσι,
2398 3472 2493 3523 καὶ
2534 3471 2642 3523 ἀπὸ
2667 3472 2766 3541 τῆς
2794 3472 3032 3543 ἑσπέρας
3080 3472 3254 3541 αὑτῆς
3284 3473 3465 3541 πάσης
3496 3474 3590 3546 ἐρο

2006 3561 2202 3629 γασίας
2228 3562 2582 3629 ἀφίστανται;
2612 3560 2729 3614 Κᾶν
2755 3562 2907 3614 ἴδωσι
2927 3562 3021 3614 τὸν
3042 3561 3192 3631 ἥλιον
3216 3562 3349 3631 πρὸς
3378 3561 3589 3633 δυσμὰς

2007 3651 2360 3721 ἐπειγόμενον
2392 3653 2449 3704 ἐν
2477 3654 2542 3722 τῇ
2573 3651 2674 3720 τῆς
2711 3652 3066 3722 παρασκευῆς
3093 3654 3297 3725 ἡμέρᾳ,
3325 3655 3420 3707 καὶ
3448 3670 3589 3725 συμ-

2008 3738 2203 3792 ϐόλαια
2238 3739 2588 3793 διακόπτοντι
2611 3781 2625 3805 ,
2655 3742 2752 3794 καὶ
2798 3741 3029 3811 πράσεις
3070 3741 3446 3813 διατέμνουσι·
3482 3744 3589 3799 κᾶν

2008 3829 2310 3900 πριάμενός
2362 3846 2445 3891 τις
2506 3831 2638 3900 παρ’
2682 3830 2861 3882 αὑτῶν
2920 3831 3028 3901 πρὸ
3072 3832 3172 3900 τῆς
3226 3833 3481 3903 ἑσπέρας,
3528 3834 3613 3885 ἐν-

2008 3921 2217 3992 ὲσπέρᾳ
2245 3920 2343 3990 τὴν
2375 3919 2541 3990 τιμὴν
2564 3919 2693 3991 ἔλθῃ
2732 3920 2995 3991 κομίζων,
3025 3922 3125 3974 οὑκ
3173 3922 3454 3992 ἀνέχονται
3494 3922 3610 3976 λας.

2010 4013 2144 4079 ϐεῖν,
2193 4012 2313 4066 οὑδέ
2361 4012 2721 4077 ὑποδέξασθαι
2766 4014 2826 4066 τὸ
2874 4015 3155 4086 ἀργύριον.
3191 4016 3302 4068 Καὶ
3347 4016 3399 4068 τί
3445 4014 3594 4083 λέγω
3670 4017 3680 4024 ’

2007 4103 2173 4173 τιμὴν
2203 4102 2378 4156 ὠνίων
2409 4104 2501 4155 καὶ
2536 4103 2870 4174 συμϐόλαια;
2905 4103 3007 4158 κᾶν
3045 4106 3317 4177 θησαυρὸν
3340 4106 3466 4177 ἐξῆν
3494 4107 3590 4160 λα·

2009 4193 2145 4258 ϐεῖν,
2177 4194 2366 4248 ﬂow-3
2406 4192 2472 4246 ἂν
2500 4193 2762 4247 ἀπολέσαι
2790 4194 2852 4248 τὸ
2892 4196 3101 4266 κέρδος,
3141 4197 3174 4267 ἢ
3205 4198 3588 4269 καταπατῆσαι

2008 4286 2098 4339 τὸν
2131 4286 2315 4355 νόμον.
2364 4282 2497 4339 Εἶτα
2544 4286 2784 4339 Ἰουδαῖοι
2833 4288 2952 4355 μὲν,
2997 4288 3294 4344 καὶταῦτα
3344 4289 3606 4362 ἀκαίρως,

2007 4373 2301 4443 τηροῦντες
2335 4372 2427 4425 τὸν
2460 4372 2626 4441 νόμον
2662 4372 2836 4436 οὕτως
2871 4374 3010 4427 εἰσὶν
3037 4376 3282 4446 ἀκριϐεῖς
3304 4418 3318 4440 ,
3348 4378 3443 4430 καὶ
3491 4395 3591 4447 φυν-

2007 4463 2180 4533 λακῆς
2207 4463 2524 4532 ἀντέχονται
2548 4464 2701 4517 οὑδέν
2736 4464 2934 4527 αὑτοὺς
2954 4465 3291 4536 ὠφελούσης,
3322 4468 3459 4521 ἀλλὰ
3494 4471 3590 4523 καί⁵

2008 4557 2516 4629 καταϐλαπτοὺσης·
2554 4559 2618 4611 σὺ
2645 4558 2721 4621 δὲ,
2752 4559 2781 4609 6
2811 4559 2908 4628 τῆς
2949 4562 3107 4623 σκιᾶς
3132 4561 3421 4633 ἀνώτερος,
3448 4566 3476 4616 6
3500 4564 3590 4617 τὸν

2008 4641 2160 4712 ήλιον
2190 4641 2289 4712 τῆς
2320 4639 2671 4711 δικαιοσύνης
2697 4640 2824 4693 ἰδεῖν
2856 4642 3216 4706 καταξιωθεὶς
3234 4683 3248 4706 ,
3275 4647 3304 4697 6
3332 4645 3467 4715 πρὸς
3489 4647 3590 4716 τὴν

2008 4724 2116 4777 τῶν
2145 4723 2391 4794 οὐρανῶν
2436 4722 2710 4776 πολιτείαν
2736 4722 2927 4786 τελῶν,
2957 4724 3079 4777 οὑδὲ
3116 4725 3215 4795 τὴν
3252 4727 3421 4796 αὑτὴν
3450 4729 3590 4782 ἐκεί-

2008 4826 2120 4872 νοις
2154 4809 2523 4862 ἐπιδείκνυσαι
2547 4808 2784 4878 σπουδὴν
2803 4811 2912 4871 τοῖς
2932 4811 2997 4879 τῇ
3020 4809 3186 4879 κακίᾳ
3210 4812 3588 4881 προσεδρεύου-

2012 4908 2095 4945 σιν
2121 4891 2363 4962 ἀκαίρως
2386 4931 2399 4954 ,
2429 4892 2457 4943 6
2494 4890 2592 4961 τὴν
2618 4889 2874 4960 ἀλήθειαν
2904 4892 3284 4963 ἐγχειρισθεὶς,
3328 4893 3465 4947 ἀλλά
3503 4913 3591 4964 μι-

2010 4974 2139 5045 κρὸν
2178 4973 2340 5044 μέρος
2369 4974 2580 5044 ἡμέρας
2615 4973 2848 5027 ἐνταῦθα
2887 4974 3238 5045 καλούμενος,
3284 4975 3403 5029 οὑδὲ
3433 4975 3592 5031 τοῦτο

2013 5056 2306 5127 ὑπομένεις
2350 5055 2624 5109 ἀναλῶσαι
2671 5056 2806 5127 πρὸς
2838 5057 2935 5129 τὴν
2977 5057 3085 5111 τῶν
3124 5057 3285 5112 θείων
3329 5059 3591 5131 ἀκρόασιν

2009 5140 2237 5210 λογίων;
2266 5140 2358 5192 καὶ
2391 5139 2550 5202 ποίας
2588 5139 2654 5193 ἂν
2691 5138 2874 5210 τύχοις
2919 5140 3269 5213 συγγνώμης,
3307 5143 3426 5197 είπέ
3463 5161 3589 5215 μοις

2009 5222 2130 5277 τίνα
2153 5224 2209 5277 δὲ
2249 5222 2390 5285 ἕξεις
2427 5222 2722 5290 ἀπολογίαν
2754 5225 2928 5276 εἰπεῖν
2950 5223 3172 5292 εὑλογον
3205 5226 3298 5279 καὶ
3344 5226 3590 5291 δικαίαν;

2011 5308 2123 5362 Οὑκ
2165 5307 2331 5368 ἐστιν,
2380 5306 2479 5359 οὑκ
2518 5306 2632 5359 ἐστι
2670 5306 2760 5359 τὸν
2802 5306 2975 5369 οὑτως
2998 5306 3173 5379 ἀμελῆ
3219 5309 3314 5362 καὶ
3346 5308 3590 5379 ῥᾴθυμον

2014 5391 2342 5463 συγγνώμης
2370 5393 2549 5461 τυχεῖν
2579 5409 2727 5452 ποτε,
2763 5391 2866 5445 κΞιν
2892 5393 3150 5464 μυριάκις
3182 5393 3426 5461 ἀνάγκας
3453 5410 3589 5464 προ⁸

2014 5476 2274 5544 ϐάλληται
2308 5475 2650 5546 πραγμάτων
2696 5475 2984 5545 βιωτικῶν.
3030 5476 3144 5529 Οὑκ
3176 5469 3347 5540 οἶδας,
3384 5476 3465 5529 ὄτι
3493 5477 3599 5530 ἐὰν

2012 5558 2181 5611 ἐλθὼν
2203 5560 2583 5629 προσκυνήσῃς
2611 5558 2700 5610 τὸν
2738 5557 2893 5622 Θεὸν,
2922 5557 3015 5611 καὶ
3046 5558 3326 5629 μετάσχῃς
3367 5558 3468 5628 τῆς
3504 5560 3591 5612 ἐν-

2010 5636 2182 5690 ταῦθα
2207 5636 2509 5708 διατριϐῆς,
2544 5635 2743 5706 μᾶλλόν
2779 5653 2860 5690 σοι
2894 5636 2962 5691 τά
2994 5640 3051 5691 ἐν
3073 5638 3258 5707 χερσὶν
3294 5635 3589 5708 εὐμαρίζε-

2010 5738 2100 5773 ται
2133 5719 2469 5791 πράγματα;
2503 5719 2768 5782 Βιωτικάς
2792 5720 2936 5790 ἔχεις
2970 5722 3290 5792 φροντίδας;
3331 5721 3430 5775 Διά
3456 5720 3589 5774 ταύ-

2012 5820 2107 5866 τας
2153 5802 2250 5874 μὲν
2299 5798 2391 5857 οὖν
2441 5802 2671 5857 ἐνταῦθα
2723 5801 3052 5873 ἀπάντησον,
3104 5804 3189 5858 ἵνα
3231 5803 3331 5876 τήν
3380 5802 3586 5857 εὑνοιαν
