4060 6252
341 430 436 487 ΓΠ

343 545 448 599 huc
493 542 712 602 ventita,
760 541 820 588 ut
864 545 982 586 cum
1029 526 1124 582 tibi
1163 524 1254 580 Dei
1285 515 1713 578 benevolentiam
1743 506 1923 566 conci-

350 629 582 692 liaveris,
628 622 772 694 quod
823 621 911 676 hic
963 623 1205 673 versatus
1231 612 1416 676 fueris,
1463 609 1534 663 ita
1562 620 1682 660 eum
1723 598 1926 657 securi-

351 733 460 780 tate
491 715 766 779 discedas;
821 719 880 766 ut
926 709 1074 764 illum
1107 705 1304 760 habeas
1338 700 1670 769 adjutorcm,
1724 699 1782 745 ut
1829 703 1934 742 ca:-

353 817 503 870 lcstis
561 821 751 862 manus
801 803 998 858 auxilio
1057 807 1239 867 septus
1279 790 1608 850 dieinonibus
1657 787 1753 840 fias
1803 780 1936 836 invi-

355 918 490 963 ctus.
531 904 586 960 Si
607 899 840 972 paternis
872 895 1123 968 precibus
1167 891 1380 953 fruaris,
1412 886 1458 940 si
1503 879 1800 940 communis
1821 889 1940 930 ora-

361 996 518 1050 tionis
547 991 812 1062 particeps
860 965 980 1050 fias,
1036 984 1080 1038 si
1122 982 1330 1051 eloquia
1385 989 1537 1032 sacra
1580 969 1866 1030 audiveris,
1894 965 1940 1020 si

365 1087 456 1142 Dei
513 1085 606 1139 tibi
654 1081 906 1136 auxilium
947 1072 1359 1144 comparaveris,
1387 1069 1432 1122 si
1480 1068 1562 1120 bis
1607 1063 1770 1118 armis
1793 1073 1944 1114 com-

365 1177 600 1234 munitus
650 1185 896 1244 egressus
943 1169 1124 1231 fueris,
1167 1181 1234 1220 ne
1289 1162 1530 1217 diabolus
1574 1154 1788 1228 quidem
1833 1152 1946 1220 ipse

368 1279 549 1324 contra
579 1273 628 1320 te
675 1241 925 1328 deinceps
976 1256 1158 1312 oculos
1207 1251 1423 1308 audebit
1446 1247 1726 1312 attollere,
1753 1241 1946 1296 nedum

374 1359 618 1415 homines
665 1352 910 1422 improbi,
952 1349 1140 1419 quibus
1177 1344 1352 1399 studio
1394 1355 1514 1395 esse
1555 1335 1709 1400 solet,
1743 1343 1800 1386 ut
1824 1345 1954 1386 con-

375 1447 605 1503 tumeliis
639 1453 861 1499 caeteros
909 1448 963 1493 et
1010 1435 1287 1492 calumniis
1343 1435 1747 1502 persequantur.
1797 1420 1950 1487 Quod

377 1540 422 1593 si
467 1553 530 1592 cx
575 1534 779 1589 mdibus
818 1533 867 1584 in
919 1529 1091 1584 forum
1131 1539 1376 1595 egressus
1415 1515 1678 1590 ejusmodi
1728 1511 1956 1566 nudatus

382 1631 542 1686 armis
581 1625 886 1699 oﬂ‘endaris,
914 1622 1148 1676 omnimn
1179 1619 1265 1688 qui
1307 1627 1358 1670 te
1386 1607 1719 1668 contumeliis
1741 1603 1959 1660 infesta-

385 1727 512 1778 hunt
540 1720 689 1774 facile
727 1714 1019 1771 vincendus
1069 1711 1270 1782 patebis
1323 1703 1639 1762 incursibus.
1681 1699 1882 1755 ldcirco
1907 1705 1962 1750 et

387 1816 439 1869 in
485 1812 700 1884 privatis
729 1819 782 1863 et
811 1810 861 1861 in
893 1805 1112 1876 publicis
1151 1801 1346 1857 nostris
1373 1797 1597 1868 negoriis
1632 1805 1960 1862 nequaquam

391 1919 454 1958 ex
499 1901 660 1954 animi
691 1897 949 1954 sententia
981 1895 1134 1948 nobis
1163 1892 1328 1946 multa
1356 1886 1666 1950 succedunt,
1695 1881 1834 1952 quod
1857 1878 1965 1948 spi—

390 1993 598 2048 ritualia
629 2006 734 2044 non
761 1988 907 2058 prius
938 1985 1172 2040 studiose
1201 1979 1658 2040 aceuravcrinms,
1684 1988 1747 2029 ac
1775 1969 1967 2026 deinde

391 2081 686 2146 stccularia,
721 2079 813 2134 scd
854 2076 1094 2131 ordinem
1133 2071 1524 2126 inverterimus.
1557 2065 1756 2119 Idcirco
1809 2074 1968 2130 nego-

393 2173 588 2226 tiorum
633 2182 843 2238 quoque
883 2166 1050 2220 series
1089 2179 1152 2218 ac
1201 2172 1376 2216 rectus
1417 2157 1546 2213 ordo
1587 2153 1886 2216 invertitur,
1919 2157 1974 2204 et

394 2262 568 2318 omnia
605 2261 760 2330 plane
806 2257 1099 2312 tuzbantur.
1153 2253 1418 2320 Quantum
1459 2249 1586 2302 mihi
1644 2246 1882 2300 dolorem
1913 2258 1975 2296 ac

398 2350 692 2404 molestiam
724 2348 858 2401 inuri
895 2346 1118 2414 putatis,
1151 2359 1269 2398 cum
1299 2341 1472 2410 cogito
1494 2337 1738 2392 veniente
1761 2334 1975 2404 quidem

401 2441 536 2494 festo
573 2453 636 2493 ac
661 2437 1018 2502 solemnitate,
1069 2435 1192 2488 licet
1221 2433 1396 2486 nullus
1443 2429 1511 2482 sit
1553 2427 1642 2497 qui
1689 2434 1866 2487 vocet,
1898 2432 1980 2476 to-

404 2540 512 2591 tam
559 2543 875 2589 concurrere
912 2528 1175 2582 civitatem
1227 2539 1240 2576 :
1298 2522 1386 2576 ubi
1431 2535 1556 2574 vero
1601 2519 1790 2572 festum
1844 2515 1980 2568 sole-

405 2631 702 2698 tuuitasque
731 2625 1024 2690 transierit,
1057 2626 1166 2678 toto
1193 2615 1316 2669 licet
1345 2613 1428 2667 die
1461 2621 1858 2680 Perseveremus
1885 2619 1982 2659 nos

405 2719 796 2786 disrumpcntes
831 2724 884 2770 et
925 2729 1017 2768 vos
1049 2713 1389 2772 advocantes,
1423 2701 1623 2759 nullum
1666 2710 1840 2754 tamen
1865 2709 1984 2750 esse

407 2811 494 2880 qui
545 2807 819 2863 attendat?
871 2807 996 2860 llmc
1039 2805 1178 2859 enim
1233 2807 1598 2872 saepenumero
1645 2807 1766 2850 cum
1807 2797 1988 2848 mento

408 2916 701 2965 versarent,
751 2900 984 2970 graviter
1011 2896 1261 2966 ingemui,
1303 2903 1356 2949 et
1385 2893 1500 2947 [nec
1527 2887 1666 2960 apud
1697 2902 1784 2941 me
1827 2885 1988 2940 verba

411 2994 666 3048 faciebam
701 3009 713 3044 :
743 2989 880 3057 Quid
924 2989 1290 3044 cohortatione
1321 2984 1402 3038 vel
1433 2980 1656 3038 consilio
1686 2987 1768 3034 est
1819 2989 1986 3046 opus,

411 3100 531 3140 cum
579 3099 672 3137 vos
721 3081 1102 3137 consuetudine
1153 3085 1358 3133 tantum
1407 3085 1594 3130 cuncta
1635 3072 1856 3136 faciatis,
1891 3083 1991 3124 nec

415 3177 574 3230 ullius
599 3183 792 3229 nostra‘
815 3173 1068 3227 doctrinae
1095 3185 1254 3240 opera
1277 3168 1626 3237 promptiores
1664 3160 1991 3217 reddamini?

413 3267 546 3321 Cum
589 3267 728 3321 enim
759 3265 906 3319 festis
943 3262 1153 3332 quidem
1189 3261 1378 3316 diebus
1418 3266 1595 3312 nostra
1626 3255 2014 3311 cohortatione"

417 3356 545 3410 nihil
591 3354 884 3424 indigeatis,
935 3361 1210 3422 postquam
1259 3359 1435 3403 autem
1470 3347 1542 3401 illi
1597 3344 1990 3414 prmterierint,

419 3445 616 3500 nullam
675 3461 738 3499 ex
789 3443 1026 3498 doctrina
1084 3441 1361 3495 utilitatem
1413 3436 1749 3507 percipiatis,
1815 3448 1994 3488 nonne

420 3546 675 3605 quanttln
718 3533 930 3604 quidem
984 3533 1034 3586 in
1084 3531 1234 3587 vobis
1279 3531 1436 3584 situm
1481 3535 1592 3592 est,
1649 3525 1886 3580 inutilem
1937 3537 1998 3578 ac

419 3641 864 3696 supervacaneam
915 3623 1209 3678 orationem
1257 3629 1489 3674 nostram
1539 3617 1799 3672 redditis?

491 3718 544 3770 4.
589 3715 748 3770 Forte
778 3715 963 3780 multi,
1007 3714 1092 3782 qui
1125 3713 1239 3766 tunc
1272 3711 1508 3774 audiunt,
1539 3709 1739 3762 dolent.
1773 3706 1876 3762 Sed
1905 3720 2000 3759 nc-

421 3807 679 3876 giigentes
721 3805 790 3859 ita
839 3821 941 3858 non
999 3802 1236 3858 sentiunt
1267 3819 1278 3854 :
1305 3799 1534 3870 alioquin
1562 3799 1819 3853 incuriam
1851 3811 2001 3849 suam

421 3898 769 3966 deponerent,
801 3905 858 3950 ut
896 3909 992 3949 nos
1019 3894 1105 3963 qui
1139 3891 1373 3962 quotidie
1400 3890 1468 3944 de
1497 3888 1654 3942 rebus
1680 3887 1869 3941 vestris
1890 3885 2004 3939 sol-

425 3991 551 4043 liciti
606 4003 810 4044 sumus.
851 3987 998 4056 Quod
1045 3993 1247 4040 tantum
1295 3999 1360 4037 ex
1405 3981 1632 4052 negotiis
1661 3979 2005 4034 saecularibus

427 4082 630 4134 lucrum
693 4079 932 4147 colligis,
981 4085 1231 4147 quantum
1286 4073 1377 4127 tibi
1426 4072 1674 4125 damnum
1733 4067 2004 4124 accersis?

429 4171 568 4225 Fieri
625 4169 835 4240 nequit,
882 4177 939 4222 ut
972 4183 1037 4222 ex
1075 4167 1178 4220 alio
1203 4178 1492 4233 congressu
1529 4169 1865 4216 conventuve
1892 4166 2008 4212 tan-

429 4271 540 4315 tum
607 4262 809 4314 lucrum
863 4267 1143 4328 reportes,
1195 4265 1448 4325 quantum
1498 4269 1564 4306 ex
1627 4265 1692 4306 eo
1733 4249 1872 4320 quod
1925 4249 2010 4304 hic

431 4355 660 4408 verset-is
709 4371 720 4404 :
770 4353 880 4406 sive
919 4350 1170 4421 judiciale
1211 4348 1382 4402 forum
1438 4359 1858 4409 commemores,
1900 4343 2012 4397 sive

427 4447 652 4510 curiam,
686 4445 796 4498 sive
848 4445 1013 4512 ipsam
1071 4441 1308 4510 Regiam.
1349 4437 1464 4492 Non
1493 4438 1632 4491 enim
1664 4436 1897 4505 gentium
1925 4451 2014 4488 ur-

431 4537 684 4606 biumque
731 4537 1000 4606 regimen,
1051 4549 1224 4602 neque
1259 4532 1504 4587 ducatum
1560 4530 1890 4585 exercituum
1933 4528 2015 4582 his

432 4626 521 4695 qui
567 4625 672 4680 huc
719 4626 1084 4695 ingrediuntur
1113 4621 1512 4686 committimus,
1553 4619 1648 4675 sed
1674 4619 1834 4673 alium
1866 4619 2016 4688 prin-

433 4722 668 4789 cipatum
690 4721 1046 4790 augustiorem
1072 4719 1185 4787 ipso
1203 4731 1367 4786 regno
1402 4733 1414 4768 :
1447 4713 1532 4769 vel
1558 4713 1733 4784 potius
1750 4727 1854 4767 non
1872 4726 2019 4765 com-

435 4811 698 4864 mittimus
723 4825 839 4875 nos,
896 4809 988 4863 sed
1039 4808 1266 4876 Spiritus
1305 4805 1492 4875 gratia.

509 4902 587 4956 De
609 4903 786 4973 quibus
815 4903 960 4956 rebus
981 4903 1290 4954 instruamur
1315 4900 1396 4968 qui
1425 4897 1652 4951 contioni
1681 4897 2020 4950 intersunt.—

433 4995 692 5062 Quisuam
724 4995 882 5064 igitur
905 5001 987 5049 est
1015 4993 1156 5062 regia
1183 4999 1442 5061 potestate
1467 4989 1737 5059 augustior
1759 4987 2022 5056 principa-

437 5095 560 5152 tus,
595 5101 754 5154 quem
785 5085 1149 5156 adipiscuntur
1190 5084 1278 5152 qui
1321 5083 1424 5137 huc
1465 5079 1874 5150 ingrediuntur?
1919 5080 2022 5136 Do-.

439 5187 628 5230 cuntur
656 5176 902 5230 absurdis
933 5175 1266 5245 passioitihus
1293 5173 1556 5242 imperare
1581 5211 1597 5238 ,
1633 5185 1823 5240 pravas
1853 5169 2025 5224 libidi-

439 5283 536 5322 nes
566 5282 752 5337 rcgerc
777 5309 791 5334 ,
825 5267 956 5321 iram
984 5264 1244 5319 moderari
1271 5306 1285 5331 ,
1316 5263 1564 5318 invidiam
1593 5262 1838 5331 subigere
1862 5301 1877 5324 ,
1907 5260 2024 5314 ina-

443 5375 563 5413 nem
617 5360 842 5428 gloriam
893 5360 944 5411 in
992 5357 1301 5412 servitutem
1341 5355 1603 5424 redigere.
1645 5353 1760 5408 Non
1809 5352 2028 5422 perinde

441 5449 788 5505 veneratione
817 5449 1007 5518 dignus
1037 5457 1118 5502 est
1161 5447 1452 5516 Imperator
1477 5446 1528 5499 in
1575 5445 1721 5514 regio
1745 5444 2030 5498 considens

337 5619 347 5624 _
440 5541 574 5594 solio
593 5553 646 5596 et
671 5539 974 5594 diademate
1003 5537 1276 5593 redimitus
1302 5578 1316 5602 ,
1346 5545 1504 5606 atque
1532 5535 1691 5590 homo
1715 5576 1729 5597 ,
1752 5535 1839 5603 qui
1871 5533 2032 5587 ratio-

443 5645 564 5684 nem
607 5631 658 5684 in
698 5631 889 5684 solium
921 5629 1220 5684 dominatus
1251 5628 1518 5683 servilium
1549 5626 1855 5697 passionum
1901 5624 2028 5678 sub-

443 5723 625 5785 vehit,
659 5729 714 5776 et
756 5719 980 5789 imperio
1009 5759 1024 5786 ,
1056 5717 1194 5788 quod
1241 5717 1292 5771 in
1343 5717 1457 5771 illas
1483 5722 1732 5780 exercet,
1763 5721 2028 5784 tamquam

445 5815 722 5883 splendido
752 5813 981 5884 quodam
1014 5810 1309 5867 revinctum
1337 5817 1494 5881 caput
1521 5806 1678 5864 habet
1703 5805 2021 5863 diademate.

1235 409 1300 465 IN
1343 405 1564 471 ILLUD,
1607 400 1666 457 SI
1707 389 2074 454 ESURIERIT
2106 384 2424 452 lNlMl’CUS,
2467 378 2620 437 ETC;

3513 356 3616 412 I78

2038 502 2178 572 Quid
2206 501 2349 557 enim
2377 539 2396 565 ,
2422 507 2603 568 qumso
2625 533 2644 562 ,
2671 487 2886 562 prodest
2915 495 3145 554 purpura
3173 520 3188 546 ,
3217 489 3393 532 aurea:
3417 479 3618 538 vestes,

2037 605 2091 650 et
2120 605 2315 648 corona
2341 593 2604 658 gemmata
2628 561 2646 647 ί,
2668 561 2880 651 quando
2903 573 3206 646 passionum
3232 565 3437 638 captiva
3465 561 3624 616 fuerit

2039 684 2214 738 anima
2235 679 2259 734 Τ
2283 676 2428 750 quod
2453 691 2517 731 ex
2547 675 2646 729 ista
2673 681 2893 727 externa
2932 665 3176 720 libertate
3216 659 3423 713 lucrum
3457 652 3624 708 obve-

2043 774 2124 830 nit
2151 814 2164 838 ,
2196 741 2409 842 quando
2438 765 2490 821 id
2521 762 2663 834 quod
2692 762 2743 816 in
2774 758 2926 816 nobis
2961 752 3292 824 potissimum
3335 753 3419 800 est
3439 784 3456 811 ,
3487 741 3628 810 turpi

2043 880 2107 919 ac
2133 831 2424 918 miserabili
2453 831 2692 926 subjacet
2712 845 2993 907 servituti?
3021 843 3154 900 Nam
3181 831 3630 910 quemadmodum

2045 970 2168 1010 cum
2195 951 2360 1008 febris
2385 949 2452 1004 ad
2495 944 2748 1002 interiora
2791 944 3068 1012 penetrat,
3115 939 3170 988 et
3208 931 3410 984 viscera
3453 921 3632 978 omnia

2049 1045 2322 1108 incendit,
2354 1041 2488 1096 nihil
2523 1037 2676 1093 nobis
2716 1031 2971 1104 prodest,
3021 1027 3066 1081 si
3113 1022 3358 1093 superior
3395 1015 3639 1084 corporis

2055 1105 2365 1206 superficies
2395 1129 2525 1185 nihil
2559 1127 2662 1182 tale
2691 1125 2918 1196 patiatur
2949 1137 2962 1174 :
2995 1119 3065 1173 ita
3104 1115 3230 1170 dum
3265 1109 3418 1165 nobis
3457 1105 3634 1160 anima

2055 1225 2400 1284 interioribus
2441 1219 2754 1276 distrahitur
2799 1208 3134 1285 passionibus
3159 1246 3173 1272 ,
3221 1201 3353 1258 nihil
3385 1207 3640 1254 externus

2057 1318 2384 1390 principatus
2407 1313 2556 1384 juvat
2581 1351 2596 1377 ,
2631 1324 2698 1364 ne
2725 1307 2896 1377 ipsum
2927 1301 3140 1373 quidem
3169 1294 3374 1366 regium
3401 1289 3592 1346 solium
3624 1326 3636 1348 ,

2057 1426 2178 1465 cum
2207 1409 2416 1462 animus
2445 1403 2677 1459 violento
2723 1399 2920 1468 impetu
2944 1409 2974 1448 a
3003 1388 3335 1462 passionibus
3361 1383 3426 1438 de
3453 1382 3653 1436 throno

2062 1504 2207 1574 regio
2253 1499 2561 1555 devolvatur
2600 1503 2654 1550 et
2697 1492 2835 1546 ultro
2882 1502 2941 1542 se
2993 1483 3304 1543 submittat,
3357 1485 3650 1542 earumque

2061 1567 2289 1651 rebelles
2341 1589 2566 1646 iusuitus
2617 1577 2997 1655 pertimescat?
3048 1572 3198 1642 Quod
3251 1585 3318 1655 ne
3375 1567 3500 1630 fiat,
3551 1579 3650 1616 un-

2066 1681 2225 1751 dique
2275 1675 2547 1748 prepltela:
2593 1649 2920 1725 concurrunt
2963 1669 3018 1716 et
3065 1653 3330 1728 apostoli,
3382 1649 3656 1721 passiones

2071 1781 2276 1826 nostras
2307 1765 2646 1836 reprimunt,
2677 1771 2890 1812 omnem
2925 1749 3188 1822 appetitus
3217 1741 3436 1800 rationis
3461 1751 3654 1806 exper-

2070 1866 2136 1918 tis
2162 1833 2420 1918 feritatein
2451 1873 2479 1912 a
2511 1855 2664 1910 nobis
2683 1848 2970 1906 amandant
2992 1887 3008 1913 ,
3031 1853 3086 1899 et
3111 1839 3278 1896 multo
3297 1833 3658 1906 augustiorem

2075 1972 2242 2026 regno
2271 1951 2621 2023 principatum
2654 1943 2806 2000 nobis
2838 1937 3194 1995 committunt.
3242 1929 3352 1984 llac
3392 1926 3458 1981 de
3501 1937 3662 1978 causa

2075 2012 2314 2106 dicebam
2345 2012 2477 2108 eos,
2505 2039 2595 2110 qui
2623 2038 2722 2091 hac
2745 2028 3099 2090 sollicitudine
3132 2039 3192 2079 se
3227 2021 3434 2093 privant
3459 2058 3474 2082 ,
3503 2012 3666 2068 letale

2078 2139 2180 2194 sibi
2209 2137 2398 2192 vulnus
2426 2132 2663 2201 inﬂigere
2689 2169 2701 2194 ,
2733 2141 2793 2180 ac
2819 2129 3020 2178 tantum
3050 2130 3241 2186 capere
3261 2110 3663 2171 detrimentum,

2081 2229 2332 2304 quantum
2365 2226 2470 2281 ulla
2500 2225 2604 2277 alia
2632 2238 2694 2276 ex
2723 2226 2871 2290 parte
2913 2227 3108 2284 capere
3152 2211 3423 2278 nequeunt
3449 2220 3462 2256 :
3493 2215 3662 2271 quau—

2081 2295 2364 2394 doquidem
2391 2327 2444 2374 et
2467 2315 2558 2388 qui
2585 2317 2686 2368 huc
2713 2307 2936 2380 ingressi
2968 2305 3162 2360 fuerint
3186 2343 3198 2368 ,
3227 2295 3488 2369 ejusmodi
3516 2309 3663 2364 qua:-

2085 2388 2222 2468 stuin
2255 2411 2450 2466 faciunt
2474 2450 2490 2476 ,
2511 2406 2719 2479 qualem
2749 2399 2961 2455 aliunde
2988 2399 3158 2451 facere
3183 2391 3328 2446 mtllo
3359 2388 3516 2443 modo
3543 2398 3668 2456 pos-

2086 2512 2251 2559 sent:
2297 2499 2436 2570 quod
2487 2477 2543 2553 et
2590 2497 2702 2565 ipsa
2751 2489 3016 2546 sermonis
3055 2486 3222 2542 series
3267 2477 3670 2536 demonstravit.

2091 2594 2211 2648 Non
2235 2567 2501 2663 apparebis
2530 2589 2580 2642 iu
2610 2594 2878 2655 conspectu
2909 2579 3113 2633 Domini
3135 2571 3361 2641 vacuus(
3391 2568 3555 2624 Exod.
3581 2567 3673 2622 25.

2090 2686 2158 2741 15
2183 2684 2224 2757 ),
2253 2682 2426 2736 aiebat
2450 2681 2535 2735 lex
2565 2698 2577 2733 :
2613 2680 2714 2733 hoc
2737 2684 2856 2741 est,
2886 2672 3087 2739 absque
3131 2664 3406 2722 sacrificiis
3446 2677 3552 2716 non
3593 2663 3676 2714 iu-

2093 2786 2286 2831 trocas.
2319 2771 2468 2841 Quod
2499 2771 2543 2826 si
2585 2769 2785 2838 absque
2814 2761 3086 2820 sacrificiis
3115 2759 3170 2814 in
3198 2757 3414 2812 domum
3447 2753 3540 2807 Dei
3574 2766 3680 2804 non

2092 2879 2172 2930 est
2199 2863 2600 2942 ingrediendum
2627 2903 2642 2928 ,
2675 2859 2841 2914 multo
2867 2854 3033 2925 magis
3059 2852 3124 2906 ad
3150 2849 3400 2905 collectas
3427 2859 3547 2899 cum
3577 2842 3683 2896 fra-

2097 2931 2400 3019 tribus'non
2427 2963 2514 3014 εει
2543 2948 2892 3006 intrandum:
2937 2944 3133 3015 quippe
3178 2937 3496 2994 sacrificium
3541 2931 3685 2989 istud

2099 3055 2195 3109 illo
2225 3052 2415 3108 melius
2441 3059 2522 3104 est
2545 3089 2559 3114 ,
2591 3051 2640 3101 et
2671 3038 2907 3108 oblatio,
2931 3049 3052 3090 cum
3079 3031 3314 3086 animum
3341 3035 3514 3082 tecum
3541 3023 3685 3092 acci-

2099 3146 2249 3215 piens
2291 3143 2561 3212 ingressus
2603 3135 2784 3191 fueris.
2825 3133 2940 3188 Non
2981 3125 3170 3190 videtis
3211 3121 3524 3185 columbas,
3563 3134 3686 3188 quae

2103 3211 2375 3293 instructa:
2402 3231 2618 3287 fuerunt
2644 3271 2658 3294 ,
2691 3243 2797 3298 quo
2825 3235 2975 3297 pacto
3011 3223 3242 3290 reliquas
3270 3230 3498 3288 egressm
3529 3211 3686 3284 pelli.-

2099 3329 2242 3385 ciant
2269 3335 2323 3382 et
2349 3321 2652 3381 venentur?
2681 3319 2792 3374 Hoc
2834 3331 2929 3372 nos
2971 3327 3180 3384 quoque
3223 3304 3686 3371 faciamus..Qua:-

2103 3435 2224 3474 nam
2254 3419 2395 3472 enim
2431 3413 2640 3468 tandem
2669 3407 2943 3465 excusatio
2973 3405 3173 3472 reliqua
3205 3401 3342 3462 erit,
3376 3411 3498 3451 cum
3527 3393 3690 3450 ratio-

2103 3511 2185 3564 nis
2215 3517 2462 3578 expertes
2492 3503 2792 3556 animantes
2819 3498 2948 3551 alias
2977 3493 3216 3564 ejusdem
3260 3487 3469 3560 generis
3511 3484 3691 3546 venari

2104 3600 2348 3672 possint,
2381 3610 2479 3650 nos
2519 3603 2700 3648 autem
2729 3589 2933 3644 ratione
2965 3596 3213 3652 tantaque
3237 3579 3494 3650 sapientia
3535 3589 3693 3632 exon:-

2109 3693 2217 3745 nati
2249 3689 2408 3744 talem
2444 3693 2717 3755 capturum
2749 3679 3079 3749 negligamus
3098 3675 3121 3728 ?
3141 3669 3412 3742 Superiori
3438 3665 3696 3726 concione

2109 3799 2202 3838 vos
2231 3784 2282 3836 in
2311 3781 2424 3834 hmc
2451 3777 2612 3832 verba
2655 3773 2965 3828 cohortatus
3009 3782 3126 3822 sum
3152 3806 3166 3832 ,
3212 3760 3573 3830 unusquisque
3603 3772 3697 3811 ve.-

2110 3883 2278 3930 strum
2311 3870 2375 3925 ad
2409 3865 2639 3940 proximi
2668 3863 2896 3925 domum,
2919 3859 3118 3930 pergite
3144 3897 3158 3922 ,
3188 3860 3442 3912 exeuntes
3473 3858 3697 3920 praesto.-

2111 3962 2288 4018 lamini
2315 4003 2330 4028 ,
2381 3955 2936 4029 prehenditeLatque
2980 3948 3046 4002 ad
3090 3955 3428 4004 communem
3473 3946 3722 3994 matrem.

2111 4054 2356 4110 adducite
2391 4071 2403 4106 :
2433 4050 2653 4120 illosque
2679 4045 2766 4116 qui
2794 4045 2845 4098 in
2875 4037 3176 4112 spectacula
3205 4036 3532 4090 theatrorum
3561 4030 3704 4084 insa-

2115 4149 2270 4203 niunt
2296 4142 2573 4200 imitamini
2601 4183 2615 4206 ,
2646 4140 2735 4216 qui
2763 4148 2972 4192 summo
3001 4129 3175 4186 studio
3217 4125 3368 4198 quasi
3406 4121 3730 4191 composito.

2116 4239 2255 4294 inter
2283 4252 2340 4292 se
2371 4234 2580 4318 agmine
2603 4274 2617 4298 ,
2647 4209 2766 4284 cum
2807 4226 2977 4298 prima
3021 4223 3141 4277 lucc
3165 4218 3232 4277 ad
3274 4215 3532 4275 nefarium
3576 4209 3726 4266 ilhul.

2116 4302 2478 4404 spcctaculuvm
2525 4323 2885 4383 contuendum
2927 4321 3258 4387 exspectant.
3313 4311 3380 4366 At
3431 4305 3567 4367 nihil
3617 4302 3730 4364 illa.

2119 4433 2303 4480 nostra
2331 4418 2701 4476 cohortatione
2723 4411 3104 4484 promovimus.
3131 4405 3332 4462 ldeirco
3361 4415 3540 4456 rursus
3564 4395 3708 4458 dico,

2119 4529 2292 4586 neque
2317 4511 2496 4576 dicere
2525 4507 2786 4568 desinam,
2809 4502 2980 4556 donec
3009 4508 3345 4568 persuascro.
3371 4489 3512 4550 Nihil
3543 4486 3705 4559 prode

2121 4615 2204 4662 est
2246 4599 2562 4658 auscultatio
2587 4639 2601 4663 ,
2634 4594 2735 4649 nisi
2763 4592 2906 4647 illam
2935 4589 3074 4644 actio
3114 4585 3414 4641 comitetur.
3449 4580 3558 4634 lmo
3583 4592 3716 4638 vero

2124 4697 2419 4769 graviorem
2464 4691 2616 4746 nobis
2657 4701 2868 4758 poenam
2914 4681 3176 4744 accersit,
3218 4693 3338 4732 cum
3376 4672 3572 4731 eadem
3609 4669 3717 4725 frc-

2124 4797 2352 4860 qnenter
2377 4783 2654 4837 audientes
2679 4819 2693 4845 ,
2727 4776 2857 4832 nihil
2886 4789 3070 4830 eormn
3098 4779 3454 4844 praestamus,
3485 4777 3610 4834 quae
3630 4759 3718 4815 di-

2125 4888 2338 4935 cuntur.
2376 4875 2442 4929 Et
2481 4889 2608 4927 vero
2650 4869 2822 4940 majus
2861 4863 3178 4934 supplicium
3221 4857 3560 4918 imminerc,_
3590 4851 3715 4906 audi

2127 4988 2234 5043 quo
2264 4978 2416 5040 pacto
2447 4965 2689 5020 Christus
2717 4958 2912 5014 indicet
2942 4975 2954 5010 :
2999 4954 3060 5010 Si
3094 4969 3192 5010 non
3221 4949 3460 5005 venissem
3485 4985 3499 5009 ,
3545 4951 3590 4998 et
3635 4944 3716 4996 lo-

2129 5077 2314 5140 quutus
2342 5062 2546 5132 fuissem
2579 5057 2648 5110 cis
2673 5095 2688 5121 ,
2717 5059 2977 5123 peccatum
3003 5061 3105 5102 non
3127 5045 3366 5100 [iuberent
3395 5055 3413 5094 :
3449 5053 3582 5093 nunc
3627 5051 3722 5088 au-

2134 5169 2230 5212 tem
2257 5152 2628 5208 excusationem
2655 5162 2755 5200 non
2782 5141 2964 5196 habent
2983 5140 3048 5194 de
3069 5142 3271 5208 peccato
3295 5150 3386 5186 sua
3408 5129 3426 5200 (
3446 5129 3602 5182 Joan.
3630 5127 3717 5180 15.

2131 5251 2203 5304 2?.
2230 5252 2269 5319 );
2301 5256 2358 5302 ct
2385 5241 2655 5314 apostolus
2687 5236 2885 5310 pariter
2913 5255 2926 5290 :
2970 5229 3094 5288 Non
3127 5227 3258 5282 enim
3300 5224 3556 5277 auditores
3597 5216 3724 5287 legis

2126 5307 2390 5414 justitiam
2418 5307 2554 5408 apud
2587 5307 2783 5395 Deum,
2811 5328 2900 5383 sed
2944 5327 3158 5395 factores
3195 5318 3320 5388 legis
3355 5307 3720 5386 justiﬁcabuu—

2135 5399 2217 5491 iur
2246 5435 2264 5506 (
2291 5399 2518 5488 Rana").
2555 5425 2685 5496 ts).
2732 5425 2874 5491 Atqu
2945 5416 3013 5470 ad
3051 5411 3319 5466 auditores
3364 5401 3578 5473 quidem
3620 5399 3720 5453 ista

2136 5529 2382 5582 dicuntur
2414 5541 2424 5575 :
2458 5521 2640 5576 volens
2664 5523 2839 5569 autem
2864 5507 3292 5564 concionatorem
3323 5497 3493 5567 ipsum
3521 5491 3718 5546 docere

2139 5635 2204 5672 ne
2235 5617 2332 5687 ipsi
2360 5611 2570 5682 quidem
2603 5607 2762 5662 ullam
2793 5617 2863 5658 ex
2892 5598 3127 5654 doctrina
3155 5635 3170 5662 ,
3219 5605 3374 5662 quam
3423 5580 3722 5641 communi-

2138 5718 2222 5768 eat
2249 5751 2261 5774 ,
2293 5706 2569 5761 utilitatem
2596 5714 2714 5753 esse
2741 5695 3088 5750 obventuram
3114 5726 3129 5752 ,
3175 5684 3218 5738 si
3257 5675 3718 5738 conversationem

2142 5817 2270 5856 cum.
2287 5797 2522 5854 doctrina
2547 5807 2650 5847 non
2683 5787 2872 5845 habeat
2897 5781 3192 5854 copulatam
3219 5817 3234 5844 ,
3261 5781 3317 5830 et
3337 5773 3500 5830 vitam
3526 5775 3721 5822 conve-
