4060 6252
374 330 474 383 179

371 443 607 503 trientem
650 444 911 508 orationi,
953 441 1072 496 audi
1114 456 1218 513 quo
1253 447 1407 510 pacto
1447 436 1718 512 apostolus
1744 445 1795 492 et
1824 450 1950 508 pro-

374 532 531 602 pheta
563 534 614 586 in
643 533 787 586 illum
814 532 1146 587 invehantur.
1177 530 1306 585 Nam
1335 529 1421 585 hic
1460 528 1671 600 quidem
1714 528 1793 583 sic
1830 527 1904 585 ait
1931 543 1948 585 :

383 623 636 681 Peccatori
668 633 832 677 autem
858 623 985 676 dixit
1016 621 1150 683 Deus
1179 638 1198 676 :
1222 622 1390 690 Quare
1416 631 1467 674 tu
1498 637 1702 675 enarra:
1726 618 1953 693 jnstilias

376 730 512 767 meas
533 753 548 779 ,
583 722 628 768 et
657 714 870 767 assumis
907 714 1453 767 testamentum'meum
1488 728 1575 781 per
1609 726 1664 765 os
1696 700 1832 764 tuum
1857 750 1874 776 ,
1901 718 1954 763 tu

377 822 489 862 vero
516 805 665 858 odisti
694 806 1013 874 disciplinam
1046 802 1230 878 (i’sal.
1262 803 1349 858 49.
1384 804 1470 858 l6.
1503 802 1563 857 l7
1589 802 1634 871 )?
1671 800 1956 871 Apostolus

376 907 552 953 autem
584 910 702 950 cum
735 896 785 950 in
816 896 1033 958 eosdem
1064 896 1193 959 istos
1221 893 1700 962 rursusinveliitur
1723 934 1735 956 ,
1765 891 1856 962 qui
1887 890 1955 946 ob

378 985 673 1045 doctrinam
713 986 992 1055 magnifice
1029 986 1097 1040 de
1143 1000 1201 1040 se
1240 988 1474 1039 sentiunt
1498 1024 1513 1053 ,
1558 983 1631 1039 ita
1677 982 1957 1052 loquitur:

381 1076 606 1143 Conﬁdis
638 1078 848 1148 leipsum
879 1094 983 1144 esse
1005 1078 1181 1146 ducem
1205 1092 1450 1136 ocrearum
1474 1117 1489 1141 ,
1534 1076 1704 1129 lumen
1749 1089 1920 1127 eorum
1940 1112 1955 1133 .

379 1168 465 1237 qui
509 1168 560 1221 in
596 1167 808 1221 tenebris
842 1177 957 1222 srmt
981 1210 996 1234 ,
1038 1167 1337 1221 eruditorenr
1375 1165 1753 1237 insipientium,
1801 1163 1960 1234 magi-

382 1262 539 1321 strum
570 1259 857 1329 infantium.
897 1260 999 1327 Qui
1036 1275 1154 1330 ergo
1197 1260 1354 1312 alium
1392 1260 1566 1323 doces,
1612 1257 1821 1328 teipsurn
1862 1272 1960 1309 non

384 1350 532 1412 doces
560 1349 749 1422 (Rom.
783 1350 835 1404 2.
873 1351 1107 1420 19-21)?

454 1440 679 1496 Lectioni
707 1442 996 1511 Scriptum,
1015 1442 1272 1495 addantur
1294 1441 1423 1495 bona
1446 1456 1615 1510 Opera.
1647 1469 1719 1479 -—-
1741 1436 1962 1503 Quando

384 1532 544 1604 igitur
583 1549 756 1603 neque
800 1534 929 1587 mihi
968 1534 1055 1602 qui
1091 1533 1250 1599 dico,
1279 1532 1533 1602 prodesse
1577 1539 1785 1600 potest,
1824 1526 1964 1597 quod

385 1624 547 1682 verba
580 1622 763 1679 faciam
796 1664 810 1689 ,
844 1639 1013 1692 neque
1039 1622 1188 1677 vobis
1215 1622 1547 1677 audientibus
1571 1663 1584 1686 ,
1624 1620 1762 1690 quod
1786 1618 1967 1673 audia-

389 1716 456 1771 tis
480 1756 494 1780 ,
530 1715 626 1769 nisi
671 1715 826 1769 dictis
873 1716 1266 1785 obtemperetur
1288 1755 1305 1780 ,
1332 1714 1424 1769 sed
1459 1722 1512 1768 et
1564 1713 1728 1781 magis
1765 1710 1964 1766 conde-

388 1814 537 1867 mnat
565 1823 577 1858 :
611 1820 677 1861 ne
706 1805 819 1875 sola
856 1805 1123 1861 auditione
1155 1813 1305 1858 tenus
1325 1804 1554 1859 studium
1585 1802 1926 1857 exliibeamus
1950 1839 1964 1862 ,

389 1894 482 1950 sed
532 1894 779 1965 cperibus
828 1896 987 1961 etiam
1036 1911 1096 1949 ea
1143 1910 1260 1966 quae
1306 1893 1552 1948 dicuntur
1599 1893 1961 1947 observemus.

390 1989 594 2049 Bonum
626 1987 839 2056 quidem
889 1996 971 2043 est
1010 1987 1274 2042 assiduam
1319 2001 1593 2040 sacrorum
1639 1984 1966 2051 el0quiorum

390 2079 645 2144 anditioni
667 2094 880 2149 operam
903 2079 1028 2132 dare
1052 2095 1067 2143 ;
1092 2077 1185 2132 sed
1205 2088 1257 2132 et
1285 2079 1384 2132 hoc
1415 2078 1611 2131 bonum
1634 2075 1815 2129 inutile
1846 2072 1968 2128 red-

390 2167 534 2233 ditur
556 2210 570 2233 ,
600 2170 642 2223 si
671 2169 1007 2237 conjunctam
1036 2170 1315 2223 utilitatem
1346 2184 1449 2229 non
1480 2168 1669 2222 habeat
1693 2207 1707 2232 ,
1732 2158 1867 2235 quae
1906 2179 1972 2218 ex

392 2258 694 2314 obedi‘eutia
721 2242 974 2314 nascitur.
1002 2259 1079 2315 Ne
1103 2260 1263 2330 igitur
1292 2258 1376 2313 hic
1402 2257 1595 2313 frustra
1623 2255 1968 2320 cenveniatis,

394 2350 537 2404 omni
566 2350 740 2404 studio
765 2391 781 2419 ,
810 2350 955 2420 quod
980 2366 1008 2403 a
1052 2352 1203 2405 vobis
1239 2350 1483 2421 precibus
1513 2364 1652 2418 saepe
1682 2346 1928 2411 contendi
1953 2387 1968 2413 ,

395 2454 567 2508 neque
595 2440 919 2501 contendere
948 2440 1188 2496 desinam
1214 2483 1228 2508 ,
1267 2439 1455 2495 fratres
1499 2438 1651 2494 nobis
1687 2437 1930 2492 adducite
1955 2477 1970 2503 ,

396 2532 749 2590 cohortamiui
778 2542 1016 2587 errantes
1044 2575 1058 2597 ,
1089 2534 1367 2588 consilium
1394 2533 1515 2586 date
1542 2548 1645 2585 non
1675 2531 1835 2584 verbo
1862 2540 1976 2584 tan-

396 2630 507 2683 tum
534 2663 549 2687 ,
590 2621 684 2675 sed
731 2622 889 2683 etiam
928 2638 1110 2693 opere.
1153 2622 1317 2691 Major
1349 2631 1429 2676 est
1459 2622 1552 2675 ista
1582 2620 1821 2675 doctrina
1861 2636 1976 2690 quae

397 2713 637 2781 moribus
665 2754 679 2780 ,
709 2727 826 2781 quae
856 2713 1256 2767 conversatione
1285 2713 1570 2782 profertur.
1603 2712 1716 2767 Etsi
1746 2711 1871 2764 nihil
1898 2711 1974 2766 di‘

399 2817 489 2868 cas
509 2842 528 2870 ,
558 2804 601 2856 si
631 2812 831 2859 tantum
859 2819 1019 2858 exeas
1044 2820 1073 2859 c
1098 2804 1319 2859 collecta
1346 2847 1358 2870 ,
1401 2815 1452 2859 et
1496 2814 1711 2858 externa
1758 2804 1935 2873 specie
1960 2846 1973 2871 ,

401 2903 617 2965 aspectu
642 2937 657 2961 ,
690 2910 821 2950 voce
844 2938 860 2963 ,
885 2896 1126 2960 incessu,
1155 2906 1207 2950 ct
1235 2905 1339 2950 tota
1370 2896 1569 2965 reliqua
1598 2896 1835 2950 modesta
1857 2911 1975 2950 cor-

403 2986 548 3055 poris
574 2986 958 3056 compositione
984 2989 1185 3041 lucrum
1212 3029 1227 3054 ,
1272 2987 1409 3057 quod
1454 2987 1576 3041 hinc
1616 3001 1863 3057 egressus
1900 2997 1978 3040 te—

402 3091 522 3131 cum
550 3078 775 3132 retulisti
800 3119 815 3143 ,
847 3078 1097 3132 ostendas
1123 3078 1426 3143 hominibus
1451 3121 1465 3145 ,
1495 3079 1579 3149 qui
1609 3080 1846 3135 collecta:
1875 3094 1978 3132 non

403 3165 794 3233 interfuerunt,
824 3168 888 3221 ad
918 3169 1336 3223 cohor-tationcnr
1364 3178 1415 3222 et
1444 3170 1721 3223 consilium
1754 3169 1801 3222 id
1830 3169 1980 3223 suffi-

405 3256 497 3309 cit.
527 3254 618 3309 Sic
645 3258 785 3309 enim
814 3256 991 3325 egredi
1021 3272 1116 3309 nos
1140 3257 1261 3310 hinc
1284 3267 1492 3325 Oportet
1516 3297 1530 3322 ,
1555 3258 1700 3327 quasi
1727 3274 1791 3315 ex
1819 3259 1982 3312 sacris

406 3346 582 3415 adytis
610 3386 625 3410 ,
670 3347 817 3415 quasi
844 3346 911 3399 de
939 3346 1070 3401 ca-lo
1094 3347 1336 3416 delapsos
1358 3389 1372 3412 ,
1421 3348 1769 3403 modestiores
1810 3347 1985 3403 reddi.

406 3446 490 3491 tos
516 3477 530 3499 ,
566 3434 998 3506 plril050plrantrs
1019 3479 1033 3502 ,
1077 3438 1348 3492 moderate
1374 3453 1435 3493 ac
1467 3448 1754 3507 temperate
1793 3449 1982 3494 cuncta

407 3525 658 3582 facientes
686 3541 749 3591 ac
773 3527 1010 3581 dicentes
1036 3545 1046 3579 :
1077 3537 1129 3582 et
1157 3543 1290 3582 uxor
1320 3529 1564 3583 maritum
1596 3547 1624 3580 a
1655 3530 1875 3584 collecta
1904 3546 1988 3585 re-

411 3616 689 3679 cedentem
717 3618 902 3673 videus
929 3660 943 3685 ,
977 3628 1030 3672 et
1061 3618 1225 3673 filium
1259 3629 1405 3687 pater
1429 3660 1444 3683 ,
1487 3629 1539 3673 et
1576 3630 1775 3689 patrem
1810 3619 1947 3673 filius
1968 3661 1983 3685 ,

407 3718 464 3762 et
487 3708 760 3762 dominum
787 3724 969 3764 servus
995 3752 1009 3775 ,
1038 3719 1091 3764 et
1118 3710 1343 3777 amicum
1371 3711 1574 3771 amicus
1599 3754 1611 3775 ,
1642 3724 1695 3766 et
1719 3712 1988 3766 inirnicnrn

413 3800 655 3855 inimicus
679 3840 695 3873 ,
720 3816 906 3855 omnes
933 3802 1168 3856 utilitatis
1197 3816 1408 3856 sensum
1438 3803 1647 3875 capiant
1670 3844 1685 3869 ,
1728 3820 1883 3873 quam
1924 3819 1990 3858 ex

416 3893 516 3955 hoc
545 3903 804 3951 conventu
828 3894 1212 3963 l‘Cj‘Ol‘LtVimllS
1236 3911 1248 3946 :
1274 3894 1483 3963 Capictrl
1508 3904 1681 3948 autem
1707 3935 1721 3957 ,
1748 3895 1791 3948 si
1818 3893 1990 3948 mitio-

414 3999 523 4051 res,
546 3985 589 4038 si
618 3985 982 4053 patientiures,
1007 3985 1050 4037 si
1084 3985 1438 4054 religiosiores
1477 3998 1571 4037 vos
1613 3983 1780 4041 factos
1816 3984 1988 4037 anim-

414 4075 710 4129 advertant.
765 4074 942 4143 Cugita
1002 4074 1195 4142 quibus
1252 4075 1518 4143 mysteriis
1579 4073 1838 4128 interesse
1902 4073 1991 4127 tibi

413 4165 595 4219 datum
629 4165 736 4229 sit,
770 4164 859 4231 qui
906 4164 1139 4215 initiatus
1182 4178 1238 4215 es
1263 4200 1285 4237 ,ν
1323 4178 1441 4216 curri
1479 4163 1667 4230 quibus
1713 4178 1800 4232 my
1832 4163 1992 4218 ticum

418 4254 564 4308 illum
591 4259 804 4306 cantum
834 4251 1026 4306 offeras
1049 4292 1062 4314 .
1107 4267 1225 4315 cum
1253 4253 1442 4322 quibus
1487 4262 1567 4314 ter
1606 4264 1846 4307 sanetum
1892 4254 1989 4326 by-

418 4360 605 4400 mnurn
639 4344 967 4413 pronunties.
1010 4343 1148 4399 Doce
1175 4345 1438 4414 profanos,
1473 4354 1522 4399 te
1563 4363 1681 4401 cum
1714 4347 1993 4416 Scraphim

417 4437 642 4495 choreas
666 4435 894 4506 agitasse
918 4477 933 4502 ,
963 4445 1013 4490 te
1038 4434 1104 4494 ad
1131 4436 1400 4492 etelestenr
1425 4438 1673 4508 populum
1707 4440 1992 4509 pertinere,

417 4537 471 4583 te
518 4528 569 4582 in
610 4527 832 4599 chorum
876 4530 1182 4600 angelorum
1224 4530 1547 4600 adscriptum
1591 4546 1749 4600 esse,
1781 4540 1831 4588 te
1874 4548 1994 4587 cum

419 4621 647 4683 Domino
674 4621 1036 4695 colloquutum
1064 4638 1181 4679 esse
1204 4664 1219 4689 ,
1253 4632 1301 4678 le
1331 4640 1448 4678 cum
1476 4596 1688 4679 Christo
1719 4642 1835 4681 esse
1863 4644 1995 4682 con-

415 4726 679 4782 gressum.
711 4711 768 4767 Si
807 4728 905 4767 nos
940 4714 1011 4768 ita
1049 4716 1502 4784 composuerimus
1525 4757 1541 4785 ,
1586 4718 1717 4772 nihil
1759 4721 1998 4777 oratione

417 4817 552 4871 opus
593 4803 699 4867 erit
742 4818 865 4874 erga
910 4804 1062 4871 illos,
1099 4806 1185 4876 qui
1227 4823 1330 4861 non
1374 4806 1763 4876 interfuerunt,
1810 4811 1902 4867 sed
1932 4828 1997 4883 ex

414 4891 656 4964 profectu
697 4905 882 4951 nostro
922 4895 1185 4967 jacturam
1231 4914 1382 4955 suam
1426 4900 1850 4957 animadverterit
1881 4946 1895 4973 ,
1945 4915 1999 4960 et

415 4983 696 5041 confestim
724 4997 999 5044 occurrent
1027 5027 1044 5055 ,
1075 4996 1130 5042 ut
1173 4989 1360 5045 iisdem
1400 4992 1694 5046 commodis
1721 4998 1997 5067 perfruan-

421 5085 526 5129 tur.
558 5074 691 5132 Cum
716 5079 856 5131 enim
882 5079 1070 5132 anima:
1094 5091 1281 5134 vestrm
1309 5082 1753 5149 pulchritudinem
1776 5101 1839 5149 ex
1868 5087 1998 5157 ipsis

421 5165 667 5221 sensibus
694 5167 920 5222 viderint
950 5169 1269 5224 relucentem
1296 5213 1311 5235 ,
1340 5172 1465 5227 licet
1491 5175 1727 5231 omnium
1756 5178 1861 5231 sint
1889 5190 2000 5232 stu-

424 5262 683 5334 pidissirrri
710 5305 726 5329 ,
757 5264 823 5319 ad
851 5267 1190 5337 cupiditatem
1214 5271 1390 5325 eximii
1424 5274 1583 5327 vestri
1613 5272 1819 5329 decoris
1849 5288 2002 5327 exar-

420 5354 660 5411 desccnt.
690 5355 745 5411 Si
785 5357 926 5412 enim
970 5357 1142 5413 forma
1180 5362 1418 5431 corporis
1456 5365 1654 5419 excitat
1697 5365 1997 5432 intuentes,

424 5446 590 5499 multo
624 5448 794 5519 magis
832 5450 1026 5505 anima:
1069 5451 1402 5521 pulchritudo
1444 5465 1790 5524 spectatorem
1830 5468 2001 5527 potest

424 5550 762 5595 commovere
783 5580 800 5607 ,
831 5552 990 5612 atque
1031 5543 1096 5598 ad
1137 5544 1364 5600 similem
1405 5548 1573 5602 zelum
1607 5547 1826 5603 hortari.
1857 5548 1998 5605 intc-

424 5626 621 5682 riorcm
651 5629 811 5700 igitur
853 5632 1122 5691 hominem
1160 5645 1397 5693 nostrum
1444 5654 1762 5696 exornemus
1787 5681 1802 5708 ,
1832 5648 1886 5697 et
1910 5657 2001 5698 co-

426 5731 543 5773 rum
581 5734 699 5790 qua:
742 5721 828 5777 hic
871 5722 1012 5780 dicta
1056 5725 1250 5783 fuerint
1288 5726 1414 5784 foris
1458 5730 1843 5787 recordemur:
1892 5733 1997 5789 illic

1104 330 1162 386 3.
1201 325 1480 385 JOANNIS
1520 322 1995 381 CHRYSOSTOMI
2032 323 2344 378 ARCUIEP.
2387 322 2922 382 CONSTANTINOP.

3532 322 3638 380 £30

2060 435 2202 489 enim
2233 445 2289 491 ut
2330 436 2561 491 maxime
2602 451 2866 495 memores
2901 437 3068 493 simus
3100 445 3307 507 tempus
3340 440 3537 510 exigit;
3582 451 3642 495 et-

2056 522 2502 593 quemadmodum
2533 523 2731 583 athleta
2754 565 2768 589 ,
2803 540 2924 596 qua:
2969 526 3026 582 in
3073 526 3313 599 palaestra
3353 527 3636 593 didicerit,

2056 626 2241 667 eorum
2275 613 2325 666 in
2358 613 2736 670 certaminibus
2763 617 3031 685 specimen
3058 616 3166 673 edit
3199 633 3213 669 :
3248 618 3324 673 sic
3354 631 3451 673 nos
3475 619 3638 673 etiam

2057 718 2176 773 qua:
2220 703 2305 759 hic
2343 705 2588 763 audimus
2594 747 2627 787 ,ι
2673 707 2726 762 in
2765 708 2999 765 externis
3046 709 3271 781 negotiis
3309 721 3520 780 Oportet
3550 725 3624 765 os

2059 791 2296 852 tendere.

2130 883 2180 937 5.
2214 884 2415 939 Memor
2445 886 2605 955 igitur
2628 902 2813 955 eorum
2852 897 2966 942 esto
2991 903 3110 958 quae
3155 889 3241 945 hic
3278 889 3547 957 dicuntur,
3588 900 3646 945 ut

2061 988 2178 1027 cum
2205 990 2449 1045 egressus
2476 976 2658 1045 fueris,
2691 988 2744 1033 et
2775 989 2824 1033 te
2854 979 3093 1035 diabolus
3126 982 3205 1035 vel
3251 996 3345 1052 per
3372 982 3525 1047 iram,
3564 984 3648 1038 vel

2063 1077 2159 1131 per
2187 1066 2395 1120 inanem
2419 1067 2663 1135 gloriam,
2689 1069 2772 1123 vel
2806 1084 2901 1141 per
2917 1070 3071 1124 aliam
3098 1071 3326 1138 aliquam
3346 1073 3648 1140 passionem

2067 1154 2336 1223 invaserit,
2365 1159 2482 1226 ejus
2511 1157 2765 1213 doctrinm
2792 1175 3017 1223 memor,
3044 1176 3145 1231 qua
3176 1161 3260 1217 hic
3308 1161 3539 1217 imbutus
3566 1178 3646 1228 es,

2065 1242 2216 1301 facile
2253 1247 2425 1314 possis
2468 1249 2588 1300 mali
2629 1248 2848 1318 laqueos
2884 1257 2940 1304 et
2977 1265 3146 1305 nexus
3179 1251 3424 1309 evadere.
3464 1252 3652 1311 Nonne

2067 1333 2255 1388 videtis
2271 1334 2322 1388 in
2342 1336 2525 1391 stadiis
2549 1339 2866 1407 paedotribas
2885 1356 2947 1394 ac
2969 1342 3224 1411 palaestra:
3248 1341 3653 1413 magistros,qui

2067 1441 2184 1480 cum
2210 1438 2328 1495 post
2353 1428 2496 1482 mille
2528 1431 2813 1483 certamina
2856 1432 3185 1485 vacationem
3229 1432 3481 1501 deinceps
3509 1449 3536 1485 a
3569 1433 3653 1486 lu-

2068 1517 2168 1573 etis
2205 1517 2461 1577 beneficio
2502 1520 2672 1581 aetatis
2715 1523 3038 1591 acceperint,
3087 1533 3235 1582 extra
3277 1522 3504 1579 stadium
3548 1538 3655 1579 non

2070 1605 2225 1676 longe
2254 1606 2320 1663 ab
2343 1608 2458 1676 ipso
2489 1610 2706 1678 pulvere
2738 1611 2986 1665 sedentes
3028 1612 3090 1666 iis
3120 1612 3208 1681 qui
3249 1621 3374 1669 sunt
3412 1614 3552 1667 intus
3593 1628 3658 1668 ac

2071 1695 2347 1761 decertant
2370 1699 2646 1755 clamando
2663 1715 2962 1770 suggerere,
2994 1710 3049 1755 ut
3066 1718 3277 1756 manum
3303 1704 3653 1772 prehendunt,

2071 1799 2128 1847 ut
2158 1804 2280 1843 crus
2311 1790 2598 1857 attrahunt,
2634 1803 2689 1846 ut
2718 1793 2932 1847 dorsum
2961 1793 3230 1862 invadant,
3273 1804 3326 1851 et
3360 1795 3461 1850 alia
3493 1796 3656 1851 multa

2072 1882 2333 1951 ejusmodi
2361 1894 2659 1949 monentes,
2692 1887 2735 1939 si
2769 1884 2868 1938 hoc
2897 1886 2978 1939 vel
3010 1885 3140 1940 illud
3168 1886 3379 1951 feceris,
3410 1885 3660 1943 adversa-

2074 1975 2209 2027 rium
2240 1974 2391 2029 facile
2417 1977 2469 2030 in
2501 1984 2695 2030 terram
2727 1976 2982 2032 extendes
3011 1994 3024 2029 :
3056 1976 3155 2036 hac
3181 1977 3384 2040 ratione
3428 1975 3660 2045 discipu-

2075 2066 2139 2121 lis
2199 2068 2559 2138 maximopere
2602 2069 2893 2138 prodesse?
2942 2069 3019 2123 Tu
3062 2085 3270 2139 quoque
3315 2070 3659 2140 pmdotribarn

2076 2165 2223 2211 tuum
2254 2158 2464 2213 beatum
2496 2160 2713 2215 Paulum
2742 2162 2970 2226 intuere,
3001 2163 3087 2230 qui
3114 2172 3234 2231 post
3256 2177 3482 2217 coronas
3509 2163 3662 2219 innu-

2078 2264 2270 2311 meras,
2301 2260 2449 2303 extra
2499 2251 2726 2304 stadium
2773 2267 2913 2305 nunc
2956 2254 3261 2317 consideras,
3315 2253 3416 2321 hoc
3457 2262 3559 2318 est,
3596 2269 3663 2310 ex

2078 2337 2177 2392 hac
2201 2356 2218 2387 ι
2234 2338 2302 2392 ia
2332 2354 2575 2408 egressus
2603 2341 2927 2396 certantibus
2947 2342 3096 2396 nobis
3112 2343 3387 2398 clamando
3411 2343 3661 2415 suggerit,

2078 2441 2130 2486 et
2156 2447 2247 2500 per
2275 2433 2526 2502 epistolas
2552 2449 2674 2488 suas
2702 2435 3037 2503 vociferatur,
3068 2452 3186 2490 cum
3211 2446 3484 2506 correptos
3503 2436 3569 2490 ab
3589 2437 3663 2493 ira

2079 2525 2289 2589 viderit,
2320 2525 2387 2578 ab
2418 2526 2725 2594 iujuriarurn
2751 2528 3029 2592 memoria,
3074 2536 3230 2597 atque
3259 2543 3289 2583 a
3333 2527 3666 2596 passionibus

2082 2631 2387 2686 oppressos,
2434 2616 2494 2671 Si
2519 2618 2745 2671 csurierit
2786 2618 3018 2671 inimicus
3039 2626 3174 2682 tuus,
3197 2619 3306 2675 ciba
3330 2619 3664 2688 illum(Ronr.

2085 2707 2170 2760 12.
2204 2706 2273 2759 20
2294 2703 2336 2778 ).
2371 2708 2439 2761 Et
2461 2707 2904 2777 quemadmodum
2943 2710 3068 2764 dicit
3105 2711 3363 2779 palaestra:
3396 2711 3666 2779 magister,

2083 2797 2127 2853 si
2172 2796 2273 2851 hoc
2319 2798 2399 2853 vel
2425 2798 2551 2851 illud
2592 2798 2804 2864 feceris,
2858 2799 3219 2854 adversarium
3257 2799 3557 2869 superabis,
3600 2800 3669 2855 ita

2085 2887 2297 2956 subjicit
2326 2888 2410 2943 hic
2438 2905 2649 2972 quoque
2681 2907 2691 2939 :
2733 2890 2841 2943 lloc
2870 2892 2999 2944 enim
3038 2892 3250 2962 faciens,
3274 2891 3516 2946 carbones
3537 2893 3670 2962 ignis

2086 2996 2318 3048 (ἐρημίη-εδ
2337 2997 2485 3050 δυρινγ
2509 2990 2659 3049 caput
2677 2982 2802 3047 ejus.
2832 2981 3025 3037 Verum
3057 2981 3182 3037 dum
3206 2983 3371 3052 legem
3398 2997 3669 3051 percurro,

2087 3073 2308 3145 quaestio
2348 3072 2500 3125 nobis
2530 3072 2778 3139 occurrit,
2835 3089 2952 3142 quae
2992 3088 3053 3129 ex
3103 3073 3214 3143 ipsa
3260 3075 3406 3127 nasci
3443 3073 3670 3141 videtur,

2088 3174 2141 3214 et
2189 3162 2365 3214 multis
2419 3161 2671 3215 adversus
2728 3163 2942 3217 Paulum
2999 3164 3430 3232 reprehensionis
3490 3179 3672 3218 ausam

2090 3255 2412 3321 suppeditat,
2437 3270 2592 3323 quam
2617 3255 2873 3315 hodierno
2892 3255 2977 3312 die
3005 3254 3161 3310 statui
3184 3256 3333 3309 vobis
3356 3258 3408 3310 in
3441 3256 3673 3311 medium

2090 3344 2299 3398 afferre.
2335 3343 2468 3412 Quid
2515 3360 2640 3414 ergo
2667 3345 2879 3400 tandem
2917 3355 3020 3412 est,
3056 3346 3193 3416 quod
3238 3358 3444 3402 mentes
3492 3362 3673 3401 eorum

2097 3443 2277 3501 terret,
2307 3437 2396 3505 qui
2426 3436 2705 3507 diligenter
2729 3439 2904 3492 omnia
2936 3439 3118 3492 nolunt
3149 3439 3432 3493 excutere?
3453 3437 3584 3493 Cum
3609 3438 3676 3492 ab

2096 3527 2170 3579 ira
2199 3536 2473 3581 revocaret
2503 3527 2721 3594 Paulus,
2766 3529 2955 3598 inquit,
3002 3537 3052 3583 et
3084 3540 3141 3583 ut
3169 3531 3428 3584 mansueti
3473 3538 3673 3592 essent,

2095 3631 2157 3670 ac
2206 3618 2430 3672 modesti
2479 3633 2602 3688 erga
2656 3620 2947 3688 proximos,
2992 3620 3262 3684 suaderet,
3297 3620 3416 3674 illos
3453 3619 3676 3688 amplius

2096 3707 2428 3774 exasperavit
2456 3717 2509 3762 et
2535 3708 2804 3764 iracundia
2844 3709 3207 3763 inflammavit.
3236 3708 3386 3776 Quod
3422 3709 3563 3763 enim
3592 3707 3673 3762 di-

2096 3801 2191 3861 xit,
2212 3801 2270 3854 Si
2294 3801 2521 3854 esurierit
2550 3801 2781 3855 inimicus
2808 3813 2943 3869 tuus,
2965 3801 3073 3854 ciba
3093 3801 3261 3866 illum;
3289 3802 3333 3855 si
3351 3802 3474 3864 sitit,
3508 3810 3677 3871 polum

2097 3890 2163 3942 da
2190 3891 2285 3955 illi,
2313 3892 2624 3962 pr:cclarum
2657 3892 2958 3949 mandatum
2986 3901 3086 3957 est,
3116 3900 3168 3946 et
3197 3891 3545 3961 philosophiae
3572 3891 3677 3960 ple-

2098 3997 2248 4049 num,
2279 3998 2341 4037 ac
2391 3992 2501 4037 tum
2535 3986 2732 4054 agenti,
2807 3995 2913 4038 tum
2959 3985 3178 4054 patienti
3243 3985 3471 4053 perutile
3502 4003 3515 4039 :
3543 3982 3678 4053 quod

2103 4093 2229 4131 vero
2276 4076 2468 4132 deinde
2516 4077 2774 4147 sequitur,
2822 4077 3038 4131 multam
3094 4077 3251 4131 habet
3294 4076 3676 4141 difficultatem,

2101 4171 2428 4239 minimeque
2472 4171 2681 4225 videtur
2723 4185 2842 4225 eum
2872 4170 3011 4238 ejus,
3042 4170 3129 4238 qui
3161 4169 3334 4239 priora
3361 4168 3518 4231 dixit,
3561 4182 3680 4222 sen-

2104 4263 2265 4316 tentia
2282 4263 2586 4317 convcnire.
2605 4260 2866 4328 Quidnam
2893 4276 3021 4315 vero
3044 4260 3171 4315 illud
3195 4259 3319 4314 est?
3346 4258 3498 4326 Quod
3523 4258 3678 4323 dicat,

2102 4353 2215 4406 Iloc
2237 4363 2399 4407 autem
2428 4355 2637 4424 faciens,
2680 4352 2918 4406 carbones
2947 4353 3076 4423 ignis
3099 4368 3336 4422 congeres
3359 4366 3510 4420 super
3535 4357 3681 4419 caput

2103 4445 2232 4514 ejus.
2260 4444 2351 4498 llis
2399 4445 2539 4499 enim
2587 4445 2763 4498 verbis
2817 4455 2868 4498 et
2908 4459 3028 4499 eum
3057 4444 3145 4513 qui
3190 4443 3296 4513 agit
3337 4451 3391 4498 et
3433 4457 3554 4496 eum
3595 4439 3682 4510 qui

2105 4537 2301 4606 patitur
2322 4536 2485 4591 afficit
2510 4536 2720 4605 injuria,
2748 4551 2866 4591 cum
2893 4536 3041 4595 istius
3063 4546 3221 4606 caput
3244 4544 3450 4598 exurat,
3473 4541 3530 4588 et
3554 4533 3684 4602 ignis

2102 4629 2360 4683 carbones
2399 4630 2650 4697 imponat.
2694 4628 2844 4696 Quod
2880 4629 3019 4684 enim
3051 4637 3251 4682 tantum
3288 4627 3485 4682 honuni
3524 4626 3685 4680 obve-

2104 4720 2233 4786 niat,
2264 4736 2327 4775 ex
2357 4735 2420 4775 eo
2445 4720 2583 4790 quod
2615 4720 2819 4776 cibetur
2844 4730 2897 4773 ct
2927 4727 3155 4789 potetur,
3184 4729 3439 4788 quantum
3492 4716 3685 4770 malum

2103 4827 2170 4868 ev
2201 4814 2621 4868 accumulatiune
2642 4812 2973 4869 carbonum?
2997 4812 3181 4881 Itaque
3212 4811 3358 4864 illum
3398 4809 3489 4879 qui
3532 4809 3689 4863 bene-

2104 4906 2225 4959 ficio
2254 4905 2498 4971 afficitur,
2529 4905 2716 4975 inquit,
2743 4904 2840 4959 huc
2874 4913 3025 4973 pacto
3045 4903 3208 4957 allicit
3244 4902 3456 4971 injuria,
3485 4914 3606 4954 cum
3639 4898 3689 4951 in

2104 4998 2274 5067 majus
2295 4997 2606 5067 supplicium
2632 4998 2774 5055 illum
2802 4996 3082 5065 conjiciat;
3112 5011 3232 5051 eum
3258 5010 3384 5049 vero
3411 4994 3498 5063 qui
3526 4992 3688 5049 bene-

2105 5086 2280 5142 ficium
2309 5087 2547 5150 contulit,
2603 5088 2706 5140 alio
2748 5102 2931 5141 rursus
2986 5085 3145 5139 modo
3183 5085 3346 5139 laedit.
3379 5084 3515 5151 Quid
3549 5082 3691 5139 enim

2105 5180 2305 5234 referre
2328 5179 2456 5233 lucri
2487 5187 2659 5247 potest
2687 5194 2750 5232 ex
2779 5194 2864 5242 eo,
2892 5177 3033 5247 quod
3058 5176 3125 5231 de
3156 5175 3383 5229 inimicis
3403 5176 3542 5229 bene
3578 5188 3691 5228 me-

2105 5282 2306 5339 reatur,
2355 5288 2473 5327 cum
2507 5270 2633 5326 illud
2672 5287 2769 5339 spe
2798 5270 3041 5339 supplicii
3082 5267 3280 5322 faciat?
3325 5266 3456 5322 Nam
3486 5266 3576 5335 qui
3611 5263 3693 5320 id-

2104 5365 2245 5419 circo
2274 5365 2414 5419 cibat
2458 5363 2536 5418 vel
2573 5372 2719 5433 potat
2745 5362 3037 5425 inimicum,
3069 5371 3125 5413 ut
3165 5360 3216 5413 in
3246 5367 3404 5428 caput
3432 5357 3548 5428 ejus
3572 5372 3695 5412 car-

2104 5455 2270 5511 bones
2301 5466 2573 5526 congerat,
2600 5471 2703 5510 non
2732 5455 2994 5524 benignus
3020 5463 3074 5508 et
3102 5454 3360 5518 clemens,
3386 5451 3479 5506 sed
3499 5449 3694 5505 crude-

2106 5547 2171 5602 lis
2202 5556 2285 5603 est
2311 5557 2364 5603 et
2390 5548 2611 5602 immitis
2638 5547 2725 5618 qui
2776 5561 2871 5617 per
2918 5547 3164 5614 exiguum
3205 5543 3520 5601 beneficium
3566 5556 3695 5611 sup-

2105 5639 2324 5711 plicium
2352 5640 2667 5696 immensum
2702 5638 2915 5695 inferat.
2949 5636 3086 5705 Quid
3122 5635 3264 5693 enim
3304 5636 3545 5707 asperius
3580 5633 3697 5688 ﬁeri

2108 5743 2280 5803 potest
2327 5747 2410 5799 eo,
2441 5733 2527 5797 qui
2558 5739 2834 5800 preptcrca
2869 5731 3097 5799 nutriat,
3125 5740 3179 5785 ut
3206 5730 3257 5788 in
3284 5737 3441 5799 caput
3468 5728 3583 5795 ejus
3607 5725 3698 5819 qui
