4060 6252
506 363 599 419 181

494 473 832 544 τρεφομένου
859 472 1132 546 κεφαλήν;
1162 473 1226 528 Ἦ
1255 475 1352 546 μὲν
1380 471 1475 530 οὖν
1497 475 1767 539 ἀντίθεσις
1797 474 1935 547 αὐτη
1955 489 1971 504 °
1994 474 2077 528 δεῖ

494 557 553 611 δέ
579 557 762 611 λοιπὸν
793 556 891 629 τὴν
919 557 1075 611 λύσιν
1101 559 1425 627 ἐπαγαγεῖν,
1448 559 1537 613 ἴνα
1566 559 1633 612 δι’
1663 559 1841 614 αὐτῶν
1870 558 2075 614 τούτων

496 638 608 694 τῶν
637 639 939 694 δοκούντων
964 639 1428 712 ἐπιλαμϐάνεσθαι
1448 640 1558 696 τῶν
1582 641 1676 696 τοῦ
1707 642 1873 714 νόμου
1897 660 2077 713 γραμ-

498 720 686 791 μάτων
710 722 826 794 ῖδῃς
855 723 1099 796 ἀκριϐῶς
1132 723 1224 777 τοῦ
1257 724 1545 797 νομοθέτου
1578 726 1677 798 τὴν
1710 725 1900 796 σοφίαν
1935 726 2077 780 ἀπα-

494 822 613 860 σαν.
652 806 748 871 Τίς
782 805 875 861 οὖν
901 809 1049 862 ἐστιν
1076 811 1109 879 ἡ
1132 808 1315 876 λύσις;

565 893 779 947 Συνεῖδε
812 895 970 949 τοῦτο
1006 896 1188 961 καλῶς
1229 900 1257 951 6
1302 899 1477 968 μέγας
1510 899 1604 952 καὶ
1651 901 1897 968 γενναῖος
1937 898 2077 970 ἀνὴρ

495 982 722 1044 ἐκεῖνος,
745 982 825 1035 δτι
853 982 993 1054 βαρὺ
1015 985 1107 1036 καὶ
1136 983 1371 1054 χαλεπὸν
1401 987 1653 1057 πρᾶγμα,
1672 986 1851 1056 ἐχθρῷ
1880 985 2079 1039 καταλ-

492 1066 726 1138 λαγῆναι
758 1069 999 1140 ταχέωςο
1032 1069 1171 1141 βαρὺ
1201 1070 1258 1123 δέ
1290 1072 1385 1124 καὶ
1413 1071 1668 1142 χαλεπὸν.
1697 1073 1756 1125 οὐ
1800 1072 1953 1144 παρὰ
1980 1071 2076 1143 τὴν

491 1157 701 1210 οἰκείαν
727 1157 907 1225 φύσιν,
945 1158 1080 1212 ἀλλά
1120 1159 1273 1229 παρὰ
1304 1159 1402 1230 τὴν
1435 1161 1708 1231 ρᾳθυμίαν
1754 1161 1853 1232 τὴν
1880 1161 2078 1232 ἡμετέ-

493 1263 616 1317 ραν.
648 1244 817 1309 Αὐτὸς
862 1246 917 1298 δὲ
956 1247 1075 1315 οὐχὶ
1112 1245 1517 1316 καταλλαγῆναι
1574 1248 1732 1318 μόνον
1766 1247 2075 1314 ἐκέλευσεν,

494 1332 631 1385 ἀλλά
663 1332 757 1385 καὶ
786 1332 1002 1404 θρέψαι,
1035 1333 1063 1386 ὃ
1093 1333 1225 1386 πολὺ
1249 1334 1341 1387 τοῦ
1371 1334 1638 1406 προτέρου
1663 1334 1960 1407 βαρύτερον
1986 1332 2073 1409 ἦν.

495 1420 561 1473 Εἰ
594 1418 702 1490 γάρ
733 1419 1025 1490 βλέποντες
1058 1421 1217 1490 μόνον
1242 1421 1368 1483 τοῦς
1395 1421 1771 1493 λελυπηκότας
1800 1424 1948 1487 τινὲς
1985 1425 2076 1477 ἐκ-

497 1506 830 1578 θηριοῦνται,
862 1507 979 1570 πῶς
1023 1507 1087 1560 ἂν
1121 1508 1325 1561 εἴλοντο
1360 1506 1557 1579 θρέψαι
1594 1510 1929 1575 πεινῶνταςς
1968 1512 2079 1564 Καὶ

496 1593 550 1645 τί
580 1593 744 1663 λέγω,
772 1593 1095 1669 βλέποντες;
1129 1595 1225 1647 ’Ἂν
1268 1594 1478 1665 μνησθῇ
1509 1612 1593 1658 τις
1626 1597 1823 1662 αὐτῶν,
1861 1597 1953 1651 καὶ
1978 1598 2077 1669 τὴν
2106 1664 2111 1672 ι

499 1682 872 1761 προσηγορίαν
915 1684 996 1746 εὶς
1039 1683 1202 1751 μέσον
1249 1683 1445 1753 ἐνέγκῃ
1504 1683 1685 1752 μόνον,
1726 1687 1944 1740 ἀνανεοῖ
1980 1687 2079 1757 τὴν

499 1769 713 1839 πληγὴν
749 1773 850 1841 τῆς
890 1770 1129 1834 διανοίας
1190 1772 1353 1841 ἡμῖν,
1409 1771 1503 1825 καὶ
1559 1773 1728 1841 μείζω
1778 1777 1924 1828 ποιεῖ
1979 1776 2080 1847 τὴν

499 1854 828 1927 φλεγμονὴν.
856 1857 1019 1909 Ταῦτ’
1046 1854 1139 1911 οῦν
1180 1858 1396 1911 ἅπαντα
1424 1857 1651 1914 συνιδὼν
1671 1860 1700 1910 6
1727 1859 1957 1925 Παῦλος,
1986 1862 2079 1915 καὶ

500 1944 821 2019 βουλόμενος
848 1947 909 2001 τὸ
940 1948 1382 2019 δυσκατόρθωτον
1420 1947 1576 2005 τοῦτο
1602 1949 1695 2002 καὶ
1730 1950 1966 2020 χαλεπὸν
1993 1950 2081 2004 εὐ-

498 2039 654 2093 κολον
696 2040 917 2109 ποιῆσαι
952 2039 1046 2092 καὶ
1082 2039 1283 2111 ῥᾴδιον,
1315 2039 1408 2092 καὶ
1443 2042 1626 2093 πεῖσαι
1654 2040 1744 2094 τὸν
1775 2042 1906 2113 μηδὲ
1954 2043 2079 2096 ἰδεῖν

494 2128 824 2201 ἀνεχόμενον
847 2130 939 2182 τὸν
966 2129 1159 2200 ἐχθρὸν
1192 2131 1271 2193 εἰς
1293 2130 1612 2201 εὐεργεσίαν
1641 2130 1791 2203 [166]
1814 2132 1911 2203 τὴν
1934 2134 2079 2187 ἐκεί-

396 2228 397 2231 ’
496 2239 590 2279 νου
618 2220 941 2290 γενέσθαιει,
967 2222 1094 2285 τοὺς
1139 2222 1414 2292 ἄνθρακας
1460 2222 1624 2292 ἔθηκε
1664 2221 1758 2276 τοῦ
1793 2225 1982 2296 πυρὸς,
2013 2226 2079 2279 ἵν’

496 2313 677 2367 ἐλπίδι
710 2315 808 2385 τῆς
843 2314 1115 2387 τιμωρίας
1163 2316 1523 2385 προτραπεὶς,
1573 2316 1848 2388 ἐπιδράμῃ
1883 2320 1948 2389 τῇ
1986 2318 2079 2372 τοῦ

497 2403 867 2477 λελυπηκότος
892 2405 1196 2477 εὐεργεσία.
1219 2406 1328 2460 Καὶ
1357 2405 1611 2478 καθάπερ
1633 2406 1661 2458 6
1683 2407 1865 2471 ἁλιεὺς
1891 2410 2081 2463 πάντο-

497 2495 591 2550 θεν
640 2497 701 2551 16
749 2497 1042 2567 ἄγκιστρον
1092 2496 1459 2568 περιστέλλων
1493 2497 1569 2568 τῷ
1615 2498 1854 2562 δελέατι,
1908 2517 2080 2570 προσ-

497 2586 679 2657 τίθησι
700 2588 813 2650 τοῖς
850 2586 1080 2657 ἰχθύσιν,
1114 2586 1203 2640 ἵνα
1224 2586 1588 2658 προσδραμὼν
1612 2591 1678 2659 τῇ
1707 2588 1927 2660 συνήθει
1955 2606 2072 2661 τρο-

497 2678 598 2748 φῇ,
629 2674 697 2729 δι’
732 2675 948 2745 ἐκείνης
978 2674 1093 2745 ἀλῶ
1120 2676 1215 2729 καὶ
1244 2675 1556 2746 κατασχεθῇ
1592 2676 1809 2747 ῥᾳδίως·
1845 2676 1988 2731 οὕτω
2015 2677 2079 2750 δὴ

497 2768 593 2828 καὶ
630 2770 656 2821 6
702 2766 933 2832 Παῦλος,
966 2766 1288 2838 βουλόμενος
1329 2768 1407 2831 είς
1438 2768 1535 2839 τὴν
1563 2768 1880 2839 εὐεργεσίαν
1921 2769 2069 2841 ἐμϐι-

497 2858 673 2912 ϐάσαι.
699 2858 794 2911 τοῦ
862 2850 1181 2928 ἠδικηκότος
1216 2859 1309 2911 τὸν
1352 2858 1676 2931 ἠδικημένον
1699 2899 1714 2924 ,
1772 2860 1833 2913 οὐ
1873 2860 2080 2931 γυμνὸν

496 2947 824 3019 προστίθησι
849 2948 910 3001 τὸ
936 2947 1038 3018 τῆς
1068 2948 1388 3017 φιλοσοφίας
1413 2948 1728 3021 ἄγκιστρον,
1752 2950 1868 3004 ἀλλ’
1890 2950 2079 3024 ὥσπερ

493 3039 602 3093 τινὶ
640 3039 886 3105 δελέατι,
935 3043 1049 3104 τοῖς
1091 3039 1318 3112 ἄνθραξι
1351 3039 1444 3094 τοῦ
1494 3040 1665 3112 πυρὸς
1710 3043 2075 3114 περιστείλας,

496 3128 658 3184 καλεῖ
694 3131 791 3201 μὲν
818 3131 910 3183 τὸν
940 3130 1353 3201 ἐπηρεασθέντα
1380 3134 1445 3201 τῇ
1469 3131 1571 3200 τῆς
1601 3130 1875 3195 κολάσεως
1902 3133 2077 3187 ἐλπίδι

496 3220 634 3293 πρὸς
674 3221 774 3289 τὴν
821 3218 1140 3289 εὐεργεσίαν
1181 3218 1276 3271 τοῦ
1332 3219 1730 3290 λελυπηκότοςο
1764 3219 1985 3275 ἐλθόντα
2018 3221 2076 3274 δὲ

495 3310 659 3366 αὐτὸν
691 3310 912 3378 κατέχει
945 3307 1131 3361 λοιπὸν
1178 3309 1272 3363 καὶ
1299 3308 1400 3361 οὐκ
1439 3308 1662 3380 ἀφίησιν
1704 3310 2075 3382 ἀποπηδῆσαι,

494 3400 666 3472 αὐτῆς
685 3398 779 3453 τοῦ
807 3398 1131 3469 πράγματος
1151 3399 1248 3469 τῆς
1274 3397 1489 3468 φύσεως
1515 3399 1890 3472 προσηλούσης
1914 3402 2076 3457 αὐτὸν

492 3490 571 3563 τῷ
602 3489 782 3562 ἐχθρῷ
801 3509 813 3520 ·
854 3489 946 3544 καὶ
980 3489 1263 3560 μονονουχὶ
1291 3489 1601 3560 λέγει’πρδς
1628 3491 1809 3545 αὐτόν’
1846 3496 1920 3546 Οὐ
1951 3493 2079 3564 βούο

492 3584 574 3639 λει
617 3584 683 3638 δι’
732 3582 1018 3636 εὐλάϐειαν
1050 3580 1269 3651 τρέφειν
1314 3580 1404 3633 τὸν
1456 3580 1781 3652 ἠδικηκότα;
1820 3582 1908 3636 διὰ
1944 3583 2075 3652 γοῦν

492 3678 594 3751 τὴν
617 3675 807 3730 ἐλπίδα
840 3677 939 3745 τῆς
970 3672 1243 3736 κολάσεως
1283 3671 1501 3743 θρέψον.
1538 3669 1658 3726 Οἵδε
1699 3673 1828 3744 γάρ,
1856 3675 1938 3729 ὅτι
1979 3675 2073 3731 ἐάν

496 3767 698 3837 ἅψηται
727 3764 827 3833 τῆς
860 3764 939 3828 είς
973 3762 1133 3816 αὐτὸν
1163 3762 1501 3835 εὐεργεσίας,
1536 3762 1680 3836 ἀρχὴ
1708 3763 1893 3818 λοιπὸν
1925 3766 2073 3838 αὐτῷ

494 3855 589 3910 καὶ
608 3855 724 3918 666;
747 3853 956 3922 γίνεται
982 3852 1083 3921 τῆς
1118 3851 1487 3922 καταλλαγῆς.
1520 3852 1710 3917 Οὐδεὶς
1744 3853 1873 3925 γὰρ,
1895 3854 2073 3920 οὐδεὶς

490 3948 583 4002 τὸν
606 3946 985 4017 ψωμιζόμενον
1008 3944 1098 3997 ὑπ’
1120 3943 1283 3997 αὐτοῦ
1316 3944 1411 3996 καὶ
1440 3945 1788 4016 ποτιζόμενον
1809 3946 2073 4016 διηνεκῶς

490 4038 780 4110 ἀνάσχοιτο
804 4036 949 4108 ἔχειν
973 4035 1185 4107 ἐχθρὸν,
1207 4036 1257 4086 εί
1285 4035 1377 4087 καὶ
1402 4034 1551 4104 παρά
1578 4036 1677 4107 τὴν
1699 4037 1874 4108 ἀρχὴν
1896 4038 2072 4093 ἐλπίδι

488 4130 757 4201 τιμωρίας
782 4126 939 4179 τοῦτο
962 4127 1124 4179 ποιεῖ.
1153 4125 1213 4178 '0
1242 4125 1351 4195 γάρ
1372 4125 1562 4196 χρόνος
1583 4126 1786 4198 προῖὼν
1808 4127 1947 4197 χαλᾷ
1979 4130 2072 4184 καὶ

489 4223 591 4293 τῆς
622 4218 795 4292 ὀργῆς
821 4218 909 4284 τὸν
935 4216 1107 4269 τόνον,
1133 4216 1345 4288 ’Ὠσπερ
1370 4210 1462 4269 οὖν
1489 4217 1518 4269 6
1556 4215 1761 4280 ἁλιεὺς,
1790 4219 1839 4271 εἰ
1866 4220 2070 4291 γυμνὸν

489 4313 552 4368 16
600 4310 875 4383 θήρατρον
911 4305 1282 4383 προσέθηκεν,
1320 4306 1419 4371 οὐκ
1461 4306 1528 4360 ἂν
1584 4307 1931 4369 ἐπεσπάσατο
1978 4309 2070 4364 16v

494 4403 668 4477 ἰχθῦν,
696 4403 818 4455 νυνὶ
849 4400 906 4454 δέ
939 4398 1287 4471 περιστείλας
1325 4398 1478 4463 αὐτὸ,
1503 4397 1870 4464 λανθανόντως
1894 4400 2069 4472 ἐνίησι

486 4496 567 4569 τῷ
602 4495 831 4566 στόματι
859 4491 951 4547 τοῦ
981 4490 1296 4563 προσιόντος
1318 4489 1459 4555 ζὼου
1488 4490 1547 4555 τὸ
1572 4490 1864 4564 ἄγκιστρον
1884 4508 1897 4521 ⁸
1925 4492 2069 4546 οὕτω

488 4590 584 4643 καὶ⁵
614 4590 642 4641 6
667 4585 899 4650 Παῦλος,
931 4586 979 4638 εί
1017 4583 1091 4655 μὴ
1138 4583 1417 4654 προέτεινε
1450 4582 1551 4655 τὴν
1600 4582 1922 4654 προσδοκίαν
1969 4584 2069 4654 τῆς

487 4679 783 4741 κολάσεως,
812 4676 910 4730 οὐκ
945 4676 1010 4729 ἂν
1040 4675 1225 4728 ἐπεισε
1266 4675 1390 4737 τοὺς
1442 4673 1802 4744 ἠδικημένους
1828 4675 2066 4745 ἅψασθαι

484 4772 587 4843 τῆς
634 4769 743 4822 τῶν
789 4767 1169 4837 λελυπηκότων
1212 4764 1547 4838 εὐεργεσίας.
1598 4765 1929 4836 Βουλόμενος
1973 4763 2065 4823 οὖν

485 4860 881 4932 ἀποπηδῶντας
920 4858 1147 4922 αὐτοὺς,
1172 4858 1266 4910 καὶ
1298 4854 1767 4926 δυσχεραίνοντας,
1803 4857 1898 4934 καί
1937 4875 2067 4929 ναρτ

487 4954 700 5017 κῶντας
730 4954 824 5006 καὶ
852 4951 987 5023 πρὸς
1014 4948 1182 5020 αὐτὴν
1206 4948 1304 5019 τὴν
1333 4947 1443 5001 τῶν
1470 4946 1682 5018 ἐχθρῶν
1705 4946 1848 5017 ὄψιν,
1881 4952 2065 5003 πεῖσαι

485 5045 556 5099 τά
586 5044 819 5115 μέγιστα
848 5043 1043 5103 αὐτοὺς
1082 5041 1408 5112 εὐεργετεῖν,
1432 5041 1558 5102 τοὺς
1590 5039 1867 5111 ἄνθρακας
1899 5039 2063 5111 ἔθηκε

483 5136 580 5191 τοῦ
613 5135 817 5206 πυρὸς,
848 5134 946 5203 οὐχ
993 5132 1081 5185 ἴνα
1127 5131 1368 5194 ἐκείνους
1419 5130 1661 5203 ἐμϐάλλῃ
1707 5133 1786 5194 είς
1821 5132 2060 5202 ἀπαραί-

383 5226 391 5231 ’
483 5244 647 5302 τητον
686 5226 927 5288 κόλασιν,
954 5223 1067 5276 ἀλλ’
1102 5222 1190 5275 ἵνα
1221 5222 1347 5285 τοὺς
1378 5221 1744 5291 ἠδικημένους
1782 5223 1974 5286 πείσας
2003 5223 2061 5277 ἐν

480 5324 548 5390 τῇ
579 5316 876 5391 προσδοκίᾳ
902 5316 999 5387 τῆς
1031 5312 1305 5375 κολάσεως
1326 5313 1636 5383 εὐεργετεῖν
1660 5315 1783 5378 τοὺς
1810 5314 2057 5386 ἐχθροὺς,

480 5414 560 5482 τῷ
589 5411 763 5483 χρόνῳ
780 5408 967 5462 λοιπὸν
994 5406 1155 5477 πείσῃ
1190 5404 1282 5459 καὶ
1305 5404 1483 5465 πᾶσαν
1513 5404 1695 5471 αὐτοῖς
1718 5406 1934 5475 ἀφεῖναι
1964 5405 2062 5477 τὴν

481 5502 672 5574 ὀργήν.

560 5598 633 5656 ς’.
668 5590 778 5646 Καὶ
808 5590 897 5642 τὸν
929 5589 1027 5660 μέν
1054 5586 1378 5657 ἠδικημένον
1413 5587 1555 5643 οὕτω
1596 5585 2023 5662 παρεμυθήσατο
2043 5600 2057 5615 ·

481 5685 585 5758 ὅρα
605 5684 663 5738 δὲ
686 5685 779 5737 καὶ
800 5685 889 5735 τὸν
918 5683 1209 5752 ᾕδικηκότα
1239 5683 1353 5745 πῶς
1382 5680 1642 5733 συνάπτει
1672 5681 1750 5751 τῷ
1776 5692 2059 5749 παρωργι-

548 5831 572 5861 ⁸
598 5828 727 5879 Sam
776 5824 821 5875 in
842 5837 992 5885 marg.
1021 5823 1146 5885 conj.
1170 5823 1379 5883 γενέσθαι
1401 5821 1651 5882 πρόθυμον.

1200 372 1257 426 8.
1298 366 1583 425 ΙΟᾹΝΝΙΒ
1616 363 2073 421 CHRYSOSTOM

2179 365 2461 421 .RCIIIEP.
2494 364 3041 423 CONSTANTINOP.

3669 363 3772 419 182

2184 477 2365 549 σμένῳ
2386 476 2567 533 πάλιν.
2602 477 2824 549 Πρῶτον
2863 476 2961 547 μὲν
2987 473 3064 545 τῷ
3090 475 3187 546 τῆς
3211 474 3529 546 εὐεργεσίας
3553 474 3768 546 τρόπῳ·

2180 568 2353 632 οὐδεὶς
2380 569 2488 642 γάρ
2527 570 2675 622 ἐστιν
2726 567 2898 632 οὕτως
2950 567 3132 631 ἄθλιος
3186 567 3279 620 καὶ
3318 565 3679 639 ἀναίσθητος.
3708 568 3769 633 ὃς

2183 657 2557 729 πυτιζόμενος,
2587 658 2679 712 καὶ
2701 657 3105 729 ψωμιζόμενος,
3136 656 3211 728 μὴ
3241 656 3496 725 γενέσθαι
3525 656 3770 727 βούλοιτο

2182 747 2368 815 δοῦλος
2401 753 2495 804 καὶ
2526 751 2679 820 φίλος
2719 749 2798 821 τῷ
2834 749 3009 804 ταῦτα
3043 749 3191 820 αὐτῷ
3225 749 3610 822 ἐργαζομένην
3649 749 3769 803 δεύ-

2181 856 2339 912 τερον
2365 841 2423 895 δὲ
2451 840 2530 911 τῷ
2560 840 2709 913 φόϐῳ
2741 842 2839 913 τῆς
2862 841 3150 912 τιμωρίας.
3180 844 3338 895 Δοκεῖ
3363 842 3463 912 μὲν
3496 842 3605 914 γάρ
3631 841 3767 912 πρὸς

2181 932 2275 985 τὸν
2336 932 2653 1003 ψωμίζοντα
2712 931 3127 1000 ἀποτείνεσθαι,
3172 932 3368 1002 λέγων’
3427 933 3607 987 Τοῦτο
3654 933 3765 1003 γὰρ

2184 1022 2389 1090 ποιῶν,
2422 1023 2723 1093 ἄνθρακας
2756 1023 2946 1093 πυρὸς
2979 1025 3264 1093 σωρεύεις
3300 1024 3399 1078 ἐπὶ
3431 1023 3547 1093 τὴν
3584 1042 3764 1094 κεφα-

2182 1116 2306 1185 λὴν
2332 1116 2521 1172 αὐτοῦ
2542 1133 2555 1148 ·
2593 1117 2831 1188 μάλιστα
2874 1118 2931 1171 δέ
2964 1117 3058 1171 τοῦ
3097 1107 3465 1187 λελυπηκότος
3488 1115 3765 1171 καθάπτε-

2183 1224 2294 1274 ται,
2324 1208 2411 1261 ἶνα
2431 1207 2509 1277 τῷ
2538 1208 2688 1279 φόϐῳ
2716 1209 2814 1278 τῆς
2851 1209 3123 1272 κολάσεως
3147 1208 3352 1280 ταύτης
3382 1209 3457 1280 μὴ
3489 1209 3627 1282 μένῃ
3652 1209 3755 1263 δια-

2185 1302 2387 1365 παντὸς
2407 1302 2604 1374 ἐχθρὸς
2633 1303 2727 1370 ὢν,
2761 1304 2877 1358 ἀλλ’
2902 1304 3076 1369 εἰδὼς,
3107 1306 3188 1359 ὅτι
3234 1305 3301 1359 τά
3332 1306 3566 1376 μέγιστα
3606 1308 3768 1360 αὐτὸν

2184 1395 2529 1465 καταϐλάψαι
2552 1396 2751 1450 δύναιτ’
2774 1396 2839 1450 ἂν
2858 1397 2919 1450 16
2941 1395 3284 1467 ψωμίζεσθαι
3306 1398 3401 1451 καὶ
3428 1396 3764 1467 ποτίζεσθαι,

2184 1489 2233 1541 εί
2261 1487 2411 1559 μένοι
2438 1488 2701 1558 διηνεκῶς
2730 1487 2823 1540 ἐπὶ
2855 1488 2954 1558 τῆς
2997 1486 3315 1559 ἀπεχθείας,
3352 1488 3636 1563 καταλύσῃ
3665 1489 3766 1560 τὴν

2184 1580 2375 1651 ὀργήν.
2404 1579 2560 1633 Οὐτω
2590 1580 2698 1651 γὰρ
2733 1581 2859 1643 τοὺς
2906 1579 3183 1649 ἄνθρακας
3221 1580 3315 1633 τοῦ
3367 1581 3539 1652 πυρὸς
3576 1581 3767 1635 σϐέσαι

2185 1671 2494 1742 δυνήσεται.
2534 1672 2697 1723 Ὥστε
2732 1670 2824 1724 καὶ
2857 1674 2888 1741 ἠ
2929 1670 3149 1733 κόλασις
3183 1671 3275 1724 καὶ
3310 1672 3342 1742 ή
3380 1671 3620 1743 τιμωρία
3654 1690 3767 1726 κει-

2189 1758 2324 1831 μένη
2348 1760 2438 1813 τόν
2463 1777 2521 1812 τε
2552 1758 2878 1830 ἠδικημένον
2901 1761 3200 1813 ἐπισπᾶται
3228 1762 3308 1823 εἰς
3333 1760 3652 1832 εὐεργεσίαν
3672 1763 3764 1817 τοῦ

2185 1849 2548 1921 λελυπηκότος
2572 1891 2586 1916 ,
2622 1850 2711 1904 τόν
2751 1868 2809 1903 τε
2855 1850 3235 1921 παροξύναντα
3279 1851 3434 1919 φοϐεῖ
3483 1854 3577 1906 καὶ
3617 1855 3765 1907 διαν-

2189 1938 2389 2010 ίστησι,
2422 1942 2516 1995 καὶ
2544 1942 2681 2014 πρὸς
2705 1942 3047 2013 καταλλαγὴν
3077 1942 3210 1997 ὠθεῖ
3235 1943 3330 1997 τοῦ
3355 1945 3646 2016 τρέφοντος
3672 1947 3765 2000 καὶ

2188 2029 2339 2104 [ΗΠ]
2363 2030 2694 2095 ποτίζοντος.
2712 2030 2896 2103 Διπλῷ
2924 2032 3103 2086 τοίνυν
3130 2034 3475 2105 ἀμφοτέρους
3509 2036 3765 2105 συνέδησε

2185 2121 2370 2193 δεσμῷ
2394 2122 2527 2193 πρὸς
2550 2122 2829 2194 ἀλλήλους,
2862 2124 2954 2175 καὶ
2977 2122 3055 2194 τῷ
3075 2124 3174 2193 τῆς
3195 2123 3535 2195 εὐεργεσίας,
3565 2125 3655 2178 καὶ
3692 2125 3767 2196 τῷ

2186 2213 2287 2284 τῆς
2317 2214 2610 2285 τιμωρίας.
2645 2213 2717 2266 T6
2750 2214 2858 2285 γὰρ
2889 2213 3166 2288 δυσχερὲς,
3198 2214 3387 2286 ἄρχειν
3432 2217 3527 2269 καὶ
3563 2215 3767 2270 εἴσοδον

2186 2305 2365 2377 εὐρεῖν
2395 2308 2460 2376 τῇ
2498 2305 2811 2375 καταλλαγῇ
2834 2322 2847 2336 ’
2889 2305 3095 2376 ταύτης
3133 2306 3192 2359 δὲ
3221 2306 3536 2377 ἀνοιγείσης
3574 2305 3765 2379 οίῳδή-

2188 2413 2319 2448 ποτε
2357 2396 2562 2468 τρόπῳ,
2596 2395 2663 2450 τά
2696 2396 2834 2467 μετά
2863 2395 3035 2450 ταῦτα
3079 2396 3256 2450 πάντα
3288 2397 3448 2469 ῥᾴδια
3486 2396 3636 2451 ἔσται
3670 2398 3765 2453 καὶ

2186 2486 2405 2544 εὐκολα.
2434 2489 2554 2542 Κᾶν
2595 2489 2703 2560 γὰρ
2738 2488 2887 2559 παρά
2916 2488 3015 2560 τὴν
3059 2489 3233 2561 ἀρχὴν
3272 2489 3449 2543 ἐλπίδι
3494 2488 3767 2555 κολάσεως

2184 2579 2360 2652 τρέφῃ
2396 2580 2485 2633 16v
2514 2580 2707 2653 ἐχθρὸν
2741 2582 2769 2633 6
2800 2580 3196 2652 λελυπημένος,
3224 2581 3339 2635 ἀλλ’
3369 2582 3516 2652 αὐτῷ
3539 2581 3617 2653 τῷ
3644 2582 3769 2654 τρέ-

2188 2689 2310 2742 φειν
2340 2674 2627 2743 γινόμενος
2657 2673 2828 2743 φίλος,
2870 2673 3119 2727 ἐκϐαλεῖν
3149 2673 3247 2745 τὴν
3278 2673 3575 2745 ἐπιθυμίαν
3613 2674 3769 2745 δυνή-

2188 2782 2339 2821 σεται
2373 2766 2471 2837 τῆς
2505 2766 2791 2838 τιμωρίας.
2825 2764 2981 2829 Φίλος
3009 2764 3117 2837 γὰρ
3153 2765 3463 2835 γενόμενος,
3494 2764 3675 2817 οὐκέτι
3700 2763 3767 2817 ἂν

2184 2858 2411 2937 τοιαύτῃ
2446 2858 2663 2929 θρέψειε
2704 2858 3001 2931 προσδοκίᾳ
3027 2856 3119 2912 τὸν
3154 2856 3563 2925 καταλλαγέντα
3595 2855 3767 2926 αὐτῷ.

2186 2947 2355 3001 Πάλιν
2397 2951 2424 3002 6
2472 2948 2812 3021 παροξύνας,
2854 2947 2976 3002 ίδὼν
3031 2948 3124 3001 16v
3174 2946 3503 3019 ἠδικημένον
3543 2948 3768 3018 τρέφειν

2185 3038 2347 3095 αὐτὸν
2375 3038 2470 3092 κιὶ
2495 3037 2734 3104 ποτίζειν
2762 3038 3212 3110 προαιρούμενον,
3239 3038 3330 3091 διά
3352 3055 3415 3108 γε
3434 3038 3592 3092 τοῦτο
3613 3038 3763 3105 αὐτὸ,

2184 3130 2278 3182 καὶ
2306 3129 2396 3182 16v
2430 3129 2590 3199 φόϐον
2623 3129 2723 3200 τῆς
2752 3129 3122 3200 ἀποκειμένης
3150 3128 3298 3198 αὐτῷ
3330 3129 3624 3193 κολάσεως,
3658 3131 3766 3183 πᾶ-

2184 3237 2284 3274 σαν
2316 3220 2566 3274 ἐκϐάλλει
2597 3222 2695 3292 τὴν
2724 3219 3044 3295 ἀπέχθειαν,
3080 3220 3182 3273 κᾶν
3223 3220 3485 3291 μυριάκις
3514 3220 3766 3292 σιδηροῦς

2182 3307 2239 3388 ᾖ,
2271 3313 2365 3366 καὶ
2387 3311 2620 3383 ἀπηνὴς,
2644 3312 2739 3366 καὶ
2766 3312 3001 3382 ἀδάμας,
3030 3312 3132 3383 τήν
3159 3328 3219 3364 τε
3249 3310 3646 3383 φιλοφροσύνην
3670 3311 3763 3364 τοῦ

2182 3403 2474 3475 τρέφοντος
2504 3402 2939 3474 δυσωπούμενος,
2970 3403 3064 3456 καὶ¹
3090 3403 3190 3475 τὴν
3220 3403 3593 3474 ἀποκειμένην
3617 3401 3765 3473 αὐτῷ

2184 3496 2405 3551 κόλασιν
2438 3495 2714 3561 δεδοικὼς,
2758 3498 2806 3549 εί
2840 3495 2990 3571 μένοι
3035 3494 3175 3568 μετά
3203 3495 3300 3565 τὴν
3332 3494 3537 3569 τροφὴν
3571 3493 3762 3566 ἐχθρὸς

2181 3587 2279 3647 ὥν.

2251 3696 2352 3751 Διά
2402 3714 2482 3749 τοι
2529 3695 2689 3748 τοῦτο
2727 3694 2848 3748 οὐδὲ
2898 3692 3129 3746 ἐνταῦθα
3180 3691 3309 3763 ἔστη
3349 3692 3449 3763 τῆς
3496 3692 3764 3764 παραινέσ⁸

2181 3803 2340 3849 σεως,
2369 3783 2483 3838 ἀλλ’
2515 3785 2605 3837 ὅτε
2649 3782 2917 3835 ἐκένωσεν
2951 3781 3211 3851 ἐκατέρου
3256 3780 3355 3851 τὴν
3384 3779 3555 3851 ὀργὴν
3580 3821 3596 3843 ,
3633 3779 3757 3833 τότε

2179 3880 2275 3934 καὶ
2297 3878 2395 3949 τὴν
2427 3874 2652 3948 γνώμην
2690 3874 2870 3928 αὐτῶν
2909 3871 3216 3945 διορθοῦται
3257 3871 3454 3941 λέγων,
3482 3870 3577 3940 Μὴ
3609 3871 3758 3925 νικῶ

2176 3969 2298 4028 ὑπὸ
2336 3970 2442 4025 τοῦ
2471 3968 2683 4023 κακοῦ.
2726 3968 2824 4019 “Av
2852 3966 2962 4038 γὰρ
2991 3965 3178 4038 μένῃς,
3213 3965 3369 4036 φησὶ,
3395 3964 3753 4036 μνησικακῶν

2179 4063 2272 4116 καὶ
2293 4061 2655 4133 ἀμυνόμενος,
2677 4060 2853 4120 δοκεῖς
2882 4057 2979 4129 μὲν
2999 4056 3091 4110 τὸν
3115 4056 3307 4128 ἐχθρὸν
3328 4058 3507 4128 νικᾷν,
3532 4058 3750 4109 νικᾶσαι

2176 4153 2232 4206 δὲ
2258 4153 2363 4205 ὐπὸ
2387 4150 2481 4205 τοῦ
2514 4149 2711 4213 κακοῦ,
2740 4148 3040 4214 τουτέστιν,
3070 4146 3175 4200 ὑπὸ
3206 4148 3304 4217 τῆς
3345 4146 3548 4219 ὀργῆςο
3589 4144 3752 4211 ὥστε,

2177 4247 2226 4298 εί
2261 4243 2439 4315 βούλει
2486 4241 2730 4312 νικῆσαι,
2769 4237 3168 4310 καταλλάγηθι,
3206 4236 3399 4309 καὶμὴ
3434 4234 3751 4309 ἐπεξέλθῃς.

2176 4333 2324 4406 Αὕτη
2351 4334 2458 4405 γάρ
2484 4335 2632 4385 ἐστιν
2665 4333 2697 4402 ἡ
2723 4329 2956 4402 λαμπρὰ
2986 4328 3135 4400 νίκη,
3183 4329 3313 4383 ὅταν
3343 4329 3403 4381 ἐν
3432 4325 3512 4398 τῷ
3543 4326 3750 4397 ἀγαθῷ,

2175 4425 2444 4486 τουτέστι,
2486 4425 2552 4494 τῇ
2584 4421 2903 4491 ἀνεξικακίᾳ
2940 4420 3173 4492 νικήσῃς
3215 4419 3277 4472 16
3314 4418 3505 4484 κακὸν,
3541 4417 3639 4487 τὴν
3664 4418 3752 4488 69-

2174 4519 2277 4590 γὴν
2306 4520 2400 4571 καὶ
2426 4517 2524 4590 τὴν
2559 4514 2928 4587 μνησικακίαν
2962 4511 3233 4567 ἐκϐαλών.
3270 4510 3434 4564 Ἀλλά
3459 4509 3667 4564 τούτων
3692 4509 3750 4577 ἐξ

2175 4612 2347 4685 ἀρχῆς
2376 4611 2476 4663 οὐκ
2515 4608 2579 4662 ἂν
2613 4607 2877 4678 ἠνέσχετο
2916 4606 3024 4659 τῶν
3059 4603 3324 4677 ῥημάτων
3353 4603 3382 4655 6
3420 4601 3749 4674 ἠδικημένος

2174 4711 2270 4765 καὶ
2313 4706 2680 4778 φλεγμαίνων.
2730 4704 2829 4757 Διά
2875 4702 3053 4767 τοῦτο,
3089 4702 3178 4755 ὅτε
3224 4697 3392 4753 αὐτοῦ
3436 4697 3531 4751 τὸν
3579 4695 3749 4767 θυμὸν

2172 4801 2419 4871 ἐκόρεσε,
2444 4797 2565 4850 τότε
2590 4795 2684 4850 καὶ
2733 4795 2825 4847 ἐπὶ
2858 4793 2956 4865 τὴν
2984 4793 3215 4863 ἀρίστην
3246 4788 3410 4843 αὐτὸν
3440 4788 3617 4859 ἤγαγε
3649 4788 3746 4855 τῆς

2172 4887 2519 4956 καταλλαγῆς
2550 4884 2751 4948 αἰτίαν,
2780 4882 2873 4935 καὶ
2920 4881 3021 4935 οὐκ
3052 4880 3266 4950 ἀφῆκεν
3290 4878 3649 4946 ἐναπομεῖναὶ
3677 4874 3743 4942 τῇ

2172 4982 2385 5053 πονηρᾷ
2412 4979 2513 5049 τῆς
2540 4974 2813 5049 τιμωρίας
2867 4973 3063 5031 ἐλπίδι.
3119 4969 3268 5035 Εἶδες
3324 4967 3620 5041 νομοθέτου
3661 4982 3746 5018 σο-

2171 5075 2336 5145 φίαν;
2364 5072 2474 5126 Καὶ
2489 5072 2577 5124 ἵνα
2614 5068 2793 5140 μάθῃς
2820 5069 2902 5121 ὅτι
2934 5065 3022 5119 διὰ
3051 5065 3147 5136 τὴν
3179 5062 3466 5117 ἀσθένειαν
3498 5058 3607 5113 τῶν
3647 5059 3745 5111 οὐκ

2169 5166 2511 5238 ἀνεχομένων
2541 5162 2714 5225 ἄλλως
2743 5162 2955 5224 ἑαυτοῖς
2992 5154 3356 5212 συνάπτεσθαι
3381 5196 3395 5217 ,
3422 5151 3615 5206 τοῦτον
3643 5153 3747 5204 εἰσι

2169 5262 2345 5333 ήγαγε
2373 5258 2465 5311 τὸν
2498 5256 2691 5327 νόμον,
2721 5254 2953 5307 ἄκουσον
2990 5249 3106 5312 πῶς
3144 5250 3170 5302 ὁ
3217 5246 3455 5319 Χριστὸς
3503 5244 3567 5297 16
3615 5240 3745 5298 αὐτὸ

2168 5351 2325 5406 τοῦτο
2351 5347 2680 5421 νομοθετῶν,
2715 5347 2783 5399 ού
2805 5345 2866 5398 τὸ
2903 5342 3037 5398 αὐτὸ
3063 5339 3310 5394 τέθεικεν
3349 5337 3605 5391 ἔπαθλον
3631 5334 3744 5388 ἀλλ’

2167 5440 2359 5505 εἰπὼν,
2410 5440 2492 5492 δτι
2530 5435 2822 5506 Ἀγαπᾶτε
2865 5432 3007 5499 τοὺς
3048 5429 3301 5501 ἐχθροὺς
3330 5425 3521 5506 ὑμῶν,
3548 5421 3747 5490 καλῶς

2167 5533 2386 5588 ποιεῖτε
2418 5530 2542 5597 τοῖς
2563 5528 2856 5600 μισοῦσιν
2877 5523 3054 5595 ὑμᾶς,
3087 5523 3223 5594 ὅπερ
3250 5520 3369 5573 ἐστὶ
3393 5517 3621 5590 τρέφειν
3652 5512 3747 5569 καὶ

2168 5626 2425 5689 ποτίζειν.
2452 5624 2552 5676 οὐκ
2573 5621 2874 5690 ἐπήγαγεν,
2898 5618 2979 5670 ὅτι
3014 5615 3184 5669 Τοῦτο
3205 5612 3315 5684 γάρ
3346 5609 3626 5672 ποιοῦντες
3655 5608 3744 5662 άν-

2167 5716 2345 5787 θρακα
2356 5733 2374 5779 ;
2399 5713 2569 5785 πυρὸς
2592 5710 2894 5784 σωρεύσετε
2911 5706 3116 5770 ἐπἰτάς
3132 5703 3373 5784 κεφαλάς
3391 5702 3594 5765 αὐτῶν,
3609 5699 3742 5754 ἀλλὰ

2167 5807 2253 5874 τίς
2282 5807 2480 5874 Ὅπως
2518 5800 2773 5877 γένησθε
2808 5801 2996 5873 ὅμοιοι
3031 5799 3136 5855 τοῦ
3177 5796 3404 5865 Πατρός
3442 5793 3605 5865 ὑμῶν
3639 5789 3742 5846 τοῦ
