4060 6252
324 443 411 499 181
1278 432 1342 489 IN
1383 430 1602 496 ILLUD,
1645 428 1702 483 SI
1736 425 2096 482 ESQRII‘INT
2139 425 2452 492 INlllICUS,
2498 425 2644 482 ETC.

314 560 566 622 nutritur,
591 563 840 626 congerat
870 552 1130 607 carbones
1171 546 1348 619 ignis?
1379 545 1501 600 “LBC
1526 544 1681 613 igitur
1701 551 1781 594 est
1810 541 1904 592 nli—

310 653 474 722 jectio
503 669 514 704 :
548 651 658 718 jam
690 663 814 700 vero
841 645 1036 698 solutio
1078 650 1160 696 est
1189 639 1453 703 addenda,
1485 648 1539 690 iit
1565 651 1629 690 ex
1663 635 1726 687 iis
1755 633 1904 702 ipsis,

311 762 432 816 (ιιηυ
463 741 624 796 verba
653 740 780 808 legis
805 735 1052 790 videntur
1081 747 1322 802 carpere,
1352 744 1563 784 omnem
1592 723 1908 794 legislatoris

314 833 632 904 sapientiam
683 837 931 884 accurate
958 838 1270 897 cognoscas.
1321 823 1576 890 Quaenam
1629 818 1786 889 igitur
1826 823 1909 870 est

315 927 512 983 solutio
527 925 552 976 7

386 1015 514 1070 Cum
539 1013 754 1068 inimicis
775 1008 1091 1064 reconciliari
1114 1022 1264 1077 grave
1292 1014 1337 1058 et
1382 1003 1600 1073 ili/ﬁciis.
1634 1029 1703 1038 ——
1726 997 1902 1052 Nove-

315 1118 400 1162 rat
449 1107 552 1160 hoc
602 1107 765 1174 probe
815 1115 1038 1170 tiiagniis
1081 1115 1143 1154 ac
1184 1109 1476 1168 generosus
1520 1094 1608 1146 ille
1647 1092 1747 1155 vir,
1791 1105 1904 1144 rem

314 1216 532 1270 gravem
561 1213 626 1252 ac
668 1196 950 1250 molestam
983 1206 1105 1246 esse
1144 1189 1393 1243 celeriter
1420 1203 1541 1240 cum
1573 1184 1788 1238 inimico
1816 1197 1904 1236 re-

314 1291 590 1349 ceiiciliari
621 1306 634 1344 :
667 1302 884 1358 gravem
915 1299 979 1339 ac
1016 1283 1294 1337 molestam
1329 1295 1434 1335 non
1463 1295 1528 1334 ex
1557 1295 1648 1332 sua
1673 1285 1860 1330 natura
1887 1315 1902 1339 ,

317 1384 412 1439 sed
457 1383 525 1436 ob
553 1389 786 1435 nostrain
818 1375 1101 1446 ignaviam.
1148 1375 1218 1427 At
1262 1373 1376 1443 ipse
1419 1386 1522 1425 non
1571 1367 1904 1423 reconciliari

322 1482 526 1529 tantum
580 1469 777 1540 jussit,
824 1465 917 1521 sed
959 1464 1117 1519 etiam
1157 1463 1335 1528 alere,
1364 1461 1506 1531 quod
1535 1458 1695 1528 priori
1742 1456 1907 1510 multo

317 1565 534 1637 gravius
566 1561 680 1615 fuit.
710 1559 766 1613 Si
796 1558 936 1612 enim
967 1553 1271 1623 conspectis
1301 1561 1503 1606 tantum
1535 1550 1638 1603 illis
1661 1591 1674 1613 ,
1713 1547 1803 1617 qui
1848 1560 1907 1599 se

320 1655 566 1712 molestia
606 1649 918 1712 affecerint,
960 1646 1248 1700 eﬁ'crantiir
1292 1642 1567 1706 nonnulli,
1594 1655 1699 1710 quo
1754 1647 1908 1708 pacto

320 1752 730 1814 adducerentur,
764 1757 820 1800 ut
843 1746 1051 1800 alerent
1079 1737 1408 1798 esurientes?
1433 1735 1568 1803 Quid
1594 1734 1714 1787 dico
1736 1774 1750 1799 ,
1779 1746 1909 1784 coii-

319 1843 544 1913 Spectis?
567 1839 624 1894 Si
649 1840 768 1909 quis
807 1836 1128 1890 mentionem
1161 1833 1368 1886 illortiin
1413 1827 1593 1883 fecerit
1620 1867 1632 1890 ,
1658 1835 1710 1879 ct
1737 1823 1906 1877 solum

319 1948 508 1988 eorum
556 1945 749 1984 nomen
795 1929 846 1980 in
894 1925 1122 1978 medium
1170 1918 1478 1992 protulerit,
1523 1914 1716 1969 tuentis
1757 1912 1910 1966 nobis

320 2025 515 2078 vulnus
540 2029 780 2086 renoi'at,
811 2030 859 2074 et
885 2016 1356 2072 inflammationem
1387 2017 1565 2080 auget.
1598 2007 1720 2061 Ilarc
1748 2003 1908 2074 igitur

321 2115 501 2169 omnia
531 2129 653 2168 cum
685 2111 1002 2180 intelligeret
1029 2107 1224 2161 Paulus
1243 2147 1256 2170 ,
1281 2114 1334 2156 et
1361 2103 1462 2155 hoc
1491 2099 1774 2155 emendato
1806 2094 1910 2148 dif-

325 2206 462 2260 ﬁcile
489 2213 543 2259 et
572 2203 796 2257 arduum
825 2200 980 2254 vellet
1015 2197 1168 2251 facile
1211 2193 1433 2250 reddere
1463 2201 1514 2246 et
1570 2189 1872 2259 expeditum
1894 2225 1910 2250 ,

325 2307 380 2352 et
425 2295 500 2350 illi
528 2293 852 2364 persuadere
877 2333 892 2357 ,
922 2291 1010 2359 qui
1057 2305 1123 2342 ne
1172 2287 1365 2342 intueri
1394 2283 1606 2354 quidem
1639 2281 1911 2336 inimicum

323 2390 592 2459 dignatur,
623 2398 678 2440 ut
707 2386 772 2440 ad
800 2385 935 2439 bene
951 2383 1018 2438 de
1049 2381 1138 2436 illo
1168 2378 1479 2434 merendum
1509 2391 1566 2430 se
1613 2384 1911 2446 promptum

323 2479 670 2544 ostenderet,
715 2477 976 2532 carbones
1033 2475 1168 2545 ignis
1214 2472 1413 2542 posuit,
1447 2479 1504 2524 ut
1542 2468 1786 2539 supplicii
1820 2481 1915 2535 spe

326 2578 627 2626 commotus
656 2569 721 2623 ad
765 2567 1081 2623 beneﬁcium
1133 2567 1184 2619 in
1219 2564 1366 2617 illum
1407 2561 1788 2616 conferendum
1827 2574 1916 2612 ac—

325 2672 525 2729 currat,
559 2678 587 2716 a
617 2677 721 2731 quo
746 2661 940 2715 damno
985 2659 1170 2713 fuisset
1207 2655 1447 2710 affectus.
1484 2654 1548 2708 Et
1573 2654 1707 2707 sicut
1739 2653 1909 2722 pisca‘

332 2767 416 2814 tor
441 2755 656 2809 hamum
713 2753 962 2808 illecebra
991 2751 1224 2820 conlegit
1275 2749 1538 2816 undique,
1584 2755 1800 2814 lituique
1837 2743 1915 2812 pi—

327 2849 506 2906 scibas
545 2847 760 2917 objicit,
795 2854 851 2900 ut
895 2845 960 2898 ad
994 2852 1304 2898 consuetum
1335 2841 1510 2894 cibum
1539 2848 1910 2899 occurrentes,

328 2943 420 2997 illo
457 2940 611 2995 facile
657 2939 932 3008 capiantur
959 2951 1022 2990 ac
1059 2935 1396 2989 detineantur
1427 2930 1540 2985 :sic
1587 2928 1834 2982 nimirum
1863 2935 1916 2980 et

328 3033 557 3100 Paulus,
585 3047 704 3086 cum
756 3029 1001 3084 affectum
1059 3026 1246 3096 injuria
1278 3023 1437 3079 vellet
1480 3022 1545 3075 :id
1598 3019 1914 3075 beneﬁcium

326 3124 710 3180 conferendum
740 3122 958 3175 incitare
986 3118 1042 3178 in
1070 3119 1216 3170 illum
1249 3115 1341 3185 qui
1373 3113 1616 3183 injiiriaiu
1645 3111 1913 3174 intulerat,

333 3232 438 3272 non
495 3214 698 3270 nudum
750 3211 1097 3284 philosOphize
1141 3208 1325 3278 objicit
1379 3207 1624 3271 hamum,
1657 3203 1751 3259 sed
1785 3211 1918 3256 tani-

323 3323 486 3380 quam
521 3305 767 3361 illecebra
793 3302 1019 3373 quadam
1047 3299 1366 3355 carbonibus
1388 3296 1521 3366 ignis
1545 3296 1836 3359 obtectum,
1867 3303 1918 3348 rt

321 3399 704 3456 contumeliam
754 3411 966 3466 passum
1009 3408 1104 3461 spe
1133 3389 1375 3460 supplicii
1419 3387 1485 3442 ad
1515 3387 1829 3441 beneﬁcium
1866 3385 1916 3436 in

322 3508 448 3550 eum
476 3490 859 3545 conferendum
887 3528 901 3554 ,
927 3487 1012 3556 qui
1045 3485 1198 3548 laesit,
1232 3485 1420 3536 invitat
1451 3499 1464 3536 :
1496 3497 1616 3534 mox
1652 3489 1829 3535 autem
1864 3490 1920 3534 ut

322 3584 558 3648 venerit,
586 3581 779 3636 deinde
819 3579 1053 3644 retinet,
1086 3591 1256 3645 neque
1294 3574 1504 3628 resilire
1531 3572 1676 3639 sinit,
1703 3590 1820 3628 cuin
1847 3573 1914 3626 ab

324 3680 439 3748 ipsa
463 3678 538 3730 rei
566 3685 748 3729 natura
775 3689 896 3728 cum
939 3670 1152 3725 inimico
1190 3668 1463 3737 jungatur,
1491 3679 1650 3737 atque
1683 3666 1764 3719 liis
1792 3680 1916 3734 pro-

327 3767 615 3842 i‘einotlum
639 3765 817 3820 verbis
848 3764 992 3816 illum
1015 3761 1206 3814 affatur
1231 3777 1244 3813 :
1275 3758 1389 3815 Non
1421 3761 1499 3814 vis
1527 3758 1736 3826 pic'atis
1761 3771 1918 3810 causa

325 3867 507 3920 cibarc
540 3862 684 3917 illum
711 3857 867 3931 quite
888 3855 1046 3909 liesit?
1067 3853 1256 3908 saltem
1286 3854 1354 3908 ob
1370 3867 1517 3920 spem
1539 3850 1749 3904 ultionis
1779 3849 1915 3902 ciba.

327 3960 440 4014 Scit
465 3958 608 4013 enim
657 3957 803 4016 fore,
833 3953 959 4007 utsi
1017 3948 1335 4004 beneficium
1381 3946 1432 3999 in
1481 3944 1626 3997 illum
1677 3942 1921 3996 conferre

328 4049 671 4121 aggrediatur
692 4087 705 4109 ,
749 4046 858 4115 jam
888 4055 996 4097 tum
1046 4041 1254 4095 initium
1283 4039 1408 4100 ﬁat,
1437 4050 1501 4090 ac
1529 4035 1610 4088 via
1653 4042 1923 4088 sternatur

329 4136 796 4197 reconciliationis.
828 4134 994 4190 Nemo
1016 4133 1178 4197 enim,
1213 4143 1370 4185 nemo
1401 4141 1649 4197 umquam
1681 4125 1871 4193 poterit
1891 4138 1920 4176 a

331 4247 390 4287 se
411 4231 667 4286 nutritum
690 4227 958 4283 hominem
988 4239 1051 4278 ac
1077 4231 1311 4292 potatiiiii
1340 4220 1587 4274 infestum
1620 4214 1921 4279 liabere,li-

331 4335 419 4383 eet
445 4325 597 4379 initio
622 4338 717 4393 spe
741 4319 954 4375 ultionis
985 4317 1036 4370 id
1056 4315 1282 4370 .fcccrit.
1311 4311 1591 4381 Temporis
1635 4309 1774 4363 enim
1801 4322 1922 4376 pro-

333 4431 522 4488 gressu
545 4415 637 4468 ira:
666 4411 936 4466 c0ntcntio
974 4407 1279 4462 remittitur.
1322 4403 1388 4458 Ut
1418 4403 1577 4472 igitur
1601 4399 1853 4468 piscator,
1875 4396 1920 4450 si

335 4507 534 4562 nudum
556 4506 769 4558 hamum
795 4501 1071 4570 objiceret,
1094 4497 1290 4565 piscem
1314 4507 1643 4561 nequaquam
1663 4489 1920 4550 alliceret;

333 4601 442 4670 jam
470 4611 598 4652 vero
618 4604 894 4666 postquam
925 4591 1071 4645 illum
1100 4588 1322 4650 obtexit,
1354 4585 1486 4638 claui
1521 4584 1571 4637 in
1600 4596 1660 4634 os
1681 4579 1924 4633 animalis

336 4689 644 4746 accedentis
687 4687 901 4740 hamum
950 4680 1185 4736 immittit
1219 4678 1333 4732 :sic
1361 4677 1520 4730 etiam
1559 4673 1750 4726 Paulus
1777 4711 1792 4735 ,
1824 4669 1926 4723 nisi

338 4798 512 4852 poena:
544 4775 997 4847 exspectationem
1024 4771 1308 4840 objeciSset
1330 4810 1343 4832 ,
1374 4764 1577 4818 affectis
1606 4761 1794 4831 injuria
1821 4776 1924 4813 non

335 4873 714 4947 persuasisset,
745 4876 802 4922 ut
840 4866 904 4919 ad
939 4866 1071 4919 bene
1101 4859 1412 4914 iiii-reiidiiin
1459 4856 1525 4909 de
1553 4855 1656 4907 illis
1680 4869 1708 4906 a
1737 4851 1928 4921 quibus

340 4966 450 5020 laesi
485 4963 728 5023 fuissent,
756 4959 990 5012 animum
1034 4952 1380 5024 appellercnl.
1426 4946 1574 5012 Quod
1617 4944 1772 5014 igitur
1810 4942 1928 4996 illos

344 5055 672 5124 refugientes
698 5093 712 5117 ,
747 5065 887 5120 a‘gre
913 5047 1164 5108 ferentes,
1192 5055 1244 5097 et
1275 5041 1352 5095 vel
1381 5040 1539 5093 etiam
1581 5037 1820 5090 inimicos
1850 5035 1928 5087 in-

339 5151 476 5204 tueri
503 5147 862 5200 detrectantes
905 5141 1120 5195 ﬂectere
1151 5137 1340 5199 vellet,
1373 5144 1531 5202 atque
1575 5131 1640 5184 ad
1670 5130 1786 5184 illos
1814 5144 1928 5181 nia-

342 5238 501 5293 ximis
528 5235 802 5290 beneﬁciis
828 5230 1174 5287 cumulandos
1202 5227 1422 5280 incitare
1441 5266 1454 5288 ,
1479 5224 1768 5278 carbonum
1797 5219 1931 5289 ignis

343 5329 470 5384 fecit
515 5327 878 5390 mentionem,
913 5339 1016 5376 non
1057 5330 1113 5374 nt
1162 5320 1213 5372 in
1263 5317 1576 5386 supplicium
1629 5311 1932 5367 inevitabile

339 5425 466 5477 illos
488 5419 798 5487 conjicerct,
814 5415 905 5469 sed
926 5424 980 5466 ut
999 5427 1117 5466 cum
1142 5409 1244 5464 illis
1261 5408 1346 5476 qui
1367 5407 1574 5459 fuerant
1591 5405 1779 5472 injuria
1800 5401 1931 5468 laesi,

345 5510 698 5581 persuasisset
740 5503 1098 5574 exspectando
1127 5500 1441 5569 supplicium
1476 5497 1610 5551 bene
1651 5493 1844 5548 mereri
1869 5493 1936 5548 de

345 5604 598 5667 inimicis,
620 5599 833 5655 tandem
863 5611 1140 5669 progressu
1171 5592 1426 5663 temporis
1455 5589 1614 5644 etiam
1646 5585 1933 5658 persuade-

348 5704 429 5751 ret
452 5695 577 5760 illis,
603 5701 663 5747 ut
689 5693 821 5746 iram
846 5703 1058 5745 omnem
1082 5686 1427 5755 deponerent.

421 5793 476 5846 6.
509 5793 682 5858 Atque
709 5786 856 5841 illum
885 5781 1095 5853 quidem
1123 5779 1212 5850 qui
1249 5792 1436 5847 passus
1462 5773 1706 5844 injuriam
1739 5771 1930 5835 fuerat,

355 5885 431 5942 sic
482 5883 780 5953 mitigavit;
815 5877 932 5934 vide
962 5886 1137 5930 autem
1160 5887 1264 5941 quo
1289 5883 1439 5940 pacto
1471 5869 1615 5925 illum
1656 5866 1813 5932 etiam
1842 5865 1931 5944 qui

3504 434 3606 490 £82

2020 537 2264 604 injiiriain
2316 540 2600 605 intulerat,
2644 557 2762 596 cum
2817 543 2946 602 licso
2990 547 3311 602 reconciliet.
3367 549 3603 608 I‘riiniint

2017 627 2229 698 quidem
2258 630 2372 698 ipso
2396 646 2596 700 genere
2621 631 2865 688 beneﬁcii
2891 653 2904 689 :
2938 636 3114 692 nullus
3136 639 3276 694 enim
3302 650 3406 697 tam
3440 645 3604 698 miser

2017 728 2068 771 et
2100 718 2343 787 stupidus
2384 730 2482 782 est,
2516 723 2605 791 qui
2651 731 2860 792 pot-atus
2899 740 2962 780 ac
3001 726 3121 781 cibo
3173 727 3401 784 refectus
3427 771 3444 796 ,
3475 734 3599 786 nolit

2017 807 2134 876 ejus
2163 807 2275 862 ﬁeri
2303 823 2489 862 servus
2514 821 2568 865 et
2597 812 2819 875 amicus,
2854 828 2881 866 a
2908 815 3085 884 quoin
3115 817 3258 871 illum
3283 818 3378 873 ista
3407 820 3598 874 collata

2017 910 2177 954 sunt:
2211 901 2403 956 deinde
2427 918 2553 956 vero
2589 907 2828 974 stipplicii
2861 893 3022 962 metu.
3071 908 3200 963 Nam
3239 911 3446 970 videtur
3486 912 3594 982 qui-

2014 993 2134 1047 dem
2159 994 2407 1048 insectari
2438 1011 2558 1048 eum
2586 997 2676 1065 qui
2705 997 2876 1064 cibat,
2906 999 3030 1052 dum
3079 1002 3154 1054 ait
3182 1019 3195 1055 :
3227 1000 3336 1056 Hoc
3360 1005 3493 1063 enim
3517 1009 3606 1074 fit-

2013 1085 2148 1138 ciens
2168 1085 2405 1138 carbones
2427 1086 2556 1155 ignis
2577 1103 2812 1156 congeres
2839 1105 2990 1158 super
3015 1101 3168 1158 caput
3190 1095 3297 1166 ejus
3318 1108 3336 1147 ε
3359 1094 3451 1148 sed
3480 1109 3604 1152 (tum

2013 1175 2100 1242 qni
2135 1175 2268 1228 l;I?Sll.
2297 1176 2606 1244 perstringit
2637 1166 2987 1242 iiiaxime,'ut
3018 1157 3175 1250 hujus
3208 1157 3379 1252 pinna:
3414 1185 3610 1238 timore

2017 1267 2292 1335 perculsus
2340 1277 2624 1336 perpetuas
2668 1268 2969 1325 inimicitias
3019 1273 3237 1328 minime
3268 1274 3476 1343 foveat,
3509 1278 3605 1332 sed

2015 1358 2315 1428 intelligens
2361 1358 2513 1426 fore,
2551 1369 2610 1414 ut
2654 1363 2888 1417 maximo
2930 1363 3192 1420 afﬁciatur
3241 1365 3602 1435 detrimento,

2013 1450 2154 1519 quod
2194 1451 2398 1505 cibatus
2427 1467 2489 1505 ac
2517 1462 2726 1521 potatus
2756 1455 2948 1522 fuerit,
2975 1456 3018 1509 si
3059 1472 3272 1528 semper
3300 1460 3606 1516 inimicitias

2014 1552 2279 1607 exerceat,
2310 1543 2439 1595 iram
2467 1541 2716 1612 deponat.
2748 1544 2836 1599 Sic
2857 1561 3084 1616 namque
3109 1549 3298 1616 poterit
3327 1551 3462 1621 ignis
3487 1568 3606 1607 car-

2015 1636 2179 1689 bones
2198 1636 2550 1706 exstinguere.
2582 1637 2758 1705 Itaque
2778 1652 2931 1706 pmna
2959 1649 3008 1693 et
3032 1641 3344 1708 supplicium
3365 1647 3604 1714 prOposi-

2018 1737 2126 1780 tum
2151 1737 2256 1780 tum
2271 1744 2390 1782 etim
2411 1729 2499 1797 qui
2523 1727 2740 1783 allectus
2757 1737 2840 1784 est
2853 1729 3039 1800 injuria
3059 1731 3125 1786 ad
3147 1733 3460 1794 beneﬁcium
3479 1751 3608 1794 con-

2017 1819 2292 1873 ferendum
2327 1821 2511 1873 invitat
2538 1820 2587 1873 in
2617 1837 2737 1875 enni
2761 1821 2852 1891 qui
2870 1822 3040 1886 liesit,
3070 1831 3179 1877 tum
3212 1839 3338 1888 eum
3359 1828 3446 1896 qui
3478 1827 3599 1893 irri~

2022 1909 2150 1961 tavit
2182 1918 2344 1962 terret
2365 1917 2418 1963 et
2442 1910 2661 1976 excitat,
2690 1921 2848 1980 atque
2879 1912 3456 1972 adreconciliationem
3483 1934 3604 1982 cuni

2019 2017 2084 2056 co
2125 2001 2211 2070 qui
2263 2003 2380 2055 cibo
2412 2001 2598 2056 refecit
2621 2018 2682 2057 ac
2715 2004 2934 2072 potavit,
2969 2004 3210 2074 impellit.
3248 2007 3451 2077 Duplici
3479 2024 3607 2085 ergo

2021 2094 2227 2147 vinculo
2268 2096 2454 2149 ambos
2500 2096 2635 2149 inter
2664 2111 2723 2150 se
2768 2098 3070 2165 copulavit,
3104 2099 3273 2156 altero
3322 2101 3604 2172 beneﬁcii,

2018 2186 2188 2240 altero
2234 2187 2498 2256 supplicii.
2557 2187 2782 2242 Difﬁcile
2813 2189 3008 2258 quippe
3044 2201 3122 2245 est
3154 2191 3416 2263 incipere,
3449 2204 3608 2266 atque

2021 2278 2220 2331 aditum
2254 2279 2493 2334 invenire
2519 2281 2932 2335 reconciliationi
2965 2299 2977 2332 :
3013 2282 3098 2338 ubi
3122 2299 3251 2338 vero
3279 2296 3463 2355 aperta
3491 2287 3609 2344 lucc

2019 2385 2233 2440 quoquo
2282 2371 2440 2424 modo
2479 2370 2674 2437 fuerit,
2707 2387 2829 2441 qua:
2877 2382 3173 2440 sequuntur
3217 2374 3388 2429 facilia
3417 2385 3608 2432 cuncta

2020 2475 2176 2518 erunt
2204 2473 2257 2519 et
2299 2464 2564 2534 expedita.
2595 2465 2846 2532 Quamvis
2873 2467 3016 2520 enim
3060 2467 3212 2521 initio
3242 2483 3338 2537 Spe
3365 2470 3608 2538 supplicii
3663 2487 3668 2492 ‘

2021 2557 2110 2626 qui
2142 2556 2300 2610 liesus
2328 2566 2408 2610 est
2435 2557 2541 2612 alat
2563 2558 2834 2610 inimicum
2860 2599 2874 2622 ,
2909 2567 3084 2612 tamen
3112 2558 3236 2613 dum
3259 2560 3383 2627 alet,
3407 2562 3610 2621 amicus

2021 2647 2206 2701 evadet
2231 2689 2243 2712 ,
2274 2658 2326 2703 et
2372 2664 2542 2718 pinna:
2569 2649 2910 2719 cupiditatem
2945 2650 3141 2718 poterit
3188 2666 3256 2706 ex
3296 2652 3475 2707 animo
3497 2655 3610 2724 pel-

2024 2738 2156 2793 lere.
2186 2739 2319 2793 Cum
2348 2739 2492 2794 enim
2528 2739 2732 2794 amicus
2775 2740 3012 2794 redditus
3041 2739 3222 2807 fuerit,
3250 2757 3354 2795 non
3379 2743 3488 2812 jam
3519 2743 3609 2810 tali

2020 2844 2141 2883 cuin
2186 2832 2590 2898 exspectatione
2618 2830 2816 2900 poterit
2858 2845 3038 2885 secum
3078 2831 3477 2887 reconciliatum
3505 2850 3608 2887 nu-

2023 2923 2169 2977 trire.
2200 2922 2403 2976 Iliirsns
2431 2923 2474 2977 is
2500 2923 2590 2992 qui
2620 2923 2843 2976 oll‘endit
2886 2938 3008 2976 cum
3050 2923 3241 2978 viderit
3265 2939 3384 2978 eum
3417 2925 3505 2990 qui
3531 2927 3611 2980 af-

2022 3013 2191 3068 fectus
2224 3013 2393 3067 fuerat
2419 3014 2607 3081 injuria
2633 3055 2646 3079 ,
2675 3015 2846 3083 ipsum
2883 3013 3027 3068 alere
3062 3029 3125 3068 ac
3155 3023 3336 3083 potare
3365 3013 3606 3082 dignari,

2022 3107 2210 3160 saltem
2234 3106 2302 3158 ob
2345 3105 2444 3159 hoc
2485 3105 2656 3174 ipsum
2684 3145 2699 3170 ,
2730 3114 2780 3158 et
2827 3103 2896 3158 ob
2938 3112 3136 3158 metum
3171 3107 3339 3174 parati
3366 3105 3609 3176 siipplicii

2021 3195 2200 3250 odium
2241 3211 2399 3250 omne
2441 3196 2672 3264 deponet
2694 3235 2706 3258 ,
2737 3197 3076 3265 quantumvis
3106 3195 3329 3262 ferreus,
3361 3195 3608 3251 inhuma-

2023 3306 2121 3346 nus
2154 3298 2204 3346 et
2227 3288 2442 3344 adamas
2467 3287 2652 3354 luerit,
2681 3287 2821 3358 quod
2855 3295 2910 3343 et
2938 3286 3325 3344 humanitatem
3363 3303 3611 3342 reverea-

2025 3396 2109 3440 tur
2129 3388 2242 3454 ejus
2269 3401 2297 3438 a
2324 3400 2427 3454 quo
2455 3384 2708 3446 nutritur,
2741 3393 2793 3436 et
2821 3381 2960 3451 quod
2992 3381 3091 3436 sibi
3135 3392 3375 3452 paratum
3402 3381 3610 3450 suppli-

2023 3479 2164 3532 cium
2194 3475 2540 3540 reformidet,
2567 3473 2611 3528 si
2647 3481 2764 3541 post
2784 3473 3033 3526 alimenta
3065 3481 3316 3541 percepta
3361 3471 3607 3527 inimicus

2025 3584 2143 3624 esse
2175 3584 2277 3620 non
2306 3567 2536 3620 desinat.

2106 3659 2390 3713 Vincendus
2432 3656 2664 3710 inimicus
2705 3653 2975 3724 quomodo.
3020 3651 3186 3706 David
3224 3652 3276 3704 in
3313 3651 3465 3706 veteri
3503 3653 3613 3722 lege.

2024 3755 2225 3808 inimico
2255 3749 2514 3818 benefecit.
2534 3777 2607 3787 —
2635 3745 2834 3800 Idcirco
2874 3759 3046 3814 neque
3073 3743 3174 3799 huc
3214 3753 3380 3813 usque
3408 3753 3613 3803 tantum.

2024 3841 2442 3900 cobet-tationem
2465 3837 2732 3908 provexit,
2757 3835 2851 3890 sed
2880 3843 3156 3902 postquam
3181 3835 3452 3902 utriusque
3477 3835 3609 3887 iram

2026 3932 2318 4002 mitigavit,
2347 3929 2597 3997 deinceps
2618 3926 2778 3979 animi
2802 3925 3120 3979 sententiain
3151 3923 3370 3994 corrigit
3392 3923 3575 3978 dicens
3595 3940 3615 3989 :_

2031 4027 2152 4082 Noli
2168 4024 2340 4078 vincia
2358 4021 2491 4075 malo
2510 4020 2680 4091 (Rom.
2700 4017 2784 4074 12.
2797 4016 2859 4072 21
2876 4020 2891 4084 )
2906 4059 2911 4065 .
2929 4017 2983 4072 Si
2997 4017 3138 4071 enim
3156 4024 3384 4085 accepta:
3407 4015 3612 4084 injuriae

2026 4119 2337 4177 memoriam
2369 4112 2770 4170 conservaveris
2786 4154 2800 4178 ,
2825 4119 2879 4166 et
2904 4109 3082 4164 ulcisci
3105 4107 3338 4163 volueris
3359 4149 3374 4175 ,
3397 4107 3617 4165 vincere

2025 4212 2238 4283 quidem
2272 4207 2540 4263 inimicum
2579 4204 2808 4267 videris,
2848 4202 2943 4258 sed
2970 4217 3000 4256 a
3031 4201 3172 4256 malo
3202 4199 3429 4255 vinceris
3449 4240 3465 4265 ,
3512 4200 3614 4254 hoc

2026 4311 2143 4366 est,
2195 4301 2261 4352 ab
2293 4301 2387 4352 ira.
2435 4297 2616 4366 Itaque
2649 4295 2695 4349 si
2741 4295 2954 4348 vincere
2995 4291 3182 4367 cupis,
3229 4290 3611 4356 reconciliare,

2029 4409 2127 4447 nec
2155 4390 2427 4444 ulciscere.
2451 4386 2573 4440 Ilaec
2589 4386 2730 4439 enim
2760 4395 2840 4438 cst
2859 4382 3109 4452 pricclara
3128 4381 3344 4435 victoria
3363 4421 3379 4447 ,
3400 4379 3616 4450 quando

2029 4485 2080 4540 iu
2121 4484 2291 4545 bono,
2325 4481 2426 4534 hoc
2469 4487 2582 4544 est,
2629 4476 2883 4546 patientia
2927 4473 3124 4528 malum
3163 4472 3362 4538 vincis,
3407 4471 3612 4538 abjecta

2030 4589 2249 4648 prorsus
2276 4571 2544 4628 iracundia
2569 4581 2620 4624 et
2639 4568 2946 4637 iiijiiriariim
2973 4563 3248 4620 memoria.
3274 4563 3467 4617 Verum
3499 4561 3616 4616 hinc

2030 4668 2189 4724 verba
2217 4682 2319 4720 non
2344 4665 2549 4718 tulisset
2584 4677 2614 4714 a
2656 4657 2947 4728 principio,
2988 4656 3078 4726 qui
3117 4655 3276 4709 lmsus
3316 4652 3522 4719 fuerat,
3561 4661 3618 4706 ct

2031 4760 2108 4814 ira
2153 4756 2405 4810 tumebat.
2445 4752 2738 4820 Propterea
2786 4762 2905 4800 cum
2952 4745 3178 4815 primum
3222 4743 3336 4813 ejus
3381 4741 3613 4795 furorem

2031 4847 2390 4908 exsaturavit,
2436 4852 2544 4897 tum
2589 4840 2654 4895 ad
2692 4839 2946 4907 optimam
2991 4835 3138 4889 illum
3169 4831 3617 4888 reconciliationis

2032 4955 2244 4996 causam
2283 4934 2543 4999 traduxit,
2579 4946 2748 5000 neque
2791 4944 2948 4998 prava
2979 4925 3221 4997 supplicii
3252 4939 3346 4994 spe
3387 4922 3616 4977 detineri

2032 5032 2294 5104 permisit.
2329 5027 2491 5082 Vides
2547 5023 2858 5094 sapientiam
2921 5017 3275 5090 legislatoris?
3327 5019 3499 5086 Atque
3564 5025 3620 5068 ut

2035 5122 2300 5191 intelligas
2322 5128 2537 5190 prOpter
2565 5115 2923 5170 inﬁrmitatem
2945 5127 3162 5177 eorum,
3191 5111 3277 5179 qui
3300 5109 3454 5163 aliter
3485 5108 3622 5160 inter

2036 5229 2095 5269 se
2124 5229 2229 5268 non
2258 5217 2504 5281 poterant
2547 5206 2814 5276 copulari,
2849 5205 3017 5273 legem
3058 5200 3194 5255 hanc
3227 5201 3294 5254 ab
3325 5199 3415 5252 illo
3461 5197 3623 5251 fuisse

2038 5308 2301 5361 invectam
2325 5344 2338 5366 ,
2366 5301 2487 5354 audi
2511 5315 2616 5369 quo
2639 5306 2793 5369 pacto
2821 5294 3065 5350 Christus
3095 5291 3196 5346 hoc
3223 5292 3394 5358 ipsum
3426 5287 3621 5356 princi-

2040 5401 2220 5472 piens,
2273 5413 2376 5451 non
2421 5395 2521 5448 hoc
2572 5394 2744 5463 ipsum
2795 5389 3069 5460 priemium
3116 5380 3488 5453 proposuerit;
3529 5376 3627 5433 sed

2038 5470 2160 5548 cum
2205 5490 2462 5545 dixisset:
2497 5486 2706 5555 Diligite
2744 5481 2972 5535 inimicos
3005 5486 3213 5537 uestros,
3247 5471 3520 5542 benefacite
3549 5470 3635 5522 liis

2040 5587 2124 5658 qui
2144 5585 2356 5639 oderunt
2383 5598 2466 5636 vos
2491 5580 2510 5652 (
2535 5578 2719 5633 Matth.
2749 5576 2803 5630 5.
2839 5573 2954 5643 Μ),
2988 5572 3090 5629 hoc
3114 5578 3217 5635 est,
3245 5567 3416 5621 cibate
3442 5579 3505 5620 ac
3535 5578 3637 5633 p0-

2043 5656 2152 5734 tum
2179 5677 2323 5742 date,
2347 5689 2452 5727 non
2473 5668 2725 5741 adjecerit
2751 5685 2762 5719 :
2789 5666 2900 5720 Iloc
2927 5663 3068 5718 enim
3095 5659 3348 5715 facientes
3370 5656 3634 5712 carbones

2043 5771 2180 5841 ignis
2209 5763 2507 5837 congeretis
2549 5766 2709 5831 super
2747 5757 2920 5827 capita
2950 5755 3195 5818 illorum;
3236 5749 3328 5806 sed
3369 5748 3530 5818 quid?
3576 5743 3637 5829 ξι

2045 5835 2231 5916 similes
2261 5835 2394 5930 [iotis
2426 5856 2567 5910 Patri
2599 5863 2778 5920 vestro,
2808 5851 2890 5916 qui
2924 5850 2972 5903 in
3003 5847 3137 5903 cwlis
3163 5853 3252 5901 at.
3304 5841 3512 5897 Merito.
3543 5835 3635 5889 Pe-
