4060 6252
409 370 511 425 185

408 494 545 537 trmn
572 482 734 545 enim,
765 481 1017 537 Jacobum
1040 490 1092 537 et
1111 481 1368 538 Joannem
1395 498 1459 539 ac
1485 483 1743 554 reliquum
1771 493 1985 551 aposto-

408 573 578 626 lorum
612 583 805 625 emtum
827 572 1189 642 alloquebatur
1217 591 1231 627 :
1267 585 1544 643 propterea
1569 574 1841 643 prtcmium
1867 572 1993 628 illud

409 664 699 733 prepositit.
747 661 898 730 Quod
944 664 985 717 si
1018 663 1167 719 dicas
1197 665 1296 719 hac
1327 681 1537 735 quoque
1584 665 1793 719 ratione
1830 679 1994 733 grave

404 769 526 808 esse
552 764 895 822 praeceptum,
921 754 1176 823 majorem
1200 764 1254 809 tu
1278 755 1489 826 quidem
1518 756 1669 810 nobis
1690 754 1995 824 suppeditas

406 843 773 899 defensionem
819 861 913 914 pro
960 845 1143 909 Paulo,
1172 855 1224 900 te
1258 861 1384 900 vero
1411 860 1626 914 prorsus
1654 846 1797 899 omni
1841 844 1995 898 venia

411 936 607 1004 privas.
631 935 767 1004 Quid
812 935 919 989 ita?
947 936 1096 1004 Quod
1125 936 1372 991 nimirum
1397 936 1499 990 hoc
1526 935 1668 1006 quod
1698 951 1817 990 esse
1836 949 1996 1004 grave

410 1024 635 1091 videtur,
668 1026 719 1079 in
746 1024 924 1080 Veteri
951 1026 1291 1081 Testamento
1316 1027 1408 1081 tibi
1436 1026 1709 1081 ostendam
1738 1040 1856 1081 esse
1876 1040 1999 1094 per-

412 1116 650 1185 fectum,
704 1133 811 1188 quo
867 1125 1107 1187 tempore
1159 1119 1392 1174 nondum
1444 1129 1600 1173 tantie
1652 1118 1998 1188 philosophia:

413 1210 685 1280 specimen
731 1210 929 1266 editum
976 1212 1164 1265 fuerat.
1207 1212 1488 1281 Propterea
1536 1226 1763 1280 namque
1808 1210 1999 1264 Paulus

414 1302 573 1357 etiam
609 1317 713 1358 non
743 1304 855 1358 suis
893 1304 1067 1357 verbis
1103 1304 1269 1372 legem
1313 1304 1641 1369 introduxit,
1676 1303 1767 1356 sed
1812 1301 1997 1356 iisdem

415 1394 543 1462 ipsis
589 1396 770 1451 verbis
813 1411 939 1450 usus
988 1405 1087 1459 est,
1122 1397 1313 1465 quibus
1365 1396 1474 1461 ille,
1525 1397 1611 1466 qui
1662 1411 1690 1449 a
1740 1396 2001 1465 principio

417 1485 583 1552 ipsam
615 1500 645 1539 a
667 1501 725 1540 se
754 1486 914 1540 latam
948 1486 1164 1552 invexit,
1197 1496 1251 1540 ut
1279 1487 1454 1540 nullus
1479 1487 1646 1540 venia:
1669 1485 1816 1540 locus
1842 1487 2004 1540 relin-

416 1585 670 1642 queretur
695 1576 779 1639 iis,
813 1577 901 1644 qui
943 1593 1048 1631 non
1076 1577 1216 1631 illam
1246 1577 1644 1632 ohservassent.
1675 1577 1803 1631 Illud
1835 1578 1999 1643 enitn,

419 1669 480 1722 Si
506 1669 732 1723 esurierit
763 1670 994 1725 inimicus
1024 1679 1159 1737 tuus,
1182 1670 1291 1724 ciba
1314 1670 1459 1723 illum
1477 1687 1496 1734 ;
1516 1670 1558 1723 si
1585 1671 1707 1735 sitit,
1738 1678 1911 1739 potum
1937 1670 2005 1723 da

416 1761 529 1825 illi,
562 1776 664 1815 neu
715 1762 858 1815 Pauli
904 1763 1132 1832 primum
1175 1772 1257 1818 est
1299 1763 1528 1830 dictum,
1562 1764 1655 1818 sed
1704 1764 2005 1818 Salomonis

423 1851 603 1919 (Prov.
623 1852 711 1907 25.
730 1854 817 1908 2|.
838 1854 1243 1924 9.9.).Propterea
1270 1855 1428 1909 verba
1460 1856 1649 1925 posuit,
1682 1865 1735 1909 ut
1777 1854 2005 1909 audituri

420 1945 793 2013 persuaderet,
845 1946 1207 2015 turpissimum
1262 1961 1380 2002 esse
1409 1957 1640 2002 veterem
1692 1949 1895 2016 legem,
1953 1954 2008 2000 et

418 2051 577 2104 quain
606 2036 808 2107 antiqui
836 2036 1141 2108 frequenter
1163 2038 1602 2107 adimpleverunt,
1628 2054 1749 2107 qua)
1776 2053 1912 2092 nunc
1940 2037 2004 2091 ad

422 2134 618 2179 tantam
647 2136 827 2182 evecta
856 2139 933 2181 est
968 2128 1379 2199 philosophiam,
1407 2144 1621 2199 gravem
1649 2140 1703 2184 et
1729 2128 2005 2183 molestam

422 2218 613 2285 ptttari.
659 2217 723 2272 Et
753 2219 871 2288 quis
921 2220 1064 2274 illam
1111 2235 1178 2274 cx
1224 2221 1455 2290 antiquis
1497 2220 1823 2289 adimplevit,
1870 2221 2011 2277 dicet

421 2308 649 2380 aliquis?
671 2309 816 2364 Multi
845 2325 974 2366 sane
998 2311 1108 2375 alii,
1136 2310 1228 2365 sed
1252 2311 1416 2366 David
1441 2312 1733 2381 prmsertim
1753 2311 2008 2379 majorem

422 2401 474 2454 in
509 2401 743 2455 modum.
773 2401 885 2456 Non
911 2402 1052 2457 enim
1083 2402 1278 2457 eibavit
1299 2403 1591 2464 inimicum,
1627 2418 1798 2472 neque
1831 2414 2009 2471 potum

422 2491 571 2546 dedit
599 2493 646 2545 ei
695 2502 922 2559 tantum,
964 2493 1057 2548 sed
1103 2492 1265 2547 etiam
1312 2494 1698 2563 periclitantem
1745 2494 1939 2562 smpius
1980 2508 2010 2547 a

427 2593 600 2636 morte
630 2583 892 2650 liberavit,
921 2593 1116 2638 etcum
1140 2594 1320 2654 posset
1347 2585 1519 2655 ip-um
1550 2585 1815 2650 occidere,
1845 2585 2011 2639 semel

424 2688 471 2730 et
505 2676 583 2730 his
612 2685 664 2731 et
711 2678 904 2747 saepius
952 2677 1205 2748 pepercit.
1253 2680 1329 2733 Ae
1368 2677 1495 2734 Saﬁl
1520 2677 1733 2748 quidem
1777 2678 1853 2732 sic
1889 2692 2012 2733 eum

423 2766 612 2822 oderat
640 2775 695 2822 et
730 2769 1076 2823 aversabatur
1108 2779 1229 2839 post
1271 2770 1547 2825 innumera
1574 2769 1851 2834 beneficia,
1894 2778 2015 2838 post

427 2867 623 2927 tropica
658 2861 929 2929 pratclara,
956 2868 1009 2914 et
1053 2871 1255 2931 partam
1282 2862 1538 2917 adversus
1568 2862 1778 2918 Golith
1818 2864 2014 2933 pepulo

425 2950 673 3015 salutem,
706 2961 848 3005 utne
869 2951 1098 3005 nominis
1124 2951 1338 3021 quidem
1363 2953 1529 3023 ipsius
1555 2953 1875 3007 mentionem
1900 2952 2014 3007 lleri

424 3043 739 3109 sustineret,
766 3042 859 3098 sed
898 3045 1068 3113 ipsum
1113 3060 1143 3099 a
1175 3055 1323 3115 patre
1350 3044 1674 3115 designaret.
1711 3044 1840 3098 Cum
1872 3046 2014 3099 enim

427 3130 737 3188 s’olemnitas
762 3135 1084 3201 advenisset,
1126 3136 1376 3207 quoniam
1401 3151 1522 3191 cum
1563 3135 1716 3191 dolos
1761 3138 2017 3192 texuisset

427 3225 634 3295 aliquos
675 3235 729 3279 et
768 3242 956 3294 graves
1002 3227 1222 3282 insidias
1270 3228 1323 3282 in
1354 3243 1475 3282 eum
1519 3229 1819 3293 struxisset,
1868 3228 2015 3283 illum

429 3315 639 3368 venisse
660 3330 763 3368 non
791 3315 1021 3381 videbat,
1051 3316 1147 3371 Ubi
1173 3327 1263 3384 est,
1289 3318 1478 3387 inquit,
1502 3317 1796 3387 ﬁliuslme
1815 3319 1862 3389 (Ι
1884 3318 2013 3391 Reg.

428 3404 518 3460 ‘20.
559 3402 871 3475 ‘27)?lllum
923 3406 1135 3477 quidem
1188 3423 1217 3461 a
1278 3417 1424 3477 patre
1471 3408 1800 3480 designabat,
1860 3411 2016 3467 simul

432 3495 646 3564 quidem
690 3512 794 3552 non
837 3498 1109 3552 sustinens
1139 3503 1253 3567 ejus
1288 3499 1515 3554 nominis
1555 3517 1663 3570 prae
1692 3501 1814 3556 odio
1853 3502 2017 3556 nimio

433 3587 763 3654 meminisse,
795 3588 951 3642 simul
984 3605 1109 3643 vero
1142 3590 1453 3644 existimans
1483 3591 1811 3660 ignobilitate
1853 3595 2017 3661 patris

432 3692 589 3745 posse
612 3679 739 3746 justi
788 3680 1078 3733 claritatem
1117 3681 1414 3749 obscurari,
1444 3698 1563 3751 quae
1601 3684 1782 3752 opinio
1823 3686 2015 3741 misera

430 3769 587 3836 plane
608 3769 701 3823 fuit
725 3778 777 3825 et
808 3769 1017 3836 infelix;
1047 3774 1339 3840 praesertim
1362 3789 1482 3827 enm
1509 3774 1639 3828 nihil
1670 3774 1770 3829 hoc
1797 3775 2019 3843 deberet

432 3876 623 3917 nocere
652 3862 853 3931 Davidi,
881 3865 1121 3933 quamvis
1144 3864 1359 3935 aliquod
1389 3866 1593 3935 parenti
1622 3867 1823 3920 crimen
1856 3868 2015 3937 ohjiei

431 3960 627 4018 po--set.
656 3952 853 4007 Rerum
884 3955 1025 4008 enim
1052 3969 1081 4007 a
1112 3970 1169 4008 se
1196 3964 1463 4024 gestarum
1494 3955 1757 4011 rationem
1792 3959 2017 4013 reddere

428 4041 589 4096 debet
617 4044 1002 4114 unusquisque,
1023 4054 1180 4113 atque
1202 4060 1266 4098 ex
1296 4046 1402 4099 illis
1429 4046 1510 4100 vel
1543 4047 1749 4101 laudem
1774 4090 1787 4112 ,
1817 4049 1901 4102 vel
1936 4051 2016 4102 vi-

433 4136 695 4205 tuperiutn
723 4148 977 4190 meretur.
1009 4136 1128 4190 Jam
1157 4152 1282 4191 vero
1303 4153 1424 4192 cum
1453 4139 1654 4192 nullum
1686 4140 1861 4194 scelus
1891 4157 2017 4210 pos-

429 4234 511 4279 set
540 4226 803 4293 objicere,
844 4228 1054 4294 generis
1097 4226 1477 4296 ignobilitatem
1519 4227 1569 4281 in
1618 4229 1848 4283 medium
1892 4246 2015 4299 pro-

432 4314 583 4367 tulit:
615 4321 668 4366 et
695 4314 791 4368 hac
821 4316 1025 4370 ratione
1051 4315 1283 4384 speravit
1307 4331 1365 4371 se
1398 4333 1553 4385 posse
1580 4319 1876 4373 claritatem
1899 4320 2016 4389 ejus

431 4401 736 4470 obscurare,
769 4405 912 4475 quod
938 4414 1195 4460 extremae.
1226 4405 1321 4461 fuit
1348 4408 1649 4463 dementim.
1692 4411 1841 4476 Quod
1875 4413 2015 4466 enim

427 4492 630 4548 crimen
656 4506 737 4550 est
765 4511 827 4551 ex
858 4496 1045 4551 vilibus
1083 4506 1135 4552 et
1168 4497 1452 4553 humilibus
1477 4511 1649 4554 ortum
1681 4516 1797 4557 csse
1826 4519 2019 4572 paren-

428 4583 610 4639 tibus?
663 4586 732 4639 At
785 4587 876 4641 ille
931 4595 1129 4641 tantam
1179 4588 1566 4658 philosomtiam
1620 4606 1723 4645 non
1770 4594 2014 4648 callebat.

427 4677 554 4731 Saitl
599 4678 757 4748 igitur
798 4694 919 4733 eum
966 4680 1118 4735 Jesse
1145 4682 1312 4736 lilium
1339 4683 1591 4748 vocabat;
1636 4684 1798 4737 David
1839 4694 2016 4740 autem

425 4785 549 4825 cum
580 4770 722 4825 illum
753 4773 894 4828 intus
923 4774 973 4828 in
1006 4776 1253 4845 spelunca
1288 4775 1639 4833 dormientem
1673 4778 2013 4847 offendisset,

429 4879 536 4918 non
563 4881 684 4919 eum
717 4864 881 4921 lilium
927 4866 1035 4932 Cis,
1086 4870 1180 4925 sed
1208 4870 1482 4941 dignitatis
1522 4872 1737 4927 nomine
1778 4874 2009 4928 vocavit:

429 4953 555 5010 Non
585 4958 717 5011 enim
745 4960 971 5030 injiciam
1012 4979 1218 5015 manum
1257 4980 1439 5032 meam,
1470 4965 1658 5035 inquit,
1690 4967 1740 5019 in
1776 4967 2019 5021 curiatum

432 5045 640 5099 Domini
671 5048 745 5118 (t.
772 5050 881 5121 Reg
923 5051 1012 5106 26.
1041 5053 1146 5123 ll).
1178 5052 1267 5109 Sic
1291 5053 1357 5109 ab
1378 5055 1455 5109 ira
1476 5055 1707 5110 mundus
1730 5064 1847 5111 erat
1871 5064 1923 5111 et
1951 5058 2018 5112 ab

431 5134 746 5203 injuriarum
789 5140 931 5193 onmi
973 5143 1267 5197 memoria:
1298 5143 1557 5199 ehristum
1604 5145 1814 5200 Domini
1861 5156 2018 5202 vocat

428 5241 572 5291 eum,
604 5243 633 5280 a
663 5244 768 5297 quo
801 5239 878 5284 tot
905 5231 1124 5288 allectus
1169 5244 1284 5289 erat
1316 5235 1545 5306 injuriis,
1586 5239 1674 5308 qni
1705 5242 2014 5310 sanguinem

427 5316 543 5381 eius
585 5318 818 5387 sitiebat,
863 5330 917 5377 et
965 5333 1081 5393 post
1128 5325 1403 5380 innumera
1449 5326 1707 5383 beneficia
1747 5331 2017 5386 multoties

428 5409 577 5461 illum
610 5425 890 5481 aggressus
917 5424 999 5469 est
1039 5415 1367 5472 interimere.
1397 5416 1512 5473 Non
1537 5420 1678 5474 enim
1720 5422 2012 5491 spectabat,

428 5499 556 5567 quid
607 5503 696 5583 illo
743 5506 849 5572 pati
894 5509 1328 5577 commeruisset;
1382 5511 1477 5566 sed
1529 5514 1832 5582 spectabat,
1891 5517 2016 5586 quid

428 5594 602 5659 ipsum
649 5595 823 5651 facere
855 5600 936 5655 vel
985 5599 1165 5657 dicere
1212 5604 1554 5671 conveniret,
1602 5606 1690 5676 qui
1735 5622 2017 5676 supremus

429 5682 586 5738 limes
622 5694 703 5739 est
742 5688 1108 5760 philosopltim.
1138 5694 1411 5760 Quodnam
1442 5696 1567 5750 illud
1598 5697 1853 5753 tandem?
1878 5708 2015 5751 tatu-

429 5789 590 5845 quam
635 5777 684 5830 in
731 5792 944 5835 carcere
991 5789 1177 5838 tenens
1230 5784 1496 5841 inimicum
1543 5786 1734 5855 duplici
1782 5787 2012 5843 vinctum

1114 369 1170 425 S.
1210 348 1490 433 JOANNIS
1528 364 2007 427 CHRYSOSTOMI
2037 364 2360 422 ARCHIEP.
2388 367 2920 425 CONSTANTl-NOP.

3589 372 3701 427 ίδι

2103 479 2361 549 compede
2385 481 2468 537 vel
2494 482 2682 553 triplici
2715 484 2908 553 potius,
2939 490 2993 538 et
3023 484 3281 552 angustiis
3306 484 3429 551 loci,
3462 492 3516 538 et
3535 484 3698 538 auxi—

2101 572 2347 627 liatorum
2374 574 2572 643 inOpia,
2612 585 2666 629 et
2696 576 2869 629 somni
2916 577 3256 643 necessitate,
3284 592 3390 632 non
3426 579 3595 649 exigis
3622 580 3699 637 ab

2102 663 2192 717 illo
2216 678 2400 733 pinnas
2440 680 2538 719 nec
2564 666 2922 735 supplicium?
2951 665 3316 737 Nequaquam,
3343 670 3533 739 inquit.
3574 670 3695 725 Non

2100 753 2243 807 enim
2284 755 2412 825 quid
2463 756 2551 811 ille
2605 756 2712 827 pati
2742 767 3011 812 mereatur
3053 775 3192 813 nunc
3237 761 3541 828 considero,
3595 763 3696 818 sed

2101 844 2227 911 quid
2254 845 2440 900 fecisse
2471 863 2555 902 me
2580 847 2850 902 decuerat.
2877 847 2992 902 Non
3023 850 3341 918 respiciebat
3366 853 3527 907 caedis
3557 852 3695 907 faci-

2102 936 2324 1005 litatem,
2354 938 2448 993 sed
2469 941 2839 995 convenientis
2856 941 2954 995 sibi
2975 941 3326 1011 philosophia:
3352 946 3692 999 sanctitatem

2104 1027 2439 1096 respiciebat.
2471 1029 2704 1084 Tametsi
2757 1030 2881 1098 quid
2931 1047 3114 1085 eorum
3155 1049 3273 1102 qua:
3304 1042 3431 1089 tunc
3469 1035 3699 1089 aderant

2106 1133 2209 1171 non
2252 1118 2498 1174 idoneum
2529 1130 2644 1176 erat
2671 1122 2736 1176 ad
2768 1123 2913 1176 illum
2946 1124 3011 1177 ad
3040 1124 3243 1179 eaedem
3273 1126 3698 1197 impellendum?

2105 1208 2255 1274 Quod
2301 1211 2509 1266 vinctus
2552 1214 2599 1266 ei
2641 1213 2865 1267 traditus
2900 1222 3015 1269 erat
3041 1215 3325 1271 inimicus?
3358 1218 3517 1272 Scitis
3545 1218 3691 1273 enim

2110 1300 2211 1354 hoc
2234 1302 2505 1371 nimirum,
2526 1321 2622 1359 nos
2653 1305 2717 1359 ad
2746 1322 2809 1360 ea
2841 1308 3178 1378 exsequenda
3204 1310 3500 1378 promptius
3526 1310 3700 1365 advo-

2107 1392 2239 1457 lare,
2290 1410 2407 1465 qua:
2460 1397 2725 1452 facilitatis
2780 1398 2935 1467 plena
2980 1410 3124 1463 sunt,
3178 1410 3233 1455 et
3282 1403 3521 1471 prosperi
3574 1417 3705 1474 spes

2106 1499 2386 1540 successus
2414 1486 2598 1552 efficit,
2652 1498 2710 1543 ut
2732 1488 2799 1542 ad
2839 1504 2950 1543 rem
2979 1491 3237 1559 agendam
3269 1491 3455 1560 majori
3489 1492 3699 1561 cupidi-

2110 1584 2216 1631 tate
2245 1578 2670 1643 exardescamus,
2699 1579 2841 1650 quod
2869 1590 2924 1634 et
2953 1580 3005 1634 in
3038 1581 3131 1634 illo
3163 1591 3271 1635 tum
3303 1582 3517 1637 accidit.

2179 1667 2284 1721 Cur
2309 1667 2470 1722 Satilo
2494 1669 2769 1738 pepercerit
2786 1669 2968 1723 David.
2998 1669 3213 1725 Doridis
3237 1680 3423 1739 quanta
3449 1672 3693 1726 virtus.—

2108 1756 2374 1827 Numquid
2403 1768 2510 1813 tum
2538 1761 2804 1815 exercitus
2831 1760 2938 1815 dux
2979 1761 3291 1816 consulebat
3320 1772 3374 1816 et
3403 1762 3701 1817 incitabat?

2113 1849 2365 1919 numquid
2395 1851 2784 1919 prmteritarum
2814 1867 2991 1906 rerum
3021 1852 3316 1905 memoria?
3344 1851 3448 1906 Sed
3482 1852 3611 1907 nihil
3634 1853 3702 1907 ad

2111 1941 2309 1995 eaedem
2342 1942 2486 1995 illum
2514 1942 2752 2010 impulit;
2784 1943 2890 1996 imo
2917 1942 3031 2013 ipsa
3068 1942 3230 1997 emdis
3257 1941 3482 1997 facilitas
3506 1959 3695 1999 avoca-

2112 2031 2230 2087 vit:
2284 2032 2529 2087 veniebat
2573 2034 2717 2087 enim
2774 2034 2849 2087 illi
2906 2034 2961 2087 in
3018 2043 3253 2089 mentem
3306 2034 3508 2088 idcirco
3536 2035 3702 2091 Dequ

2116 2124 2260 2177 illum
2292 2122 2570 2177 tradidisse
2594 2165 2608 2189 ,
2655 2132 2711 2177 ut
2755 2123 3013 2193 majorem
3048 2124 3121 2177 illi
3150 2124 3505 2193 pltilOSOphite
3531 2136 3703 2181 mate-

2117 2215 2246 2268 riam
2293 2223 2345 2269 et
2389 2216 2725 2270 occasionem
2771 2215 3049 2285 praeberet.
3084 2217 3161 2270 Ac
3191 2231 3284 2269 vos
3309 2216 3522 2285 quidem
3556 2216 3704 2272 illum

2116 2305 2340 2360 fortasse
2385 2306 2671 2369 miramini,
2718 2309 2857 2376 quod
2906 2308 3100 2362 nullius
3130 2323 3193 2362 ex
3224 2309 3513 2376 praeteritis
3554 2309 3705 2363 malis

2115 2397 2425 2450 recordatus
2471 2397 2577 2451 sit:
2609 2412 2708 2467 ego
2749 2413 2875 2453 Vero
2922 2408 3136 2468 propter
3165 2399 3305 2452 aliud
3336 2400 3502 2453 multo
3537 2400 3705 2470 majus

2117 2487 2289 2556 ipsum
2322 2490 2662 2557 obstupesco.
2693 2490 2829 2555 Quid
2859 2489 2987 2543 illud
3013 2490 3091 2544 rei
3119 2490 3239 2544 est?
3269 2488 3421 2558 Quod
3446 2506 3547 2547 nec
3571 2490 3707 2544 futu-

2116 2594 2296 2633 rerum
2333 2579 2544 2647 quidem
2592 2589 2766 2636 metus
2810 2595 2930 2634 eum
2972 2579 3039 2635 ad
3090 2580 3362 2634 inimicum
3410 2579 3705 2634 necandum

2116 2670 2405 2738 impulerit.
2454 2670 2659 2741 Quippe
2708 2671 2795 2740 qui
2828 2671 2992 2740 probe
3040 2681 3261 2726 noverat
3286 2687 3409 2725 eum
3450 2671 3613 2726 semel
3642 2687 3708 2725 ex

2118 2761 2285 2831 ipsius
2311 2764 2555 2818 manibus
2594 2764 2857 2833 elapsum,
2900 2778 3083 2818 rursus
3111 2765 3184 2818 illi
3222 2771 3549 2818 structuram
3581 2764 3709 2819 insi-

2117 2854 2236 2910 dias
2267 2874 2280 2911 :
2310 2856 2402 2911 sed
2450 2856 2630 2910 maluit
2672 2855 3035 2911 adversarium
3082 2856 3303 2911 liberum
3350 2856 3619 2911 dimittere
3649 2872 3710 2911 ac

2121 2948 2412 3017 periculum
2461 2950 2659 3013 subire,
2705 2964 2885 3019 quam,
2936 2959 2993 3003 ut
3034 2949 3222 3003 salutis
3273 2964 3386 3003 sua:
3438 2949 3708 3003 securitati

2119 3041 2444 3107 consuleret,
2478 3041 2681 3097 hostem
2715 3056 2924 3097 necare.
2967 3040 3103 3109 Quid
3124 3056 3245 3096 cum
3272 3057 3466 3111 magno
3495 3042 3586 3095 illo
3615 3056 3709 3110 ge-

2120 3145 2419 3201 tterosoque
2462 3131 2641 3187 animo
2683 3130 2913 3187 conferri
2961 3133 3149 3201 possit,
3191 3132 3303 3202 qui,
3349 3148 3471 3187 eum
3500 3132 3709 3185 oculum

2120 3223 2276 3280 ell‘odi
2323 3224 2407 3279 lex
2440 3240 2535 3294 pro
2577 3225 2732 3279 oculo
2770 3225 2973 3294 jubeat,
3001 3234 3053 3279 et
3080 3224 3294 3280 dentem
3323 3239 3420 3294 pro
3446 3222 3626 3289 dente,
3650 3238 3712 3277 ac

2121 3330 2218 3383 par
2246 3315 2356 3385 pari
2397 3317 2582 3371 referri
2612 3315 2785 3386 (Deut.
2816 3317 2904 3371 i9.
2932 3316 3044 3384 2|),
3078 3333 3183 3370 non
3216 3316 3375 3370 modo
3425 3316 3475 3370 id
3504 3332 3608 3369 non
3635 3316 3712 3370 fc—

2120 3406 2212 3471 eit,
2242 3407 2334 3461 sed
2360 3416 2413 3462 et
2437 3407 2602 3460 multo
2631 3407 2884 3477 majorem
2916 3406 3308 3478 philosophiam
3344 3422 3452 3475 prae
3478 3423 3538 3461 se
3568 3407 3710 3461 tulit!

2121 3497 2451 3568 Quamquam
2496 3499 2541 3554 si
2574 3508 2681 3553 tum
2726 3497 2941 3553 Saitlem
2990 3507 3253 3562 necasset,
3297 3499 3373 3551 sic
3398 3512 3609 3567 quoque
3640 3497 3711 3552 illi

2123 3588 2471 3658 philoSOphia:
2515 3590 2627 3644 laus
2673 3591 2835 3644 illmsa
2889 3591 3195 3656 mansissd,
3246 3605 3352 3643 non
3385 3588 3544 3643 modo
3573 3587 3711 3658 quod

2124 3680 2262 3748 ultus
2288 3688 2449 3744 esset,
2486 3694 2604 3732 eum
2646 3695 2742 3735 nec
2786 3679 2900 3749 ipse
2946 3679 3089 3748 prior
3132 3680 3502 3749 percussisset,
3529 3694 3713 3735 verum

2122 3768 2279 3821 etiam
2335 3769 2472 3839 quod
2528 3768 2726 3822 dictum
2781 3769 2927 3834 illud,
2984 3769 3200 3823 Oculum
3229 3784 3320 3838 pro
3358 3768 3522 3832 oculo,
3558 3769 3715 3838 longe

2122 3861 2309 3930 majori
2358 3861 2615 3916 modestia
2666 3863 2901 3916 vicisset.
2944 3862 3059 3916 Non
3118 3863 3259 3917 enim
3292 3876 3388 3931 pro
3433 3877 3535 3915 una
3567 3860 3713 3916 cmde

2122 3967 2279 4005 unam
2313 3953 2662 4022 rependissct,
2694 3952 2785 4006 sed
2814 3968 2906 4020 pro
2935 3952 3116 4006 multis
3144 3950 3423 4016 mortibus,
3455 3967 3588 4021 quas
3627 3950 3714 4005 ille

2125 4043 2393 4106 intulerat,
2445 4044 2567 4097 dum
2615 4059 2718 4098 non
2761 4044 2948 4108 semel,
3000 4059 3105 4097 non
3156 4043 3257 4105 bis,
3306 4043 3399 4098 sed
3446 4043 3715 4097 multoties

2125 4132 2296 4201 ipsum
2327 4135 2573 4189 occidere
2616 4145 2837 4189 conatus
2862 4144 2994 4199 erat,
3031 4148 3132 4187 una
3158 4153 3185 4184 n
3221 4133 3459 4187 illaturz's
3489 4142 3716 4187 mortem

2123 4223 2307 4276 fuisset
2337 4241 2350 4277 :
2385 4224 2491 4277 imo
2520 4240 2645 4277 vero
2676 4241 2778 4279 non
2809 4225 3002 4279 idcirco
3029 4234 3247 4288 tantum,
3274 4223 3366 4277 sed
3393 4224 3551 4278 etiam
3578 4221 3714 4291 quod

2123 4324 2268 4370 metu
2312 4315 2472 4369 futuri
2502 4317 2724 4371 adactus
2752 4320 2817 4371 ad
2846 4317 3100 4371 ultionem
3149 4317 3583 4386 progrederetur,
3610 4314 3709 4369 huc

2123 4389 2332 4475 quoque
2381 4419 2576 4476 praeter
2621 4423 2703 4470 ea,
2737 4424 2854 4478 qure
2880 4408 3016 4462 dicta
3049 4418 3195 4472 sunt,
3226 4408 3485 4478 integram
3526 4408 3598 4460 illi
3631 4416 3710 4460 to-

2124 4497 2359 4551 lerantim
2390 4513 2644 4553 coronam
2674 4500 2919 4568 ac‘piirit.
2950 4500 3047 4567 Qui
3077 4501 3219 4554 enim
3267 4509 3483 4569 propter
3502 4514 3565 4555 ea
3594 4515 3712 4568 quae.

2123 4589 2451 4657 acciderant,
2495 4591 2545 4645 in
2590 4608 2710 4646 eum
2758 4593 2922 4646 iratus
2951 4601 3093 4646 esset
3117 4607 3180 4646 ae
3220 4607 3403 4661 poenas
3431 4592 3714 4658 exegisset,

2127 4680 2420 4735 tolerantia:
2447 4682 2655 4736 laudem
2682 4684 2936 4753 consequi
2963 4684 3181 4738 minime
3200 4692 3415 4753 posset:
3440 4698 3561 4738 cum
3590 4698 3719 4737 vero

2123 4775 2213 4843 qui
2247 4775 2510 4842 pra-terim
2536 4776 2697 4830 multa
2725 4791 2892 4845 eaque
2919 4777 3098 4846 gravia
3132 4777 3544 4845 praetermittens
3574 4784 3716 4831 metu

2125 4866 2515 4922 imminentium
2566 4870 2919 4938 periculorum
2978 4869 3134 4924 saluti
3209 4885 3321 4926 suae
3371 4869 3715 4939 prospicere,

2123 4966 2282 5027 atque
2329 4957 2527 5013 idcirco
2565 4960 2631 5014 ad
2663 4961 2915 5016 ultionem
2945 4961 3189 5031 progredi
3217 4969 3528 5031 cogeretur,
3559 4975 3718 5014 nemo

2123 5057 2306 5118 posset
2336 5048 2607 5104 modestiae
2635 5066 2831 5105 corona
2867 5052 3093 5121 privare.

2195 5142 2249 5195 7.
2286 5140 2668 5195 Verumtamen
2714 5142 2879 5196 David
2926 5158 2995 5197 ne
3043 5140 3144 5197 hoe
3172 5139 3387 5212 quidem
3431 5141 3575 5206 fecit,
3618 5140 3715 5195 sed

2124 5249 2319 5288 novum
2347 5234 2611 5303 quoddam
2658 5244 2711 5289 et
2757 5235 3025 5290 insolitum
3054 5233 3403 5304 philosophia:
3426 5249 3598 5305 genus
3621 5232 3716 5287 ad-

2124 5324 2344 5387 invenit,
2387 5335 2441 5379 et
2481 5341 2653 5394 nejue
2699 5326 2957 5381 memoria
2988 5325 3399 5396 prmteritorum,
3432 5340 3605 5395 neque
3632 5322 3717 5379 fu-

2127 5425 2365 5471 turorum
2395 5427 2584 5482 metus,
2618 5434 2790 5488 neque
2816 5418 2967 5473 ducis
2987 5419 3251 5473 exercitus
3272 5418 3593 5479 cohortatio,
3621 5432 3720 5472 nec

2125 5510 2357 5565 solitudo
2383 5510 2504 5575 lori,
2534 5527 2638 5564 non
2670 5510 2895 5565 facilitas
2915 5509 3099 5576 caedis,
3125 5524 3230 5564 non
3256 5509 3399 5565 aliud
3426 5510 3716 5579 quidquam

2125 5602 2188 5655 ad
2221 5600 2565 5655 homicidium
2596 5601 2742 5656 illum
2770 5601 3014 5672 impulit:
3044 5600 3139 5656 sed
3165 5609 3433 5671 tamquam
3464 5600 3623 5656 alicui
3648 5599 3717 5654 de

2124 5707 2182 5747 se
2230 5694 2363 5747 bene
2412 5693 2623 5760 merito,
2665 5694 2857 5762 cuique
2885 5708 3071 5762 magna
3101 5692 3360 5748 beneficia
3384 5691 3592 5747 tulisset
3621 5706 3714 5744 ate-

2128 5795 2302 5856 cepta,
2331 5785 2408 5842 sic
2437 5786 2648 5841 inimico
2679 5785 2897 5851 homini,
2932 5800 2960 5840 a
2988 5800 3092 5862 quo
3119 5784 3289 5840 fuerat
3316 5784 3536 5843 allectus
3577 5783 3715 5853 inju-
