4060 6252
488 241 589 298 187
1170 237 1227 292 S.
1268 235 1554 292 JOANNIS
1592 233 2085 291 CHRYSOSTOMI
2126 231 2446 289 ARCHIEP.
2485 231 3029 289 CONSTANTINOP.
3628 234 3733 290 188

504 359 3711 404 Wa

1353 559 1702 622 MONITUM
1733 558 1831 619 AD
1859 557 2053 617 DUAS
2083 555 2446 618 HOMILIAS
2476 556 2556 616 IN
2593 556 2817 616 ILLUD
2842 603 2855 630 ,

557 727 634 784 Ex
667 727 815 785 hisce
845 729 1060 785 duabus
1090 726 1329 782 homiliis
1355 727 1443 782 vix
1481 729 1779 799 quidquam
1815 740 2009 784 eruere
2045 742 2359 797 possumus,
2400 727 2543 781 unde
2580 739 2691 795 quo
2737 724 2936 778 habitae
2972 732 3216 794 tempore
3249 724 3450 781 fuerint
3488 731 3740 799 expisce-

487 859 611 900 mur
635 887 651 913 ,
686 845 789 900 hoc
820 858 986 900 unum
1035 851 1119 898 sat
1148 840 1416 913 probabili
1447 841 1758 910 conjectura
1803 840 1923 895 fulti
1967 840 2222 907 dicimus,
2256 842 2514 895 nimirum
2566 839 2862 895 verisimile
2891 854 3011 896 esse
3040 842 3159 898 illas
3185 844 3484 902 Antioohire
3519 848 3734 905 habitas

486 965 676 1019 fuisse.
706 961 917 1018 Etenim
954 960 1103 1015 illum
1133 962 1186 1016 in
1220 960 1546 1018 sacerdotali
1579 958 1758 1013 adhuc
1793 957 1982 1013 ordine
2024 957 2193 1013 fuisse
2226 959 2381 1028 argui
2422 958 2636 1014 videtur
2671 972 2738 1012 ex
2782 956 2847 1012 iis
2883 972 3004 1028 quae
3032 958 3099 1013 de
3138 960 3516 1018 sacerdotibus
3549 963 3731 1029 istius.

486 1077 541 1129 in
575 1091 682 1146 qua
714 1075 962 1146 degebat,
987 1077 1139 1131 urbis
1167 1076 1375 1146 aliquot
1404 1076 1454 1129 in
1492 1075 1627 1130 locis
1656 1075 1770 1142 ait;
1807 1074 2044 1128 maxime
2071 1090 2201 1129 vero
2226 1074 2281 1129 in
2315 1075 2553 1131 secunda
2591 1075 2837 1140 homilia,
2873 1090 3025 1132 num.
3053 1076 3106 1141 5,
3149 1077 3240 1132 ubi
3287 1078 3565 1134 auditores
3609 1094 3730 1136 car-

486 1206 643 1260 pens,
674 1190 819 1260 quod
857 1190 1073 1260 quidam
1102 1205 1291 1245 eorum
1328 1189 1381 1242 in
1410 1188 1721 1243 sacerdotes
1752 1188 1947 1257 probra
1979 1196 2034 1243 et
2067 1188 2315 1243 convicia
2351 1189 2594 1258 jacerent
2619 1229 2633 1254 ,
2676 1189 2768 1243 alii
2813 1203 2943 1244 vero
2983 1192 3096 1243 haec
3120 1188 3400 1244 audientes
3431 1190 3730 1246 maledicos

488 1305 618 1360 illos
650 1319 757 1359 non
786 1312 1217 1374 compescerent,
1251 1303 1379 1358 talia
1406 1302 1587 1357 fatur:
1623 1299 1763 1367 Quid
1798 1303 1909 1356 illis
1946 1302 2106 1371 fuerit
2148 1303 2375 1367 beatius,
2417 1304 2544 1373 quid
2577 1314 2748 1357 autem
2776 1302 2924 1358 nobis
2970 1305 3258 1360 miserius?
3301 1304 3732 1375 Quandoquidem

486 1417 571 1471 illi
597 1418 903 1488 sanguinem
932 1424 981 1469 et
1010 1418 1245 1469 animam
1271 1433 1365 1485 pro
1398 1417 1803 1484 prwceptoribus
1839 1415 2251 1488 profundebant,
2280 1433 2374 1471 nos
2409 1426 2584 1470 autem
2618 1432 2781 1488 neque
2807 1416 3015 1471 verbum
3044 1433 3137 1488 pro
3169 1417 3527 1472 communibus
3554 1420 3729 1488 patri-

490 1550 607 1596 ous,
639 1533 778 1602 ὑπὲρ
817 1529 925 1583 τῶν
958 1528 1149 1583 κοινῶν
1182 1529 1450 1599 πατέρων,
1477 1530 1713 1584 emittere
1740 1532 2016 1598 audemus,
2053 1554 2059 1584 ς

2180 1547 2299 1586 cum
2341 1531 2624 1585 audiamus
2662 1531 2737 1584 eis
2783 1530 3028 1584 maledici
3067 1541 3114 1584 et
3151 1530 3395 1584 conuiciis
3433 1547 3521 1584 eos
3567 1530 3731 1584 deho-

489 1645 685 1698 nestari
715 1656 765 1698 et
791 1660 823 1697 a
854 1645 963 1697 suis
993 1652 1043 1697 et
1076 1644 1139 1698 ab
1169 1645 1378 1711 alienis,
1412 1644 1695 1699 maledicos
1721 1661 1882 1715 neque
1908 1645 2304 1714 compescimus,
2339 1660 2499 1714 neque
2533 1644 2978 1713 reprehendimus,
3022 1659 3182 1714 neque
3221 1643 3578 1713 prohibemus.
3607 1642 3731 1699 Haec

494 1768 640 1813 certe
671 1775 777 1815 non
805 1761 1060 1815 videntur
1087 1775 1210 1816 esse
1240 1760 1381 1816 dicta
1414 1760 1793 1834 Chrysostomi
1816 1762 1927 1833 jam
1960 1762 2197 1833 episcopi
2228 1760 2813 1831 ConstantinOpolitani
2849 1779 2860 1813 :
2892 1774 3065 1830 neque
3095 1762 3239 1815 enim
3270 1761 3357 1816 ille
3386 1761 3494 1830 jam
3520 1760 3732 1829 episco-

491 1892 594 1945 pus
623 1879 930 1936 sacerdotes
954 1878 1096 1942 illus,
1134 1879 1225 1948 qui
1264 1878 1523 1933 conviciis
1558 1878 1974 1948 impetehantur,
2019 1892 2334 1932 communes
2378 1884 2559 1946 patres
2600 1876 2959 1946 appellasset;
3014 1873 3122 1927 veri
3173 1883 3350 1928 autem
3383 1874 3619 1930 similius
3650 1884 3731 1930 est

492 2002 638 2054 eum,
668 2005 792 2047 cum
826 1993 1067 2049 seniores
1103 1990 1358 2048 Ecclesiae
1393 1991 1747 2045 Antiocheam
1776 1989 2085 2045 sacerdotes
2120 1991 2336 2060 probris
2367 1999 2622 2049 oneratos
2664 1995 2945 2052 cerneret,
2970 1986 3189 2042 eosdem
3230 1994 3443 2056 patrum
3490 1988 3609 2043 loco
3637 1988 3732 2041 ha-

3248 2212 3755 2238 -ι--ὒ

496 2208 3207 2233 mm

1871 2305 1980 2376 IN
2025 2304 2368 2390 ILLUD,

703 2475 1026 2521 suumn:
1071 2472 1438 2520 PRISCILLAM
1485 2474 1564 2518 ET
1610 2473 1886 2528 AQUILAM
1937 2454 2161 2536 (Rom.
2212 2454 2309 2515 16.
2354 2454 2469 2534 3),
2507 2474 2587 2515 ET
2629 2473 2770 2526 quas
2815 2472 3227 2531 ssQUCNrun,
3272 2475 3480 2519 SERMO
3515 2470 3559 2519 ι.

1767 2617 2055 2629 ——_

553 2719 603 2772 l.
635 2716 699 2771 In
723 2716 988 2786 Scriptura
1015 2717 1143 2770 nihil
1155 2717 1487 2787 superﬂuum.
1517 2715 1662 2770 Unde
1697 2715 1907 2769 Iiwrcses
1929 2725 2062 2769 nata:

481 2819 619 2865 sunt.
647 2840 717 2850 -—
746 2810 935 2864 Multos
983 2809 1216 2864 arbitror
1269 2823 1333 2863 ex
1381 2807 1537 2863 Vobis
1587 2808 1767 2861 mirari
1823 2808 2066 2863 lectionis

484 2903 794 2974 apostolica:
822 2904 994 2957 locum
1020 2903 1199 2965 istum,
1242 2900 1324 2955 vel
1370 2901 1547 2971 potius
1594 2902 1767 2954 minus
1815 2916 2065 2955 necessa-

480 2995 612 3048 riam
634 3009 697 3048 ac
717 3007 1165 3062 supervacaneam
1184 2991 1380 3046 ducere
1400 3001 1602 3060 partem
1629 2991 1781 3046 istam
1804 2992 2064 3059 cpistolm,

484 3084 625 3152 quod
671 3085 1015 3139 salutationes
1069 3094 1271 3138 lanlnm
1326 3082 1632 3151 frequentes
1669 3083 1940 3136 lzaheatac
1967 3082 2065 3135 sibi

487 3175 712 3230 invicem
765 3175 1132 3229 succedentes.
1166 3178 1332 3241 Quam
1365 3173 1434 3228 ob
1479 3189 1693 3229 causam
1725 3183 1776 3227 et
1815 3174 1929 3243 ipse
1969 3173 2067 3228 ho-

482 3267 669 3319 dierno
718 3265 805 3319 die
854 3281 1067 3320 cursum
1111 3265 1367 3325 orationis
1414 3265 1520 3319 alio
1575 3264 1815 3330 ﬂectens,
1870 3265 1938 3319 ab
1978 3266 2106 3345 illo.

481 3354 751 3424 digressus
777 3364 1092 3423 argumento
1120 3355 1186 3408 ad
1236 3355 1334 3409 hoc
1363 3354 1627 3410 divertere
1656 3370 1771 3409 sum
1827 3365 2062 3426 paratus,

484 3454 539 3498 ut
570 3444 621 3498 in
653 3445 819 3499 sacris
848 3444 1131 3514 Scripturis
1158 3445 1286 3499 nihil
1337 3461 1787 3515 supervacaneum
1817 3462 1935 3501 esse
1980 3447 2062 3500 in-

484 3535 728 3604 telligatis
776 3544 830 3590 et
885 3552 987 3590 non
1043 3537 1422 3601 necessarium,
1485 3538 1595 3592 sive
1646 3555 1804 3591 unum
1850 3538 1951 3592 iota
1977 3540 2063 3604 sit,

486 3627 599 3682 sive
626 3644 757 3695 apex
786 3644 938 3694 unus,
969 3628 1076 3682 imo
1105 3629 1263 3682 etiam
1292 3628 1517 3698 simplex
1544 3630 1793 3682 salutatio
1814 3644 2063 3699 magnum

483 3719 638 3772 nobis
689 3720 904 3787 pciagus
957 3720 1132 3789 aperit
1162 3721 1567 3775 sententiarum.
1593 3720 1728 3788 Quid
1759 3720 1899 3783 dico,
1933 3720 2032 3773 sim
2052 3749 2065 3759 -

485 3810 603 3878 plex
630 3810 916 3864 salutatio?
941 3809 1095 3879 Swpe
1127 3810 1211 3865 vel
1264 3811 1431 3866 litera:
1462 3811 1616 3865 unius
1661 3812 1896 3866 accessio
1928 3812 2064 3864 inte-

482 3916 633 3969 grum
681 3917 867 3972 agmen
915 3902 1301 3957 sententiarum
1350 3904 1574 3957 invexit.
1632 3903 1804 3973 Atque
1849 3903 1951 3957 hoc
2010 3902 2061 3956 in

485 3993 699 4046 nomine
728 3991 953 4045 Abrahae
986 3992 1169 4045 videre
1191 3993 1332 4046 licet.
1364 3995 1441 4045 An
1473 4007 1577 4046 non
1605 3994 1744 4046 enim
1775 3993 2062 4047 absurdum

480 4093 558 4138 est
585 4099 704 4137 eum
737 4083 973 4151 quidem,
1005 4084 1091 4150 qui
1121 4082 1396 4150 epistulam
1444 4082 1710 4151 acceperit
1751 4084 1819 4135 ah
1865 4085 2058 4151 amico,

485 4189 590 4226 non
611 4187 805 4240 corpus
837 4180 1035 4226 tantum
1064 4172 1302 4238 cpismla:
1333 4173 1530 4240 legere,
1560 4173 1652 4227 sed
1679 4174 1838 4226 etiam
1866 4174 1916 4226 in
1960 4177 2063 4229 line

483 4263 709 4331 positam
738 4262 1130 4323 salutationem,
1162 4272 1318 4331 atque
1352 4263 1471 4317 inde
1518 4265 1747 4319 maxime
1787 4267 2061 4336 scriptoris

479 4351 724 4405 eductum
754 4352 1016 4419 eonjicere
1036 4391 1051 4414 ,
1083 4369 1202 4407 cum
1234 4369 1361 4408 vero
1388 4355 1585 4409 scribat
1615 4356 1829 4422 Paulus,
1855 4359 1934 4412 vel
1964 4375 2059 4428 po-

480 4446 584 4498 tius
604 4461 708 4498 non
741 4444 952 4508 Paulus,
983 4444 1076 4498 sed
1123 4445 1347 4514 Spiritus
1392 4448 1559 4515 gratia
1589 4448 1751 4503 dictet
1779 4450 2057 4519 epistolam

476 4535 541 4590 ad
584 4537 838 4605 integram
869 4536 1137 4591 civitatem
1190 4553 1252 4591 ac
1280 4548 1478 4592 tantum
1536 4541 1806 4608 populum,
1862 4553 1916 4596 et
1963 4558 2059 4611 per

466 4628 599 4682 illos
622 4629 737 4681 orbi
762 4638 1020 4681 terrarum
1070 4628 1338 4694 universo,
1372 4642 1827 4699 supervacaneum
1858 4632 2056 4700 aliquid

476 4735 687 4783 eorum,
710 4736 829 4790 qua:
852 4721 902 4773 in
934 4736 997 4775 ea
1028 4730 1171 4786 sunt,
1202 4723 1451 4777 arbitrari
1498 4740 1668 4793 eaque
1698 4724 2059 4794 perfunctorie

474 4825 808 4881 percurrere,
839 4828 1008 4882 neque
1034 4815 1269 4882 engitarc
1325 4814 1460 4869 hanc
1512 4816 1581 4869 ob
1625 4830 1837 4869 causam
1878 4818 2054 4871 omnia

469 4917 669 4973 susque
700 4903 873 4974 deque
921 4903 1094 4959 verti?
1126 4905 1233 4959 lloe
1278 4908 1420 4961 enim
1449 4916 1546 4970 est,
1579 4905 1679 4961 hoc
1705 4909 1882 4976 plane,
1913 4909 2053 4979 quod

472 5008 719 5065 magnam
750 4996 1123 5065 negligentiam
1153 4996 1304 5050 nobis
1350 5011 1414 5051 ac
1460 5008 1726 5067 torporem
1761 5000 2050 5068 ingenerat,

469 5087 611 5155 quod
644 5102 748 5140 non
797 5103 983 5141 onmes
1027 5086 1327 5156 S-ripturas
1371 5088 1628 5158 legamus,
1677 5090 1770 5144 sed
1825 5106 1886 5144 ea
1935 5107 2053 5160 qua:

470 5192 757 5232 censemus
801 5177 1110 5233 dilucidiora
1161 5180 1466 5249 seligamus,
1499 5190 1814 5235 cmterorum
1856 5181 2052 5235 nullam

469 5269 731 5324 rationem
782 5267 1092 5324 habeamus.
1128 5270 1239 5324 lioe
1266 5271 1422 5324 etiam
1479 5271 1712 5326 luereses
1740 5273 2046 5332 introduxit.

467 5363 607 5431 quod
640 5372 807 5416 totum
835 5378 1029 5433 Corpus
1071 5363 1299 5416 nolimus
1344 5364 1634 5433 perlegere,
1687 5366 1932 5436 quodque
1959 5382 2049 5421 su-

468 5451 725 5521 perﬂuum
783 5455 978 5523 aliquid
1031 5469 1090 5508 es
1120 5469 1150 5509 e
1193 5456 1471 5525 minusque.
1523 5457 1875 5511 necessarium
1907 5459 2049 5513 arbi-

469 5553 690 5597 trentur.
723 5544 1006 5615 Propterea
1040 5561 1133 5600 nos
1160 5547 1208 5599 in
1240 5546 1340 5600 alia
1365 5545 1577 5616 quidem
1610 5549 1784 5601 omnia
1817 5549 2049 5604 studium

471 5651 624 5689 omne
650 5634 1009 5706 conferimus,
1054 5637 1238 5693 nonin
1289 5638 1552 5709 superﬂua
1585 5649 1807 5705 tantum,
1853 5641 1945 5696 sed
1992 5651 2046 5697 ct

2065 2594 2479 2646 (ω...-

2179 2713 2230 2766 in
2260 2726 2321 2766 ea
2343 2726 2461 2781 qum
2489 2710 2693 2764 inutilia
2719 2718 2842 2763 sunt
2863 2718 2917 2763 et
2939 2709 3093 2763 noxia
3121 2726 3132 2761 :
3162 2708 3554 2778 Scripturarum
3579 2720 3757 2765 autem

2179 2805 2364 2873 peritia
2395 2803 2678 2873 negligitur
2695 2817 2757 2855 ae
2783 2801 3094 2870 despicitur.
3129 2802 3301 2871 Atque
3331 2802 3403 2855 illi
3429 2802 3642 2871 quidem
3665 2803 3755 2872 qui

2174 2897 2485 2951 certaminis
2541 2910 2798 2966 equorum
2851 2892 3151 2964 spectacula
3186 2893 3249 2946 ad
3295 2902 3567 2962 stuporem
3595 2909 3761 2965 usque

2174 2990 2451 3053 mirantur,
2475 2997 2529 3043 et
2545 3002 2756 3050 nomen,
2776 2995 3077 3055 etgregem,
3098 2994 3152 3041 et
3168 3001 3352 3055 genus,
3368 2994 3422 3039 et
3445 2986 3687 3055 patriam,
3707 2997 3763 3041 et

2172 3078 2540 3133 educationem
2562 3093 2818 3146 equorum
2847 3076 3253 3146 diligentissime
3282 3085 3504 3145 possunt
3531 3076 3757 3141 referre,

2172 3178 2330 3241 atque
2369 3185 2539 3225 annos
2579 3172 2718 3236 vitas,
2750 3180 3042 3238 cursusque
3075 3168 3484 3235 vehementiam,
3536 3180 3591 3224 et
3643 3171 3763 3240 quis

2171 3279 2291 3318 cum
2323 3279 2429 3334 quo
2454 3265 2497 3319 si
2545 3263 2703 3318 fuerit
2726 3263 3023 3333 copulatus,
3049 3262 3325 3317 victoriam
3364 3262 3679 3332 reportabit,
3707 3271 3764 3318 et

2170 3357 2290 3426 quis
2320 3371 2488 3425 equus
2527 3372 2593 3409 ex
2624 3355 2706 3410 his
2730 3354 2814 3410 vel
2864 3354 2965 3408 illis
2996 3355 3223 3408 emissus
3252 3356 3578 3419 carceribus,
3624 3363 3680 3409 et
3728 3368 3761 3407 a

2170 3462 2276 3515 quo
2302 3447 2345 3502 si
2371 3448 2633 3517 agitatore
2659 3456 2892 3515 regatur,
2924 3446 3101 3499 vincet
3133 3447 3182 3498 in
3205 3460 3383 3510 cursu,
3414 3453 3468 3499 et
3504 3445 3761 3500 adversa-

2169 3538 2305 3590 rium
2356 3537 2652 3592 antecedet.
2695 3535 2772 3590 Illi
2807 3537 2964 3590 etiam
3014 3534 3103 3605 qui
3137 3535 3504 3590 saltationibus
3546 3544 3757 3602 vacant,

2171 3628 2338 3682 nihilo
2364 3629 2624 3683 minorem
2657 3642 2811 3696 quam
2858 3626 2974 3692 isti,
3004 3625 3097 3680 sed
3128 3634 3184 3679 et
3209 3626 3465 3693 majorem
3487 3640 3612 3696 erga
3639 3625 3759 3680 illos

2170 3719 2258 3788 qui
2288 3719 2340 3772 in
2374 3718 2594 3771 theatris
2646 3716 2896 3771 indecore
2927 3730 2986 3770 se
3014 3725 3224 3785 gerunt,
3266 3715 3521 3769 insaniam
3551 3730 3662 3784 pra:
3698 3729 3759 3770 se

2169 3808 2364 3872 ferunt,
2414 3810 2607 3864 mimos
2655 3808 2775 3863 dico
2826 3817 2878 3862 et
2928 3806 3303 3873 saltatriculas,
3338 3806 3465 3861 dum
3501 3815 3555 3861 et
3588 3822 3758 3877 genus

2169 3903 2400 3972 ipsarum
2430 3911 2483 3956 et
2520 3902 2743 3971 patriam
2790 3911 2844 3954 et
2886 3900 3254 3955 educationem
3304 3911 3359 3954 et
3411 3901 3512 3954 alia
3565 3911 3756 3956 cuncta

2167 4002 2591 4051 commemorant
2621 4013 2633 4048 :
2662 4009 2762 4048 nos
2788 4002 2963 4048 autem
3013 3993 3055 4048 si
3087 3994 3493 4063 interrogentur,
3533 4003 3657 4063 quot
3700 4002 3756 4047 et

2167 4104 2286 4158 quze
2311 4088 2457 4141 Pauli
2483 4088 2590 4141 sint
2610 4085 2871 4155 epistol-.12,
2904 4100 2970 4139 ne
2995 4100 3275 4139 numerum
3307 4084 3520 4152 quidem
3554 4086 3753 4139 scimus

2166 4179 2487 4249 exprimere.
2520 4177 2670 4243 Quod
2696 4176 2740 4231 si
2769 4176 2877 4231 sint
2907 4174 3144 4230 nonnulli
3163 4176 3250 4245 qui
3276 4191 3556 4230 numerant
3585 4191 3751 4231 nove-

2164 4275 2288 4334 rint,
2316 4286 2559 4341 quamam
2593 4277 2771 4323 tamen
2818 4268 2980 4323 urbes
3008 4268 3262 4336 epistulas
3315 4270 3639 4336 acceperint,
3702 4270 3751 4324 si

2164 4362 2575 4429 interrogentur,
2609 4359 2734 4430 quid
2762 4358 2831 4413 sit
2877 4359 3308 4428 respondendum
3357 4361 3619 4429 ignorant.
3656 4361 3749 4415 Αι-

2162 4468 2267 4523 que
2298 4453 2457 4506 homo
2505 4451 2718 4520 quidem
2747 4449 3021 4506 eunuchus
3068 4459 3123 4504 et
3158 4450 3419 4505 barbarus
3458 4450 3749 4506 innumeris

2161 4546 2305 4599 curis
2364 4545 2698 4614 negetiisque
2748 4542 3034 4596 distraetus
3090 4542 3420 4606 innumeris,
3476 4543 3546 4595 ita
3600 4542 3750 4597 libris

2160 4637 2348 4691 affixus
2387 4646 2524 4701 erat,
2578 4644 2635 4689 ut
2680 4650 2747 4688 ne
2793 4634 3000 4687 itiner's
3036 4633 3249 4703 quidem
3301 4643 3540 4702 tempore
3582 4634 3747 4687 inter-

2160 4731 2478 4798 quiesceret,
2508 4727 2601 4783 sed
2629 4729 2681 4782 in
2723 4744 2887 4782 curru
2945 4726 3135 4781 sedens
3183 4727 3491 4796 diligentem
3532 4725 3746 4781 lectioni

2161 4822 2450 4891 Scriptura:
2507 4835 2723 4890 operam
2776 4819 2929 4873 daret
2978 4817 3126 4889 (Act.
3167 4816 3222 4872 8.
3264 4818 3355 4871 27.
3398 4816 3573 4888 seqq.)
3608 4834 3748 4871 :nos

2159 4923 2336 4967 autem
2376 4914 2464 4983 qui
2497 4928 2563 4966 ne
2589 4912 2803 4965 minima
2831 4911 3043 4981 quidem
3076 4918 3225 4977 parte
3267 4908 3405 4963 illius
3444 4910 3747 4978 occupatim

2158 5019 2284 5057 num
2317 5018 2586 5071 urgemur,
2611 5000 2692 5055 vel
2722 5001 2849 5070 ipsis
2877 4999 3177 5053 nominibus
3204 4995 3547 5066 epistolarum
3574 5005 3745 5051 terre-

2156 5109 2294 5156 mur,
2325 5092 2482 5161 idque
2516 5107 2634 5146 cum
2676 5089 2895 5159 singulis
2924 5089 3112 5143 diebus
3141 5086 3421 5141 dominicis
3462 5086 3565 5139 huc
3617 5100 3746 5139 cou-

2158 5184 2458 5245 Veniamus,
2505 5189 2557 5234 et
2601 5180 2765 5234 sacris
2800 5177 3114 5231 lectionibus
3142 5174 3420 5230 audiendis
3468 5188 3741 5229 vacemus.

2158 5272 2350 5330 Verum
2391 5273 2533 5325 enim
2585 5285 2712 5324 vero
2741 5285 2808 5323 ne
2840 5269 2890 5323 in
2926 5268 3092 5322 solam
3124 5266 3594 5336 reprehensionem
3626 5281 3743 5320 scr-

2154 5380 2365 5419 monem
2414 5363 2805 5433 impendamus,
2857 5376 2954 5432 age
3006 5361 3377 5415 salutationem
3409 5360 3599 5427 ipsam,
3628 5373 3743 5429 qum

2152 5469 2545 5525 Supervacanea
2576 5454 2784 5507 videtur
2812 5465 2931 5506 esse
2973 5461 3132 5520 atque
3171 5449 3493 5517 impu-tuna,
3544 5449 3596 5502 in
3628 5463 3739 5502 me-

2151 5547 2298 5602 dium
2341 5545 2686 5600 adducamus.
2741 5543 2795 5598 Si
2850 5543 2992 5597 enim
3045 5541 3361 5610 explicetur,
3425 5553 3479 5595 et
3545 5541 3740 5594 utilitas

2152 5639 2485 5707 ostendatur,
2516 5652 2672 5710 quam
2700 5636 2835 5708 parit
2869 5635 2954 5692 iis.
2975 5636 3063 5707 qui
3092 5634 3374 5707 diligenter
3394 5635 3736 5697 attenderint,
