4060 6252
400 311 508 369 ΙΒθ

406 428 624 500 σαυρῶν
645 469 658 493 ,
705 428 798 482 καὶ
827 430 921 483 τὸν
970 429 1339 500 πνευματικὸν
1374 431 1485 486 άπδ
1519 430 1630 486 τῶν
1662 430 1861 503 χειρῶν
1890 429 1973 500 ρί-

405 543 596 580 πεουσι
624 524 871 581 πλοῦτον.
905 526 998 592 Τίς
1026 522 1120 582 οῦν
1150 529 1298 583 ἐστιν
1330 530 1363 600 ἡ
1389 529 1726 603 πρόσρησιςς
1770 528 1981 584 Ἀσπά-

403 621 591 687 ζεσθε,
624 622 775 693 φησὶ,
801 623 1181 690 Πρίσκιλλαν
1207 626 1306 680 καὶ
1341 625 1593 680 Ἀκύλαν
1610 625 1751 691 τοὺς
1774 640 1984 694 συνερ-

403 720 546 786 γούς
571 737 690 787 μου
720 719 789 772 ἐν
825 721 1039 790 Κυρίῳ.
1080 717 1228 791 Ἆρα
1273 723 1333 776 οὐ
1363 723 1513 777 δοκεῖ
1541 723 1670 796 ψιλή
1726 741 1810 787 τις
1841 719 1982 777 εἶναι

404 815 728 887 πρόσρησις,
750 817 843 870 καὶ
875 818 1039 888 μηδὲν
1071 821 1235 890 μέγα,
1256 821 1391 892 μηδέ
1406 824 1653 890 γενναῖον
1672 824 1802 893 ἡμῖν
1814 821 1981 874 ἐνδεῖ.-

407 911 630 967 κννσθαι
650 931 665 979 ;
685 913 822 986 ⁴ι’έρε
839 908 951 979 οὖν,
970 917 1051 981 είς
1067 917 1240 987 αὐτὴν
1263 918 1430 988 μόνην
1445 920 1664 974 ἃπασαν
1689 920 1785 990 τὴν
1807 919 1981 973 διάλε-

407 1008 488 1074 ξιν
505 1008 891 1080 ἀναλώσωμεν,
913 1012 1115 1082 μᾶλλον
1129 1013 1186 1067 δέ
1201 1013 1321 1068 οὑδέ
1341 1014 1647 1087 ἀρκέσομεν
1664 1017 1901 1088 σήμερον
1917 1017 1984 1069 τά

404 1104 701 1176 ἐγκείμενα
718 1107 931 1162 ἅπαντα
944 1111 1056 1174 τοῖς
1070 1111 1270 1182 ὀλίγοις
1289 1113 1502 1179 τούτοις
1530 1116 1770 1188 ῥήμασιν
1794 1115 1986 1186 ἀνιμή-

410 1205 603 1260 σασθαι
629 1207 1030 1276 σπουδάσαντες
1059 1211 1187 1282 ύμῖν
1209 1213 1474 1284 νοήματα,
1492 1213 1629 1269 ἀλλά
1651 1215 1862 1286 ἀνάγκη
1893 1213 1986 1268 καὶ

409 1303 489 1368 εις
521 1303 715 1377 ἑτέραν
731 1305 859 1377 ύμῖν
898 1307 1112 1379 ἡμέραν
1136 1310 1497 1384 ταμιευθῆναι
1530 1312 1628 1384 τὴν
1650 1313 1755 1368 τῶν
1785 1311 1988 1384 θεωρη-

413 1401 598 1471 μάτων
653 1404 992 1475 περιουσίαν,
1020 1404 1131 1459 τῶν
1161 1408 1494 1478 τικτομένων
1530 1411 1639 1463 ἀπὸ
1671 1410 1770 1480 τῆς
1802 1409 1987 1480 ὀλίγης

407 1497 612 1570 ταύτης
649 1501 1023 1571 προσρήσεως.
1052 1502 1187 1558 Οὐδέ
1211 1505 1320 1576 γὰρ
1350 1506 1570 1560 ἅπασαν
1615 1509 1784 1579 αὐτὴν
1829 1507 1990 1562 ἐπελ-

410 1593 522 1648 θεῖν
556 1594 1064 1668 παρασκευάζομαι,
1100 1599 1237 1654 ἀλλά
1268 1601 1432 1672 μέρος
1469 1603 1639 1672 αὐτῆς
1677 1604 1771 1658 καὶ
1818 1602 1991 1674 ἀρχὴν

410 1691 506 1745 καὶ
538 1692 822 1764 προοίμιον
841 1694 1037 1764 μόνον’
1083 1697 1464 1755 Ἀσπάσασθε
1496 1701 1874 1768 Πρίσκιλλαν
1895 1699 1993 1755 καὶ

423 1787 690 1846 Ἀκύλαν.
1315 1844 1320 1848 .

481 1885 548 1957 β’.
577 1885 799 1959 Πρῶτόν
838 1890 981 1942 ἐστιν
1004 1890 1346 1962 ἐκπλαγῆναι
1375 1893 1467 1948 τοῦ
1499 1895 1712 1949 Παύλου
1741 1897 1839 1967 τὴν
1867 1897 1994 1968 ἀρε-

407 1983 527 2056 τὴν,
553 1986 635 2040 ὅτι
660 1987 758 2057 τὴν
788 1989 1112 2060 οἰκουμένην
1141 1991 1359 2047 ἃπασαν
1378 1993 1878 2065 ἐγκεχειρισμένος,
1903 1995 1994 2048 καὶ

409 2083 515 2154 γῆν
543 2085 638 2137 καὶ
671 2083 957 2152 θάλατταν,
1007 2089 1098 2141 καὶ
1131 2089 1229 2153 τὰς
1257 2089 1348 2160 ὑφ’
1375 2090 1508 2162 ήλίῳ
1535 2092 1721 2156 πόλεις
1755 2092 1990 2159 ἁπάσας,

406 2177 506 2231 καὶ
538 2178 867 2252 βαρϐάρους,
900 2184 994 2236 καὶ
1030 2184 1320 2256 Ἕλληνας,
1353 2188 1448 2241 καὶ
1475 2187 1682 2259 δήμους
1706 2189 1995 2254 τοσούτους

403 2275 470 2327 ἐν
500 2275 680 2348 ἐαυτῷ
705 2279 1037 2353 περιφέρων,
1071 2282 1188 2346 ἐνὸς
1213 2281 1406 2354 ἀνδρὸς
1439 2284 1534 2338 καὶ¹
1578 2289 1709 2357 μιᾶς
1737 2289 1994 2356 γυναικὸς

409 2370 682 2445 τοσαύτην
706 2375 944 2430 ἐποιεῖτο
969 2378 1225 2448 φροντίδα
1246 2395 1260 2410 ·
1294 2380 1387 2433 καὶ
1400 2380 1655 2451 δεύτερον
1681 2383 1841 2438 τοῦτο
1864 2384 1996 2439 θαυο

409 2468 610 2540 ςμάσαι,
642 2471 759 2534 πῶς
802 2471 1080 2543 άγρυπνόν
1129 2491 1189 2528 τε
1229 2477 1324 2529 καὶ
1358 2479 1850 2551 μεμεριμνημένην
1881 2476 1994 2552 εἷχε

413 2566 613 2638 ψυχὴν,
643 2567 766 2638 οὐχὶ
797 2571 950 2641 κοινῇ
984 2571 1202 2626 πάντων
1239 2573 1421 2642 μόνον,
1451 2574 1589 2629 ἀλλά
1615 2577 1709 2630 καὶ
1754 2579 1862 2651 ίδίᾳ
1898 2596 1996 2650 με-

418 2679 526 2734 μνη
533 2662 692 2734 μένος
714 2664 942 2719 ἐκάστου
963 2665 1070 2722 τῶν
1091 2667 1327 2740 δοκίμων
1352 2672 1448 2726 καὶ
1467 2673 1748 2743 γενναίων.
1766 2675 1880 2730 Νῦν
1897 2677 1997 2748 μὲν

411 2759 526 2831 γὰρ
544 2760 694 2814 οὐδὲν
719 2761 1028 2834 θαυμαστὸν
1055 2767 1180 2831 τοὺς
1207 2767 1317 2822 τῶν
1354 2769 1690 2842 Ἐκκλησιῶν
1715 2775 1994 2846 προεστῶο

414 2875 516 2920 τας
536 2857 693 2912 τοῦτο
717 2863 908 2929 ποιεῖν,
937 2863 1016 2933 τῷ
1045 2865 1140 2917 καὶ
1176 2866 1302 2930 τοὺς
1336 2865 1600 2940 θορύϐους
1636 2872 1997 2928 κατεστάλθαι

413 2950 678 3016 ἐκείνους,
713 2953 806 3006 καὶ
833 2955 964 3025 μιᾶς
989 2955 1193 3021 πόλεως
1239 2959 1584 3034 ἀναδεδέχθαι
1615 2964 1869 3035 πρόνοιαν
1900 2965 1997 3037 μό-

415 3057 508 3092 νον
527 3057 541 3070 ·
564 3041 684 3096 τότε
723 3043 779 3097 δὲ
797 3044 859 3097 οὐ
889 3046 951 3099 τὸ
974 3047 1082 3101 τῶν
1110 3049 1370 3104 κινδύνων
1398 3053 1628 3123 μέγεθος
1653 3055 1834 3126 μόνον,
1863 3056 1999 3111 ἀλλά

419 3133 514 3186 καὶ
540 3134 601 3187 τὸ
623 3136 858 3206 τῆςρδδοῦ
885 3137 1178 3210 διάστημα,
1209 3143 1302 3196 καὶ
1322 3144 1384 3198 τὸ
1410 3145 1519 3198 τῶν
1541 3147 1836 3218 φροντίδων
1859 3149 2000 3220 πλῆ-

413 3221 512 3284 θος
537 3224 632 3278 καὶ
679 3226 746 3279 τὰ
784 3227 1062 3298 ἐπάλληλα
1100 3230 1342 3300 κύματα,
1374 3236 1467 3287 καὶ
1510 3236 1570 3288 τὸ
1621 3238 1695 3308 μὴ
1762 3238 2002 3310 συνεχῶς

423 3316 627 3368 ἅπασιν
676 3319 1061 3391 ἐπιχωριάζειν
1089 3323 1194 3389 ἀεὶ,
1231 3326 1324 3379 καὶ
1370 3328 1540 3383 πολλά
1587 3331 1750 3404 ἕτερα
1783 3332 2003 3389 πλείονα

422 3405 646 3473 τούτων,
683 3410 842 3464 ἱκανά
870 3413 968 3482 τῆς
995 3415 1215 3487 μνήμης
1238 3417 1488 3473 ἐκϐαλεῖν
1522 3422 1614 3476 καὶ
1644 3424 1769 3489 τοὺς
1801 3426 2005 3498 σφόδρα

419 3501 778 3573 ἐπιτηδείους.
818 3503 956 3558 Ἀλλ’
981 3507 1080 3558 οὐκ
1106 3506 1326 3572 ἐξέϐαλε
1364 3511 1605 3578 τούτους.
1637 3515 1762 3580 Πῶς
1785 3514 1880 3572 οὖν
1907 3520 2007 3573 οὐκ

425 3590 824 3665 ἐξεδλήθησαν;
859 3597 956 3651 Διά
985 3599 1082 3668 τὴν
1106 3601 1198 3654 τοῦ
1218 3602 1430 3658 Παύλου
1461 3606 1889 3680 μεγαλοψυχίαν,
1913 3613 2007 3665 καὶ

425 3683 524 3754 τὴν
558 3684 765 3756 Θερμὴν
803 3687 968 3742 αὐτοῦ
1001 3692 1094 3744 καὶ
1144 3693 1374 3764 γνησίαν
1426 3696 1669 3770 ἀγάπην.
1707 3699 1866 3754 Οῦτω
1899 3705 2008 3773 γάρ

426 3775 623 3839 αὐτοὺς
658 3773 802 3848 εἶχεν
847 3780 904 3832 ἐν
955 3781 1183 3855 διανοίᾳ,
1224 3785 1301 3850 ὡς
1349 3788 1444 3842 καὶ
1482 3790 1540 3844 ἐν
1569 3791 1880 3858 ἐπιστολαῖς
1912 3795 2010 3848 αὐ-

426 3867 540 3922 τῶν
568 3871 877 3943 μεμνῆσθαι
911 3873 1064 3948 [174]
1119 3877 1400 3946 πολλάκις.
1439 3882 1579 3936 Ἀλλ’
1628 3884 1826 3956 ίδωμεν
1863 3887 2009 3953 τίνες

427 3962 523 4016 καὶ
551 3965 724 4021 ὁποῖοι
763 3961 901 4038 ἦσαν
926 3963 1093 4034 οὗτοι,
1127 3972 1179 4024 οί
1209 3972 1303 4027 τὸν
1337 3974 1548 4031 Παῦλον
1577 3976 1719 4031 οὕτω
1744 3981 2009 4051 χειρωσά-

431 4069 602 4122 μενοι,
631 4058 727 4108 καὶ
773 4058 909 4128 πρὸς
962 4060 1052 4113 τὸν
1101 4063 1301 4116 οίλκεῖον
1353 4067 1790 4139 ἐπισπασάμενοι
1822 4071 2006 4127 πόθον.

428 4138 580 4218 *Δρα
605 4146 802 4202 ὕπατοί
829 4167 972 4215 τινες
997 4152 1090 4206 καὶ
1121 4157 1417 4227 στρατηγοὶ
1440 4153 1600 4230 ἦσαν,
1631 4138 1725 4215 κα)⁸
1754 4162 2008 4237 ὕπαρχοι,

425 4236 461 4306 ἢ
481 4237 646 4308 ἀλλην
657 4239 776 4294 τινὰ
793 4243 1148 4312 περιφάνειαν
1165 4249 1558 4325 κεκτημένοι,ᾒ
1588 4253 1816 4310 πλοῦτον
1845 4236 2012 4311 πολὺν

433 4329 910 4405 περιϐεϐλημένοι,
948 4335 1042 4388 καὶ
1081 4337 1188 4392 τῶν
1223 4339 1320 4414 τὴν
1359 4343 1513 4398 πόλιν
1541 4346 1814 4416 ἀγόντων;
1847 4349 2012 4405 οὐδὲν

431 4423 639 4479 τούτων
685 4426 833 4482 ἐστιν
859 4430 1050 4496 εἰπεῖν,
1103 4431 1238 4486 άλλά
1271 4435 1582 4492 τούναντίον
1607 4438 1774 4508 ἅπαν,
1808 4449 2012 4516 πτωχοὶ⁹

433 4520 531 4576 καὶ
566 4521 814 4594 πένητες,
838 4523 939 4578 καὶ
968 4525 1032 4578 ἐκ
1082 4526 1182 4598 τῆς
1215 4525 1324 4580 τῶν
1350 4530 1549 4602 χειρῶν
1577 4533 1838 4604 ἐργασίας
1877 4540 2014 4604 ζῶν-

432 4629 547 4676 τες.
579 4606 762 4668 *Ησαν
789 4614 917 4686 γὰρ,
941 4616 1096 4686 φησὶ,
1131 4621 1446 4689 σκηνοποιοὶ
1471 4625 1536 4694 τῇ
1570 4624 1734 4698 τέχνῃ
1754 4643 1767 4656 '
1799 4629 1892 4682 καὶ
1915 4631 2014 4683 οὐκ

433 4703 698 4776 ᾐσχύνετο
741 4706 769 4757 ὁ
799 4704 1054 4769 Παῦλος,
1077 4706 1198 4761 οὐδέ
1228 4708 1428 4774 δνειδος
1456 4707 1592 4766 εἶναι
1622 4714 1839 4786 ἐνόμιζε
1867 4717 2018 4788 βασι-

435 4795 709 4868 λικωτάτῃ
759 4797 912 4850 πόλει
947 4798 1040 4852 καὶ
1076 4798 1233 4870 δήμῳ
1260 4801 1403 4872 μέγα
1439 4805 1746 4875 φρονοῦντι,
1782 4810 2018 4866 κελεύων

434 4890 561 4960 τοὺς
587 4887 932 4961 χειροτέχνας
956 4891 1196 4957 ἐκείνους
1221 4894 1581 4964 ἀσπάζεσθαι,
1605 4900 1723 4954 ούδέ
1757 4903 2019 4976 καθυϐρί-

442 4982 556 5046 ζειν
586 4983 782 5047 αὐτοὺς
830 4986 1015 5057 ἠγεῖτο
1045 4988 1114 5057 τῇ
1173 4988 1308 5059 πρὸς
1339 4991 1581 5056 ἐκείνους
1622 4994 1805 5067 φιλία’
1847 4997 2021 5064 οὕτως

438 5071 512 5147 ἦν
562 5075 808 5140 ἅπαντας
865 5078 1244 5144 πεπαιδευκὼς
1302 5082 1424 5136 τότε
1462 5083 1796 5156 φιλοσοφεῖν.
1829 5090 2022 5145 Καίτοι

441 5185 506 5240 γε
553 5169 714 5241 ἡμεῖς
768 5170 1026 5236 πολλάκις
1073 5177 1354 5242 συγγενεῖς
1403 5175 1615 5246 ἔχοντες
1667 5179 2025 5253 πενεστέρους

437 5264 627 5336 ὀλίγῳ,
661 5267 761 5337 τῆς
796 5264 932 5335 πρὸς
961 5266 1158 5330 αὐτοὺς
1198 5267 1529 5338 οἰκειότητος
1569 5270 2023 5343 ἀλλοτριούμεθα,

444 5359 538 5413 καὶ
588 5357 788 5421 ὄνειδος
831 5353 974 5412 εἶναι
1022 5357 1335 5430 νομίζομεν,
1362 5362 1410 5413 εί
1471 5363 1855 5436 φωραθείημέν
1895 5383 2026 5420 ποτε

443 5451 674 5518 ἐκείνοις
707 5455 1077 5524 προσήκοντες
1097 5471 1111 5483 ·
1148 5453 1176 5506 ὁ
1197 5453 1254 5507 δὲ
1284 5454 1498 5518 Παῦλος
1537 5457 1634 5527 οὐχ
1661 5457 1852 5525 οὕτως,
1890 5459 2028 5515 ἀλλά

446 5543 544 5596 καὶ
597 5543 1064 5612 ἐγκαλλωπίζεται
1094 5545 1174 5617 τῷ
1219 5547 1526 5619 πράγματι,
1564 5549 1656 5603 καὶ
1684 5551 1746 5604 οὐ
1771 5554 1883 5613 τοῖς
1909 5552 2029 5606 τότε

454 5635 634 5707 μόνον,
664 5635 806 5690 ἀλλά
838 5637 932 5690 καὶ
964 5639 1078 5702 τοῖς
1111 5639 1248 5708 μετὰ
1288 5638 1466 5694 ταῦτα
1497 5642 1632 5695 πᾶσι
1657 5642 1815 5714 δῆλον
1845 5643 2030 5714 ἐποίηε

450 5749 563 5797 αεν,
599 5731 679 5785 ὃτι
709 5733 788 5794 είς
833 5735 959 5796 τοὺς
990 5746 1239 5805 πρώτους
1272 5735 1422 5807 αὐτῷ
1450 5737 1550 5808 τὴν
1599 5737 1782 5807 φιλίαν
1813 5736 2031 5793 ἐτέλουν

1103 312 1158 369 3.
1202 312 1486 372 JOANNIS
1525 311 2017 375 CHRYSOSTOM!
2055 312 2372 376 ABCHIEP.
2415 312 2958 374 CONSTANTI‘NOP.

3567 306 3678 403 «oo,

2085 431 2279 488 ἐκεῖνοι
2303 435 2352 488 οί
2378 434 2710 506 σκηνοποιοί.
2739 434 2848 487 Καὶ
2883 433 2958 503 μή
2989 447 3078 502 μοι
3111 429 3316 500 λεγέτω
3345 446 3450 494 τις,
3479 428 3587 484 Καὶ
3616 427 3674 482 τί

2083 529 2192 600 γάρ
2223 529 2366 600 μέγα
2401 530 2497 584 καὶ
2527 529 2859 601 θαυμαστὸν,
2895 527 2991 582 καὶ
3027 526 3212 592 αὐτὸν,
3235 525 3343 580 ἀπὸ
3364 525 3465 596 τῆς
3498 523 3675 593 αὐτῆς

2083 626 2211 680 δντα
2242 627 2459 699 τέχνης,
2495 627 2570 699 μὴ
2613 624 3036 698 ἐπαισχύνεσθαι
3080 627 3194 688 τοῖς
3222 622 3576 694 δμοτίχνοιςς
3609 619 3676 673 Τί

2084 725 2290 792 λέγεις;
2321 725 2491 778 Τοῦτο
2528 722 2636 795 γὰρ
2684 723 2813 777 αὐτὸ
2859 721 3114 793 μέγιστόν
3141 721 3257 774 ἐστι
3317 720 3414 774 καὶ
3469 718 3675 788 θαυμα-

2087 820 2229 873 στόν.
2267 820 2341 873 Οὐ
2370 819 2478 892 γὰρ
2505 818 2679 883 οὕτως
2717 820 2766 873 οἱ
2807 817 3088 890 προγόνων
3113 817 3330 888 ἔχοντες
3364 815 3540 868 είπεῖν
3586 829 3677 867 πε-

2089 917 2371 988 ριφάνειαν
2412 915 2832 986 ἐπαισχύνονται
2887 917 3002 978 τοῖς
3072 911 3542 981 καταδεεστέρως,
3597 909 3676 972 ὡς

2085 1015 2134 1065 οἱ
2184 1013 2465 1084 γενόμενοί
2521 1029 2651 1067 ποτε
2709 1011 2802 1065 ἐπὶ
2873 1010 2972 1081 τῆς
3009 1009 3181 1081 αὐτῆς
3220 992 3515 1069 εὐτελείας,
3556 999 3675 1058 εἷτα

2087 1108 2280 1180 ἀθρόον
2313 1111 2393 1173 είς
2443 1109 2807 1181 λαμπρότητά
2838 1126 2962 1162 τινα
3019 1108 3116 1162 καὶ
3144 1105 3504 1179 περιφάνειαν
3539 1102 3678 1156 ἀνα-

2089 1204 2302 1270 ϐάντες.
2339 1207 2459 1260 Ὅτι
2491 1206 2548 1260 δὲ
2584 1206 2798 1260 Παύλου
2831 1203 3210 1277 λαμπρότερον
3254 1201 3407 1256 οὐδὲν
3435 1194 3526 1272 ἦν,
3555 1197 3680 1252 ούδδ

2091 1301 2569 1373 περιφανέστερον,
2598 1299 2736 1354 ἀλλά
2775 1301 2868 1354 καὶ
2901 1299 3083 1355 αὐτῶν
3127 1297 3234 1352 τῶν
3267 1296 3528 1369 βασιλέων
3557 1296 3681 1348 ἐπιο

2092 1398 2393 1470 σημότερος
2419 1393 2507 1469 ἧν,
2536 1397 2700 1452 παντί
2733 1413 2837 1451 που
2873 1396 3029 1469 δῆλόν
3054 1397 3221 1450 ἐστιν.
3258 1395 3318 1448 '0
3358 1393 3468 1466 γάρ
3487 1391 3679 1464 διιίμο⁶

2094 1511 2177 1548 σιν
2220 1493 2548 1561 ἐπιτάττων,
2591 1493 2686 1547 καὶ
2727 1493 2953 1565 νεκροὺς
2985 1489 3234 1563 ἐγείρων,
3265 1489 3360 1544 καὶ
3391 1487 3451 1552 ἐξ
3491 1486 3682 1541 ἐπιτά-

2092 1606 2301 1662 γματος
2324 1592 2418 1645 καὶ
2440 1589 2715 1663 πηρῶσαι,
2737 1590 2828 1644 καὶ
2847 1585 3181 1660 θεραπεῦσαι
3202 1585 3328 1648 τοὺς
3346 1581 3682 1654 πεπηρωμέ-

2093 1703 2218 1750 νους
2260 1685 2576 1757 δυνάμενος,
2616 1678 2678 1739 οὗ
2713 1685 2783 1739 τά
2818 1683 3012 1755 ἱμάτια
3037 1682 3129 1736 καὶ
3150 1681 3206 1734 αι
3228 1679 3380 1735 σκιαὶ
3415 1679 3560 1733 ἆπαν
3594 1695 3680 1731 νο-

2097 1783 2358 1855 σημάτων
2379 1778 2518 1847 εἶδος
2551 1781 2724 1849 ἐλυον,
2762 1779 2984 1852 εὐδηλον
3011 1780 3092 1834 δτι
3115 1777 3236 1831 οὐδὲ
3259 1775 3544 1847 ἄνθρωπος
3574 1774 3681 1827 λοιο

2096 1875 2196 1931 πδν
2229 1869 2370 1928 εῐναι
2393 1873 2694 1945 ἐνομίζετο,
2717 1872 2831 1927 ἀλλ’
2852 1871 3084 1942 ἄγγελός
3109 1887 3193 1933 τις
3235 1869 3295 1934 ἐξ
3327 1865 3560 1939 ούρανοῦ
3590 1881 3684 1918 κα-

2093 1968 2286 2033 ταϐάς.
2323 1967 2462 2022 Ἀλλ’
2495 1968 2646 2038 ὅμως
2690 1964 2962 2036 τοσαύτης
3017 1961 3308 2016 ἀπολαύων
3358 1958 3537 2030 δόξης,
3590 1957 3682 2010 καὶ

2096 2058 2372 2131 πανταχοῦ
2422 2057 2868 2130 θαυμαζόμενος,
2905 2054 3002 2110 καὶ
3053 2055 3302 2124 ὅπουπερ
3358 2053 3424 2105 ἂν
3489 2048 3682 2119 φανείη

2096 2152 2308 2216 πάντας
2333 2149 2702 2222 ἐπιστρέφων,
2733 2148 2834 2202 οὐκ
2849 2144 3188 2221 ἐπῃσχύνετο
3217 2143 3310 2196 τὸν
3341 2139 3683 2212 σκηνοποιδν,

2096 2243 2216 2298 οὐδέ
2239 2240 2590 2298 ἐλαττοῦσθαι
2614 2240 2831 2312 ἐνόμιζε
2853 2239 2978 2303 τοὺς
2999 2239 3057 2292 ἐν
3085 2236 3360 2297 τοσούτοις
3379 2231 3686 2302 ἀξιώμασιν

2096 2337 2274 2400 δντας.
2310 2336 2418 2388 Καὶ
2450 2333 2558 2405 γὰρ
2598 2333 2746 2396 εἰκὸς
2775 2333 2832 2384 ἐν
2854 2333 2922 2403 τῇ
2959 2328 3260 2398 Ἐκκλησία
3297 2328 3364 2398 τῇ
3401 2322 3688 2395 Ῥωμαίων

2098 2427 2324 2491 πολλοὺς
2366 2419 2509 2479 εἶναι
2555 2425 2898 2498 περιφανεῖς,
2930 2420 3024 2485 οὓς
3079 2417 3362 2490 ἠνάγκαζε
3387 2417 3511 2479 τοὺς
3543 2431 3688 2468 πτω-

2099 2517 2226 2586 χοὺς
2262 2515 2504 2580 ἐκείνους
2557 2513 2931 2569 ἀσπάσασθαι.
2962 2511 3118 2584 ᾟδει
3173 2509 3303 2580 γάρ,
3326 2508 3443 2580 ᾔδει
3481 2505 3687 2576 σαφῶς,

2097 2611 2180 2662 ὃτι
2227 2608 2506 2677 εὐγένειαν
2553 2607 2614 2660 οὐ
2656 2606 2890 2661 πλούτου
2937 2604 3283 2676 περιφάνεια,
3314 2601 3437 2655 οὐδὲ
3481 2598 3690 2671 χρημά-

2098 2717 2206 2753 των
2230 2699 2536 2772 περιουσία,
2571 2699 2709 2754 ἀλλά
2737 2699 2956 2770 τρόπων
2984 2696 3255 2750 ἐπιείκεια
3277 2695 3451 2747 ποιεῖν
3472 2691 3691 2745 εῖωθεν·

2098 2792 2173 2858 ὡς
2195 2792 2249 2846 οῖ
2274 2807 2338 2860 γε
2377 2791 2582 2860 ταύτης
2620 2790 2721 2862 μὶν
2753 2787 3213 2860 ἀπεστερημένοι,
3243 2784 3350 2838 ἀπὺ
3384 2782 3441 2836 δέ
3465 2781 3565 2852 τῆς
3586 2779 3694 2834 τῶν

2100 2881 2508 2952 γεγεννηκότων
2525 2881 2722 2943 αὐτοὺς
2743 2878 2902 2948 δόξης
2928 2872 3482 2948 μεγαλοφρονοῦντες,
3501 2871 3687 2941 ὀνόμα-

2102 2993 2155 3031 τι
2174 2975 2333 3046 μόνον
2357 2973 2635 3042 εὐγενείας
2663 2970 2825 3042 ψιλῷ,
2845 2969 2961 3025 ἀλλ’
2977 2971 3099 3040 οὐχὶ
3119 2968 3403 3040 πράγματι
3425 2962 3694 3018 καλλωπί·

2104 3067 2286 3132 ζονται
2304 3084 2316 3098 ο
2342 3065 2542 3137 μᾶλλον
2565 3065 2621 3118 δὲ
2645 3063 2776 3117 αὐτὸ
2788 3063 2848 3116 τὸ
2867 3062 3040 3134 δνομα
3071 3062 3321 3132 φωρᾶται
3345 3056 3626 3118 πολλάκις.
3648 3053 3697 3106 εί

2103 3177 2186 3224 τις
2203 3161 2294 3213 ἐπὶ
2321 3159 2446 3221 τούς
2468 3155 2726 3227 ἀνωτέρω
2743 3154 3042 3227 προγόνους
3059 3152 3164 3206 τῶν
3195 3149 3434 3219 εὐγενῶν
3460 3145 3697 3216 ἀναδαίη

2105 3252 2329 3306 τούτων.
2367 3249 2471 3302 Τὸν
2492 3250 2599 3319 γάρ
2640 3247 2915 3319 περιφανῆ
2947 3247 3043 3299 καὶ
3064 3244 3337 3315 λαμπρὸν,
3362 3241 3456 3295 καὶ
3487 3239 3700 3311 πατέρα

2107 3343 2298 3414 έχοντα
2323 3342 2595 3411 ἐπίσημον
2627 3342 2803 3394 εἰπεῖν
2835 3340 2930 3393 καὶ
2966 3338 3211 3401 πάππον,
3268 3336 3333 3390 ἂν
3368 3333 3511 3406 μετὰ
3543 3335 3690 3405 ἀκρι-

2108 3437 2260 3499 ϐείας
2295 3434 2578 3507 ἐξετάσεις,
2603 3433 2861 3496 πολλάκις
2889 3432 3147 3504 εὑρήσεις
3168 3429 3489 3483 ἐπίπαππον
3509 3426 3702 3496 εὐτελῆ

2108 3546 2230 3582 τινα
2259 3529 2353 3582 καὶ
2379 3526 2664 3598 ἀνώνυμον
2691 3525 2999 3596 ἐσχηκότα’
3045 3522 3298 3592 καθάπερ
3319 3519 3429 3574 τῶν
3467 3516 3702 3572 εὐτελῶν

2110 3615 2248 3672 εἶναι
2284 3617 2583 3672 δοκούντων
2612 3616 2677 3670 ἃν
2707 3614 2859 3687 [175]
2898 3613 2960 3667 τὸ
3003 3611 3162 3682 γένος
3184 3610 3338 3665 ἀπαν
3386 3607 3702 3662 ἀναϐαίνον-

2109 3729 2202 3776 τες
2257 3708 2398 3764 κατά
2453 3708 2648 3780 μικρὸν
2705 3701 3208 3778 διερευνησώμεθα,
3274 3699 3557 3771 ὑπάρχους
3611 3699 3703 3752 καὶ

2115 3801 2452 3874 στρατηγοὺς
2479 3800 2786 3871 εὑρήσομεν
2808 3795 2987 3849 αὐτῶν
3006 3792 3271 3856 πολλάκις
3293 3792 3421 3854 τοὺς
3450 3789 3703 3862 ἀνωτέρω

2113 3894 2436 3966 προγόνους,
2475 3891 2569 3946 καὶ
2591 3892 2672 3954 είς
2721 3885 3095 3958 ίπποφορθοὺς
3125 3885 3227 3938 καὶ
3253 3881 3591 3952 συοφορδοὺς
3618 3879 3705 3933 εῦ-

2117 4004 2198 4059 ροι
2229 4004 2312 4050 τις
2347 3983 2412 4039 ἂν
2437 3980 2858 4054 γεγενημένους.
2897 3980 3077 4050 ’Δπερ
3125 3973 3220 4029 οὖν
3257 3975 3473 4029 ἅπαντα
3499 3969 3703 4032 Παῦλος

2115 4079 2288 4144 εἰδὼς,
2324 4075 2528 4131 τούτων
2579 4074 2677 4147 μὲν
2705 4072 2766 4126 οὐ
2817 4070 2983 4125 πολὺν
3029 4070 3266 4122 ἐποιεῖτο
3309 4064 3489 4134 λόγον,
3535 4061 3704 4132 ψυχῆς

2114 4173 2169 4226 δέ
2205 4170 2484 4239 εὐγένειαν
2511 4167 2716 4238 ἐζήτει,
2744 4165 2839 4219 καὶ
2865 4163 2990 4226 τοὺς
3017 4159 3211 4223 ἀλλους
3242 4157 3448 4228 ταύτην
3493 4152 3703 4224 θαυμάο

2117 4263 2231 4328 ζειν
2260 4261 2600 4316 ἐπαίδευσεν.
2632 4259 2708 4310 οὐ
2743 4255 2941 4327 μικρὸν
2963 4249 3056 4308 οὖν
3099 4249 3259 4305 τοῦτο
3290 4249 3431 4313 τέως
3449 4246 3704 4324 ἐντεῦθεν

2117 4353 2502 4428 καρπούμεθα,
2533 4351 2596 4404 τὸ
2626 4349 2817 4421 μηδενὶ
2850 4347 2959 4402 τῶν
3011 4342 3409 4414 εὐτελεστέρων
3454 4337 3702 4408 ἐπαισχύ-

2117 4446 2326 4511 νεσθαι,
2359 4445 2420 4498 τὸ
2466 4442 2646 4514 ψυχῆς
2692 4440 2897 4514 ἀρετὴν
2943 4438 3243 4506 ἐπιζητεῖν,
3295 4434 3357 4488 τὸ
3409 4433 3586 4487 πάντα
3639 4432 3710 4485 τὰ.
3745 4437 3748 4440 ’

2118 4539 2320 4607 ἔξωθεν
2354 4539 2488 4609 ἡμῖν
2515 4531 2876 4606 περικείμενα
2897 4528 3131 4603 περιττὰ
3169 4523 3310 4582 εἶναι
3353 4524 3595 4597 νομίζειν
3618 4523 3708 4577 καὶ

2117 4633 2370 4703 ἀνόνητα.

2191 4736 2264 4799 γ’.
2283 4729 2438 4781 Ἔστι
2467 4726 2562 4780 καὶ
2589 4724 2775 4794 ἓτερον
2796 4721 2898 4774 οὐκ
2933 4719 3154 4775 ἔλαττον
3187 4717 3381 4771 τούτου
3413 4709 3711 4784 καρπώσα-

2125 4821 2248 4877 σθαι
2286 4818 2478 4890 κέρδος
2507 4813 2779 4878 ἐντεῦθεν,
2820 4813 2916 4865 καὶ
2957 4811 2986 4864 δ
3021 4809 3256 4880 μάλιστα
3296 4805 3512 4876 συνέχει
3548 4799 3712 4872 ήμῶν

2122 4913 2220 4986 τὴν
2246 4912 2391 4984 ζωὴν
2423 4904 2788 4981 κατορθωθέν.
2808 4904 2873 4957 Τί
2896 4903 2953 4956 δέ
2977 4901 3136 4955 τοῦτό
3167 4903 3283 4954 ἐστι
3303 4915 3318 4966 ;
3341 4897 3415 4950 Τὸ
3439 4894 3514 4986 μή
3540 4908 3711 4986 κατηξ

2125 4982 2309 5079 γορεῖν
2329 4982 2424 5058 τοῦ
2444 5002 2646 5073 γάμου,
2677 4997 2811 5070 μηδέ
2837 4995 3079 5067 νομίζειν
3100 4991 3416 5063 ἐμπόδισμα
3449 4983 3589 5042 εἶναι
3617 4982 3711 5079 καὶ

2130 5077 2359 5168 κώλυμα
2389 5095 2487 5166 τῆς
2525 5095 2606 5157 είς
2655 5088 2858 5163 ἀρετὴν
2911 5085 3182 5158 φερούσης
3213 5080 3358 5148 ὁδοῦ,
3383 5079 3446 5132 τὸ
3476 5077 3712 5148 γυναῖκα

2127 5192 2293 5263 ἔχειν,
2323 5189 2418 5243 καὶ
2453 5185 2648 5248 παῖδας
2689 5183 2933 5254 τρέφειν,
2973 5179 3068 5233 καὶ
3100 5175 3277 5238 οίκίας
3323 5168 3709 5263 προΐστασθαι,

2128 5254 2222 5338 καὶ
2246 5282 2441 5352 τέχνην
2470 5274 2886 5350 μεταχειρίζειν.
2938 5270 3068 5327 Ἰδοὺ
3097 5267 3191 5323 καὶ
3224 5263 3458 5320 ἐνταῦθα
3488 5259 3630 5332 ἀνὴρ
3641 5254 3715 5352 ᾖν

2130 5375 2224 5430 καὶ
2254 5350 2412 5444 γυνὴ,
2453 5369 2548 5424 καὶ
2577 5363 2957 5438 ἐργαστηρίων
2995 5358 3446 5433 προειστήκεσαν,
3479 5353 3575 5444 καλ
3595 5350 3715 5421 τέχ-

2130 5480 2229 5534 νην
2258 5440 2710 5532 μετεχειρίζοντο,
2735 5453 2833 5507 καὶ
2859 5451 2968 5506 τῶν
2995 5452 3055 5504 ἐν
3087 5445 3470 5520 μοναστηρίοις
3496 5440 3714 5534 ζώντων

2131 5530 2529 5626 ἀκριϐεστέραν
2582 5545 2928 5631 ἐπεδείξαντο
2983 5538 3164 5610 πολλῷ
3213 5537 3314 5607 τὴν
3343 5530 3709 5631 φιλοσοφίαν.

2133 5625 2302 5700 Πόθεν
2329 5639 2488 5696 τοῦτο
2515 5637 2701 5710 δῆλον;
2735 5635 2850 5704 Ἀφ’
2881 5627 2957 5687 ὧν
2983 5632 3278 5704 προσεῖπεν
3297 5627 3496 5688 αὐτους
3514 5627 3543 5678 ὁ
3562 5625 3712 5676 Παῦ-

2133 5738 2244 5802 λος,
2299 5735 2501 5806 μᾶλλον
2540 5731 2597 5785 δέ
2635 5731 2737 5786 οὐκ
2790 5727 2884 5798 ἀφ’
2913 5719 2988 5783 ὧν
3045 5723 3363 5798 προσεῖπεν,
3421 5715 3558 5774 ἀλλά
3619 5712 3719 5771 καὶ
