4060 6252
385 305 485 367 189

380 434 489 478 tum
538 419 710 491 majus
749 433 933 475 eorum
989 418 1192 474 crimen
1236 420 1514 490 apparebit
1556 427 1609 474 et
1652 417 1844 487 culpa,
1883 417 1973 484 qui

382 524 560 571 tantos
580 522 929 569 contemnunt
958 511 1260 578 thesauros,
1283 524 1335 569 et
1357 514 1661 583 spiritnales
1684 528 1713 565 e
1733 510 1977 564 manibus

381 622 514 677 opes
533 606 811 674 abjiciunt.
839 604 1094 673 Quaenam
1120 605 1277 675 igitur
1305 614 1389 659 est
1414 600 1692 659 salutatio?
1722 601 1977 665 Salutate,

384 700 576 770 inquit,
611 697 901 752 Priscillam
925 708 971 751 et
992 697 1223 763 Aquilam
1244 696 1500 767 adjutores
1526 713 1661 750 meos
1686 695 1738 748 in
1764 694 1980 748 Domino

385 792 575 861 (Rom.
605 790 691 844 l6.
740 788 835 861 3).
879 788 1067 843 Nonne
1121 788 1330 843 videtur
1378 787 1514 842 nuda
1562 786 1803 857 quaedam
1860 799 1981 839 esse

385 881 669 943 salutatio,
723 895 898 949 neque
945 879 1231 949 quidquam
1277 894 1525 949 magnum
1585 888 1678 932 aut
1723 876 1977 930 eximium

385 971 537 1025 nobis
564 970 839 1025 indicare?
864 970 975 1040 Age
1018 970 1176 1039 igitur
1221 970 1272 1023 in
1295 984 1413 1024 eam
1441 968 1609 1023 solam
1643 976 1806 1022 totam
1844 966 1981 1021 hanc

387 1061 889 1115 sermocinationem
922 1060 1330 1131 impendamus:
1363 1060 1470 1113 imo
1527 1074 1657 1114 vero
1710 1075 1776 1113 ne
1822 1058 1982 1113 hodie

387 1151 602 1222 quidem
645 1151 941 1221 poterimus
970 1150 1120 1205 vobis
1149 1150 1413 1204 involutas
1441 1149 1647 1219 exiguis
1686 1149 1803 1203 istis
1830 1148 1979 1203 voci:

389 1245 486 1297 bus
513 1243 783 1312 explicare
804 1243 1119 1307 sententias,
1144 1243 1236 1298 sed
1269 1243 1321 1297 in
1353 1243 1583 1298 alterum
1624 1242 1765 1298 diem
1797 1257 1978 1298 reser-

386 1351 514 1390 vare
541 1336 694 1391 vobis
720 1350 941 1390 necesse
969 1344 1048 1391 est
1069 1335 1576 1407 contentplationum
1602 1336 1838 1404 copiam,
1864 1350 1984 1405 qua:

387 1448 451 1487 ex
481 1432 640 1501 hujus
676 1432 881 1502 exigua:
910 1431 1245 1486 salutationis
1290 1429 1720 1485 consideratione
1763 1443 1985 1482 nascen-

390 1534 494 1578 tur.
520 1524 703 1594 Neque
721 1524 863 1578 enim
887 1533 1048 1578 totam
1074 1523 1215 1577 illam
1260 1536 1511 1577 enarrare
1532 1520 1711 1584 statui,
1742 1519 1834 1573 sed
1866 1535 1979 1588 paro

392 1628 498 1672 tem
522 1618 637 1687 ejus
668 1628 724 1671 et
754 1616 959 1671 initium
992 1626 1152 1685 atque
1179 1614 1457 1669 exordium
1482 1621 1686 1667 tantum
1715 1628 1727 1664 :
1753 1609 1987 1665 Salutate

398 1708 688 1763 Priscillam
718 1718 766 1763 et
801 1707 1057 1778 Aquilam.

460 1799 516 1854 2.
537 1800 665 1868 Qua:
681 1801 732 1854 iu
750 1799 845 1854 hac
856 1801 1157 1854 salutatione
1168 1808 1284 1875 sunt
1299 1797 1687 1853 consideranda.
1707 1796 1751 1851 0
1755 1797 1928 1868 piﬁces
1940 1806 1986 1851 et

394 1909 641 1963 pauperes
653 1891 841 1946 salutat
862 1890 1235 1944 Paulum—Pri
1244 1905 1331 1944 mo
1342 1890 1555 1960 quidem
1574 1889 1720 1944 Pauli
1739 1890 1985 1942 virtutem

392 1986 958 2053 adtnirenturoportet,
978 1984 1118 2055 quod
1142 1998 1263 2038 cum
1282 1984 1352 2038 illi
1373 1983 1535 2037 totius
1550 1982 1696 2037 orbis
1724 1990 1986 2036 terrarum

391 2087 533 2131 esset
549 2089 674 2131 cura
688 2074 994 2138 commissa,
1015 2081 1070 2127 et
1083 2080 1802 2142 terram,mare,cunctasque
1814 2071 1989 2127 civita-

393 2181 476 2225 tes
488 2185 606 2239 quae
626 2168 725 2223 sub
742 2168 875 2223 carlo
892 2176 1033 2232 sunt,
1048 2175 1102 2222 et
1116 2166 1373 2222 barbaros
1386 2175 1440 2222 et
1467 2165 1704 2228 Grzccos,
1722 2173 1775 2219 et
1799 2173 1876 2219 tot
1898 2179 1989 2235 po-

394 2262 551 2330 pulos
570 2276 751 2315 secum
778 2259 1166 2325 circumferret,
1188 2258 1324 2314 adeo
1347 2258 1415 2313 de
1432 2258 1546 2312 viro
1569 2275 1673 2312 uno
1694 2257 1867 2327 deque
1884 2272 1989 2312 una

397 2351 623 2405 muliere
649 2350 910 2406 sollicitus
936 2358 1117 2417 esset;
1176 2349 1412 2405 secundo
1454 2348 1558 2404 hoc
1607 2350 1733 2404 item
1785 2350 1988 2404 miran-

395 2443 546 2508 dum,
569 2457 727 2513 quam
750 2442 983 2512 vigilanti
1008 2457 1071 2497 ac
1090 2441 1322 2497 sollicito
1349 2450 1489 2497 esset
1511 2442 1689 2497 animo
1711 2442 1986 2511 praeditus,

395 2534 484 2604 qui
516 2550 620 2588 non
643 2534 881 2589 omnium
922 2534 1078 2589 simul
1104 2542 1327 2601 tantum,
1360 2533 1454 2590 sed
1504 2543 1560 2589 et
1606 2534 1850 2604 privatim
1876 2533 1990 2588 sin-

396 2626 641 2695 gulorum
673 2640 737 2679 ex
757 2624 940 2694 probis
966 2632 1021 2680 et
1046 2625 1255 2680 eximiis
1285 2625 1675 2679 recordaretur.
1700 2623 1817 2678 Jam
1847 2623 1987 2677 enim

400 2718 659 2788 pra-sules
687 2716 1047 2772 Ecclesiarum
1099 2717 1148 2771 id
1201 2732 1360 2787 agere
1412 2717 1540 2771 nihil
1596 2732 1726 2772 sane
1773 2716 1989 2781 ntirum,

396 2827 522 2867 cum
578 2820 633 2866 et
662 2811 921 2865 tumultus
961 2811 1033 2864 illi
1079 2810 1246 2865 sedati
1295 2811 1422 2877 sint,
1472 2818 1526 2865 et
1573 2809 1728 2865 unius
1766 2809 1993 2863 civitatis

400 2913 605 2957 tantum
632 2918 815 2958 curant
842 2902 1177 2972 susceperint
1209 2921 1222 2956 :
1254 2911 1363 2957 ttttn
1408 2917 1535 2957 vero
1576 2918 1679 2955 non
1730 2901 1996 2973 periculo-

400 3012 520 3052 rum
548 3006 750 3050 tantum
774 2995 1102 3064 magnitudo,
1148 2995 1245 3050 sed
1289 3006 1344 3050 et
1395 2995 1601 3049 itineris
1632 2993 1992 3063 intercapedo,

404 3101 458 3145 et
500 3089 787 3145 multitudo
827 3104 1097 3155 cut-arum,
1143 3097 1197 3143 et
1221 3088 1455 3143 continui
1488 3087 1700 3151 fluctus,
1746 3086 1995 3157 quodque

402 3200 505 3235 non
536 3198 750 3251 semper
792 3181 930 3251 apud
961 3197 1151 3237 omnes
1198 3181 1411 3235 assidue
1462 3189 1779 3245 moraretur,
1836 3189 1995 3249 atque

400 3275 500 3328 alia
551 3277 697 3343 plura
744 3282 989 3343 poterant
1034 3273 1194 3328 etiam
1248 3272 1402 3328 valde
1455 3287 1609 3328 caros
1661 3287 1693 3328 e
1736 3272 1992 3327 memoria

401 3375 672 3421 excutere.
734 3364 1112 3420 Verumtamen
1153 3364 1252 3420 hos
1313 3380 1418 3420 non
1459 3372 1828 3420 excusserunt.
1878 3362 1996 3430 Quo

405 3456 620 3511 tandem
653 3465 807 3524 pacto
847 3472 952 3510 non
978 3455 1188 3511 excussi
1225 3456 1388 3511 sunt?
1425 3454 1509 3511 0b
1538 3455 1685 3509 Pauli
1718 3454 1995 3524 magnani-

406 3548 647 3602 mitatem
678 3562 741 3603 ac
785 3548 1045 3603 fervidam
1087 3548 1460 3619 sinceramque
1486 3548 1650 3618 ipsius
1697 3548 1993 3603 caritatem.

404 3639 495 3697 Sic
520 3641 664 3695 enim
687 3642 849 3696 menti
878 3641 995 3710 ejus
1040 3640 1391 3708 inhaerebant,
1419 3652 1478 3695 ut
1500 3651 1554 3698 et
1600 3642 1652 3697 in
1680 3641 1847 3697 literis
1873 3655 1995 3695 rre-

408 3734 557 3787 bram
584 3746 770 3786 eorum
799 3731 982 3787 fecerit
1026 3733 1373 3788 mentionem.
1404 3733 1509 3789 Sed
1552 3732 1827 3788 videamus
1877 3732 1995 3802 qni-

407 3839 531 3877 nam
554 3823 626 3877 illi
656 3824 945 3894 qualesque
972 3824 1186 3879 tandem
1226 3833 1429 3890 essent,
1480 3825 1569 3896 qui
1601 3824 1823 3879 Paulum
1864 3822 1998 3877 adeo

406 3917 506 3970 sibi
530 3916 915 3987 maneiparant,
966 3926 1021 3972 et
1056 3918 1121 3972 ad
1152 3933 1389 3974 amorem
1446 3933 1601 3974 suum
1646 3918 1995 3988 pcllexerant.

408 4005 545 4060 Num
576 4004 805 4063 fortasse
846 4008 1093 4063 consules
1136 4009 1295 4079 aliqui
1346 4009 1430 4065 vel
1485 4009 1722 4079 magistri
1769 4009 1997 4065 militum

406 4106 562 4153 erant
586 4106 639 4151 et
666 4096 924 4166 praefecti,
952 4099 1038 4154 vel
1068 4100 1119 4153 in
1142 4100 1317 4170 aliqua
1344 4099 1538 4155 illustri
1567 4099 1824 4171 dignitate
1862 4115 1996 4156 con-

407 4186 600 4252 stituti,
646 4187 728 4242 vel
766 4187 956 4257 opibus
1002 4189 1450 4255 circumfluentes,
1507 4190 1702 4259 quique
1730 4190 1998 4247 civitatem

405 4279 694 4350 regerent?
718 4279 858 4335 Nihil
891 4280 995 4337 tale
1034 4289 1211 4351 potest
1238 4281 1439 4347 afferri,
1476 4282 1569 4337 sed
1611 4283 1768 4353 plane
1788 4292 1998 4339 contra-

408 4372 583 4437 rium,
636 4386 897 4442 pauperes
946 4381 1000 4426 et
1051 4372 1227 4441 egeni,
1281 4372 1479 4443 quique
1533 4389 1696 4443 opere
1745 4391 1996 4430 manuum

408 4463 606 4517 victum
632 4471 955 4532 quaererent.
986 4462 1150 4517 Erant
1172 4464 1339 4529 enim,
1364 4463 1553 4534 inquit,
1600 4466 2000 4521 scenolbctot—ire

406 4555 716 4626 artis(Act.
773 4557 858 4612 18.
890 4555 1203 4626 5):neque
1250 4556 1468 4610 Paulum
1519 4556 1768 4625 pudebat,
1828 4573 2001 4627 neque

408 4649 800 4719 augustissima!
825 4650 1027 4704 civitati
1053 4650 1357 4720 populoque
1383 4650 1662 4713 magnifice
1686 4650 1753 4705 de
1780 4666 1839 4705 se
1878 4666 2001 4705 sen—

409 4738 561 4793 tienti
593 4739 789 4808 probro
812 4754 936 4795 esse
956 4738 1205 4805 ducebat,
1253 4739 1298 4792 si
1349 4738 1569 4808 opifices
1613 4741 1735 4796 illos
1782 4741 1999 4795 salutari

402 4828 636 4899 inberet,
684 4845 857 4899 neque
895 4828 1240 4900 ignominiam
1295 4830 1400 4885 illis
1445 4831 1665 4885 conflari
1720 4847 1784 4885 ex
1817 4846 1910 4886 sua
1947 4833 1998 4886 in

407 4922 531 4976 illos
555 4924 788 4977 amicitia
811 4924 1029 4993 putabat
1058 4941 1072 4978 :
1103 4925 1179 4977 sic
1203 4939 1395 4978 omnes
1421 4934 1530 4978 tum
1573 4928 1828 4995 temporis
1872 4942 1998 4981 eru—

403 5013 619 5081 dierat,
670 5023 729 5068 ttt
778 5014 846 5070 de
888 5030 948 5070 se
989 5016 1230 5071 modeste
1286 5016 1666 5088 moderateque
1719 5020 1997 5073 sentirent.

404 5107 565 5175 Atqui
598 5120 697 5161 nos
721 5121 864 5177 stepe
885 5108 927 5161 si
958 5099 1282 5178 propinquos
1310 5109 1467 5178 paulo
1488 5110 1745 5164 tenuioris
1774 5109 2001 5164 fortuna:

404 5198 739 5259 habeamus,
787 5199 856 5252 ab
911 5199 1123 5252 illorum
1195 5199 1553 5254 familiaritate
1607 5200 1998 5267 abhorrentus,

403 5290 666 5360 nobisque
698 5291 892 5360 probro
921 5290 1195 5354 ducimus,
1255 5291 1298 5345 si
1352 5291 1565 5361 quando
1618 5292 1827 5346 illorum
1877 5307 2000 5361 pro-

406 5380 589 5450 pinqui
620 5381 1119 5450 deprehendamur;
1148 5381 1343 5436 Paulus
1368 5396 1496 5435 vero
1541 5396 1646 5435 non
1676 5382 1768 5447 ita,
1796 5382 1889 5437 sed
1937 5398 2000 5437 ea

405 5482 465 5524 re
506 5486 722 5542 quoque
763 5473 1053 5544 gloriatur,
1112 5489 1211 5528 nec
1258 5473 1564 5528 hominibus
1603 5482 1807 5529 tantum
1862 5476 2002 5531 illius

404 5565 600 5629 etatis,
630 5564 723 5619 sed
755 5564 918 5620 etiam
958 5565 1206 5620 omnibus
1233 5566 1460 5635 posteris
1485 5564 1690 5619 curavit
1739 5575 1798 5619 ut
1843 5566 1997 5620 inno-

406 5663 658 5722 tesceret,
714 5656 857 5718 inter
900 5641 1075 5726 ipsius
1107 5656 1310 5710 amicos
1360 5656 1480 5710 illos
1534 5654 1998 5713 tabernaculorum

401 5746 627 5821 opifices
661 5748 863 5818 primos
891 5746 1071 5803 fuisse.
1114 5746 1297 5819 Neque
1339 5749 1467 5804 mihi
1508 5749 1784 5821 quisquam
1831 5748 1996 5816 dicat,

1195 300 1259 361 IN
1294 304 1516 369 ILLUD,
1559 272 1923 360 SALUTATE
1965 293 2370 357 PRISCILI.AM
2414 300 2499 358 er
2540 302 2867 374 AQUILAM.
2915 305 2953 360 ι.

3564 316 3584 367 ι
3596 314 3665 369 90

2086 411 2221 479 Quid
2251 430 2377 468 vero
2409 431 2658 485 magnum
2696 420 2978 486 mirumve,
3010 418 3056 475 si
3083 421 3279 494 ipsum,
3311 421 3402 493 qui
3431 423 3673 481 eamdem

2085 517 2253 561 artem
2284 506 2566 573 factitaret,
2595 510 2832 579 ejusdem
2860 512 3055 582 opificii
3079 515 3407 569 consortium
3438 531 3543 571 non
3575 534 3693 587 pua

2086 596 2273 651 deret?
2293 598 2427 666 Quid
2459 601 2582 655 ais?
2614 602 2724 658 lloe
2752 603 2893 658 enim
2932 604 3104 673 ipsum
3133 605 3345 674 plurimi
3374 605 3675 664 faciendum

2086 697 2168 741 est
2193 696 2249 743 et
2280 690 2634 748 admiratione
2664 693 2902 763 dignum.
2933 694 3050 750 Non
3077 697 3216 750 enim
3247 710 3341 751 eos
3389 697 3477 768 qui
3522 698 3679 753 clari-

2089 786 2249 832 tatem
2295 793 2517 848 possunt
2557 798 2978 840 commemorare
3005 786 3265 855 majorum
3316 803 3469 858 atque
3517 789 3680 857 pudet

2089 869 2419 938 inferiorum,
2451 882 2610 944 atque
2642 875 2759 929 illos
2790 876 2879 945 qui
2912 877 2962 930 in
2992 878 3179 933 eadem
3206 878 3333 933 olim
3356 880 3496 950 vulgi
3548 881 3681 936 fa-ce

2082 961 2369 1032 jacuerint,
2399 975 2454 1020 et
2492 966 2558 1021 ad
2590 967 2849 1024 illustrem
2880 984 2943 1024 ac
2985 970 3217 1026 nobilem
3263 972 3437 1028 subito
3486 972 3681 1030 fuerint

2087 1055 2395 1126 dignitatem
2423 1059 2614 1113 evecti.
2648 1060 2814 1116 Porro
2842 1062 2974 1117 nihil
3004 1062 3167 1119 fuisse
3207 1064 3466 1121 illustrius
3519 1067 3681 1123 Paulo

2088 1148 2170 1203 vel
2202 1149 2452 1217 nobilius,
2484 1153 2577 1207 sed
2605 1154 2734 1224 ipsis
2772 1170 2894 1210 eum
2938 1157 3149 1226 regibus
3175 1156 3338 1214 fuisse
3373 1160 3677 1227 clariorem,

2087 1241 2281 1309 cuivis,
2310 1251 2394 1297 sat
2422 1245 2555 1309 scio,
2606 1244 2945 1301 manifestum
2995 1258 3100 1303 est.
3149 1249 3280 1305 Nam
3309 1251 3397 1321 qui
3426 1252 3681 1307 daemoni-

2089 1329 2190 1385 bus
2216 1331 2532 1403 imperabat,
2555 1336 2644 1404 qui
2676 1346 2917 1393 mortuos
2938 1340 3250 1407 suscitabat,
3276 1343 3365 1413 qui
3393 1344 3507 1397 Solo
3527 1345 3681 1414 jussu

2088 1438 2360 1479 excarcare
2386 1435 2592 1496 poterat
2623 1435 2677 1481 et
2702 1441 2877 1483 czecos
2918 1443 3129 1495 sanare,
3158 1431 3308 1500 cujus
3333 1445 3509 1490 vestes
3536 1451 3681 1491 mor-

2091 1515 2278 1573 borum
2320 1532 2490 1589 genus
2532 1534 2692 1574 omne
2730 1518 3091 1591 depellebant,
3119 1522 3258 1578 haud
3285 1524 3523 1593 dubium,
3553 1530 3680 1599 quin

2090 1628 2195 1668 non
2226 1614 2336 1683 jam
2361 1613 2543 1681 homo,
2569 1615 2664 1671 scd
2689 1617 2911 1686 angelus
2939 1616 3007 1674 de
3060 1619 3193 1674 caelo
3219 1618 3468 1690 delapsus
3493 1638 3681 1679 cense-

2090 1715 2258 1761 retur.

2164 1797 2422 1855 Nobilitas
2452 1799 2587 1855 unde
2613 1811 2869 1856 nascatur.
2899 1800 3016 1857 Non
3041 1812 3113 1857 est
3143 1803 3527 1875 vituperandum
3573 1823 3677 1859 ma-

2093 1892 2405 1946 trimom'um.
2444 1922 2518 1933 —
2560 1893 2940 1950 Verumtamen
2987 1895 3108 1950 licet
3170 1897 3223 1951 in
3294 1898 3683 1953 existimatione

2094 1989 2240 2036 tanta
2263 1991 2427 2047 esset,
2461 1990 2519 2038 et
2546 1984 2741 2054 ubique
2765 1984 3126 2053 admirationi,
3156 1995 3213 2041 et
3240 1986 3291 2041 in
3322 2003 3685 2060 quascumque

2092 2088 2152 2127 se
2180 2088 2304 2129 oras
2328 2074 2623 2143 conferret,
2655 2091 2845 2133 omnes
2864 2078 2930 2132 ad
2964 2091 3024 2133 se
3050 2089 3405 2147 converteret,
3438 2083 3684 2138 taberna-

2093 2166 2337 2221 culorum
2391 2167 2636 2237 opificem
2696 2184 2802 2224 non
2846 2169 3236 2237 erubescebat,
3282 2187 3381 2228 nec
3429 2172 3683 2229 honorem

2094 2270 2279 2310 eorum
2312 2256 2551 2311 imminui
2592 2257 2871 2325 censebat,
2919 2259 3010 2329 qui
3041 2260 3093 2315 in
3135 2261 3484 2330 dignitatibus
3525 2267 3686 2320 tantis

2094 2356 2247 2402 erant
2287 2362 2352 2403 ac
2406 2350 2804 2420 magistratibus
2851 2353 3147 2407 constituti.
3183 2354 3488 2411 Verisimile
3530 2373 3683 2412 nant-

2095 2452 2199 2507 quc
2218 2446 2302 2493 est
2318 2439 2509 2493 multos
2528 2440 2580 2494 in
2606 2440 2837 2496 Ecclesia
2862 2440 3026 2497 fuisse
3050 2442 3407 2498 Romanorum
3432 2445 3685 2511 illustres,

2095 2542 2229 2598 quos
2257 2529 2481 2600 cogebat
2507 2546 2766 2602 pauperes
2792 2532 2909 2586 illos
2938 2533 3194 2588 salutare.
3220 2534 3449 2591 Noverat
3470 2538 3686 2606 quippe.

2099 2630 2318 2677 noverat
2343 2622 2510 2692 probe
2538 2640 2642 2678 non
2685 2639 2845 2694 epum
2886 2625 3252 2695 splendorem,
3306 2644 3479 2698 neque
3528 2646 3688 2698 pecu-

2099 2714 2303 2768 niarum
2333 2713 2682 2780 affluentiam,
2728 2717 2823 2773 sed
2880 2734 3089 2774 morum
3134 2720 3449 2775 modestiam
3504 2739 3689 2792 parere

2100 2805 2429 2861 nobilitatem
2482 2808 2657 2863 solere
2688 2809 2902 2880 :itaque
2962 2809 3035 2864 illi
3065 2811 3154 2881 qui
3185 2811 3283 2867 hac
3319 2814 3505 2882 privati
3531 2827 3687 2883 sunt,

2098 2896 2192 2951 sed
2236 2896 2496 2965 majorum
2548 2898 2792 2955 claritate
2847 2900 3195 2970 superbiant,
3248 2906 3462 2959 nomine
3513 2908 3689 2975 potius

2101 2986 2391 3042 nobilitatis
2422 2988 2583 3052 nudo,
2626 3004 2733 3043 non
2763 3005 2823 3045 re
2853 2990 2963 3059 ipsa
3009 2993 3301 3061 gloriantur
3330 3012 3342 3048 :
3383 2995 3490 3050 imo
3516 2998 3687 3067 ipsum

2101 3092 2294 3132 nomen
2326 3077 2638 3150 plerumque
2659 3080 3009 3143 subtrahitur,
3033 3083 3076 3136 si
3113 3084 3234 3154 quis
3262 3084 3327 3139 ad
3365 3088 3690 3157 antiquiores

2101 3168 2358 3223 nobilium
2393 3168 2613 3233 istorum
2654 3170 2885 3241 majores
2912 3174 3237 3230 ascenderit.
3274 3176 3405 3231 Nam
3452 3194 3574 3233 eum
3602 3184 3689 3249 qui

2100 3261 2280 3314 clarus
2304 3269 2358 3314 et
2406 3259 2625 3316 illustris
2652 3270 2755 3329 est,
2783 3277 2846 3317 ac
2876 3263 3108 3319 nobilem
3148 3280 3573 3327 commemorare
3597 3287 3692 3341 pa-

2102 3360 2237 3407 trem
2266 3362 2320 3407 et
2349 3367 2506 3407 avum
2551 3361 2763 3422 potest,
2802 3356 2846 3409 si
2878 3358 3176 3412 accuratius
3204 3361 3498 3426 examines,
3530 3364 3691 3419 vilem

2102 3442 2406 3511 quempiam
2448 3452 2503 3496 et
2546 3442 2835 3498 obscurum
2886 3461 3141 3515 proavum
3174 3447 3424 3505 habuisse
3456 3468 3692 3525 perS:rpe

2100 3533 2399 3601 comperies
2427 3550 2442 3587 :
2468 3535 2912 3603 quemadmodum
2942 3545 2997 3592 et
3021 3553 3206 3593 eorum
3242 3543 3330 3609 qui
3362 3551 3546 3599 tenues
3571 3560 3694 3602 esse

2104 3621 2374 3687 videntur,
2420 3624 2463 3678 si
2515 3634 2683 3679 totum
2732 3641 2902 3695 genus
2949 3629 3205 3700 paulatim
3250 3648 3462 3687 sursum
3510 3651 3695 3693 versus

2102 3715 2441 3771 ascendendo
2472 3718 2925 3789 pervestigemus,
2978 3722 3260 3792 praefectos
3314 3736 3368 3780 et
3412 3729 3692 3799 magistros

2105 3808 2331 3863 militum
2354 3823 2497 3877 saepe
2526 3808 2780 3865 habuisse
2823 3812 3052 3881 majores
3080 3815 3429 3881 inveniemus,
3461 3823 3550 3890 qtti
3579 3833 3692 3878 tan-

2104 3898 2225 3954 dem
2258 3900 2308 3954 in
2338 3901 2627 3971 equisones
2643 3910 2698 3958 et
2741 3903 2990 3959 subulcus
3017 3907 3261 3961 conversi
3313 3908 3526 3965 fuerint.
3565 3914 3695 3981 Qua:

2103 4008 2225 4047 cum
2251 3994 2525 4062 explorata
2552 3994 2719 4049 Paulo
2747 4005 2928 4051 essent
2959 3998 3157 4061 onmia,
3187 4014 3291 4053 nou
3324 4017 3568 4072 magnam
3601 4005 3698 4060 ho-

2106 4101 2223 4140 rum
2262 4087 2524 4141 rationem
2555 4086 2809 4155 habebat,
2852 4088 2946 4142 sed
2978 4090 3170 4144 anima:
3202 4092 3526 4149 nobilitatem
3547 4111 3697 4165 qua:-

2106 4180 2275 4242 rebat,
2300 4194 2364 4234 ac
2392 4188 2637 4244 steteras,
2662 4188 2720 4234 ut
2740 4179 2878 4235 hanc
2902 4181 3111 4251 plurimi
3153 4182 3418 4251 facerent,
3464 4186 3697 4243 instrue-

2107 4274 2216 4328 bat.
2273 4273 2405 4328 Hine
2458 4273 2619 4343 igitur
2660 4288 2766 4327 non
2830 4273 3152 4328 mediocrem
3198 4275 3412 4331 interim
3464 4277 3694 4335 fructum

2108 4365 2465 4435 percipimus,
2519 4375 2577 4418 ut
2620 4364 2821 4419 vilioris
2866 4366 3087 4420 fortuna:
3129 4366 3402 4423 hominum
3458 4386 3558 4427 nos
3598 4373 3699 4426 mi-

2108 4459 2250 4512 nime
2276 4456 2491 4528 pudeat,
2544 4464 2602 4510 ut
2652 4458 2845 4511 aninue
2902 4459 3152 4512 virtutth
3200 4461 3590 4531 disquiramus,
3642 4476 3701 4520 ut

2107 4558 2327 4605 externa
2358 4548 2534 4602 omnia
2562 4547 2753 4617 quibus
2796 4547 3030 4602 ditamur
3071 4550 3335 4618 soperflua
3390 4560 3444 4606 et
3491 4553 3697 4610 inutilia

2107 4655 2441 4697 censeamus.

2180 4735 2232 4790 3.
2265 4732 2420 4788 Aliud
2451 4746 2661 4802 quoque
2702 4732 2903 4786 lucrum
2955 4747 3233 4801 possumus
3288 4734 3388 4790 hoc
3427 4736 3692 4792 nihilomi-

2109 4842 2209 4882 nus
2270 4827 2394 4880 hinc
2434 4826 2746 4894 decerpere,
2796 4824 2937 4894 quod
2985 4825 3027 4878 si
3058 4825 3160 4879 rite
3191 4836 3460 4894 peractum
3485 4844 3512 4880 a
3546 4828 3698 4883 nobis

2111 4920 2286 4982 fuerit,
2311 4920 2474 4972 vitam
2504 4918 2741 4973 maxime
2770 4927 3004 4971 nostram
3037 4926 3233 4972 tuetur.
3264 4918 3541 4984 Quodnam
3573 4920 3697 4974 illud

2110 5012 2325 5065 tandem
2363 5011 2482 5064 est?
2528 5009 2594 5066 Ut
2643 5024 2711 5064 ne
2764 5009 3066 5079 conjugium
3102 5009 3484 5080 vitnpcrcmus,
3526 5027 3697 5082 neque

2112 5102 2264 5157 nobis
2286 5100 2617 5157 obstaculum
2645 5110 2698 5156 et
2745 5100 3184 5170 impedimentum
3226 5116 3345 5157 esse
3382 5105 3698 5159 arbitremur

2110 5195 2161 5248 in
2214 5195 2319 5257 via,
2371 5209 2489 5264 qua:
2542 5193 2608 5247 ad
2653 5194 2903 5248 virtutem
2943 5191 3176 5257 deducit,
3207 5208 3427 5249 uxorem
3458 5195 3698 5256 habere.

2112 5286 2249 5342 filios
2277 5285 2528 5349 educare,
2573 5285 2754 5341 domui
2784 5299 3037 5355 praeesse,
3076 5294 3243 5339 artem
3272 5284 3532 5341 factitare.
3562 5286 3698 5343 Ecce

2111 5380 2197 5435 hic
2226 5395 2437 5450 quoque
2474 5381 2556 5434 vir
2584 5390 2700 5435 erat
2728 5388 2783 5434 et
2833 5378 3046 5442 mulier,
3077 5387 3130 5432 et
3156 5377 3385 5431 officinis
3413 5393 3699 5448 praterant,

2110 5483 2165 5529 et
2190 5484 2358 5528 artem
2398 5473 2727 5541 factitabant,
2758 5481 2813 5527 et
2862 5470 3236 5543 perfectiorem
3267 5470 3434 5525 multo
3463 5473 3699 5541 probita-

2112 5574 2218 5620 tem
2272 5579 2480 5619 morum
2529 5564 2873 5630 exhibebant,
2914 5577 3072 5633 quam
3129 5561 3217 5633 qui
3270 5562 3321 5616 in
3368 5567 3704 5620 monasteriis

2110 5655 2327 5726 degunt.
2379 5654 2535 5711 Unde
2578 5655 2631 5710 id
2676 5652 2921 5710 constat?
2966 5653 3046 5709 Ex
3092 5654 3156 5709 iis
3181 5653 3358 5710 verbis
3391 5654 3585 5724 quibus
3608 5672 3703 5711 eos

2112 5747 2308 5806 Paulus
2333 5747 2638 5821 alloquitur,
2676 5747 2761 5804 vel
2787 5746 2964 5818 potius
3004 5760 3110 5804 non
3141 5760 3207 5803 ex
3260 5745 3325 5801 iis
3370 5744 3563 5817 quibus
3611 5757 3705 5799 eus
