4060 6252
381 270 472 346 τοι

380 391 463 436 est
514 380 832 451 alloquutus,
889 378 982 436 sed
1029 378 1187 432 etiam
1215 392 1279 432 ex
1311 377 1394 442 iis,
1443 375 1632 445 quibus
1660 390 1751 430 eos
1779 382 1956 444 postea

380 472 699 527 testimoniis
725 469 1133 524 commendavit.
1173 469 1304 523 Cum
1331 467 1471 521 enim
1497 466 1722 520 dixisset
1752 485 1764 520 :
1802 466 1959 520 Salu-

382 570 484 614 tate
521 558 810 614 Priscillam
838 569 887 613 et
917 559 1172 628 Aquilam,
1204 557 1414 611 illorum
1442 557 1604 611 etiam
1649 555 1958 625 dignitatem

378 651 592 720 adjecit.
619 648 787 716 Quam
816 663 941 702 vero
964 646 1174 701 tandem
1192 647 1216 701 ?
1235 646 1350 701 Non
1382 645 1515 700 dixit
1541 645 1732 699 divites
1760 654 1813 698 et
1841 643 1960 698 illu-

384 752 519 796 stres
542 749 595 794 et
614 739 850 803 nobiles;
876 737 969 793 sed
1001 737 1160 807 qttid?
1199 737 1467 808 Adjulores
1491 753 1623 790 meos
1642 737 1693 788 in
1724 733 1957 788 Domino.

383 831 523 886 Nihil
547 838 724 884 autem
754 845 874 884 cum
903 829 1002 883 hoc
1044 827 1274 882 conferri
1313 834 1507 896 potest,
1540 825 1678 895 quod
1703 823 1768 878 ad
1797 825 1962 878 virtu-

373 917 450 976 "tis
477 919 988 977 commendationem
1014 921 1202 973 attinet
1231 935 1244 972 :
1269 933 1367 972 nec
1392 927 1596 971 tantum
1625 931 1689 971 ex
1718 915 1838 980 hoc,
1868 915 1960 970 sed

379 1021 437 1068 et
481 1029 546 1068 ex
575 1011 809 1082 eo-quod
865 1011 1002 1081 apud
1053 1013 1195 1080 ipsos
1251 1010 1505 1064 manserit
1550 1021 1654 1062 non
1704 1021 1864 1062 unum
1912 1013 1966 1060 et

381 1104 518 1158 duos
537 1110 594 1157 et
621 1101 892 1168 tres-dies,
923 1101 1016 1157 sed
1048 1101 1180 1156 duos
1217 1115 1383 1154 annos
1410 1100 1663 1168 integros,
1718 1098 1963 1152 virtutem

375 1196 598 1250 villarum
657 1202 900 1263 spectare
969 1205 1269 1263 possumus.
1328 1189 1458 1245 Nam
1520 1187 1964 1259 quemadmodum

382 1286 669 1341 smculares
689 1285 1022 1354 magistratus
1055 1283 1193 1354 apud
1220 1283 1351 1337 viles
1383 1290 1438 1336 et
1466 1280 1698 1350 abiectos
1725 1279 1967 1334 homines

379 1393 494 1432 non
523 1378 809 1448 dignantur
848 1377 1133 1439 divertere,
1180 1376 1273 1431 sed
1331 1375 1638 1444 magniﬁcas
1684 1372 1966 1428 illustrium

379 1468 738 1539 quorumdam
773 1470 1005 1522 virorum
1056 1468 1244 1521 domos
1272 1475 1536 1536 quzerunt,
1578 1480 1646 1520 ne
1699 1464 1969 1533 dignitatis

391 1576 502 1615 sua:
531 1559 835 1629 magnitudo
881 1573 1062 1613 eorum
1106 1573 1135 1611 a
1176 1558 1367 1626 quibus
1409 1557 1742 1626 excipiuntur
1767 1555 1971 1608 vilitate

381 1652 614 1705 tzedatur
647 1669 659 1704 :
690 1651 759 1703 ita
795 1663 1004 1720 quoque
1057 1649 1316 1704 faciebant
1361 1649 1620 1720 apostoli;
1676 1661 1778 1701 non
1833 1645 1969 1715 apud

389 1738 579 1793 obvios
617 1739 829 1807 quosvis
860 1739 1276 1808 hospitabantur,
1310 1739 1401 1793 sed
1439 1747 1496 1792 ut
1520 1738 1594 1792 illi
1627 1735 1972 1807 magnificen-

385 1829 520 1883 tiam
549 1827 760 1891 aedium,
789 1829 867 1882 sic
908 1829 1098 1883 animae
1127 1829 1372 1882 virtutem
1394 1828 1486 1882 isti
1508 1827 1869 1897 requirebant,
1920 1835 1972 1878 ct

379 1920 670 1988 diligenter
701 1918 944 1986 qnzesitis
972 1917 1070 1972 sibi
1103 1917 1462 1984 familiaribus,
1492 1916 1630 1987 apud
1658 1930 1750 1971 eos
1787 1914 1970 1970 diver-

386 2009 594 2064 tebant.
629 2007 758 2062 Nam
785 2015 841 2062 et
868 2022 895 2060 a
930 2007 1143 2062 Christo
1169 2008 1270 2060 lata
1301 2009 1383 2061 lex
1411 2016 1524 2063 erat
1548 2022 1664 2076 quae
1689 2006 1790 2060 hoc
1814 2004 1972 2074 jube-

395 2100 504 2152 hat.
524 2097 590 2151 In
603 2111 964 2168 quamcumque
978 2098 1141 2164 enim,
1170 2098 1358 2168 inquit,
1381 2097 1626 2151 ciuitatem
1653 2106 1742 2149 aut
1770 2095 1972 2149 domum

386 2189 729 2257 inmittet-itis,
760 2191 1081 2260 interrogate,
1116 2190 1227 2261 quis
1262 2191 1316 2243 in
1368 2206 1428 2243 ea
1478 2189 1660 2260 dignus
1701 2188 1785 2252 sit,
1827 2195 1872 2240 et
1904 2185 1974 2238 ibi

391 2292 589 2337 manete
618 2281 781 2353 (Luc.
809 2281 864 2337 9.
897 2281 987 2352 4).
1021 2280 1184 2352 Igitur
1226 2281 1390 2336 Paulo
1433 2281 1575 2350 digni
1628 2287 1784 2335 erant
1827 2279 1914 2333 isti
1954 2291 1970 2330 :

393 2375 534 2444 quod
566 2377 608 2429 si
637 2374 820 2440 Paulo,
849 2375 1052 2444 angelis
1076 2383 1231 2429 erant
1254 2373 1417 2444 digni.
1451 2373 1564 2444 Ego
1592 2387 1720 2428 vero
1745 2372 1977 2436 domun-

395 2465 568 2520 culam
596 2465 736 2518 illam
763 2473 817 2519 et
841 2464 1030 2532 caelum
1055 2471 1109 2518 et
1135 2463 1426 2519 Ecclesiam
1449 2463 1704 2518 audacter
1731 2465 1972 2534 appella-

395 2555 521 2608 rim.
544 2554 644 2609 Ubi
690 2555 833 2608 enim
863 2553 1056 2609 Paulus
1081 2540 1217 2619 erat,
1247 2554 1316 2609 ibi
1353 2555 1511 2609 etiam
1539 2552 1786 2608 Christus
1815 2563 1931 2609 erat
1958 2572 1971 2610 :

397 2647 476 2697 An
517 2643 928 2714 experimentum,
981 2643 1170 2713 inquit,
1220 2644 1446 2714 quaeritis
1496 2644 1621 2713 ejus,
1673 2643 1760 2713 qui
1805 2644 1857 2698 in
1893 2661 1974 2700 me

391 2738 640 2807 loquitur,
663 2735 848 2790 Christi
873 2735 962 2807 (2.
1002 2735 1120 2791 Cor.
1150 2737 1238 2791 15.
1261 2736 1296 2790 5
1318 2733 1375 2805 )l
1403 2733 1501 2790 Ubi
1529 2744 1706 2790 autem
1737 2732 1976 2791 Christus

391 2838 534 2892 erat,
561 2828 685 2882 illuc
711 2831 870 2882 etiam
894 2828 1194 2898 frequenter
1215 2827 1388 2895 angeli
1416 2827 1760 2882 ventitabant.

469 2918 774 2973 Sanctorum
797 2933 896 2971 non
922 2917 1086 2971 oratio
1111 2926 1335 2982 tantum,
1369 2917 1457 2972 sed
1489 2926 1534 2970 et
1575 2917 1678 2971 vita
1715 2917 1876 2972 docet.
1906 2948 1978 2958 —

391 3009 565 3063 Porro
589 3007 678 3077 qui
705 3009 912 3078 seipsos
935 3016 1094 3064 antea
1125 3008 1270 3063 Pauli
1312 3008 1456 3064 cultu
1483 3023 1546 3063 ac
1577 3008 1875 3066 ministerio
1894 3010 1979 3064 di-

385 3115 528 3169 gnos
557 3101 912 3170 praebuerant,
940 3101 1111 3171 cogita
1131 3101 1314 3171 quales
1339 3109 1639 3168 evaserant,
1667 3101 1792 3156 dum
1823 3102 1975 3156 annis

389 3190 600 3245 duobus
624 3205 744 3244 cum
776 3190 867 3243 illo
895 3189 1170 3258 degerent,
1198 3200 1251 3244 et
1281 3189 1520 3244 habitum
1538 3189 1654 3260 ejus
1672 3231 1686 3252 ,
1721 3199 1773 3245 et
1812 3190 1981 3246 inces-

396 3297 513 3334 sum
543 3289 598 3334 et
624 3288 894 3349 aspectum
913 3319 931 3344 ,
957 3289 1010 3334 et
1036 3280 1260 3332 vestium
1292 3279 1506 3333 modum
1526 3321 1540 3343 ,
1571 3289 1625 3334 et
1670 3281 1971 3350 ingressus,

389 3381 451 3426 et
475 3383 756 3440 egressus,
796 3378 851 3424 et
877 3369 982 3423 alia
1009 3377 1195 3424 cuncta
1222 3369 1586 3424 observarent.
1619 3369 1888 3440 Siquidem
1921 3371 1972 3425 in

389 3464 593 3518 sanctis
618 3477 721 3518 non
750 3462 907 3518 verba
933 3470 1157 3529 tantum,
1189 3477 1359 3530 neque
1386 3462 1626 3518 doctrina
1653 3472 1704 3519 et
1730 3463 1976 3518 cohorta-

389 3556 570 3610 tiones
588 3595 602 3619 ,
633 3553 725 3609 sed
755 3561 810 3609 et
853 3553 1050 3622 reliqua
1078 3556 1253 3608 omnis
1280 3554 1402 3608 vitae
1425 3555 1760 3610 conversatio
1791 3555 1854 3609 ad
1881 3569 1974 3611 eos

387 3646 449 3699 in
475 3645 805 3714 philosOphia
839 3643 1032 3699 sufficit
1068 3642 1391 3700 erudiendos
1414 3685 1428 3709 ,
1453 3645 1540 3714 qui
1568 3645 1765 3700 fuerint
1797 3653 1972 3700 atten-

387 3735 577 3789 tiorcs.
604 3733 793 3789 Veniat
819 3734 908 3789 tibi
940 3735 992 3789 in
1021 3743 1253 3790 mentem
1281 3734 1434 3806 quale
1457 3743 1602 3791 esset
1624 3736 1842 3793 Paulum
1865 3753 1974 3791 cer-

385 3840 524 3880 nere
543 3866 558 3892 ,
586 3834 639 3880 et
655 3824 938 3896 prandium
969 3835 1266 3881 sumentem
1285 3868 1300 3893 ,
1327 3836 1382 3880 et
1407 3825 1888 3896 reprehendentem
1920 3839 1971 3881 et

381 3916 776 3978 cohortantem
813 3924 867 3971 et
909 3926 1188 3983 orantem,
1219 3925 1273 3970 et
1319 3917 1583 3987 lacrymas
1630 3918 1969 3984 fundentem,

391 4019 675 4060 exeuntem
707 4015 761 4060 et
789 4005 1164 4062 introeuntem.
1209 4007 1262 4060 Si
1293 4007 1466 4072 enim,
1499 4021 1619 4061 cum
1651 4008 1973 4076 quatuor-de-

391 4099 496 4151 cim
543 4105 746 4150 tantum
795 4095 950 4149 nobis
998 4095 1465 4163 restent‘epistola:
1493 4135 1508 4160 ,
1543 4111 1969 4165 quoquoversum

395 4201 490 4255 per
513 4184 697 4237 orbem
725 4193 986 4237 terrarum
1017 4183 1134 4238 illas
1162 4182 1584 4238 circumferimus
1610 4202 1622 4237 :
1654 4186 1742 4254 qui
1771 4185 1968 4240 fontem

393 4272 662 4327 habebant
701 4270 1044 4339 epistolarum
1068 4311 1084 4338 ,
1111 4271 1200 4342 qui
1229 4271 1460 4342 linguam
1499 4271 1646 4328 orbis
1673 4281 1967 4339 terrarum,

393 4362 487 4433 qui
524 4361 701 4416 lumen
734 4360 1122 4428 Ecclesiarum,
1149 4361 1238 4431 qui
1283 4361 1404 4418 fidei
1431 4361 1854 4432 fundamentum,
1880 4366 1969 4435 qui

391 4453 694 4510 columnam
721 4461 776 4510 et
799 4453 1190 4510 ﬁrmamentum
1221 4455 1478 4522 veritatis,
1501 4458 1688 4527 quales
1717 4473 1821 4513 non
1848 4473 1975 4514 eva-

391 4543 520 4600 dere
551 4553 766 4614 possent
786 4543 968 4612 ,~dum
997 4559 1119 4600 cum
1166 4545 1268 4602 hoc
1312 4548 1504 4617 angelo
1533 4549 1807 4604 viverent?
1838 4549 1969 4604 Nam

391 4635 438 4689 si
467 4646 640 4690 vestes
665 4635 781 4704 ejus
810 4634 1138 4691 daemonibus
1163 4644 1317 4690 erant
1344 4637 1725 4704 formidabiles,
1754 4647 1975 4694 tantam-

389 4742 495 4796 que
528 4726 634 4779 vim
659 4724 976 4781 obtinebant
999 4766 1015 4792 ,
1040 4725 1421 4784 habitationem
1451 4743 1570 4784 cum
1602 4730 1695 4785 illo
1719 4741 1968 4800 quantam

393 4833 497 4871 non
526 4815 754 4885 Spiritus
780 4817 1001 4885 gratiam
1028 4819 1318 4874 conciliare
1366 4821 1603 4888 potuisse
1647 4820 1968 4876 credendum

386 4918 468 4962 est
498 4910 515 4977 (
538 4909 649 4960 Λει.
681 4907 762 4964 l9.
789 4906 922 4980 l2)?
951 4905 1082 4963 Cum
1102 4911 1249 4966 enim
1276 4909 1426 4966 Pauli
1450 4913 1622 4968 cubile
1648 4925 1928 4969 cernerent
1953 4955 1968 4979 ,

389 5017 507 5052 rum
552 4999 878 5068 stragulum,
909 5014 1030 5054 cum
1071 5002 1466 5068 ealceamenta,
1503 5020 1681 5060 nonne
1723 5005 1824 5060 hoc
1867 5007 1970 5061 illis

387 5092 657 5145 sufﬁciens
682 5090 783 5144 fuit
811 5106 872 5144 ac
895 5102 1207 5161 perpetuum
1238 5095 1305 5150 ad
1343 5097 1805 5167 compunctionem
1836 5098 1968 5151 inci-

389 5183 718 5237 tat-uentum?
749 5182 801 5239 Si
833 5184 974 5238 enim
1002 5184 1271 5241 daemones
1309 5187 1474 5256 ipsius
1505 5190 1812 5243 vestimenta
1844 5205 1969 5258 pcr-

387 5276 763 5332 hnrrescebant
784 5316 801 5344 ,
831 5276 998 5332 multo
1029 5279 1195 5349 magis
1226 5278 1409 5333 ﬁdeles
1428 5321 1444 5344 ,
1471 5290 1525 5335 et
1552 5282 1639 5350 qui
1683 5296 1804 5336 cum
1853 5281 1970 5351 ipso

385 5366 686 5436 degebant,
715 5383 836 5422 cum
880 5382 943 5423 ea
987 5379 1272 5426 cernerent
1293 5410 1308 5434 ,
1337 5373 1846 5442 compungebantur.
1879 5375 1970 5428 Est

385 5457 544 5510 etiam
588 5457 717 5512 illud
764 5473 943 5527 operae
989 5459 1216 5527 pretium
1261 5461 1687 5528 scrutari,quam
1734 5463 1803 5518 ob
1843 5477 1970 5518 cau-

381 5562 497 5620 sant
521 5588 536 5613 ,
565 5563 688 5603 cum
717 5563 811 5604 eos
859 5549 1148 5615 salutaret,
1178 5551 1473 5610 Priscillam
1516 5555 1708 5609 marito
1744 5563 1968 5624 antepo.

379 5639 566 5695 tuerit.
587 5639 701 5694 Non
724 5641 867 5696 enim
890 5641 1040 5708 dixit,
1057 5643 1290 5700 Salutate
1308 5646 1550 5718 Aquilam
1571 5655 1626 5700 et
1651 5645 1963 5714 Priscillam,

1089 262 1146 318 S.
1187 259 1464 318 JOANNIS
1501 256 1971 316 CHRYSOSTOIII
2012 259 2324 318 ARCHIEP.
2366 261 2894 324 CONSTANTINOP.

2064 375 2154 428 sed
2184 375 2474 433 Priscillam
2515 387 2567 434 et
2608 380 2869 450 Aquilam.
2903 380 3009 437 Nec
3050 381 3166 438 sine
3208 397 3365 439 causa
3395 387 3450 442 id
3479 389 3639 458 facit,

2065 465 2155 519 sed
2184 467 2322 536 quod
2355 469 2539 538 majori
2569 485 2685 524 eam
2715 470 2910 538 sciret,
2942 487 3099 542 quam
3130 475 3299 528 virum
3319 517 3334 541 ,
3366 481 3639 546 praeditam

2067 553 2228 610 fuisse
2257 557 2468 625 pietate.
2493 560 2662 630 Atque
2687 561 2788 616 hoc
2812 576 2917 616 non
2941 577 3060 618 esse
3078 563 3437 633 conjecturam
3461 608 3476 633 ,
3498 571 3642 639 quod

2066 659 2094 698 a
2119 661 2204 700 me
2233 647 2430 702 dictum
2459 657 2563 716 est,
2593 665 2656 704 ex
2687 651 2832 706 Actis
2858 651 2981 708 licet
2999 667 3344 723 cognoscere.
3369 656 3642 728 Siquidem

2069 735 2278 819 Apollo,
2296 737 2476 819 virum
2507 739 2842 809 eloquentem
2873 749 2926 796 et
2951 741 3000 796 in
3030 742 3319 812 Scripturis
3349 757 3640 819 potentem,

2067 817 2258 887 quique
2285 817 2504 875 Joannis
2528 828 2728 876 tantum
2758 822 3013 892 baptisma
3041 826 3260 892 sciebat,
3287 826 3400 884 haec
3425 844 3544 884 cum
3565 817 3649 888 as.

2068 907 2401 980 sumpsisset,
2423 911 2664 979 erposuit
2690 912 2764 966 illi
2784 911 2922 966 viam
2943 912 3056 979 Dei,
3078 922 3132 970 et
3159 915 3450 984 perfectum
3474 921 3646 990 magi-

2069 1004 2234 1076 strum
2267 999 2496 1054 reddidit
2521 1000 2654 1074 (Act.
2677 1004 2761 1058 l8.
2788 1001 2879 1058 24.
2911 1003 3024 1075 25).
3056 1004 3168 1060 Non
3199 1006 3340 1062 enim
3365 1009 3499 1074 illis,
3525 1025 3646 1081 qua:

2069 1090 2426 1158 apostolorum
2467 1101 2622 1148 {etate
2661 1094 2943 1160 vivebant,
2977 1095 3286 1153 mulieribus
3313 1109 3465 1155 erant
3504 1116 3647 1158 curas

2069 1193 2188 1246 qua:
2218 1195 2358 1234 nunc
2381 1191 2505 1236 sunt
2531 1183 2667 1249 istis,
2701 1193 2756 1238 ut
2786 1185 3078 1254 splendidis
3116 1189 3352 1244 vestibus
3393 1190 3646 1246 amiciau-

2072 1277 2189 1335 tur,
2214 1279 2268 1324 et
2294 1270 2575 1341 pigmentis
2613 1289 2674 1328 ac
2712 1274 2843 1331 fucis
2874 1275 3060 1332 faciem
3089 1293 3237 1332 suam
3263 1279 3643 1350 condecorent,

2072 1375 2188 1428 qua:
2218 1361 2358 1416 viros
2377 1377 2501 1418 suos
2529 1373 2720 1420 vexant
2749 1380 2810 1420 ac
2835 1375 3100 1437 premunt,
3121 1379 3422 1441 coguntque
3443 1382 3644 1430 vestem

2074 1451 2436 1518 pretiosiorem
2468 1455 2655 1510 vicina:
2679 1467 2826 1512 veste
2853 1457 2952 1512 sibi
2972 1473 3240 1524 coemere,
3272 1463 3448 1518 mulos
3472 1464 3643 1531 albos,

2074 1548 2128 1594 ct
2153 1540 2314 1595 fraena
2341 1542 2612 1612 deaurata,
2639 1545 2949 1616 obsequium
2979 1550 3365 1618 cunuchorum,
3397 1568 3644 1625 magnum

2073 1631 2381 1687 ancillarum
2409 1649 2623 1705 gregem
2664 1645 2720 1692 et
2761 1638 3017 1708 reliquam
3046 1653 3258 1696 omnem
3301 1657 3546 1715 pompam
3579 1645 3649 1702 ri-

2074 1719 2300 1775 diculam
2347 1740 2360 1775 :
2406 1723 2499 1778 sed
2544 1725 2628 1780 his
2671 1727 2918 1782 omnibus
2962 1729 3297 1799 amandatis,
3329 1742 3384 1788 et
3425 1749 3649 1791 excusso

2076 1811 2342 1867 mundano
2362 1811 2498 1869 fastu
2528 1831 2687 1871 unum
2712 1818 2838 1873 illud
2869 1819 3041 1874 solum
3071 1823 3410 1892 quaerebant,
3440 1837 3496 1882 ut
3520 1843 3648 1884 con-

2076 1911 2246 1958 sortes
2265 1903 2450 1960 fierent
2469 1909 2850 1976 apostolorum,
2870 1919 2926 1966 et
2944 1912 3179 1982 ejusdem
3196 1929 3314 1970 cum
3339 1916 3442 1971 illis
3462 1917 3651 1986 praeda:

2078 1995 2378 2065 participes.
2411 1997 2528 2065 Quo
2550 1999 2608 2053 fit
2638 2011 2695 2054 ut
2724 2017 2827 2056 non
2869 2003 2983 2060 hrec
3010 2006 3180 2060 solum
3211 2007 3330 2062 talis
3367 2018 3528 2075 esset,
3557 2025 3649 2066 ve-

2079 2099 2194 2139 rum
2235 2086 2393 2141 etiam
2430 2103 2619 2144 onmes
2647 2091 2884 2162 reliquas.
2915 2093 3044 2148 Nam
3087 2103 3142 2150 et
3167 2095 3236 2152 de
3277 2097 3494 2154 Perside
3523 2116 3649 2171 qua-

2078 2177 2199 2232 dam
2226 2177 2373 2248 dicit,
2407 2179 2536 2247 Qua
2559 2183 2771 2237 multum
2803 2185 3045 2240 laboravit
3077 2203 3197 2257 ergo
3221 2205 3314 2243 nos
3339 2189 3358 2260 (
3380 2189 3523 2244 Rom.
3559 2192 3645 2250 l6.

2083 2271 2204 2340 12),
2233 2279 2288 2327 et
2311 2273 2526 2329 Mariam
2563 2289 2626 2330 ac
2663 2275 3012 2346 Tryphaenam
3041 2280 3111 2334 ob
3142 2279 3400 2349 ejusmodi
3445 2282 3652 2338 labores

2083 2363 2288 2428 laudat,
2320 2364 2460 2434 quod
2484 2381 2605 2421 cum
2640 2369 2893 2438 apostolis
2926 2368 3263 2438 laborarent,
3294 2380 3348 2427 et
3373 2372 3438 2428 ad
3468 2374 3649 2430 eadem

2079 2454 2351 2510 subeunda
2375 2459 2665 2514 certamina
2694 2475 2753 2516 se
2771 2462 3126 2539 accingerent.
3155 2464 3260 2521 Sed
3289 2467 3376 2536 qui
3407 2466 3484 2532 fit,
3514 2477 3569 2522 ut
3587 2469 3652 2524 ad

2082 2545 2413 2603 Timotheum
2444 2551 2682 2607 scribens
2708 2552 2883 2620 dicat,
2915 2553 3124 2610 Mulieri
3160 2567 3327 2613 autem
3355 2561 3532 2614 docere
3555 2578 3652 2617 non

2093 2636 2322 2703 permitto
2345 2679 2359 2702 ,
2389 2655 2548 2710 neque
2581 2640 2832 2696 dominari
2867 2643 2918 2697 in
2957 2644 3116 2698 virum
3147 2645 3164 2716 (
3190 2647 3239 2700 Ι.
3273 2646 3403 2701 Tim.
3425 2648 3481 2702 2.
3506 2649 3572 2704 l2
3593 2651 3653 2721 )3

2086 2724 2307 2793 Quando
2331 2729 2448 2796 pius
2474 2737 2554 2783 cst
2579 2729 2677 2796 vir,
2693 2739 2744 2785 et
2765 2733 3002 2788 eamdem
3025 2735 3332 2805 religionem
3358 2738 3650 2808 profitetur,

2082 2827 2134 2871 et
2165 2817 2404 2882 ejusdem
2435 2821 2699 2893 particeps
2745 2832 2828 2878 est
2875 2824 3186 2892 sapientiae:
3229 2827 3440 2896 quando
3477 2840 3652 2888 autem

2080 2908 2317 2964 infidelis
2345 2921 2426 2966 est
2451 2921 2504 2966 et
2543 2923 2724 2979 errat,
2753 2914 2920 2983 ipsam
2946 2915 3169 2971 docendi
3199 2920 3512 2976 auctoritate
3549 2939 3652 2976 non

2083 3001 2270 3068 privat.
2299 3001 2459 3057 Certe
2483 3017 2602 3056 cum
2634 3003 2698 3058 ad
2726 3003 3041 3060 Corinthios‘
3060 3007 3338 3073 scriberet,
3368 3010 3442 3064 ait
3471 3027 3484 3066 :
3519 3011 3583 3064 Et
3610 3011 3653 3066 si

2080 3106 2179 3158 qua
2204 3091 2383 3144 mulier
2411 3092 2558 3146 habet
2590 3093 2751 3147 virum
2775 3094 3058 3162 inﬁdelem,
3091 3113 3192 3150 non
3230 3099 3445 3153 dimittat
3486 3103 3648 3157 illum.

2085 3179 2232 3234 Unde
2262 3183 2394 3236 enim
2417 3183 2548 3250 scis,
2573 3184 2771 3251 mulier,
2797 3185 2840 3239 si
2864 3186 3025 3240 virum
3051 3188 3241 3241 salvum
3261 3191 3418 3259 facies
3441 3192 3515 3262 (l.
3534 3191 3650 3250 Cor.

2081 3273 2132 3325 7.
2159 3275 2244 3329 i5.
2282 3273 2410 3344 16)?
2439 3273 2554 3340 Quo
2582 3289 2711 3330 vero
2736 3284 2889 3345 pacto
2914 3276 3028 3332 fieri
3060 3287 3267 3348 potest,
3297 3291 3353 3336 ut
3378 3283 3567 3339 mulier
3587 3284 3652 3341 fl-

2079 3362 2211 3419 deiis
2241 3364 2408 3420 virum
2443 3365 2704 3420 infidelem
2727 3366 2930 3421 salvum
2966 3368 3160 3423 faciat?
3188 3370 3460 3429 lnstruens
3493 3377 3651 3430 nimi-

2081 3469 2195 3507 rum
2235 3454 2379 3509 illum
2406 3465 2458 3510 et
2481 3455 2678 3510 docens
2708 3467 2864 3526 atque
2904 3457 2971 3512 ad
3010 3457 3166 3514 ﬁdem
3192 3460 3490 3531 adducens,
3519 3467 3652 3522 sicut

2079 3553 2133 3598 et
2162 3545 2260 3600 ista
2292 3545 2529 3600 Priscilla
2561 3547 2770 3617 Apollo.
2802 3547 3070 3619 Alioquin,
3099 3564 3217 3604 cum
3254 3550 3415 3621 dicit,
3448 3553 3650 3610 Mulieri

2078 3636 2256 3690 docere
2281 3653 2382 3690 non
2411 3638 2659 3707 permitto,
2682 3637 2750 3692 de
2772 3638 3100 3695 institutione
3129 3657 3246 3710 qua:
3274 3642 3332 3696 fit
3357 3658 3388 3698 e
3407 3657 3648 3716 suggestu

2081 3725 2344 3795 loquitur,
2370 3726 2438 3781 de
2462 3740 2707 3783 sermone
2741 3729 2830 3798 qui
2860 3728 3085 3784 habetur
3108 3730 3175 3785 ad
3205 3735 3492 3802 populant,
3521 3746 3651 3792 etut

2077 3816 2441 3872 sacerdotibus
2487 3831 2552 3872 ex
2605 3817 2782 3874 officio
2830 3819 3086 3876 incumbit
3125 3840 3138 3876 :
3185 3825 3425 3892 privatim
3475 3837 3648 3882 autem

2083 3904 2348 3961 cohortari
2392 3916 2446 3962 et
2489 3908 2768 3964 consilium
2810 3910 2937 3965 dare
2989 3925 3096 3965 non
3140 3913 3431 3982 prohibuit.
3473 3917 3650 3988 Neque

2078 3994 2241 4062 enim,
2265 3996 2309 4050 si
2335 3995 2436 4052 hoc
2463 3997 2782 4067 prohibitum
2809 3999 3011 4068 fuisset,
3043 4001 3180 4057 hanc
3214 4018 3333 4073 qua:
3373 4006 3422 4060 id
3449 4009 3650 4077 przestia-

2080 4096 2215 4142 tcrat
2242 4088 2616 4145 collaudasset.

2146 4178 2200 4231 4.
2236 4177 2466 4233 Audiant
2493 4180 2609 4246 viri,
2639 4181 2854 4237 audiant
2877 4193 2931 4239 et
2961 4183 3058 4239 ista
3081 4186 3330 4242 mulieres
3361 4205 3375 4242 :
3409 4189 3511 4244 illa:
3536 4191 3646 4260 qui-

2077 4266 2198 4322 dem
2225 4309 2240 4336 ,
2269 4278 2326 4324 ut
2353 4285 2468 4325 eam
2509 4271 2814 4340 imitentur,
2838 4291 2958 4344 quae
2994 4291 3153 4333 sexus
3190 4280 3428 4348 ejusdem
3452 4293 3534 4338 est
3554 4325 3567 4348 ,
3594 4295 3647 4340 et

2078 4366 2282 4412 natura:
2319 4361 2634 4422 cognatione
2669 4365 2949 4434 conjuncta
2978 4383 2993 4420 :
3025 4365 3078 4422 hi
3109 4384 3270 4434 vero,
3315 4385 3386 4426 ne
3431 4375 3646 4430 muliere

2079 4450 2453 4507 imbecilliores
2483 4465 2790 4524 appareant.
2845 4456 3014 4522 Quam
3063 4459 3205 4514 enim
3251 4465 3644 4518 excusationem

2077 4542 2415 4610 habebimus,
2443 4561 2600 4616 quam
2627 4548 2834 4603 veniam
2867 4549 3288 4620 impetrabimus,
3318 4557 3362 4610 si
3387 4571 3507 4611 cum
3530 4568 3646 4612 tan—

2077 4643 2186 4690 tum
2208 4637 2367 4691 animi
2391 4639 2640 4704 studium,
2665 4649 2969 4712 tantamque
2991 4643 3375 4715 philosophiam
3403 4650 3648 4706 mulieres

2075 4729 2438 4799 exhibuerint,
2469 4747 2566 4786 nos
2593 4747 2805 4803 semper
2831 4735 3012 4789 mundi
3035 4736 3176 4791 afﬁxi
3198 4740 3422 4807 negotiis
3450 4740 3649 4796 hwrea-

2078 4821 2221 4875 mus?
2239 4822 2363 4877 Ilaec
2383 4822 2589 4877 discant
2605 4832 2658 4879 et
2679 4825 3014 4895 magistratus
3034 4835 3087 4881 et
3109 4828 3316 4896 privati,
3334 4839 3388 4884 et
3405 4832 3650 4887 sacerdo-

2079 4923 2178 4980 tes,
2200 4925 2254 4969 et
2277 4915 2366 4985 qui
2385 4916 2433 4969 in
2459 4916 2649 4971 Ordine
2674 4917 2925 4970 laicurum
2947 4928 3244 4986 versantur,
3266 4929 3319 4974 ut
3341 4922 3412 4975 illi
3438 4923 3647 4993 quidem

2075 5003 2268 5058 divites
2299 5005 2425 5058 tanti
2467 5021 2571 5058 non
2604 5005 2827 5071 faciant,
2853 5022 3024 5076 neque
3053 5008 3286 5064 illustres
3313 5009 3501 5066 domos
3524 5028 3646 5082 per-

2074 5107 2394 5164 sequantur,
2422 5097 2514 5151 sed
2544 5098 2787 5152 virtutem
2819 5095 2949 5152 ‘cum
2991 5109 3298 5170 paupertate
3325 5103 3615 5174 disquirant
3638 5148 3653 5173 ,

2077 5202 2248 5256 neque
2288 5189 2660 5257 pauperiorum
2694 5188 2913 5244 fratrum
2941 5189 3060 5245 illos
3097 5190 3320 5259 pudeat,
3355 5209 3529 5264 neque
3571 5207 3649 5248 ta-

2075 5281 2478 5337 bernaculorum
2510 5285 2775 5354 opificem,
2804 5293 2861 5340 et
2882 5286 3187 5348 coriarium,
3208 5297 3264 5344 et
3294 5302 3544 5359 purpurae
3574 5287 3652 5339 in-

2073 5370 2310 5425 stitorem
2331 5412 2343 5435 ,
2375 5381 2430 5425 et
2448 5374 2692 5427 terarium
2721 5375 3027 5430 omittentes
3043 5415 3058 5439 ,
3081 5389 3174 5430 eos
3202 5377 3290 5445 qui
3315 5377 3651 5445 magistratus

2075 5473 2264 5527 gerunt
2305 5464 2478 5519 colant
2509 5483 2521 5517 :
2551 5465 2638 5534 qui
2671 5481 2796 5521 vero
2828 5467 3015 5536 privati
3041 5475 3202 5532 sunt,
3225 5481 3294 5522 ne
3315 5482 3375 5522 se
3403 5467 3646 5538 impediri

2075 5563 2293 5624 putent,
2324 5572 2432 5625 quo
2471 5558 2643 5612 minus
2684 5566 2896 5612 sanctos
2929 5557 3225 5626 excipiant,
3251 5557 3346 5612 sed
3387 5573 3649 5614 memores

2074 5647 2266 5715 vidum,
2296 5664 2412 5717 qtue
2446 5649 2646 5704 lleliam
2673 5650 2928 5720 suscepit,
2962 5638 3082 5704 cum
3111 5650 3183 5706 illi
3214 5649 3397 5706 farina:
3427 5651 3648 5723 pugillus
