4060 6252
465 358 571 419 198

443 479 545 553 τήν
578 481 775 552 χήραν,
806 479 839 552 ἡ
872 479 964 534 16v
997 479 1182 534 Ἠλίαν
1214 480 1529 547 ὑπεδέξατο,
1572 479 1749 552 δράκα
1788 477 2022 550 ἀλεύρου

445 572 609 644 μόνον
644 571 863 643 ἔχουσα,
903 571 998 626 καὶ
1032 569 1258 636 τούτους
1278 611 1293 635 ,
1339 570 1390 624 οῖ
1422 570 1515 625 16v
1564 570 1778 625 Παῦλον
1821 570 2025 624 διετίαν

444 661 712 728 ἐξένισαν,
753 661 852 725 τάς
881 661 1057 725 οἰκίας
1092 660 1403 730 διανοίγωσι
1443 663 1557 726 τοῖς
1588 660 1863 731 δεομένοις
1882 700 1898 727 ,
1927 659 2024 713 καὶ

445 752 625 807 πάντα
654 754 769 816 τοῖς
820 751 994 819 ξένοις
1036 746 1139 806 ὦσι
1184 754 1340 808 κοινά
1372 750 1720 823 κεκτημένοι.
1766 752 1858 823 Μὴ
1914 752 2023 823 γάρ

447 858 539 914 μοι
573 841 732 897 τοῦτο
762 843 943 916 εῖπῃς,
979 845 1061 897 ὅτι
1105 843 1324 909 οἰκέτας
1364 844 1465 897 οὐκ
1501 843 1646 914 ἔχεις
1673 840 2023 911 διακονουμέ-

446 952 587 999 νους.
618 935 738 989 Κάν
781 935 890 1011 γάρ
935 936 1163 1007 μυρίους
1200 936 1348 1009 ἔχῃς,
1376 936 1406 989 6
1432 934 1564 999 Θεός
1607 951 1666 987 σε
1695 931 1907 987 κελεύει
1933 930 2022 985 διά

449 1025 646 1080 σαυτοῦ
674 1026 777 1097 τῆς
801 1025 1103 1095 φιλοξενίας
1126 1027 1216 1079 τὸν
1247 1026 1457 1097 καρπὸν
1482 1026 1707 1097 τρυγᾷν.
1735 1022 1836 1077 Διά
1864 1021 2022 1077 τοῦτο

448 1118 658 1182 Παῦλος
708 1121 855 1191 χήρᾳ
903 1120 1127 1187 γυναικὶ
1175 1118 1587 1189 διαλεγόμενος,
1637 1118 1731 1169 καὶ
1782 1114 2020 1170 κελεύων

442 1212 612 1284 αὐτὴν
668 1211 986 1282 ξενοδοχεῖν,
1043 1211 1104 1264 οὺ
1154 1211 1220 1264 δι’
1253 1211 1476 1282 ἐτέρων,
1534 1208 1672 1262 ἀλλά
1718 1208 1786 1261 δι’
1819 1205 2020 1276 ἐαυτῆς

443 1303 601 1357 τοῦτο
648 1302 956 1356 ἐπέταττεν.
1010 1300 1189 1356 Εἰπὼν
1244 1300 1375 1372 γὰρ,
1426 1298 1496 1353 Εἰ
1556 1297 2017 1366 ἐξενοδόχησεν,

444 1394 743 1466 ἐπήγαγεν,
775 1395 844 1447 Εἰ
887 1393 1073 1464 ἁγίων
1100 1390 1293 1457 πόδας
1333 1390 1567 1459 ἔνιψεν.
1598 1389 1713 1443 Ούκ
1761 1383 1935 1452 εἶπεν,
1968 1387 2019 1439 εἰ

442 1486 698 1558 χρήματα
722 1484 1081 1554 ἐδαπάνησεν,
1106 1482 1247 1542 οὐδὲ.
1275 1484 1324 1535 εἰ
1353 1482 1469 1545 τοῖς
1494 1481 1735 1544 οἰκέταις
1764 1479 2017 1533 ἐκέλευσε

440 1577 600 1632 τοῦτο
632 1578 877 1647 ποιῆσαι.
908 1575 1046 1639 ἀλλ’,
1081 1577 1130 1629 εἰ
1161 1574 1228 1627 δι’
1262 1573 1463 1643 ἐαυτῆς
1498 1571 1656 1627 τοῦτο
1700 1571 2014 1643 εἰργάσατο.

441 1666 541 1721 Διά
567 1665 725 1720 τοῦτο
763 1667 854 1720 καὶ
878 1667 907 1718 6
944 1664 1196 1737 Ἀϐραὰμ
1224 1664 1566 1736 τριακοσίους
1588 1661 1734 1717 ὀκτὼ
1763 1663 1857 1716 καὶ
1883 1661 2020 1716 δέκα

442 1760 730 1826 οἰκογενεῖς
779 1756 937 1827 ἔχων,
977 1755 1139 1821 αύτδς
1172 1757 1265 1808 ἐπὶ
1311 1755 1413 1825 τὴν
1450 1753 1652 1824 ἀγέλην
1684 1753 1894 1823 ἔτρεχε,
1927 1752 2020 1805 καὶ

441 1848 533 1904 16v
562 1850 761 1921 μόσχον
795 1846 1087 1912 ἐϐάσταζε,
1122 1848 1216 1901 καὶ
1246 1846 1314 1901 τά
1353 1845 1488 1900 ἀλλα
1518 1845 1733 1900 ἅπαντα
1758 1844 2016 1916 διηκόνει,

443 1940 539 1994 καὶ⁵
568 1939 667 2010 τήν
699 1941 929 2008 γυναῖκα
962 1938 1216 1992 κοινωνὸν
1244 1936 1417 1990 ἐποίει
1448 1936 1557 1989 τῶν
1584 1937 1684 2008 τῆς
1710 1935 2018 2006 φιλοξενίας

442 2027 687 2099 καρπῶν.
714 2027 813 2081 Διά
836 2026 996 2082 τοῦτο
1025 2027 1119 2082 καὶ
1152 2027 1182 2079 6
1220 2025 1424 2097 Κύριος
1462 2025 1619 2098 ἡμῶν
1653 2024 1858 2097 Ἰησοῦς
1886 2027 2017 2096 Χρι-

442 2118 567 2183 στὸς
597 2120 691 2172 καὶ
722 2120 781 2173 ἐν
809 2118 981 2191 φάτνῃ
1012 2119 1278 2181 τίκτεται,
1307 2118 1405 2171 καὶ
1443 2119 1503 2171 ἐν
1525 2117 1674 2189 οἰκίᾳ
1705 2116 2018 2187 τικτόμενος

438 2208 725 2278 τρέφεται,
769 2208 864 2260 καὶ
906 2206 1162 2278 αὐξηθεὶς
1199 2205 1298 2259 ούκ
1327 2200 1441 2275 εἷχε
1483 2202 1587 2257 ποῦ
1632 2203 1732 2275 τὴν
1777 2202 2018 2274 κεφαλήν

440 2293 616 2366 κλίνῃ,
646 2294 733 2347 ῖνα
773 2309 833 2346 σε
863 2292 1127 2365 παιδεύσῃ
1153 2292 1241 2346 διά
1270 2290 1488 2346 πάντων
1518 2292 1594 2365 μὴ
1630 2291 1766 2364 πρὸς
1790 2291 1857 2344 τά
1882 2290 2019 2362 λαμ-

439 2385 556 2456 πρά
581 2384 674 2438 τοῦ
720 2384 838 2454 βίου
870 2382 1063 2438 τούτου
1101 2384 1384 2454 κεχηνέναι
1432 2384 1753 2454 πράγματα,
1783 2382 1898 2436 ἀλλ’
1926 2384 2018 2435 εύ-

437 2477 648 2540 τελείας
676 2473 815 2531 εἰναι
850 2475 1085 2548 ἐραστὴν
1130 2475 1429 2546 πανταχοῦ,
1460 2474 1554 2529 καὶ
1586 2474 1861 2545 πτωχείαν
1896 2472 2019 2527 διώ-

439 2583 576 2625 κειν,
617 2565 711 2619 καὶ
747 2566 1064 2636 περιουσίαν
1110 2563 1355 2633 φεύγειν,
1385 2565 1479 2617 καὶ
1518 2563 1716 2617 ἔσωθεν
1748 2562 2019 2616 καλλωπί-

439 2657 650 2722 ζεσθαι.
684 2656 857 2711 Πᾶσα
894 2655 1005 2728 γάρ
1040 2655 1078 2722 ἡ
1108 2654 1259 2720 δόξα
1295 2654 1406 2724 τῆς
1445 2653 1738 2725 θυγατρὸς
1768 2653 1875 2707 τοῦ
1910 2654 2019 2719 ,ϐα-

438 2747 681 2813 σιλέως,
727 2746 912 2818 φησὶν,
948 2745 1195 2801 ἔσωθεν.
1237 2744 1363 2798 Ἐἀν
1404 2742 1537 2817 ἔχῃς
1575 2743 1893 2815 προαίρεσιν
1931 2761 2018 2812 φι-

438 2839 672 2907 λόξενον,
700 2838 920 2893 ἅπασαν
941 2839 1039 2909 τῆς
1070 2836 1373 2907 φιλοξενίας
1397 2835 1539 2908 ἔχεις
1569 2835 1666 2908 τήν
1693 2836 1889 2907 θήκην,
1916 2834 2019 2889 κᾶν

438 2932 628 2988 ὀϐολὸν
654 2928 724 3005 ᾗς
750 2931 1088 3004 κεκτημένος
1124 2931 1313 3002 μόνον·
1345 2929 1411 2985 ἂν
1442 2928 1501 2983 δέ
1542 2928 1926 3001 μισάνθρωπος
1951 2923 2019 3002 ᾗς

440 3023 537 3077 καὶ
579 3022 889 3095 μισόξενος,
942 3020 1048 3076 κᾶν
1099 3020 1171 3074 τά
1206 3019 1388 3075 πάντα
1436 3016 1504 3094 ᾗς
1555 3018 2019 3092 περιϐεϐλημένος

435 3113 763 3185 πράγματα,
808 3111 1242 3185 ἐστενοχώρηταί
1288 3128 1371 3165 σοι
1403 3113 1516 3176 τοῖς
1557 3110 1728 3178 ξένοις
1766 3112 1801 3183 ἡ
1847 3109 2014 3165 οἰκία.

447 3206 563 3260 ι’)ύκ
589 3200 733 3276 εἶχεν
754 3203 892 3276 αὕτη
929 3203 1115 3268 κλίνας
1147 3202 1592 3274 ἀργυρενδέτους,
1622 3202 1738 3255 ἀλλ’
1766 3197 1881 3272 εἶχε
1914 3218 2019 3256 σωο

442 3298 719 3369 φροσύνην
746 3296 977 3367 πολλήνο
1008 3295 1109 3349 οὐκ
1136 3292 1250 3365 εἶχε
1288 3278 1601 3365 στρωμνὴν,
1636 3294 1776 3348 ἀλλά
1821 3294 2018 3365 προαί-

443 3404 593 3461 ρεσιν
620 3386 884 3459 ἐκέκτητο
912 3387 1159 3459 προσηνῆ
1187 3385 1281 3439 καὶ
1309 3384 1611 3455 φιλόξενον·
1634 3385 1735 3439 ούκ
1764 3382 1877 3457 εἶχε
1902 3385 2016 3440 κίο-
2046 3450 2049 3453 _

440 3498 537 3545 νας
568 3479 1082 3551 ἀπαστράπτοντας,
1128 3477 1249 3531 ἀλλ’
1287 3473 1399 3549 εἶχε
1431 3476 1611 3550 ψυχῆς
1637 3476 1790 3551 [178]
1824 3478 2018 3542 κάλλος

437 3572 791 3644 ἀπολάμπον’
819 3570 919 3624 οὐκ
949 3564 1062 3641 εἶχε
1091 3566 1299 3639 τοίχους
1334 3568 1645 3641 μαρμάροις
1686 3568 2017 3641 περιϐεϐληο

442 3665 670 3728 μένους,
713 3663 832 3717 οὐδὲ
872 3661 1066 3732 ἔδαφος
1101 3660 1305 3732 ψηφῖσι
1352 3659 1748 3732 διηνθισμένον,
1804 3660 1918 3714 ἀλλ’
1949 3656 2019 3732 ἦν

439 3756 581 3827 αὑτὴ
614 3755 743 3819 ναὸς
780 3754 874 3809 τοῦ
907 3753 1242 3826 Πνεύματος.
1288 3751 1475 3807 Ταῦτα
1507 3751 1770 3824 ἐπῄνεσεν
1793 3753 1822 3805 6
1867 3751 2017 3805 Παῦ-

440 3846 551 3911 λος,
591 3845 796 3900 τούτων
830 3844 1082 3918 ἡράσθηο
1117 3844 1206 3899 διὰ
1246 3842 1421 3897 ταῦτα
1451 3842 1545 3916 ἔτη
1578 3843 1671 3897 δύο
1708 3843 1897 3915 μείνας
1925 3843 2017 3896 ἐπὶ

438 3938 538 4010 τῆς
570 3939 749 4003 οἰκίας
783 3939 886 3993 ούκ
932 3938 1300 3993 ἀπανίστατο·
1343 3935 1432 3990 διὰ
1476 3935 1647 3991 ταῦτα
1690 3936 1869 3990 αὐτῶν
1918 3935 2016 4006 μέ-

443 4042 643 4098 μνηται
688 4025 957 4099 διηνεκῶς
976 4069 992 4094 ,
1038 4026 1133 4080 καὶ
1187 4024 1463 4097 ἐγκώμιον
1511 4026 1696 4089 αὐτοῖς
1735 4024 2017 4094 συντίθησι

443 4119 586 4190 μέγα
622 4120 719 4172 καὶ
750 4116 1084 4189 θαυμαστὸν,
1115 4118 1213 4188 οὐχ
1257 4117 1344 4170 ῖνα
1375 4117 1572 4180 αὐτοὺς
1606 4116 2018 4188 λαμπροτέρους

439 4211 759 4283 ἐργάσηται,
781 4209 896 4263 ἀλλ’
918 4209 1006 4262 ῖνα
1028 4210 1152 4272 τοὺς
1179 4210 1397 4273 λοιποὺς
1421 4211 1502 4272 εἰς
1523 4208 1617 4261 τὸν
1641 4208 1800 4262 αὐτὸν
1834 4209 2018 4282 ἀγάγῃ

442 4300 624 4372 ζῆλον,
647 4300 743 4353 καὶ
767 4300 930 4372 πείσῃ
960 4299 1448 4372 μακαρίζειν,,ούχὶ
1475 4300 1602 4366 τοὺς
1630 4300 2014 4366 πλουτοῦντας,

441 4390 561 4445 ούδέ
590 4389 714 4454 τοὺς
748 4391 806 4444 ἐν
835 4390 1033 4463 ἀρχαῖς
1077 4388 1236 4454 ὄντας
1256 4430 1272 4456 ,
1313 4388 1450 4443 ἀλλά
1492 4391 1622 4454 τοὺς
1662 4389 1978 4459 φιλοξένους
1999 4429 2015 4454 ,

440 4481 567 4547 τοὺς
612 4480 937 4554 ἐλεήμονας,
989 4481 1116 4544 τοὺς
1145 4477 1590 4550 φιλανθρώπους,
1627 4480 1759 4545 τοὺς
1810 4478 2013 4551 πολλὴν

443 4574 571 4645 περί
601 4574 729 4639 τοὺς
758 4573 947 4642 ἁγίους
971 4572 1370 4645 φιλοφροσύνην
1395 4572 1893 4644 ἐπιδεικνυμένους.

511 4675 572 4721 ε’.
587 4668 774 4722 Ταῦτα
795 4667 862 4739 δὴ
886 4665 981 4721 καὶ
1010 4668 1172 4738 ἡμεῖς
1187 4666 1297 4722 ἀπὸ
1311 4666 1413 4737 τῆς
1435 4667 1793 4739 προσρήσεως
1811 4665 2016 4738 ταύτης

444 4758 728 4830 μαθόντες,
754 4757 843 4812 διά
868 4756 977 4812 τῶν
1021 4757 1200 4830 ἔργων
1231 4757 1410 4812 αὐτῶν
1457 4756 1880 4829 ἐπιδειξώμεθα·
1919 4757 2016 4811 καὶ

443 4852 580 4922 μήτε
607 4850 733 4915 τοὺς
770 4849 1131 4913 πλουτοῦντας
1172 4848 1356 4914 ἁπλῶς
1400 4849 1818 4922 μακαρίζωμεν,
1870 4851 2013 4922 μήτε

436 4947 564 5011 τοὺς
599 4945 847 5016 πτωχοὺς
886 4942 1331 5013 ἐξευτελίζωμεν,
1370 4944 1504 5014 μηδὲ
1549 4942 2015 5016 ἐπαισχυνώμεθα

435 5035 687 5108 τέχναις,
737 5033 873 5105 μηδὲ
916 5032 1119 5098 δνειδος
1168 5030 1309 5087 εἶναι
1369 5034 1681 5106 νομίζωμεν
1731 5036 2014 5107 ἐργασίαν,

436 5125 576 5183 ἀλλά
600 5124 820 5196 ἀργίαν,
842 5123 940 5179 καὶ
963 5123 1024 5177 16
1053 5122 1129 5195 μὴ
1156 5122 1301 5194 ἔχειν
1326 5140 1379 5177 τι
1412 5127 1607 5180 ποιεῖν.
1636 5125 1699 5179 Εἰ
1740 5125 1850 5199 γάρ
1878 5125 2016 5179 δνει-

436 5220 527 5284 δος
546 5213 618 5291 ἦν
640 5216 701 5272 16
727 5215 1078 5290 ἐργάζεσθαι,
1116 5216 1218 5272 οὐκ
1254 5216 1320 5271 ἀν
1357 5217 1491 5271 αὐτὸ
1520 5217 1786 5288 μετῆλθεν
1812 5220 1842 5272 6
1869 5218 2014 5274 Παῦ-

434 5311 549 5376 λος.
575 5311 676 5366 οὐκ
698 5308 767 5365 ἀν
802 5310 892 5364 ἐπ’
913 5308 1063 5381 αύτῷ
1092 5306 1276 5380 μεῖζον
1300 5309 1620 5380 ἐφρόνησεν,
1643 5308 1784 5363 οὕτω
1811 5310 2012 5380 λέγων’

450 5404 594 5459 Ἐὰν
623 5403 733 5473 γὰρ
759 5400 1239 5473 εὐαγγελίζωμαι,
1266 5403 1379 5456 οὐκ
1408 5400 1543 5458 ἐστι
1578 5418 1682 5472 μοι
1714 5403 2011 5473 καύχημα.

443 5495 540 5562 Τίς
558 5494 673 5549 οὖν
700 5494 800 5564 μοί
822 5494 994 5549 ἐστιν
1014 5495 1047 5547 ό
1068 5493 1289 5566 μισθός
1307 5510 1325 5559 ;
1343 5493 1471 5547 Ἵνα
1495 5493 2017 5566 εὐαγγελιζόμενος

436 5583 753 5641 ἀδάπανον
788 5584 957 5653 θήσω
1000 5585 1065 5639 τὸ
1087 5585 1455 5657 [εὐαγγέλιον
1485 5584 1593 5641 τοῦ
1637 5586 1918 5655 Χριστοῦ.
1953 5587 2016 5641 Εἰ

438 5674 498 5728 δὲ
527 5674 689 5747 τέχνη
721 5675 922 5741 ὄνειδος
957 5671 1048 5747 ἦν,
1093 5677 1197 5730 οὐκ
1233 5677 1300 5730 ἀν
1337 5676 1465 5740 τοὺς
1509 5676 1586 5751 μὴ
1613 5676 2016 5750 ἐργαζομένους

441 5765 698 5819 ἐκέλευσε
752 5767 886 5837 μηδὲ
938 5768 1159 5822 ἐσθίειν.
1212 5768 1482 5840 Ἀμαρτία
1520 5769 1629 5840 γὰρ
1674 5769 1835 5840 μῶμον
1867 5770 2015 5823 ἐστὶν

448 5856 672 5923 ὄνειδοςο
701 5856 905 5929 ταύτην
927 5856 985 5911 δέ
1015 5857 1177 5929 ἀργία
1205 5858 1408 5915 τίκτειν
1456 5860 1634 5927 εἴωθε,
1663 5859 1756 5915 καὶ
1786 5861 1847 5915 06
1888 5862 2016 5933 μίαν

1122 378 1180 439 ε.
1221 380 1511 439 JOANNIS
1547 377 2052 438 cnnvsos'rom
2090 376 2410 438 ARCHIEP.
2446 356 2998 439 cbnsmmmov.

3587 363 3697 421 196

2132 482 2227 536 καὶ
2255 480 2350 536 δύο
2379 477 2473 535 καί
2499 482 2649 553 τρεῖς
2680 481 2862 553 μόνον,
2898 478 3036 535 ἀλλά
3081 479 3261 532 πᾶσαν
3305 473 3442 548 ὁμοῦ
3473 474 3571 549 τὴν
3612 493 3716 532 πο-

2130 573 2342 645 νηρίαν.
2367 572 2466 628 Διά
2493 571 2652 628 τοῦτο
2696 571 2793 627 καί
2824 587 2910 636 τις
2942 568 3104 640 σοφὸς
3130 568 3367 632 δεικνὺς,
3411 567 3495 621 ὅτι
3531 569 3714 622 πᾶσαν

2128 663 2227 735 τήν
2259 663 2454 717 κακίαν
2497 660 2733 726 ἐδίδαξεν
2760 663 2797 733 ἡ
2823 656 3013 731 ἀργία,
3054 659 3149 713 καὶ
3178 657 3310 728 περὶ
3338 656 3567 711 οἰκετῶν
3597 656 3715 710 δια-

2127 752 2416 825 λεγόμενός
2457 770 2622 824 φησιν
2642 770 2656 787 ⁶
2703 753 2962 821 Ἐμϐαλε
3001 749 3191 805 αὑτὸν
3240 749 3330 814 εἰς
3364 746 3564 818 ἔργον,
3609 747 3711 800 ἵνα

2121 843 2210 913 μὴ
2435 845 2612 915 Ὅπερ
2645 843 2751 914 γάρ
2781 843 2931 895 ἐστιν
2952 841 2982 893 6
3005 839 3220 910 χαλινὸς
3246 837 3326 908 τῷ
3350 837 3525 909 ῖππῳ,
3552 836 3711 890 τοῦτο

2127 934 2188 987 16
2213 933 2372 1006 ἔργον
2397 937 2462 1006 τῇ
2493 933 2655 1004 φύσει
2678 936 2743 1005 τῇ
2771 931 3036 1004 ἡμετέρᾳ.
3060 931 3127 986 Εἰ
3159 929 3323 983 καλὸν
3347 924 3417 1001 ῆν
3453 929 3488 999 ἡ
3518 928 3708 999 ἀργία,

2126 1023 2306 1077 πάντα
2333 1025 2400 1077 ἀν
2428 1024 2687 1095 ἄσπαρτα
2717 1022 2814 1075 καὶ
2840 1021 3081 1093 ἀνήροτα
3106 1020 3141 1090 ἡ
3173 1019 3244 1090 γῆ
3277 1017 3706 1073 ἀνεϐλάστανενο

2128 1115 2243 1169 ἀλλ’
2275 1114 2428 1169 οὐδὲν
2469 1113 2712 1167 τοιοῦτον
2747 1113 3060 1184 ἐργάζεται.
3101 1109 3302 1182 Πρώην
3337 1110 3438 1181 μὲν
3470 1104 3563 1162 οὖν
3587 1108 3708 1162 ἐκέ⁴

2126 1208 2316 1261 λευσεν
2348 1207 2585 1277 ἀνήροτα
2617 1205 2797 1259 πάντα
2825 1203 3078 1258 ἐκϐαλεῖν
3105 1204 3133 1256 6
3161 1201 3295 1266 Θεός
3313 1218 3329 1231 °
3370 1201 3490 1257 νυνὶ
3517 1201 3575 1255 δέ
3605 1202 3707 1255 οὐκ

2126 1297 2379 1371 ἐποίησεν
2403 1296 2596 1360 οὕτως,
2627 1295 2765 1351 ἀλλά
2795 1296 2891 1349 καὶ
2937 1294 3125 1360 ζεῦξαι
3160 1293 3308 1363 βόας,
3345 1294 3442 1347 καὶ
3477 1292 3708 1364 ἄροτρον

2125 1389 2370 1455 ἐλκύσαι,
2393 1388 2487 1443 καὶ
2519 1386 2731 1443 αῦλακα
2759 1389 3071 1459 ἀνατεμεῖν,
3097 1386 3191 1440 καὶ
3219 1385 3509 1458 σπέρματα
3538 1400 3706 1439 κατα-

2125 1481 2360 1548 ϐάλλειν,
2407 1482 2502 1534 καὶ
2562 1481 2769 1552 ἐτέροις
2814 1480 3027 1544 πολλοῖς
3083 1478 3303 1550 τρόποις
3366 1476 3705 1549 θεραπεῦσαι

2126 1572 2219 1626 καὶ
2259 1572 2503 1644 ἄμπελον
2537 1574 2632 1626 καὶ
2661 1571 2851 1643 δένδρα
2891 1573 2986 1626 καὶ
3019 1570 3310 1642 σπέρματα
3339 1571 3452 1635 τοῖς
3490 1568 3703 1640 ἀνθρώ⁸

2125 1680 2248 1726 ποις
2278 1662 2687 1734 ἐνομοθέτησεν,
2717 1661 2787 1716 ἶν’
2825 1664 2860 1734 ἡ
2902 1663 3002 1733 τῆς
3034 1661 3298 1733 ἐργασίας
3326 1661 3555 1732 ἀσχολία
3594 1660 3705 1715 πά·-

2126 1771 2226 1824 σης
2247 1754 2436 1827 ἀπάγῃ
2460 1754 2724 1825 πονηρίας
2759 1753 2863 1824 τὴν
2892 1753 3002 1807 τῶν
3029 1753 3414 1825 ἐργαζόμενων
3444 1752 3700 1806 διάνοιαν.

2137 1844 2228 1911 Ἐξ
2263 1847 2440 1918 ἀρχῆς
2470 1846 2570 1917 μὲν
2594 1841 2708 1911 οὖν,
2737 1845 2825 1898 ῖνα
2853 1845 2954 1916 τὴν
2980 1843 3211 1915 δύναμιν
3247 1842 3580 1914 ἐπιδείξηται
3604 1840 3704 1912 τήν

2124 1937 2342 2002 ἐαυτοῦ,
2385 1938 2558 2010 χωρὶς
2601 1936 2711 1991 τῶν
2749 1937 2928 1990 πόνων
2991 1935 3101 1991 τῶν
3149 1934 3436 2007 ἡμετέρων
3487 1933 3703 1988 ἅπαντα

2124 2028 2445 2101 ἀναδοθῆναι
2488 2027 2871 2101 παρεσκεύασε
2890 2044 2905 2059 ·
2937 2025 3353 2095 Βλαστησάτω
3391 2025 3502 2096 γὰρ
3539 2025 3579 2092 ἡ
3625 2022 3703 2094 τῆ

2118 2120 2393 2190 βοτάνην
2430 2122 2672 2191 χόρτου.
2709 2120 2872 2191 φησί’
2908 2120 3004 2174 καὶ
3033 2119 3212 2173 πάντα
3248 2116 3425 2188 ἐκόμα
3454 2114 3659 2178 εὐθέως
3681 2131 3697 2146 ο

2127 2211 2266 2281 μετά
2294 2211 2351 2264 δέ
2380 2211 2551 2265 ταῦτα
2586 2211 2684 2282 οὐχ
2713 2210 2884 2275 οὕτως
2900 2227 2914 2240 ·
2944 2210 3081 2265 ἀλλά
3113 2210 3208 2264 καὶ
3243 2209 3332 2264 διὰ
3369 2208 3479 2261 τῶν
3514 2210 3548 2280 ἡ
3555 2207 3707 2279 μετέο

2127 2320 2237 2375 ρων
2274 2302 2413 2357 αὐτὰ
2451 2303 2631 2358 πόνων
2656 2302 2984 2374 ἐκφέρεσθαι
3015 2301 3303 2356 ἐκέλευσεν
3331 2300 3395 2353 ἐκ
3436 2299 3535 2370 τῆς
3570 2297 3700 2368 γῆς.

2126 2395 2211 2449 ἴνα
2233 2393 2409 2466 μάθῃς
2432 2394 2513 2448 ὅτι
2546 2394 2636 2449 διά
2658 2394 2720 2447 16
2743 2396 3013 2466 χρήσιμον
3042 2394 3175 2463 ἡμῖν
3200 2391 3297 2447 καὶ
3315 2388 3590 2453 λυσιτελὲς
3610 2388 3702 2440 τὸν

2126 2486 2286 2539 πόνον
2326 2488 2610 2555 εἰσήγαγε.
2656 2485 2769 2539 Καὶ
2812 2485 2962 2539 δοκεί
3011 2484 3112 2556 μέν
3161 2478 3301 2536 εἶναι
3340 2481 3560 2544 κόλασις
3608 2479 3703 2533 καὶ

2124 2575 2364 2646 τιμωρία
2401 2576 2463 2630 τὸ
2509 2574 2772 2642 ἀκοῦσαι,
2811 2576 2907 2629 Ἐν
2959 2572 3155 2644 ἱδρῶτι
3209 2572 3319 2627 τοῦ
3382 2569 3702 2640 προσώπου

2124 2684 2241 2724 σου
2273 2668 2432 2741 φάγῃ
2460 2669 2569 2723 τὸν
2610 2668 2793 2740 ἄρτον
2829 2683 2974 2723 σου·
3009 2668 3069 2722 16
3097 2667 3154 2721 δέ
3195 2666 3390 2736 ἀληθὲς
3407 2704 3423 2729 ,
3452 2662 3701 2718 νουθεσία

2122 2762 2208 2825 τίς
2239 2763 2355 2815 ἐστι
2384 2761 2481 2816 καὶ
2514 2754 2916 2830 σωφρονισμδς,
2953 2757 3047 2811 καὶ
3082 2758 3192 2813 τῶν
3220 2757 3550 2830 τραυμάτων
3589 2754 3700 2807 τῶν

2123 2856 2232 2909 ἀπὸ
2271 2854 2373 2925 τῆς
2408 2852 2688 2924 ἁμαρτίας
2723 2851 3030 2921 γενομένων
3060 2849 3371 2920 φάρμακον.
3401 2845 3499 2898 Διά
3526 2841 3701 2925 ταῦτα

2123 2947 2218 3002 καὶ
2250 2944 2462 3009 Παῦλος
2488 2943 2771 3016 εἰργάζετο
2802 2940 3084 3013 διηνεκῶς,
3106 2941 3207 2993 οὐκ
3239 2941 3298 2993 ἐν
3327 2936 3511 3009 ἡμέρᾳ
3542 2934 3699 3006 μόνῃ,

2122 3039 2260 3093 ἀλλά
2288 3038 2385 3092 καὶ
2423 3039 2480 3091 ἐν
2523 3038 2660 3108 αὐτῇ
2698 3037 2765 3107 τῇ
2807 3018 2994 3088 νυκτί’
3026 3034 3122 3087 καὶ
3165 3031 3323 3086 τοῦτο
3368 3028 3468 3100 βοᾷ
3496 3027 3697 3095 λέγων’

2123 3126 2357 3193 Νυκτὸς
2379 3125 2488 3197 γὰρ
2522 3125 2621 3178 καὶ
2652 3123 2877 3194 ἡμέρας
2911 3119 3312 3191 ἐργαζόμενοι,
3339 3116 3492 3186 πρὸς
3519 3118 3582 3169 τι)
3610 3113 3700 3183 μὴ

2121 3217 2485 3287 ἐπιϐαρῆσαί
2517 3232 2650 3270 τινα
2685 3213 2869 3285 ὑμῶν.
2911 3213 3023 3269 Καὶ
3072 3213 3173 3282 οὐχ
3221 3209 3407 3272 ἀπλῶς
3456 3206 3702 3278 τέρψεως

2122 3309 2309 3362 ἕνεκεν
2339 3308 2434 3362 καὶ
2478 3306 2839 3378 ψυχαγωγίας
2877 3305 2939 3358 16
2983 3303 3143 3375 ἔργον
3191 3301 3414 3373 μετῄει,
3450 3296 3701 3368 καθάπερ

2123 3397 2308 3452 πολλοὶ
2327 3397 2436 3450 τῶν
2458 3395 2723 3465 ἀδελφῶν,
2747 3393 2884 3448 ἀλλά
2904 3393 3157 3447 τοσοῦτον
3178 3389 3523 3444 ἐπεδείκνυτο
3546 3384 3698 3458 [I79]

2125 3489 2253 3562 περὶ
2283 3488 2416 3543 αύτδ
2453 3487 2635 3552 πόνον,
2675 3485 2751 3548 ὠς
2782 3483 2876 3539 καὶ
2914 3482 3120 3555 ἐτέροις
3151 3478 3447 3551 δυνηθῆναι
3479 3479 3701 3530 ἐπικου-

2128 3581 2306 3652 ρῆσαι.
2344 3578 2478 3644 Ταῖς
2519 3576 2631 3647 γὰρ
2661 3575 2888 3644 χρείαις
2918 3590 3060 3643 μου,
3094 3570 3249 3642 φησι,
3276 3569 3375 3623 καὶ
3403 3567 3529 3634 τοῖς
3558 3562 3699 3621 οὖσι

2117 3672 2246 3741 μετ’
2268 3669 2413 3740 ἐμοῦ
2438 3667 2829 3736 ὑπηρέτησαν
2854 3668 2913 3719 αἰ
2940 3663 3134 3734 χεῖρες
3152 3658 3354 3719 αὗται.
3380 3658 3700 3730 Ἀνθρωπος

2122 3764 2373 3834 δαίμοσιν
2407 3760 2728 3823 ἐπιτάττων,
2754 3758 2853 3830 τῆς
2886 3753 3210 3827 οἰκουμένης
3246 3750 3566 3810 διδάσκαλος
3598 3748 3696 3814 ὢν,

2122 3855 2248 3918 τοὺς
2279 3853 2377 3927 τὴν
2404 3852 2508 3922 γῆν
2530 3849 2811 3912 οἰκοῦντας
2836 3846 3081 3911 ἅπαντας
3108 3843 3454 3916 ἐπιτραπεὶς,
3479 3842 3572 3895 καὶ
3601 3841 3698 3903 τὰς

2125 3942 2213 4012 ὑφ’
2251 3940 2388 4012 ἡλίῳ
2419 3938 2678 4009 κειμένας
2719 3934 3043 4006 Ἐκκλησίας
3087 3931 3323 3997 άπάσας,
3364 3931 3459 3985 καὶ
3496 3929 3698 4000 δήμους

2123 4037 2216 4088 καὶ
2244 4032 2371 4104 ἔθνη
2404 4031 2501 4086 καὶ
2534 4030 2720 4093 πόλεις
2755 4026 2895 4100 μετά
2927 4025 3128 4097 πολλῆς
3160 4021 3480 4098 θεραπεύων
3508 4022 3698 4091 ἐπιμε-

2121 4127 2291 4190 λείας,
2320 4124 2492 4179 νύκτα
2521 4124 2617 4178 καὶ
2643 4120 2857 4195 ἡμέραν
2883 4119 3190 4193 εἰργάζετο,
3234 4118 3329 4173 καὶ
3355 4116 3479 4171 ούδέ
3507 4114 3697 4187 μικρὸν

2123 4217 2345 4273 ἀνέπνει
2385 4214 2495 4269 τῶν
2525 4213 2705 4269 πόνων
2731 4213 2973 4267 ἐκείνων.
3010 4213 3201 4283 Ἡμεῖς
3235 4210 3313 4275 δέ,
3349 4206 3473 4261 ούδέ
3507 4206 3570 4259 16
3597 4223 3695 4276 μυ⁶

2127 4308 2337 4383 ριοστδν
2361 4307 2463 4378 τῆς
2496 4305 2702 4360 ἐκείνου
2742 4303 3020 4376 φροντίδος
3068 4301 3371 4373 μετιόντες,
3414 4297 3613 4370 μᾶλλον
3640 4295 3695 4349 δέ

2122 4401 2241 4456 ούδέ
2262 4400 2342 4464 εἰς
2368 4398 2493 4453 νοῦν
2520 4396 2706 4451 λαϐεῖν
2731 4395 3037 4466 δυνάμενοι,
3060 4390 3415 4463 διατελοῦμεν
3441 4391 3502 4444 ἐν
3528 4385 3694 4457 ἀργίᾳ

2124 4492 2324 4559 ζῶντες
2354 4488 2639 4561 διηνεκῶς.
2690 4489 2810 4542 Καὶ·
2840 4487 3004 4541 ποίαν
3056 4484 3251 4556 ἐξομεν
3301 4480 3620 4551 ἀπολογίαν,
3661 4476 3694 4548 ἡ

2121 4588 2244 4641 τίνα
2268 4581 2617 4654 συγγνώμην,
2635 4580 2757 4635 εἰπέ
2787 4596 2910 4651 μοι;
2949 4577 3231 4633 Ἐντεῦθεν
3255 4576 3473 4631 ἅπαντα
3497 4572 3579 4636 εἰς
3606 4569 3695 4623 τὸν

2124 4678 2239 4750 βίον
2262 4676 2632 4748 εἰσενήνεκται
2651 4672 2722 4727 τά
2746 4673 2911 4737 κακὰ,
2934 4672 3017 4726 δτι
3047 4669 3232 4726 πολλοί
3261 4667 3524 4740 μεγίστην
3545 4661 3696 4728 ἀξίαν

2123 4767 2259 4824 εἶναι
2307 4765 2585 4839 νομίζουσι
2601 4807 2616 4833 ,
2664 4764 2728 4819 16
2768 4764 2843 4836 μὴ
2896 4763 2995 4827 τάς
3038 4760 3246 4815 ἐαυτῶν
3301 4751 3699 4830 μεταχειρίζειν

2121 4862 2315 4934 τέχνας
2335 4900 2350 4925 ,
2395 4860 2491 4913 καὶ
2552 4855 2791 4929 ἐσχάτην
2847 4853 3218 4927 κατηγορίαν,
3268 4852 3331 4904 16
3366 4846 3603 4918 φανῆναί
3647 4860 3700 4897 τι

2121 4952 2359 5007 τοιοῦτον
2385 4950 2615 5014 εἰδότας.
2645 4950 2755 5004 Καὶ
2787 4945 2999 5011 Παῦλος
3032 4946 3130 5018 μὶν
3156 4944 3256 4998 οὐκ
3278 4940 3545 5014 ᾐσχύνετο
3564 4934 3698 5007 ὁμοῦ

2122 5044 2218 5098 καί
2239 5042 2439 5115 σμίλην
2470 5038 2886 5113 μεταχειρίζων,
2911 5040 3007 5092 καὶ
3038 5038 3289 5108 δέρματα
3328 5034 3577 5107 ράπτων,
3605 5027 3700 5083 καὶ

2119 5137 2234 5200 τοῖς
2265 5136 2324 5188 ἐν
2353 5132 2626 5204 ἀξιώμασι
2653 5131 3054 5201 διαλεγόμενος,
3083 5129 3220 5184 ἀλλά
3264 5128 3362 5183 καὶ
3404 5122 3701 5180 ἐνεκαλλω-

2122 5228 2312 5293 πίζετο
2345 5226 2426 5296 τῷ
2467 5222 2776 5295 πράγματι,
2808 5223 3019 5295 μυρίων
3058 5222 3197 5295 πρὸς
3232 5219 3399 5274 αὐτὸν
3434 5214 3703 5289 λαμπρῶν

2123 5320 2220 5374 καὶ
2249 5320 2537 5389 ἐπισήμων
2567 5316 2985 5387 ἀφικνουμένων
3013 5313 3339 5386 ἀνθρώπων.
3376 5310 3491 5365 Καὶ
3513 5310 3575 5363 06
3608 5308 3702 5379 μό-

2122 5425 2213 5462 νον
2233 5409 2335 5462 ούκ
2368 5404 2708 5478 ἐπῃσχύνετο
2731 5404 2909 5459 ταῦτα
2942 5403 3134 5468 ποιῶν,
3159 5401 3299 5457 ἀλλά
3326 5401 3424 5455 καὶ
3448 5397 3702 5467 καθάπερ

2123 5501 2182 5552 ἐν
2218 5498 2390 5571 στήλῃ
2425 5497 2601 5569 χαλκῇ
2630 5497 2750 5559 ταῖς
2794 5493 3106 5557 ἐπιστολαῖς
3132 5491 3547 5563 ἐξεπὸμπευσεν
3576 5490 3701 5543 ἐαυ-

2121 5591 2216 5645 τοῦ
2248 5590 2310 5644 τὸ
2347 5590 2707 5661 ἐπιτήδευμα.
2738 5589 2916 5660 Ὅπερ
2940 5582 3035 5642 οὖν
3065 5585 3127 5653 ἐξ
3171 5584 3345 5657 ἀρχῆς
3383 5582 3581 5655 ἔμαθε,
3611 5581 3703 5636 καὶ

2127 5684 2266 5755 μετά
2304 5681 2477 5737 ταῦτα
2512 5680 2646 5737 αὐτὸ
2680 5678 3036 5752 μετεχείριζε,
3076 5677 3170 5731 καὶ
3201 5675 3322 5729 τότε
3357 5674 3501 5745 μετά
3533 5673 3596 5727 16
3620 5676 3700 5736 εἰς

2123 5773 2351 5847 οὐρανὸν
2380 5774 2560 5845 τρίτον
2594 5773 2929 5845 άρπαγῆναι,
2964 5769 3106 5841 μετά
3141 5768 3204 5822 16
3246 5769 3327 5831 εἰς
3372 5766 3699 5838 παράδεισον

2123 5865 2507 5940 ἀπενεχθῆναι,
2546 5865 2789 5938 μετάιτδ
2841 5864 3167 5936 κοινωνῆσαι
3220 5860 3482 5934 ῥημάτων
3522 5860 3699 5932 ἀπυρ-
