4060 6252
321 312 418 373 193

314 434 490 491 solum
532 429 842 495 suppeteret
876 418 894 490 (
926 420 977 474 ὅ.
1010 416 1135 488 Reg.
1173 416 1258 471 17.
1280 413 1366 469 l0.
1396 412 1529 483 sqq.)
1550 454 1564 477 ,
1594 420 1642 465 et
1686 409 1906 463 istorum

316 523 405 595 qui
428 520 650 578 Paulum
673 514 739 570 ad
765 513 903 570 duos
932 523 1101 565 annos
1132 507 1395 575 hospitem
1425 504 1693 567 aluerunt,
1722 499 1912 554 domos

318 593 500 684 egenis
524 610 769 680 aperiant
788 648 802 672 ,
833 614 887 660 et
909 601 1088 657 omnia
1120 597 1419 668 hospitibus
1447 593 1751 650 communia
1789 603 1911 646 esse

317 680 504 771 velint,
528 717 648 774 qum
674 697 967 771 possident.
992 692 1110 749 Noli
1136 692 1278 747 enim
1306 689 1408 744 hoc
1438 686 1567 741 mihi
1594 684 1771 739 dicere
1790 722 1806 747 ,
1838 680 1915 774 fa-

324 796 500 853 mulos
547 771 652 848 tibi
698 790 874 845 nullos
920 800 1079 850 esse,
1112 784 1201 853 qui
1248 779 1559 835 inserviant.
1593 775 1742 830 Licet
1770 771 1912 828 enim

324 888 551 942 haberes
573 885 904 944 innumeros,
938 874 1181 948 prmcipit
1209 874 1368 937 Deus,
1397 877 1456 924 ut
1484 883 1577 939 per
1600 876 1651 921 te
1677 866 1791 936 ipse
1816 864 1914 917 ho-

322 974 628 1048 spitalitatis
667 971 898 1027 fructum
923 967 1201 1035 decerpas.
1236 964 1519 1031 Pr0ptcrea
1563 957 1756 1013 Paulus
1795 970 1915 1008 cum

326 1069 602 1124 mulierem
648 1064 860 1120 viduam
900 1061 1298 1130 alloqueretur,
1328 1068 1554 1124 eamque
1601 1049 1915 1120 hospitalem

324 1176 446 1217 esse
488 1158 702 1230 juberet
726 1198 741 1222 ,
774 1170 881 1210 non
910 1166 1007 1223 per
1034 1150 1167 1205 alias
1188 1189 1202 1215 ,
1245 1146 1340 1203 sed
1382 1161 1477 1217 per
1522 1143 1751 1213 seipsam
1785 1149 1840 1195 ut
1866 1139 1918 1193 id

326 1261 509 1325 ageret
536 1248 835 1322 imperavit.
868 1245 1001 1301 Cum
1030 1242 1172 1299 enim
1202 1240 1461 1306 dixisset,
1502 1238 1563 1294 Si
1593 1236 1811 1306 hospitio
1841 1250 1919 1290 re—

327 1324 478 1418 cepit,
502 1342 715 1414 adjecit,
749 1340 810 1396 Si
834 1347 1123 1395 sanctorum
1150 1335 1299 1406 pedes
1326 1332 1446 1388 lavit
1475 1332 1555 1401 (ί.
1582 1329 1712 1383 Tim.
1732 1327 1786 1383 5.
1806 1324 1917 1397 10).

330 1440 444 1496 Non
471 1437 640 1502 dixit,
663 1433 719 1490 Si
760 1431 1013 1505 pecunias
1038 1427 1325 1498 expendit,
1360 1439 1563 1494 neque,
1591 1421 1646 1479 Si
1673 1419 1883 1475 famulis
1902 1459 1919 1485 ,

334 1541 392 1585 ut
421 1529 473 1585 id
516 1534 764 1598 agerent,
796 1520 1117 1592 imperavit,
1150 1517 1246 1574 sed
1266 1559 1281 1583 ,
1310 1515 1369 1572 Si
1401 1530 1494 1587 per
1524 1528 1582 1568 se
1609 1512 1777 1582 ipsam
1821 1509 1924 1564 hoc

333 1621 596 1695 praestitit.
624 1619 913 1688 Propterea
934 1622 988 1669 et
1018 1609 1309 1676 Abraham,
1337 1607 1423 1663 eui
1451 1604 1672 1661 trecenti
1699 1611 1751 1657 et
1776 1610 1924 1656 octo-

334 1694 509 1770 decim
535 1718 689 1767 erant
718 1704 989 1762 vernaculi
1014 1745 1030 1771 ,
1057 1702 1123 1757 ad
1163 1715 1379 1772 gregem
1423 1699 1537 1767 ipse
1574 1694 1807 1767 perrexit
1826 1734 1842 1759 ,
1870 1699 1925 1746 et

334 1806 558 1862 vitulum
584 1800 845 1874 gestavit,
883 1807 936 1854 et
967 1797 1069 1851 alia
1100 1802 1290 1851 cuncta
1328 1788 1623 1848 ministeria
1647 1787 1812 1851 obiit,
1844 1794 1925 1839 at-

334 1913 438 1968 que
464 1907 687 1951 uxorem
708 1893 759 1947 in
788 1889 1118 1947 consortium
1144 1886 1415 1942 fructuum
1443 1879 1821 1954 hospitalitatis
1839 1876 1927 1933 ad-

336 1989 512 2045 scivit.
539 1986 830 2056 Propterea
857 1995 1071 2054 quoque
1095 1978 1355 2034 Dominus
1382 1983 1568 2032 noster
1589 1972 1745 2029 Jesus
1774 1968 1928 2027 Chri-

335 2090 451 2136 stus
499 2087 554 2135 et
601 2078 656 2132 in
707 2073 969 2146 praesepio
1020 2070 1296 2135 nascitur,
1346 2076 1404 2124 et
1446 2067 1499 2122 in
1554 2064 1717 2121 domo
1768 2071 1922 2117 natus

335 2174 631 2236 educatur,
662 2181 836 2239 neque
874 2163 1086 2221 adultus
1130 2161 1315 2218 habuit
1346 2158 1434 2215 ubi
1470 2166 1629 2227 caput
1661 2169 1816 2211 suum
1844 2169 1928 2208 re-

336 2268 583 2330 eliuaret,
616 2270 675 2317 ut
700 2261 785 2317 his
809 2257 1060 2316 omnibus
1086 2264 1139 2312 te
1165 2255 1402 2319 doceret,
1431 2259 1489 2306 ut
1513 2263 1601 2305 res
1633 2247 1785 2302 istius
1805 2245 1928 2300 vitae

336 2356 641 2430 splendidas
668 2353 735 2409 ad
771 2362 1045 2423 stuporem
1074 2362 1141 2404 ne
1166 2346 1379 2401 mireris
1400 2385 1415 2411 ,
1448 2341 1544 2398 sed
1576 2339 1774 2430 vilioris
1800 2352 1930 2393 con-

338 2429 561 2506 ditionis
586 2454 796 2502 amator
823 2442 1019 2512 ubique
1048 2438 1143 2503 sis,
1175 2452 1249 2492 ac
1266 2433 1593 2506 paupertatis
1620 2429 1891 2486 studiosus
1910 2469 1924 2493 ,

336 2556 501 2613 opum
548 2535 934 2594 abundantiam
975 2531 1177 2596 evites,
1219 2536 1274 2583 et
1321 2525 1462 2581 intus
1510 2522 1693 2578 ornari
1749 2522 1925 2577 cures.

343 2610 529 2690 όηυιξι
548 2630 745 2702 quippe
772 2624 937 2699 gloria
958 2625 1089 2693 ﬁlice
1107 2622 1239 2693 regis
1263 2618 1325 2673 ab
1345 2620 1481 2673 intus
1504 2614 1676 2685 (Psal.
1699 2610 1788 2670 tt.
1814 2612 1929 2683 M),

338 2726 513 2797 inquit
540 2723 839 2792 Scriptura.
871 2716 928 2773 Si
961 2712 1237 2787 proposito
1263 2709 1428 2765 animi
1459 2709 1531 2763 tui
1558 2702 1932 2776 hospitalitatis

339 2793 529 2872 amans
554 2813 629 2868 sis
652 2852 668 2879 ,
694 2822 908 2865 omnem
942 2801 1325 2875 hospitalitatis
1351 2798 1561 2855 thecam
1594 2797 1780 2861 habes,
1808 2793 1935 2850 licet

341 2908 559 2964 ebulum
587 2912 790 2960 tantum
824 2897 1098 2971 possideas
1123 2916 1137 2951 :
1166 2895 1247 2949 sin
1276 2901 1454 2947 autem
1487 2889 1806 2944 inhumanus
1834 2886 1930 2953 sis,

341 3010 399 3056 et
429 2996 667 3067 hospites
693 2991 891 3058 oderis,
916 2990 1041 3045 licet
1065 2983 1360 3041 innumeris
1385 2981 1546 3037 rebus
1569 2976 1931 3043 circumfluus,

344 3089 508 3147 nimis
540 3093 763 3156 angusta
790 3090 872 3138 est
906 3096 1003 3153 pro
1030 3074 1325 3149 peregrinis
1348 3073 1540 3130 domus
1563 3079 1671 3126 tua.
1695 3068 1809 3125 Non
1842 3068 1940 3122 ha-

344 3183 507 3238 bebat
536 3180 637 3235 ista
666 3178 836 3234 lectos
871 3187 1093 3245 argento
1121 3178 1339 3225 ornatos
1359 3208 1375 3235 ,
1424 3165 1518 3223 sed
1545 3178 1808 3221 summam
1839 3162 1937 3218 ha-

347 3272 508 3330 bebat
532 3270 830 3327 castitatem
861 3287 875 3323 :
903 3279 1008 3321 non
1036 3261 1266 3318 habebat
1305 3258 1618 3330 stragulum,
1642 3255 1740 3313 sed
1776 3254 1939 3310 animi

349 3362 624 3435 proposito
672 3367 787 3414 erat
821 3363 1099 3413 mansueto
1126 3361 1181 3409 et
1211 3351 1455 3424 hospitali
1490 3370 1502 3406 :
1532 3365 1637 3404 non
1666 3346 1943 3404 columnas

348 3452 585 3509 habebat
613 3450 877 3520 fulgentes
904 3489 919 3515 ,
946 3446 1039 3502 sed
1078 3445 1270 3500 animae
1295 3438 1746 3514 pulchritudinem
1772 3436 1943 3492 hahe-

350 3547 444 3602 bat
477 3544 797 3601 etnicantetn
831 3562 845 3599 :
877 3556 984 3596 non
1031 3552 1301 3595 marmore
1342 3533 1672 3592 convestitos
1715 3531 1945 3588 habebat

354 3639 611 3709 parietes,
645 3650 751 3690 non
789 3632 1017 3705 gemmis
1043 3631 1361 3686 distinctum
1404 3627 1763 3699 pavimentum
1788 3665 1804 3692 ,
1850 3624 1944 3679 sed

356 3734 469 3800 ipsa
500 3728 732 3799 Spiritus
783 3735 901 3784 erat
945 3724 1221 3795 templum.
1270 3722 1394 3778 Haec
1442 3718 1675 3777 laudavit
1716 3718 1943 3783 Paulus,

358 3824 474 3878 haec
503 3820 803 3885 adamavit;
835 3825 1052 3889 prepter
1089 3816 1202 3871 haec
1226 3829 1348 3871 cum
1380 3814 1430 3868 in
1468 3812 1671 3867 aedibus
1707 3811 1773 3865 ad
1814 3809 1949 3864 duos

357 3926 529 3968 annos
551 3916 915 3966 commoratus
932 3916 1105 3970 esset,
1133 3905 1256 3960 inde
1280 3919 1388 3959 non
1415 3903 1675 3959 recessit:
1704 3909 1947 3971 propter-

358 4022 423 4064 ea
454 4003 694 4059 meminit
726 4016 940 4072 semper
966 4000 1201 4069 ipsorum
1224 4041 1238 4063 ,
1258 4011 1551 4066 eorumque
1594 3994 1948 4050 laudationem

362 4097 616 4155 eximiam
646 4094 751 4149 illis
776 4092 1013 4148 contexit
1037 4099 1093 4146 et
1133 4089 1411 4145 mirificam
1432 4130 1447 4155 ,
1478 4101 1585 4142 non
1617 4095 1674 4141 ut
1697 4084 1952 4141 clariores

360 4190 483 4245 illos
506 4185 717 4253 reddat,
749 4184 844 4241 sed
869 4191 928 4239 ut
948 4190 1172 4238 caeteros
1201 4180 1267 4235 ad
1296 4178 1541 4236 eumdem
1570 4178 1742 4232 zelum
1769 4191 1955 4232 accen-

361 4281 476 4346 dat,
507 4278 691 4349 eisque
714 4275 1067 4348 persuadeat,
1096 4282 1154 4328 ut
1172 4272 1358 4328 beatos
1384 4270 1694 4341 praedicent,
1725 4284 1831 4326 non
1858 4283 1954 4324 eos

321 4377 336 4393 ’
363 4373 453 4443 qui
488 4370 681 4426 divites
719 4376 871 4435 sunt,
900 4381 1074 4437 neque
1103 4364 1193 4437 qui
1225 4372 1421 4434 gerunt
1455 4361 1794 4431 magistratus
1817 4401 1833 4426 ,
1860 4358 1955 4415 sed

363 4467 454 4535 qui
484 4461 774 4533 hospitales
802 4468 858 4516 et
885 4454 1258 4515 misericordes
1301 4462 1462 4520 sunt,
1495 4464 1550 4510 et
1577 4453 1812 4523 benigni,
1835 4452 1955 4523 qui-

363 4570 471 4626 que
494 4554 711 4609 multam
741 4567 869 4621 erga
898 4559 1113 4605 sanctos
1132 4548 1390 4606 exhibent
1413 4546 1742 4603 comitatem.

440 4649 494 4704 5.
524 4645 776 4718 Epilogus
805 4643 1050 4699 sermonis
1084 4651 1132 4697 et
1173 4638 1452 4696 cohortatio
1480 4638 1687 4693 moralis
1727 4637 1796 4691 ad
1832 4652 1959 4707 apus

366 4754 631 4793 manuum.
680 4736 802 4792 Non
842 4735 983 4790 debet
1016 4749 1110 4789 nos
1146 4732 1335 4804 pudere
1360 4729 1550 4785 laboris
1578 4737 1623 4783 et
1657 4728 1869 4799 Opiﬁcii.
1892 4756 1962 4767 —

366 4832 497 4889 llaec
534 4831 695 4902 igitur
733 4844 854 4885 cum
886 4841 986 4883 nos
1010 4839 1224 4897 quoque
1261 4838 1327 4879 ex
1352 4822 1453 4879 bac
1472 4821 1794 4877 salutatione
1821 4820 1962 4876 didi-

365 4926 642 4988 cerimus,
672 4919 928 4991 operibus
981 4918 1109 4988 ipsis
1157 4915 1430 4987 specimen
1472 4927 1659 4969 eorum
1703 4911 1960 4976 edamus,

368 5030 544 5085 neque
578 5013 771 5069 divites
803 5020 1005 5066 temere
1028 5008 1215 5064 beatos
1237 5004 1609 5077 pmdicemus,
1636 5018 1810 5075 neque
1833 5018 1964 5073 pau-

366 5120 528 5176 peres
567 5102 955 5173 vilipendatnus
978 5140 994 5167 ,
1027 5113 1200 5169 neque
1243 5110 1344 5153 nos
1370 5094 1566 5166 pudeat
1603 5093 1797 5149 artium
1822 5134 1837 5157 ,
1868 5107 1969 5147 nec

368 5195 643 5268 opificium
670 5193 924 5263 probrum
952 5205 1074 5246 esse
1101 5188 1380 5254 ducamus,
1406 5184 1500 5242 sed
1526 5185 1691 5241 otium
1710 5226 1725 5251 ,
1756 5192 1810 5239 et
1836 5183 1968 5238 nulli

369 5284 711 5358 occupationi
735 5299 946 5339 vacare.
976 5283 1031 5338 Si
1076 5280 1219 5337 enim
1260 5278 1512 5350 probrum
1541 5286 1686 5333 esset
1723 5276 1968 5345 operari,

372 5395 483 5434 non
510 5379 842 5435 exercuisset
864 5385 1034 5430 artem
1061 5371 1323 5441 ejusmodi
1353 5371 1547 5426 Paulus
1572 5412 1585 5435 ,
1619 5386 1793 5438 neque
1816 5385 1877 5425 ea
1905 5371 1971 5426 de

374 5485 536 5525 causa
569 5469 741 5540 magis
767 5466 1024 5539 gloriatus
1049 5473 1212 5529 esset,
1241 5463 1311 5518 ita
1339 5460 1523 5516 dicens
1547 5479 1560 5516 :
1587 5461 1648 5515 Si
1668 5461 1799 5515 enim
1823 5475 1974 5514 evan-

375 5565 693 5636 gelizurrro,
726 5578 827 5615 non
872 5570 945 5614 est
986 5558 1109 5612 mihi
1147 5557 1332 5628 gloria.
1369 5554 1494 5621 Qua:
1519 5562 1591 5607 est
1631 5567 1749 5624 ergo
1788 5567 1972 5606 merces

378 5654 529 5708 mea?
549 5651 618 5709 Ut
640 5650 951 5722 euangelium
974 5647 1254 5719 prwdicans
1271 5646 1378 5699 sine
1397 5653 1602 5714 sumptu
1630 5660 1813 5712 ponam
1832 5659 1974 5698 evan-

385 5739 573 5812 gelium
608 5739 794 5796 Christi
832 5741 921 5812 (l.
954 5739 1071 5795 Cor.
1099 5738 1150 5796 9.
1186 5737 1269 5797 16-
1298 5737 1363 5795 18
1380 5734 1421 5808 )«
1463 5733 1619 5803 Quod
1647 5733 1702 5791 δί
1719 5733 1971 5806 probrum

1063 294 1129 357 IN
1169 294 1390 366 lLLUl),
1430 288 1790 354 SALUTATE
1831 282 2239 373 PRISCILLA‘M
2281 284 2367 340 ET
2407 280 2735 354 AQUILAM.
2775 279 2815 337 l.

3504 275 3598 334 Hi

2018 407 2160 454 esset
2187 414 2293 465 ars,
2314 412 2642 467 nequaquam
2675 411 2768 451 eos
2792 394 2877 464 qui
2909 408 3011 447 non
3048 398 3417 461 operarentur,
3445 391 3603 446 etiam

2019 490 2343 545 manducare
2386 491 2643 544 vetuisset
2687 486 2779 558 (2.
2812 485 2985 540 Thess.
3007 485 3059 538 3.
3089 483 3154 539 l0
3186 486 3223 552 ).
3257 482 3438 538 Solum
3465 491 3606 536 enim

2020 590 2296 652 peccatum
2328 589 2409 634 est
2436 580 2688 649 probrum
2729 596 2741 631 :
2775 589 2826 632 at
2858 576 2988 631 illud
3018 591 3080 632 cx
3109 576 3217 630 otio
3253 572 3397 629 nasci
3428 575 3563 629 solet
3594 618 3606 637 ,

2020 688 2117 728 nec
2144 689 2304 727 unum
2335 681 2426 725 aut
2464 672 2569 725 duo
2607 672 2691 726 vel
2721 672 2817 725 tria
2846 678 3071 733 tantum,
3107 667 3201 723 sed
3245 666 3420 721 omnis
3451 666 3609 721 simul

2021 765 2352 834 improbitas.
2383 765 2672 833 Propterea
2715 764 2927 833 sapiens
2971 763 3130 817 etiam
3172 760 3388 831 quidam
3428 768 3609 814 osten-

2019 854 2154 909 dens
2181 870 2393 909 omnem
2426 854 2680 908 malitiam
2711 853 2956 908 docuisse
2996 853 3160 907 otium
3188 894 3203 919 ,
3248 860 3305 907 et
3333 849 3493 906 verba
3530 850 3609 902 fa-

2019 945 2167 1000 ciens
2191 944 2258 999 de
2288 946 2457 1000 servis
2482 947 2553 998 ait
2585 962 2597 999 :
2631 944 2775 998 Mitte
2799 944 2943 998 illum
2967 945 3018 998 in
3046 944 3406 1013 operationem,
3435 960 3497 998 ne
3520 959 3611 996 oa-

2021 1047 2096 1090 cet
2122 1037 2140 1107 (
2168 1035 2333 1090 Eccli.
2357 1037 2443 1092 '55.
2473 1036 2590 1106 28).
2620 1036 2770 1102 Quod
2807 1036 2949 1092 enim
2981 1044 3062 1090 est
3088 1034 3310 1090 frmnum
3346 1050 3514 1105 equo,
3562 1036 3614 1090 id

2022 1138 2105 1183 est
2129 1142 2263 1198 opus
2302 1138 2507 1183 natura:
2537 1142 2751 1183 nosme.
2777 1128 2831 1183 Si
2859 1127 3057 1183 bonum
3087 1127 3212 1198 quid
3237 1140 3377 1183 esset
3407 1130 3608 1191 otium,

2022 1220 2201 1275 omnia
2231 1220 2348 1275 sine
2371 1231 2610 1276 semente
2638 1231 2692 1275 et
2716 1220 3035 1291 agricultura
3066 1231 3202 1276 terra
3250 1220 3566 1291 produceret
3595 1237 3609 1275 :

2023 1312 2167 1383 atqui
2197 1312 2327 1367 nihil
2351 1313 2457 1370 tale
2494 1323 2728 1383 pra-stat.
2752 1314 2891 1370 Olim
2931 1314 3089 1385 igitur
3123 1322 3327 1370 terram
3356 1315 3611 1369 inarataut

2022 1402 2173 1458 ferre
2189 1411 2378 1457 cuncta
2407 1404 2663 1474 prtecepit
2688 1405 2825 1459 Dens
2860 1423 2872 1457 :
2900 1404 3009 1474 jam
3032 1420 3161 1460 vero
3187 1421 3305 1459 nou-
3334 1409 3409 1459 ita
3443 1404 3569 1460 fecit
3595 1446 3613 1471 ,

2026 1493 2121 1548 sed
2146 1503 2200 1549 et
2226 1493 2390 1550 boves
2409 1497 2632 1565 jungere
2650 1536 2665 1562 ,
2694 1504 2745 1549 et
2772 1509 3042 1549 vomerem
3074 1495 3309 1563 trahere,
3329 1496 3614 1551 et‘sulcum

2026 1584 2243 1653 ducere,
2273 1594 2327 1641 et
2354 1599 2536 1642 semen
2563 1586 2763 1657 jacere,
2791 1594 2949 1657 atque
2973 1586 3093 1641 aliis
3125 1587 3304 1642 multis
3330 1588 3503 1644 modis
3524 1605 3617 1643 co-

2027 1677 2140 1733 lere
2178 1687 2231 1733 et
2273 1678 2434 1733 vitem
2464 1686 2519 1733 et
2541 1676 2763 1733 arbores
2790 1688 2843 1733 et
2886 1679 3090 1734 semina
3119 1677 3423 1735 hominibus
3452 1681 3618 1750 impe-

2028 1769 2188 1836 ravit,
2219 1777 2277 1823 ut
2304 1768 2631 1839 operationis
2655 1770 3187 1841 occupatiomentem
3215 1782 3421 1834 eorum,
3448 1770 3536 1841 qui
3561 1786 3618 1826 se

2028 1859 2281 1934 operibus
2304 1870 2641 1928 exercerent,
2678 1862 2915 1918 ab‘omni
2946 1862 3283 1932 improbitate
3316 1874 3612 1918 revocaret.

2032 1951 2299 2022 Principio
2318 1951 2553 2022 quidem,
2580 1962 2635 2008 ut
2660 1954 2950 2023 potentiam
2979 1969 3127 2009 suam
3147 1955 3475 2023 ostenderet,
3493 1955 3621 2011 elle-

2029 2042 2100 2096 eit
2126 2051 2182 2096 ut
2197 2028 2373 2097 omnia
2390 2043 2505 2099 sine
2524 2043 2720 2099 nostris
2739 2043 3008 2100 laboribus
3031 2047 3396 2117 provenirent:
3422 2044 3633 2102 Genui-

2030 2144 2112 2188 net
2126 2134 2259 2188 enim
2279 2141 2409 2188 terra
2427 2133 2632 2188 herbam
2654 2135 2774 2206 [mni
2794 2133 2944 2207 (Gen.
2969 2135 3018 2190 l.
3041 2138 3064 2190 1
3078 2136 3154 2207 1),
3170 2136 3358 2207 inquit,
3374 2144 3427 2191 et
3442 2138 3623 2193 statim

2030 2235 2221 2283 cuncta
2249 2226 2544 2282 vernabant
2565 2244 2579 2293 ;
2604 2236 2786 2297 postea
2812 2241 2941 2282 vero
2967 2243 3072 2283 non
3100 2228 3207 2296 ita;
3231 2228 3325 2284 sed
3344 2237 3398 2283 et
3416 2239 3625 2283 nostro-

2032 2334 2148 2373 rum
2176 2318 2416 2372 laborum
2444 2332 2606 2388 opera
2638 2318 2796 2389 jussit
2828 2318 2912 2373 illa
2943 2335 2973 2373 e
3008 2328 3147 2374 terra
3172 2318 3419 2389 produci,
3446 2328 3502 2373 ut
3539 2319 3622 2373 dl-

2031 2423 2151 2464 scas
2170 2408 2240 2465 ob
2258 2409 2536 2464 utilitatem
2554 2418 2605 2463 et
2621 2409 2959 2464 commodum
2988 2419 3226 2465 nostrum
3250 2410 3482 2464 laborem
3506 2426 3627 2467 esse

2035 2501 2321 2556 invectum.
2340 2502 2418 2557 Ac
2442 2500 2653 2556 videtur
2668 2500 2879 2572 quidem
2908 2515 3065 2570 pmua
3081 2510 3135 2556 et
3162 2501 3476 2571 supplicium
3508 2514 3627 2557 esse

2032 2609 2153 2649 cum
2174 2592 2325 2648 audis
2355 2611 2369 2649 :
2398 2591 2462 2648 In
2488 2593 2672 2648 sudare
2697 2592 2861 2649 vultus
2888 2596 2962 2648 tui
2981 2595 3190 2650 vesceris
3211 2611 3342 2666 pane
3362 2605 3447 2650 tuo
3469 2594 3625 2667 (Gen.

2035 2686 2089 2741 5.
2124 2685 2212 2758 l9)
2250 2705 2264 2741 :
2300 2701 2362 2742 re
2394 2695 2571 2743 autem
2602 2702 2725 2742 vera
2753 2686 2998 2760 quaedam
3028 2698 3109 2743 est
3136 2688 3426 2743 admonitio
3455 2698 3507 2744 et
3537 2704 3626 2743 ea-

2036 2779 2281 2851 stigatio,
2327 2789 2382 2834 et
2423 2781 2736 2848 vulnerum,
2779 2796 2896 2851 qua:
2942 2789 3215 2851 peccatum
3249 2780 3476 2849 inflixit,
3507 2797 3623 2837 tne-

2037 2870 2176 2926 dela.
2204 2870 2373 2940 Quam
2395 2873 2465 2927 ob
2485 2886 2698 2927 causam
2721 2882 2775 2928 et
2792 2872 2986 2928 Paulus
3004 2872 3326 2943 Operabatur
3350 2884 3626 2943 perpetuo,

2041 2978 2146 3017 non
2188 2961 2416 3018 interdiu
2457 2971 2660 3019 tantum
2683 3004 2697 3028 ,
2729 2963 2823 3019 sed
2854 2963 3013 3017 etiam
3041 2963 3157 3032 ipsa
3178 2972 3336 3019 nocte
3365 2981 3377 3017 :
3411 2964 3552 3035 quod
3579 2977 3632 3020 ct

2044 3052 2157 3123 ipse
2181 3052 2416 3107 clamans
2442 3060 2665 3108 testatur
2691 3070 2704 3103 :
2739 3051 2901 3107 Nocte
2921 3053 3055 3107 enim
3075 3061 3123 3107 et
3146 3053 3229 3108 die
3248 3065 3511 3123 operantes
3533 3099 3547 3121 ,
3572 3075 3634 3111 ne

2041 3162 2184 3216 quem
2204 3154 2418 3201 vestrum
2437 3161 2757 3216 gravat-emus
2775 3143 2822 3206 (l
2836 3143 3031 3200 .Thess.
3051 3144 3103 3199 2.
3125 3143 3205 3215 θ’).
3218 3144 3399 3217 Neque
3419 3162 3543 3200 vero
3566 3157 3634 3201 te-

2044 3254 2192 3295 mere
2234 3238 2630 3305 delectationis,
2675 3246 2768 3293 aut
2798 3237 3075 3294 recreandi
3116 3239 3280 3293 animi
3314 3254 3473 3294 causa
3501 3257 3632 3309 opus

2046 3329 2336 3398 tractabat,
2378 3329 2517 3385 sicut
2560 3328 2710 3384 multi
2754 3329 2981 3396 fratres,
3023 3330 3116 3385 sed
3171 3338 3316 3386 tanto
3356 3343 3415 3386 se
3456 3332 3635 3386 labore

2045 3423 2362 3491 exercebat,
2396 3431 2454 3479 ut
2487 3432 2541 3479 et
2569 3422 2778 3477 caeteris
2808 3422 3045 3479 subsidio
3083 3437 3205 3480 esse
3243 3432 3443 3493 posset.
3470 3424 3551 3477 Ad
3576 3441 3637 3477 ea

2047 3515 2181 3569 enim
2216 3530 2330 3584 quea
2366 3513 2490 3569 mihi
2513 3529 2642 3584 opus
2668 3523 2847 3579 erant,
2873 3513 3008 3568 etiis
3030 3514 3120 3583 qui
3145 3529 3351 3568 meeum.
3363 3525 3480 3568 sunt
3497 3556 3513 3580 ,
3541 3516 3637 3568 mi-

2050 3605 2386 3658 nistrat-erunt
2406 3619 2587 3657 manus
2610 3604 2719 3659 istm
2738 3602 2875 3675 (Act.
2888 3602 2977 3657 20.
2994 3603 3109 3672 54).
3137 3603 3312 3657 Homo
3328 3604 3417 3674 qui
3438 3603 3639 3659 damno-

2052 3695 2207 3750 nibus
2254 3694 2546 3765 imperabat
2561 3736 2576 3757 ,
2621 3695 2711 3765 qui
2737 3693 2925 3749 doctor
2944 3703 3059 3748 erat
3084 3694 3229 3751 orbis
3250 3703 3530 3763 terrarum,
3553 3700 3659 3751 cui

2052 3788 2289 3842 omnium
2309 3826 2324 3850 ,
2352 3786 2440 3856 qui
2474 3796 2670 3841 terram
2698 3786 2973 3851 incolunt,
2994 3785 3167 3842 fuerat
3185 3802 3312 3842 cura
3332 3788 3661 3856 commissa,_

2053 3879 2143 3949 qui
2182 3886 2401 3932 cunctas
2435 3877 2537 3933 sub
2564 3878 2679 3933 sole
2709 3878 2908 3947 positas
2934 3877 3201 3933 Ecclesias
3221 3919 3236 3945 ,
3260 3887 3315 3934 et
3343 3880 3564 3948 ροιιιιίοε
3589 3891 3667 3936 et-

2055 3969 2299 4024 nationes
2317 4010 2332 4034 ,
2364 3978 2419 4023 et
2459 3968 2620 4024 urbes
2648 3984 2855 4026 summa
2884 3969 3243 4026 sollicitudine
3268 3971 3517 4036 curabat,
3544 3987 3642 4026 uo-

2056 4071 2142 4117 cte
2160 4069 2216 4117 et
2241 4060 2326 4116 die
2352 4058 2675 4130 operabatur
2692 4103 2707 4127 ,
2734 4074 2798 4117 ac
2824 4074 2893 4116 ne
2922 4060 3185 4116 tantillum
3210 4061 3425 4131 quidem
3451 4060 3674 4116 abillis.

2059 4153 2331 4208 laboribus
2365 4153 2683 4223 respirabat.
2721 4151 2832 4208 Nos
2866 4166 3027 4219 vero,
3053 4153 3249 4224 quibus
3270 4168 3339 4208 ne
3369 4154 3644 4208 millesima

2058 4245 2272 4317 quidem
2310 4245 2452 4301 illius
2488 4260 2738 4301 curarum
2774 4260 2897 4316 pars
2924 4245 3217 4313 incumbit,
3250 4245 3333 4301 vel
3360 4246 3535 4315 potius
3560 4245 3645 4315 qui

2061 4354 2130 4394 ne
2166 4348 2346 4394 mente
2370 4337 2583 4408 quidem
2609 4352 2701 4393 eas
2724 4352 2917 4407 capere
2946 4351 3229 4406 possumus
3251 4378 3266 4403 ,
3304 4337 3357 4391 in
3386 4338 3497 4392 otio
3523 4351 3645 4406 per-

2065 4440 2227 4501 petuo
2265 4431 2427 4483 vitam
2467 4429 2730 4485 ducimus.
2773 4430 2890 4497 Qua
2922 4444 3053 4484 vero
3089 4429 3234 4500 digni
3271 4432 3649 4495 excusatione.

2064 4522 2151 4579 vel
2177 4538 2279 4593 qua
2310 4520 2521 4577 tandem
2549 4521 2701 4576 venia
2723 4522 3098 4577 censebimur?
3118 4520 3247 4577 Inde
3265 4533 3455 4577 cuncta
3484 4522 3536 4575 in
3557 4538 3652 4593 ge-

2066 4633 2167 4673 nus
2206 4616 2493 4673 humanum
2534 4617 2671 4672 mala
2704 4616 3076 4681 dimanarunt,
3118 4614 3260 4685 quod
3304 4614 3453 4669 multi
3501 4615 3552 4669 in
3590 4629 3681 4671 eo.

2067 4712 2357 4766 maximum
2383 4709 2549 4766 decus
2570 4724 2691 4765 esse
2720 4709 2948 4780 positum
2971 4708 3293 4763 arbitrentur
3310 4749 3327 4775 ,
3351 4720 3410 4763 ut
3428 4723 3551 4763 suas
3575 4724 3661 4762 ar-

2071 4814 2149 4860 tes
2189 4802 2408 4858 minime
2446 4811 2709 4870 tractent,
2749 4810 2802 4857 et
2830 4816 3040 4857 summo
3068 4800 3167 4857 sibi
3192 4799 3401 4856 crimini
3426 4801 3617 4855 ducant
3644 4843 3657 4858 .

2070 4894 2117 4950 si
2151 4909 2335 4950 earum
2376 4894 2619 4965 peritiam
2648 4909 2757 4965 prec
2786 4907 2848 4953 se
2876 4890 3067 4948 ferant.
3099 4892 3177 4946 Ac
3205 4890 3427 4946 Paulum
3446 4890 3685 4960 quidem»

2073 5002 2180 5043 non
2221 4988 2382 5059 pudet
2423 4987 2582 5043 simul
2619 4997 2674 5043 et
2706 4988 2976 5058 scalprum
3022 5001 3183 5040 manu
3210 4993 3469 5050 tractare,
3500 4984 3665 5055 pelles

2074 5100 2335 5142 censuere
2359 5127 2374 5150 ,
2420 5093 2474 5138 et
2514 5082 2658 5137 viros
2694 5080 2891 5151 alloqui
2936 5079 2989 5134 in
3022 5079 3278 5149 dignitate
3303 5078 3625 5133 constitutos
3651 5118 3663 5133 .

2076 5178 2168 5232 sed
2219 5186 2274 5231 et
2314 5192 2371 5230 re
2410 5175 2498 5229 illa
2543 5172 2903 5244 gloriabatur,
2944 5184 3065 5224 cum
3095 5169 3161 5225 ad
3188 5184 3311 5225 eum
3339 5168 3437 5223 viri
3465 5168 3592 5222 clari
3617 5179 3670 5221 ct

2078 5270 2311 5324 illustres
2345 5267 2686 5321 ventitarent.
2729 5263 2913 5334 Neque
2955 5270 3158 5317 tantum
3195 5260 3310 5315 brec
3336 5259 3484 5314 illum
3513 5272 3671 5328 agere

2080 5376 2184 5415 non
2227 5358 2476 5430 pudebat,
2513 5356 2607 5413 sed
2647 5355 2806 5411 etiam
2838 5355 2891 5408 in
2921 5352 3163 5423 epistolis
3188 5350 3299 5405 suis
3322 5358 3589 5419 tamquam
3618 5348 3670 5402 iu

2080 5466 2222 5507 :ereo
2268 5452 2455 5519 cippo,
2506 5463 2664 5519 quam
2713 5444 3053 5517 proﬁteretur
3093 5451 3301 5505 artem,
3348 5439 3673 5510 divulgabat.

2082 5541 2234 5611 Quod
2265 5542 2422 5612 igitur
2446 5540 2513 5595 ab
2539 5539 2690 5595 initio
2717 5537 3009 5603 didicerat,
3038 5532 3168 5590 illud
3194 5542 3247 5589 et
3267 5541 3452 5605 postea
3479 5542 3675 5587 tracta-

2082 5635 2205 5702 bat,
2235 5631 2392 5704 idque
2417 5640 2693 5703 postquam
2728 5628 2896 5684 fuerat
2925 5629 3137 5684 tertium
3164 5634 3347 5695 raptus
3369 5625 3420 5680 in
3450 5626 3636 5680 cadum
3660 5664 3673 5685 ,

2086 5738 2364 5801 poStquam
2407 5722 2693 5782 translatus
2727 5720 2902 5779 fuerat
2939 5716 3325 5793 inparadisum
3348 5758 3363 5789 ,
3394 5726 3707 5790 nunquam.
