4060 6252
431 268 536 329 "5

431 386 506 443 illi
541 385 682 448 Deus
719 398 912 441 arcana
951 381 1112 438 verba
1147 379 1632 436 communicaverat
1673 395 1686 430 :
1725 391 1825 431 nos
1854 392 1982 432 vero
2004 418 2019 442 ,

431 495 523 551 qut
562 493 630 534 ne
645 477 1128 534 calceamentorum
1151 472 1364 544 quidem
1385 472 1502 540 ejus
1520 484 1694 541 pretio
1721 468 2018 524 aestimandi

435 585 619 626 sumus
639 610 656 635 ,
692 567 848 624 nobis
881 581 944 622 ea
979 564 1177 636 probro
1209 563 1454 619 ducimus
1472 604 1488 629 ,
1517 561 1708 634 quibus
1737 576 1795 616 se
1824 561 1916 616 ille
1933 558 2013 630 ja-

428 669 642 726 ctabat,
676 668 731 716 et
761 657 982 728 singulis
1010 655 1225 727 quidem
1253 655 1442 710 diebus
1469 655 1594 708 dum
1623 652 1982 722 delinquimus
2000 691 2018 718 ,

431 769 538 808 non
577 750 970 815 convertimur,
1021 764 1192 819 neque
1239 748 1490 820 probrum
1537 760 1657 801 esse
1697 759 2016 809 censemus;

429 862 494 901 ex
560 844 718 915 justis
770 852 945 900 autem
999 843 1267 898 laboribus
1316 841 1495 896 vivere
1548 849 1813 910 tamquam
1867 850 2021 908 turpe

429 953 492 994 ac
543 937 824 992 ridiculum
861 936 1144 991 evitamus.
1193 934 1322 1001 Qua:
1377 933 1592 988 tandem
1645 933 1831 1003 igitur,
1867 948 2018 1002 quae-

429 1043 526 1094 so,
579 1027 735 1084 nobis
783 1025 970 1082 salutis
1025 1039 1148 1095 spes
1202 1024 1402 1094 reliqua
1450 1023 1589 1078 erit?
1635 1022 1804 1090 Quem
1873 1023 2017 1078 enim

430 1119 626 1190 pudet,
661 1128 872 1188 Oportet
903 1118 1104 1188 peccati
1147 1117 1364 1187 pudere.
1403 1130 1467 1170 ac
1512 1115 1678 1170 Deum
1713 1113 2016 1181 offendisse,

429 1220 590 1281 atque
631 1209 826 1283 aliquid
865 1225 1048 1265 eorum
1090 1223 1209 1279 qua:
1251 1207 1454 1279 agenda
1502 1222 1606 1261 non
1657 1216 1778 1261 sunt
1827 1221 2013 1276 agere,

428 1303 522 1359 sed
539 1302 740 1359 artibus
756 1311 810 1359 et
829 1301 1054 1373 opiﬁciis
1079 1301 1314 1372 gloriari.
1335 1300 1434 1380 _Sic
1449 1301 1589 1356 enim
1609 1299 1718 1367 fiet,
1742 1309 1800 1354 ut
1819 1309 1873 1354 et
1893 1315 1985 1369 pra

429 1410 526 1453 vas
543 1394 897 1468 cogitationes
922 1409 1145 1466 Operum
1174 1393 1612 1463 occupationibus
1634 1407 1696 1448 ex
1727 1401 1907 1448 mente
1932 1390 2018 1448 fa-

427 1489 530 1544 cile
551 1486 908 1558 depellamus,
934 1495 990 1542 et
1009 1486 1193 1556 egenis
1217 1485 1456 1542 subsidio
1485 1485 1683 1552 simus,
1709 1491 1766 1540 et
1791 1483 2018 1538 aliorum

421 1575 604 1648 januis
639 1576 848 1631 molesti
885 1591 990 1632 non
1029 1575 1232 1642 simus,
1259 1583 1314 1630 et
1336 1574 1536 1629 Christi
1562 1575 1730 1645 legem
1755 1573 2016 1643 adimple-

428 1682 616 1735 amus,
663 1668 753 1738 qui
795 1666 935 1722 dixit
981 1685 995 1722 :
1038 1665 1247 1721 Bantius
1289 1675 1364 1721 est
1396 1666 1558 1734 dare,
1603 1682 1753 1735 quam
1793 1665 2020 1734 accipere

429 1756 566 1828 (Aet.
609 1757 700 1814 20.
750 1758 880 1829 55).
925 1757 1209 1828 Propterea
1255 1773 1484 1828 namque
1525 1758 1680 1813 nobis
1719 1757 1857 1814 data:
1894 1766 2020 1812 sunt

429 1865 620 1908 manus
643 1890 659 1916 ,
681 1859 740 1905 ut
769 1863 867 1904 nos
895 1848 1038 1918 ipsos
1059 1848 1339 1919 juvemus,
1369 1857 1424 1904 et
1448 1849 1514 1904 iis
1541 1849 1630 1919 qui
1656 1863 1882 1917 corpore
1902 1864 2021 1904 mu-

429 1942 558 2000 tilati
584 1951 741 2008 sunt,
786 1958 853 1998 ex
887 1941 1044 1998 rebus
1077 1942 1309 2008 nostris,
1349 1956 1470 2012 quae
1513 1941 1814 1998 necessaria
1854 1950 2016 2006 sunt,

427 2034 608 2090 omnia
660 2048 758 2104 pro
797 2043 979 2088 nostra
1023 2033 1270 2088 facultate
1308 2033 1706 2103 suppeditemus
1741 2049 1755 2085 :
1795 2033 1940 2102 quod
1972 2033 2019 2088 si

318 2186 344 2211 ο
427 2127 549 2196 quis
586 2125 639 2182 in
681 2125 792 2180 otio
827 2135 1166 2198 perseveret,
1204 2125 1276 2181 sit
1303 2125 1427 2180 licet
1449 2139 1642 2191 sanus,
1669 2124 1737 2180 iis
1763 2125 1851 2196 qui
1883 2125 2018 2180 febri

427 2218 708 2285 laborant,
739 2227 824 2275 est
854 2217 1102 2273 miserior
1128 2236 1142 2272 :
1171 2218 1431 2288 siquidem
1464 2217 1542 2274 illi
1561 2227 1778 2288 propter
1803 2217 2020 2289 aegritu-

427 2308 608 2364 dinem
645 2307 885 2379 corporis
904 2308 1112 2364 veniam
1149 2318 1454 2374 merentur,
1494 2318 1548 2364 et
1575 2308 1728 2365 facile
1747 2308 1836 2378 qui
1858 2309 2020 2364 mise-

427 2409 607 2457 reatur
632 2401 870 2472 ipsorum
897 2401 1202 2456 invenient:
1229 2401 1282 2455 hi
1304 2416 1430 2456 vero
1449 2401 1538 2470 qui
1563 2401 1756 2456 bonam
1778 2401 2019 2469 corporis

426 2492 790 2550 habitudinem
819 2493 1017 2563 probro
1040 2491 1306 2559 alliciunt,
1331 2493 1524 2548 merito
1542 2492 1610 2548 ab
1629 2492 1875 2547 omnibus
1893 2491 2020 2546 odio

427 2582 720 2650 habentur,
755 2595 810 2637 ut
839 2583 926 2655 qui
960 2591 1016 2638 et
1043 2583 1138 2637 Dei
1163 2583 1306 2654 leges
1333 2582 1563 2647 violent,
1591 2591 1647 2641 et
1668 2597 1909 2638 mensam
1936 2581 2016 2636 in-

429 2677 703 2729 lirmorum
749 2673 976 2742 lzedant,
1017 2680 1072 2729 et
1106 2687 1258 2728 suam
1301 2674 1530 2728 animum
1557 2672 1877 2728 deteriorem
1903 2670 2015 2726 eili-

432 2768 596 2820 ciant.
644 2765 829 2838 Neque
869 2766 1010 2822 enim
1051 2766 1154 2822 hoc
1190 2767 1363 2822 solum
1399 2775 1480 2821 est
1518 2765 1677 2833 mali,
1717 2764 1858 2834 quod
1898 2779 2018 2819 cum

1204 265 1262 322 S.
1300 263 1576 324 JOANNIS
1613 261 2089 321 CHRYSOSTOMI
2129 263 2449 322 ARCHIEP.
2487 269 3022 326 ωωϊΑΝΤΙΝΟΡ.

3619 277 3720 334 196

2125 391 2225 432 suo
2268 379 2368 432 sibi
2421 379 2602 434 labore
2641 381 2836 438 victum
2875 395 3116 452 quaerere
3155 381 3445 454 deberent,
3491 386 3720 442 aliorum

2125 467 2330 523 aedibus
2369 469 2477 524 sint
2518 469 2836 540 importuni,
2874 472 2965 526 sed
2990 472 3131 543 quod
3158 473 3260 543 ipsi
3285 475 3536 534 omnibus
3585 493 3722 546 γελιν

2127 575 2216 615 res
2244 570 2490 616 evadant.
2520 562 2661 618 Nihil
2689 564 2830 619 enim
2860 575 2972 631 est,
3008 566 3134 622 nihil
3159 566 3315 636 plane
3343 570 3397 623 in
3428 570 3587 628 rebus
3623 572 3694 624 liu

2125 651 2296 704 manis
2317 691 2335 718 ,
2360 652 2500 721 quod
2528 667 2631 708 non
2661 654 2772 706 otio
2803 655 3072 724 perdatur.
3101 656 3233 712 Nam
3262 669 3318 712 et
3341 675 3477 730 aqua
3503 663 3547 717 si
3574 671 3682 719 stet

2125 743 2518 812 corrumpitur;
2561 743 2606 797 si
2641 758 2771 798 vero
2802 757 3015 812 currat,
3051 762 3171 802 cuin
3233 749 3428 820 ubique
3455 766 3714 823 vagetur.

2125 849 2276 890 suam
2299 837 2547 891 virtutem
2573 845 2854 893 conservat
2883 858 2892 890 :
2918 849 2972 892 et
3001 839 3200 894 ferrum
3227 829 3441 912 quidem
3462 844 3509 900 si
3531 845 3585 900 in
3605 848 3718 901 otio

2125 937 2371 998 maneat,
2396 928 2609 988 mollius
2632 944 2698 985 ac
2721 930 2955 987 deterius
2985 931 3071 996 fit,
3102 941 3157 988 et
3180 933 3421 1004 rubigine
3436 939 3716 993 consumi-

2127 1029 2248 1086 tur;
2288 1020 2430 1090 quod
2473 1031 2652 1076 autem
2695 1020 2763 1076 ad
2801 1022 3010 1091 opilicia
3041 1023 3392 1092 transfertur,
3424 1028 3593 1084 multo
3617 1032 3721 1083 uti-

2126 1111 2228 1166 lius
2271 1111 2330 1165 fit
2348 1152 2364 1178 ,
2394 1121 2448 1169 et
2475 1113 2769 1183 elegantius
2789 1155 2806 1180 ,
2837 1113 3107 1185 nihiloque
3135 1117 3312 1172 minus
3334 1133 3495 1187 quam
3522 1134 3721 1190 argen-

2121 1211 2237 1278 tum
2262 1203 2486 1274 quodvis
2511 1203 2744 1276 effulget.
2777 1209 2855 1262 Ac
2882 1214 3080 1262 terram
3106 1209 3320 1278 quidem
3349 1213 3576 1266 otiosam
3601 1229 3717 1268 eer-

2123 1294 2300 1348 nimus
2330 1294 2459 1349 nihil
2483 1293 2811 1352 fructuosum
2839 1297 3134 1368 producere
3157 1338 3174 1366 ,
3201 1301 3293 1358 sed
3319 1302 3452 1356 mala
3473 1305 3717 1374 gramina

2124 1395 2179 1442 et
2217 1387 2432 1457 spinas,
2476 1396 2534 1444 et
2573 1388 2793 1446 tribulos
2815 1431 2832 1457 ,
2863 1401 2918 1448 et
2944 1390 3280 1462 infrugiferas
3303 1395 3564 1450 arbores:
3596 1412 3716 1452 eam

2126 1497 2254 1536 vero
2278 1497 2398 1552 quae
2435 1482 2603 1540 multo
2633 1482 2814 1544 labore
2837 1485 3031 1544 colitur
3052 1527 3067 1549 .
3089 1487 3274 1546 sativis
3291 1487 3531 1558 frugibus
3549 1489 3693 1545 abun
3708 1518 3720 1532 ο

2124 1575 2273 1632 dare.
2314 1574 2545 1646 Singula:
2585 1575 2816 1647 denique
2847 1592 2964 1644 res,
3003 1588 3060 1638 ut
3088 1594 3195 1635 uno
3225 1579 3388 1636 verbo
3406 1580 3578 1636 dicam
3603 1623 3620 1646 ,
3646 1582 3717 1637 ab

2123 1668 2234 1722 otio
2269 1676 2714 1737 corrumpuntur,
2742 1683 2772 1723 a
2801 1669 3014 1738 propria
3043 1685 3170 1726 vero
3195 1672 3503 1740 operatione
3529 1673 3709 1729 utilio-

2125 1777 2211 1816 res
2251 1760 2569 1816 redduntur.
2619 1760 2745 1819 Haec
2781 1761 2942 1831 igitur
2981 1762 3162 1818 omnia
3208 1779 3332 1821 eum
3367 1765 3633 1833 sciamus,
3661 1775 3716 1822 et

2123 1861 2380 1922 quantum
2403 1851 2471 1906 ab
2497 1854 2609 1908 otio
2633 1852 3027 1912 incommodum
3053 1851 3330 1922 alferatur,
3359 1867 3614 1926 quantum
3642 1859 3711 1912 ab

2123 1959 2288 2015 Opere
2329 1946 2534 2001 lucrum
2576 1945 2888 2015 invehatur,
2925 1946 3052 2001 illud
3087 1945 3383 2021 fugiamus,
3414 1949 3515 2004 hoc
3543 1959 3715 2006 secte-

2124 2052 2246 2091 mur
2265 2080 2279 2103 ,
2313 2045 2369 2091 ιιι
2395 2047 2448 2093 et
2476 2037 2638 2092 vitam
2668 2046 2986 2107 praisentetn
3011 2036 3238 2094 honeste
3262 2038 3601 2094 traducamus
3617 2079 3639 2108 ,
3660 2051 3715 2097 et

2122 2129 2306 2199 egenis
2332 2127 2400 2183 de
2425 2128 2626 2186 nostris
2654 2127 2994 2184 facultatibus
3019 2128 3260 2188 subsidio
3286 2129 3452 2186 simus
3471 2172 3489 2198 ,
3517 2141 3574 2188 et
3593 2135 3712 2188 aui-

2123 2234 2266 2276 mam
2304 2228 2542 2278 nostram
2585 2219 2861 2275 meliorem
2889 2219 3176 2281 reddentes
3192 2230 3392 2278 tetcrua
3421 2222 3557 2278 bona
3581 2241 3712 2281 con-

2121 2326 2444 2382 sequamur:
2472 2327 2592 2382 qu:e
2621 2325 2718 2366 nos
2743 2325 2933 2367 omnes
2963 2311 3163 2368 utinam
3184 2314 3395 2383 assequi
3421 2317 3714 2386 contingat,

2121 2406 2288 2478 gratia
2315 2413 2370 2462 et
2399 2403 2724 2475 benignitate
2755 2404 2963 2460 Domini
2995 2405 3163 2460 nostri
3187 2405 3315 2462 Jesu
3332 2405 3565 2475 Christi,
3588 2423 3712 2464 cum

2122 2511 2229 2566 quo
2262 2495 2438 2563 Patri,
2473 2494 2735 2565 simnlque
2777 2493 2995 2566 Spiritui
3037 2504 3227 2556 sancto
3266 2496 3433 2567 gloria
3455 2539 3472 2565 ,
3513 2506 3570 2553 et
3615 2499 3715 2553 im-

2123 2589 2329 2658 perium
2356 2628 2372 2655 ,
2413 2602 2556 2643 nunc
2590 2597 2648 2647 et
2692 2600 2907 2658 semper
2944 2595 2998 2642 et
3042 2585 3098 2642 in
3143 2587 3340 2643 saecula
3381 2588 3717 2646 saeculorum.

2121 2681 2316 2736 Amen.

3383 2895 3706 2912 —_-——

1596 2989 1701 3064 IN
1752 2990 2119 3062 LOCUM
2178 2987 2528 3074 PAULI,

427 3163 748 3210 suurn:
823 3165 1194 3211 rmscrnuu
1239 3163 1318 3206 nr
1361 3162 1642 3216 aeuum
1689 3143 1714 3224 (
1739 3144 1917 3205 Rom.
1965 3142 2064 3204 16.
2107 3142 2220 3223 3),
2267 3160 2347 3202 ετ
2388 3160 2472 3204 ne
2537 3159 2840 3205 COLENDIS
2883 3161 2992 3204 ost
3035 3159 3521 3221 SACIRDOTIBUS,
3565 3164 3716 3210 san-

1906 3261 1998 3308 ato
2037 3244 2078 3303 2
2109 3243 2222 3324 (a).

1826 3400 2234 3440 στπητππυ

501 3534 552 3588 1.
578 3529 881 3588 Sollicitudo
915 3526 1064 3584 Pauli
1093 3535 1303 3597 quanta.
1344 3524 1588 3580 Priscilla
1614 3531 1664 3577 et
1695 3520 1877 3593 Aquila
1903 3534 2016 3590 pra:

427 3623 661 3678 ouantibus
687 3621 837 3674 beati.
867 3647 939 3664 -—-
958 3617 1146 3674 Nonne
1170 3616 1312 3672 docti
1338 3616 1488 3680 estis,
1519 3613 1652 3669 nihil
1682 3614 1735 3668 in
1760 3613 1928 3668 sacris
1950 3611 2018 3666 li-

428 3714 558 3771 teris
585 3712 723 3770 inter
743 3724 1137 3782 supervacanea
1161 3706 1464 3763 habendum
1494 3704 1518 3758 ?
1545 3703 1731 3760 Nonne
1754 3701 2016 3758 didicistis

425 3816 484 3866 et
511 3805 902 3875 inscriptiones,
929 3812 985 3859 et
1003 3801 1241 3867 nomina,
1264 3813 1544 3869 merasque
1568 3795 1915 3855 salutationes
1934 3794 2017 3850 di-

427 3899 656 3970 ligeutcr
679 3897 732 3951 in
759 3895 1051 3966 Scripturis
1075 3888 1431 3950 excutienda!
1457 3888 1568 3960 Ego
1590 3902 1723 3948 sane
1749 3885 2016 3941 studiosos

429 3990 662 4044 arbitror
689 4002 758 4043 ne
784 3987 985 4041 laturos
1005 3985 1253 4055 quidem;
1285 3992 1343 4038 ut
1368 3982 1649 4037 verbulum
1701 3976 1914 4050 aliquod
1962 3975 2016 4032 in

429 4080 598 4136 sacris
620 4079 796 4135 Libris
817 4085 1178 4145 contemptum
1207 4081 1574 4144 praetereatur,
1589 4071 1797 4127 etiamsi
1813 4078 2017 4124 tantum

433 4170 648 4226 nomina
674 4175 1078 4229 recenseautur,
1102 4165 1184 4219 vel
1213 4173 1420 4232 tempus
1449 4169 1777 4223 numeretur,
1807 4159 1890 4215 vel
1922 4174 2020 4214 nu-

431 4262 500 4317 da
525 4261 594 4315 sit
620 4256 973 4329 quorumdam
999 4254 1268 4309 salutatio.
1315 4255 1562 4308 Attamen
1608 4260 1667 4306 ut
1703 4250 1875 4305 adhuc
1903 4265 2024 4304 cens

435 4353 540 4406 tior
567 4351 682 4404 haec
711 4347 936 4404 monitio
960 4348 1050 4401 iiat
1081 4361 1249 4418 :age,
1276 4344 1434 4400 hodie
1462 4343 1526 4399 ad
1547 4358 1610 4399 ea
1633 4359 1753 4414 qua
1779 4357 1950 4412 nuper
1969 4342 2020 4396 iu

427 4442 752 4500 Salutatioue
795 4439 1052 4495 Priscillae
1080 4447 1135 4492 et
1157 4436 1365 4506 Aquila:
1394 4435 1575 4490 relicta
1605 4444 1730 4490 sunt
1749 4473 1763 4498 ,
1801 4432 2023 4487 acceda-

435 4549 556 4594 mus
583 4533 831 4591 :tamctsi
859 4547 968 4588 non
996 4545 1184 4602 parum
1211 4530 1366 4585 nobis
1401 4529 1659 4599 profuerit
1686 4527 1814 4583 illud
1847 4542 2024 4598 prom-

432 4628 624 4690 mium.
671 4625 859 4681 Docuit
893 4625 1036 4684 enim
1081 4638 1212 4688 om,
1241 4631 1498 4692 quantum
1529 4621 1727 4675 bonum
1758 4621 1828 4674 sit
1853 4634 1987 4688 opus
2006 4659 2020 4683 ,

432 4725 770 4789 «quantum
806 4716 1043 4782 malum,
1081 4715 1282 4779 otium,
1325 4721 1381 4770 et
1420 4712 1594 4783 qualis
1635 4711 1813 4766 anima
1840 4709 2022 4778 Pauli,

431 4825 593 4883 quam
619 4809 765 4879 vigil,
789 4823 950 4878 quam
978 4807 1227 4872 sollicita,
1248 4820 1368 4876 qtae
1393 4820 1499 4860 non
1523 4813 1727 4859 tantum
1751 4803 2023 4858 civitatum

430 4913 488 4959 et
537 4901 850 4972 populorum
870 4940 887 4965 ,
932 4907 989 4956 et
1030 4898 1268 4968 gentium
1287 4939 1304 4965 ,
1333 4897 1428 4953 sed
1459 4905 1514 4952 et
1539 4895 1864 4967 singulorum
1893 4894 2025 4950 fide-

433 4994 566 5049 lium
596 5006 844 5062 magnam
871 5005 1055 5048 curam
1102 4998 1314 5061 gereret
1345 5006 1360 5043 :
1387 4988 1727 5058 ostenditque
1755 4987 2023 5056 quomodo

434 5081 770 5152 hospitalitas
813 5095 914 5136 nec
957 5080 1133 5150 inopia
1162 5079 1540 5151 praepediatur,
1565 5089 1621 5135 et
1658 5077 1804 5149 quod
1823 5079 2020 5134 virtute

431 5189 498 5230 ac
527 5174 614 5244 pia
641 5171 915 5234 voluntate
940 5171 1136 5242 ubique
1164 5185 1300 5242 opus
1346 5171 1450 5236 sit,
1498 5185 1608 5226 non
1637 5169 1834 5226 divitiis
1859 5178 1914 5225 et
1940 5169 2020 5224 fa-

431 5263 722 5326 cultatibus
737 5305 753 5330 ,
773 5273 828 5326 et
854 5263 996 5334 quod
1016 5263 1299 5322 clarissimi
1315 5263 1554 5318 omnium
1581 5270 1706 5317 sunt
1723 5263 1812 5333 qui
1837 5261 1928 5318 Dei
1957 5261 2022 5316 ti-

432 5374 636 5415 morem
667 5358 884 5424 habent,
901 5355 1109 5413 etiamsi
1139 5358 1190 5411 in
1211 5365 1504 5412 extremam
1523 5355 1632 5411 sint
1659 5363 2021 5426 paupertatem

433 5449 657 5520 delapsi.
690 5449 842 5512 Unde
867 5447 1108 5508 Priscilla
1128 5455 1186 5505 et
1208 5446 1396 5518 Aquila
1416 5445 1763 5502 tentoriorum
1779 5447 2022 5517 opifices,

437 5553 724 5621 pauperem
755 5549 973 5610 agentes
995 5539 1156 5598 vitam
1176 5577 1192 5603 ,
1224 5552 1334 5608 pra:
1360 5536 1575 5608 regibus
1603 5537 1853 5594 omnibus
1883 5537 2024 5592 beati

498 5729 574 5796 (ι)
596 5730 805 5794 collatus
821 5745 929 5784 cum
953 5734 1175 5786 Vaticano
1198 5747 1294 5787 uno
1317 5741 1500 5786 etcum
1521 5731 1807 5785 coisltuiano
1827 5733 1939 5784 245.

2121 3518 2477 3588 praedicantur
2503 3537 2518 3574 :
2547 3529 2603 3574 et
2629 3534 2752 3575 cum
2795 3521 2884 3576 alii
2910 3521 3254 3594 dignitatibus
3279 3532 3335 3580 et
3361 3527 3599 3596 potentia
3626 3526 3713 3583 in-

2124 3609 2271 3677 ﬂati,
2295 3609 2511 3667 silentio
2539 3619 2955 3681 prastcreautur,
3002 3615 3350 3671 tentoriorum
3398 3617 3492 3672 ille
3537 3619 3713 3689 cpite:

2143 3725 2252 3765 una
2276 3725 2401 3766 cum
2425 3724 2595 3766 uxore
2615 3717 2734 3766 toto
2749 3709 2884 3766 orbe
2898 3709 3263 3765 decantantur
3281 3709 3425 3780 (Act.
3446 3709 3712 3781 18).Quod

2143 3798 2193 3854 si
2234 3808 2388 3854 tanta
2425 3813 2616 3855 eorum
2660 3799 2715 3854 in
2762 3798 3014 3868 praesenti
3047 3798 3155 3853 vita
3193 3806 3279 3854 est
3307 3799 3504 3869 gloria,
3534 3801 3710 3871 cogita

2139 3891 2364 3960 quantis
2385 3889 2480 3944 illo
2493 3889 2581 3944 die
2600 3889 2974 3960 dignabuntur
2997 3890 3450 3946 retributionibus
3471 3898 3526 3945 et
3550 3905 3706 3948 coro-

2137 3983 2244 4049 nis,
2268 3983 2362 4052 qui
2387 3991 2516 4037 ante
2538 3983 2690 4038 illum
2711 3981 2855 4037 diem
2875 3995 2983 4035 non
3003 3995 3224 4052 parvam
3244 3982 3596 4053 voluptatem,
3613 3981 3711 4037 uti-

2136 4073 2368 4139 litatem,
2385 4081 2440 4128 et
2455 4073 2684 4144 gloriam
2699 4074 3272 4144 acceperunt,quibus
3291 4074 3430 4128 tanti
3449 4075 3709 4144 temporis

2137 4163 2479 4220 consuetudo
2493 4178 2619 4218 cum
2635 4163 2806 4218 Paulo
2825 4163 2929 4220 fuit
2973 4166 3020 4234 (t
3037 4162 3183 4219 .Cor.
3201 4165 3402 4236 16.19).
3422 4164 3708 4222 Enimvero

2135 4257 2280 4326 quod
2300 4256 2454 4326 prius
2465 4255 2712 4311 dicebam
2733 4265 2790 4312 et
2811 4272 2958 4311 nunc
2970 4257 3115 4322 dico,
3129 4271 3232 4312 nec
3246 4257 3706 4323 diceredesinam,

2135 4363 2248 4403 non
2270 4348 2447 4403 solum
2470 4348 2743 4414 doctrina,
2763 4357 2818 4404 et
2843 4349 3176 4409 admonitio.
3199 4357 3252 4404 et
3275 4349 3590 4412 consilium,
3612 4347 3706 4404 sed

2131 4449 2189 4495 et
2207 4439 2326 4510 ipse
2349 4445 2669 4499 sanctorum
2695 4446 2972 4510 aspectus,
2995 4448 3158 4509 atque
3192 4439 3424 4494 vestium
3451 4439 3704 4506 amictus,

2129 4536 2190 4588 et
2225 4529 2536 4584 calceorum
2584 4529 2816 4594 modus,
2859 4529 3090 4584 multum
3145 4530 3312 4585 habet
3349 4529 3599 4586 utilitatis
3641 4543 3706 4584 ae

2132 4618 2454 4690 voluptatis.
2499 4617 2708 4675 Etenim
2753 4619 2884 4674 inde
2934 4635 3043 4674 non
3092 4621 3290 4691 exigua
3339 4620 3464 4674 vitae
3505 4629 3705 4675 nostra

2121 4713 2481 4769 commoditas
2508 4713 2716 4770 accedit
2735 4756 2749 4776 ,
2780 4728 2903 4768 cum
2931 4713 3208 4782 discimus,
3243 4725 3511 4786 quatenus
3537 4717 3590 4773 hi
3619 4734 3715 4774 ne-

2126 4805 2374 4862 cessariis
2397 4806 2475 4860 usi
2505 4804 2718 4860 fuerint.
2753 4803 2868 4860 Non
2892 4806 3032 4860 enim
3070 4805 3242 4860 solum
3271 4806 3455 4862 utendi
3497 4808 3714 4864 modum

2127 4914 2236 4953 non
2261 4907 2387 4953 sunt
2417 4897 2758 4968 transgressi,
2785 4898 2880 4954 sed
2899 4898 3185 4970 aliquando
3207 4914 3274 4954 ne
3290 4899 3505 4968 quidem
3533 4916 3707 4958 neces-

2126 4990 2282 5046 sariis
2305 4989 2617 5046 fruebantur
2645 4989 2807 5060 :quin
2833 4999 2890 5048 et
2915 4989 2966 5044 in
2997 4988 3139 5045 fame
3158 5031 3173 5055 ,
3212 4998 3269 5044 et
3295 4990 3348 5045 in
3376 4991 3540 5047 sitiet
3565 4989 3722 5046 nudi-

2129 5091 2238 5136 tate
2262 5081 2458 5138 versati
2488 5091 2631 5136 sunt.
2665 5082 2731 5137 Et
2760 5081 2956 5135 Paulus
2979 5081 3193 5151 quidem
3226 5082 3522 5150 imperabat
3565 5083 3720 5138 disci-

2127 5173 2290 5243 pulis,
2320 5173 2504 5228 dicens
2533 5190 2550 5227 :
2583 5171 2836 5227 Habentes
2864 5183 3032 5226 autem
3061 5173 3300 5226 alimenta
3320 5183 3368 5227 et
3392 5185 3673 5245 tegumenta
3695 5218 3709 5238 ,

2125 5266 2204 5320 his
2227 5266 2446 5320 contenti
2467 5266 2655 5319 erimus
2681 5265 2758 5336 (t.
2781 5263 2916 5318 Tim.
2938 5265 2990 5319 6.
3019 5265 3096 5332 8);
3145 5273 3201 5319 et
3227 5264 3294 5318 de
3338 5266 3516 5335 seipso
3547 5267 3669 5321 dicit
3698 5281 3712 5316 τ

2131 5357 2300 5429 Usque
2318 5359 2372 5413 in
2402 5359 2532 5413 hanc
2574 5361 2754 5413 horam
2800 5371 2848 5412 et
2878 5359 3126 5413 esurimus
3146 5401 3161 5420 ,
3193 5371 3236 5413 et
3262 5359 3490 5422 sitimus,
3519 5369 3570 5415 et
3596 5361 3701 5413 nud

2125 5465 2322 5516 sumus,
2353 5458 2399 5503 et
2438 5450 2665 5520 colaphis
2700 5450 2946 5504 credimur
2983 5447 3063 5520 (Ι.
3109 5449 3229 5505 Cor.
3279 5451 3334 5504 4.
3367 5450 3476 5520 ii).
3531 5451 3717 5520 Operae

2129 5539 2358 5610 pretium
2404 5541 2490 5596 hic
2535 5541 2696 5596 fuerit
2738 5540 2792 5595 in
2835 5541 3070 5598 medium
3095 5542 3295 5611 aliquid
3321 5541 3553 5609 afferre,
3579 5543 3716 5613 quod

2128 5641 2254 5688 ante
2277 5632 2549 5696 dicebam,
2582 5641 2638 5687 et
2687 5632 2739 5686 in
2782 5647 3084 5688 sermonem
3131 5633 3350 5698 incidit.
3377 5635 3446 5691 de
3475 5653 3582 5707 quo
3624 5639 3717 5691 frc-

2131 5743 2301 5798 qucns
2329 5737 2411 5783 est
2439 5727 2684 5798 quaestio.
2731 5726 2792 5782 Et
2832 5725 3085 5794 quidnam
3133 5725 3285 5782 hoc?
3326 5725 3573 5784 Dicebam
3606 5737 3712 5779 mo-
