4060 6252
198 314 295 371 I93

195 438 370 509 ῥήτων
388 434 465 506 τῷ
487 434 607 507 Θεῷ
626 453 640 467 ·
669 437 830 506 ἡμεῖς
850 435 930 500 δὲ,
952 436 1072 490 οὐδὲ
1097 438 1205 490 τῶν
1234 436 1594 508 ὑποδημάτων
1616 436 1768 500 ὄντες

192 530 328 594 ἄξιοι
376 528 489 581 τῶν
544 528 791 591 ἐκείνου,
839 528 1206 600 αἰσχυνόμεθα
1256 529 1501 595 τούτοις,
1555 529 1641 597 ἐφ’
1689 522 1769 591 οἷς

193 623 394 683 ἐκεῖνος
431 618 789 692 ἐνηϐρύνετοο
838 620 932 671 καὶ
978 619 1100 672 καθ’
1142 619 1379 690 ἑκάστην
1416 621 1514 690 μὲν
1554 618 1770 691 ἡμέραν

194 711 671 781 πλημμελοῦντες,
716 711 837 763 οὐδὲ
881 712 1357 783 ἐπιστρεφόμεθα,
1404 712 1524 764 οὐδὲ
1570 711 1770 775 ὄνειδος

195 799 331 856 εἶναι
378 802 708 872 νομίζομεν·
738 801 801 854 τὸ
844 801 899 854 δὲ
936 803 1001 855 ἐκ
1038 803 1264 856 δικαίων
1315 804 1493 856 πόνων
1540 801 1659 873 ζῇν,
1695 801 1771 864 ὡς

195 894 416 965 αἰσχρὸν
455 896 549 948 καὶ
592 894 995 963 καταγέλαστον
1041 894 1335 966 φεύγομεν.
1366 895 1500 948 Τίνα
1528 890 1619 948 οῦν
1652 893 1769 960 ἐξο-

198 1002 294 1056 μεν
322 985 511 1039 ἐλπίδα
539 986 835 1056 σωτηρίας,
864 985 986 1039 εἰπέ
1019 1003 1137 1056 μοις
1171 985 1275 1039 Τὸν
1304 987 1411 1056 γὰρ
1446 986 1772 1055 αἰσχυνόμε-

194 1092 299 1139 νον,
326 1075 601 1148 ἁμαρτίαν
634 1077 984 1147 αἰσχύνεσθαι
1010 1076 1108 1138 δεῖ,
1138 1076 1229 1129 καὶ
1256 1075 1317 1129 τδ
1345 1075 1423 1146 τῷ
1455 1075 1576 1147 Θεῷ
1603 1093 1773 1148 προσο

195 1168 444 1240 κροῦσαι,
474 1170 570 1221 καί⁸
618 1168 681 1222 τὸ
722 1170 947 1241 ποιῆσαί
988 1186 1040 1222 τι
1066 1168 1174 1222 τῶν
1201 1167 1260 1220 οὐ
1298 1168 1547 1233 δεόντων,
1587 1170 1679 1222 ἐπὶ
1713 1168 1771 1221 δὲ

192 1259 410 1329 τέχναις
444 1261 538 1314 καὶ
579 1259 865 1331 ἐργασίαις
894 1260 989 1314 καὶ
1029 1257 1437 1331 ἐναϐρύνεσθαι.
1470 1258 1627 1313 Οὕτω
1666 1261 1772 1332 γὰρ

194 1351 287 1405 καὶ
322 1352 564 1422 πονηρὰν
605 1352 813 1407 ἔννοιαν
844 1353 908 1422 τῇ
952 1351 1049 1420 τῆς
1094 1349 1356 1420 ἐργασίας
1399 1350 1629 1420 ἀσχολίᾳ
1672 1353 1773 1421 τῆς

191 1441 429 1504 διανοίας
463 1440 800 1513 ἐκϐαλοῦμεν
838 1441 1055 1512 ῥᾳδίως,
1092 1441 1188 1494 καὶ
1210 1442 1323 1502 τοῖς
1350 1440 1626 1510 δεομένοις
1652 1442 1772 1493 ἐπι-

194 1534 560 1603 κουρήσομεν,
586 1534 679 1585 καὶ
709 1531 809 1595 τὰς
833 1532 1035 1603 ἐτέρων
1061 1531 1161 1585 οὐκ
1190 1531 1551 1601 ἐνοχλήσομεν
1580 1530 1769 1604 θύρας,

194 1623 290 1676 καὶ
323 1624 417 1677 τὸν
442 1624 606 1695 νόμον
624 1622 721 1675 τοῦ
746 1621 981 1693 Χριστοῦ
1013 1621 1374 1691 πληρώσομεν
1404 1619 1496 1672 τὸν
1519 1619 1767 1673 εἰπόνταο

194 1711 506 1782 Μακάριόν
537 1714 669 1766 ἐστι
700 1711 927 1766 διδόναι
954 1709 1200 1781 μᾶλλον
1234 1710 1273 1779 ἢ
1305 1708 1650 1779 λαμϐάνειν.
1675 1710 1774 1763 Διά

192 1803 304 1875 γάρ
337 1804 498 1858 τοῦτο
527 1807 714 1876 χεῖρας
740 1802 954 1874 ἔχομεν,
982 1803 1067 1856 ῖνα
1100 1802 1312 1866 ἐαυτοῖς
1350 1800 1652 1874 βοηθῶμεν,
1679 1802 1774 1855 καὶ

192 1898 308 1958 τοῖς
350 1894 421 1947 τὰ
478 1891 705 1964 σώματα
752 1892 1173 1965 πεπηρωμένοις
1220 1894 1285 1945 ἐκ
1338 1892 1447 1946 τῶν
1491 1892 1775 1964 ἡμετέρων

193 1984 539 2056 εἰσφέρωμεν
582 1985 652 2038 τὰ
684 1984 825 2038 κατὰ
870 1983 1098 2054 δύναμιν
1125 1983 1371 2037 ἀπαντα’
1426 1983 1503 2046 ώς
1553 1983 1648 2037 ἐάν
1692 2001 1779 2048 τις

192 2071 381 2142 ἀργῶν
408 2070 646 2142 διατελῇ.
676 2072 779 2126 κᾶν
811 2072 1050 2144 ὑγιαίνῃ,
1076 2072 1188 2125 τῶν
1223 2072 1599 2143 πυρεττόντων
1629 2073 1776 2126 ἐστὶν

192 2158 558 2228 ἀθλιώτερος·
594 2162 644 2214 οἰ
685 2161 784 2231 μὲν
817 2162 927 2233 γὰρ
961 2160 1113 2232 παρά
1142 2162 1241 2233 τῆς
1281 2162 1567 2226 ἀσθενείας
1594 2162 1777 2233 ἔχουσι

193 2248 549 2320 συγγνώμην,
594 2251 687 2303 καὶ
718 2250 933 2322 τύχοιεν
963 2252 1030 2305 ἂν
1067 2250 1218 2304 ἐλέου
1240 2268 1252 2281 ·
1295 2243 1441 2304 οὗτοι
1482 2250 1541 2303 δὲ
1584 2268 1777 2307 καται-

193 2341 485 2411 σχύνοντες
509 2342 606 2413 τὴν
630 2343 724 2397 τοῦ
754 2342 1005 2414 σώματος
1027 2343 1263 2409 εὐεξίαν,
1288 2344 1513 2407 εἰκότως
1536 2343 1602 2399 ἂν
1630 2343 1782 2415 παρά

194 2430 417 2484 πάντων
467 2430 772 2501 μισοῦνται,
817 2433 893 2497 ὡς
925 2434 1019 2487 καὶ
1060 2435 1187 2497 τούς
1217 2433 1311 2487 τοῦ
1340 2433 1476 2487 Θεοῦ
1508 2435 1780 2505 παραϐαί-

194 2538 383 2585 νοντες
434 2523 653 2593 νόμους,
702 2526 799 2578 καὶ
845 2528 912 2596 τῇ
969 2526 1216 2597 τραπέζῃ
1251 2524 1359 2579 τῶν
1413 2524 1782 2580 ἀσθενούντων

193 2613 620 2684 λυμαινόμενοι,
662 2617 756 2669 καὶ
788 2615 886 2688 τὴν
919 2615 1100 2686 ψυχὴν
1140 2615 1238 2688 τὴν
1277 2615 1487 2669 ἑαυτῶν
1528 2616 1783 2686 φαυλοτέ-

196 2719 304 2772 ραν
331 2702 638 2769 ποιοῦντες.
666 2705 801 2759 Οὐδὲ
833 2705 942 2777 γάρ
973 2705 1131 2759 τοῦτο
1167 2706 1326 2776 μόνον
1354 2706 1471 2759 ἐστὶ
1500 2707 1560 2759 τὸ
1589 2708 1779 2773 δεινὸν,

195 2792 283 2846 δτι
313 2793 434 2847 δέον
481 2793 693 2849 οἴκοθεν
747 2796 843 2849 καὶ
880 2796 1008 2867 παρ’
1051 2797 1259 2849 ἑαυτῶν
1305 2797 1632 2868 τρέφεσθαι,
1683 2798 1782 2863 τὰς

969 337 1035 391 IN
1072 333 1300 396 ILLUD,
1340 322 1706 384 SALUTA'I‘E
1746 318 2161 375 PRISCILLAM
2202 317 2289 375 ΕΤ
2329 319 2660 389 AQUILAM.
2699 319 2766 377 ll.

3345 319 3445 374 196

1871 436 2071 507 ἐτέρων
2100 436 2407 506 ἐνοχλοῦσιν
2443 437 2640 501 οἰκίας,
2668 438 2782 491 ἀλλ’
2813 438 2895 491 ὅτι
2926 437 3020 492 καὶ
3050 438 3269 495 πάντων
3295 437 3451 492 αὐτοὶ

1870 528 2107 595 γίνονται
2142 528 2376 598 χείρους.
2404 530 2478 582 Οὐ
2509 530 2616 601 γάρ
2653 531 2821 595 ἐστιν,
2868 529 2969 583 οὐκ
3010 528 3125 582 ἔστι
3160 529 3269 581 τῶν
3313 528 3449 581 πάν-

1868 635 1977 670 των
2001 618 2174 683 οὐδὲν,
2200 618 2228 671 ὃ
2260 618 2335 690 μὴ
2360 619 2448 671 διὰ
2472 620 2571 689 τῆς
2595 620 2792 691 ἀργίας
2816 619 3135 674 ἀπόλλυται.
3160 620 3266 672 Καὶ
3298 618 3450 690 [180]

1869 708 1977 781 γὰρ
2021 708 2185 780 ὕδωρ,
2217 708 2277 762 τὸ
2317 709 2416 779 μὲν
2474 710 2702 780 ἑστηκὸς
2758 713 3021 781 σήπεται,
3069 711 3130 763 τὸ
3162 712 3219 763 δὲ
3261 710 3453 781 τρέχον

1872 799 1964 851 καὶ
1999 800 2274 869 πανταχοῦ
2315 798 2666 871 πλανώμενον
2693 802 2792 871 τὴν
2825 802 3026 873 ἀρετὴν
3060 802 3315 868 διασώζει
3351 803 3450 872 τὴν

1872 888 2064 944 ἐαυτοῦ
2087 903 2100 917 ·
2134 890 2228 942 καὶ
2257 889 2495 961 σίδηρος,
2521 891 2551 943 0
2583 891 2679 961 μὲν
2710 893 2765 944 ἐν
2794 892 2965 963 ἀργίᾳ
3010 893 3280 962 κείμενος,
3310 894 3449 945 ἀπα-

1870 978 2104 1050 λώτερός
2132 998 2190 1034 τε
2223 980 2316 1034 καὶ
2354 980 2703 1052 φαυλότερος,
2739 982 2801 1052 ἰῷ
2836 982 3016 1053 πολλῷ
3044 982 3452 1053 δαπανώμενος,

1871 1070 2109 1139 γίνεται·
2143 1072 2172 1123 ὁ
2215 1071 2271 1124 δέ
2302 1072 2360 1123 ἐν
2398 1073 2683 1142 ἐργασίαις
2723 1072 2818 1135 ὢν,
2871 1073 3004 1127 πολύ
3045 1073 3458 1145 χρησιμώτερος

1873 1161 1965 1214 καὶ
1999 1160 2459 1232 εὐπρεπέστερος,
2510 1162 2757 1232 ἀργύρου
2809 1162 3005 1225 παντὸς
3039 1162 3190 1215 οὐδὲν
3240 1162 3459 1217 ἔλαττον

1872 1249 2231 1304 ἀποστίλϐων.
2266 1252 2377 1305 Kal
2404 1252 2508 1321 γῆν
2549 1252 2647 1321 μὲν
2675 1251 2774 1321 τὴν
2807 1251 3088 1324 ἀργοῦσαν
3124 1252 3223 1305 ῐδοι
3267 1270 3352 1314 τις
3389 1252 3458 1306 ἀν

1871 1342 2024 1397 οὐδὲν
2057 1343 2208 1411 ὐγιές
2240 1342 2597 1412 ἐκφέρουσαν,
2629 1343 2763 1395 ἀλλά
2812 1342 3054 1415 πονηρὰς
3103 1343 3332 1413 βοτάνας
3365 1344 3459 1398 καὶ

1873 1434 2113 1496 ἀκάνθας
2150 1435 2245 1487 καὶ
2291 1434 2570 1503 τριϐόλους
2604 1435 2699 1487 καὶ
2745 1434 2971 1506 ἄκαρπα
3017 1434 3229 1506 δένδρα,
3262 1436 3359 1506 τὴν
3400 1436 3458 1488 δέ

1872 1523 2133 1594 ἐργασίας
2165 1524 2562 1589 ἀπολαύουσαν,
2614 1528 2845 1597 καρποῖς
2893 1527 3119 1597 ἡμέροις
3174 1528 3453 1598 κομῶσαν.
3532 1534 3535 1537 “

1874 1617 1985 1670 Kal
2019 1617 2248 1673 ἕκαστον
2280 1617 2338 1671 δέ
2372 1618 2481 1671 τῶν
2529 1617 2719 1685 ὄντων,
2750 1620 2825 1683 ὡς
2859 1620 3034 1673 εἰπεῖν
3086 1619 3305 1685 ἁπλῶς,
3355 1622 3461 1674 ὐπὸ

1879 1708 1979 1778 μὲν
2008 1708 2107 1780 τῆς
2139 1709 2339 1783 ἀργίας
2383 1707 2702 1781 φθείρεται,
2747 1710 2854 1766 ὐπὸ
2884 1711 2941 1765 δὲ
2988 1712 3085 1781 τῆς
3121 1712 3328 1775 οἰκείας
3374 1714 3464 1784 ἐρ·-

1873 1801 2072 1869 γασίας
2129 1800 2544 1872 χρησιμώτερον
2593 1800 2822 1870 γίνεται.
2871 1801 3058 1857 Ταῦτα
3111 1798 3206 1856 οῦν
3265 1803 3464 1867 είδότες

1875 1893 2111 1957 ἃπαντα,
2157 1893 2251 1946 καὶ
2284 1891 2450 1946 πόσον
2498 1891 2595 1962 μὲν
2627 1891 2736 1945 ἀπὸ
2769 1892 2869 1963 τῆς
2912 1893 3112 1966 ἀργίας
3143 1894 3205 1946 τὸ
3234 1892 3464 1964 βλάϐος,

1876 1981 2041 2036 πόσον
2068 1982 2125 2037 δέ
2157 1982 2267 2036 ἀπὸ
2296 1983 2398 2053 τῆς
2429 1982 2697 2053 ἐργασίας
2737 1983 2798 2036 τὸ
2826 1983 3039 2055 κέρδος,
3072 1985 3173 2056 τὴν
3208 1986 3306 2055 μὲν
3338 1985 3468 2053 φεύ-

1880 2088 2090 2142 γωμεν,
2116 2071 2215 2143 τὴν
2241 2072 2300 2125 δὲ
2328 2071 2634 2143 διώκωμεν,
2677 2074 2764 2126 ἵνα
2809 2074 2902 2127 καὶ
2932 2075 3023 2127 τὸν
3065 2074 3306 2145 παρόντα
3354 2074 3471 2144 βίον

1881 2164 2235 2235 εὐσχημόνως
2265 2165 2541 2235 ζήσωμεν,
2572 2165 2665 2217 καὶ
2696 2165 2973 2235 δεομένοις
3001 2166 3066 2219 ἐκ
3097 2166 3204 2219 τῶν
3240 2166 3471 2223 ἐνόντων

1882 2255 2355 2326 ἐπικουρήσωμεν,
2388 2256 2483 2308 καὶ
2518 2255 2619 2326 τὴν
2646 2254 2825 2326 ψυχὴν
2862 2256 2962 2326 τὴν
3009 2257 3217 2312 ἑαυτῶν
3261 2255 3472 2328 ἀμείνω

1884 2345 2392 2408 κατασκευάσαντες
2418 2344 2673 2415 τύχωμεν
2703 2346 2813 2398 τῶν
2848 2346 3081 2400 αἰωνίων
3107 2346 3360 2416 ἀγαθῶνο
3394 2340 3472 2401 ὦν

1880 2437 2091 2506 γένοιτο
2126 2436 2333 2499 πάντας
2386 2438 2536 2507 ἡμᾶς
2583 2438 2880 2508 ἐπιτυχεῖν,
2915 2440 3097 2509 χάριτι
3144 2439 3239 2493 καὶ
3279 2439 3468 2509 φιλαν-

1882 2527 2102 2599 θρωπίᾳ
2137 2524 2231 2581 τοῦ
2265 2528 2471 2599 Κυρίου
2519 2528 2675 2599 ἡμῶν
2712 2529 2887 2600 Ἰησοῦ
2918 2529 3176 2602 Χριστοῦ,
3205 2524 3308 2601 ᾧὴ
3343 2529 3469 2594 δόξα

1884 2620 1981 2674 καὶ
2018 2620 2079 2674 τὸ
2118 2621 2337 2693 κράτος,
2371 2621 2487 2691 ἅμα
2518 2619 2596 2691 τῷ
2639 2621 2814 2692 Harp!
2862 2623 2955 2675 καὶ
2986 2620 3064 2692 τῷ
3113 2622 3251 2693 άγίῳ
3299 2622 3461 2675 Πνεῦ-

1890 2730 2041 2783 ματι,
2070 2711 2165 2765 νῦν
2204 2712 2299 2765 καὶ
2337 2713 2443 2777 ἀεὶ,
2476 2714 2570 2767 καί
2595 2714 2675 2776 είς
2700 2713 2824 2776 τοὺς
2854 2712 3057 2777 αἰῶνας
3084 2712 3194 2765 τῶν
3234 2712 3467 2767 αἰώνων.

1900 2802 2096 2871 Ἀμήν.

1111 3110 1283 3197 ΕΙΣ
1317 3111 1771 3199 ΑΚΥΛΑΝ
1822 3112 2018 3198 ΚΑΙ
2066 3110 2753 3200 ΠΡΙΣΚΙΛΛΛΝ

908 3270 1017 3324 Καὶ
1042 3272 1128 3337 εἰς
1158 3271 1221 3326 τὸ
1254 3270 1340 3341 μὴ
1381 3273 1575 3339 κακῶς
1620 3273 1825 3345 λέγειν
1864 3275 2007 3341 τοὺς
2041 3274 2218 3345 ἱερεῖς
2261 3273 2368 3329 τοῦ
2411 3273 2581 3329 Θεοῦ.
2609 3274 2802 3344 Λόγος
2826 3272 2909 3338 β’.

277 3535 346 3584 α’.
373 3522 525 3597 ’Δρα
552 3523 909 3596 ἐπαιδεύθητε
946 3524 1113 3595 μηδὲν
1147 3522 1287 3581 εἶναι
1328 3528 1573 3599 νομίζειν
1606 3530 1884 3602 πάρεργον

203 3613 317 3667 τῶν
363 3614 422 3665 ἐν
470 3612 538 3679 τῇ
591 3608 714 3678 θείᾳ
764 3608 956 3678 Γραφῇ
997 3608 1299 3678 κειμένων;
1332 3606 1444 3682 ἄρα
1501 3611 1735 3682 ἐμάθετε
1791 3612 1886 3664 καὶ

1985 3526 2087 3595 τῆς
2114 3522 2374 3592 γυναικὸς
2411 3522 2627 3593 ᾅδονται
2670 3520 2943 3591 πανταχοῦ
2991 3520 3092 3589 τῆς
3119 3520 3467 3590 οἰκουμένης.
3527 3521 3587 3574 Εἰ
3614 3522 3670 3574 δὲ

1988 3606 2221 3660 ἐνταῦθα
2251 3604 2517 3674 τοσαύτης
2540 3602 2871 3657 ἀπολαύουσι
2898 3599 3078 3672 δόξης,
3106 3600 3358 3673 ἐννόησον
3378 3602 3502 3654 ὅσον
3527 3604 3669 3657 κατά

200 3692 518 3765 ἐπιγραφὰς
547 3689 642 3744 καὶ
658 3690 896 3760 ὀνόματα
925 3690 1018 3742 καὶ
1043 3689 1202 3759 ψιλὰς
1232 3693 1694 3764 περιεργάζεσθαι
1722 3710 1887 3765 προσ-

204 3780 401 3849 ρήσεις
418 3813 435 3838 ,
460 3775 560 3836 τάς
579 3773 639 3827 ἐν
667 3773 782 3835 τοῖς
809 3771 973 3835 θείοις
994 3772 1212 3840 Λογίοις
1231 3776 1627 3845 γεγραμμένας
1656 3788 1714 3841 II;
1741 3775 1887 3843 Ἐγὼ

207 3859 312 3930 μὲν
346 3859 457 3927 7&9
488 3856 681 3909 οὐδένα
704 3850 859 3926 οἶμαι
881 3853 1070 3907 λοιπὸν
1093 3854 1202 3908 τῶν
1232 3857 1539 3924 φιλοπόνων
1577 3858 1669 3912 τὸν
1701 3858 1889 3925 ἀνεξόο

211 3956 375 4010 μενον
403 3936 782 4008 παραδραμεῖν
832 3954 884 3988 τι
914 3936 1023 3989 τῶν
1066 3938 1125 3988 ἐν
1173 3940 1296 4000 ταῖς
1330 3939 1574 4008 Γραφαῖς
1620 3940 1888 4012 κειμένων

211 4022 475 4093 ῥημάτων
502 4058 519 4083 ,
571 4018 675 4071 κάν
721 4019 1002 4088 ὀνομάτων
1134 4019 1468 4087 κατάλογος,
1522 4021 1627 4075 κᾶν
1682 4022 1889 4093 χρόνων

211 4102 484 4175 ἀριθμὸς,
529 4098 632 4154 κᾶν
676 4098 807 4171 ψιλὴ
860 4100 995 4171 πρός
1043 4117 1198 4163 τινας
1233 4102 1555 4173 πρόσρησις.
1609 4102 1752 4173 Πλὴν
1804 4104 1890 4157 ἵνα

213 4184 601 4255 ἀσφαλεστέρα
626 4181 767 4253 αὕτη
818 4184 850 4252 ἡ
881 4182 1164 4254 διόρθωσις
1194 4182 1443 4253 γένηται.
1496 4186 1629 4256 φέρε
1673 4188 1768 4239 καὶ
1794 4188 1891 4259 τὴο

218 4283 382 4337 μερον
403 4265 473 4319 τά
497 4265 794 4335 λειπόμενα
820 4264 921 4333 τῆς
947 4265 1317 4337 προσηγορίας
1346 4270 1447 4337 τῆς
1472 4268 1608 4338 πρὸς
1635 4269 1892 4340 Πρίσκιλ.

216 4349 314 4406 λιν
373 4350 470 4405 καὶ
518 4349 749 4405 Ἀκύλαν
782 4348 1131 4417 ἐπέλθωμεν·
1189 4348 1365 4402 καίτοι
1398 4365 1462 4417 γε
1510 4351 1570 4402 οὐ
1616 4352 1788 4423 μικρά
1832 4353 1893 4406 τὸ

216 4432 501 4502 προοίμιον
527 4431 697 4501 αὐτῆς
719 4430 866 4500 ἡμᾶς
886 4428 1157 4498 ὠφέλησε.
1187 4430 1298 4483 Kal
1322 4429 1431 4501 7&9
1457 4429 1690 4497 ἐδίδαξεν
1722 4434 1890 4502 ἡμᾶς,

216 4515 383 4568 πόσον
412 4516 438 4554 ι’
475 4515 574 4583 μὲν
602 4512 834 4582 ἀγαθὸν,
866 4512 1046 4582 ἔργον,
1073 4511 1237 4564 πόσον
1266 4510 1323 4563 δέ
1354 4512 1545 4577 κακὸν,
1574 4514 1763 4584 ἀργία,
1802 4515 1896 4568 καὶ

217 4599 298 4663 τίς
325 4600 360 4671 ἡ
392 4597 608 4651 Παύλου
631 4596 777 4668 ψυχὴ
798 4636 813 4661 ,
846 4596 961 4659 πῶς
986 4596 1261 4666 ἄγρυπνος
1296 4596 1388 4649 καὶ
1417 4598 1893 4669 μεμεριμνημένη,

218 4682 276 4732 οὐ
316 4679 458 4734 κατά
487 4680 670 4745 πόλεις
691 4680 787 4732 καὶ
823 4679 1028 4749 δήμους
1052 4677 1146 4731 καὶ
1174 4676 1303 4746 έθνη
1325 4716 1341 4740 ,
1369 4676 1506 4731 ἀλλά
1530 4679 1623 4731 καὶ
1656 4678 1776 4732 καθ’
1802 4679 1897 4734 ἕνα

218 4764 448 4817 ἕκαστον
484 4764 596 4817 τῶν
628 4761 838 4816 πιστῶν
887 4760 1089 4831 πολλὴν
1122 4760 1421 4831 ποιουμένη
1474 4761 1574 4831 τὴν
1617 4760 1891 4833 πρόνοιαν.

222 4842 432 4911 Ἕδειξε
474 4843 591 4908 πῶς
623 4843 777 4898 οὐδὲν
821 4843 901 4904 εἰς
935 4841 1299 4911 φιλοξενίανὴ
1352 4842 1512 4894 πενία
1541 4842 1748 4909 γίνεται
1787 4843 1895 4897 κώ-

216 4923 360 4994 λυμα
384 4964 401 4990 ,
432 4925 528 4980 καὶ
565 4925 648 4978 ὅτι
677 4926 738 4977 οὐ
766 4923 997 4977 πλούτου
1027 4924 1122 4977 καὶ
1150 4922 1448 4994 χρημάτων
1475 4962 1491 4986 ,
1520 4922 1657 4977 ἀλλά
1694 4924 1895 4997 ἀρετῆς

218 5008 497 5077 πανταχοῦ
544 5007 706 5079 χρεία
740 5008 831 5061 καὶ
894 5006 1265 5079 προαιρέσεως
1320 5005 1605 5062 εὐλάϐειαν
1643 5007 1894 5079 ἐχούσης,

218 5092 313 5144 καὶ
354 5092 439 5144 δτι
476 5092 695 5146 πάντων
734 5092 841 5144 εἰσί.
895 5090 1267 5161 λαμπρότεροι
1299 5090 1349 5142 οί
1386 5091 1477 5142 τὸν
1511 5090 1606 5143 τοῦ
1645 5091 1781 5146 Θεοῦ
1812 5097 1909 5163 φό-

218 5175 315 5225 ϐον
344 5174 593 5243 ἔχοντες,
620 5174 723 5227 κάν
754 5176 833 5235 εἰς
881 5173 1070 5226 πενίαν
1104 5172 1338 5245 ἐσχάτην
1368 5173 1753 5243 κατενεχθῶσι.
1791 5178 1905 5251 Τὴν

221 5256 354 5322 γοῦν
382 5256 714 5327 Πρίσκιλλαν
753 5256 847 5308 καὶ
887 5254 1115 5308 Ἀκύλαν
1137 5295 1155 5323 ,
1198 5256 1553 5325 σκηνοποιοὺς
1611 5255 1768 5322 ὄντας
1813 5264 1908 5317 καὶ

222 5344 568 5414 χειροτέχνας
593 5383 607 5407 ,
642 5345 736 5397 καὶ
786 5345 843 5395 ἐν
883 5343 1125 5413 πτωχείᾳ
1179 5340 1388 5407 ζῶντας
1425 5354 1472 5405 ο,
1502 5342 1610 5397 τῶν
1638 5344 1904 5414 βασιλέων

224 5428 444 5479 πάντων
483 5427 684 5496 μᾶλλον
712 5425 1119 5496 ἐμακαρίζομεν
1148 5423 1244 5478 νῦν
1262 5441 1276 5455 ·
1302 5425 1397 5478 καὶ
1418 5426 1468 5477 οί
1502 5424 1603 5495 μὲν
1634 5427 1692 5478 ἐν
1734 5427 1900 5492 ἀξιώ-

224 5524 363 5577 μασι
391 5510 486 5561 καὶ
508 5508 851 5569 δυναστείαις
878 5506 1193 5577 σεσίγηνται
1215 5547 1229 5571 ,
1262 5508 1291 5560 0
1314 5507 1371 5560 δὲ
1404 5508 1726 5577 σκηνοποιὸς
1762 5510 1901 5582 μετά

289 5611 315 5680 _‘
345 5609 502 5680 γρου.
521 5616 575 5659 et
592 5609 799 5680 (Σοὶρίἰῐιἰ
818 5610 1202 5680 ἐγγεγραμμένας.
1229 5608 1359 5660 Edili
1383 5610 1715 5673 γεγραμμένας.

288 5670 319 5712 ι
348 5670 576 5732 Ulerque
601 5671 754 5719 codex
778 5670 1071 5720 ὁπόσονὺίε.

289 5734 312 5764 ⁸
342 5732 501 5786 Valic.
525 5734 573 5783 ἐν
592 5734 728 5794 πενία
752 5734 943 5788 ζῶντας.

1986 3692 2085 3761 τὴν
2123 3689 2339 3760 ἡμέραν
2373 3687 2590 3757 ἐκείνην
2642 3685 3033 3755 ἀξιωθήσονται
3068 3684 3178 3736 τῶν
3216 3683 3536 3737 ἀντιδόσεων
3572 3687 3668 3739 κα)⁸

1986 3773 2095 3825 τῶν
2129 3771 2281 3843 [181]
2311 3771 2590 3839 στεφάνων
2614 3786 2627 3799 ⁸
2662 3770 2757 3822 καὶ
2787 3768 2892 3841 πρὸ
2942 3768 3042 3837 τῆς
3087 3766 3301 3838 ἡμέρας
3330 3766 3386 3819 δὲ
3430 3768 3665 3839 ἐκείνης,

1987 3857 2049 3909 οὐ
2079 3855 2280 3926 μικρὰν
2313 3853 2410 3906 καὶ
2452 3850 2642 3921 ἡδονὴν
2685 3851 2777 3903 καὶ
2799 3849 3069 3917 ὠφέλειαν
3109 3849 3203 3902 καὶ
3232 3846 3389 3912 δόξαν
3416 3850 3670 3916 ἐκαρπώ-

1991 3953 2153 3990 σαντο
2179 3935 2207 3975 ἀ
2258 3934 2388 3998 νῦν,
2427 3932 2624 4003 Παύλῳ
2665 3932 2917 3985 τοσοῦτον
2961 3930 3294 4001 συζήσαντες
3330 3930 3538 4000 χρόνον.
3561 3933 3672 3985 Kal

1989 4019 2097 4090 γὰρ
2124 4059 2140 4084 ,
2170 4019 2307 4088 ὅπερ
2334 4016 2645 4087 ἔμπροσθεν
2680 4014 2887 4083 ἔλεγον,
2923 4013 3082 4066 τοῦτο
3109 4012 3206 4066 καὶ
3250 4012 3345 4065 νῦν
3374 4013 3515 4080 λέγω
3533 4056 3549 4079 ,
3576 4015 3672 4069 καὶ

1988 4103 2162 4171 λέγων
2191 4103 2251 4155 οὐ
2286 4100 2589 4171 παύσομαι,
2618 4100 2699 4152 ὅτι
2721 4098 2821 4168 οὐχ
2862 4100 2896 4169 ἡ
2924 4096 3241 4151 διδασκαλία
3271 4096 3449 4165 μόνον,
3482 4098 3602 4151 οὐδὲ
3633 4100 3668 4168 ἡ

1993 4186 2315 4256 παραίνεσις
2347 4183 2442 4237 καὶ
2488 4181 2802 4253 συμϐουλὴ,
2832 4180 2970 4235 ἀλλά
3016 4182 3109 4235 καὶ
3157 4180 3296 4252 αὕτη
3346 4182 3381 4251 ἡ
3409 4180 3532 4251 ὄψις
3560 4181 3674 4235 τῶν

1990 4272 2162 4339 ἀγίων
2218 4271 2418 4341 πολλὴν
2456 4265 2602 4339 εἶχεν
2635 4269 2827 4338 ἡδονὴν
2856 4267 2948 4320 καὶ
2976 4267 3266 4335 ὠφέλειαν,
3294 4266 3388 4321 καὶ
3427 4266 3588 4330 αὐτὸς
3616 4266 3673 4320 δὲ

1991 4354 2100 4406 τῶν
2137 4354 2371 4425 ἰματίων
2394 4355 2422 4405 ὁ
2452 4350 2736 4420 στολισμὸς
2762 4391 2776 4414 ,
2810 4352 2906 4403 καί⁵
2933 4351 3096 4413 αὐτὸς
3122 4350 3231 4402 τῶν
3260 4349 3623 4420 ὑποδημάτων
3645 4351 3676 4403 0

1993 4437 2213 4508 τρόπος.
2249 4436 2360 4488 Kal
2384 4434 2493 4505 7&9
2519 4432 2770 4485 ἐντεῦθεν
2812 4432 2981 4502 πολλή
3021 4449 3104 4494 τις
3156 4434 3236 4493 εἰς
3287 4432 3378 4483 τὸν
3406 4434 3675 4501 ἡμέτερον

1995 4519 2361 4588 εἰσενήνεκται
2394 4516 2505 4584 βίον
2534 4516 2800 4584 ὠφέλεια,
2844 4515 2905 4566 τὸ
2954 4514 3146 4583 μαθεῖν
3198 4513 3361 4584 μέχρι
3411 4512 3513 4566 ποῦ
3559 4517 3675 4577 τοῖς

1995 4599 2311 4668 ἀναγκαίοις
2366 4597 2625 4669 ἐχρῶντο.
2660 4597 2795 4649 Οὐδὲ
2849 4596 2958 4669 γάρ
3009 4596 3167 4667 μόνον
3220 4596 3280 4649 τὸ
3331 4596 3529 4667 μέτρον
3576 4597 3675 4665 οὐχ

1998 4682 2352 4755 ὑπερέϐαινον
2403 4682 2502 4751 τῆς
2559 4680 2784 4751 χρείας,
2845 4679 2959 4731 ἀλλ’
3013 4678 3159 4731 ἐστιν
3207 4679 3342 4732 ὅπου
3402 4676 3524 4731 οὐτε
3577 4676 3676 4746 τῆς

1999 4768 2186 4838 χρείας
2215 4765 2385 4835 αὐτῆς
2412 4764 2684 4817 ἀπέλαυον
2716 4761 2930 4831 ἀπάσης
2953 4778 2969 4791 ·
3010 4761 3144 4814 ἀλλὰ
3194 4762 3286 4814 καὶ
3320 4763 3378 4813 ἐν
3416 4759 3559 4831 λιμῷ
3586 4760 3677 4813 καί¹

1998 4846 2141 4916 δίψει
2172 4848 2264 4900 καὶ
2289 4845 2587 4917 γυμνότητι
2613 4844 2936 4898 διετέλεσαν.
2977 4844 3085 4896 Kal
3121 4846 3232 4905 τοῖς
3273 4842 3371 4913 μὲν
3409 4842 3677 4912 μαθηταῖς

2002 4930 2304 4985 ἐπιτάττων
2335 4931 2365 4982 0
2417 4930 2629 4993 Παῦλος
2681 4927 2866 4997 ἔλεγεν
2888 4944 2900 4956 ·
2962 4930 3245 4997 Ἔχοντες
3298 4926 3520 4996 τροφὰς
3576 4926 3676 4980 καί

2002 5013 2399 5083 σκεπάσματα
2418 5054 2433 5076 ,
2460 5014 2695 5075 τούτοις
2736 5012 3257 5080 ἀρκεσθησόμεθαο
3292 5010 3422 5081 περὶ
3466 5008 3524 5062 δέ
3552 5009 3680 5061 ἐαυ-

2003 5096 2097 5149 τοῦ
2125 5096 2373 5164 φαίνεται
2402 5094 2575 5162 λέγων
2592 5132 2609 5155 ,
2632 5094 2715 5146 ὄτι
2752 5094 2914 5162 Ἄχρι
2946 5090 3056 5160 τῆς
3085 5093 3215 5161 ἄρτι
3246 5092 3404 5161 ὥρας
3426 5089 3527 5143 καί
3553 5103 3679 5142 πει-

2002 5177 2221 5247 νῶμεν,
2258 5177 2359 5232 καί
2390 5174 2660 5245 διψῶμεν
2680 5215 2695 5237 ,
2725 5174 2824 5229 καί
2850 5176 3303 5245 γυμνητεύομεν
3324 5213 3339 5236 ,
3364 5171 3461 5227 καί
3496 5173 3678 5223 κολα-

2001 5258 2299 5329 φιζόμεθα.
2349 5257 2507 5311 Ἀλλά
2534 5256 2644 5328 7&9
2670 5256 2707 5311 ἃ.
2740 5257 2941 5328 μεταξύ
2974 5255 3181 5323 ελεγον,
3206 5256 3301 5308 καὶ
3337 5251 3475 5323 μετά
3504 5247 3681 5329 ταῦτα

2001 5328 2249 5412 εἰσῆλθεν
2272 5382 2288 5406 ,
2331 5342 2626 5410 ἀναγκαῖον
2680 5341 2758 5402 εἰς
2813 5339 2976 5410 μέσον
3030 5336 3357 5408 παραθεῖναι
3395 5344 3420 5372 ο
3474 5328 3679 5401 πολλὴν

2002 5420 2194 5491 έχοντα
2221 5421 2319 5494 τὴν
2345 5422 2590 5493 ζήτησιν.
2624 5420 2688 5474 Τί
2714 5420 2770 5474 δὲ
2794 5421 2950 5476 τοῦτό
2977 5422 3124 5473 ἐστιν
3149 5437 3165 5487 ;
3198 5418 3443 5485 Ἔλεγον,
3472 5414 3553 5468 ὅτι
3585 5412 3681 5467 καὶ

2071 5540 2233 5602 dpuo
2258 5552 2373 5588 mss.
2399 5539 2745 5602 καρπώσονται
2822 5600 2830 5602 ς
3071 5598 3114 5602 __
3305 5595 3316 5602 .
3367 5594 3380 5602 .
3458 5590 3482 5601 ..

2076 5604 2099 5630 ⁸
2124 5600 2235 5664 Duo
2267 5614 2381 5664 mss.
2415 5593 2666 5664 προθεῖναι.
2718 5600 2869 5664 Paulo
2902 5604 3012 5659 post
3050 5598 3198 5664 iidem
3244 5595 3322 5664 καί
3348 5594 3385 5664 _0
3422 5593 3518 5664 τῶν
3567 5593 3684 5664 ὐπο-

2012 5663 2236 5771 δημειξτων
2267 5655 2569 5725 τρόπος’τῶν
2610 5655 2941 5710 ἀποστολικῶν
2980 5661 3175 5725 παρέχει
3216 5657 3393 5713 πο)λὴν
3433 5655 3545 5716 ἡμῖν
3601 5655 3687 5707 τήν

2011 5740 2111 5789 ωφε
2132 5740 2255 5772 .ειαν.
