4060 6252
430 309 528 370 I97

418 429 449 481 δ
469 424 579 481 τῶν
606 421 978 482 ἀποπολικῶν
1010 422 1240 494 ίματίων
1271 420 1560 491 στολισμδς
1609 418 1841 490 παρέχει
1892 414 2092 486 πολλὴν

420 509 554 579 ἡμῖν
579 509 677 579 τὴν
700 508 993 577 ὠφέλειαν·
1033 505 1235 576 μεταξὺ
1268 504 1324 558 δέ
1360 521 1426 575 με
1461 503 1634 558 ταῦτα
1661 501 1887 570 λέγοντα
1914 499 2094 570 εἰσῆλ-

420 590 514 644 θεν
541 593 569 644 ό
596 589 758 660 νόμος
778 589 871 643 τοῦ
895 587 1155 661 Χριστοῦ,
1185 588 1244 641 δν
1273 586 1466 658 έθηκεν
1493 587 1705 649 αὐτοῖς,
1730 582 1870 637 οὕτω
1897 582 2090 651 λέγων·

420 673 519 741 Μὴ
551 672 860 741 κτήσησθε
885 671 1137 743 χρυσὸν,
1160 671 1318 742 μηδὲ
1354 670 1637 740 ἄργυρον,
1678 667 1836 739 μηδὲ
1862 666 2094 736 χαλκὸν

417 757 508 821 είς
539 755 645 822 τὰς
665 754 849 822 ζώνας
887 757 1074 826 ὑμῶν,
1109 756 1265 826 μηδὲ
1289 753 1664 824 ὑποδήματα,
1683 750 1838 822 μηδὲ
1864 746 2093 818 ῥάϐδον

417 841 506 906 είς
531 839 650 908 τὴν
679 839 825 894 ὀδόν
851 853 911 881 ι’
965 839 1215 910 φαίνεται
1267 839 1325 893 δὲ
1363 837 1568 909 Πέτρος
1619 834 1873 889 σανδάλια
1929 829 2087 900 ἔχων.

421 925 553 978 Ὅτε
581 920 711 992 γοῦν
749 925 777 978 ό
818 923 1048 994 ἄγγελος
1091 922 1420 977 καθεύδοντα
1477 919 1640 974 αὑτὸν
1674 917 1964 982 ἐξύπνισε,
1997 912 2091 966 καὶ

417 1006 658 1077 ἐξήγαγε
686 1006 781 1060 τοῦ
812 1006 1220 1078 δεσμωτηρίου,
1253 1004 1420 1074 φησίν
1439 1015 1453 1031 ⁶
1493 1001 1811 1068 ’Υπόδησαι
1839 997 1910 1051 τὰ
1943 1009 2092 1049 σαν·

403 1088 598 1143 ,δάλιά
619 1103 757 1153 σου,
783 1089 882 1142 καὶ
910 1087 1236 1157 περιϐαλοῦ
1262 1087 1330 1140 τὸ
1359 1085 1594 1156 ἱμάτιόν
1625 1099 1742 1139 σου
1762 1121 1778 1147 ,
1809 1079 1908 1134 καί
1940 1079 2088 1135 ἀκο-

415 1177 621 1231 λούθει
663 1194 784 1246 μοι.
819 1177 930 1231 Καὶ
974 1175 1186 1239 Παῦλος
1231 1173 1289 1227 δὲ
1331 1171 1582 1242 Τιμοθέῳ
1633 1168 1860 1241 γράφων
1895 1164 2044 1235 λέγει
2070 1179 2085 1196 ·

421 1258 537 1314 Τὸν
569 1262 870 1328 φελόνην,
900 1259 974 1312 δν
996 1256 1297 1313 ἀπέλιπον
1321 1255 1391 1309 ἐν
1420 1251 1635 1323 Τρωάδι
1662 1250 1822 1319 παρὰ
1850 1246 2086 1316 Κάρπῳ,

418 1343 561 1411 φέρε
590 1342 911 1411 ἐρχόμενος
930 1382 946 1406 ,
976 1341 1074 1396 καὶ
1112 1340 1186 1396 τὰ
1224 1339 1437 1404 βιϐλία
1461 1377 1476 1400 ,
1505 1335 1776 1405 μάλιστα
1808 1331 1916 1397 τὰς
1942 1346 2089 1399 μεμ-

419 1424 661 1493 ϐράνας.
699 1427 764 1480 Τί
792 1425 1000 1495 λέγεις;
1040 1427 1069 1478 6
1101 1425 1144 1476 Χ
1154 1422 1336 1494 ριστδς
1363 1421 1487 1474 οὐδὲ
1516 1417 1839 1488 ὑποδήματα
1868 1412 2087 1495 ἐκέλευ-

421 1527 513 1564 σεν
558 1509 729 1580 ἐχειν,
758 1493 874 1562 καὶὴ
903 1510 966 1563 σὺ
1000 1493 1228 1576 φελόνην
1269 1503 1413 1574 ἔχεις
1434 1543 1449 1567 ,
1480 1501 1592 1580 και
1607 1500 1795 1570 ἐτερος
1828 1493 2089 1580 σανδάλια

421 1576 619 1657 πάλινς
645 1594 756 1646 Καὶ
796 1592 844 1644 εί
873 1591 971 1661 μὲν
1000 1590 1108 1661 τῶν
1137 1586 1369 1641 εὐτελῶν
1397 1600 1541 1647 τινες
1564 1577 1724 1661 ἦσαν,
1756 1579 1851 1632 καὶ
1889 1576 1996 1630 τῶν
2025 1577 2087 1661 ού

420 1673 652 1728 πάντοτε
703 1671 778 1742 τῷ
798 1657 1110 1742 Διδασκάλῳ
1139 1666 1506 1738 πειθομένων,
1557 1664 1659 1718 οὐκ
1686 1657 1753 1733 ἦν
1783 1659 2088 1742 ζήτημα-τὸ

420 1754 710 1826 λεγόμενον
729 1739 762 1786 ⁸-
782 1754 968 1824 ἐπειδὴ
997 1753 1054 1806 δὲ
1084 1739 1165 1805 ὀἱ
1193 1752 1289 1804 καὶ
1317 1749 1417 1812 τὰς
1441 1745 1619 1817 ψυχὰς
1653 1743 1877 1826 ἑαυτῶν
1910 1739 2086 1826 ἐπιδι-

416 1825 628 1903 δόντες,
675 1838 767 1891 καὶ
817 1836 1102 1907 κορυφαῖοι
1135 1833 1230 1888 καὶ
1278 1831 1485 1904 πρῶτοι
1511 1829 1620 1883 τῶν
1664 1825 1921 1899 μαθητῶν
1950 1825 2088 1878 είσιν

415 1916 584 1988 οὗτοι,
617 1938 711 1974 και
747 1919 924 1975 πάντα
955 1918 1233 1972 ἐπείθοντο
1263 1915 1343 1986 τῷ
1367 1913 1589 1987 Χριστῷ
1609 1951 1624 1976 ,
1655 1914 1683 1966 6
1703 1911 1760 1965 δὲ
1788 1909 2000 1973 Παῦλος
2023 1908 2085 1961 οὐ

421 2005 581 2078 μόνον
600 2005 670 2058 τὰ
697 2004 1092 2074 ἐπιταττόμενα
1113 2001 1306 2067 ἐποίει,
1336 1998 1472 2053 ἀλλά
1503 1997 1596 2051 καὶ
1632 1993 1876 2078 ύπέρῖτά
1890 1992 2088 2078 Δσκάμ-

419 2075 568 2160 ματα
607 2087 854 2159 ἐπεπήδα
882 2087 932 2151 δ,
967 2085 1219 2140 κάκείνου
1261 2081 1570 2146 κελεύοντος
1607 2079 1673 2133 ἐκ
1717 2077 1808 2160 τοῦ
1837 2075 2087 2160 Εὐαγγε-

417 2155 534 2224 λίου
564 2169 684 2242 ζῇν,
707 2155 860 2232 οὗτος
881 2169 945 2222 ἐκ
974 2166 1081 2221 τῶν
1108 2165 1303 2238 χειρῶν
1332 2161 1498 2221 αὑτοῦ
1539 2162 1637 2231 ἐζη
1659 2203 1674 2227 ,
1707 2158 1868 2212 πλέον
1893 2174 1946 2211 τι
1977 2155 2086 2242 τῶν

417 2240 858 2325 ἐπιτεταγμένων
893 2252 1155 2323 ποιήσας,
1200 2249 1350 2316 ἀξιον
1393 2246 1562 2310 δντως
1619 2243 1855 2315 ζητῆσαι
1875 2281 1892 2304 ,
1941 2240 2087 2305 τίνος

416 2339 627 2404 ἕνεκεν,
656 2337 833 2393 πάντα
861 2335 1010 2407 αὐτῷ
1040 2333 1372 2405 πειθόμενοι,
1402 2328 1638 2386 ἐνταῦθα
1667 2327 1883 2382 δοκοῦσι
1907 2343 2086 2396 παρα-

417 2419 624 2474 ϐαίνειν
675 2416 839 2473 αὑτοῦ
895 2418 987 2471 τὸν
1039 2416 1222 2487 νόμον.
1275 2413 1416 2468 Ἀλλ’
1457 2414 1518 2466 οὐ
1579 2409 2005 2482 παραϐαίνουσιν
2033 2417 2081 2462 ο.

416 2502 550 2556 Οὐδὲ
572 2501 681 2573 γάρ
711 2503 790 2564 είς
822 2499 980 2553 τοῦτο
1009 2501 1279 2570 χρήσιμος
1311 2499 1446 2570 ἡμῖν
1486 2488 1638 2557 οὗτος
1665 2493 1818 2546 ἐσται
1859 2491 2019 2563 μόνον
2055 2491 2086 2544 ό

415 2583 602 2651 λόγος,
635 2585 714 2646 είς
741 2585 840 2654 τὴν
884 2583 1024 2653 ὑπὲρ
1053 2581 1161 2634 τῶν
1190 2579 1361 2649 ἁγίων
1400 2577 1622 2633 ἐκείνων
1650 2577 1874 2647 ζήτησιν
1897 2615 1914 2639 ,
1947 2573 2085 2628 ἀλλὰ

417 2668 512 2721 καὶ⁸
565 2668 644 2730 είς
677 2665 740 2719 τὸ
785 2666 853 2719 τά
895 2665 1002 2717 τῶν
1038 2664 1305 2734 Ἐλλήνων
1339 2661 1614 2733 ἐμφράξαι
1665 2659 1927 2730 στόματα.
1974 2657 2083 2712 Καὶ

415 2751 526 2823 γάρ
592 2750 778 2804 πολλοὶ
835 2748 1020 2821 χηρῶν
1087 2747 1262 2811 οίκίας
1322 2745 1720 2817 ἀνατρέποντες
1745 2783 1760 2808 ,
1816 2742 2086 2814 ὀρφανοὺς

414 2834 749 2906 γυμνοῦντες
769 2875 783 2899 ,
822 2833 894 2886 τὰ
942 2832 1157 2886 πάντων
1190 2828 1636 2901 περιϐαλλόμενοι
1657 2869 1672 2893 ,
1705 2824 1886 2879 λύκων
1933 2823 2084 2877 οὐδὲν

413 2905 635 2990 ἄμεινον
668 2917 1000 2987 διακείμενοι
1027 2954 1042 2979 ,
1076 2916 1139 2968 ἐκ
1172 2913 1280 2967 τῶν
1322 2911 1614 2983 ἀλλοτρίων
1642 2909 1842 2974 ζῶντες
1884 2905 2081 2990 πόνων,

413 2988 649 3072 ὁρῶντες
676 3000 937 3063 πολλάκις
976 2997 1126 3062 τινὰς
1151 2996 1260 3050 τῶν
1294 2994 1501 3049 πιστῶν
1536 2993 1602 3047 δι’
1639 2990 1950 3064 ἀρρωστίαν
1980 2988 2084 3042 σώ-

421 3102 588 3156 ματος
620 3084 837 3138 πλείονα
890 3080 1385 3153 περιϐεϐλημένους
1420 3078 1610 3148 ἱμάτια
1636 3117 1651 3141 ,
1689 3073 1841 3147 [182]
1870 3073 1959 3127 τὸν
2000 3073 2084 3126 νό-

417 3187 519 3240 μον
543 3168 746 3231 εύθέως
773 3169 905 3237 ἡμῖν
930 3167 1020 3219 τοῦ
1047 3161 1282 3235 Χριστοῦ
1328 3161 1751 3232 προϐάλλονται,
1790 3159 1884 3212 καὶ⁸
1910 3157 2082 3212 ταῦτα

410 3256 629 3325 λέγουσι
670 3255 738 3308 τὰ
763 3257 983 3325 ῥήματα
1003 3269 1016 3280 ·
1050 3254 1164 3305 οὐκ
1212 3249 1494 3303 ἐκέλευσεν
1533 3249 1662 3319 ὑμῖν
1688 3248 1716 3299 ό
1745 3246 1976 3319 Χριστὸς
2005 3245 2080 3318 μὴ

410 3345 559 3414 ἔχειν
605 3342 700 3396 δύο
731 3341 963 3412 χιτῶνας
988 3382 1002 3404 ,
1045 3339 1180 3410 μηδέ
1215 3339 1574 3407 ὑποδήματα;
1625 3336 1742 3398 πῶς
1786 3330 1878 3388 οὖν
1924 3336 2082 3403 ὑμεῖς

412 3429 780 3502 παραϐαίνετε
806 3427 898 3481 τὸν
934 3428 1096 3497 νόμον
1120 3428 1210 3480 τὸν
1239 3426 1368 3496 περὶ
1391 3424 1594 3478 τούτων
1623 3424 1871 3492 κείμενον
1899 3437 1913 3484 ;
1946 3414 2081 3473 Εἶτα

408 3517 628 3588 δαψιλὲς
661 3517 988 3586 γελάσαντες
1010 3515 1103 3568 καὶ
1123 3513 1604 3584 ἀνακαγχάσαντες
1621 3551 1637 3576 ,
1665 3511 1758 3563 καὶ
1790 3506 2080 3578 καταισχύ-

409 3625 601 3672 ναντες
649 3607 740 3658 τὸν
777 3604 1036 3674 ἀδελφὸν,
1076 3601 1450 3674 ἀποπηδῶσιν.
1495 3599 1589 3653 ”Ιν’
1641 3593 1735 3652 οὖν
1790 3597 1864 3668 μὴ
1907 3595 2079 3674 ταῦτα

407 3695 665 3765 γένηται,
698 3693 828 3763 φέρε
866 3692 960 3745 καὶ
991 3693 1090 3762 τὴν
1131 3690 1354 3743 ἐκείνων
1384 3685 1766 3759 ἀναισχυντίαν
1795 3685 2078 3754 ἐπιστομί-

411 3801 613 3854 σωμεν.
655 3781 810 3852 Ἐξῆν
841 3782 939 3852 μὲν
963 3776 1057 3834 οὖν
1092 3779 1250 3832 τοῦτο
1285 3778 1419 3848 πρὸς
1453 3778 1651 3840 αὐτοὺς
1687 3777 1846 3848 μόνον
1897 3775 2076 3828 είπόνο

406 3889 506 3936 τας
546 3871 945 3941 ἀπαλλαγῆναι.
977 3870 1131 3922 Ποῖον
1172 3869 1228 3921 δέ
1258 3867 1448 3932 τοῦτο;
1481 3867 1603 3919 Ὅτι
1643 3869 1691 3919 εί
1723 3865 1822 3937 μὲν
1860 3865 2096 3931 ἀξιόπι-·

408 3960 533 4014 στόν
571 3976 690 4012 τινα
741 3958 981 4027 νομίζεις
1032 3952 1167 4009 εἶναι
1194 3956 1284 4008 τὸν
1323 3953 1581 4025 Χριστὸν,
1633 3952 1857 4017 είκότως
1903 3951 2076 4006 ταῦτα

407 4045 685 4117 προϐάλλῃ
705 4087 718 4108 ,
752 4047 847 4098 καὶ
878 4044 1058 4114 ζητεῖς
1092 4042 1227 4111 πρὸς
1265 4043 1441 4111 ἡμᾶς’
1476 4042 1524 4092 εί
1546 4041 1601 4094 δὲ
1630 4041 1879 4103 ἀπιστεῖς
1903 4041 2072 4112 αὐτῷ,

403 4136 548 4198 τίνος
570 4134 756 4186 ἐνεκεν
791 4130 1072 4203 προϐάλλῃ
1099 4130 1197 4191 τὰς
1237 4126 1597 4198 νομοθεσίαςς
1650 4127 1790 4180 Ἀλλ’
1813 4130 1942 4181 ὅταν
1975 4129 2075 4197 μὲν

404 4221 563 4292 ἡμῶν
603 4221 925 4289 κατηγορεῖν
970 4217 1159 4289 ἐθέλῃς
1182 4258 1195 4281 ,
1224 4215 1538 4281 ἀξιόπιστος
1563 4215 1862 4287 νομοθέτης
1892 4218 1921 4268 ὁ
1943 4216 2073 4286 Χρι-

406 4308 529 4372 στὸς
563 4303 698 4360 εἷναί
727 4322 810 4358 σοι
840 4305 1014 4358 δοκεῖ’
1051 4306 1180 4358 ὅταν
1215 4305 1270 4358 δὲ
1306 4304 1466 4358 αὐτὸν
1495 4307 1816 4374 προσκυνεῖν
1856 4305 1948 4376 δέῃ
1980 4306 2074 4360 καὶ

403 4393 724 4466 θαυμάζειν,
746 4393 918 4457 οὐδεὶς
941 4393 1123 4446 οὐκέτι
1155 4410 1234 4447 σοι
1260 4392 1417 4462 λόγος
1445 4392 1536 4446 τοῦ
1566 4393 1746 4447 κοινοῦ
1771 4395 1868 4465 τῆς
1895 4397 2074 4448 οἰκου-

407 4481 576 4552 μένης
603 4480 896 4534 Δεσπότου.

471 4570 536 4639 β’.
554 4569 699 4642 Πλὴν
715 4569 828 4623 ἀλλ’
853 4570 938 4622 ῖνα
960 4567 1034 4641 μὴ
1053 4569 1120 4623 δι’
1140 4569 1374 4641 ἀπορίαν
1398 4569 1693 4638 ἀπολογίας
1714 4570 1870 4624 τοῦτο
1890 4571 2069 4640 λέγειν

401 4658 548 4727 ἡμᾶς
572 4656 882 4728 νομίζωσιν,
922 4658 1010 4710 ἐπ’
1039 4657 1212 4729 αὐτὴν
1243 4657 1413 4729 ίωμεν
1444 4657 1632 4711 λοιπὸν
1659 4658 1768 4711 τῶν
1798 4659 2066 4731 ζητουμέ-

398 4761 506 4797 νων
546 4743 649 4814 τὴν
696 4744 866 4800 λύσιν.
896 4744 992 4809 Τίς
1028 4741 1122 4800 οὖν
1173 4747 1207 4817 ἠ
1251 4745 1405 4808 λύσις
1447 4745 1630 4813 ἔσται;
1675 4745 1800 4800 Ἐὰν
1849 4746 2066 4818 ἴδωμεν,

398 4830 528 4897 τίσι,
555 4831 651 4885 καὶ
680 4832 809 4887 πότε
827 4874 843 4900 ,
881 4833 974 4887 καὶ⁵
1004 4833 1094 4889 διὰ
1123 4833 1177 4887 τί
1204 4833 1377 4890 ταῦτα
1408 4835 1703 4890 ἐπέταττεν
1752 4840 1781 4891 6
1809 4837 2064 4909 Χριστός.

396 4919 475 4974 οὐ
504 4919 613 4992 γὰρ
637 4919 824 4985 ἁπλῶς
862 4921 1003 4976 αὐτὰ
1042 4921 1164 4976 καθ’
1197 4923 1366 4977 ἐαυτά
1404 4923 1474 4977 τὰ
1500 4922 1770 4996 λεγόμενα
1795 4925 2068 4994 ἐξετάζειν

395 5007 504 5078 χρὴ
529 5047 546 5070 ,
576 5007 712 5062 ἀλλὰ
745 5009 839 5062 καὶ
870 5008 1181 5081 πρόσωπον,
1211 5013 1308 5066 καὶ
1331 5013 1554 5084 καιρὸν,
1585 5015 1680 5068 καὶ
1715 5015 1894 5070 αἰτίαν
1919 5058 1934 5080 ,
1973 5017 2068 5070 καὶ

398 5095 576 5148 πάντα
601 5095 774 5150 ταῦτα
803 5099 940 5168 μετὰ
969 5099 1256 5171 ἀκριϐείας
1278 5101 1358 5154 δεῖ
1384 5102 1724 5173 ἐρευνᾶσθαι.
1746 5107 2067 5177 Εὑρήσομεν

396 5182 508 5255 γὰρ
558 5183 803 5256 ἀκριϐῶς
856 5187 1217 5254 σκοποῦντες,
1263 5191 1346 5243 ὃτι
1391 5192 1453 5244 οὐ
1500 5195 1634 5246 πᾶσι
1676 5193 1848 5249 ταῦτα
1877 5197 2067 5248 ἐπετέ-

396 5285 565 5324 τακτο
581 5312 600 5338 ,
625 5270 765 5326 ἀλλά
789 5275 900 5338 τοῖς
923 5275 1242 5340 ἀποστόλοις
1279 5277 1462 5347 μόνοις
1489 5318 1504 5343 ,
1539 5281 1632 5333 καὶ
1662 5281 1891 5346 ἐκείνοις
1915 5283 1972 5337 δὲ
2001 5285 2061 5337 ού

397 5357 560 5429 μέχρι
589 5359 827 5427 παντὸς,
871 5362 1007 5418 ἀλλά
1063 5363 1224 5436 μέχρι
1255 5365 1400 5430 τινὸς
1445 5367 1803 5440 διωρισμένου
1843 5373 2059 5443 καιροῦ.

460 5501 628 5576 fros!
671 5506 784 5576 666v
819 5505 990 5576 Mgrel.
1039 5508 1214 5572 αἴρετε,
1253 5524 1364 5573 qua:
1401 5527 1492 5564 vox
1534 5516 1679 5570 deest
1725 5520 1774 5570 in
1810 5519 1966 5573 Valic.
2009 5531 2063 5574 ει

389 5558 615 5628 Cojsl‘i_n.,
637 5571 689 5628 ει
709 5569 958 5628 superﬂua
980 5558 1104 5620 erat:

455 5622 485 5687 Ι)
511 5622 623 5687 ηδε.
651 5622 935 5687 ἐπεπῆδησε.

456 5686 481 5716 θ
505 5684 619 5739 I83.
641 5684 800 5750 νὸμσνλ
826 5684 880 5740 ού
901 5695 988 5757 γὰρ
1013 5696 1068 5751 δὴ
1085 5698 1469 5760 παραϐαίνουσιν.

1229 316 1288 374 s.
1325 303 1608 373 JOANNIS
1641 312 2129 372 CHRYSOS'I‘OMI
2171 313 2492 372 ARCHIEP.
2535 316 3080 376 CONSTANTINOP.
3773 323 3862 379 ms

2199 418 2368 501 Πόθεν
2392 421 2548 477 τοῦτο
2571 425 2727 496 δῆλον
2752 443 2766 492 ;
2803 427 2892 492 Ἐξ
2917 427 3096 483 αὐτῶν
3119 437 3226 482 τῶν
3267 431 3570 501 εἰρημένων
3593 447 3609 463 ·
3637 433 3863 500 καλέσας

2195 497 2301 570 γὰρ
2334 503 2459 564 τοὺς
2507 503 2712 558 δώδεκα
2771 505 3056 577 μαθητὰς,
3110 503 3262 562 εἶπεν
3306 497 3491 572 αὐτοῖς
3517 524 3530 537 ⁸
3565 514 3667 576 El;-
3726 497 3865 566 ὁδὸν

2192 581 2384 636 ἐθνῶν
2401 584 2488 653 μὴ
2517 587 2814 656 ἀπέλθητε
2834 631 2847 651 ,
2880 590 2981 644 καί
3013 593 3100 658 είς
3137 591 3323 645 πόλιν
3363 591 3741 662 Σαμαρειτῶν
3783 594 3865 662 μὴ

2191 668 2502 740 εἰσέλθητε
2521 689 2535 702 ·
2566 677 2893 742 πορεύεσθε
2937 676 3006 730 δὲ
3035 676 3278 747 μᾶλλον
3304 680 3455 746 πρὸς
3502 679 3574 732 τὰ
3607 682 3866 746 πρόϐατα

2193 748 2264 803 τὰ
2291 748 2648 808 ἀπολωλότα
2701 756 2872 810 οἴκου
2935 756 3202 826 Ἰσραήλ·
3252 759 3670 824 ἀσθενοῦντας
3703 763 3867 826 θερα-

2191 835 2437 899 πεύετε,
2476 841 2741 908 λεπροὺς
2783 842 3093 909 καθαίρετε
3119 881 3133 904 ,
3179 840 3457 909 δαιμόνια
3506 840 3862 895 uadum-

2189 915 2420 985 δωρεὰν
2449 919 2693 975 ἐλάϐετε
2713 937 2725 952 °
2753 922 2979 991 δωρεὰν
3021 919 3158 977 δότε
3178 939 3192 953 ο
3237 921 3324 992 μὴ
3375 921 3689 992 κτήσησθε
3734 942 3870 993 γρυ-

2190 999 2340 1068 σὸν,
2377 1002 2532 1072 μηδὲ
2571 1003 2868 1076 ἄργυρον,
2902 1004 3064 1075 μηδὲ
3099 1005 3336 1076 χαλκὸν
3395 1008 3483 1073 εἰς
3533 1007 3642 1072 τὰς
3690 1003 3868 1072 (ὧι-ας

2188 1081 2375 1151 ὑμῶν.
2409 1086 2546 1157 Ὅρα
2565 1087 2895 1142 Διδασκάλου
2923 1088 3138 1158 σοφίαν,
3174 1088 3290 1152 πῶς
3322 1088 3524 1158 κοῦφον
3555 1089 3784 1158 ἐποίησε
3813 1088 3869 1140 τὸ

2188 1163 2488 1237 ἐπίταγμα.
2524 1170 2795 1243 Πρότερον
2838 1171 2948 1242 γὰρ
2984 1169 3186 1237 είπὼν,
3232 1170 3662 1236 Ἁσθενοῦντας
3712 1173 3870 1237 θερα-

2188 1251 2419 1317 πεύετε,
2450 1255 2715 1323 λεπροὺς
2735 1258 3067 1326 καθαίρετε,
3098 1257 3377 1328 δαιμόνια
3400 1256 3755 1314 ἐκϐάλλετε,
3785 1258 3869 1309 καὶ

2187 1335 2288 1404 τὴν
2313 1334 2442 1406 παρ’
2474 1335 2639 1390 αὐτοῦ
2672 1338 2834 1410 χάριν
2878 1341 3076 1413 δαψιλῆ
3114 1341 3240 1406 δοὺς
3282 1341 3465 1403 αὐτοῖς
3493 1379 3507 1401 ,
3542 1339 3667 1393 τότε
3702 1337 3868 1392 ταῦτα

2189 1418 2418 1483 ἐπέταξε
2437 1459 2452 1484 ,
2482 1422 2548 1491 τῇ
2583 1421 2690 1474 τῶν
2722 1422 2964 1493 σημείων
2997 1423 3288 1496 περιουσία
3315 1423 3502 1494 ῥᾳδίαν
3537 1423 3632 1475 καὶ
3659 1421 3868 1491 κούφην

2188 1501 2358 1555 ποιῶν
2383 1501 2479 1572 τὴν
2507 1503 2697 1557 πενίαν
2717 1504 2950 1576 ἐκείνην.
2984 1507 3097 1560 Οὐκ
3123 1505 3371 1559 ἐντεῦθεν
3402 1504 3459 1558 δέ
3495 1506 3654 1574 μόνον
3691 1503 3866 1572 δῆλον,

2187 1582 2268 1636 ὄτι
2297 1583 2478 1648 αὐτοῖς
2524 1586 2708 1654 μόνοις
2740 1586 2914 1640 ταῦτα
2947 1588 3280 1642 ἐπετέτακτο
3303 1629 3316 1652 ,
3357 1585 3492 1640 ἀλλὰ
3520 1585 3616 1639 καὶ
3644 1585 3712 1650 ἐξ
3760 1587 3867 1638 ἐτέ-

2191 1681 2299 1736 ρων
2330 1667 2559 1723 πολλῶν.
2593 1670 2702 1724 Καὶ
2731 1670 2841 1741 γὰρ
2875 1670 2974 1735 τὰς
3001 1671 3308 1743 παρθένους
3339 1670 3552 1734 ἐκείνας
3582 1670 3677 1724 διὰ
3715 1669 3866 1724 τοῦτο

2187 1749 2468 1818 ἐκόλασεν,
2492 1751 2680 1824 ἐπειδὴ
2708 1751 2888 1807 ἔλαιον
2917 1755 3019 1808 οὐκ
3047 1750 3193 1825 εἶχον
3217 1757 3274 1808 ἐν
3304 1757 3424 1817 ταῖς
3455 1753 3745 1823 λαμπάσιν
3771 1754 3863 1806 a6-

2186 1832 2295 1886 τῶν
2319 1849 2333 1864 ·
2367 1835 2462 1887 καὶ
2487 1834 2694 1906 ἐτέροις
2717 1836 2960 1904 ἐγκαλεῖ,
2984 1839 3067 1892 ὄτι
3094 1837 3366 1892 πεινῶντα
3390 1836 3552 1891 αὐτὸν
3584 1831 3754 1898 εἶδον,
3780 1838 3864 1890 καὶ

2185 1916 2287 1971 οὐκ
2315 1915 2549 1989 ἔθρεψαν
2572 1957 2588 1983 ,
2634 1919 2872 1990 διψῶντα
2897 1963 2911 1986 ,
2948 1923 3044 1976 καὶ
3093 1923 3196 1976 οὐκ
3228 1921 3509 1977 ἐπότισαν.
3551 1921 3657 1973 Τδν
3692 1920 3862 1992 τοίνυν

2185 2001 2288 2055 οὐκ
2336 2001 2530 2073 ἔχοντα
2565 2001 2799 2072 χαλκὸν,
2845 2004 2966 2059 οὐδὲ
2997 2006 3323 2078 ὑποδήματα
3345 2045 3358 2070 ,
3395 2005 3508 2058 ἀλλ’
3539 2004 3598 2057 ἐν
3652 2003 3863 2073 ἱμάτιον

2189 2086 2350 2157 μόνον
2375 2127 2390 2152 ,
2419 2086 2537 2150 πῶς
2573 2086 2796 2142 δυνατὸν
2823 2085 2892 2161 ἦν
2935 2089 3120 2161 ἕτερον
3165 2088 3473 2160 διαθρέψαι,
3505 2088 3620 2149 πῶς
3656 2085 3862 2156 γυμνὸν

2186 2169 2533 2241 περιϐαλεῖν,
2575 2168 2690 2234 πῶς
2739 2171 2969 2241 ἄστεγον
3025 2173 3106 2237 είς
3146 2172 3244 2244 τὴν
3277 2173 3453 2226 οίκίαν
3504 2172 3861 2239 είσαγαγεῖν;

2186 2252 2368 2324 Χωρὶς
2392 2251 2451 2306 δέ
2482 2251 2706 2315 τούτων,
2738 2255 2833 2308 καὶ
2865 2254 3132 2327 ἑτέρωθεν
3164 2255 3296 2310 αὐτὸ
3333 2253 3491 2307 τοῦτο
3521 2251 3688 2323 δῆλον
3720 2251 3862 2305 ἔσται

2185 2335 2280 2388 καὶ
2310 2335 2640 2405 καταφανές.
2668 2337 3067 2408 Προσελθόντος
3114 2337 3224 2408 γάρ
3249 2353 3392 2400 τινος
3447 2337 3542 2390 καὶ
3593 2335 3862 2398 εἰπόντος,

2185 2416 2538 2484 Διδάσκαλε,
2562 2419 2620 2472 τί
2644 2419 2908 2486 ποιήσας
2935 2419 3091 2489 ζωὴν
3113 2419 3358 2475 αίώνιον
3385 2417 3864 2487 κληρονομήσως

2184 2501 2368 2572 ἐπειδὴ
2400 2501 2468 2555 τὰ
2492 2501 2589 2556 τοῦ
2622 2503 2788 2572 νόμου
2825 2502 3110 2570 κατέλεξεν
3144 2503 3383 2565 ἃπαντα,
3427 2503 3456 2556 6
3482 2501 3538 2554 δὲ
3570 2516 3867 2571 περιεργα-

2185 2583 2408 2652 ζόμενος
2431 2624 2446 2648 ,
2477 2585 2629 2654 ἔλεγε
2653 2601 2668 2616 ο
2705 2585 2896 2640 Ταῦτα
2941 2585 3141 2640 πάντα
3183 2583 3584 2654 ἐφυλαξάμην
3618 2583 3696 2637 ἐκ
3740 2581 3866 2635 νεό-

2184 2667 2361 2733 τητός
2387 2685 2506 2736 μου
2533 2685 2546 2698 ·
2594 2668 2648 2722 τί
2700 2668 2788 2723 ἔτι
2811 2685 2916 2737 μοι
2963 2667 3243 2737 ὑστερεῖς
3275 2667 3424 2737 λέγει
3471 2666 3609 2739 πρὸς
3657 2665 3861 2720 αὐτόν·

2185 2751 2253 2802 El
2295 2749 2492 2817 θέλεις
2528 2751 2757 2818 τέλειος
2803 2749 2957 2807 εἶναι
2981 2793 2996 2819 ,
3029 2752 3224 2822 ὕπατε
3244 2791 3258 2816 ,
3291 2749 3586 2819 πώλησόν
3635 2766 3760 2803 σου
3799 2749 3867 2802 τὰ

2182 2830 2533 2902 ὑπάρχοντα
2559 2835 2657 2889 καὶ
2685 2834 2792 2902 δὸς
2833 2834 3094 2903 πτωχοῖς
3116 2873 3131 2898 ,
3167 2833 3266 2889 καί
3294 2832 3472 2902 δεῦρο
3496 2875 3511 2899 ,
3539 2833 3866 2888 ἀκολούθει

2177 2932 2300 2985 μοι.
2339 2916 2532 2970 Καίτοι
2583 2919 2630 2971 εί
2680 2918 2843 2989 νόμος
2880 2919 2975 2972 καὶ
3013 2917 3166 2991 [185]
3199 2917 3533 2990 πρόσταγμα
3569 2912 3638 2988 ἦν
3665 2955 3681 2977 ,
3711 2915 3865 2970 τοῦτο

2183 2997 2397 3067 πρῶτον
2429 2998 2663 3071 ἐξαρχῆς
2705 3001 2880 3054 εἰπεῖν
2907 3001 3012 3054 ἔδει
3038 3041 3054 3066 ,
3094 3001 3191 3055 καὶ
3239 2999 3622 3071 νομοθετῆσαι,
3655 2998 3756 3052 καὶ
3807 3000 3864 3050 ἐν

2183 3080 2606 3152 προστάγματος
2637 3081 2787 3150 τάξει
2818 3083 2990 3138 θεῖναι
3013 3123 3027 3148 ,
3061 3083 3197 3138 ἀλλά
3235 3083 3309 3154 μὴ
3352 3084 3411 3136 ἐν
3453 3081 3740 3152 συμϐουλῇ
3771 3080 3862 3134 καὶ

2179 3161 2502 3232 παραινέσει
2560 3164 2692 3217 αὐτὸ
2738 3165 3156 3236 εἰσηγήσασθαι.
3193 3166 3360 3220 Ὅταν
3399 3163 3496 3236 μὲν
3531 3163 3644 3233 γὰρ
3689 3161 3858 3235 λέγῃ.

2181 3243 2280 3313 Μὴ
2327 3245 2640 3314 κτήσησθε
2684 3249 2959 3317 χρυσὸν,
3004 3247 3158 3319 μηδὲ
3209 3246 3505 3318 ἄργυρον,
3549 3245 3861 3299 ἐπιτάττων

2179 3327 2327 3396 λέγει
2349 3345 2362 3359 ·
2394 3330 2522 3383 ὃταν
2548 3329 2603 3383 δὲ
2621 3329 2754 3402 λέγῃ
2775 3372 2790 3396 ,
2821 3335 2888 3386 El
2919 3332 3148 3398 ἐθέλεις
3171 3331 3399 3396 τέλειος
3419 3325 3593 3392 εἶναι,
3624 3327 3862 3396 συμϐου-

2178 3411 2347 3466 λεύων
2377 3415 2470 3467 καὶ
2500 3415 2775 3486 παραινῶν
2805 3415 2970 3484 λέγει.
3002 3415 3115 3469 Οὐκ
3141 3415 3257 3469 ἐστι
3293 3413 3349 3468 δὲ
3381 3413 3579 3466 ταύτὺν
3615 3411 3858 3481 συμϐου-

2178 3495 2353 3551 λεύειν
2387 3499 2482 3552 καὶ
2509 3499 2838 3569 νομοθετεῖν.
2875 3499 2934 3554 '0
2969 3500 3068 3570 μὲν
3099 3498 3208 3570 γάρ
3247 3494 3592 3569 νομοθετῶν,
3627 3497 3697 3547 ἐκ
3731 3511 3856 3547 παν-

2177 3576 2267 3640 τὸς
2290 3579 2491 3650 τρόπου
2530 3579 2779 3650 βούλεται
2806 3581 2868 3634 τὸ
2907 3583 3328 3652 ἐπιταττόμενον
3361 3578 3607 3648 γίνεσθαι
3643 3576 3672 3617 ἀ
3694 3595 3710 3608 ·
3737 3579 3766 3628 ό
3805 3577 3859 3630 δι

2179 3661 2561 3731 συμϐουλεύων
2587 3665 2681 3718 καὶ
2716 3663 2996 3736 παραινῶν
3026 3665 3121 3718 καὶ
3151 3666 3219 3734 τῇ
3250 3662 3446 3733 γνώμῃ
3483 3658 3581 3714 τοῦ
3629 3659 3858 3714 ἀκούονο

2175 3760 2267 3808 τος
2294 3746 2603 3815 ἐπιτρέπων
2625 3747 2725 3818 τὴν
2754 3749 2966 3821 αἵρεσιν
2997 3747 3106 3802 τῶν
3136 3745 3469 3817 λεγομένων,
3491 3744 3686 3814 κύριον
3719 3745 3860 3795 ποιεί

2173 3826 2272 3880 τοῦ
2309 3825 2565 3894 δέξασθαι
2594 3833 2686 3884 καὶ
2726 3831 2801 3902 μὴ
2839 3831 2930 3885 τὸν
2969 3831 3266 3902 ἀκροατήν.
3310 3828 3409 3882 Διά
3455 3825 3520 3897 δὴ
3567 3823 3734 3879 τοῦτο
3763 3825 3856 3894 οὐχ

2174 3910 2362 3974 ἀπλῶς
2392 3907 2547 3966 εἷπεν
2568 3953 2584 3978 ,
2619 3913 2869 3983 Ὕπαγε,
2899 3911 3192 3979 πώλησόν
3215 3926 3334 3965 σου
3365 3908 3438 3964 τὰ
3481 3905 3854 3976 ὑπάρχοντα,

2175 3994 2263 4047 ἵνα
2301 3994 2374 4065 μὴ
2405 3995 2567 4065 νόμον
2601 3991 2739 4050 εἶναι
2785 3996 3014 4067 νομίσῃς
3052 3996 3116 4048 τὸ
3155 3994 3482 4064 λεγόμενον,
3514 3989 3652 4044 ἀλλὰ
3695 3988 3850 4052 πῶς;

2177 4076 2245 4130 El
2272 4078 2500 4145 ἐθέλεις
2536 4078 2766 4146 τέλειος
2793 4075 2947 4133 εἷναι
2964 4117 2979 4143 ,
3019 4078 3214 4148 ὕπαγε
3237 4117 3253 4142 ,
3307 4074 3605 4142 πώλησόν
3636 4085 3757 4126 σου
3783 4069 3851 4122 τὰ

2173 4163 2523 4233 ὑπάρχοντα
2541 4183 2553 4196 ·
2581 4165 2667 4220 ἵνα
2695 4165 2874 4239 μάθῃς
2903 4167 2986 4220 ὅτι
3012 4166 3069 4218 ἐν
3096 4166 3163 4236 τῇ
3186 4161 3381 4236 γνώμῃ
3404 4160 3513 4215 τῶν
3542 4157 3849 4214 ἀκουόντων

2173 4250 2232 4302 τὸ
2262 4254 2494 4321 πρᾶγμα
2523 4253 2719 4306 κεῖται.

2247 4339 2369 4391 Ὀτι
2411 4339 2508 4409 μὲν
2534 4334 2628 4394 οῦν
2673 4342 2787 4404 τοῖς
2838 4339 3159 4403 ἀποστόλοις
3187 4337 3359 4392 ταῦτα
3393 4335 3727 4389 ἐπετέτακτο
3754 4331 3840 4402 μό-

2172 4443 2316 4490 νοις,
2347 4426 2505 4498 δῆλον
2553 4429 2803 4484 ἐντεῦθεν
2829 4446 2842 4460 ·
2883 4429 2998 4484 ἀλλ’
3025 4427 3238 4482 οὐδέπω
3283 4426 3382 4497 τὴν
3428 4424 3584 4478 λύσιν
3613 4423 3844 4492 εὑρήκα-

2174 4531 2291 4584 μεν.
2333 4514 2395 4569 Εἰ
2446 4515 2555 4587 γὰρ
2607 4519 2702 4570 καὶ
2753 4517 2937 4582 αὐτοῖς
2979 4516 3137 4570 τοῦτο
3184 4513 3603 4585 νενομοθέτηται
3638 4511 3841 4582 μόνοις,

2170 4601 2313 4665 τίνος
2344 4603 2528 4657 ἐνεκεν
2562 4603 2912 4673 ἐπιταγέντες
2963 4605 3097 4676 μηδέ
3145 4604 3470 4675 ὑποδήματα
3503 4601 3681 4671 ἔχειν,
3715 4596 3841 4669 μηδὲ

2169 4689 2389 4744 διπλοῦν
2419 4692 2649 4762 ἱμάτιον,
2683 4692 3048 4764 εὑρίσκονται,
3084 4696 3112 4747 6
3142 4693 3242 4763 μὲν
3274 4690 3533 4746 σανδάλια
3570 4685 3839 4757 κεκτημέ-

2169 4793 2291 4842 νος,
2316 4781 2344 4832 ό
2383 4779 2438 4831 δὲ
2482 4780 2574 4834 καὶ
2619 4781 2844 4852 φελόνην
2877 4780 3015 4852 έχων
3040 4797 3054 4846 ;
3083 4782 3148 4834 Τί
3179 4775 3273 4834 οὖν
3322 4779 3389 4833 ἂν
3417 4777 3670 4848 εἴποιμεν
3712 4773 3840 4844 πρὸς

2168 4864 2376 4932 ταῦτα;
2405 4867 2526 4920 ’Ότι
2549 4866 2672 4921 οὔτε
2703 4869 2896 4933 αὐτοὺς
2925 4868 3087 4940 μέχρι
3116 4868 3316 4931 παντὸς
3345 4867 3556 4938 ἀφῆκεν
3583 4863 3690 4918 ὑπὸ
3718 4859 3840 4914 ταύ-

2167 4971 2267 5024 την
2299 4949 2437 5007 εἶναι
2463 4955 2570 5009 τῶν
2605 4957 2785 5027 νόμων
2809 4957 2908 5027 τὴν
2940 4956 3188 5026 ἀνάγκην
3210 4997 3225 5021 ,
3261 4955 3376 5010 ἀλλ’
3409 4953 3504 5007 ἐπὶ
3541 4951 3634 5006 τὸν
3668 4950 3840 5020 σωτή-

2169 5060 2284 5113 ριον
2317 5043 2451 5098 ίέναι
2480 5044 2688 5115 μέλλων
2737 5044 2965 5100 θάνατον
2986 5081 3000 5110 ,
3037 5045 3308 5098 ἀπέλυσεν
3336 5043 3536 5107 αὐτοὺς
3561 5041 3663 5111 τῆς
3687 5055 3839 5110 νομο-

2167 5129 2352 5196 θεσίας
2384 5133 2604 5204 ταύτης.
2637 5133 2807 5187 Πόθεν
2829 5133 2984 5187 τοῦτο
3009 5133 3200 5201 δῆλον;
3239 5133 3358 5185 Ἀπ’
3389 5129 3571 5186 αὐτῶν
3600 5129 3710 5181 τῶν
3747 5124 3841 5179 τοῦ

2168 5221 2419 5292 Σωτῆρος
2450 5220 2728 5292 ῥημάτων.
2773 5221 2991 5293 Ἐπειδὴ
3024 5221 3134 5292 γὰρ
3174 5218 3398 5290 ἔμελλεν
3437 5219 3532 5270 ἐπὶ
3570 5217 3633 5270 τδ
3675 5212 3840 5273 πάθος

2165 5310 2390 5372 ὁδεύειν,
2417 5308 2654 5373 καλέσας
2683 5309 2878 5373 αὐτούς
2924 5327 3088 5380 φησιν
3113 5326 3127 5341 ο
3173 5310 3304 5362 Ὅτε
3329 5306 3663 5362 ἀπέστειλα
3688 5301 3839 5372 ὑμᾶς

2164 5396 2302 5466 ἄτερ
2323 5398 2660 5462 ,βαλαντίου
2698 5398 2797 5452 καὶ
2829 5397 3026 5466 πήρας
3059 5438 3073 5462 ,
3107 5399 3193 5468 μή
3225 5413 3389 5463 τινος
3430 5393 3831 5464 ὑστερήσατεῖ

2168 5489 2231 5540 οι
2253 5485 2320 5538 δὲ
2342 5486 2765 5554 ἀποκριθέντες
2796 5482 2968 5540 εἷπον
2993 5503 3006 5518 ⁸
3044 5487 3324 5552 Οὐδενός.
3365 5485 3429 5538 '0
3452 5482 3522 5538 δὲ
3545 5479 3715 5538 εἶπεν
3731 5481 3840 5538 αὐ·

2164 5573 2281 5642 τοῖς
2300 5589 2318 5603 ⁶
2357 5576 2531 5630 Ἀλλὰ
2552 5575 2667 5630 νῦν
2704 5578 2737 5628 o'
2775 5574 2932 5646 ἔχων
2958 5572 3311 5639 βαλάντιον,
3353 5570 3548 5641 ἀράτω
3567 5612 3582 5638 ,
3610 5571 3705 5628 καὶ
3730 5567 3837 5634 πρὶ-

2122 5725 2125 5727 ·
2229 5712 2254 5753 ἀ
2279 5715 2360 5764 Sic
2380 5729 2494 5766 mss.
2527 5717 2696 5769 Morel.
2725 5729 2841 5767 vero
2866 5717 2943 5765 καὶ
2969 5715 3328 5780 ἐπιταττόμενον
3353 5714 3590 5780 δέχεσθαι.
