  <div class='ocr_page' id='page_1' title='image "/cluster/home/n/w/nwhite01/storage/ocr_20150623/51/mdp.39015052813998/194.png"; bbox 0 0 4060 6252; ppageno 0'>
   <div class='ocr_carea' id='block_1_1' title="bbox 270 358 377 416">
    <p class='ocr_par' dir='ltr' id='par_1_1' title="bbox 270 358 377 416">
     <span class='ocr_line' id='line_1_1' title="bbox 270 358 377 416; baseline -0.037 -1"><span class='ocrx_word' id='word_1_1' title='bbox 270 358 377 416; x_wconf 74' lang='grc' dir='ltr'><strong>ιςη</strong></span> 
     </span>
    </p>
   </div>
   <div class='ocr_carea' id='block_1_2' title="bbox 260 467 1853 539">
    <p class='ocr_par' dir='ltr' id='par_1_2' title="bbox 260 467 1853 539">
     <span class='ocr_line' id='line_1_2' title="bbox 260 467 1853 539; baseline -0.002 -13"><span class='ocrx_word' id='word_1_2' title='bbox 260 472 390 527; x_wconf 83' lang='lat' dir='ltr'><strong>dum</strong></span> <span class='ocrx_word' id='word_1_3' title='bbox 418 468 830 539; x_wconf 84' lang='lat' dir='ltr'><strong>apostolicarum</strong></span> <span class='ocrx_word' id='word_1_4' title='bbox 875 467 1100 521; x_wconf 89' lang='lat' dir='ltr'><strong>vestium</strong></span> <span class='ocrx_word' id='word_1_5' title='bbox 1150 467 1371 522; x_wconf 89' lang='lat' dir='ltr'><strong>multum</strong></span> <span class='ocrx_word' id='word_1_6' title='bbox 1415 468 1570 522; x_wconf 84' lang='lat' dir='ltr'><strong>nobis</strong></span> <span class='ocrx_word' id='word_1_7' title='bbox 1608 467 1853 523; x_wconf 89' lang='lat' dir='ltr'><strong>conferre</strong></span> 
     </span>
    </p>
   </div>
   <div class='ocr_carea' id='block_1_3' title="bbox 262 557 1860 630">
    <p class='ocr_par' dir='ltr' id='par_1_3' title="bbox 262 557 1860 630">
     <span class='ocr_line' id='line_1_3' title="bbox 262 557 1860 630; baseline -0.001 -15"><span class='ocrx_word' id='word_1_8' title='bbox 262 560 507 616; x_wconf 79' lang='lat' dir='ltr'><strong>utﬂtzatis</strong></span> <span class='ocrx_word' id='word_1_9' title='bbox 545 577 558 614; x_wconf 92' lang='lat'><strong>:</strong></span> <span class='ocrx_word' id='word_1_10' title='bbox 590 558 686 615; x_wconf 86' lang='lat' dir='ltr'><strong>sed</strong></span> <span class='ocrx_word' id='word_1_11' title='bbox 710 573 833 613; x_wconf 89' lang='lat' dir='ltr'><strong>cum</strong></span> <span class='ocrx_word' id='word_1_12' title='bbox 866 557 966 612; x_wconf 91' lang='lat' dir='ltr'><strong>hoc</strong></span> <span class='ocrx_word' id='word_1_13' title='bbox 992 558 1143 626; x_wconf 82' lang='lat' dir='ltr'><strong>dico,</strong></span> <span class='ocrx_word' id='word_1_14' title='bbox 1186 558 1369 614; x_wconf 89' lang='lat' dir='ltr'><strong>incidit</strong></span> <span class='ocrx_word' id='word_1_15' title='bbox 1399 560 1527 613; x_wconf 91' lang='lat' dir='ltr'><strong>mihi</strong></span> <span class='ocrx_word' id='word_1_16' title='bbox 1580 560 1659 615; x_wconf 81' lang='lat' dir='ltr'><strong>lex</strong></span> <span class='ocrx_word' id='word_1_17' title='bbox 1700 574 1860 630; x_wconf 87' lang='lat' dir='ltr'><strong>quam</strong></span> 
     </span>
    </p>
   </div>
   <div class='ocr_carea' id='block_1_4' title="bbox 265 649 1864 722">
    <p class='ocr_par' dir='ltr' id='par_1_4' title="bbox 265 649 1864 722">
     <span class='ocr_line' id='line_1_4' title="bbox 265 649 1864 722; baseline -0.001 -15"><span class='ocrx_word' id='word_1_18' title='bbox 265 652 508 708; x_wconf 74' lang='lat' dir='ltr'><strong>Christus</strong></span> <span class='ocrx_word' id='word_1_19' title='bbox 539 651 747 721; x_wconf 91' lang='lat' dir='ltr'><strong>posuit,</strong></span> <span class='ocrx_word' id='word_1_20' title='bbox 774 649 959 704; x_wconf 90' lang='lat' dir='ltr'><strong>dicens</strong></span> <span class='ocrx_word' id='word_1_21' title='bbox 988 668 1001 704; x_wconf 73' lang='grc' dir='ltr'>ε</span> <span class='ocrx_word' id='word_1_22' title='bbox 1046 649 1165 704; x_wconf 89' lang='lat' dir='ltr'><strong>Non</strong></span> <span class='ocrx_word' id='word_1_23' title='bbox 1193 651 1444 720; x_wconf 94' lang='lat' dir='ltr'><strong>possidete</strong></span> <span class='ocrx_word' id='word_1_24' title='bbox 1468 667 1647 705; x_wconf 88' lang='lat' dir='ltr'><strong>aurum</strong></span> <span class='ocrx_word' id='word_1_25' title='bbox 1667 692 1682 713; x_wconf 90' lang='lat'><strong>,</strong></span> <span class='ocrx_word' id='word_1_26' title='bbox 1706 667 1864 722; x_wconf 86' lang='lat' dir='ltr'><strong>neque</strong></span> 
     </span>
    </p>
   </div>
   <div class='ocr_carea' id='block_1_5' title="bbox 262 741 1863 814">
    <p class='ocr_par' dir='ltr' id='par_1_5' title="bbox 262 741 1863 814">
     <span class='ocr_line' id='line_1_5' title="bbox 262 741 1863 814; baseline 0 -17"><span class='ocrx_word' id='word_1_27' title='bbox 262 752 548 814; x_wconf 81' lang='lat' dir='ltr'><strong>argentum,</strong></span> <span class='ocrx_word' id='word_1_28' title='bbox 575 757 731 811; x_wconf 84' lang='lat' dir='ltr'><strong>neque</strong></span> <span class='ocrx_word' id='word_1_29' title='bbox 756 757 827 795; x_wconf 66' lang='lat' dir='ltr'><strong>aes</strong></span> <span class='ocrx_word' id='word_1_30' title='bbox 852 741 903 794; x_wconf 88' lang='lat' dir='ltr'><strong>in</strong></span> <span class='ocrx_word' id='word_1_31' title='bbox 933 741 1074 796; x_wconf 80' lang='lat' dir='ltr'><strong>zonis</strong></span> <span class='ocrx_word' id='word_1_32' title='bbox 1110 745 1302 809; x_wconf 88' lang='lat' dir='ltr'><strong>vestris,</strong></span> <span class='ocrx_word' id='word_1_33' title='bbox 1335 759 1494 812; x_wconf 87' lang='lat' dir='ltr'><strong>neque</strong></span> <span class='ocrx_word' id='word_1_34' title='bbox 1512 743 1707 796; x_wconf 79' lang='lat' dir='ltr'><strong>calceos</strong></span> <span class='ocrx_word' id='word_1_35' title='bbox 1730 783 1744 805; x_wconf 91' lang='lat'><strong>,</strong></span> <span class='ocrx_word' id='word_1_36' title='bbox 1774 759 1863 797; x_wconf 84' lang='lat' dir='ltr'><strong>rte-</strong></span> 
     </span>
    </p>
   </div>
   <div class='ocr_carea' id='block_1_6' title="bbox 263 832 1862 903">
    <p class='ocr_par' dir='ltr' id='par_1_6' title="bbox 263 832 1862 903">
     <span class='ocr_line' id='line_1_6' title="bbox 263 832 1862 903; baseline 0.001 -17"><span class='ocrx_word' id='word_1_37' title='bbox 263 850 358 899; x_wconf 69' lang='lat' dir='ltr'><strong>que</strong></span> <span class='ocrx_word' id='word_1_38' title='bbox 383 833 577 903; x_wconf 86' lang='lat' dir='ltr'><strong>virgam</strong></span> <span class='ocrx_word' id='word_1_39' title='bbox 597 833 650 885; x_wconf 86' lang='lat' dir='ltr'><strong>in</strong></span> <span class='ocrx_word' id='word_1_40' title='bbox 671 833 750 885; x_wconf 91' lang='lat' dir='ltr'><strong>via</strong></span> <span class='ocrx_word' id='word_1_41' title='bbox 776 832 988 900; x_wconf 83' lang='lat' dir='ltr'><strong>(Matth.</strong></span> <span class='ocrx_word' id='word_1_42' title='bbox 1026 833 1111 887; x_wconf 85' lang='grc'><strong>10.</strong></span> <span class='ocrx_word' id='word_1_43' title='bbox 1150 832 1206 888; x_wconf 82' lang='grc'><strong>9.</strong></span> <span class='ocrx_word' id='word_1_44' title='bbox 1235 833 1339 903; x_wconf 89' lang='grc'><strong>10)</strong></span> <span class='ocrx_word' id='word_1_45' title='bbox 1364 851 1376 886; x_wconf 91' lang='lat'><strong>:</strong></span> <span class='ocrx_word' id='word_1_46' title='bbox 1402 834 1737 887; x_wconf 87' lang='lat' dir='ltr'><strong>manifestum</strong></span> <span class='ocrx_word' id='word_1_47' title='bbox 1767 848 1862 887; x_wconf 87' lang='lat' dir='ltr'><strong>au-</strong></span> 
     </span>
    </p>
   </div>
   <div class='ocr_carea' id='block_1_7' title="bbox 265 922 1858 994">
    <p class='ocr_par' dir='ltr' id='par_1_7' title="bbox 265 922 1858 994">
     <span class='ocr_line' id='line_1_7' title="bbox 265 922 1858 994; baseline -0.001 -13"><span class='ocrx_word' id='word_1_48' title='bbox 265 936 370 981; x_wconf 87' lang='lat' dir='ltr'><strong>tem</strong></span> <span class='ocrx_word' id='word_1_49' title='bbox 403 934 486 981; x_wconf 91' lang='lat' dir='ltr'><strong>est</strong></span> <span class='ocrx_word' id='word_1_50' title='bbox 515 925 731 979; x_wconf 90' lang='lat' dir='ltr'><strong>Petrum</strong></span> <span class='ocrx_word' id='word_1_51' title='bbox 758 922 1009 978; x_wconf 88' lang='lat' dir='ltr'><strong>habuisse</strong></span> <span class='ocrx_word' id='word_1_52' title='bbox 1033 924 1290 978; x_wconf 88' lang='lat' dir='ltr'><strong>sandalia.</strong></span> <span class='ocrx_word' id='word_1_53' title='bbox 1317 923 1468 980; x_wconf 89' lang='lat' dir='ltr'><strong>Unde</strong></span> <span class='ocrx_word' id='word_1_54' title='bbox 1492 940 1611 979; x_wconf 88' lang='lat' dir='ltr'><strong>cum</strong></span> <span class='ocrx_word' id='word_1_55' title='bbox 1638 924 1858 994; x_wconf 81' lang='lat' dir='ltr'><strong>angelus</strong></span> 
     </span>
    </p>
   </div>
   <div class='ocr_carea' id='block_1_8' title="bbox 262 1014 1857 1080">
    <p class='ocr_par' dir='ltr' id='par_1_8' title="bbox 262 1014 1857 1080">
     <span class='ocr_line' id='line_1_8' title="bbox 262 1014 1857 1080; baseline -0.001 -9"><span class='ocrx_word' id='word_1_56' title='bbox 262 1032 385 1072; x_wconf 87' lang='lat' dir='ltr'><strong>eum</strong></span> <span class='ocrx_word' id='word_1_57' title='bbox 434 1015 793 1070; x_wconf 85' lang='lat' dir='ltr'><strong>dormientem</strong></span> <span class='ocrx_word' id='word_1_58' title='bbox 843 1015 1141 1079; x_wconf 87' lang='lat' dir='ltr'><strong>excitaret,</strong></span> <span class='ocrx_word' id='word_1_59' title='bbox 1173 1026 1226 1069; x_wconf 91' lang='lat' dir='ltr'><strong>et</strong></span> <span class='ocrx_word' id='word_1_60' title='bbox 1252 1031 1282 1070; x_wconf 91' lang='lat' dir='ltr'><strong>e</strong></span> <span class='ocrx_word' id='word_1_61' title='bbox 1325 1030 1540 1069; x_wconf 80' lang='lat' dir='ltr'><strong>carcere</strong></span> <span class='ocrx_word' id='word_1_62' title='bbox 1569 1014 1857 1080; x_wconf 85' lang='lat' dir='ltr'><strong>educeret,</strong></span> 
     </span>
    </p>
   </div>
   <div class='ocr_carea' id='block_1_9' title="bbox 261 1107 1857 1173">
    <p class='ocr_par' dir='ltr' id='par_1_9' title="bbox 261 1107 1857 1173">
     <span class='ocr_line' id='line_1_9' title="bbox 261 1107 1857 1173; baseline 0 -10"><span class='ocrx_word' id='word_1_63' title='bbox 261 1110 339 1163; x_wconf 84' lang='lat' dir='ltr'><strong>ait</strong></span> <span class='ocrx_word' id='word_1_64' title='bbox 365 1125 380 1161; x_wconf 89' lang='lat'><strong>:</strong></span> <span class='ocrx_word' id='word_1_65' title='bbox 408 1108 590 1163; x_wconf 84' lang='lat' dir='ltr'><strong>Calcea</strong></span> <span class='ocrx_word' id='word_1_66' title='bbox 611 1118 659 1162; x_wconf 84' lang='lat' dir='ltr'><strong>te</strong></span> <span class='ocrx_word' id='word_1_67' title='bbox 685 1107 934 1161; x_wconf 82' lang='lat' dir='ltr'><strong>sandaliis</strong></span> <span class='ocrx_word' id='word_1_68' title='bbox 961 1108 1059 1162; x_wconf 88' lang='lat' dir='ltr'><strong>tuis</strong></span> <span class='ocrx_word' id='word_1_69' title='bbox 1083 1151 1097 1173; x_wconf 93' lang='lat'><strong>,</strong></span> <span class='ocrx_word' id='word_1_70' title='bbox 1122 1118 1169 1162; x_wconf 91' lang='lat' dir='ltr'><strong>et</strong></span> <span class='ocrx_word' id='word_1_71' title='bbox 1194 1108 1456 1162; x_wconf 85' lang='lat' dir='ltr'><strong>circumda</strong></span> <span class='ocrx_word' id='word_1_72' title='bbox 1483 1109 1571 1162; x_wconf 90' lang='lat' dir='ltr'><strong>tibi</strong></span> <span class='ocrx_word' id='word_1_73' title='bbox 1590 1111 1857 1163; x_wconf 84' lang='lat' dir='ltr'><strong>vestimen-</strong></span> 
     </span>
    </p>
   </div>
   <div class='ocr_carea' id='block_1_10' title="bbox 265 1195 1858 1271">
    <p class='ocr_par' dir='ltr' id='par_1_10' title="bbox 265 1195 1858 1271">
     <span class='ocr_line' id='line_1_10' title="bbox 265 1195 1858 1271; baseline 0 -18"><span class='ocrx_word' id='word_1_74' title='bbox 265 1211 371 1253; x_wconf 84' lang='lat' dir='ltr'><strong>tum</strong></span> <span class='ocrx_word' id='word_1_75' title='bbox 400 1208 562 1264; x_wconf 89' lang='lat' dir='ltr'><strong>tuum,</strong></span> <span class='ocrx_word' id='word_1_76' title='bbox 589 1206 635 1251; x_wconf 87' lang='lat' dir='ltr'><strong>et</strong></span> <span class='ocrx_word' id='word_1_77' title='bbox 656 1213 858 1267; x_wconf 83' lang='lat' dir='ltr'><strong>sequere</strong></span> <span class='ocrx_word' id='word_1_78' title='bbox 884 1214 962 1251; x_wconf 89' lang='lat' dir='ltr'><strong>nte</strong></span> <span class='ocrx_word' id='word_1_79' title='bbox 990 1195 1124 1269; x_wconf 80' lang='lat' dir='ltr'><strong>(Act.</strong></span> <span class='ocrx_word' id='word_1_80' title='bbox 1149 1198 1235 1253; x_wconf 91' lang='grc'><strong>12.</strong></span> <span class='ocrx_word' id='word_1_81' title='bbox 1271 1198 1348 1271; x_wconf 86' lang='grc'><strong>8).</strong></span> <span class='ocrx_word' id='word_1_82' title='bbox 1374 1199 1440 1253; x_wconf 89' lang='lat' dir='ltr'><strong>Et</strong></span> <span class='ocrx_word' id='word_1_83' title='bbox 1462 1199 1657 1254; x_wconf 84' lang='lat' dir='ltr'><strong>Paulus</strong></span> <span class='ocrx_word' id='word_1_84' title='bbox 1672 1198 1858 1255; x_wconf 82' lang='lat' dir='ltr'><strong>Timo-</strong></span> 
     </span>
    </p>
   </div>
   <div class='ocr_carea' id='block_1_11' title="bbox 265 1274 1856 1359">
    <p class='ocr_par' dir='ltr' id='par_1_11' title="bbox 265 1274 1856 1359">
     <span class='ocr_line' id='line_1_11' title="bbox 265 1274 1856 1359; baseline -0.002 -14"><span class='ocrx_word' id='word_1_85' title='bbox 265 1290 392 1345; x_wconf 79' lang='lat' dir='ltr'><strong>theo</strong></span> <span class='ocrx_word' id='word_1_86' title='bbox 412 1289 596 1345; x_wconf 87' lang='lat' dir='ltr'><strong>scribit</strong></span> <span class='ocrx_word' id='word_1_87' title='bbox 624 1305 637 1341; x_wconf 90' lang='lat'><strong>:</strong></span> <span class='ocrx_word' id='word_1_88' title='bbox 664 1274 913 1341; x_wconf 83' lang='lat' dir='ltr'><strong>Penulam</strong></span> <span class='ocrx_word' id='word_1_89' title='bbox 934 1304 1085 1359; x_wconf 85' lang='lat' dir='ltr'><strong>quant</strong></span> <span class='ocrx_word' id='word_1_90' title='bbox 1114 1289 1295 1358; x_wconf 79' lang='lat' dir='ltr'><strong>reliqui</strong></span> <span class='ocrx_word' id='word_1_91' title='bbox 1329 1288 1532 1343; x_wconf 86' lang='lat' dir='ltr'><strong>Troade</strong></span> <span class='ocrx_word' id='word_1_92' title='bbox 1558 1289 1697 1357; x_wconf 87' lang='lat' dir='ltr'><strong>apud</strong></span> <span class='ocrx_word' id='word_1_93' title='bbox 1726 1288 1856 1342; x_wconf 85' lang='lat' dir='ltr'><strong>Car-</strong></span> 
     </span>
    </p>
   </div>
   <div class='ocr_carea' id='block_1_12' title="bbox 264 1380 1857 1453">
    <p class='ocr_par' dir='ltr' id='par_1_12' title="bbox 264 1380 1857 1453">
     <span class='ocr_line' id='line_1_12' title="bbox 264 1380 1857 1453; baseline 0 -17"><span class='ocrx_word' id='word_1_94' title='bbox 264 1399 385 1453; x_wconf 76' lang='lat' dir='ltr'><strong>punt</strong></span> <span class='ocrx_word' id='word_1_95' title='bbox 410 1424 425 1447; x_wconf 96' lang='lat'><strong>,</strong></span> <span class='ocrx_word' id='word_1_96' title='bbox 454 1398 566 1434; x_wconf 81' lang='lat' dir='ltr'><strong>cum</strong></span> <span class='ocrx_word' id='word_1_97' title='bbox 592 1382 755 1434; x_wconf 80' lang='lat' dir='ltr'><strong>venies</strong></span> <span class='ocrx_word' id='word_1_98' title='bbox 782 1380 929 1447; x_wconf 75' lang='lat' dir='ltr'><strong>a/I&#39;er,</strong></span> <span class='ocrx_word' id='word_1_99' title='bbox 954 1391 1001 1435; x_wconf 91' lang='lat' dir='ltr'><strong>et</strong></span> <span class='ocrx_word' id='word_1_100' title='bbox 1028 1382 1201 1449; x_wconf 89' lang='lat' dir='ltr'><strong>libros,</strong></span> <span class='ocrx_word' id='word_1_101' title='bbox 1233 1384 1514 1451; x_wconf 60' lang='lat' dir='ltr'><strong>praesertim</strong></span> <span class='ocrx_word' id='word_1_102' title='bbox 1540 1384 1857 1436; x_wconf 82' lang='lat' dir='ltr'><strong>membranas</strong></span> 
     </span>
    </p>
   </div>
   <div class='ocr_carea' id='block_1_13' title="bbox 262 1472 1856 1546">
    <p class='ocr_par' dir='ltr' id='par_1_13' title="bbox 262 1472 1856 1546">
     <span class='ocr_line' id='line_1_13' title="bbox 262 1472 1856 1546; baseline 0.001 -20"><span class='ocrx_word' id='word_1_103' title='bbox 262 1474 342 1546; x_wconf 82' lang='grc'><strong>(2.</strong></span> <span class='ocrx_word' id='word_1_104' title='bbox 370 1472 499 1526; x_wconf 68' lang='lat' dir='ltr'><strong>Tim.</strong></span> <span class='ocrx_word' id='word_1_105' title='bbox 523 1473 575 1528; x_wconf 72' lang='grc' dir='ltr'><strong>ι.</strong></span> <span class='ocrx_word' id='word_1_106' title='bbox 607 1474 716 1543; x_wconf 77' lang='grc'><strong>15).</strong></span> <span class='ocrx_word' id='word_1_107' title='bbox 732 1474 869 1540; x_wconf 85' lang='lat' dir='ltr'><strong>Quid</strong></span> <span class='ocrx_word' id='word_1_108' title='bbox 889 1473 1064 1527; x_wconf 84' lang='lat' dir='ltr'><strong>dicis?</strong></span> <span class='ocrx_word' id='word_1_109' title='bbox 1086 1473 1330 1529; x_wconf 84' lang='lat' dir='ltr'><strong>Christus</strong></span> <span class='ocrx_word' id='word_1_110' title='bbox 1350 1475 1501 1544; x_wconf 83' lang='lat' dir='ltr'><strong>jubet</strong></span> <span class='ocrx_word' id='word_1_111' title='bbox 1526 1490 1629 1528; x_wconf 90' lang='lat' dir='ltr'><strong>non</strong></span> <span class='ocrx_word' id='word_1_112' title='bbox 1658 1474 1856 1529; x_wconf 84' lang='lat' dir='ltr'><strong>habere</strong></span> 
     </span>
    </p>
   </div>
   <div class='ocr_carea' id='block_1_14' title="bbox 262 1563 1856 1632">
    <p class='ocr_par' dir='ltr' id='par_1_14' title="bbox 262 1563 1856 1632">
     <span class='ocr_line' id='line_1_14' title="bbox 262 1563 1856 1632; baseline 0 -14"><span class='ocrx_word' id='word_1_113' title='bbox 262 1566 507 1629; x_wconf 77' lang='lat' dir='ltr'><strong>calceos,</strong></span> <span class='ocrx_word' id='word_1_114' title='bbox 543 1573 596 1617; x_wconf 92' lang='lat' dir='ltr'><strong>tn</strong></span> <span class='ocrx_word' id='word_1_115' title='bbox 623 1573 799 1617; x_wconf 90' lang='lat' dir='ltr'><strong>autem</strong></span> <span class='ocrx_word' id='word_1_116' title='bbox 829 1563 1074 1632; x_wconf 87' lang='lat' dir='ltr'><strong>penttiam</strong></span> <span class='ocrx_word' id='word_1_117' title='bbox 1112 1564 1297 1630; x_wconf 82' lang='lat' dir='ltr'><strong>habes,</strong></span> <span class='ocrx_word' id='word_1_118' title='bbox 1326 1573 1379 1619; x_wconf 88' lang='lat' dir='ltr'><strong>et</strong></span> <span class='ocrx_word' id='word_1_119' title='bbox 1408 1564 1543 1619; x_wconf 90' lang='lat' dir='ltr'><strong>alius</strong></span> <span class='ocrx_word' id='word_1_120' title='bbox 1567 1564 1801 1618; x_wconf 79' lang='lat' dir='ltr'><strong>sandalio</strong></span> <span class='ocrx_word' id='word_1_121' title='bbox 1832 1563 1856 1618; x_wconf 82' lang='lat'><strong>?</strong></span> 
     </span>
    </p>
   </div>
   <div class='ocr_carea' id='block_1_15' title="bbox 262 1653 1857 1725">
    <p class='ocr_par' dir='ltr' id='par_1_15' title="bbox 262 1653 1857 1725">
     <span class='ocr_line' id='line_1_15' title="bbox 262 1653 1857 1725; baseline 0 -16"><span class='ocrx_word' id='word_1_122' title='bbox 262 1655 417 1723; x_wconf 82' lang='lat' dir='ltr'><strong>Quod</strong></span> <span class='ocrx_word' id='word_1_123' title='bbox 464 1655 507 1708; x_wconf 88' lang='lat' dir='ltr'><strong>si</strong></span> <span class='ocrx_word' id='word_1_124' title='bbox 553 1655 606 1708; x_wconf 91' lang='lat' dir='ltr'><strong>hi</strong></span> <span class='ocrx_word' id='word_1_125' title='bbox 635 1663 821 1709; x_wconf 89' lang='lat' dir='ltr'><strong>tenues</strong></span> <span class='ocrx_word' id='word_1_126' title='bbox 868 1653 1077 1724; x_wconf 63' lang='lat' dir='ltr'><strong>quidam</strong></span> <span class='ocrx_word' id='word_1_127' title='bbox 1105 1666 1316 1721; x_wconf 87' lang='lat' dir='ltr'><strong>essent,</strong></span> <span class='ocrx_word' id='word_1_128' title='bbox 1347 1656 1601 1725; x_wconf 83' lang='lat' dir='ltr'><strong>magistro</strong></span> <span class='ocrx_word' id='word_1_129' title='bbox 1626 1670 1730 1709; x_wconf 92' lang='lat' dir='ltr'><strong>non</strong></span> <span class='ocrx_word' id='word_1_130' title='bbox 1762 1668 1857 1724; x_wconf 85' lang='lat' dir='ltr'><strong>per</strong></span> 
     </span>
    </p>
   </div>
   <div class='ocr_carea' id='block_1_16' title="bbox 262 1746 1852 1817">
    <p class='ocr_par' dir='ltr' id='par_1_16' title="bbox 262 1746 1852 1817">
     <span class='ocr_line' id='line_1_16' title="bbox 262 1746 1852 1817; baseline 0.001 -17"><span class='ocrx_word' id='word_1_131' title='bbox 262 1747 444 1800; x_wconf 88' lang='lat' dir='ltr'><strong>omnia</strong></span> <span class='ocrx_word' id='word_1_132' title='bbox 465 1747 917 1815; x_wconf 81' lang='lat' dir='ltr'><strong>obtemperantes,</strong></span> <span class='ocrx_word' id='word_1_133' title='bbox 941 1746 1083 1801; x_wconf 90' lang='lat' dir='ltr'><strong>nulla</strong></span> <span class='ocrx_word' id='word_1_134' title='bbox 1098 1756 1213 1801; x_wconf 90' lang='lat' dir='ltr'><strong>erat</strong></span> <span class='ocrx_word' id='word_1_135' title='bbox 1236 1746 1320 1801; x_wconf 91' lang='lat' dir='ltr'><strong>hic</strong></span> <span class='ocrx_word' id='word_1_136' title='bbox 1336 1746 1577 1802; x_wconf 88' lang='lat' dir='ltr'><strong>facienda</strong></span> <span class='ocrx_word' id='word_1_137' title='bbox 1599 1747 1852 1817; x_wconf 63' lang='lat' dir='ltr'><strong>quaestio:</strong></span> 
     </span>
    </p>
   </div>
   <div class='ocr_carea' id='block_1_17' title="bbox 261 1836 1852 1909">
    <p class='ocr_par' dir='ltr' id='par_1_17' title="bbox 261 1836 1852 1909">
     <span class='ocr_line' id='line_1_17' title="bbox 261 1836 1852 1909; baseline 0 -17"><span class='ocrx_word' id='word_1_138' title='bbox 261 1836 361 1892; x_wconf 83' lang='lat' dir='ltr'><strong>sed</strong></span> <span class='ocrx_word' id='word_1_139' title='bbox 388 1852 507 1890; x_wconf 87' lang='lat' dir='ltr'><strong>cum</strong></span> <span class='ocrx_word' id='word_1_140' title='bbox 537 1836 635 1905; x_wconf 92' lang='lat' dir='ltr'><strong>ipsi</strong></span> <span class='ocrx_word' id='word_1_141' title='bbox 667 1836 918 1906; x_wconf 69' lang='lat' dir='ltr'><strong>praecipui</strong></span> <span class='ocrx_word' id='word_1_142' title='bbox 950 1837 1075 1903; x_wconf 89' lang='lat' dir='ltr'><strong>sint,</strong></span> <span class='ocrx_word' id='word_1_143' title='bbox 1096 1852 1161 1892; x_wconf 89' lang='lat' dir='ltr'><strong>ac</strong></span> <span class='ocrx_word' id='word_1_144' title='bbox 1188 1838 1442 1907; x_wconf 89' lang='lat' dir='ltr'><strong>primates</strong></span> <span class='ocrx_word' id='word_1_145' title='bbox 1461 1840 1852 1909; x_wconf 88' lang='lat' dir='ltr'><strong>apostolorum,</strong></span> 
     </span>
    </p>
   </div>
   <div class='ocr_carea' id='block_1_18' title="bbox 257 1928 1852 2003">
    <p class='ocr_par' dir='ltr' id='par_1_18' title="bbox 257 1928 1852 2003">
     <span class='ocr_line' id='line_1_18' title="bbox 257 1928 1852 2003; baseline 0.003 -21"><span class='ocrx_word' id='word_1_146' title='bbox 257 1939 317 1982; x_wconf 88' lang='lat' dir='ltr'><strong>et</strong></span> <span class='ocrx_word' id='word_1_147' title='bbox 346 1928 551 1981; x_wconf 88' lang='lat' dir='ltr'><strong>animas</strong></span> <span class='ocrx_word' id='word_1_148' title='bbox 589 1942 713 1982; x_wconf 90' lang='lat' dir='ltr'><strong>suas</strong></span> <span class='ocrx_word' id='word_1_149' title='bbox 753 1928 1158 1997; x_wconf 90' lang='lat' dir='ltr'><strong>impenderent,</strong></span> <span class='ocrx_word' id='word_1_150' title='bbox 1186 1929 1508 2001; x_wconf 89' lang='lat' dir='ltr'><strong>Christoque</strong></span> <span class='ocrx_word' id='word_1_151' title='bbox 1533 1947 1632 2003; x_wconf 89' lang='lat' dir='ltr'><strong>per</strong></span> <span class='ocrx_word' id='word_1_152' title='bbox 1672 1934 1852 1987; x_wconf 87' lang='lat' dir='ltr'><strong>omnia</strong></span> 
     </span>
    </p>
   </div>
   <div class='ocr_carea' id='block_1_19' title="bbox 257 2018 1851 2090">
    <p class='ocr_par' dir='ltr' id='par_1_19' title="bbox 257 2018 1851 2090">
     <span class='ocr_line' id='line_1_19' title="bbox 257 2018 1851 2090; baseline 0.003 -17"><span class='ocrx_word' id='word_1_153' title='bbox 257 2019 572 2084; x_wconf 88' lang='lat' dir='ltr'><strong>obedirent,</strong></span> <span class='ocrx_word' id='word_1_154' title='bbox 605 2026 661 2074; x_wconf 89' lang='lat' dir='ltr'><strong>et</strong></span> <span class='ocrx_word' id='word_1_155' title='bbox 710 2018 905 2074; x_wconf 83' lang='lat' dir='ltr'><strong>Paulus</strong></span> <span class='ocrx_word' id='word_1_156' title='bbox 946 2035 1055 2074; x_wconf 87' lang='lat' dir='ltr'><strong>non</strong></span> <span class='ocrx_word' id='word_1_157' title='bbox 1103 2021 1275 2075; x_wconf 88' lang='lat' dir='ltr'><strong>solum</strong></span> <span class='ocrx_word' id='word_1_158' title='bbox 1328 2022 1586 2090; x_wconf 88' lang='lat' dir='ltr'><strong>imperata</strong></span> <span class='ocrx_word' id='word_1_159' title='bbox 1634 2022 1851 2089; x_wconf 78' lang='lat' dir='ltr'><strong>fecerit,</strong></span> 
     </span>
    </p>
   </div>
   <div class='ocr_carea' id='block_1_20' title="bbox 261 2111 1856 2185">
    <p class='ocr_par' dir='ltr' id='par_1_20' title="bbox 261 2111 1856 2185">
     <span class='ocr_line' id='line_1_20' title="bbox 261 2111 1856 2185; baseline 0.004 -21"><span class='ocrx_word' id='word_1_160' title='bbox 261 2111 364 2165; x_wconf 87' lang='lat' dir='ltr'><strong>sed</strong></span> <span class='ocrx_word' id='word_1_161' title='bbox 386 2119 442 2165; x_wconf 88' lang='lat' dir='ltr'><strong>et</strong></span> <span class='ocrx_word' id='word_1_162' title='bbox 464 2125 627 2179; x_wconf 87' lang='lat' dir='ltr'><strong>supra</strong></span> <span class='ocrx_word' id='word_1_163' title='bbox 656 2119 947 2166; x_wconf 90' lang='lat' dir='ltr'><strong>scammata</strong></span> <span class='ocrx_word' id='word_1_164' title='bbox 969 2112 1263 2179; x_wconf 89' lang='lat' dir='ltr'><strong>saltaverit;</strong></span> <span class='ocrx_word' id='word_1_165' title='bbox 1285 2128 1512 2183; x_wconf 91' lang='lat' dir='ltr'><strong>cumque</strong></span> <span class='ocrx_word' id='word_1_166' title='bbox 1542 2116 1856 2185; x_wconf 64' lang='lat' dir='ltr'><strong>praeciperet</strong></span> 
     </span>
    </p>
   </div>
   <div class='ocr_carea' id='block_1_21' title="bbox 257 2202 1853 2275">
    <p class='ocr_par' dir='ltr' id='par_1_21' title="bbox 257 2202 1853 2275">
     <span class='ocr_line' id='line_1_21' title="bbox 257 2202 1853 2275; baseline 0.004 -19"><span class='ocrx_word' id='word_1_167' title='bbox 257 2218 330 2256; x_wconf 86' lang='lat' dir='ltr'><strong>ex</strong></span> <span class='ocrx_word' id='word_1_168' title='bbox 370 2202 659 2275; x_wconf 84' lang='lat' dir='ltr'><strong>Evangelio</strong></span> <span class='ocrx_word' id='word_1_169' title='bbox 686 2202 1005 2270; x_wconf 89' lang='lat' dir='ltr'><strong>vivendum,</strong></span> <span class='ocrx_word' id='word_1_170' title='bbox 1050 2203 1247 2259; x_wconf 89' lang='lat' dir='ltr'><strong>vietum</strong></span> <span class='ocrx_word' id='word_1_171' title='bbox 1292 2205 1406 2274; x_wconf 84' lang='lat' dir='ltr'><strong>ipse</strong></span> <span class='ocrx_word' id='word_1_172' title='bbox 1456 2206 1703 2261; x_wconf 90' lang='lat' dir='ltr'><strong>manibus</strong></span> <span class='ocrx_word' id='word_1_173' title='bbox 1742 2206 1853 2263; x_wconf 90' lang='lat' dir='ltr'><strong>suis</strong></span> 
     </span>
    </p>
   </div>
   <div class='ocr_carea' id='block_1_22' title="bbox 256 2293 1853 2367">
    <p class='ocr_par' dir='ltr' id='par_1_22' title="bbox 256 2293 1853 2367">
     <span class='ocr_line' id='line_1_22' title="bbox 256 2293 1853 2367; baseline 0.008 -22"><span class='ocrx_word' id='word_1_174' title='bbox 256 2293 609 2362; x_wconf 77' lang='lat' dir='ltr'><strong>qutesiverit,</strong></span> <span class='ocrx_word' id='word_1_175' title='bbox 667 2294 815 2364; x_wconf 90' lang='lat' dir='ltr'><strong>plus,</strong></span> <span class='ocrx_word' id='word_1_176' title='bbox 864 2310 1022 2365; x_wconf 89' lang='lat' dir='ltr'><strong>quam</strong></span> <span class='ocrx_word' id='word_1_177' title='bbox 1072 2297 1395 2367; x_wconf 87' lang='lat' dir='ltr'><strong>imperatum</strong></span> <span class='ocrx_word' id='word_1_178' title='bbox 1452 2308 1600 2365; x_wconf 87' lang='lat' dir='ltr'><strong>erat,</strong></span> <span class='ocrx_word' id='word_1_179' title='bbox 1650 2297 1853 2357; x_wconf 85' lang='lat' dir='ltr'><strong>faciens</strong></span> 
     </span>
    </p>
   </div>
   <div class='ocr_carea' id='block_1_23' title="bbox 256 2383 1854 2460">
    <p class='ocr_par' dir='ltr' id='par_1_23' title="bbox 256 2383 1854 2460">
     <span class='ocr_line' id='line_1_23' title="bbox 256 2383 1854 2460; baseline 0.006 -22"><span class='ocrx_word' id='word_1_180' title='bbox 256 2385 341 2453; x_wconf 89' lang='grc'><strong>(1.</strong></span> <span class='ocrx_word' id='word_1_181' title='bbox 370 2383 487 2439; x_wconf 89' lang='lat' dir='ltr'><strong>Cor.</strong></span> <span class='ocrx_word' id='word_1_182' title='bbox 520 2386 573 2440; x_wconf 75' lang='grc' dir='ltr'><strong>ι.</strong></span> <span class='ocrx_word' id='word_1_183' title='bbox 620 2385 704 2439; x_wconf 87' lang='grc'><strong>12.</strong></span> <span class='ocrx_word' id='word_1_184' title='bbox 734 2385 850 2440; x_wconf 81' lang='lat' dir='ltr'><strong>Act.</strong></span> <span class='ocrx_word' id='word_1_185' title='bbox 879 2386 970 2441; x_wconf 87' lang='lat'><strong>20.</strong></span> <span class='ocrx_word' id='word_1_186' title='bbox 1002 2387 1071 2444; x_wconf 69' lang='lat' dir='ltr'><strong>3t</strong></span> <span class='ocrx_word' id='word_1_187' title='bbox 1100 2388 1144 2460; x_wconf 92' lang='lat'><strong>),</strong></span> <span class='ocrx_word' id='word_1_188' title='bbox 1183 2388 1381 2444; x_wconf 90' lang='lat' dir='ltr'><strong>idcirco</strong></span> <span class='ocrx_word' id='word_1_189' title='bbox 1404 2389 1619 2460; x_wconf 90' lang='lat' dir='ltr'><strong>dignum</strong></span> <span class='ocrx_word' id='word_1_190' title='bbox 1648 2400 1766 2459; x_wconf 90' lang='lat' dir='ltr'><strong>est,</strong></span> <span class='ocrx_word' id='word_1_191' title='bbox 1795 2399 1854 2452; x_wconf 84' lang='lat' dir='ltr'><strong>ut</strong></span> 
     </span>
    </p>
   </div>
   <div class='ocr_carea' id='block_1_24' title="bbox 256 2479 1851 2552">
    <p class='ocr_par' dir='ltr' id='par_1_24' title="bbox 256 2479 1851 2552">
     <span class='ocr_line' id='line_1_24' title="bbox 256 2479 1851 2552; baseline 0.009 -24"><span class='ocrx_word' id='word_1_192' title='bbox 256 2492 563 2543; x_wconf 70' lang='lat' dir='ltr'><strong>quaeramus</strong></span> <span class='ocrx_word' id='word_1_193' title='bbox 582 2519 595 2541; x_wconf 92' lang='lat'><strong>,</strong></span> <span class='ocrx_word' id='word_1_194' title='bbox 630 2492 797 2547; x_wconf 88' lang='lat' dir='ltr'><strong>quare</strong></span> <span class='ocrx_word' id='word_1_195' title='bbox 822 2480 911 2549; x_wconf 85' lang='lat' dir='ltr'><strong>qui</strong></span> <span class='ocrx_word' id='word_1_196' title='bbox 942 2479 994 2533; x_wconf 95' lang='lat' dir='ltr'><strong>in</strong></span> <span class='ocrx_word' id='word_1_197' title='bbox 1025 2480 1275 2535; x_wconf 91' lang='lat' dir='ltr'><strong>omnibus</strong></span> <span class='ocrx_word' id='word_1_198' title='bbox 1322 2481 1534 2536; x_wconf 85' lang='lat' dir='ltr'><strong>Christo</strong></span> <span class='ocrx_word' id='word_1_199' title='bbox 1565 2483 1851 2552; x_wconf 88' lang='lat' dir='ltr'><strong>parebant.</strong></span> 
     </span>
    </p>
   </div>
   <div class='ocr_carea' id='block_1_25' title="bbox 258 2566 1852 2642">
    <p class='ocr_par' dir='ltr' id='par_1_25' title="bbox 258 2566 1852 2642">
     <span class='ocr_line' id='line_1_25' title="bbox 258 2566 1852 2642; baseline 0.004 -23"><span class='ocrx_word' id='word_1_200' title='bbox 258 2568 350 2620; x_wconf 81' lang='lat' dir='ltr'><strong>hic</strong></span> <span class='ocrx_word' id='word_1_201' title='bbox 380 2567 551 2637; x_wconf 91' lang='lat' dir='ltr'><strong>legem</strong></span> <span class='ocrx_word' id='word_1_202' title='bbox 578 2566 692 2636; x_wconf 89' lang='lat' dir='ltr'><strong>ejus</strong></span> <span class='ocrx_word' id='word_1_203' title='bbox 722 2567 1005 2622; x_wconf 81' lang='lat' dir='ltr'><strong>videantur</strong></span> <span class='ocrx_word' id='word_1_204' title='bbox 1032 2570 1328 2640; x_wconf 79' lang='lat' dir='ltr'><strong>transgredi</strong></span> <span class='ocrx_word' id='word_1_205' title='bbox 1359 2570 1384 2625; x_wconf 67' lang='grc' dir='ltr'><strong><em>ἲ</em></strong></span> <span class='ocrx_word' id='word_1_206' title='bbox 1411 2573 1479 2625; x_wconf 85' lang='lat' dir='ltr'><strong>At</strong></span> <span class='ocrx_word' id='word_1_207' title='bbox 1504 2585 1610 2626; x_wconf 93' lang='lat' dir='ltr'><strong>non</strong></span> <span class='ocrx_word' id='word_1_208' title='bbox 1648 2586 1708 2627; x_wconf 89' lang='lat' dir='ltr'><strong>re</strong></span> <span class='ocrx_word' id='word_1_209' title='bbox 1738 2570 1852 2642; x_wconf 86' lang='lat' dir='ltr'><strong>ipsa</strong></span> 
     </span>
    </p>
   </div>
   <div class='ocr_carea' id='block_1_26' title="bbox 256 2657 1852 2727">
    <p class='ocr_par' dir='ltr' id='par_1_26' title="bbox 256 2657 1852 2727">
     <span class='ocr_line' id='line_1_26' title="bbox 256 2657 1852 2727; baseline 0.002 -15"><span class='ocrx_word' id='word_1_210' title='bbox 256 2657 744 2727; x_wconf 83' lang='lat' dir='ltr'><strong>transgrediuntur.</strong></span> <span class='ocrx_word' id='word_1_211' title='bbox 778 2658 875 2713; x_wconf 84' lang='lat' dir='ltr'><strong>Hic</strong></span> <span class='ocrx_word' id='word_1_212' title='bbox 899 2674 1081 2715; x_wconf 88' lang='lat' dir='ltr'><strong>sermo</strong></span> <span class='ocrx_word' id='word_1_213' title='bbox 1109 2676 1214 2714; x_wconf 89' lang='lat' dir='ltr'><strong>non</strong></span> <span class='ocrx_word' id='word_1_214' title='bbox 1261 2661 1312 2716; x_wconf 95' lang='lat' dir='ltr'><strong>in</strong></span> <span class='ocrx_word' id='word_1_215' title='bbox 1364 2661 1468 2718; x_wconf 93' lang='lat' dir='ltr'><strong>hoc</strong></span> <span class='ocrx_word' id='word_1_216' title='bbox 1506 2663 1680 2720; x_wconf 89' lang='lat' dir='ltr'><strong>solum</strong></span> <span class='ocrx_word' id='word_1_217' title='bbox 1706 2664 1852 2719; x_wconf 88' lang='lat' dir='ltr'><strong>utilis</strong></span> 
     </span>
    </p>
   </div>
   <div class='ocr_carea' id='block_1_27' title="bbox 255 2748 1852 2824">
    <p class='ocr_par' dir='ltr' id='par_1_27' title="bbox 255 2748 1852 2824">
     <span class='ocr_line' id='line_1_27' title="bbox 255 2748 1852 2824; baseline 0.006 -23"><span class='ocrx_word' id='word_1_218' title='bbox 255 2748 397 2813; x_wconf 83' lang='lat' dir='ltr'><strong>erit,</strong></span> <span class='ocrx_word' id='word_1_219' title='bbox 443 2757 500 2802; x_wconf 92' lang='lat' dir='ltr'><strong>ut</strong></span> <span class='ocrx_word' id='word_1_220' title='bbox 541 2757 863 2803; x_wconf 88' lang='lat' dir='ltr'><strong>excusentur</strong></span> <span class='ocrx_word' id='word_1_221' title='bbox 900 2750 1067 2804; x_wconf 84' lang='lat' dir='ltr'><strong>sancti</strong></span> <span class='ocrx_word' id='word_1_222' title='bbox 1100 2750 1206 2816; x_wconf 89' lang='lat' dir='ltr'><strong>illi,</strong></span> <span class='ocrx_word' id='word_1_223' title='bbox 1238 2751 1335 2807; x_wconf 89' lang='lat' dir='ltr'><strong>sed</strong></span> <span class='ocrx_word' id='word_1_224' title='bbox 1376 2761 1433 2807; x_wconf 91' lang='lat' dir='ltr'><strong>ut</strong></span> <span class='ocrx_word' id='word_1_225' title='bbox 1473 2762 1530 2809; x_wconf 91' lang='lat' dir='ltr'><strong>et</strong></span> <span class='ocrx_word' id='word_1_226' title='bbox 1573 2753 1852 2824; x_wconf 72' lang='lat' dir='ltr'><strong>gentilium</strong></span> 
     </span>
    </p>
   </div>
   <div class='ocr_carea' id='block_1_28' title="bbox 256 2842 1853 2914">
    <p class='ocr_par' dir='ltr' id='par_1_28' title="bbox 256 2842 1853 2914">
     <span class='ocr_line' id='line_1_28' title="bbox 256 2842 1853 2914; baseline 0.004 -18"><span class='ocrx_word' id='word_1_227' title='bbox 256 2842 613 2897; x_wconf 89' lang='lat' dir='ltr'><strong>obstruantur</strong></span> <span class='ocrx_word' id='word_1_228' title='bbox 638 2857 753 2897; x_wconf 90' lang='lat' dir='ltr'><strong>ora.</strong></span> <span class='ocrx_word' id='word_1_229' title='bbox 787 2842 1225 2914; x_wconf 84' lang='lat' dir='ltr'><strong>Quandoquidem</strong></span> <span class='ocrx_word' id='word_1_230' title='bbox 1267 2845 1420 2900; x_wconf 88' lang='lat' dir='ltr'><strong>multi</strong></span> <span class='ocrx_word' id='word_1_231' title='bbox 1447 2846 1726 2902; x_wconf 87' lang='lat' dir='ltr'><strong>viduarum</strong></span> <span class='ocrx_word' id='word_1_232' title='bbox 1756 2847 1853 2903; x_wconf 88' lang='lat' dir='ltr'><strong>do-</strong></span> 
     </span>
    </p>
   </div>
   <div class='ocr_carea' id='block_1_29' title="bbox 256 2933 1852 3009">
    <p class='ocr_par' dir='ltr' id='par_1_29' title="bbox 256 2933 1852 3009">
     <span class='ocr_line' id='line_1_29' title="bbox 256 2933 1852 3009; baseline 0.004 -21"><span class='ocrx_word' id='word_1_233' title='bbox 256 2949 378 2988; x_wconf 89' lang='lat' dir='ltr'><strong>mos</strong></span> <span class='ocrx_word' id='word_1_234' title='bbox 402 2933 778 2990; x_wconf 87' lang='lat' dir='ltr'><strong>subvertentes</strong></span> <span class='ocrx_word' id='word_1_235' title='bbox 795 2975 809 3000; x_wconf 94' lang='lat'><strong>,</strong></span> <span class='ocrx_word' id='word_1_236' title='bbox 840 2934 1112 3004; x_wconf 87' lang='lat' dir='ltr'><strong>orphanos</strong></span> <span class='ocrx_word' id='word_1_237' title='bbox 1128 2935 1393 2991; x_wconf 88' lang='lat' dir='ltr'><strong>nudantes</strong></span> <span class='ocrx_word' id='word_1_238' title='bbox 1411 2977 1427 3003; x_wconf 91' lang='lat'><strong>,</strong></span> <span class='ocrx_word' id='word_1_239' title='bbox 1451 2937 1658 3009; x_wconf 89' lang='lat' dir='ltr'><strong>ipsique</strong></span> <span class='ocrx_word' id='word_1_240' title='bbox 1675 2938 1852 2994; x_wconf 83' lang='lat' dir='ltr'><strong>omni-</strong></span> 
     </span>
    </p>
   </div>
   <div class='ocr_carea' id='block_1_30' title="bbox 255 3024 1847 3099">
    <p class='ocr_par' dir='ltr' id='par_1_30' title="bbox 255 3024 1847 3099">
     <span class='ocr_line' id='line_1_30' title="bbox 255 3024 1847 3099; baseline 0.004 -19"><span class='ocrx_word' id='word_1_241' title='bbox 255 3025 359 3080; x_wconf 88' lang='lat' dir='ltr'><strong>bus</strong></span> <span class='ocrx_word' id='word_1_242' title='bbox 395 3025 585 3080; x_wconf 89' lang='lat' dir='ltr'><strong>alienis</strong></span> <span class='ocrx_word' id='word_1_243' title='bbox 608 3024 942 3080; x_wconf 85' lang='lat' dir='ltr'><strong>abundantes</strong></span> <span class='ocrx_word' id='word_1_244' title='bbox 962 3068 978 3094; x_wconf 93' lang='lat'><strong>,</strong></span> <span class='ocrx_word' id='word_1_245' title='bbox 1010 3035 1064 3081; x_wconf 93' lang='lat' dir='ltr'><strong>et</strong></span> <span class='ocrx_word' id='word_1_246' title='bbox 1094 3027 1234 3097; x_wconf 89' lang='lat' dir='ltr'><strong>lupis</strong></span> <span class='ocrx_word' id='word_1_247' title='bbox 1270 3027 1437 3083; x_wconf 88' lang='lat' dir='ltr'><strong>nihilo</strong></span> <span class='ocrx_word' id='word_1_248' title='bbox 1469 3029 1755 3099; x_wconf 87' lang='lat' dir='ltr'><strong>meliores,</strong></span> <span class='ocrx_word' id='word_1_249' title='bbox 1779 3045 1847 3087; x_wconf 82' lang='lat' dir='ltr'><strong>ex</strong></span> 
     </span>
    </p>
   </div>
   <div class='ocr_carea' id='block_1_31' title="bbox 253 3118 1847 3188">
    <p class='ocr_par' dir='ltr' id='par_1_31' title="bbox 253 3118 1847 3188">
     <span class='ocr_line' id='line_1_31' title="bbox 253 3118 1847 3188; baseline 0.004 -16"><span class='ocrx_word' id='word_1_250' title='bbox 253 3119 551 3188; x_wconf 81' lang='lat' dir='ltr'><strong>alienisque</strong></span> <span class='ocrx_word' id='word_1_251' title='bbox 578 3118 853 3175; x_wconf 86' lang='lat' dir='ltr'><strong>laboribus</strong></span> <span class='ocrx_word' id='word_1_252' title='bbox 878 3119 1152 3188; x_wconf 81' lang='lat' dir='ltr'><strong>viventes,</strong></span> <span class='ocrx_word' id='word_1_253' title='bbox 1194 3136 1315 3176; x_wconf 90' lang='lat' dir='ltr'><strong>cum</strong></span> <span class='ocrx_word' id='word_1_254' title='bbox 1345 3120 1528 3177; x_wconf 90' lang='lat' dir='ltr'><strong>vident</strong></span> <span class='ocrx_word' id='word_1_255' title='bbox 1574 3121 1847 3185; x_wconf 77' lang='lat' dir='ltr'><strong>interdum</strong></span> 
     </span>
    </p>
   </div>
   <div class='ocr_carea' id='block_1_32' title="bbox 253 3210 1849 3283">
    <p class='ocr_par' dir='ltr' id='par_1_32' title="bbox 253 3210 1849 3283">
     <span class='ocr_line' id='line_1_32' title="bbox 253 3210 1849 3283; baseline 0.005 -19"><span class='ocrx_word' id='word_1_256' title='bbox 253 3210 493 3265; x_wconf 68' lang='lat' dir='ltr'><strong>ﬁdelium</strong></span> <span class='ocrx_word' id='word_1_257' title='bbox 523 3210 729 3282; x_wconf 87' lang='lat' dir='ltr'><strong>aliquos</strong></span> <span class='ocrx_word' id='word_1_258' title='bbox 752 3211 993 3281; x_wconf 91' lang='lat' dir='ltr'><strong>pluribus</strong></span> <span class='ocrx_word' id='word_1_259' title='bbox 1014 3212 1085 3266; x_wconf 88' lang='lat' dir='ltr'><strong>ob</strong></span> <span class='ocrx_word' id='word_1_260' title='bbox 1113 3212 1494 3283; x_wconf 65' lang='lat' dir='ltr'><strong>aegritudinem</strong></span> <span class='ocrx_word' id='word_1_261' title='bbox 1512 3214 1693 3269; x_wconf 87' lang='lat' dir='ltr'><strong>vestiri</strong></span> <span class='ocrx_word' id='word_1_262' title='bbox 1713 3216 1849 3272; x_wconf 87' lang='lat' dir='ltr'><strong>ami-</strong></span> 
     </span>
    </p>
   </div>
   <div class='ocr_carea' id='block_1_33' title="bbox 251 3301 1847 3374">
    <p class='ocr_par' dir='ltr' id='par_1_33' title="bbox 251 3301 1847 3374">
     <span class='ocr_line' id='line_1_33' title="bbox 251 3301 1847 3374; baseline 0.004 -18"><span class='ocrx_word' id='word_1_263' title='bbox 251 3303 390 3356; x_wconf 87' lang='lat' dir='ltr'><strong>culis</strong></span> <span class='ocrx_word' id='word_1_264' title='bbox 409 3344 424 3369; x_wconf 94' lang='lat'><strong>,</strong></span> <span class='ocrx_word' id='word_1_265' title='bbox 448 3302 703 3356; x_wconf 90' lang='lat' dir='ltr'><strong>continuo</strong></span> <span class='ocrx_word' id='word_1_266' title='bbox 742 3301 896 3356; x_wconf 89' lang='lat' dir='ltr'><strong>nobis</strong></span> <span class='ocrx_word' id='word_1_267' title='bbox 925 3302 1097 3372; x_wconf 89' lang='lat' dir='ltr'><strong>legem</strong></span> <span class='ocrx_word' id='word_1_268' title='bbox 1126 3302 1324 3358; x_wconf 86' lang='lat' dir='ltr'><strong>Christi</strong></span> <span class='ocrx_word' id='word_1_269' title='bbox 1351 3304 1645 3374; x_wconf 89' lang='lat' dir='ltr'><strong>objiciunt,</strong></span> <span class='ocrx_word' id='word_1_270' title='bbox 1687 3315 1743 3361; x_wconf 91' lang='lat' dir='ltr'><strong>et</strong></span> <span class='ocrx_word' id='word_1_271' title='bbox 1766 3305 1847 3362; x_wconf 90' lang='lat' dir='ltr'><strong>di-</strong></span> 
     </span>
    </p>
   </div>
   <div class='ocr_carea' id='block_1_34' title="bbox 253 3391 1847 3462">
    <p class='ocr_par' dir='ltr' id='par_1_34' title="bbox 253 3391 1847 3462">
     <span class='ocr_line' id='line_1_34' title="bbox 253 3391 1847 3462; baseline 0.001 -14"><span class='ocrx_word' id='word_1_272' title='bbox 253 3403 385 3448; x_wconf 76' lang='lat' dir='ltr'><strong>cunt</strong></span> <span class='ocrx_word' id='word_1_273' title='bbox 419 3412 433 3448; x_wconf 93' lang='lat'><strong>:</strong></span> <span class='ocrx_word' id='word_1_274' title='bbox 464 3391 654 3447; x_wconf 79' lang='lat' dir='ltr'><strong>Nonne</strong></span> <span class='ocrx_word' id='word_1_275' title='bbox 683 3392 937 3462; x_wconf 73' lang='lat' dir='ltr'><strong>praecepit</strong></span> <span class='ocrx_word' id='word_1_276' title='bbox 980 3393 1131 3449; x_wconf 81' lang='lat' dir='ltr'><strong>vobis</strong></span> <span class='ocrx_word' id='word_1_277' title='bbox 1170 3391 1448 3460; x_wconf 80' lang='lat' dir='ltr'><strong>Christus,</strong></span> <span class='ocrx_word' id='word_1_278' title='bbox 1500 3411 1568 3450; x_wconf 91' lang='lat' dir='ltr'><strong>ne</strong></span> <span class='ocrx_word' id='word_1_279' title='bbox 1607 3395 1847 3452; x_wconf 83' lang='lat' dir='ltr'><strong>habeatis</strong></span> 
     </span>
    </p>
   </div>
   <div class='ocr_carea' id='block_1_35' title="bbox 255 3486 1846 3558">
    <p class='ocr_par' dir='ltr' id='par_1_35' title="bbox 255 3486 1846 3558">
     <span class='ocr_line' id='line_1_35' title="bbox 255 3486 1846 3558; baseline -0.001 -16"><span class='ocrx_word' id='word_1_280' title='bbox 255 3487 388 3542; x_wconf 88' lang='lat' dir='ltr'><strong>duas</strong></span> <span class='ocrx_word' id='word_1_281' title='bbox 419 3486 661 3550; x_wconf 87' lang='lat' dir='ltr'><strong>tunicas,</strong></span> <span class='ocrx_word' id='word_1_282' title='bbox 693 3486 778 3540; x_wconf 91' lang='lat' dir='ltr'><strong>vel</strong></span> <span class='ocrx_word' id='word_1_283' title='bbox 804 3486 1167 3542; x_wconf 84' lang='lat' dir='ltr'><strong>calceamenta</strong></span> <span class='ocrx_word' id='word_1_284' title='bbox 1200 3486 1347 3554; x_wconf 87' lang='lat' dir='ltr'><strong>(Luc.</strong></span> <span class='ocrx_word' id='word_1_285' title='bbox 1390 3487 1441 3543; x_wconf 91' lang='lat'><strong>9.</strong></span> <span class='ocrx_word' id='word_1_286' title='bbox 1477 3488 1577 3558; x_wconf 75' lang='lat'><strong>5)?</strong></span> <span class='ocrx_word' id='word_1_287' title='bbox 1614 3488 1846 3556; x_wconf 77' lang='lat' dir='ltr'><strong>Quomo-</strong></span> 
     </span>
    </p>
   </div>
   <div class='ocr_carea' id='block_1_36' title="bbox 249 3577 1842 3649">
    <p class='ocr_par' dir='ltr' id='par_1_36' title="bbox 249 3577 1842 3649">
     <span class='ocr_line' id='line_1_36' title="bbox 249 3577 1842 3649; baseline 0 -16"><span class='ocrx_word' id='word_1_288' title='bbox 249 3579 326 3634; x_wconf 83' lang='lat' dir='ltr'><strong>do</strong></span> <span class='ocrx_word' id='word_1_289' title='bbox 355 3594 483 3649; x_wconf 86' lang='lat' dir='ltr'><strong>ergo</strong></span> <span class='ocrx_word' id='word_1_290' title='bbox 508 3593 602 3633; x_wconf 89' lang='lat' dir='ltr'><strong>vos</strong></span> <span class='ocrx_word' id='word_1_291' title='bbox 629 3578 799 3648; x_wconf 91' lang='lat' dir='ltr'><strong>legem</strong></span> <span class='ocrx_word' id='word_1_292' title='bbox 831 3578 975 3632; x_wconf 88' lang='lat' dir='ltr'><strong>illam</strong></span> <span class='ocrx_word' id='word_1_293' title='bbox 1005 3578 1422 3648; x_wconf 66' lang='lat' dir='ltr'><strong>prtevaricamini</strong></span> <span class='ocrx_word' id='word_1_294' title='bbox 1442 3579 1466 3632; x_wconf 89' lang='lat'><strong>?</strong></span> <span class='ocrx_word' id='word_1_295' title='bbox 1486 3578 1552 3633; x_wconf 86' lang='lat' dir='ltr'><strong>Et</strong></span> <span class='ocrx_word' id='word_1_296' title='bbox 1575 3577 1842 3649; x_wconf 77' lang='lat' dir='ltr'><strong>posthaec,</strong></span> 
     </span>
    </p>
   </div>
   <div class='ocr_carea' id='block_1_37' title="bbox 248 3668 1847 3737">
    <p class='ocr_par' dir='ltr' id='par_1_37' title="bbox 248 3668 1847 3737">
     <span class='ocr_line' id='line_1_37' title="bbox 248 3668 1847 3737; baseline 0 -10"><span class='ocrx_word' id='word_1_297' title='bbox 248 3684 375 3727; x_wconf 90' lang='lat' dir='ltr'><strong>cum</strong></span> <span class='ocrx_word' id='word_1_298' title='bbox 425 3669 636 3725; x_wconf 86' lang='lat' dir='ltr'><strong>abunde</strong></span> <span class='ocrx_word' id='word_1_299' title='bbox 686 3668 900 3725; x_wconf 81' lang='lat' dir='ltr'><strong>fratrem</strong></span> <span class='ocrx_word' id='word_1_300' title='bbox 950 3670 1203 3736; x_wconf 90' lang='lat' dir='ltr'><strong>riserint,</strong></span> <span class='ocrx_word' id='word_1_301' title='bbox 1251 3678 1306 3726; x_wconf 88' lang='lat' dir='ltr'><strong>et</strong></span> <span class='ocrx_word' id='word_1_302' title='bbox 1349 3670 1758 3737; x_wconf 88' lang='lat' dir='ltr'><strong>subsannarint,</strong></span> <span class='ocrx_word' id='word_1_303' title='bbox 1791 3679 1847 3732; x_wconf 90' lang='lat' dir='ltr'><strong>et</strong></span> 
     </span>
    </p>
   </div>
   <div class='ocr_carea' id='block_1_38' title="bbox 249 3761 1842 3836">
    <p class='ocr_par' dir='ltr' id='par_1_38' title="bbox 249 3761 1842 3836">
     <span class='ocr_line' id='line_1_38' title="bbox 249 3761 1842 3836; baseline -0.001 -17"><span class='ocrx_word' id='word_1_304' title='bbox 249 3764 465 3836; x_wconf 89' lang='lat' dir='ltr'><strong>probris</strong></span> <span class='ocrx_word' id='word_1_305' title='bbox 512 3762 823 3827; x_wconf 80' lang='lat' dir='ltr'><strong>alfecerint,</strong></span> <span class='ocrx_word' id='word_1_306' title='bbox 879 3761 1181 3818; x_wconf 90' lang='lat' dir='ltr'><strong>discedunt.</strong></span> <span class='ocrx_word' id='word_1_307' title='bbox 1231 3761 1489 3833; x_wconf 90' lang='lat' dir='ltr'><strong>lgiturne</strong></span> <span class='ocrx_word' id='word_1_308' title='bbox 1517 3763 1642 3819; x_wconf 88' lang='lat' dir='ltr'><strong>talia</strong></span> <span class='ocrx_word' id='word_1_309' title='bbox 1683 3764 1842 3829; x_wconf 81' lang='lat' dir='ltr'><strong>ﬂant,</strong></span> 
     </span>
    </p>
   </div>
   <div class='ocr_carea' id='block_1_39' title="bbox 245 3857 1846 3930">
    <p class='ocr_par' dir='ltr' id='par_1_39' title="bbox 245 3857 1846 3930">
     <span class='ocr_line' id='line_1_39' title="bbox 245 3857 1846 3930; baseline 0.001 -17"><span class='ocrx_word' id='word_1_310' title='bbox 245 3874 352 3930; x_wconf 86' lang='lat' dir='ltr'><strong>age</strong></span> <span class='ocrx_word' id='word_1_311' title='bbox 380 3869 434 3914; x_wconf 93' lang='lat' dir='ltr'><strong>et</strong></span> <span class='ocrx_word' id='word_1_312' title='bbox 459 3859 673 3914; x_wconf 90' lang='lat' dir='ltr'><strong>illorum</strong></span> <span class='ocrx_word' id='word_1_313' title='bbox 701 3860 1013 3915; x_wconf 87' lang='lat' dir='ltr'><strong>obturemns</strong></span> <span class='ocrx_word' id='word_1_314' title='bbox 1039 3857 1447 3928; x_wconf 90' lang='lat' dir='ltr'><strong>impudentiam.</strong></span> <span class='ocrx_word' id='word_1_315' title='bbox 1475 3858 1541 3913; x_wconf 86' lang='lat' dir='ltr'><strong>Et</strong></span> <span class='ocrx_word' id='word_1_316' title='bbox 1567 3872 1846 3929; x_wconf 82' lang='lat' dir='ltr'><strong>possemus</strong></span> 
     </span>
    </p>
   </div>
   <div class='ocr_carea' id='block_1_40' title="bbox 247 3948 1844 4020">
    <p class='ocr_par' dir='ltr' id='par_1_40' title="bbox 247 3948 1844 4020">
     <span class='ocr_line' id='line_1_40' title="bbox 247 3948 1844 4020; baseline 0.003 -20"><span class='ocrx_word' id='word_1_317' title='bbox 247 3949 465 4020; x_wconf 87' lang='lat' dir='ltr'><strong>quidem</strong></span> <span class='ocrx_word' id='word_1_318' title='bbox 489 3950 557 4005; x_wconf 89' lang='lat' dir='ltr'><strong>ab</strong></span> <span class='ocrx_word' id='word_1_319' title='bbox 583 3950 662 4005; x_wconf 90' lang='lat' dir='ltr'><strong>eis</strong></span> <span class='ocrx_word' id='word_1_320' title='bbox 688 3950 839 4004; x_wconf 87' lang='lat' dir='ltr'><strong>facile</strong></span> <span class='ocrx_word' id='word_1_321' title='bbox 859 3949 1106 4015; x_wconf 87' lang='lat' dir='ltr'><strong>liberari,</strong></span> <span class='ocrx_word' id='word_1_322' title='bbox 1135 3949 1179 4003; x_wconf 89' lang='lat' dir='ltr'><strong>si</strong></span> <span class='ocrx_word' id='word_1_323' title='bbox 1208 3948 1311 4004; x_wconf 92' lang='lat' dir='ltr'><strong>hoc</strong></span> <span class='ocrx_word' id='word_1_324' title='bbox 1340 3964 1501 4004; x_wconf 89' lang='lat' dir='ltr'><strong>unum</strong></span> <span class='ocrx_word' id='word_1_325' title='bbox 1526 3949 1607 4004; x_wconf 88' lang='lat' dir='ltr'><strong>eis</strong></span> <span class='ocrx_word' id='word_1_326' title='bbox 1635 3949 1844 4005; x_wconf 74' lang='lat' dir='ltr'><strong>dicere-</strong></span> 
     </span>
    </p>
   </div>
   <div class='ocr_carea' id='block_1_41' title="bbox 248 4039 1843 4112">
    <p class='ocr_par' dir='ltr' id='par_1_41' title="bbox 248 4039 1843 4112">
     <span class='ocr_line' id='line_1_41' title="bbox 248 4039 1843 4112; baseline 0.001 -18"><span class='ocrx_word' id='word_1_327' title='bbox 248 4057 392 4095; x_wconf 89' lang='lat' dir='ltr'><strong>mus.</strong></span> <span class='ocrx_word' id='word_1_328' title='bbox 425 4040 593 4109; x_wconf 85' lang='lat' dir='ltr'><strong>Quale</strong></span> <span class='ocrx_word' id='word_1_329' title='bbox 621 4040 766 4097; x_wconf 82' lang='lat' dir='ltr'><strong>hoc?</strong></span> <span class='ocrx_word' id='word_1_330' title='bbox 796 4040 854 4096; x_wconf 89' lang='lat' dir='ltr'><strong>Si</strong></span> <span class='ocrx_word' id='word_1_331' title='bbox 878 4039 1152 4096; x_wconf 87' lang='lat' dir='ltr'><strong>Christum</strong></span> <span class='ocrx_word' id='word_1_332' title='bbox 1181 4048 1239 4095; x_wconf 90' lang='lat' dir='ltr'><strong>ut</strong></span> <span class='ocrx_word' id='word_1_333' title='bbox 1266 4039 1369 4097; x_wconf 86' lang='lat' dir='ltr'><strong>fide</strong></span> <span class='ocrx_word' id='word_1_334' title='bbox 1388 4040 1605 4112; x_wconf 89' lang='lat' dir='ltr'><strong>dignum</strong></span> <span class='ocrx_word' id='word_1_335' title='bbox 1625 4041 1843 4111; x_wconf 85' lang='lat' dir='ltr'><strong>probas,</strong></span> 
     </span>
    </p>
   </div>
   <div class='ocr_carea' id='block_1_42' title="bbox 248 4132 1846 4203">
    <p class='ocr_par' dir='ltr' id='par_1_42' title="bbox 248 4132 1846 4203">
     <span class='ocr_line' id='line_1_42' title="bbox 248 4132 1846 4203; baseline 0.002 -17"><span class='ocrx_word' id='word_1_336' title='bbox 248 4133 446 4186; x_wconf 86' lang='lat' dir='ltr'><strong>merito</strong></span> <span class='ocrx_word' id='word_1_337' title='bbox 489 4132 608 4188; x_wconf 63' lang='lat' dir='ltr'><strong>haec</strong></span> <span class='ocrx_word' id='word_1_338' title='bbox 657 4132 882 4203; x_wconf 88' lang='lat' dir='ltr'><strong>objicis,</strong></span> <span class='ocrx_word' id='word_1_339' title='bbox 916 4140 968 4188; x_wconf 90' lang='lat' dir='ltr'><strong>et</strong></span> <span class='ocrx_word' id='word_1_340' title='bbox 999 4148 1028 4187; x_wconf 93' lang='lat' dir='ltr'><strong>a</strong></span> <span class='ocrx_word' id='word_1_341' title='bbox 1077 4132 1233 4188; x_wconf 87' lang='lat' dir='ltr'><strong>nobis</strong></span> <span class='ocrx_word' id='word_1_342' title='bbox 1257 4133 1495 4203; x_wconf 70' lang='lat' dir='ltr'><strong>quaeris:</strong></span> <span class='ocrx_word' id='word_1_343' title='bbox 1525 4132 1608 4187; x_wconf 92' lang='lat' dir='ltr'><strong>sin</strong></span> <span class='ocrx_word' id='word_1_344' title='bbox 1658 4134 1706 4188; x_wconf 90' lang='lat' dir='ltr'><strong>ei</strong></span> <span class='ocrx_word' id='word_1_345' title='bbox 1737 4148 1846 4189; x_wconf 84' lang='lat' dir='ltr'><strong>non</strong></span> 
     </span>
    </p>
   </div>
   <div class='ocr_carea' id='block_1_43' title="bbox 247 4223 1843 4295">
    <p class='ocr_par' dir='ltr' id='par_1_43' title="bbox 247 4223 1843 4295">
     <span class='ocr_line' id='line_1_43' title="bbox 247 4223 1843 4295; baseline 0.001 -17"><span class='ocrx_word' id='word_1_346' title='bbox 247 4223 429 4278; x_wconf 84' lang='lat' dir='ltr'><strong>credis</strong></span> <span class='ocrx_word' id='word_1_347' title='bbox 447 4265 462 4287; x_wconf 92' lang='lat'><strong>,</strong></span> <span class='ocrx_word' id='word_1_348' title='bbox 493 4238 660 4293; x_wconf 89' lang='lat' dir='ltr'><strong>quare</strong></span> <span class='ocrx_word' id='word_1_349' title='bbox 695 4224 864 4295; x_wconf 89' lang='lat' dir='ltr'><strong>legem</strong></span> <span class='ocrx_word' id='word_1_350' title='bbox 891 4224 1009 4295; x_wconf 90' lang='lat' dir='ltr'><strong>ejus</strong></span> <span class='ocrx_word' id='word_1_351' title='bbox 1036 4223 1263 4294; x_wconf 89' lang='lat' dir='ltr'><strong>opponis</strong></span> <span class='ocrx_word' id='word_1_352' title='bbox 1287 4223 1312 4276; x_wconf 71' lang='grc' dir='ltr'><strong>Ῥ</strong></span> <span class='ocrx_word' id='word_1_353' title='bbox 1337 4224 1406 4279; x_wconf 83' lang='lat' dir='ltr'><strong>At</strong></span> <span class='ocrx_word' id='word_1_354' title='bbox 1429 4224 1642 4295; x_wconf 91' lang='lat' dir='ltr'><strong>quando</strong></span> <span class='ocrx_word' id='word_1_355' title='bbox 1683 4239 1843 4279; x_wconf 80' lang='lat' dir='ltr'><strong>accu-</strong></span> 
     </span>
    </p>
   </div>
   <div class='ocr_carea' id='block_1_44' title="bbox 246 4313 1843 4386">
    <p class='ocr_par' dir='ltr' id='par_1_44' title="bbox 246 4313 1843 4386">
     <span class='ocr_line' id='line_1_44' title="bbox 246 4313 1843 4386; baseline -0.001 -17"><span class='ocrx_word' id='word_1_356' title='bbox 246 4329 374 4369; x_wconf 86' lang='lat' dir='ltr'><strong>sare</strong></span> <span class='ocrx_word' id='word_1_357' title='bbox 401 4329 497 4368; x_wconf 89' lang='lat' dir='ltr'><strong>nos</strong></span> <span class='ocrx_word' id='word_1_358' title='bbox 521 4315 603 4369; x_wconf 90' lang='lat' dir='ltr'><strong>vis</strong></span> <span class='ocrx_word' id='word_1_359' title='bbox 625 4355 641 4379; x_wconf 92' lang='lat'><strong>,</strong></span> <span class='ocrx_word' id='word_1_360' title='bbox 680 4314 874 4386; x_wconf 89' lang='lat' dir='ltr'><strong>dignus</strong></span> <span class='ocrx_word' id='word_1_361' title='bbox 904 4314 996 4369; x_wconf 91' lang='lat' dir='ltr'><strong>tibi</strong></span> <span class='ocrx_word' id='word_1_362' title='bbox 1024 4314 1233 4369; x_wconf 87' lang='lat' dir='ltr'><strong>videtur</strong></span> <span class='ocrx_word' id='word_1_363' title='bbox 1259 4313 1364 4369; x_wconf 86' lang='lat' dir='ltr'><strong>fide</strong></span> <span class='ocrx_word' id='word_1_364' title='bbox 1393 4314 1662 4385; x_wconf 88' lang='lat' dir='ltr'><strong>legislator</strong></span> <span class='ocrx_word' id='word_1_365' title='bbox 1683 4313 1843 4369; x_wconf 91' lang='lat' dir='ltr'><strong>Chri-</strong></span> 
     </span>
    </p>
   </div>
   <div class='ocr_carea' id='block_1_45' title="bbox 246 4403 1843 4475">
    <p class='ocr_par' dir='ltr' id='par_1_45' title="bbox 246 4403 1843 4475">
     <span class='ocr_line' id='line_1_45' title="bbox 246 4403 1843 4475; baseline 0 -16"><span class='ocrx_word' id='word_1_366' title='bbox 246 4414 365 4459; x_wconf 88' lang='lat' dir='ltr'><strong>stus</strong></span> <span class='ocrx_word' id='word_1_367' title='bbox 401 4423 415 4460; x_wconf 89' lang='lat'><strong>:</strong></span> <span class='ocrx_word' id='word_1_368' title='bbox 459 4405 671 4475; x_wconf 87' lang='lat' dir='ltr'><strong>quando</strong></span> <span class='ocrx_word' id='word_1_369' title='bbox 713 4418 889 4460; x_wconf 90' lang='lat' dir='ltr'><strong>autem</strong></span> <span class='ocrx_word' id='word_1_370' title='bbox 921 4420 1043 4461; x_wconf 89' lang='lat' dir='ltr'><strong>eum</strong></span> <span class='ocrx_word' id='word_1_371' title='bbox 1088 4403 1341 4459; x_wconf 89' lang='lat' dir='ltr'><strong>admirari</strong></span> <span class='ocrx_word' id='word_1_372' title='bbox 1386 4412 1601 4474; x_wconf 89' lang='lat' dir='ltr'><strong>oportet</strong></span> <span class='ocrx_word' id='word_1_373' title='bbox 1645 4413 1700 4459; x_wconf 90' lang='lat' dir='ltr'><strong>et</strong></span> <span class='ocrx_word' id='word_1_374' title='bbox 1746 4404 1843 4459; x_wconf 83' lang='lat' dir='ltr'><strong>ad-</strong></span> 
     </span>
    </p>
   </div>
   <div class='ocr_carea' id='block_1_46' title="bbox 246 4494 1841 4566">
    <p class='ocr_par' dir='ltr' id='par_1_46' title="bbox 246 4494 1841 4566">
     <span class='ocr_line' id='line_1_46' title="bbox 246 4494 1841 4566; baseline -0.001 -17"><span class='ocrx_word' id='word_1_375' title='bbox 246 4511 428 4563; x_wconf 80' lang='lat' dir='ltr'><strong>orare,</strong></span> <span class='ocrx_word' id='word_1_376' title='bbox 455 4496 650 4550; x_wconf 91' lang='lat' dir='ltr'><strong>nullius</strong></span> <span class='ocrx_word' id='word_1_377' title='bbox 673 4504 755 4551; x_wconf 88' lang='lat' dir='ltr'><strong>est</strong></span> <span class='ocrx_word' id='word_1_378' title='bbox 779 4494 919 4566; x_wconf 91' lang='lat' dir='ltr'><strong>apud</strong></span> <span class='ocrx_word' id='word_1_379' title='bbox 948 4505 999 4551; x_wconf 91' lang='lat' dir='ltr'><strong>te</strong></span> <span class='ocrx_word' id='word_1_380' title='bbox 1028 4494 1283 4550; x_wconf 90' lang='lat' dir='ltr'><strong>momenti</strong></span> <span class='ocrx_word' id='word_1_381' title='bbox 1298 4494 1458 4549; x_wconf 88' lang='lat' dir='ltr'><strong>totius</strong></span> <span class='ocrx_word' id='word_1_382' title='bbox 1482 4494 1631 4549; x_wconf 90' lang='lat' dir='ltr'><strong>orbis</strong></span> <span class='ocrx_word' id='word_1_383' title='bbox 1658 4494 1841 4549; x_wconf 88' lang='lat' dir='ltr'><strong>Domi-</strong></span> 
     </span>
    </p>
   </div>
   <div class='ocr_carea' id='block_1_47' title="bbox 248 4588 1087 4651">
    <p class='ocr_par' dir='ltr' id='par_1_47' title="bbox 248 4588 1087 4651">
     <span class='ocr_line' id='line_1_47' title="bbox 248 4588 1087 4651; baseline -0.008 -9"><span class='ocrx_word' id='word_1_384' title='bbox 248 4602 351 4642; x_wconf 87' lang='lat' dir='ltr'><strong>nus</strong></span> <span class='ocrx_word' id='word_1_385' title='bbox 374 4588 401 4641; x_wconf 66' lang='grc' dir='ltr'><em>ἲ</em></span> <span class='ocrx_word' id='word_1_386' title='bbox 1062 4644 1087 4651; x_wconf 26' lang='grc' dir='ltr'><strong>ἦ</strong></span> 
     </span>
    </p>
   </div>
   <div class='ocr_carea' id='block_1_48' title="bbox 317 4676 1846 4750">
    <p class='ocr_par' dir='ltr' id='par_1_48' title="bbox 317 4676 1846 4750">
     <span class='ocr_line' id='line_1_48' title="bbox 317 4676 1846 4750; baseline -0.001 -17"><span class='ocrx_word' id='word_1_387' title='bbox 317 4679 376 4733; x_wconf 92' lang='grc'><strong>2.</strong></span> <span class='ocrx_word' id='word_1_388' title='bbox 418 4680 644 4734; x_wconf 78' lang='lat' dir='ltr'><strong>Solvitur</strong></span> <span class='ocrx_word' id='word_1_389' title='bbox 669 4680 899 4750; x_wconf 71' lang='lat' dir='ltr'><strong>quastio,</strong></span> <span class='ocrx_word' id='word_1_390' title='bbox 929 4696 1020 4733; x_wconf 86' lang='lat' dir='ltr'><strong>cur</strong></span> <span class='ocrx_word' id='word_1_391' title='bbox 1048 4678 1277 4734; x_wconf 81' lang='lat' dir='ltr'><strong>Christus</strong></span> <span class='ocrx_word' id='word_1_392' title='bbox 1295 4678 1509 4750; x_wconf 84' lang='lat' dir='ltr'><strong>jusserit</strong></span> <span class='ocrx_word' id='word_1_393' title='bbox 1536 4693 1636 4731; x_wconf 87' lang='lat' dir='ltr'><strong>non</strong></span> <span class='ocrx_word' id='word_1_394' title='bbox 1662 4676 1846 4731; x_wconf 86' lang='lat' dir='ltr'><strong>habere</strong></span> 
     </span>
    </p>
   </div>
   <div class='ocr_carea' id='block_1_49' title="bbox 248 4766 1845 4839">
    <p class='ocr_par' dir='ltr' id='par_1_49' title="bbox 248 4766 1845 4839">
     <span class='ocr_line' id='line_1_49' title="bbox 248 4766 1845 4839; baseline -0.001 -14"><span class='ocrx_word' id='word_1_395' title='bbox 248 4773 379 4826; x_wconf 80' lang='lat' dir='ltr'><strong>duas</strong></span> <span class='ocrx_word' id='word_1_396' title='bbox 426 4772 642 4826; x_wconf 85' lang='lat' dir='ltr'><strong>tunicas.</strong></span> <span class='ocrx_word' id='word_1_397' title='bbox 680 4800 744 4811; x_wconf 90' lang='lat'>—</span> <span class='ocrx_word' id='word_1_398' title='bbox 776 4771 969 4826; x_wconf 86' lang='lat' dir='ltr'><strong>Verum</strong></span> <span class='ocrx_word' id='word_1_399' title='bbox 1017 4786 1084 4825; x_wconf 93' lang='lat' dir='ltr'><strong>ne</strong></span> <span class='ocrx_word' id='word_1_400' title='bbox 1136 4770 1252 4826; x_wconf 72' lang='lat' dir='ltr'><strong>haec</strong></span> <span class='ocrx_word' id='word_1_401' title='bbox 1296 4769 1471 4839; x_wconf 87' lang='lat' dir='ltr'><strong>inopia</strong></span> <span class='ocrx_word' id='word_1_402' title='bbox 1517 4766 1845 4824; x_wconf 84' lang='lat' dir='ltr'><strong>delensionis</strong></span> 
     </span>
    </p>
   </div>
   <div class='ocr_carea' id='block_1_50' title="bbox 245 4859 1843 4932">
    <p class='ocr_par' dir='ltr' id='par_1_50' title="bbox 245 4859 1843 4932">
     <span class='ocr_line' id='line_1_50' title="bbox 245 4859 1843 4932; baseline -0.001 -14"><span class='ocrx_word' id='word_1_403' title='bbox 245 4863 432 4919; x_wconf 89' lang='lat' dir='ltr'><strong>dicere</strong></span> <span class='ocrx_word' id='word_1_404' title='bbox 461 4878 559 4917; x_wconf 92' lang='lat' dir='ltr'><strong>nos</strong></span> <span class='ocrx_word' id='word_1_405' title='bbox 589 4870 794 4932; x_wconf 90' lang='lat' dir='ltr'><strong>putent,</strong></span> <span class='ocrx_word' id='word_1_406' title='bbox 822 4862 889 4917; x_wconf 89' lang='lat' dir='ltr'><strong>ad</strong></span> <span class='ocrx_word' id='word_1_407' title='bbox 936 4862 1256 4917; x_wconf 90' lang='lat' dir='ltr'><strong>solutionem</strong></span> <span class='ocrx_word' id='word_1_408' title='bbox 1282 4860 1422 4930; x_wconf 85' lang='lat' dir='ltr'><strong>ejus,</strong></span> <span class='ocrx_word' id='word_1_409' title='bbox 1448 4859 1590 4930; x_wconf 91' lang='lat' dir='ltr'><strong>quod</strong></span> <span class='ocrx_word' id='word_1_410' title='bbox 1634 4874 1843 4930; x_wconf 79' lang='lat' dir='ltr'><strong>qmere-</strong></span> 
     </span>
    </p>
   </div>
   <div class='ocr_carea' id='block_1_51' title="bbox 248 4952 1843 5025">
    <p class='ocr_par' dir='ltr' id='par_1_51' title="bbox 248 4952 1843 5025">
     <span class='ocr_line' id='line_1_51' title="bbox 248 4952 1843 5025; baseline -0.002 -15"><span class='ocrx_word' id='word_1_411' title='bbox 248 4956 429 5022; x_wconf 88' lang='lat' dir='ltr'><strong>batur,</strong></span> <span class='ocrx_word' id='word_1_412' title='bbox 461 4957 758 5023; x_wconf 85' lang='lat' dir='ltr'><strong>veniamus.</strong></span> <span class='ocrx_word' id='word_1_413' title='bbox 804 4956 1059 5023; x_wconf 68' lang='lat' dir='ltr'><strong>Qutenam</strong></span> <span class='ocrx_word' id='word_1_414' title='bbox 1090 4969 1219 5025; x_wconf 88' lang='lat' dir='ltr'><strong>ergo</strong></span> <span class='ocrx_word' id='word_1_415' title='bbox 1240 4955 1343 5009; x_wconf 90' lang='lat' dir='ltr'><strong>erit</strong></span> <span class='ocrx_word' id='word_1_416' title='bbox 1371 4952 1613 5008; x_wconf 76' lang='lat' dir='ltr'><strong>Solutio?</strong></span> <span class='ocrx_word' id='word_1_417' title='bbox 1644 4952 1843 5007; x_wconf 82' lang='lat' dir='ltr'><strong>Viden-</strong></span> 
     </span>
    </p>
   </div>
   <div class='ocr_carea' id='block_1_52' title="bbox 247 5044 1844 5118">
    <p class='ocr_par' dir='ltr' id='par_1_52' title="bbox 247 5044 1844 5118">
     <span class='ocr_line' id='line_1_52' title="bbox 247 5044 1844 5118; baseline -0.001 -15"><span class='ocrx_word' id='word_1_418' title='bbox 247 5048 379 5103; x_wconf 87' lang='lat' dir='ltr'><strong>dum</strong></span> <span class='ocrx_word' id='word_1_419' title='bbox 402 5056 489 5104; x_wconf 90' lang='lat' dir='ltr'><strong>est</strong></span> <span class='ocrx_word' id='word_1_420' title='bbox 513 5049 565 5102; x_wconf 92' lang='lat' dir='ltr'><strong>in</strong></span> <span class='ocrx_word' id='word_1_421' title='bbox 596 5047 923 5117; x_wconf 77' lang='lat' dir='ltr'><strong>huiusmodi,</strong></span> <span class='ocrx_word' id='word_1_422' title='bbox 954 5047 1167 5118; x_wconf 88' lang='lat' dir='ltr'><strong>quibus,</strong></span> <span class='ocrx_word' id='word_1_423' title='bbox 1190 5055 1245 5101; x_wconf 91' lang='lat' dir='ltr'><strong>et</strong></span> <span class='ocrx_word' id='word_1_424' title='bbox 1269 5044 1504 5117; x_wconf 88' lang='lat' dir='ltr'><strong>quando,</strong></span> <span class='ocrx_word' id='word_1_425' title='bbox 1522 5053 1755 5115; x_wconf 86' lang='lat' dir='ltr'><strong>etquare</strong></span> <span class='ocrx_word' id='word_1_426' title='bbox 1780 5060 1844 5101; x_wconf 86' lang='lat' dir='ltr'><strong>ea</strong></span> 
     </span>
    </p>
   </div>
   <div class='ocr_carea' id='block_1_53' title="bbox 246 5135 1844 5208">
    <p class='ocr_par' dir='ltr' id='par_1_53' title="bbox 246 5135 1844 5208">
     <span class='ocr_line' id='line_1_53' title="bbox 246 5135 1844 5208; baseline -0.003 -15"><span class='ocrx_word' id='word_1_427' title='bbox 246 5140 496 5193; x_wconf 87' lang='lat' dir='ltr'><strong>Christus</strong></span> <span class='ocrx_word' id='word_1_428' title='bbox 520 5139 820 5208; x_wconf 88' lang='lat' dir='ltr'><strong>imperavit.</strong></span> <span class='ocrx_word' id='word_1_429' title='bbox 850 5137 968 5193; x_wconf 85' lang='lat' dir='ltr'><strong>Non</strong></span> <span class='ocrx_word' id='word_1_430' title='bbox 992 5138 1137 5193; x_wconf 90' lang='lat' dir='ltr'><strong>enim</strong></span> <span class='ocrx_word' id='word_1_431' title='bbox 1171 5137 1362 5202; x_wconf 89' lang='lat' dir='ltr'><strong>obiter,</strong></span> <span class='ocrx_word' id='word_1_432' title='bbox 1388 5147 1443 5192; x_wconf 92' lang='lat' dir='ltr'><strong>et</strong></span> <span class='ocrx_word' id='word_1_433' title='bbox 1485 5135 1627 5192; x_wconf 91' lang='lat' dir='ltr'><strong>nude</strong></span> <span class='ocrx_word' id='word_1_434' title='bbox 1667 5135 1844 5205; x_wconf 89' lang='lat' dir='ltr'><strong>inqui-</strong></span> 
     </span>
    </p>
   </div>
   <div class='ocr_carea' id='block_1_54' title="bbox 247 5226 1847 5299">
    <p class='ocr_par' dir='ltr' id='par_1_54' title="bbox 247 5226 1847 5299">
     <span class='ocr_line' id='line_1_54' title="bbox 247 5226 1847 5299; baseline -0.003 -14"><span class='ocrx_word' id='word_1_435' title='bbox 247 5230 414 5286; x_wconf 81' lang='lat' dir='ltr'><strong>renda</strong></span> <span class='ocrx_word' id='word_1_436' title='bbox 443 5239 568 5284; x_wconf 87' lang='lat' dir='ltr'><strong>sunt</strong></span> <span class='ocrx_word' id='word_1_437' title='bbox 608 5228 721 5284; x_wconf 60' lang='lat' dir='ltr'><strong>hac</strong></span> <span class='ocrx_word' id='word_1_438' title='bbox 749 5247 763 5284; x_wconf 92' lang='lat'><strong>:</strong></span> <span class='ocrx_word' id='word_1_439' title='bbox 791 5229 885 5284; x_wconf 85' lang='lat' dir='ltr'><strong>sed</strong></span> <span class='ocrx_word' id='word_1_440' title='bbox 926 5244 1103 5299; x_wconf 76' lang='lat' dir='ltr'><strong>opera:</strong></span> <span class='ocrx_word' id='word_1_441' title='bbox 1137 5229 1366 5298; x_wconf 90' lang='lat' dir='ltr'><strong>pretium</strong></span> <span class='ocrx_word' id='word_1_442' title='bbox 1409 5227 1568 5283; x_wconf 88' lang='lat' dir='ltr'><strong>fuerit</strong></span> <span class='ocrx_word' id='word_1_443' title='bbox 1603 5226 1762 5282; x_wconf 85' lang='lat' dir='ltr'><strong>simul</strong></span> <span class='ocrx_word' id='word_1_444' title='bbox 1792 5238 1847 5282; x_wconf 91' lang='lat' dir='ltr'><strong>et</strong></span> 
     </span>
    </p>
   </div>
   <div class='ocr_carea' id='block_1_55' title="bbox 249 5317 1847 5392">
    <p class='ocr_par' dir='ltr' id='par_1_55' title="bbox 249 5317 1847 5392">
     <span class='ocr_line' id='line_1_55' title="bbox 249 5317 1847 5392; baseline -0.002 -17"><span class='ocrx_word' id='word_1_445' title='bbox 249 5338 560 5392; x_wconf 84' lang='lat' dir='ltr'><strong>personam,</strong></span> <span class='ocrx_word' id='word_1_446' title='bbox 588 5330 643 5376; x_wconf 91' lang='lat' dir='ltr'><strong>et</strong></span> <span class='ocrx_word' id='word_1_447' title='bbox 670 5331 897 5391; x_wconf 88' lang='lat' dir='ltr'><strong>tempus,</strong></span> <span class='ocrx_word' id='word_1_448' title='bbox 926 5330 980 5375; x_wconf 90' lang='lat' dir='ltr'><strong>ct</strong></span> <span class='ocrx_word' id='word_1_449' title='bbox 1003 5333 1220 5375; x_wconf 84' lang='lat' dir='ltr'><strong>causam</strong></span> <span class='ocrx_word' id='word_1_450' title='bbox 1271 5329 1326 5373; x_wconf 92' lang='lat' dir='ltr'><strong>et</strong></span> <span class='ocrx_word' id='word_1_451' title='bbox 1353 5319 1530 5374; x_wconf 88' lang='lat' dir='ltr'><strong>omnia</strong></span> <span class='ocrx_word' id='word_1_452' title='bbox 1578 5318 1694 5372; x_wconf 55' lang='lat' dir='ltr'><strong>haec</strong></span> <span class='ocrx_word' id='word_1_453' title='bbox 1733 5317 1847 5372; x_wconf 87' lang='lat' dir='ltr'><strong>dili-</strong></span> 
     </span>
    </p>
   </div>
   <div class='ocr_carea' id='block_1_56' title="bbox 246 5410 1843 5483">
    <p class='ocr_par' dir='ltr' id='par_1_56' title="bbox 246 5410 1843 5483">
     <span class='ocr_line' id='line_1_56' title="bbox 246 5410 1843 5483; baseline -0.003 -14"><span class='ocrx_word' id='word_1_454' title='bbox 246 5426 441 5483; x_wconf 79' lang='lat' dir='ltr'><strong>genter</strong></span> <span class='ocrx_word' id='word_1_455' title='bbox 461 5414 805 5483; x_wconf 79' lang='lat' dir='ltr'><strong>perscrutari.</strong></span> <span class='ocrx_word' id='word_1_456' title='bbox 829 5414 924 5469; x_wconf 83' lang='lat' dir='ltr'><strong>His</strong></span> <span class='ocrx_word' id='word_1_457' title='bbox 971 5414 1115 5470; x_wconf 90' lang='lat' dir='ltr'><strong>enim</strong></span> <span class='ocrx_word' id='word_1_458' title='bbox 1144 5412 1429 5483; x_wconf 88' lang='lat' dir='ltr'><strong>diligenter</strong></span> <span class='ocrx_word' id='word_1_459' title='bbox 1470 5410 1843 5476; x_wconf 89' lang='lat' dir='ltr'><strong>consideratis,</strong></span> 
     </span>
    </p>
   </div>
   <div class='ocr_carea' id='block_1_57' title="bbox 249 5503 1845 5576">
    <p class='ocr_par' dir='ltr' id='par_1_57' title="bbox 249 5503 1845 5576">
     <span class='ocr_line' id='line_1_57' title="bbox 249 5503 1845 5576; baseline -0.004 -15"><span class='ocrx_word' id='word_1_460' title='bbox 249 5506 612 5570; x_wconf 83' lang='lat' dir='ltr'><strong>inveniemus,</strong></span> <span class='ocrx_word' id='word_1_461' title='bbox 641 5505 785 5576; x_wconf 89' lang='lat' dir='ltr'><strong>quod</strong></span> <span class='ocrx_word' id='word_1_462' title='bbox 815 5507 927 5576; x_wconf 88' lang='lat' dir='ltr'><strong>ipsa</strong></span> <span class='ocrx_word' id='word_1_463' title='bbox 966 5520 1076 5561; x_wconf 82' lang='lat' dir='ltr'><strong>non</strong></span> <span class='ocrx_word' id='word_1_464' title='bbox 1127 5504 1233 5559; x_wconf 88' lang='lat' dir='ltr'><strong>sint</strong></span> <span class='ocrx_word' id='word_1_465' title='bbox 1272 5503 1519 5557; x_wconf 90' lang='lat' dir='ltr'><strong>omnibus</strong></span> <span class='ocrx_word' id='word_1_466' title='bbox 1565 5503 1845 5572; x_wconf 89' lang='lat' dir='ltr'><strong>imperata,</strong></span> 
     </span>
    </p>
   </div>
   <div class='ocr_carea' id='block_1_58' title="bbox 248 5592 1846 5669">
    <p class='ocr_par' dir='ltr' id='par_1_58' title="bbox 248 5592 1846 5669">
     <span class='ocr_line' id='line_1_58' title="bbox 248 5592 1846 5669; baseline -0.005 -14"><span class='ocrx_word' id='word_1_467' title='bbox 248 5599 345 5655; x_wconf 81' lang='lat' dir='ltr'><strong>sed</strong></span> <span class='ocrx_word' id='word_1_468' title='bbox 389 5599 521 5655; x_wconf 91' lang='lat' dir='ltr'><strong>solis</strong></span> <span class='ocrx_word' id='word_1_469' title='bbox 569 5598 945 5669; x_wconf 80' lang='lat' dir='ltr'><strong>apostoliszet</strong></span> <span class='ocrx_word' id='word_1_470' title='bbox 985 5611 1157 5667; x_wconf 90' lang='lat' dir='ltr'><strong>neque</strong></span> <span class='ocrx_word' id='word_1_471' title='bbox 1196 5596 1297 5651; x_wconf 92' lang='lat' dir='ltr'><strong>illis</strong></span> <span class='ocrx_word' id='word_1_472' title='bbox 1342 5596 1395 5649; x_wconf 93' lang='lat' dir='ltr'><strong>in</strong></span> <span class='ocrx_word' id='word_1_473' title='bbox 1443 5608 1621 5659; x_wconf 89' lang='lat' dir='ltr'><strong>omne,</strong></span> <span class='ocrx_word' id='word_1_474' title='bbox 1647 5592 1742 5650; x_wconf 89' lang='lat' dir='ltr'><strong>sed</strong></span> <span class='ocrx_word' id='word_1_475' title='bbox 1778 5593 1846 5648; x_wconf 85' lang='lat' dir='ltr'><strong>ad</strong></span> 
     </span>
    </p>
   </div>
   <div class='ocr_carea' id='block_1_59' title="bbox 251 5685 1844 5760">
    <p class='ocr_par' dir='ltr' id='par_1_59' title="bbox 251 5685 1844 5760">
     <span class='ocr_line' id='line_1_59' title="bbox 251 5685 1844 5760; baseline -0.001 -17"><span class='ocrx_word' id='word_1_476' title='bbox 251 5690 626 5760; x_wconf 73' lang='lat' dir='ltr'><strong>prmscriptum</strong></span> <span class='ocrx_word' id='word_1_477' title='bbox 670 5698 722 5745; x_wconf 88' lang='lat' dir='ltr'><strong>et</strong></span> <span class='ocrx_word' id='word_1_478' title='bbox 748 5690 1159 5743; x_wconf 83' lang='lat' dir='ltr'><strong>dctenninatum</strong></span> <span class='ocrx_word' id='word_1_479' title='bbox 1190 5697 1419 5758; x_wconf 86' lang='lat' dir='ltr'><strong>tempus.</strong></span> <span class='ocrx_word' id='word_1_480' title='bbox 1457 5687 1520 5741; x_wconf 77' lang='lat' dir='ltr'><strong>Et</strong></span> <span class='ocrx_word' id='word_1_481' title='bbox 1568 5685 1710 5741; x_wconf 87' lang='lat' dir='ltr'><strong>unde</strong></span> <span class='ocrx_word' id='word_1_482' title='bbox 1740 5685 1844 5741; x_wconf 79' lang='lat' dir='ltr'><strong>hoc</strong></span> 
     </span>
    </p>
   </div>
   <div class='ocr_carea' id='block_1_60' title="bbox 252 5778 1845 5853">
    <p class='ocr_par' dir='ltr' id='par_1_60' title="bbox 252 5778 1845 5853">
     <span class='ocr_line' id='line_1_60' title="bbox 252 5778 1845 5853; baseline -0.001 -16"><span class='ocrx_word' id='word_1_483' title='bbox 252 5780 648 5838; x_wconf 79' lang='lat' dir='ltr'><strong>manifestum?</strong></span> <span class='ocrx_word' id='word_1_484' title='bbox 697 5781 771 5837; x_wconf 78' lang='lat' dir='ltr'><strong>Ex</strong></span> <span class='ocrx_word' id='word_1_485' title='bbox 824 5781 979 5836; x_wconf 84' lang='lat' dir='ltr'><strong>dictis</strong></span> <span class='ocrx_word' id='word_1_486' title='bbox 1025 5782 1154 5853; x_wconf 81' lang='lat' dir='ltr'><strong>ipsis</strong></span> <span class='ocrx_word' id='word_1_487' title='bbox 1189 5780 1456 5847; x_wconf 81' lang='lat' dir='ltr'><strong>:‘ctcnim,</strong></span> <span class='ocrx_word' id='word_1_488' title='bbox 1486 5778 1685 5836; x_wconf 68' lang='lat' dir='ltr'><strong>vetatis</strong></span> <span class='ocrx_word' id='word_1_489' title='bbox 1710 5778 1845 5836; x_wconf 81' lang='lat' dir='ltr'><strong>duo-</strong></span> 
     </span>
    </p>
   </div>
   <div class='ocr_carea' id='block_1_61' title="bbox 1054 318 2834 426">
    <p class='ocr_par' dir='ltr' id='par_1_61' title="bbox 1054 318 2834 426">
     <span class='ocr_line' id='line_1_61' title="bbox 1054 318 2834 426; baseline 0.004 -19"><span class='ocrx_word' id='word_1_490' title='bbox 1054 349 1120 408; x_wconf 84' lang='lat' dir='ltr'><strong>IN</strong></span> <span class='ocrx_word' id='word_1_491' title='bbox 1158 348 1384 419; x_wconf 87' lang='lat' dir='ltr'><strong>lLLUD,</strong></span> <span class='ocrx_word' id='word_1_492' title='bbox 1425 347 1788 410; x_wconf 67' lang='lat' dir='ltr'><strong>samum</strong></span> <span class='ocrx_word' id='word_1_493' title='bbox 1829 348 2231 411; x_wconf 74' lang='lat' dir='ltr'><strong>PRISCILLAM</strong></span> <span class='ocrx_word' id='word_1_494' title='bbox 2273 355 2360 413; x_wconf 80' lang='grc' dir='ltr'><strong>ετ</strong></span> <span class='ocrx_word' id='word_1_495' title='bbox 2401 318 2730 426; x_wconf 66' lang='grc' dir='ltr'><strong>Αόυιωλί.</strong></span> <span class='ocrx_word' id='word_1_496' title='bbox 2773 359 2834 416; x_wconf 91' lang='lat' dir='ltr'><strong>u.</strong></span> 
     </span>
    </p>
   </div>
   <div class='ocr_carea' id='block_1_62' title="bbox 3470 363 3569 421">
    <p class='ocr_par' dir='ltr' id='par_1_62' title="bbox 3470 363 3569 421">
     <span class='ocr_line' id='line_1_62' title="bbox 3470 363 3569 421; baseline 0.04 -4"><span class='ocrx_word' id='word_1_497' title='bbox 3470 363 3569 421; x_wconf 76' lang='grc'><strong>193</strong></span> 
     </span>
    </p>
   </div>
   <div class='ocr_carea' id='block_1_63' title="bbox 1968 468 3571 540">
    <p class='ocr_par' dir='ltr' id='par_1_63' title="bbox 1968 468 3571 540">
     <span class='ocr_line' id='line_1_63' title="bbox 1968 468 3571 540; baseline 0.003 -16"><span class='ocrx_word' id='word_1_498' title='bbox 1968 468 2145 525; x_wconf 88' lang='lat' dir='ltr'><strong>decim</strong></span> <span class='ocrx_word' id='word_1_499' title='bbox 2172 470 2467 540; x_wconf 88' lang='lat' dir='ltr'><strong>discipulis,</strong></span> <span class='ocrx_word' id='word_1_500' title='bbox 2495 473 2631 527; x_wconf 80' lang='lat' dir='ltr'><strong>dixit</strong></span> <span class='ocrx_word' id='word_1_501' title='bbox 2658 475 2739 528; x_wconf 90' lang='lat' dir='ltr'><strong>eis</strong></span> <span class='ocrx_word' id='word_1_502' title='bbox 2763 491 2775 528; x_wconf 90' lang='lat'>:</span> <span class='ocrx_word' id='word_1_503' title='bbox 2812 472 2876 528; x_wconf 85' lang='lat' dir='ltr'><strong>In</strong></span> <span class='ocrx_word' id='word_1_504' title='bbox 2906 474 3037 528; x_wconf 74' lang='lat' dir='ltr'><strong>viam</strong></span> <span class='ocrx_word' id='word_1_505' title='bbox 3057 472 3292 531; x_wconf 79' lang='lat' dir='ltr'><strong>Gentium</strong></span> <span class='ocrx_word' id='word_1_506' title='bbox 3320 492 3383 531; x_wconf 78' lang='lat' dir='ltr'><strong>ne</strong></span> <span class='ocrx_word' id='word_1_507' title='bbox 3416 476 3571 529; x_wconf 60' lang='lat' dir='ltr'><strong>obie-</strong></span> 
     </span>
    </p>
   </div>
   <div class='ocr_carea' id='block_1_64' title="bbox 1965 563 3566 627">
    <p class='ocr_par' dir='ltr' id='par_1_64' title="bbox 1965 563 3566 627">
     <span class='ocr_line' id='line_1_64' title="bbox 1965 563 3566 627; baseline 0.004 -13"><span class='ocrx_word' id='word_1_508' title='bbox 1965 563 2105 627; x_wconf 86' lang='lat' dir='ltr'><strong>ritis,</strong></span> <span class='ocrx_word' id='word_1_509' title='bbox 2138 571 2186 616; x_wconf 89' lang='lat' dir='ltr'><strong>et</strong></span> <span class='ocrx_word' id='word_1_510' title='bbox 2214 563 2265 616; x_wconf 89' lang='lat' dir='ltr'><strong>in</strong></span> <span class='ocrx_word' id='word_1_511' title='bbox 2293 564 2541 617; x_wconf 85' lang='lat' dir='ltr'><strong>civitatem</strong></span> <span class='ocrx_word' id='word_1_512' title='bbox 2565 565 3009 621; x_wconf 86' lang='lat' dir='ltr'><strong>Samaritanorum</strong></span> <span class='ocrx_word' id='word_1_513' title='bbox 3041 582 3104 622; x_wconf 85' lang='lat' dir='ltr'><strong>ne</strong></span> <span class='ocrx_word' id='word_1_514' title='bbox 3131 565 3453 623; x_wconf 79' lang='lat' dir='ltr'><strong>intraveritt&#39;s.</strong></span> <span class='ocrx_word' id='word_1_515' title='bbox 3488 565 3566 620; x_wconf 84' lang='lat' dir='ltr'><strong>Ite</strong></span> 
     </span>
    </p>
   </div>
   <div class='ocr_carea' id='block_1_65' title="bbox 1966 653 3571 729">
    <p class='ocr_par' dir='ltr' id='par_1_65' title="bbox 1966 653 3571 729">
     <span class='ocr_line' id='line_1_65' title="bbox 1966 653 3571 729; baseline 0.002 -24"><span class='ocrx_word' id='word_1_516' title='bbox 1966 653 2133 723; x_wconf 86' lang='lat' dir='ltr'><strong>potius</strong></span> <span class='ocrx_word' id='word_1_517' title='bbox 2176 654 2246 706; x_wconf 84' lang='lat' dir='ltr'><strong>ad</strong></span> <span class='ocrx_word' id='word_1_518' title='bbox 2287 671 2400 708; x_wconf 90' lang='lat' dir='ltr'><strong>oves</strong></span> <span class='ocrx_word' id='word_1_519' title='bbox 2440 654 2620 710; x_wconf 85' lang='lat' dir='ltr'><strong>domus</strong></span> <span class='ocrx_word' id='word_1_520' title='bbox 2649 656 2817 711; x_wconf 84' lang='lat' dir='ltr'><strong>Israel</strong></span> <span class='ocrx_word' id='word_1_521' title='bbox 2860 673 2972 728; x_wconf 76' lang='lat' dir='ltr'><strong>qua:</strong></span> <span class='ocrx_word' id='word_1_522' title='bbox 3008 657 3261 729; x_wconf 86' lang='lat' dir='ltr'><strong>perierunt</strong></span> <span class='ocrx_word' id='word_1_523' title='bbox 3290 658 3571 726; x_wconf 80' lang='lat' dir='ltr'><strong>:inﬁrmos</strong></span> 
     </span>
    </p>
   </div>
   <div class='ocr_carea' id='block_1_66' title="bbox 1964 742 3560 816">
    <p class='ocr_par' dir='ltr' id='par_1_66' title="bbox 1964 742 3560 816">
     <span class='ocr_line' id='line_1_66' title="bbox 1964 742 3560 816; baseline 0.003 -21"><span class='ocrx_word' id='word_1_524' title='bbox 1964 752 2135 796; x_wconf 90' lang='lat' dir='ltr'><strong>curate</strong></span> <span class='ocrx_word' id='word_1_525' title='bbox 2152 783 2168 808; x_wconf 93' lang='lat'><strong>,</strong></span> <span class='ocrx_word' id='word_1_526' title='bbox 2199 742 2422 813; x_wconf 84' lang='lat' dir='ltr'><strong>leprosos</strong></span> <span class='ocrx_word' id='word_1_527' title='bbox 2445 746 2701 808; x_wconf 84' lang='lat' dir='ltr'><strong>mundule,</strong></span> <span class='ocrx_word' id='word_1_528' title='bbox 2731 746 2981 800; x_wconf 77' lang='lat' dir='ltr'><strong>dtemonia</strong></span> <span class='ocrx_word' id='word_1_529' title='bbox 3009 747 3173 815; x_wconf 87' lang='lat' dir='ltr'><strong>ejicite</strong></span> <span class='ocrx_word' id='word_1_530' title='bbox 3193 762 3212 801; x_wconf 83' lang='lat'><strong>.&#39;</strong></span> <span class='ocrx_word' id='word_1_531' title='bbox 3233 747 3390 816; x_wconf 86' lang='lat' dir='ltr'><strong>gratis</strong></span> <span class='ocrx_word' id='word_1_532' title='bbox 3416 761 3560 799; x_wconf 80' lang='lat' dir='ltr'><strong>acce-</strong></span> 
     </span>
    </p>
   </div>
   <div class='ocr_carea' id='block_1_67' title="bbox 1965 834 3557 910">
    <p class='ocr_par' dir='ltr' id='par_1_67' title="bbox 1965 834 3557 910">
     <span class='ocr_line' id='line_1_67' title="bbox 1965 834 3557 910; baseline -0.001 -23"><span class='ocrx_word' id='word_1_533' title='bbox 1965 834 2129 903; x_wconf 86' lang='lat' dir='ltr'><strong>pistis,</strong></span> <span class='ocrx_word' id='word_1_534' title='bbox 2157 834 2313 904; x_wconf 87' lang='lat' dir='ltr'><strong>gratis</strong></span> <span class='ocrx_word' id='word_1_535' title='bbox 2341 834 2456 887; x_wconf 81' lang='lat' dir='ltr'><strong>date</strong></span> <span class='ocrx_word' id='word_1_536' title='bbox 2486 851 2504 887; x_wconf 91' lang='lat'><strong><em>:</em></strong></span> <span class='ocrx_word' id='word_1_537' title='bbox 2532 852 2595 889; x_wconf 88' lang='lat' dir='ltr'><strong>ne</strong></span> <span class='ocrx_word' id='word_1_538' title='bbox 2618 836 2914 905; x_wconf 75' lang='lat' dir='ltr'><strong>possidentis</strong></span> <span class='ocrx_word' id='word_1_539' title='bbox 2948 853 3127 889; x_wconf 88' lang='lat' dir='ltr'><strong>aurum</strong></span> <span class='ocrx_word' id='word_1_540' title='bbox 3164 838 3241 890; x_wconf 88' lang='lat' dir='ltr'><strong>vel</strong></span> <span class='ocrx_word' id='word_1_541' title='bbox 3269 847 3557 910; x_wconf 82' lang='lat' dir='ltr'><strong>argentum,</strong></span> 
     </span>
    </p>
   </div>
   <div class='ocr_carea' id='block_1_68' title="bbox 1964 927 3550 999">
    <p class='ocr_par' dir='ltr' id='par_1_68' title="bbox 1964 927 3550 999">
     <span class='ocr_line' id='line_1_68' title="bbox 1964 927 3550 999; baseline 0.002 -19"><span class='ocrx_word' id='word_1_542' title='bbox 1964 929 2041 980; x_wconf 86' lang='lat' dir='ltr'><strong>vel</strong></span> <span class='ocrx_word' id='word_1_543' title='bbox 2062 942 2132 981; x_wconf 70' lang='lat' dir='ltr'><strong>aes</strong></span> <span class='ocrx_word' id='word_1_544' title='bbox 2157 928 2208 981; x_wconf 90' lang='lat' dir='ltr'><strong>in</strong></span> <span class='ocrx_word' id='word_1_545' title='bbox 2237 928 2378 981; x_wconf 75' lang='lat' dir='ltr'><strong>zonis</strong></span> <span class='ocrx_word' id='word_1_546' title='bbox 2407 929 2580 981; x_wconf 85' lang='lat' dir='ltr'><strong>vestris</strong></span> <span class='ocrx_word' id='word_1_547' title='bbox 2620 927 3075 999; x_wconf 73' lang='lat' dir='ltr'><strong>(Mattlt.10.6-9).</strong></span> <span class='ocrx_word' id='word_1_548' title='bbox 3100 928 3329 984; x_wconf 84' lang='lat' dir='ltr'><strong>Attende</strong></span> <span class='ocrx_word' id='word_1_549' title='bbox 3356 940 3550 997; x_wconf 83' lang='lat' dir='ltr'><strong>quanta</strong></span> 
     </span>
    </p>
   </div>
   <div class='ocr_carea' id='block_1_69' title="bbox 1964 1017 3548 1090">
    <p class='ocr_par' dir='ltr' id='par_1_69' title="bbox 1964 1017 3548 1090">
     <span class='ocr_line' id='line_1_69' title="bbox 1964 1017 3548 1090; baseline 0.001 -19"><span class='ocrx_word' id='word_1_550' title='bbox 1964 1017 2200 1087; x_wconf 80' lang='lat' dir='ltr'><strong>magistri</strong></span> <span class='ocrx_word' id='word_1_551' title='bbox 2230 1019 2510 1087; x_wconf 84' lang='lat' dir='ltr'><strong>sapientia,</strong></span> <span class='ocrx_word' id='word_1_552' title='bbox 2544 1019 2815 1089; x_wconf 87' lang='lat' dir='ltr'><strong>quomodo</strong></span> <span class='ocrx_word' id='word_1_553' title='bbox 2843 1019 2959 1074; x_wconf 87' lang='lat' dir='ltr'><strong>leve</strong></span> <span class='ocrx_word' id='word_1_554' title='bbox 2994 1020 3096 1074; x_wconf 91' lang='lat' dir='ltr'><strong>hoc</strong></span> <span class='ocrx_word' id='word_1_555' title='bbox 3119 1028 3438 1090; x_wconf 76' lang='lat' dir='ltr'><strong>pneceptnm</strong></span> <span class='ocrx_word' id='word_1_556' title='bbox 3477 1021 3548 1073; x_wconf 84' lang='lat' dir='ltr'><strong>fe-</strong></span> 
     </span>
    </p>
   </div>
   <div class='ocr_carea' id='block_1_70' title="bbox 1962 1107 3544 1179">
    <p class='ocr_par' dir='ltr' id='par_1_70' title="bbox 1962 1107 3544 1179">
     <span class='ocr_line' id='line_1_70' title="bbox 1962 1107 3544 1179; baseline 0.002 -18"><span class='ocrx_word' id='word_1_557' title='bbox 1962 1107 2119 1162; x_wconf 89' lang='lat' dir='ltr'><strong>cerit.</strong></span> <span class='ocrx_word' id='word_1_558' title='bbox 2170 1107 2302 1161; x_wconf 86' lang='lat' dir='ltr'><strong>Nam</strong></span> <span class='ocrx_word' id='word_1_559' title='bbox 2343 1124 2463 1162; x_wconf 90' lang='lat' dir='ltr'><strong>cum</strong></span> <span class='ocrx_word' id='word_1_560' title='bbox 2494 1110 2641 1179; x_wconf 90' lang='lat' dir='ltr'><strong>prius</strong></span> <span class='ocrx_word' id='word_1_561' title='bbox 2673 1109 2897 1164; x_wconf 78' lang='lat' dir='ltr'><strong>dixisset</strong></span> <span class='ocrx_word' id='word_1_562' title='bbox 2923 1126 2937 1164; x_wconf 88' lang='lat'><strong>:</strong></span> <span class='ocrx_word' id='word_1_563' title='bbox 2968 1108 3214 1179; x_wconf 81' lang='lat' dir='ltr'><strong>Inﬁrmos</strong></span> <span class='ocrx_word' id='word_1_564' title='bbox 3256 1121 3449 1176; x_wconf 88' lang='lat' dir='ltr'><strong>curate,</strong></span> <span class='ocrx_word' id='word_1_565' title='bbox 3479 1110 3544 1164; x_wconf 80' lang='lat' dir='ltr'><strong>le-</strong></span> 
     </span>
    </p>
   </div>
   <div class='ocr_carea' id='block_1_71' title="bbox 1963 1198 3547 1272">
    <p class='ocr_par' dir='ltr' id='par_1_71' title="bbox 1963 1198 3547 1272">
     <span class='ocr_line' id='line_1_71' title="bbox 1963 1198 3547 1272; baseline 0.003 -21"><span class='ocrx_word' id='word_1_566' title='bbox 1963 1216 2139 1271; x_wconf 88' lang='lat' dir='ltr'><strong>prosos</strong></span> <span class='ocrx_word' id='word_1_567' title='bbox 2187 1201 2423 1254; x_wconf 83' lang='lat' dir='ltr'><strong>mandate</strong></span> <span class='ocrx_word' id='word_1_568' title='bbox 2447 1241 2461 1265; x_wconf 94' lang='lat'><strong>,</strong></span> <span class='ocrx_word' id='word_1_569' title='bbox 2495 1202 2748 1255; x_wconf 67' lang='lat' dir='ltr'><strong>diemones</strong></span> <span class='ocrx_word' id='word_1_570' title='bbox 2776 1201 2938 1271; x_wconf 58' lang='grc' dir='ltr'><strong>(ᾔει-ξω</strong></span> <span class='ocrx_word' id='word_1_571' title='bbox 2958 1198 3066 1272; x_wconf 89' lang='lat' dir='ltr'><strong>(Ib.</strong></span> <span class='ocrx_word' id='word_1_572' title='bbox 3092 1218 3139 1256; x_wconf 94' lang='lat' dir='ltr'><strong>v.</strong></span> <span class='ocrx_word' id='word_1_573' title='bbox 3164 1201 3241 1269; x_wconf 89' lang='grc'><strong>8),</strong></span> <span class='ocrx_word' id='word_1_574' title='bbox 3275 1217 3547 1270; x_wconf 76' lang='lat' dir='ltr'><strong>magnam-</strong></span> 
     </span>
    </p>
   </div>
   <div class='ocr_carea' id='block_1_72' title="bbox 1963 1289 3556 1360">
    <p class='ocr_par' dir='ltr' id='par_1_72' title="bbox 1963 1289 3556 1360">
     <span class='ocr_line' id='line_1_72' title="bbox 1963 1289 3556 1360; baseline 0.002 -18"><span class='ocrx_word' id='word_1_575' title='bbox 1963 1304 2067 1358; x_wconf 90' lang='lat' dir='ltr'><strong>que</strong></span> <span class='ocrx_word' id='word_1_576' title='bbox 2092 1289 2169 1343; x_wconf 92' lang='lat' dir='ltr'><strong>eis</strong></span> <span class='ocrx_word' id='word_1_577' title='bbox 2199 1290 2422 1360; x_wconf 85' lang='lat' dir='ltr'><strong>gratiam</strong></span> <span class='ocrx_word' id='word_1_578' title='bbox 2444 1290 2737 1345; x_wconf 87' lang='lat' dir='ltr'><strong>liberaliter</strong></span> <span class='ocrx_word' id='word_1_579' title='bbox 2763 1290 3018 1356; x_wconf 87' lang='lat' dir='ltr'><strong>dedisset,</strong></span> <span class='ocrx_word' id='word_1_580' title='bbox 3053 1300 3177 1346; x_wconf 90' lang='lat' dir='ltr'><strong>tunc</strong></span> <span class='ocrx_word' id='word_1_581' title='bbox 3204 1291 3415 1346; x_wconf 88' lang='lat' dir='ltr'><strong>tandem</strong></span> <span class='ocrx_word' id='word_1_582' title='bbox 3438 1291 3556 1346; x_wconf 64' lang='lat' dir='ltr'><strong>haec</strong></span> 
     </span>
    </p>
   </div>
   <div class='ocr_carea' id='block_1_73' title="bbox 1962 1378 3555 1452">
    <p class='ocr_par' dir='ltr' id='par_1_73' title="bbox 1962 1378 3555 1452">
     <span class='ocr_line' id='line_1_73' title="bbox 1962 1378 3555 1452; baseline 0.003 -19"><span class='ocrx_word' id='word_1_583' title='bbox 1962 1378 2261 1448; x_wconf 80' lang='lat' dir='ltr'><strong>imperavit,</strong></span> <span class='ocrx_word' id='word_1_584' title='bbox 2291 1381 2540 1434; x_wconf 90' lang='lat' dir='ltr'><strong>nimirum</strong></span> <span class='ocrx_word' id='word_1_585' title='bbox 2572 1391 2939 1450; x_wconf 82' lang='lat' dir='ltr'><strong>paupertatem</strong></span> <span class='ocrx_word' id='word_1_586' title='bbox 2968 1382 3239 1452; x_wconf 87' lang='lat' dir='ltr'><strong>signorum</strong></span> <span class='ocrx_word' id='word_1_587' title='bbox 3291 1391 3555 1451; x_wconf 84' lang='lat' dir='ltr'><strong>potestate</strong></span> 
     </span>
    </p>
   </div>
   <div class='ocr_carea' id='block_1_74' title="bbox 1964 1470 3553 1543">
    <p class='ocr_par' dir='ltr' id='par_1_74' title="bbox 1964 1470 3553 1543">
     <span class='ocr_line' id='line_1_74' title="bbox 1964 1470 3553 1543; baseline 0.003 -20"><span class='ocrx_word' id='word_1_588' title='bbox 1964 1470 2134 1525; x_wconf 78' lang='lat' dir='ltr'><strong>levent</strong></span> <span class='ocrx_word' id='word_1_589' title='bbox 2164 1481 2219 1526; x_wconf 90' lang='lat' dir='ltr'><strong>et</strong></span> <span class='ocrx_word' id='word_1_590' title='bbox 2261 1470 2468 1527; x_wconf 82' lang='lat' dir='ltr'><strong>facilem</strong></span> <span class='ocrx_word' id='word_1_591' title='bbox 2498 1473 2745 1527; x_wconf 86' lang='lat' dir='ltr'><strong>reddens.</strong></span> <span class='ocrx_word' id='word_1_592' title='bbox 2776 1472 2960 1543; x_wconf 88' lang='lat' dir='ltr'><strong>Neque</strong></span> <span class='ocrx_word' id='word_1_593' title='bbox 2989 1488 3054 1527; x_wconf 86' lang='lat' dir='ltr'><strong>ex</strong></span> <span class='ocrx_word' id='word_1_594' title='bbox 3088 1473 3173 1527; x_wconf 90' lang='lat' dir='ltr'><strong>his</strong></span> <span class='ocrx_word' id='word_1_595' title='bbox 3199 1475 3373 1528; x_wconf 91' lang='lat' dir='ltr'><strong>solum</strong></span> <span class='ocrx_word' id='word_1_596' title='bbox 3392 1515 3408 1539; x_wconf 91' lang='lat'><strong>,</strong></span> <span class='ocrx_word' id='word_1_597' title='bbox 3457 1474 3553 1528; x_wconf 84' lang='lat' dir='ltr'><strong>sed</strong></span> 
     </span>
    </p>
   </div>
   <div class='ocr_carea' id='block_1_75' title="bbox 1961 1562 3554 1633">
    <p class='ocr_par' dir='ltr' id='par_1_75' title="bbox 1961 1562 3554 1633">
     <span class='ocr_line' id='line_1_75' title="bbox 1961 1562 3554 1633; baseline 0.001 -16"><span class='ocrx_word' id='word_1_598' title='bbox 1961 1576 2026 1617; x_wconf 89' lang='lat' dir='ltr'><strong>ex</strong></span> <span class='ocrx_word' id='word_1_599' title='bbox 2057 1562 2237 1617; x_wconf 88' lang='lat' dir='ltr'><strong>multis</strong></span> <span class='ocrx_word' id='word_1_600' title='bbox 2282 1563 2401 1617; x_wconf 91' lang='lat' dir='ltr'><strong>aliis</strong></span> <span class='ocrx_word' id='word_1_601' title='bbox 2452 1564 2789 1617; x_wconf 90' lang='lat' dir='ltr'><strong>manifestum</strong></span> <span class='ocrx_word' id='word_1_602' title='bbox 2834 1571 2937 1629; x_wconf 90' lang='lat' dir='ltr'><strong>est,</strong></span> <span class='ocrx_word' id='word_1_603' title='bbox 2964 1563 3092 1617; x_wconf 91' lang='lat' dir='ltr'><strong>solis</strong></span> <span class='ocrx_word' id='word_1_604' title='bbox 3116 1562 3394 1633; x_wconf 81' lang='lat' dir='ltr'><strong>discipulis</strong></span> <span class='ocrx_word' id='word_1_605' title='bbox 3432 1580 3554 1619; x_wconf 86' lang='lat' dir='ltr'><strong>esse</strong></span> 
     </span>
    </p>
   </div>
   <div class='ocr_carea' id='block_1_76' title="bbox 1960 1651 3554 1724">
    <p class='ocr_par' dir='ltr' id='par_1_76' title="bbox 1960 1651 3554 1724">
     <span class='ocr_line' id='line_1_76' title="bbox 1960 1651 3554 1724; baseline 0 -19"><span class='ocrx_word' id='word_1_606' title='bbox 1960 1651 2297 1720; x_wconf 73' lang='lat' dir='ltr'><strong>imperatum.</strong></span> <span class='ocrx_word' id='word_1_607' title='bbox 2328 1651 2461 1706; x_wconf 87' lang='lat' dir='ltr'><strong>Nam</strong></span> <span class='ocrx_word' id='word_1_608' title='bbox 2493 1662 2547 1707; x_wconf 88' lang='lat' dir='ltr'><strong>et</strong></span> <span class='ocrx_word' id='word_1_609' title='bbox 2589 1653 2842 1724; x_wconf 88' lang='lat' dir='ltr'><strong>virgines,</strong></span> <span class='ocrx_word' id='word_1_610' title='bbox 2869 1654 2993 1723; x_wconf 85' lang='lat' dir='ltr'><strong>quia</strong></span> <span class='ocrx_word' id='word_1_611' title='bbox 3045 1652 3224 1707; x_wconf 88' lang='lat' dir='ltr'><strong>oleum</strong></span> <span class='ocrx_word' id='word_1_612' title='bbox 3266 1654 3318 1707; x_wconf 91' lang='lat' dir='ltr'><strong>in</strong></span> <span class='ocrx_word' id='word_1_613' title='bbox 3354 1654 3554 1722; x_wconf 83' lang='lat' dir='ltr'><strong>lampa-</strong></span> 
     </span>
    </p>
   </div>
   <div class='ocr_carea' id='block_1_77' title="bbox 1960 1741 3549 1816">
    <p class='ocr_par' dir='ltr' id='par_1_77' title="bbox 1960 1741 3549 1816">
     <span class='ocr_line' id='line_1_77' title="bbox 1960 1741 3549 1816; baseline 0.003 -21"><span class='ocrx_word' id='word_1_614' title='bbox 1960 1741 2119 1797; x_wconf 89' lang='lat' dir='ltr'><strong>dibus</strong></span> <span class='ocrx_word' id='word_1_615' title='bbox 2145 1743 2257 1797; x_wconf 91' lang='lat' dir='ltr'><strong>suis</strong></span> <span class='ocrx_word' id='word_1_616' title='bbox 2284 1758 2391 1797; x_wconf 90' lang='lat' dir='ltr'><strong>non</strong></span> <span class='ocrx_word' id='word_1_617' title='bbox 2424 1743 2711 1812; x_wconf 83' lang='lat' dir='ltr'><strong>habebant,</strong></span> <span class='ocrx_word' id='word_1_618' title='bbox 2742 1744 2947 1814; x_wconf 91' lang='lat' dir='ltr'><strong>punivit</strong></span> <span class='ocrx_word' id='word_1_619' title='bbox 2999 1743 3212 1816; x_wconf 92' lang='lat' dir='ltr'><strong>(Matth.</strong></span> <span class='ocrx_word' id='word_1_620' title='bbox 3239 1743 3330 1800; x_wconf 81' lang='grc'><strong>25.</strong></span> <span class='ocrx_word' id='word_1_621' title='bbox 3363 1745 3549 1814; x_wconf 81' lang='lat' dir='ltr'><strong>l-i2):</strong></span> 
     </span>
    </p>
   </div>
   <div class='ocr_carea' id='block_1_78' title="bbox 1962 1834 3549 1907">
    <p class='ocr_par' dir='ltr' id='par_1_78' title="bbox 1962 1834 3549 1907">
     <span class='ocr_line' id='line_1_78' title="bbox 1962 1834 3549 1907; baseline 0.003 -18"><span class='ocrx_word' id='word_1_622' title='bbox 1962 1844 2018 1889; x_wconf 89' lang='lat' dir='ltr'><strong>et</strong></span> <span class='ocrx_word' id='word_1_623' title='bbox 2046 1834 2182 1890; x_wconf 89' lang='lat' dir='ltr'><strong>alios</strong></span> <span class='ocrx_word' id='word_1_624' title='bbox 2205 1850 2417 1905; x_wconf 88' lang='lat' dir='ltr'><strong>quoque</strong></span> <span class='ocrx_word' id='word_1_625' title='bbox 2458 1837 2635 1907; x_wconf 88' lang='lat' dir='ltr'><strong>arguit</strong></span> <span class='ocrx_word' id='word_1_626' title='bbox 2672 1845 2727 1891; x_wconf 88' lang='lat' dir='ltr'><strong>et</strong></span> <span class='ocrx_word' id='word_1_627' title='bbox 2768 1837 3030 1907; x_wconf 87' lang='lat' dir='ltr'><strong>increpat,</strong></span> <span class='ocrx_word' id='word_1_628' title='bbox 3061 1837 3182 1907; x_wconf 88' lang='lat' dir='ltr'><strong>quia</strong></span> <span class='ocrx_word' id='word_1_629' title='bbox 3223 1837 3549 1893; x_wconf 88' lang='lat' dir='ltr'><strong>esurientem</strong></span> 
     </span>
    </p>
   </div>
   <div class='ocr_carea' id='block_1_79' title="bbox 1962 1924 3548 1999">
    <p class='ocr_par' dir='ltr' id='par_1_79' title="bbox 1962 1924 3548 1999">
     <span class='ocr_line' id='line_1_79' title="bbox 1962 1924 3548 1999; baseline 0.003 -21"><span class='ocrx_word' id='word_1_630' title='bbox 1962 1924 2135 1994; x_wconf 88' lang='lat' dir='ltr'><strong>ipsum</strong></span> <span class='ocrx_word' id='word_1_631' title='bbox 2178 1925 2449 1992; x_wconf 85' lang='lat' dir='ltr'><strong>viderunt,</strong></span> <span class='ocrx_word' id='word_1_632' title='bbox 2480 1936 2535 1982; x_wconf 93' lang='lat' dir='ltr'><strong>et</strong></span> <span class='ocrx_word' id='word_1_633' title='bbox 2561 1943 2669 1982; x_wconf 93' lang='lat' dir='ltr'><strong>non</strong></span> <span class='ocrx_word' id='word_1_634' title='bbox 2718 1936 2998 1999; x_wconf 83' lang='lat' dir='ltr'><strong>paverunt,</strong></span> <span class='ocrx_word' id='word_1_635' title='bbox 3027 1936 3083 1984; x_wconf 91' lang='lat' dir='ltr'><strong>et</strong></span> <span class='ocrx_word' id='word_1_636' title='bbox 3116 1928 3388 1984; x_wconf 88' lang='lat' dir='ltr'><strong>sitientem</strong></span> <span class='ocrx_word' id='word_1_637' title='bbox 3440 1943 3548 1983; x_wconf 90' lang='lat' dir='ltr'><strong>non</strong></span> 
     </span>
    </p>
   </div>
   <div class='ocr_carea' id='block_1_80' title="bbox 1959 2014 3551 2089">
    <p class='ocr_par' dir='ltr' id='par_1_80' title="bbox 1959 2014 3551 2089">
     <span class='ocr_line' id='line_1_80' title="bbox 1959 2014 3551 2089; baseline 0.006 -23"><span class='ocrx_word' id='word_1_638' title='bbox 1959 2024 2213 2086; x_wconf 84' lang='lat' dir='ltr'><strong>putarunt</strong></span> <span class='ocrx_word' id='word_1_639' title='bbox 2240 2014 2347 2087; x_wconf 90' lang='lat' dir='ltr'><strong>(Ib.</strong></span> <span class='ocrx_word' id='word_1_640' title='bbox 2398 2034 2444 2071; x_wconf 92' lang='lat' dir='ltr'><strong>v.</strong></span> <span class='ocrx_word' id='word_1_641' title='bbox 2473 2018 2563 2073; x_wconf 70' lang='grc'><strong>41.</strong></span> <span class='ocrx_word' id='word_1_642' title='bbox 2591 2018 2749 2089; x_wconf 85' lang='lat' dir='ltr'><strong>sqq.).</strong></span> <span class='ocrx_word' id='word_1_643' title='bbox 2781 2018 2950 2074; x_wconf 82' lang='lat' dir='ltr'><strong>Porro</strong></span> <span class='ocrx_word' id='word_1_644' title='bbox 2986 2019 3033 2073; x_wconf 90' lang='lat' dir='ltr'><strong>is</strong></span> <span class='ocrx_word' id='word_1_645' title='bbox 3059 2019 3144 2073; x_wconf 88' lang='lat' dir='ltr'><strong>cui</strong></span> <span class='ocrx_word' id='word_1_646' title='bbox 3193 2032 3300 2073; x_wconf 89' lang='lat' dir='ltr'><strong>non</strong></span> <span class='ocrx_word' id='word_1_647' title='bbox 3349 2027 3435 2074; x_wconf 88' lang='lat' dir='ltr'><strong>est</strong></span> <span class='ocrx_word' id='word_1_648' title='bbox 3473 2034 3551 2076; x_wconf 69' lang='grc' dir='ltr'><strong>τα</strong></span> 
     </span>
    </p>
   </div>
   <div class='ocr_carea' id='block_1_81' title="bbox 1958 2110 3551 2183">
    <p class='ocr_par' dir='ltr' id='par_1_81' title="bbox 1958 2110 3551 2183">
     <span class='ocr_line' id='line_1_81' title="bbox 1958 2110 3551 2183; baseline 0.004 -20"><span class='ocrx_word' id='word_1_649' title='bbox 1958 2123 2132 2179; x_wconf 90' lang='lat' dir='ltr'><strong>neque</strong></span> <span class='ocrx_word' id='word_1_650' title='bbox 2176 2110 2600 2167; x_wconf 85' lang='lat' dir='ltr'><strong>calceamentum</strong></span> <span class='ocrx_word' id='word_1_651' title='bbox 2625 2152 2640 2178; x_wconf 91' lang='lat'><strong>,</strong></span> <span class='ocrx_word' id='word_1_652' title='bbox 2671 2116 2765 2168; x_wconf 89' lang='lat' dir='ltr'><strong>sed</strong></span> <span class='ocrx_word' id='word_1_653' title='bbox 2820 2128 2926 2167; x_wconf 89' lang='lat' dir='ltr'><strong>una</strong></span> <span class='ocrx_word' id='word_1_654' title='bbox 2978 2122 3182 2167; x_wconf 88' lang='lat' dir='ltr'><strong>tantum</strong></span> <span class='ocrx_word' id='word_1_655' title='bbox 3210 2114 3395 2181; x_wconf 84' lang='lat' dir='ltr'><strong>vestis,</strong></span> <span class='ocrx_word' id='word_1_656' title='bbox 3418 2129 3551 2183; x_wconf 85' lang='lat' dir='ltr'><strong>quo-</strong></span> 
     </span>
    </p>
   </div>
   <div class='ocr_carea' id='block_1_82' title="bbox 1958 2199 3549 2276">
    <p class='ocr_par' dir='ltr' id='par_1_82' title="bbox 1958 2199 3549 2276">
     <span class='ocr_line' id='line_1_82' title="bbox 1958 2199 3549 2276; baseline 0.006 -23"><span class='ocrx_word' id='word_1_657' title='bbox 1958 2199 2119 2254; x_wconf 89' lang='lat' dir='ltr'><strong>modo</strong></span> <span class='ocrx_word' id='word_1_658' title='bbox 2145 2200 2307 2256; x_wconf 88' lang='lat' dir='ltr'><strong>alium</strong></span> <span class='ocrx_word' id='word_1_659' title='bbox 2355 2218 2596 2272; x_wconf 81' lang='lat' dir='ltr'><strong>pascere,</strong></span> <span class='ocrx_word' id='word_1_660' title='bbox 2625 2203 2894 2274; x_wconf 90' lang='lat' dir='ltr'><strong>quomodo</strong></span> <span class='ocrx_word' id='word_1_661' title='bbox 2920 2205 3119 2260; x_wconf 91' lang='lat' dir='ltr'><strong>nudum</strong></span> <span class='ocrx_word' id='word_1_662' title='bbox 3147 2207 3345 2262; x_wconf 86' lang='lat' dir='ltr'><strong>vestire</strong></span> <span class='ocrx_word' id='word_1_663' title='bbox 3363 2248 3378 2273; x_wconf 90' lang='lat'><strong>,</strong></span> <span class='ocrx_word' id='word_1_664' title='bbox 3415 2223 3549 2276; x_wconf 87' lang='lat' dir='ltr'><strong>quo-</strong></span> 
     </span>
    </p>
   </div>
   <div class='ocr_carea' id='block_1_83' title="bbox 1958 2289 3546 2365">
    <p class='ocr_par' dir='ltr' id='par_1_83' title="bbox 1958 2289 3546 2365">
     <span class='ocr_line' id='line_1_83' title="bbox 1958 2289 3546 2365; baseline 0.005 -21"><span class='ocrx_word' id='word_1_665' title='bbox 1958 2289 2120 2344; x_wconf 87' lang='lat' dir='ltr'><strong>modo</strong></span> <span class='ocrx_word' id='word_1_666' title='bbox 2148 2290 2415 2362; x_wconf 89' lang='lat' dir='ltr'><strong>hospitem</strong></span> <span class='ocrx_word' id='word_1_667' title='bbox 2445 2294 2495 2347; x_wconf 91' lang='lat' dir='ltr'><strong>in</strong></span> <span class='ocrx_word' id='word_1_668' title='bbox 2522 2292 2739 2348; x_wconf 91' lang='lat' dir='ltr'><strong>domum</strong></span> <span class='ocrx_word' id='word_1_669' title='bbox 2786 2294 3037 2350; x_wconf 89' lang='lat' dir='ltr'><strong>inducere</strong></span> <span class='ocrx_word' id='word_1_670' title='bbox 3080 2297 3317 2365; x_wconf 78' lang='lat' dir='ltr'><strong>poterit?</strong></span> <span class='ocrx_word' id='word_1_671' title='bbox 3343 2296 3447 2352; x_wconf 89' lang='lat' dir='ltr'><strong>Sed</strong></span> <span class='ocrx_word' id='word_1_672' title='bbox 3477 2298 3546 2352; x_wconf 89' lang='lat' dir='ltr'><strong>ad</strong></span> 
     </span>
    </p>
   </div>
   <div class='ocr_carea' id='block_1_84' title="bbox 1958 2378 3546 2456">
    <p class='ocr_par' dir='ltr' id='par_1_84' title="bbox 1958 2378 3546 2456">
     <span class='ocr_line' id='line_1_84' title="bbox 1958 2378 3546 2456; baseline 0.008 -22"><span class='ocrx_word' id='word_1_673' title='bbox 1958 2378 2075 2435; x_wconf 60' lang='lat' dir='ltr'><strong>haec</strong></span> <span class='ocrx_word' id='word_1_674' title='bbox 2098 2390 2153 2435; x_wconf 88' lang='lat' dir='ltr'><strong>et</strong></span> <span class='ocrx_word' id='word_1_675' title='bbox 2178 2381 2393 2437; x_wconf 90' lang='lat' dir='ltr'><strong>aliunde</strong></span> <span class='ocrx_word' id='word_1_676' title='bbox 2419 2384 2621 2438; x_wconf 88' lang='lat' dir='ltr'><strong>clarum</strong></span> <span class='ocrx_word' id='word_1_677' title='bbox 2649 2399 2770 2440; x_wconf 91' lang='lat' dir='ltr'><strong>esse</strong></span> <span class='ocrx_word' id='word_1_678' title='bbox 2811 2394 3040 2456; x_wconf 89' lang='lat' dir='ltr'><strong>poterat.</strong></span> <span class='ocrx_word' id='word_1_679' title='bbox 3076 2386 3209 2444; x_wconf 83' lang='lat' dir='ltr'><strong>Nam</strong></span> <span class='ocrx_word' id='word_1_680' title='bbox 3256 2388 3546 2446; x_wconf 85' lang='lat' dir='ltr'><strong>accedente</strong></span> 
     </span>
    </p>
   </div>
   <div class='ocr_carea' id='block_1_85' title="bbox 1956 2474 3545 2549">
    <p class='ocr_par' dir='ltr' id='par_1_85' title="bbox 1956 2474 3545 2549">
     <span class='ocr_line' id='line_1_85' title="bbox 1956 2474 3545 2549; baseline 0.003 -20"><span class='ocrx_word' id='word_1_681' title='bbox 1956 2484 2012 2529; x_wconf 87' lang='lat' dir='ltr'><strong>et</strong></span> <span class='ocrx_word' id='word_1_682' title='bbox 2064 2474 2279 2530; x_wconf 89' lang='lat' dir='ltr'><strong>dicente</strong></span> <span class='ocrx_word' id='word_1_683' title='bbox 2325 2476 2599 2546; x_wconf 87' lang='lat' dir='ltr'><strong>quodam:</strong></span> <span class='ocrx_word' id='word_1_684' title='bbox 2633 2476 2903 2549; x_wconf 76' lang='lat' dir='ltr'><strong>Magister,</strong></span> <span class='ocrx_word' id='word_1_685' title='bbox 2950 2479 3073 2548; x_wconf 86' lang='lat' dir='ltr'><strong>quid</strong></span> <span class='ocrx_word' id='word_1_686' title='bbox 3119 2479 3353 2548; x_wconf 81' lang='lat' dir='ltr'><strong>faciendo</strong></span> <span class='ocrx_word' id='word_1_687' title='bbox 3393 2481 3545 2534; x_wconf 85' lang='lat' dir='ltr'><strong>vitam</strong></span> 
     </span>
    </p>
   </div>
   <div class='ocr_carea' id='block_1_86' title="bbox 1955 2567 3545 2641">
    <p class='ocr_par' dir='ltr' id='par_1_86' title="bbox 1955 2567 3545 2641">
     <span class='ocr_line' id='line_1_86' title="bbox 1955 2567 3545 2641; baseline 0.004 -21"><span class='ocrx_word' id='word_1_688' title='bbox 1955 2574 2198 2621; x_wconf 77' lang='lat' dir='ltr'><strong>teternam</strong></span> <span class='ocrx_word' id='word_1_689' title='bbox 2241 2567 2504 2636; x_wconf 87' lang='lat' dir='ltr'><strong>possidebo</strong></span> <span class='ocrx_word' id='word_1_690' title='bbox 2555 2567 2768 2641; x_wconf 87' lang='lat' dir='ltr'><strong>(Matth.</strong></span> <span class='ocrx_word' id='word_1_691' title='bbox 2815 2570 2901 2625; x_wconf 83' lang='lat' dir='ltr'><strong>l9.</strong></span> <span class='ocrx_word' id='word_1_692' title='bbox 2948 2570 3075 2640; x_wconf 80' lang='lat' dir='ltr'><strong>l6)?</strong></span> <span class='ocrx_word' id='word_1_693' title='bbox 3114 2585 3235 2625; x_wconf 90' lang='lat' dir='ltr'><strong>cum</strong></span> <span class='ocrx_word' id='word_1_694' title='bbox 3283 2571 3545 2627; x_wconf 86' lang='lat' dir='ltr'><strong>recensita</strong></span> 
     </span>
    </p>
   </div>
   <div class='ocr_carea' id='block_1_87' title="bbox 1955 2661 3546 2732">
    <p class='ocr_par' dir='ltr' id='par_1_87' title="bbox 1955 2661 3546 2732">
     <span class='ocr_line' id='line_1_87' title="bbox 1955 2661 3546 2732; baseline 0.002 -17"><span class='ocrx_word' id='word_1_695' title='bbox 1955 2667 2140 2715; x_wconf 88' lang='lat' dir='ltr'><strong>essent</strong></span> <span class='ocrx_word' id='word_1_696' title='bbox 2168 2663 2367 2725; x_wconf 87' lang='lat' dir='ltr'><strong>omnia,</strong></span> <span class='ocrx_word' id='word_1_697' title='bbox 2400 2676 2519 2731; x_wconf 71' lang='lat' dir='ltr'><strong>qum</strong></span> <span class='ocrx_word' id='word_1_698' title='bbox 2551 2662 2602 2715; x_wconf 92' lang='lat' dir='ltr'><strong>in</strong></span> <span class='ocrx_word' id='word_1_699' title='bbox 2626 2661 2744 2732; x_wconf 91' lang='lat' dir='ltr'><strong>lege</strong></span> <span class='ocrx_word' id='word_1_700' title='bbox 2773 2669 3061 2731; x_wconf 74' lang='lat' dir='ltr'><strong>prmcepta,</strong></span> <span class='ocrx_word' id='word_1_701' title='bbox 3085 2670 3139 2717; x_wconf 93' lang='lat' dir='ltr'><strong>et</strong></span> <span class='ocrx_word' id='word_1_702' title='bbox 3168 2662 3259 2717; x_wconf 91' lang='lat' dir='ltr'><strong>ille</strong></span> <span class='ocrx_word' id='word_1_703' title='bbox 3282 2663 3546 2718; x_wconf 89' lang='lat' dir='ltr'><strong>curiosius</strong></span> 
     </span>
    </p>
   </div>
   <div class='ocr_carea' id='block_1_88' title="bbox 1957 2753 3545 2823">
    <p class='ocr_par' dir='ltr' id='par_1_88' title="bbox 1957 2753 3545 2823">
     <span class='ocr_line' id='line_1_88' title="bbox 1957 2753 3545 2823; baseline 0.003 -15"><span class='ocrx_word' id='word_1_704' title='bbox 1957 2762 2398 2823; x_wconf 85' lang='lat' dir='ltr'><strong>percontaretur,</strong></span> <span class='ocrx_word' id='word_1_705' title='bbox 2444 2762 2501 2810; x_wconf 91' lang='lat' dir='ltr'><strong>et</strong></span> <span class='ocrx_word' id='word_1_706' title='bbox 2551 2753 2754 2810; x_wconf 88' lang='lat' dir='ltr'><strong>diceret</strong></span> <span class='ocrx_word' id='word_1_707' title='bbox 2800 2773 2814 2807; x_wconf 92' lang='lat'><strong>:</strong></span> <span class='ocrx_word' id='word_1_708' title='bbox 2868 2753 2993 2811; x_wconf 69' lang='lat' dir='ltr'><strong>Hoc</strong></span> <span class='ocrx_word' id='word_1_709' title='bbox 3020 2756 3193 2811; x_wconf 87' lang='lat' dir='ltr'><strong>omnia</strong></span> <span class='ocrx_word' id='word_1_710' title='bbox 3238 2758 3430 2811; x_wconf 81' lang='lat' dir='ltr'><strong>servavi</strong></span> <span class='ocrx_word' id='word_1_711' title='bbox 3481 2758 3545 2812; x_wconf 88' lang='lat' dir='ltr'><strong>ab</strong></span> 
     </span>
    </p>
   </div>
   <div class='ocr_carea' id='block_1_89' title="bbox 1956 2842 3541 2917">
    <p class='ocr_par' dir='ltr' id='par_1_89' title="bbox 1956 2842 3541 2917">
     <span class='ocr_line' id='line_1_89' title="bbox 1956 2842 3541 2917; baseline 0.004 -20"><span class='ocrx_word' id='word_1_712' title='bbox 1956 2842 2298 2898; x_wconf 77' lang='lat' dir='ltr'><strong>adolescentia</strong></span> <span class='ocrx_word' id='word_1_713' title='bbox 2347 2861 2494 2911; x_wconf 86' lang='lat' dir='ltr'><strong>mea,</strong></span> <span class='ocrx_word' id='word_1_714' title='bbox 2527 2845 2652 2917; x_wconf 84' lang='lat' dir='ltr'><strong>quid</strong></span> <span class='ocrx_word' id='word_1_715' title='bbox 2699 2846 2869 2900; x_wconf 88' lang='lat' dir='ltr'><strong>adhuc</strong></span> <span class='ocrx_word' id='word_1_716' title='bbox 2917 2847 3044 2900; x_wconf 86' lang='lat' dir='ltr'><strong>mihi</strong></span> <span class='ocrx_word' id='word_1_717' title='bbox 3095 2846 3275 2902; x_wconf 74' lang='lat' dir='ltr'><strong>deest!</strong></span> <span class='ocrx_word' id='word_1_718' title='bbox 3298 2847 3429 2902; x_wconf 87' lang='lat' dir='ltr'><strong>dicit</strong></span> <span class='ocrx_word' id='word_1_719' title='bbox 3474 2848 3541 2903; x_wconf 77' lang='lat' dir='ltr'><strong>ad</strong></span> 
     </span>
    </p>
   </div>
   <div class='ocr_carea' id='block_1_90' title="bbox 1954 2933 3543 3009">
    <p class='ocr_par' dir='ltr' id='par_1_90' title="bbox 1954 2933 3543 3009">
     <span class='ocr_line' id='line_1_90' title="bbox 1954 2933 3543 3009; baseline 0.003 -20"><span class='ocrx_word' id='word_1_720' title='bbox 1954 2934 2153 3005; x_wconf 88' lang='lat' dir='ltr'><strong>ipsum,</strong></span> <span class='ocrx_word' id='word_1_721' title='bbox 2183 2933 2246 2989; x_wconf 89' lang='lat' dir='ltr'><strong>Si</strong></span> <span class='ocrx_word' id='word_1_722' title='bbox 2269 2933 2343 2989; x_wconf 91' lang='lat' dir='ltr'><strong>vis</strong></span> <span class='ocrx_word' id='word_1_723' title='bbox 2365 2935 2614 3005; x_wconf 79' lang='lat' dir='ltr'><strong>perfectus</strong></span> <span class='ocrx_word' id='word_1_724' title='bbox 2632 2952 2761 3002; x_wconf 88' lang='lat' dir='ltr'><strong>esse,</strong></span> <span class='ocrx_word' id='word_1_725' title='bbox 2785 2936 2930 3002; x_wconf 82' lang='lat' dir='ltr'><strong>vade,</strong></span> <span class='ocrx_word' id='word_1_726' title='bbox 2961 2936 3118 2991; x_wconf 87' lang='lat' dir='ltr'><strong>vende</strong></span> <span class='ocrx_word' id='word_1_727' title='bbox 3144 2953 3260 3009; x_wconf 66' lang='lat' dir='ltr'><strong>qua:</strong></span> <span class='ocrx_word' id='word_1_728' title='bbox 3290 2938 3462 3003; x_wconf 89' lang='lat' dir='ltr'><strong>habes,</strong></span> <span class='ocrx_word' id='word_1_729' title='bbox 3493 2949 3543 2993; x_wconf 85' lang='lat' dir='ltr'><strong>et</strong></span> 
     </span>
    </p>
   </div>
   <div class='ocr_carea' id='block_1_91' title="bbox 1952 3025 3540 3103">
    <p class='ocr_par' dir='ltr' id='par_1_91' title="bbox 1952 3025 3540 3103">
     <span class='ocr_line' id='line_1_91' title="bbox 1952 3025 3540 3103; baseline 0.003 -23"><span class='ocrx_word' id='word_1_730' title='bbox 1952 3026 2024 3081; x_wconf 71' lang='lat' dir='ltr'><strong>de</strong></span> <span class='ocrx_word' id='word_1_731' title='bbox 2072 3025 2413 3098; x_wconf 83' lang='lat' dir='ltr'><strong>pauperibus,</strong></span> <span class='ocrx_word' id='word_1_732' title='bbox 2453 3035 2500 3081; x_wconf 87' lang='lat' dir='ltr'><strong>et</strong></span> <span class='ocrx_word' id='word_1_733' title='bbox 2551 3027 2705 3094; x_wconf 86' lang='lat' dir='ltr'><strong>veni,</strong></span> <span class='ocrx_word' id='word_1_734' title='bbox 2736 3044 2943 3101; x_wconf 71' lang='lat' dir='ltr'><strong>sequere</strong></span> <span class='ocrx_word' id='word_1_735' title='bbox 2977 3046 3057 3083; x_wconf 87' lang='lat' dir='ltr'><strong>me</strong></span> <span class='ocrx_word' id='word_1_736' title='bbox 3079 3027 3186 3102; x_wconf 87' lang='lat' dir='ltr'><strong>(Ib.</strong></span> <span class='ocrx_word' id='word_1_737' title='bbox 3233 3045 3281 3084; x_wconf 92' lang='lat' dir='ltr'><strong>v.</strong></span> <span class='ocrx_word' id='word_1_738' title='bbox 3307 3029 3398 3087; x_wconf 86' lang='lat'><strong>20.</strong></span> <span class='ocrx_word' id='word_1_739' title='bbox 3424 3030 3540 3103; x_wconf 89' lang='grc'><strong>21).</strong></span> 
     </span>
    </p>
   </div>
   <div class='ocr_carea' id='block_1_92' title="bbox 1953 3117 3542 3193">
    <p class='ocr_par' dir='ltr' id='par_1_92' title="bbox 1953 3117 3542 3193">
     <span class='ocr_line' id='line_1_92' title="bbox 1953 3117 3542 3193; baseline 0.002 -18"><span class='ocrx_word' id='word_1_740' title='bbox 1953 3117 2053 3176; x_wconf 75' lang='lat' dir='ltr'><strong>ilic</strong></span> <span class='ocrx_word' id='word_1_741' title='bbox 2098 3119 2144 3175; x_wconf 90' lang='lat' dir='ltr'><strong>si</strong></span> <span class='ocrx_word' id='word_1_742' title='bbox 2188 3120 2480 3190; x_wconf 65' lang='lat' dir='ltr'><strong>praecipere</strong></span> <span class='ocrx_word' id='word_1_743' title='bbox 2515 3119 2789 3189; x_wconf 91' lang='lat' dir='ltr'><strong>voluisset,</strong></span> <span class='ocrx_word' id='word_1_744' title='bbox 2817 3120 3101 3191; x_wconf 89' lang='lat' dir='ltr'><strong>oportebat</strong></span> <span class='ocrx_word' id='word_1_745' title='bbox 3128 3121 3229 3178; x_wconf 89' lang='lat' dir='ltr'><strong>hoc</strong></span> <span class='ocrx_word' id='word_1_746' title='bbox 3280 3123 3542 3193; x_wconf 87' lang='lat' dir='ltr'><strong>principio</strong></span> 
     </span>
    </p>
   </div>
   <div class='ocr_carea' id='block_1_93' title="bbox 1950 3209 3545 3284">
    <p class='ocr_par' dir='ltr' id='par_1_93' title="bbox 1950 3209 3545 3284">
     <span class='ocr_line' id='line_1_93' title="bbox 1950 3209 3545 3284; baseline 0.001 -17"><span class='ocrx_word' id='word_1_747' title='bbox 1950 3210 2153 3277; x_wconf 86' lang='lat' dir='ltr'><strong>dicere,</strong></span> <span class='ocrx_word' id='word_1_748' title='bbox 2181 3219 2237 3266; x_wconf 91' lang='lat' dir='ltr'><strong>et</strong></span> <span class='ocrx_word' id='word_1_749' title='bbox 2260 3209 2431 3282; x_wconf 84' lang='lat' dir='ltr'><strong>legem</strong></span> <span class='ocrx_word' id='word_1_750' title='bbox 2470 3210 2523 3266; x_wconf 91' lang='lat' dir='ltr'><strong>in</strong></span> <span class='ocrx_word' id='word_1_751' title='bbox 2563 3210 2752 3267; x_wconf 57' lang='lat' dir='ltr'><strong>ordine</strong></span> <span class='ocrx_word' id='word_1_752' title='bbox 2791 3221 3178 3284; x_wconf 75' lang='lat' dir='ltr'><strong>praeceptorum</strong></span> <span class='ocrx_word' id='word_1_753' title='bbox 3224 3228 3458 3284; x_wconf 86' lang='lat' dir='ltr'><strong>ponere,</strong></span> <span class='ocrx_word' id='word_1_754' title='bbox 3488 3223 3545 3270; x_wconf 91' lang='lat' dir='ltr'><strong>et</strong></span> 
     </span>
    </p>
   </div>
   <div class='ocr_carea' id='block_1_94' title="bbox 1953 3302 3539 3373">
    <p class='ocr_par' dir='ltr' id='par_1_94' title="bbox 1953 3302 3539 3373">
     <span class='ocr_line' id='line_1_94' title="bbox 1953 3302 3539 3373; baseline 0.003 -15"><span class='ocrx_word' id='word_1_755' title='bbox 1953 3318 2060 3359; x_wconf 91' lang='lat' dir='ltr'><strong>non</strong></span> <span class='ocrx_word' id='word_1_756' title='bbox 2098 3311 2369 3373; x_wconf 87' lang='lat' dir='ltr'><strong>tamquam</strong></span> <span class='ocrx_word' id='word_1_757' title='bbox 2407 3302 2690 3359; x_wconf 82' lang='lat' dir='ltr'><strong>consilium</strong></span> <span class='ocrx_word' id='word_1_758' title='bbox 2735 3311 2790 3359; x_wconf 89' lang='lat' dir='ltr'><strong>et</strong></span> <span class='ocrx_word' id='word_1_759' title='bbox 2838 3304 3266 3362; x_wconf 79' lang='lat' dir='ltr'><strong>exhortationem</strong></span> <span class='ocrx_word' id='word_1_760' title='bbox 3297 3321 3539 3362; x_wconf 87' lang='lat' dir='ltr'><strong>narrare.</strong></span> 
     </span>
    </p>
   </div>
   <div class='ocr_carea' id='block_1_95' title="bbox 1953 3395 3541 3467">
    <p class='ocr_par' dir='ltr' id='par_1_95' title="bbox 1953 3395 3541 3467">
     <span class='ocr_line' id='line_1_95' title="bbox 1953 3395 3541 3467; baseline 0 -16"><span class='ocrx_word' id='word_1_761' title='bbox 1953 3396 2242 3451; x_wconf 85' lang='lat' dir='ltr'><strong>Enimvero</strong></span> <span class='ocrx_word' id='word_1_762' title='bbox 2285 3412 2406 3451; x_wconf 90' lang='lat' dir='ltr'><strong>cum</strong></span> <span class='ocrx_word' id='word_1_763' title='bbox 2451 3395 2601 3462; x_wconf 88' lang='lat' dir='ltr'><strong>dicit,</strong></span> <span class='ocrx_word' id='word_1_764' title='bbox 2638 3395 2813 3451; x_wconf 84' lang='lat' dir='ltr'><strong>Nolite</strong></span> <span class='ocrx_word' id='word_1_765' title='bbox 2837 3398 3093 3467; x_wconf 83' lang='lat' dir='ltr'><strong>possidere</strong></span> <span class='ocrx_word' id='word_1_766' title='bbox 3119 3414 3325 3465; x_wconf 87' lang='lat' dir='ltr'><strong>aurum,</strong></span> <span class='ocrx_word' id='word_1_767' title='bbox 3352 3399 3428 3453; x_wconf 84' lang='lat' dir='ltr'><strong>vel</strong></span> <span class='ocrx_word' id='word_1_768' title='bbox 3454 3414 3541 3451; x_wconf 81' lang='lat' dir='ltr'><strong>ar-</strong></span> 
     </span>
    </p>
   </div>
   <div class='ocr_carea' id='block_1_96' title="bbox 1951 3486 3539 3558">
    <p class='ocr_par' dir='ltr' id='par_1_96' title="bbox 1951 3486 3539 3558">
     <span class='ocr_line' id='line_1_96' title="bbox 1951 3486 3539 3558; baseline 0.002 -17"><span class='ocrx_word' id='word_1_769' title='bbox 1951 3496 2153 3558; x_wconf 84' lang='lat' dir='ltr'><strong>gentum</strong></span> <span class='ocrx_word' id='word_1_770' title='bbox 2198 3486 2415 3555; x_wconf 83' lang='lat' dir='ltr'><strong>(Matth.</strong></span> <span class='ocrx_word' id='word_1_771' title='bbox 2458 3487 2544 3542; x_wconf 87' lang='lat' dir='ltr'><strong>l0.</strong></span> <span class='ocrx_word' id='word_1_772' title='bbox 2572 3487 2651 3556; x_wconf 86' lang='lat'><strong>9),</strong></span> <span class='ocrx_word' id='word_1_773' title='bbox 2685 3487 2996 3556; x_wconf 89' lang='lat' dir='ltr'><strong>imperando</strong></span> <span class='ocrx_word' id='word_1_774' title='bbox 3044 3488 3203 3553; x_wconf 90' lang='lat' dir='ltr'><strong>dicit;</strong></span> <span class='ocrx_word' id='word_1_775' title='bbox 3232 3503 3352 3543; x_wconf 88' lang='lat' dir='ltr'><strong>cum</strong></span> <span class='ocrx_word' id='word_1_776' title='bbox 3410 3505 3539 3545; x_wconf 87' lang='lat' dir='ltr'><strong>vero</strong></span> 
     </span>
    </p>
   </div>
   <div class='ocr_carea' id='block_1_97' title="bbox 1951 3577 3542 3651">
    <p class='ocr_par' dir='ltr' id='par_1_97' title="bbox 1951 3577 3542 3651">
     <span class='ocr_line' id='line_1_97' title="bbox 1951 3577 3542 3651; baseline 0.001 -17"><span class='ocrx_word' id='word_1_777' title='bbox 1951 3579 2100 3647; x_wconf 90' lang='lat' dir='ltr'><strong>dicit,</strong></span> <span class='ocrx_word' id='word_1_778' title='bbox 2135 3577 2197 3634; x_wconf 92' lang='lat' dir='ltr'><strong>Si</strong></span> <span class='ocrx_word' id='word_1_779' title='bbox 2223 3579 2297 3632; x_wconf 89' lang='lat' dir='ltr'><strong>vis</strong></span> <span class='ocrx_word' id='word_1_780' title='bbox 2319 3582 2571 3649; x_wconf 80' lang='lat' dir='ltr'><strong>perfectus</strong></span> <span class='ocrx_word' id='word_1_781' title='bbox 2599 3577 2929 3649; x_wconf 83' lang='lat' dir='ltr'><strong>esse(Matth.</strong></span> <span class='ocrx_word' id='word_1_782' title='bbox 2957 3579 3046 3635; x_wconf 82' lang='grc'><strong>19.</strong></span> <span class='ocrx_word' id='word_1_783' title='bbox 3066 3579 3185 3651; x_wconf 90' lang='grc'><strong>21),</strong></span> <span class='ocrx_word' id='word_1_784' title='bbox 3213 3581 3542 3636; x_wconf 88' lang='lat' dir='ltr'><strong>consulendo</strong></span> 
     </span>
    </p>
   </div>
   <div class='ocr_carea' id='block_1_98' title="bbox 1950 3669 3536 3739">
    <p class='ocr_par' dir='ltr' id='par_1_98' title="bbox 1950 3669 3536 3739">
     <span class='ocr_line' id='line_1_98' title="bbox 1950 3669 3536 3739; baseline 0.001 -13"><span class='ocrx_word' id='word_1_785' title='bbox 1950 3679 2006 3726; x_wconf 90' lang='lat' dir='ltr'><strong>et</strong></span> <span class='ocrx_word' id='word_1_786' title='bbox 2033 3669 2372 3725; x_wconf 90' lang='lat' dir='ltr'><strong>admonendo</strong></span> <span class='ocrx_word' id='word_1_787' title='bbox 2399 3669 2549 3725; x_wconf 89' lang='lat' dir='ltr'><strong>dicit.</strong></span> <span class='ocrx_word' id='word_1_788' title='bbox 2579 3669 2694 3725; x_wconf 85' lang='lat' dir='ltr'><strong>Non</strong></span> <span class='ocrx_word' id='word_1_789' title='bbox 2726 3678 2806 3725; x_wconf 90' lang='lat' dir='ltr'><strong>est</strong></span> <span class='ocrx_word' id='word_1_790' title='bbox 2842 3680 3022 3725; x_wconf 88' lang='lat' dir='ltr'><strong>autem</strong></span> <span class='ocrx_word' id='word_1_791' title='bbox 3050 3670 3212 3739; x_wconf 89' lang='lat' dir='ltr'><strong>idem,</strong></span> <span class='ocrx_word' id='word_1_792' title='bbox 3235 3672 3536 3739; x_wconf 89' lang='lat' dir='ltr'><strong>consulere,</strong></span> 
     </span>
    </p>
   </div>
   <div class='ocr_carea' id='block_1_99' title="bbox 1949 3760 3541 3830">
    <p class='ocr_par' dir='ltr' id='par_1_99' title="bbox 1949 3760 3541 3830">
     <span class='ocr_line' id='line_1_99' title="bbox 1949 3760 3541 3830; baseline 0.001 -14"><span class='ocrx_word' id='word_1_793' title='bbox 1949 3770 2006 3817; x_wconf 92' lang='lat' dir='ltr'><strong>et</strong></span> <span class='ocrx_word' id='word_1_794' title='bbox 2032 3760 2203 3830; x_wconf 89' lang='lat' dir='ltr'><strong>legem</strong></span> <span class='ocrx_word' id='word_1_795' title='bbox 2230 3775 2449 3830; x_wconf 87' lang='lat' dir='ltr'><strong>ponere.</strong></span> <span class='ocrx_word' id='word_1_796' title='bbox 2473 3760 2602 3814; x_wconf 78' lang='lat' dir='ltr'><strong>Nam</strong></span> <span class='ocrx_word' id='word_1_797' title='bbox 2625 3760 2715 3829; x_wconf 92' lang='lat' dir='ltr'><strong>qui</strong></span> <span class='ocrx_word' id='word_1_798' title='bbox 2743 3760 2914 3830; x_wconf 90' lang='lat' dir='ltr'><strong>legem</strong></span> <span class='ocrx_word' id='word_1_799' title='bbox 2940 3761 3144 3829; x_wconf 87' lang='lat' dir='ltr'><strong>statuit,</strong></span> <span class='ocrx_word' id='word_1_800' title='bbox 3169 3760 3342 3817; x_wconf 85' lang='lat' dir='ltr'><strong>modis</strong></span> <span class='ocrx_word' id='word_1_801' title='bbox 3365 3764 3541 3819; x_wconf 81' lang='lat' dir='ltr'><strong>omni-</strong></span> 
     </span>
    </p>
   </div>
   <div class='ocr_carea' id='block_1_100' title="bbox 1950 3851 3541 3921">
    <p class='ocr_par' dir='ltr' id='par_1_100' title="bbox 1950 3851 3541 3921">
     <span class='ocr_line' id='line_1_100' title="bbox 1950 3851 3541 3921; baseline 0.001 -13"><span class='ocrx_word' id='word_1_802' title='bbox 1950 3852 2051 3908; x_wconf 89' lang='lat' dir='ltr'><strong>bus</strong></span> <span class='ocrx_word' id='word_1_803' title='bbox 2090 3852 2204 3907; x_wconf 88' lang='lat' dir='ltr'><strong>lieri</strong></span> <span class='ocrx_word' id='word_1_804' title='bbox 2240 3851 2354 3905; x_wconf 88' lang='lat' dir='ltr'><strong>vult</strong></span> <span class='ocrx_word' id='word_1_805' title='bbox 2400 3851 2541 3921; x_wconf 88' lang='lat' dir='ltr'><strong>quod</strong></span> <span class='ocrx_word' id='word_1_806' title='bbox 2587 3852 2821 3921; x_wconf 63' lang='lat' dir='ltr'><strong>praecipit</strong></span> <span class='ocrx_word' id='word_1_807' title='bbox 2852 3868 2868 3905; x_wconf 93' lang='lat'><strong>:</strong></span> <span class='ocrx_word' id='word_1_808' title='bbox 2895 3852 2987 3921; x_wconf 89' lang='lat' dir='ltr'><strong>qui</strong></span> <span class='ocrx_word' id='word_1_809' title='bbox 3036 3867 3165 3907; x_wconf 89' lang='lat' dir='ltr'><strong>vero</strong></span> <span class='ocrx_word' id='word_1_810' title='bbox 3205 3856 3437 3908; x_wconf 91' lang='lat' dir='ltr'><strong>consulit</strong></span> <span class='ocrx_word' id='word_1_811' title='bbox 3484 3864 3541 3912; x_wconf 78' lang='lat' dir='ltr'><strong>et</strong></span> 
     </span>
    </p>
   </div>
   <div class='ocr_carea' id='block_1_101' title="bbox 1949 3942 3536 4015">
    <p class='ocr_par' dir='ltr' id='par_1_101' title="bbox 1949 3942 3536 4015">
     <span class='ocr_line' id='line_1_101' title="bbox 1949 3942 3536 4015; baseline 0.002 -18"><span class='ocrx_word' id='word_1_812' title='bbox 1949 3942 2286 4008; x_wconf 87' lang='lat' dir='ltr'><strong>adhortatur,</strong></span> <span class='ocrx_word' id='word_1_813' title='bbox 2313 3946 2592 3997; x_wconf 75' lang='lat' dir='ltr'><strong>sententia:</strong></span> <span class='ocrx_word' id='word_1_814' title='bbox 2620 3952 2676 3997; x_wconf 88' lang='lat' dir='ltr'><strong>et</strong></span> <span class='ocrx_word' id='word_1_815' title='bbox 2703 3943 2926 3997; x_wconf 90' lang='lat' dir='ltr'><strong>arbitrio</strong></span> <span class='ocrx_word' id='word_1_816' title='bbox 2950 3942 3210 3999; x_wconf 89' lang='lat' dir='ltr'><strong>auditoris</strong></span> <span class='ocrx_word' id='word_1_817' title='bbox 3240 3945 3536 4015; x_wconf 86' lang='lat' dir='ltr'><strong>permittit,</strong></span> 
     </span>
    </p>
   </div>
   <div class='ocr_carea' id='block_1_102' title="bbox 1949 4032 3534 4105">
    <p class='ocr_par' dir='ltr' id='par_1_102' title="bbox 1949 4032 3534 4105">
     <span class='ocr_line' id='line_1_102' title="bbox 1949 4032 3534 4105; baseline 0.003 -16"><span class='ocrx_word' id='word_1_818' title='bbox 1949 4042 2009 4089; x_wconf 88' lang='lat' dir='ltr'><strong>ut</strong></span> <span class='ocrx_word' id='word_1_819' title='bbox 2034 4050 2098 4090; x_wconf 87' lang='lat' dir='ltr'><strong>ex</strong></span> <span class='ocrx_word' id='word_1_820' title='bbox 2124 4032 2282 4089; x_wconf 89' lang='lat' dir='ltr'><strong>dictis</strong></span> <span class='ocrx_word' id='word_1_821' title='bbox 2311 4034 2450 4102; x_wconf 91' lang='lat' dir='ltr'><strong>quod</strong></span> <span class='ocrx_word' id='word_1_822' title='bbox 2478 4034 2705 4089; x_wconf 91' lang='lat' dir='ltr'><strong>voluerit</strong></span> <span class='ocrx_word' id='word_1_823' title='bbox 2728 4033 2926 4104; x_wconf 88' lang='lat' dir='ltr'><strong>eligat,</strong></span> <span class='ocrx_word' id='word_1_824' title='bbox 2957 4034 3140 4105; x_wconf 89' lang='lat' dir='ltr'><strong>sicque</strong></span> <span class='ocrx_word' id='word_1_825' title='bbox 3168 4036 3534 4093; x_wconf 84' lang='lat' dir='ltr'><strong>faciendorum</strong></span> 
     </span>
    </p>
   </div>
   <div class='ocr_carea' id='block_1_103' title="bbox 1949 4125 3537 4198">
    <p class='ocr_par' dir='ltr' id='par_1_103' title="bbox 1949 4125 3537 4198">
     <span class='ocr_line' id='line_1_103' title="bbox 1949 4125 3537 4198; baseline 0.001 -17"><span class='ocrx_word' id='word_1_826' title='bbox 1949 4126 2225 4181; x_wconf 88' lang='lat' dir='ltr'><strong>dominum</strong></span> <span class='ocrx_word' id='word_1_827' title='bbox 2249 4125 2546 4181; x_wconf 89' lang='lat' dir='ltr'><strong>auditorem</strong></span> <span class='ocrx_word' id='word_1_828' title='bbox 2574 4125 2844 4197; x_wconf 88' lang='lat' dir='ltr'><strong>relinquit.</strong></span> <span class='ocrx_word' id='word_1_829' title='bbox 2870 4125 3156 4196; x_wconf 86' lang='lat' dir='ltr'><strong>Propterea</strong></span> <span class='ocrx_word' id='word_1_830' title='bbox 3192 4143 3297 4182; x_wconf 91' lang='lat' dir='ltr'><strong>non</strong></span> <span class='ocrx_word' id='word_1_831' title='bbox 3328 4125 3537 4198; x_wconf 70' lang='lat' dir='ltr'><strong>simpli-</strong></span> 
     </span>
    </p>
   </div>
   <div class='ocr_carea' id='block_1_104' title="bbox 1948 4216 3540 4292">
    <p class='ocr_par' dir='ltr' id='par_1_104' title="bbox 1948 4216 3540 4292">
     <span class='ocr_line' id='line_1_104' title="bbox 1948 4216 3540 4292; baseline 0.004 -19"><span class='ocrx_word' id='word_1_832' title='bbox 1948 4219 2084 4274; x_wconf 91' lang='lat' dir='ltr'><strong>citer</strong></span> <span class='ocrx_word' id='word_1_833' title='bbox 2106 4217 2258 4283; x_wconf 80' lang='lat' dir='ltr'><strong>dixit,</strong></span> <span class='ocrx_word' id='word_1_834' title='bbox 2303 4216 2475 4285; x_wconf 82' lang='lat' dir='ltr'><strong>Vade,</strong></span> <span class='ocrx_word' id='word_1_835' title='bbox 2493 4218 2649 4272; x_wconf 81' lang='lat' dir='ltr'><strong>vende</strong></span> <span class='ocrx_word' id='word_1_836' title='bbox 2672 4233 2787 4284; x_wconf 68' lang='lat' dir='ltr'><strong>quis</strong></span> <span class='ocrx_word' id='word_1_837' title='bbox 2813 4217 2986 4287; x_wconf 88' lang='lat' dir='ltr'><strong>habes,</strong></span> <span class='ocrx_word' id='word_1_838' title='bbox 3015 4234 3082 4275; x_wconf 92' lang='lat' dir='ltr'><strong>ne</strong></span> <span class='ocrx_word' id='word_1_839' title='bbox 3125 4220 3175 4275; x_wconf 89' lang='lat' dir='ltr'><strong>id</strong></span> <span class='ocrx_word' id='word_1_840' title='bbox 3221 4220 3389 4292; x_wconf 88' lang='lat' dir='ltr'><strong>legem</strong></span> <span class='ocrx_word' id='word_1_841' title='bbox 3418 4236 3540 4280; x_wconf 79' lang='lat' dir='ltr'><strong>esse</strong></span> 
     </span>
    </p>
   </div>
   <div class='ocr_carea' id='block_1_105' title="bbox 1952 4310 3536 4382">
    <p class='ocr_par' dir='ltr' id='par_1_105' title="bbox 1952 4310 3536 4382">
     <span class='ocr_line' id='line_1_105' title="bbox 1952 4310 3536 4382; baseline 0.001 -16"><span class='ocrx_word' id='word_1_842' title='bbox 1952 4319 2166 4381; x_wconf 88' lang='lat' dir='ltr'><strong>putares</strong></span> <span class='ocrx_word' id='word_1_843' title='bbox 2195 4328 2209 4364; x_wconf 90' lang='lat'><strong>:</strong></span> <span class='ocrx_word' id='word_1_844' title='bbox 2242 4310 2335 4365; x_wconf 84' lang='lat' dir='ltr'><strong>sed</strong></span> <span class='ocrx_word' id='word_1_845' title='bbox 2366 4310 2673 4381; x_wconf 88' lang='lat' dir='ltr'><strong>quomodo?</strong></span> <span class='ocrx_word' id='word_1_846' title='bbox 2703 4310 2764 4365; x_wconf 84' lang='lat' dir='ltr'><strong>Si</strong></span> <span class='ocrx_word' id='word_1_847' title='bbox 2815 4311 2890 4365; x_wconf 87' lang='lat' dir='ltr'><strong>vis</strong></span> <span class='ocrx_word' id='word_1_848' title='bbox 2937 4315 3188 4382; x_wconf 78' lang='lat' dir='ltr'><strong>perfectus</strong></span> <span class='ocrx_word' id='word_1_849' title='bbox 3212 4328 3349 4378; x_wconf 80' lang='lat' dir='ltr'><strong>esse,</strong></span> <span class='ocrx_word' id='word_1_850' title='bbox 3376 4313 3536 4381; x_wconf 83' lang='lat' dir='ltr'><strong>vade,</strong></span> 
     </span>
    </p>
   </div>
   <div class='ocr_carea' id='block_1_106' title="bbox 1947 4402 3539 4476">
    <p class='ocr_par' dir='ltr' id='par_1_106' title="bbox 1947 4402 3539 4476">
     <span class='ocr_line' id='line_1_106' title="bbox 1947 4402 3539 4476; baseline 0.001 -17"><span class='ocrx_word' id='word_1_851' title='bbox 1947 4405 2105 4460; x_wconf 82' lang='lat' dir='ltr'><strong>vende</strong></span> <span class='ocrx_word' id='word_1_852' title='bbox 2118 4420 2233 4476; x_wconf 70' lang='lat' dir='ltr'><strong>quae</strong></span> <span class='ocrx_word' id='word_1_853' title='bbox 2261 4404 2412 4457; x_wconf 87' lang='lat' dir='ltr'><strong>habes</strong></span> <span class='ocrx_word' id='word_1_854' title='bbox 2434 4402 2646 4476; x_wconf 80' lang='lat' dir='ltr'><strong>(Matth.</strong></span> <span class='ocrx_word' id='word_1_855' title='bbox 2676 4402 2763 4457; x_wconf 86' lang='grc'><strong>19.</strong></span> <span class='ocrx_word' id='word_1_856' title='bbox 2794 4403 2927 4474; x_wconf 81' lang='lat' dir='ltr'><strong>2t):</strong></span> <span class='ocrx_word' id='word_1_857' title='bbox 2958 4412 3017 4459; x_wconf 90' lang='lat' dir='ltr'><strong>ut</strong></span> <span class='ocrx_word' id='word_1_858' title='bbox 3036 4404 3213 4460; x_wconf 90' lang='lat' dir='ltr'><strong>discas</strong></span> <span class='ocrx_word' id='word_1_859' title='bbox 3237 4408 3289 4459; x_wconf 94' lang='lat' dir='ltr'><strong>in</strong></span> <span class='ocrx_word' id='word_1_860' title='bbox 3317 4406 3539 4463; x_wconf 90' lang='lat' dir='ltr'><strong>arbitrio</strong></span> 
     </span>
    </p>
   </div>
   <div class='ocr_carea' id='block_1_107' title="bbox 1948 4495 2563 4552">
    <p class='ocr_par' dir='ltr' id='par_1_107' title="bbox 1948 4495 2563 4552">
     <span class='ocr_line' id='line_1_107' title="bbox 1948 4495 2563 4552; baseline -0.007 0"><span class='ocrx_word' id='word_1_861' title='bbox 1948 4495 2277 4552; x_wconf 80' lang='lat' dir='ltr'><strong>audientium</strong></span> <span class='ocrx_word' id='word_1_862' title='bbox 2307 4508 2395 4548; x_wconf 90' lang='lat' dir='ltr'><strong>res</strong></span> <span class='ocrx_word' id='word_1_863' title='bbox 2421 4507 2563 4548; x_wconf 90' lang='lat' dir='ltr'><strong>esse.</strong></span> 
     </span>
    </p>
   </div>
   <div class='ocr_carea' id='block_1_108' title="bbox 2024 4582 3530 4656">
    <p class='ocr_par' dir='ltr' id='par_1_108' title="bbox 2024 4582 3530 4656">
     <span class='ocr_line' id='line_1_108' title="bbox 2024 4582 3530 4656; baseline 0.001 -16"><span class='ocrx_word' id='word_1_864' title='bbox 2024 4584 2143 4640; x_wconf 86' lang='lat' dir='ltr'><strong>Non</strong></span> <span class='ocrx_word' id='word_1_865' title='bbox 2172 4600 2369 4655; x_wconf 89' lang='lat' dir='ltr'><strong>semper</strong></span> <span class='ocrx_word' id='word_1_866' title='bbox 2395 4585 2503 4656; x_wconf 79' lang='lat' dir='ltr'><strong>lege</strong></span> <span class='ocrx_word' id='word_1_867' title='bbox 2531 4583 2773 4654; x_wconf 85' lang='lat' dir='ltr'><strong>obstringi</strong></span> <span class='ocrx_word' id='word_1_868' title='bbox 2798 4584 2951 4638; x_wconf 83' lang='lat' dir='ltr'><strong>voluit</strong></span> <span class='ocrx_word' id='word_1_869' title='bbox 2977 4582 3210 4639; x_wconf 84' lang='lat' dir='ltr'><strong>Christus</strong></span> <span class='ocrx_word' id='word_1_870' title='bbox 3226 4586 3530 4655; x_wconf 74' lang='lat' dir='ltr'><strong>discipulos.</strong></span> 
     </span>
    </p>
   </div>
   <div class='ocr_carea' id='block_1_109' title="bbox 1950 4672 3537 4747">
    <p class='ocr_par' dir='ltr' id='par_1_109' title="bbox 1950 4672 3537 4747">
     <span class='ocr_line' id='line_1_109' title="bbox 1950 4672 3537 4747; baseline 0.001 -17"><span class='ocrx_word' id='word_1_871' title='bbox 1950 4675 2313 4746; x_wconf 16' lang='lat' dir='ltr'><strong>r—Apostolis</strong></span> <span class='ocrx_word' id='word_1_872' title='bbox 2347 4675 2479 4730; x_wconf 89' lang='lat' dir='ltr'><strong>solis</strong></span> <span class='ocrx_word' id='word_1_873' title='bbox 2523 4689 2652 4745; x_wconf 91' lang='lat' dir='ltr'><strong>ergo</strong></span> <span class='ocrx_word' id='word_1_874' title='bbox 2695 4673 2812 4729; x_wconf 76' lang='lat' dir='ltr'><strong>bzec</strong></span> <span class='ocrx_word' id='word_1_875' title='bbox 2863 4672 3028 4729; x_wconf 90' lang='lat' dir='ltr'><strong>fuisse</strong></span> <span class='ocrx_word' id='word_1_876' title='bbox 3058 4685 3317 4745; x_wconf 59' lang='lat' dir='ltr'><strong>percepta</strong></span> <span class='ocrx_word' id='word_1_877' title='bbox 3365 4678 3537 4747; x_wconf 87' lang='lat' dir='ltr'><strong>palam</strong></span> 
     </span>
    </p>
   </div>
   <div class='ocr_carea' id='block_1_110' title="bbox 1947 4764 3536 4839">
    <p class='ocr_par' dir='ltr' id='par_1_110' title="bbox 1947 4764 3536 4839">
     <span class='ocr_line' id='line_1_110' title="bbox 1947 4764 3536 4839; baseline -0.001 -14"><span class='ocrx_word' id='word_1_878' title='bbox 1947 4778 2030 4825; x_wconf 83' lang='lat' dir='ltr'><strong>est</strong></span> <span class='ocrx_word' id='word_1_879' title='bbox 2052 4783 2067 4833; x_wconf 90' lang='lat'><strong>;</strong></span> <span class='ocrx_word' id='word_1_880' title='bbox 2091 4781 2274 4822; x_wconf 89' lang='lat' dir='ltr'><strong>verum</strong></span> <span class='ocrx_word' id='word_1_881' title='bbox 2300 4765 2525 4837; x_wconf 61' lang='lat' dir='ltr'><strong>quaestio</strong></span> <span class='ocrx_word' id='word_1_882' title='bbox 2554 4764 2790 4821; x_wconf 88' lang='lat' dir='ltr'><strong>nondum</strong></span> <span class='ocrx_word' id='word_1_883' title='bbox 2814 4765 2985 4821; x_wconf 85' lang='lat' dir='ltr'><strong>soluta</strong></span> <span class='ocrx_word' id='word_1_884' title='bbox 3016 4776 3121 4821; x_wconf 90' lang='lat' dir='ltr'><strong>est.</strong></span> <span class='ocrx_word' id='word_1_885' title='bbox 3164 4767 3297 4822; x_wconf 88' lang='lat' dir='ltr'><strong>Nam</strong></span> <span class='ocrx_word' id='word_1_886' title='bbox 3324 4769 3369 4822; x_wconf 90' lang='lat' dir='ltr'><strong>si</strong></span> <span class='ocrx_word' id='word_1_887' title='bbox 3398 4786 3536 4839; x_wconf 66' lang='lat' dir='ltr'><strong>prae-</strong></span> 
     </span>
    </p>
   </div>
   <div class='ocr_carea' id='block_1_111' title="bbox 1948 4856 3537 4929">
    <p class='ocr_par' dir='ltr' id='par_1_111' title="bbox 1948 4856 3537 4929">
     <span class='ocr_line' id='line_1_111' title="bbox 1948 4856 3537 4929; baseline 0.002 -15"><span class='ocrx_word' id='word_1_888' title='bbox 1948 4869 2103 4929; x_wconf 88' lang='lat' dir='ltr'><strong>cepta</strong></span> <span class='ocrx_word' id='word_1_889' title='bbox 2125 4867 2250 4912; x_wconf 88' lang='lat' dir='ltr'><strong>sunt</strong></span> <span class='ocrx_word' id='word_1_890' title='bbox 2277 4857 2391 4912; x_wconf 66' lang='lat' dir='ltr'><strong>hate</strong></span> <span class='ocrx_word' id='word_1_891' title='bbox 2417 4857 2546 4912; x_wconf 89' lang='lat' dir='ltr'><strong>solis</strong></span> <span class='ocrx_word' id='word_1_892' title='bbox 2583 4856 2870 4927; x_wconf 88' lang='lat' dir='ltr'><strong>apostolis,</strong></span> <span class='ocrx_word' id='word_1_893' title='bbox 2900 4870 2997 4911; x_wconf 93' lang='lat' dir='ltr'><strong>cur</strong></span> <span class='ocrx_word' id='word_1_894' title='bbox 3016 4856 3151 4927; x_wconf 89' lang='lat' dir='ltr'><strong>jnssi</strong></span> <span class='ocrx_word' id='word_1_895' title='bbox 3185 4874 3290 4913; x_wconf 88' lang='lat' dir='ltr'><strong>non</strong></span> <span class='ocrx_word' id='word_1_896' title='bbox 3338 4858 3537 4917; x_wconf 85' lang='lat' dir='ltr'><strong>habere</strong></span> 
     </span>
    </p>
   </div>
   <div class='ocr_carea' id='block_1_112' title="bbox 1949 4947 3534 5020">
    <p class='ocr_par' dir='ltr' id='par_1_112' title="bbox 1949 4947 3534 5020">
     <span class='ocr_line' id='line_1_112' title="bbox 1949 4947 3534 5020; baseline 0.002 -17"><span class='ocrx_word' id='word_1_897' title='bbox 1949 4952 2180 5015; x_wconf 79' lang='lat' dir='ltr'><strong>calceos,</strong></span> <span class='ocrx_word' id='word_1_898' title='bbox 2198 4948 2285 5006; x_wconf 90' lang='lat' dir='ltr'><strong>vel</strong></span> <span class='ocrx_word' id='word_1_899' title='bbox 2302 4947 2543 5020; x_wconf 88' lang='lat' dir='ltr'><strong>geminas</strong></span> <span class='ocrx_word' id='word_1_900' title='bbox 2569 4957 2767 5013; x_wconf 88' lang='lat' dir='ltr'><strong>vestes,</strong></span> <span class='ocrx_word' id='word_1_901' title='bbox 2793 4948 2998 5002; x_wconf 91' lang='lat' dir='ltr'><strong>inventi</strong></span> <span class='ocrx_word' id='word_1_902' title='bbox 3024 4956 3151 5003; x_wconf 86' lang='lat' dir='ltr'><strong>sunt</strong></span> <span class='ocrx_word' id='word_1_903' title='bbox 3173 4948 3311 5003; x_wconf 86' lang='lat' dir='ltr'><strong>alius</strong></span> <span class='ocrx_word' id='word_1_904' title='bbox 3335 4949 3534 5006; x_wconf 87' lang='lat' dir='ltr'><strong>habere</strong></span> 
     </span>
    </p>
   </div>
   <div class='ocr_carea' id='block_1_113' title="bbox 1950 5038 3535 5110">
    <p class='ocr_par' dir='ltr' id='par_1_113' title="bbox 1950 5038 3535 5110">
     <span class='ocr_line' id='line_1_113' title="bbox 1950 5038 3535 5110; baseline -0.003 -11"><span class='ocrx_word' id='word_1_905' title='bbox 1950 5043 2210 5109; x_wconf 73' lang='lat' dir='ltr'><strong>sandalio,</strong></span> <span class='ocrx_word' id='word_1_906' title='bbox 2238 5042 2374 5097; x_wconf 89' lang='lat' dir='ltr'><strong>alius</strong></span> <span class='ocrx_word' id='word_1_907' title='bbox 2411 5054 2543 5095; x_wconf 85' lang='lat' dir='ltr'><strong>vero</strong></span> <span class='ocrx_word' id='word_1_908' title='bbox 2588 5039 2876 5109; x_wconf 82' lang='lat' dir='ltr'><strong>penulam?</strong></span> <span class='ocrx_word' id='word_1_909' title='bbox 2904 5038 3043 5107; x_wconf 83' lang='lat' dir='ltr'><strong>Quid</strong></span> <span class='ocrx_word' id='word_1_910' title='bbox 3092 5038 3252 5110; x_wconf 90' lang='lat' dir='ltr'><strong>igitur</strong></span> <span class='ocrx_word' id='word_1_911' title='bbox 3299 5040 3367 5094; x_wconf 86' lang='lat' dir='ltr'><strong>ad</strong></span> <span class='ocrx_word' id='word_1_912' title='bbox 3419 5040 3535 5096; x_wconf 72' lang='lat' dir='ltr'><strong>bzec</strong></span> 
     </span>
    </p>
   </div>
   <div class='ocr_carea' id='block_1_114' title="bbox 1954 5120 3537 5206">
    <p class='ocr_par' dir='ltr' id='par_1_114' title="bbox 1954 5120 3537 5206">
     <span class='ocr_line' id='line_1_114' title="bbox 1954 5120 3537 5206; baseline -0.001 -14"><span class='ocrx_word' id='word_1_913' title='bbox 1954 5136 2227 5192; x_wconf 75' lang='lat' dir='ltr'><strong>dicemus?</strong></span> <span class='ocrx_word' id='word_1_914' title='bbox 2278 5120 2526 5189; x_wconf 86' lang='lat' dir='ltr'><strong>Christus</strong></span> <span class='ocrx_word' id='word_1_915' title='bbox 2573 5146 2748 5203; x_wconf 91' lang='lat' dir='ltr'><strong>neque</strong></span> <span class='ocrx_word' id='word_1_916' title='bbox 2800 5133 3073 5202; x_wconf 84' lang='lat' dir='ltr'><strong>apostolos</strong></span> <span class='ocrx_word' id='word_1_917' title='bbox 3114 5148 3328 5205; x_wconf 84' lang='lat' dir='ltr'><strong>semper</strong></span> <span class='ocrx_word' id='word_1_918' title='bbox 3380 5133 3537 5206; x_wconf 87' lang='lat' dir='ltr'><strong>hujus</strong></span> 
     </span>
    </p>
   </div>
   <div class='ocr_carea' id='block_1_115' title="bbox 1950 5224 3538 5300">
    <p class='ocr_par' dir='ltr' id='par_1_115' title="bbox 1950 5224 3538 5300">
     <span class='ocr_line' id='line_1_115' title="bbox 1950 5224 3538 5300; baseline -0.003 -15"><span class='ocrx_word' id='word_1_919' title='bbox 1950 5229 2086 5300; x_wconf 89' lang='lat' dir='ltr'><strong>legis</strong></span> <span class='ocrx_word' id='word_1_920' title='bbox 2112 5228 2429 5283; x_wconf 88' lang='lat' dir='ltr'><strong>necessitate</strong></span> <span class='ocrx_word' id='word_1_921' title='bbox 2452 5224 2708 5293; x_wconf 89' lang='lat' dir='ltr'><strong>obstringi</strong></span> <span class='ocrx_word' id='word_1_922' title='bbox 2737 5224 2932 5289; x_wconf 83' lang='lat' dir='ltr'><strong>voluit,</strong></span> <span class='ocrx_word' id='word_1_923' title='bbox 2965 5224 3058 5279; x_wconf 88' lang='lat' dir='ltr'><strong>sed</strong></span> <span class='ocrx_word' id='word_1_924' title='bbox 3089 5240 3185 5280; x_wconf 90' lang='lat' dir='ltr'><strong>eos</strong></span> <span class='ocrx_word' id='word_1_925' title='bbox 3208 5227 3443 5282; x_wconf 86' lang='lat' dir='ltr'><strong>absolvit</strong></span> <span class='ocrx_word' id='word_1_926' title='bbox 3470 5227 3538 5281; x_wconf 89' lang='lat' dir='ltr'><strong>ab</strong></span> 
     </span>
    </p>
   </div>
   <div class='ocr_carea' id='block_1_116' title="bbox 1953 5316 3520 5389">
    <p class='ocr_par' dir='ltr' id='par_1_116' title="bbox 1953 5316 3520 5389">
     <span class='ocr_line' id='line_1_116' title="bbox 1953 5316 3520 5389; baseline -0.001 -15"><span class='ocrx_word' id='word_1_927' title='bbox 1953 5319 2054 5379; x_wconf 88' lang='lat' dir='ltr'><strong>hac</strong></span> <span class='ocrx_word' id='word_1_928' title='bbox 2087 5319 2222 5389; x_wconf 91' lang='lat' dir='ltr'><strong>lege,</strong></span> <span class='ocrx_word' id='word_1_929' title='bbox 2249 5333 2370 5373; x_wconf 91' lang='lat' dir='ltr'><strong>cum</strong></span> <span class='ocrx_word' id='word_1_930' title='bbox 2391 5318 2498 5386; x_wconf 84' lang='lat' dir='ltr'><strong>jam</strong></span> <span class='ocrx_word' id='word_1_931' title='bbox 2528 5316 2594 5371; x_wconf 87' lang='lat' dir='ltr'><strong>ad</strong></span> <span class='ocrx_word' id='word_1_932' title='bbox 2616 5316 2903 5371; x_wconf 88' lang='lat' dir='ltr'><strong>salutarem</strong></span> <span class='ocrx_word' id='word_1_933' title='bbox 2933 5329 3147 5370; x_wconf 90' lang='lat' dir='ltr'><strong>crucem</strong></span> <span class='ocrx_word' id='word_1_934' title='bbox 3180 5316 3349 5372; x_wconf 88' lang='lat' dir='ltr'><strong>iturus</strong></span> <span class='ocrx_word' id='word_1_935' title='bbox 3369 5326 3520 5373; x_wconf 87' lang='lat' dir='ltr'><strong>esset</strong></span> 
     </span>
    </p>
   </div>
   <div class='ocr_carea' id='block_1_117' title="bbox 1952 5408 3534 5480">
    <p class='ocr_par' dir='ltr' id='par_1_117' title="bbox 1952 5408 3534 5480">
     <span class='ocr_line' id='line_1_117' title="bbox 1952 5408 3534 5480; baseline -0.002 -13"><span class='ocrx_word' id='word_1_936' title='bbox 1952 5414 2019 5473; x_wconf 77' lang='lat' dir='ltr'><strong>Et</strong></span> <span class='ocrx_word' id='word_1_937' title='bbox 2046 5412 2185 5468; x_wconf 91' lang='lat' dir='ltr'><strong>unde</strong></span> <span class='ocrx_word' id='word_1_938' title='bbox 2210 5411 2314 5466; x_wconf 87' lang='lat' dir='ltr'><strong>hoc</strong></span> <span class='ocrx_word' id='word_1_939' title='bbox 2341 5410 2543 5480; x_wconf 86' lang='lat' dir='ltr'><strong>liquet?</strong></span> <span class='ocrx_word' id='word_1_940' title='bbox 2575 5410 2652 5463; x_wconf 88' lang='lat' dir='ltr'><strong>Ex</strong></span> <span class='ocrx_word' id='word_1_941' title='bbox 2685 5408 2975 5464; x_wconf 88' lang='lat' dir='ltr'><strong>Salvatoris</strong></span> <span class='ocrx_word' id='word_1_942' title='bbox 3006 5410 3363 5464; x_wconf 88' lang='lat' dir='ltr'><strong>sermonibus.</strong></span> <span class='ocrx_word' id='word_1_943' title='bbox 3401 5409 3534 5464; x_wconf 84' lang='lat' dir='ltr'><strong>Nam</strong></span> 
     </span>
    </p>
   </div>
   <div class='ocr_carea' id='block_1_118' title="bbox 1953 5498 3530 5577">
    <p class='ocr_par' dir='ltr' id='par_1_118' title="bbox 1953 5498 3530 5577">
     <span class='ocr_line' id='line_1_118' title="bbox 1953 5498 3530 5577; baseline -0.002 -17"><span class='ocrx_word' id='word_1_944' title='bbox 1953 5506 2254 5577; x_wconf 85' lang='lat' dir='ltr'><strong>passionem</strong></span> <span class='ocrx_word' id='word_1_945' title='bbox 2282 5516 2628 5573; x_wconf 86' lang='lat' dir='ltr'><strong>aggressurus</strong></span> <span class='ocrx_word' id='word_1_946' title='bbox 2651 5541 2667 5566; x_wconf 95' lang='lat'><strong>,</strong></span> <span class='ocrx_word' id='word_1_947' title='bbox 2699 5500 2901 5555; x_wconf 87' lang='lat' dir='ltr'><strong>vocatis</strong></span> <span class='ocrx_word' id='word_1_948' title='bbox 2945 5499 3050 5554; x_wconf 91' lang='lat' dir='ltr'><strong>illis</strong></span> <span class='ocrx_word' id='word_1_949' title='bbox 3095 5498 3262 5565; x_wconf 87' lang='lat' dir='ltr'><strong>dixit,</strong></span> <span class='ocrx_word' id='word_1_950' title='bbox 3290 5498 3418 5556; x_wconf 85' lang='lat' dir='ltr'><strong>Cum</strong></span> <span class='ocrx_word' id='word_1_951' title='bbox 3442 5517 3530 5557; x_wconf 87' lang='lat' dir='ltr'><strong>vos</strong></span> 
     </span>
    </p>
   </div>
   <div class='ocr_carea' id='block_1_119' title="bbox 1952 5590 3536 5662">
    <p class='ocr_par' dir='ltr' id='par_1_119' title="bbox 1952 5590 3536 5662">
     <span class='ocr_line' id='line_1_119' title="bbox 1952 5590 3536 5662; baseline -0.001 -12"><span class='ocrx_word' id='word_1_952' title='bbox 1952 5597 2196 5655; x_wconf 82' lang='lat' dir='ltr'><strong>mitterem</strong></span> <span class='ocrx_word' id='word_1_953' title='bbox 2216 5593 2323 5647; x_wconf 87' lang='lat' dir='ltr'><strong>sine</strong></span> <span class='ocrx_word' id='word_1_954' title='bbox 2350 5592 2611 5660; x_wconf 87' lang='lat' dir='ltr'><strong>marsupio</strong></span> <span class='ocrx_word' id='word_1_955' title='bbox 2632 5599 2678 5645; x_wconf 88' lang='lat' dir='ltr'><strong>et</strong></span> <span class='ocrx_word' id='word_1_956' title='bbox 2699 5607 2842 5662; x_wconf 87' lang='lat' dir='ltr'><strong>pera,</strong></span> <span class='ocrx_word' id='word_1_957' title='bbox 2868 5590 3127 5660; x_wconf 81' lang='lat' dir='ltr'><strong>aliquidue</strong></span> <span class='ocrx_word' id='word_1_958' title='bbox 3145 5591 3316 5645; x_wconf 79' lang='lat' dir='ltr'><strong>deerat</strong></span> <span class='ocrx_word' id='word_1_959' title='bbox 3335 5592 3362 5647; x_wconf 68' lang='grc' dir='ltr'><strong>Ρ</strong></span> <span class='ocrx_word' id='word_1_960' title='bbox 3393 5592 3457 5647; x_wconf 80' lang='lat' dir='ltr'><strong>At</strong></span> <span class='ocrx_word' id='word_1_961' title='bbox 3481 5593 3536 5648; x_wconf 85' lang='lat' dir='ltr'><strong>hi</strong></span> 
     </span>
    </p>
   </div>
   <div class='ocr_carea' id='block_1_120' title="bbox 1953 5678 3533 5758">
    <p class='ocr_par' dir='ltr' id='par_1_120' title="bbox 1953 5678 3533 5758">
     <span class='ocr_line' id='line_1_120' title="bbox 1953 5678 3533 5758; baseline -0.003 -17"><span class='ocrx_word' id='word_1_962' title='bbox 1953 5691 2310 5758; x_wconf 80' lang='lat' dir='ltr'><strong>respondentes</strong></span> <span class='ocrx_word' id='word_1_963' title='bbox 2348 5684 2584 5736; x_wconf 74' lang='lat' dir='ltr'><strong>dixerunt</strong></span> <span class='ocrx_word' id='word_1_964' title='bbox 2613 5697 2632 5736; x_wconf 90' lang='lat'><strong><em>:</em></strong></span> <span class='ocrx_word' id='word_1_965' title='bbox 2676 5680 2843 5737; x_wconf 84' lang='lat' dir='ltr'><strong>Nihil.</strong></span> <span class='ocrx_word' id='word_1_966' title='bbox 2869 5678 2989 5751; x_wconf 88' lang='lat' dir='ltr'><strong>Ipse</strong></span> <span class='ocrx_word' id='word_1_967' title='bbox 3018 5690 3184 5735; x_wconf 87' lang='lat' dir='ltr'><strong>autem</strong></span> <span class='ocrx_word' id='word_1_968' title='bbox 3206 5680 3399 5736; x_wconf 69' lang='lat' dir='ltr'><strong>dicebat</strong></span> <span class='ocrx_word' id='word_1_969' title='bbox 3421 5684 3533 5743; x_wconf 84' lang='lat' dir='ltr'><strong>eis;</strong></span> 
     </span>
    </p>
   </div>
   <div class='ocr_carea' id='block_1_121' title="bbox 1958 5770 3536 5849">
    <p class='ocr_par' dir='ltr' id='par_1_121' title="bbox 1958 5770 3536 5849">
     <span class='ocr_line' id='line_1_121' title="bbox 1958 5770 3536 5849; baseline -0.001 -17"><span class='ocrx_word' id='word_1_970' title='bbox 1958 5780 2059 5837; x_wconf 78' lang='lat' dir='ltr'><strong>Sed</strong></span> <span class='ocrx_word' id='word_1_971' title='bbox 2081 5799 2212 5837; x_wconf 73' lang='lat' dir='ltr'><strong>num</strong></span> <span class='ocrx_word' id='word_1_972' title='bbox 2244 5778 2325 5849; x_wconf 77' lang='lat' dir='ltr'><strong>qui</strong></span> <span class='ocrx_word' id='word_1_973' title='bbox 2353 5776 2495 5831; x_wconf 87' lang='lat' dir='ltr'><strong>habet</strong></span> <span class='ocrx_word' id='word_1_974' title='bbox 2518 5774 2854 5848; x_wconf 86' lang='lat' dir='ltr'><strong>marsupium,</strong></span> <span class='ocrx_word' id='word_1_975' title='bbox 2882 5773 3050 5843; x_wconf 87' lang='lat' dir='ltr'><strong>tollat,</strong></span> <span class='ocrx_word' id='word_1_976' title='bbox 3073 5783 3119 5829; x_wconf 89' lang='lat' dir='ltr'><strong>et</strong></span> <span class='ocrx_word' id='word_1_977' title='bbox 3142 5790 3312 5847; x_wconf 76' lang='lat' dir='ltr'><strong>perant</strong></span> <span class='ocrx_word' id='word_1_978' title='bbox 3341 5784 3426 5831; x_wconf 68' lang='grc' dir='ltr'><em>τοι</em></span> <span class='ocrx_word' id='word_1_979' title='bbox 3446 5770 3536 5841; x_wconf 70' lang='grc' dir='ltr'><strong>(ιειὶ</strong></span> 
     </span>
    </p>
   </div>
  </div>
