4058 6258
515 333 623 392 199

514 473 616 514 non
642 458 808 523 habet,
838 453 1022 512 tendat
1067 462 1250 508 restem
1293 466 1460 516 suam,
1491 458 1538 504 et
1584 456 1830 502 mercetur
1875 444 2104 518 gladium

511 547 670 621 (Luc.
695 545 786 602 22.
809 544 899 601 35.
921 544 1036 611 36).
1059 542 1178 599 iam
1219 539 1358 596 forte
1402 539 1549 595 dicet
1590 537 1804 607 aliquis,
1829 533 2105 606 apostolos

511 636 728 707 quidem
775 635 859 692 his
897 633 1057 690 dictis
1103 649 1134 689 ι
1184 630 1412 689 crimine
1461 628 1738 686 absolutos
1770 645 1784 682 :
1813 625 1910 682 sed
1967 624 2104 680 ultra

513 728 792 799 qmt'ritttr,
818 740 987 797 quare
1013 723 1260 782 Christus
1292 720 1557 778 contraria
1599 717 1912 790 praeceperit
1936 733 1949 768 :
1979 729 2104 770 nam

514 817 784 872 interdutn
816 816 965 884 dicit,
995 812 1080 870 Ne
1105 813 1402 885 possidentis
1423 827 1597 883 peram
1622 808 1836 882 (Matth.
1853 806 1943 863 10.
1973 804 2101 878 ill):

514 909 782 964 interdum
811 916 1015 974 autem,
1045 906 1145 976 Qui
1177 907 1325 961 habet
1364 903 1709 975 marsupium,
1736 900 1910 964 tollat,
1937 907 1986 953 et
2011 915 2103 968 pe-

514 1017 625 1053 ram
655 999 808 1074 (Luc.
837 999 930 1053 Ἠ..
961 996 1076 1072 36).
1094 998 1272 1066 Quare
1292 995 1394 1050 hoc
1424 995 1586 1050 fecit?
1612 994 1755 1049 Sane
1779 991 1895 1046 haec
1919 989 2104 1046 admo-

511 1091 641 1146 dum
689 1081 874 1162 digne’
897 1088 1023 1145 fecit
1065 1103 1163 1144 sua
1206 1086 1490 1156 sapientia,
1520 1097 1756 1153 curaque
1776 1125 1790 1148 ,
1814 1096 1974 1152 quam
2006 1093 2106 1150 pro
2142 1083 2144 1088 ’

513 1183 792 1251 discipulis
817 1181 1058 1252 gerebat.
1089 1180 1174 1235 Ab
1199 1178 1352 1234 initio
1380 1177 1523 1233 enim
1555 1175 1660 1231 hoc
1688 1173 2004 1246 imperavit,
2049 1180 2107 1228 ut

512 1290 679 1345 opere
728 1284 786 1330 et
828 1272 1201 1344 experimento
1257 1268 1512 1340 potentia:
1561 1282 1674 1322 sua:
1723 1265 2104 1320 documentum

511 1367 820 1437 acciperent
843 1403 861 1432 ,
903 1379 967 1418 ac
991 1361 1186 1418 deinde
1209 1375 1331 1418 eum
1362 1359 1552 1414 ﬁducia
1582 1373 1678 1428 per
1706 1366 1875 1412 totum
1919 1353 2105 1410 orbem

514 1469 780 1514 terrarum
845 1463 1212 1527 peragrarunt.
1269 1453 1466 1508 Verum
1517 1450 1607 1506 ubi
1651 1449 1763 1520 jam
1812 1447 2104 1518 potentiam

514 1552 682 1622 ipsius
731 1555 1099 1621 agnoverunt,
1127 1545 1332 1616 Optavit
1371 1551 1510 1598 utet
1550 1542 1651 1612 ipsi
1674 1557 1741 1596 ex
1793 1554 1854 1595 se
1895 1538 2106 1593 virtutis

513 1642 788 1715 specimen
817 1640 1136 1711 pra-herent,
1169 1652 1342 1709 neque
1367 1636 1512 1706 ipsos
1535 1634 1605 1691 ad
1631 1635 1789 1690 ﬂnem
1819 1647 1988 1703 usque
2013 1648 2107 1702 ge-

513 1744 659 1788 stare
711 1731 918 1796 vohtit;
945 1729 1041 1785 sed
1087 1729 1231 1800 ipsos
1269 1741 1415 1798 sape
1462 1726 1717 1796 exposuit
1759 1722 2107 1793 permisitque

513 1838 640 1879 suas
693 1820 837 1877 ferre
883 1821 1205 1877 tentatioues
1224 1859 1240 1886 ,
1287 1835 1356 1874 ne
1397 1818 1601 1874 scilicet
1648 1824 1906 1887 perpetuo
1949 1813 2106 1869 otiosi

515 1913 813 1970 residerent
843 1930 857 1966 :
886 1923 939 1968 et
960 1911 1412 1983 quemadmodum
1447 1910 1536 1980 qui
1567 1917 1736 1964 artem
1764 1905 1980 1962 natandi
2009 1905 2107 1960 do-

512 2015 658 2072 cent,
689 2004 954 2076 principio
996 2003 1288 2075 suppositis
1323 2003 1572 2058 manibus
1619 1999 1787 2056 multa
1833 1997 2105 2068 diligentia

514 2095 808 2166 discipulos
837 2102 1088 2167 gestant;
1121 2103 1242 2164 post
1289 2108 1451 2148 unum
1485 2101 1661 2148 autem
1695 2100 1752 2146 et
1777 2090 2003 2146 alterum
2045 2095 2108 2146 et

516 2187 733 2241 tertium
758 2184 903 2242 diem
948 2185 1221 2240 subtracta
1268 2185 1492 2240 dextera
1535 2178 1642 2239 illis
1672 2181 2020 2253 praecipiunt,
2049 2189 2107 2235 ut

512 2280 722 2350 seipsos
740 2279 955 2350 juvent,
985 2287 1040 2334 et
1070 2292 1453 2346 nonnunquam
1481 2276 1602 2330 illos
1627 2289 1914 2346 parumper
1937 2272 2107 2343 mergi

513 2373 732 2440 sinunt,
775 2372 847 2426 ita
896 2380 956 2426 ut
993 2379 1050 2426 et
1107 2371 1334 2424 multum
1375 2368 1660 2439 salsuginis
1711 2366 1964 2421 sorbeant
1996 2365 2106 2419 :ita

514 2477 646 2520 sane
672 2471 729 2518 et
753 2478 876 2518 cum
916 2463 1196 2535 discipulis
1244 2463 1358 2518 suis
1399 2460 1645 2516 Christus
1693 2458 1938 2514 faciebat.
1971 2456 2105 2512 Nam

517 2555 672 2610 initio
715 2555 852 2610 nihil
887 2569 984 2610 eos
1042 2554 1150 2624 pati
1196 2553 1428 2619 sinebat,
1459 2552 1544 2608 vel
1598 2565 1817 2622 parvum
1856 2550 1938 2604 vel
1990 2565 2106 2603 tua-

515 2662 703 2719 gnum,
733 2647 827 2702 sed
860 2647 1054 2718 ubique
1081 2645 1271 2701 aderat
1298 2644 1567 2709 muniens,
1595 2653 1653 2698 et
1694 2641 2108 2698 circumvallans

516 2754 635 2806 eos,
667 2737 971 2809 l'aciensque
998 2747 1056 2792 ut
1073 2736 1252 2792 omnia
1275 2736 1506 2790 ubertim
1530 2736 1609 2790 eis
1629 2735 1910 2789 aﬂluerent
1939 2753 1952 2786 :
1982 2749 2106 2788 eum

516 2847 648 2888 vero
675 2840 886 2903 tempus
914 2840 1094 2897 esset,
1117 2840 1176 2885 ut
1198 2828 1505 2884 virilitatem
1551 2841 1704 2882 suam
1735 2825 1835 2895 ipsi
1865 2825 2106 2880 declamo

517 2933 660 2992 rent,
703 2923 965 2980 subtraxit
1005 2920 1274 2977 modicum
1304 2918 1511 2991 gratiae,
1544 2917 1866 2989 praecipiens
1901 2917 2016 2980 eis,
2051 2923 2108 2970 ut

515 3016 677 3072 etiam
708 3030 804 3085 per
846 3015 1057 3084 seipsos
1093 3012 1259 3067 multa
1294 3010 1634 3081 perlicerent.
1665 3008 1839 3078 Atque
1869 3006 2008 3062 hanc
2037 3006 2108 3062 ob

515 3121 762 3170 causam,
789 3121 911 3161 cum
952 3119 1059 3159 non
1087 3103 1356 3158 habebant
1382 3101 1596 3157 calceos
1617 3142 1632 3166 ,
1668 3100 1751 3154 vel
1771 3113 1960 3153 zonam
1981 3139 1994 3163 ,
2024 3097 2108 3152 vel

519 3198 790 3264 baculum,
817 3197 898 3252 vel
925 3211 1029 3259 :es,
1051 3195 1184 3250 nihil
1210 3193 1289 3248 eis
1314 3192 1498 3248 deerat
1531 3209 1545 3247 :
1577 3191 1707 3246 dicit
1749 3191 1892 3244 enim
1912 3230 1929 3256 ,
1967 3187 2108 3242 Nam

515 3289 712 3360 aliquid
743 3289 880 3343 vobis
913 3287 1072 3358 defuit
1091 3286 1120 3342 1
1146 3283 1218 3340 Et
1245 3283 1602 3356 respondentes
1646 3281 1882 3337 dixerunt
1911 3295 1930 3334 :
1958 3278 2108 3334 Nihil

519 3381 682 3452 (Ibid.
727 3396 772 3434 υ.
808 3379 925 3449 55).
951 3377 1070 3446 Quo
1118 3385 1361 3446 tempore
1411 3382 1589 3429 autem
1642 3372 1884 3446 permisit
1915 3372 2028 3437 eis,
2052 3380 2110 3426 ut

519 3473 847 3543 marsupiutn
879 3471 1138 3526 haberent
1165 3478 1220 3526 et
1265 3483 1448 3539 peram
1493 3476 1548 3522 et
1587 3467 1831 3532 calceos,
1866 3463 2106 3520 invenie-

516 3568 712 3624 bantur
744 3574 799 3620 et
826 3564 1148 3628 esurientes,
1180 3569 1234 3616 et
1257 3560 1525 3627 sitientes,
1548 3568 1604 3615 et
1625 3557 1750 3613 nudi
1771 3557 2106 3613 incedentes.

519 3656 674 3714 Unde
703 3654 988 3726 liquidum,
1019 3649 1162 3722 quod
1185 3652 1382 3721 passim
1413 3663 1510 3706 eos
1535 3647 1827 3720 periclitari
1851 3657 1908 3704 et
1943 3646 2107 3718 alﬂigi

513 3753 712 3807 sineret
739 3765 756 3806 :
786 3762 1000 3818 nempe,
1032 3753 1091 3800 ut
1114 3743 1417 3800 mercedem
1443 3742 1676 3814 aliquam
1711 3740 1991 3798 baberent.
2017 3739 2108 3796 Sic

515 3841 766 3898 videlicet
792 3853 922 3895 aves
947 3837 1122 3910 pullos
1159 3850 1289 3891 suos
1341 3833 1585 3890 foventes
1629 3831 1834 3888 tamdiu
1880 3833 1933 3888 in
1981 3831 2107 3888 nido

513 3934 728 4001 sedent,
755 3930 930 3987 donec
958 3929 1171 3984 illorum
1213 3927 1409 3997 pluma:
1448 3925 1787 3991 increscant;
1818 3939 1952 3996 quas
1978 3924 2106 3979 dum

515 4027 808 4084 increvisse
829 4022 1079 4087 viderint,
1113 4021 1336 4090 illosque
1362 4033 1545 4074 aerem
1584 4033 1771 4074 secare
1798 4032 1985 4088 posse,
2014 4031 2109 4072 eos

514 4120 746 4190 primum
793 4116 940 4169 circa
987 4112 1172 4167 nidum
1221 4109 1446 4164 volitare
1471 4108 1691 4176 docent,
1725 4120 1908 4178 postea
1952 4108 2110 4178 paulo

516 4209 728 4279 longius
752 4222 768 4260 :
795 4204 948 4259 initio
971 4217 1068 4258 eos
1091 4210 1383 4268 sequuntur
1409 4208 1460 4254 et
1491 4207 1823 4268 supportant,
1847 4198 1971 4255 dein
2008 4200 2108 4254 ad-

515 4297 773 4354 miniculo
797 4309 896 4350 suo
924 4296 1062 4348 totes
1085 4291 1398 4350 destituunt.
1423 4290 1496 4344 Ita
1521 4288 1750 4345 faciebat
1771 4301 1826 4347 et
1840 4290 2106 4347 Christus.

522 4387 575 4445 In
607 4386 888 4443 Palmstina
915 4384 1080 4453 enim,
1108 4383 1258 4454 quasi
1297 4383 1347 4436 in
1381 4381 1506 4437 nido
1535 4382 1834 4438 nutrieabat
1871 4382 2107 4452 discipu-

519 4485 640 4548 los;
672 4491 726 4536 et
754 4489 1034 4550 postquam
1071 4492 1166 4533 eos
1195 4476 1376 4530 volare
1405 4475 1588 4530 docuit
1625 4491 1895 4545 pra-setis,
1921 4485 1975 4531 et
2016 4491 2110 4547 ge-

518 4587 706 4640 stans,
773 4571 986 4627 tandem
1028 4567 1232 4624 dimisit
1271 4583 1405 4634 eos,
1435 4577 1492 4622 ut
1543 4567 1783 4622 volarent
1834 4567 1886 4622 in
1941 4576 2108 4622 totum

517 4668 728 4730 orbem,
751 4663 880 4718 dato
902 4662 983 4718 eis
1003 4659 1276 4724 mandato,
1300 4667 1357 4713 ut
1376 4672 1498 4714 sese
1522 4657 1813 4714 identidem
1838 4658 2106 4728 iuvarent.

521 4756 588 4812 Et
613 4753 756 4827 quod
788 4755 891 4808 hoc
913 4766 1097 4807 verum
1123 4751 1227 4817 sit,
1253 4749 1502 4820 quodque
1549 4747 1672 4805 ideo
1717 4762 1815 4804 eos
1855 4749 2107 4804 omnibus

517 4845 790 4914 nudatos,
826 4853 882 4901 et
919 4858 1023 4900 una
1079 4851 1286 4898 tantum
1337 4849 1489 4897 veste
1528 4839 1752 4896 amictus
1803 4840 2026 4906 miserit,
2054 4849 2112 4896 et

515 4942 722 5012 absque
745 4935 943 4994 calceis
977 4933 1257 4990 ambulare
1280 4933 1524 5004 jusserit,
1555 4939 1614 4986 ut
1659 4947 1811 4988 suam
1852 4933 2105 4987 virtutem

518 5043 575 5090 et
600 5029 896 5103 potandam
941 5034 1355 5097 cognoscerent,
1385 5025 1535 5080 clare
1579 5023 1846 5090 sciemus,
1891 5027 1935 5078 si
1975 5024 2109 5079 illud

518 5125 723 5180 dictum
771 5117 1071 5174 audiamus.
1117 5114 1235 5172 Non
1280 5115 1424 5170 enim
1477 5115 1792 5186 simpliciter
1831 5114 1966 5169 dixit
1989 5115 2102 5179 eis,

519 5214 720 5273 Tollite
745 5209 1076 5283 marsupium
1095 5217 1150 5265 et
1173 5221 1356 5279 peram
1378 5223 1395 5273 ;
1417 5205 1512 5262 sed
1535 5205 1773 5276 priorum
1794 5208 2107 5261 memoriam

518 5302 820 5364 relricando
839 5301 918 5357 sic
940 5301 1155 5357 dicebat
1173 5339 1188 5362 ,
1217 5297 1345 5354 Cum
1374 5298 1620 5353 mitterem
1647 5313 1734 5352 vos
1759 5299 1870 5354 sine
1906 5315 2108 5354 marsu-

519 5402 604 5473 pio
636 5409 684 5455 et
715 5413 859 5470 pera,
886 5392 1146 5467 aliquidue
1178 5391 1352 5446 deerat
1370 5391 1397 5446 2
1421 5390 1522 5445 hoe
1569 5398 1672 5457 est,
1709 5405 1889 5446 nonne
1928 5393 2108 5448 omnia

523 5489 753 5544 ubertim
784 5485 940 5542 vobis
959 5482 1250 5540 afﬂuebant
1270 5521 1286 5548 ,
1319 5481 1592 5551 multaque
1627 5481 1874 5552 largitate
1897 5481 2108 5539 frueba-

519 5579 692 5637 mini?
714 5578 821 5639 Sed
844 5593 987 5634 nunc
1010 5575 1133 5632 volo
1148 5589 1246 5632 vos
1261 5590 1357 5647 per
1381 5589 1476 5630 vos
1493 5573 1638 5644 ipsos
1661 5584 1890 5643 certare,
1903 5584 1957 5631 et
1977 5591 2108 5646 patt-

524 5672 789 5736 pertatem
826 5669 1104 5740 experiri;
1135 5677 1189 5724 et
1230 5678 1516 5738 eapropter
1559 5667 1676 5740 lege
1707 5667 1870 5736 priori
1908 5668 2106 5723 obstri-

525 5749 645 5818 ctos
680 5760 825 5831 nolo,
852 5761 945 5817 sed
974 5760 1222 5831 permitto
1241 5799 1257 5826 ,
1283 5769 1340 5815 ut
1367 5767 1422 5814 et
1450 5758 1776 5827 marsupium
1821 5769 1874 5815 et
1921 5776 2105 5824 peram

1261 335 1318 394 8.
1356 331 1634 393 JOANNIS
1670 325 2148 388 CHRYSOSTOMI
2187 321 2505 385 ABGHIEP.
2545 329 3085 387 CONSTANTINOP.

3691 333 3797 390 200

2211 441 2472 508 habeatis,
2503 452 2658 500 utne
2703 444 2852 514 quasi
2898 459 2995 514 per
3039 443 3272 498 inanima
3305 444 3653 500 instrumenta
3706 464 3800 516 per

2210 552 2307 593 vos
2334 539 2544 608 operari
2574 539 2889 604 existimer;
2917 538 3011 594 sed
3055 547 3112 593 et
3159 553 3254 593 vos
3286 545 3518 594 vestram
3562 539 3785 608 phich

2209 628 2387 700 phiam
2413 630 2667 686 exhibere
2693 639 2926 701 oportet.

2281 722 2334 779 5.
2373 720 2524 789 Quod
2549 723 2594 776 si
2615 721 2790 778 adhuc
2813 721 2949 777 dicis
2980 738 2994 777 :
3022 723 3101 777 An
3132 736 3238 776 non
3271 723 3444 790 major
3471 721 3583 777 visa
3618 722 3800 778 luisset

2209 811 2415 881 gratia,
2448 811 2492 866 si
2520 827 2734 882 semper
2764 811 2838 866 ita
2871 812 3072 866 versati
3099 812 3324 866 essent?
3356 811 3554 867 Verum
3597 827 3705 867 non
3735 815 3798 869 ita

2210 902 2418 971 probati
2462 901 2727 959 fuissent:
2760 901 2806 957 si
2855 902 3000 958 enim
3045 902 3244 956 nullam
3288 902 3378 959 vel
3416 902 3800 968 alﬂictinnem,

2210 993 2294 1047 vel
2322 993 2554 1063 inopiam
2572 1034 2586 1060 ,
2613 993 2698 1050 vel
2738 995 3206 1064 persequutionem
3228 1036 3242 1058 ,
3266 993 3354 1050 vel
3379 995 3680 1065 angustiam
3709 1012 3794 1050 ex-

2212 1085 2348 1153 perti
2377 1094 2595 1152 essent,
2640 1086 2967 1142 mansissent
3009 1085 3185 1156 ignavi
3223 1095 3280 1143 et
3321 1087 3457 1158 pigri
3487 1103 3503 1142 :
3533 1103 3682 1143 nune
3711 1103 3796 1143 au-

2213 1187 2345 1244 tem,
2392 1191 2501 1231 non
2551 1177 2726 1232 solum
2777 1177 3005 1249 gratiam
3057 1178 3258 1233 Christi
3310 1178 3574 1246 relueere,
3603 1178 3704 1234 sed
3751 1191 3804 1235 et

2209 1269 2544 1324 subditorum
2575 1270 2947 1340 probationem
2984 1268 3227 1326 exhiberi
3261 1269 3491 1337 volebat,
3521 1285 3594 1324 ne
3620 1279 3804 1339 postea

2209 1360 2426 1432 quidam
2457 1361 2638 1418 dicere
2682 1373 2939 1433 possent,
2967 1377 3062 1420 eos
3089 1363 3219 1418 nihil
3245 1378 3276 1418 a
3305 1363 3497 1434 seipsis
3525 1364 3804 1430 anulisse,

2208 1453 2303 1508 sed
2332 1453 2468 1509 facta
2497 1468 2620 1509 esse
2641 1456 2820 1508 omnia
2845 1454 3045 1510 auxilio
3071 1455 3187 1508 Dei.
3223 1454 3435 1508 Poterat
3478 1455 3622 1508 enim
3667 1456 3806 1510 Deus

2209 1559 2306 1601 eos
2329 1560 2498 1616 usque
2545 1544 2614 1600 ad
2661 1544 2820 1600 linem
2846 1545 2901 1600 in
2924 1560 2988 1601 ea
3013 1545 3338 1601 abundantia
3366 1545 3636 1600 custodire
3669 1563 3686 1599 :
3715 1546 3805 1601 sed

2209 1636 2381 1692 noluit
2421 1636 2494 1692 ob
2535 1637 2743 1702 varias,
2776 1637 3214 1706 necessariasque
3241 1650 3463 1701 causas,
3486 1650 3619 1705 quas
3663 1651 3806 1706 saepe

2209 1729 2416 1786 caritati
2445 1739 2641 1786 vestrae
2685 1729 2939 1785 diximus.
2974 1728 3086 1786 Una
3117 1729 3331 1798 quidem
3361 1728 3477 1782 haec
3519 1738 3604 1784 est
3647 1744 3803 1798 quam

2209 1822 2445 1879 diximus
2478 1824 2621 1879 :alia
2674 1833 2854 1880 autem
2906 1824 3008 1880 hac
3051 1839 3158 1879 non
3193 1823 3390 1888 minor,
3420 1833 3480 1877 ιιι
3528 1825 3806 1878 modestize

2211 1914 2607 1971 assuelierent:
2661 1916 2814 1970 tertia
2854 1930 3020 1981 vero,
3066 1923 3126 1969 ut
3163 1930 3229 1969 ne
3275 1913 3448 1983 major
3494 1914 3600 1970 illis
3647 1929 3805 1984 quam

2213 2006 2519 2062 hominibus
2557 2007 2806 2075 debetur,
2837 2007 3008 2063 honor
3051 2007 3417 2063 exhiberetur.
3461 2006 3650 2078 Itaque
3687 2023 3804 2078 pro-

2211 2104 2328 2166 pter
2357 2098 2490 2160 htec,
2524 2106 2578 2152 et
2604 2097 2686 2152 his
2707 2098 2874 2152 multo
2901 2098 3054 2168 plura
3075 2139 3092 2164 ,
3115 2111 3234 2154 cum
3262 2098 3622 2167 permissurus
3662 2108 3807 2153 esset

2211 2186 2289 2241 eis
2324 2186 2488 2242 multa
2519 2189 2884 2257 inexspectata
2928 2187 3178 2244 accidere
3200 2229 3216 2254 ,
3245 2188 3414 2242 noluit
3455 2189 3694 2257 priorem
3737 2189 3809 2244 le-

2209 2291 2330 2344 gem
2361 2287 2469 2335 tam
2498 2288 2700 2336 arctam
2725 2294 2962 2345 manere,
2997 2279 3093 2334 sed
3119 2279 3234 2349 ejus
3265 2279 3619 2350 philosophia:
3650 2295 3808 2337 seve-

2211 2371 2422 2426 ritatem
2467 2371 2708 2427 nonnihil
2758 2371 3035 2437 relaxavit,
3069 2381 3125 2426 ut
3168 2382 3221 2428 et
3264 2372 3336 2426 ita
3389 2387 3495 2426 non
3537 2380 3690 2426 esset
3731 2372 3808 2428 eis

2210 2463 2389 2532 gravis
2436 2471 2491 2519 et
2541 2463 2895 2520 intolerabilis
2942 2463 3081 2530 vita,
3135 2463 3181 2517 si
3245 2477 3393 2532 saepe
3443 2461 3794 2534 derelinque-

2212 2563 2422 2622 rentur,
2448 2562 2502 2612 et
2527 2555 2688 2612 simul
2715 2555 2903 2610 duram
2956 2555 3100 2610 illam
3156 2555 3330 2626 legem
3379 2569 3595 2610 servare
3643 2571 3808 2626 coge-

2213 2655 2418 2702 rentur.
2451 2645 2714 2714 Quoniam
2757 2654 2940 2703 autem
2980 2647 3264 2718 oportebat
3301 2646 3532 2703 obscure
3563 2649 3810 2717 proposi-

2215 2750 2325 2796 tum
2348 2741 2547 2797 clarius
2573 2741 2792 2809 docere,
2825 2740 3025 2797 idcirco
3056 2749 3336 2810 postquam
3383 2739 3555 2805 dixit,
3587 2739 3695 2804 Qui
3717 2741 3813 2793 Ita-

2210 2832 2292 2886 bet
2319 2832 2651 2902 marsupium,
2683 2830 2850 2899 tollat,
2881 2841 2929 2886 et
2972 2848 3149 2901 perant
3173 2847 3195 2884 :
3225 2831 3436 2900 subjicit
3457 2872 3473 2898 ,
3501 2830 3568 2885 Et
3589 2833 3676 2901 qui
3705 2849 3812 2886 non

2212 2921 2394 2988 habet,
2419 2923 2601 2977 vendat
2627 2932 2812 2976 vestem
2839 2938 3007 2989 suam,
3038 2932 3085 2976 et
3119 2906 3250 2975 emat
3291 2922 3520 2992 gladium
3539 2921 3689 2994 (Luc.
3715 2921 3811 2976 22.

2216 3012 2332 3086 36).
2361 3013 2626 3082 Quidnam
2656 3013 2794 3068 hoc?
2823 3015 3084 3069 Armatae
3114 3013 3406 3083 discipulos
3435 3013 3524 3083 qui
3545 3013 3678 3070 dicit
3702 3033 3720 3068 :
3755 3016 3813 3071 Si

2215 3105 2329 3174 quis
2365 3113 2415 3159 te
2453 3104 2754 3174 percusserit
2798 3104 2851 3158 in
2905 3104 3162 3158 dexteram
3188 3104 3470 3170 maxillam,
3501 3115 3633 3160 verte
3675 3105 3728 3158 ei
3771 3117 3813 3161 et

2212 3197 2423 3251 alteram
2448 3197 2659 3269 (Matth.
2681 3197 2736 3253 5.
2764 3196 2857 3264 '59,
2875 3206 2920 3250 et
2948 3195 3076 3250 Luc.
3099 3197 3152 3253 6.
3175 3196 3294 3267 29).
3324 3196 3426 3265 Qui
3454 3199 3740 3268 prmeepit,
3760 3208 3815 3252 ut

2216 3288 2596 3344 benedicamus
2621 3289 2706 3354 iis,
2729 3289 2820 3358 qui
2847 3304 2946 3344 nos
2971 3289 3230 3344 conviciis
3260 3289 3553 3354 lacessunt,
3573 3286 3815 3344 feramus

2215 3381 2506 3447 hedentes,
2537 3395 2754 3436 oremus
2791 3395 2889 3449 pro
2935 3379 3402 3450 persequentibus,
3430 3393 3576 3435 nunc
3597 3379 3814 3434 armat?

2213 3480 2493 3544 armatque
2545 3485 2653 3526 uno
2727 3480 2932 3526 tantutn
2979 3471 3205 3542 gladio?
3260 3471 3326 3527 Et
3371 3471 3645 3541 quomodo
3695 3471 3813 3526 haec

2213 3563 2408 3618 rationi
2439 3577 2678 3618 consona
2725 3564 2894 3618 sunt?
2919 3561 3055 3618 Nam
3105 3563 3153 3617 si
3203 3561 3424 3618 omnino
3465 3562 3634 3618 armis
3669 3577 3810 3633 opus

2211 3664 2349 3723 erat,
2373 3670 2478 3710 non
2505 3656 2624 3712 solo
2643 3655 2843 3729 gladio,
2866 3655 2963 3711 sed
2989 3663 3044 3711 et
3071 3664 3245 3722 scuto,
3275 3663 3332 3712 et
3348 3656 3522 3727 galea,
3543 3664 3600 3712 et
3622 3672 3810 3712 crura-

2213 3747 2350 3803 libus
2365 3763 2577 3804 armare
2601 3749 2904 3818 oportebat.
2923 3748 2991 3804 Et
3016 3748 3280 3818 profecto,
3307 3750 3354 3804 si
3375 3750 3613 3804 humano
3639 3766 3794 3807 more

2213 3837 2332 3894 hate
2353 3838 2667 3910 dispensare
2682 3847 2737 3895 et
2760 3852 2921 3910 agere
2952 3839 3385 3910 voluisset,apud
3405 3855 3500 3896 vos
3528 3839 3809 3896 ridiculum

2214 3946 2320 3987 non
2337 3939 2454 3988 erat
2469 3930 2578 3987 hoc
2592 3931 2944 4002 praeceptum?
2955 3930 3395 4002 Quandoquidem
3417 3931 3544 3988 licet
3559 3943 3808 3987 sexcenta

2214 4023 2267 4079 id
2285 4039 2453 4095 genus
2477 4039 2626 4079 arma
2645 4024 3008 4095 possedissent
3021 4025 3276 4080 adversus
3297 4032 3376 4079 tot
3394 4025 3616 4080 insidias
3634 4034 3689 4080 et
3710 4026 3807 4080 im-

2217 4121 2373 4184 petus
2400 4113 2718 4184 populorum
2739 4154 2766 4182 ,_
2802 4122 3147 4187 tyrannorum
3164 4155 3180 4183 ,
3217 4115 3510 4182 civitatum,
3534 4115 3806 4187 gentium,

2213 4204 2482 4274 quomodo
2499 4205 2566 4262 iis
2579 4207 2905 4276 potentiores
2920 4205 3146 4262 fuissent
3160 4205 3442 4262 undecim?
3455 4205 3592 4261 Num
3609 4207 3805 4277 potuis-

2214 4305 2333 4351 sent
2350 4296 2537 4352 audire
2553 4312 2740 4353 vocem
2758 4297 3112 4355 hinnientium
3133 4297 3420 4368 equorum?
3443 4313 3620 4353 annon
3635 4300 3720 4354 vel
3739 4299 3802 4353 ad

2214 4388 2388 4442 solum
2419 4388 2689 4444 exercitus
2721 4397 2996 4458 aspectum
3035 4387 3316 4444 conterriti
3341 4398 3530 4445 essent
3564 4390 3663 4444 viri
3701 4405 3802 4445 non

2213 4478 2319 4533 nisi
2339 4478 2394 4534 in
2417 4480 2621 4550 stagnis
2640 4488 2694 4534 et
2723 4477 3033 4535 ﬂuminibus
3065 4487 3122 4536 et
3149 4480 3341 4536 lembis
3366 4481 3604 4535 versati?
3625 4481 3796 4548 Quare

2216 4585 2344 4641 ergo
2374 4569 2477 4625 hoc
2501 4571 2672 4626 dicit?
2696 4570 3005 4626 Judzeorutn
3049 4572 3269 4627 insidias
3295 4571 3533 4628 indicare
3553 4573 3799 4640 volebat,

2217 4659 2442 4730 illosque
2483 4661 2657 4732 ipsum
2706 4661 3193 4732 comprehensuros
3233 4676 3356 4718 esse
3386 4680 3400 4717 :
3434 4661 3595 4734 idque
3640 4663 3800 4718 mani-

2215 4751 2352 4808 feste
2400 4752 2579 4808 dicere
2615 4752 2862 4818 nolebat,
2893 4752 2990 4808 sed
3029 4767 3127 4822 per
3154 4753 3473 4824 aenigmata,
3513 4769 3582 4809 ne
3615 4757 3799 4811 iterum

2213 4844 2684 4898 eonturbarentur.
2716 4843 2899 4915 Itaque
2928 4843 3068 4898 sicut
3094 4859 3217 4898 cum
3246 4844 3401 4900 audis
3426 4843 3699 4901 Christum
3729 4847 3800 4902 di-

2216 4944 2425 4992 centem
2466 4953 2480 4990 :
2535 4935 2684 5002 Quod
2730 4935 2945 4990 audistis
2992 4935 3045 4988 in
3086 4951 3282 5000 aurem,
3338 4935 3614 5006 prcdt'cate
3661 4953 3802 5007 super

2215 5037 2344 5082 tecta
2364 5042 2384 5081 :
2407 5027 2612 5096 etquod
2631 5027 2843 5082 audistis
2871 5026 2922 5080 in
2952 5025 3188 5094 tenebris,
3210 5026 3364 5081 dicite
3380 5027 3433 5080 in
3455 5025 3569 5081 luce
3590 5027 3798 5097 (Haut.

2217 5118 2303 5176 10.
2338 5117 2430 5185 27,
2454 5127 2500 5172 et
2525 5115 2654 5172 Luc.
2675 5117 2764 5173 η.
2788 5117 2846 5188 3)
2871 5132 2887 5184 ;
2917 5131 3026 5172 non
3053 5116 3326 5186 intelligis,
3354 5119 3504 5188 quasi
3534 5118 3802 5188 praecipiat

2215 5210 2420 5266 relictis
2448 5209 2579 5266 loris
2598 5218 2654 5265 et
2681 5209 2854 5264 triviis
2879 5224 2975 5266 eos
3001 5224 3166 5280 super
3204 5217 3344 5264 tecta
3371 5209 3569 5264 debere
3616 5208 3800 5281 pradi-

2214 5319 2375 5372 Care;
2409 5318 2582 5375 neque
2636 5303 2777 5359 enim
2826 5303 2878 5359 id
2921 5304 3162 5360 iecerunt
3218 5301 3462 5374 discipuli
3493 5321 3508 5356 :
3539 5305 3638 5359 sed
3685 5319 3798 5358 cum

2214 5397 2383 5465 dicit,
2410 5395 2582 5468 Super
2606 5405 2756 5461 tecta,
2787 5405 2842 5452 et
2879 5394 2947 5450 In
2975 5396 3108 5460 luce,
3143 5395 3392 5450 ﬁduciam
3420 5404 3476 5450 et
3504 5395 3820 5451 libertatem"

2218 5488 2426 5558 publice
2453 5487 2776 5558 praedicandi
2809 5487 3081 5553 insinuat;
3113 5500 3235 5540 cum
3265 5499 3394 5540 vero
3423 5485 3555 5540 dicit
3575 5525 3592 5549 ,
3617 5485 3685 5540 In
3705 5502 3796 5539 au-

2215 5596 2322 5634 rem
2374 5589 2430 5634 et
2466 5577 2532 5633 In
2577 5578 2828 5645 tenebris,
2861 5576 3161 5647 signiﬁcat,
3192 5585 3249 5630 ut
3297 5576 3491 5644 ubique
3541 5585 3796 5632 terrarum

2217 5680 2456 5738 narrent,
2481 5669 2620 5741 quod
2645 5670 2696 5725 in
2723 5685 2881 5739 parva
2910 5668 3091 5724 mundi
3122 5678 3291 5736 parte,
3322 5677 3376 5724 et
3411 5667 3464 5722 in
3493 5683 3603 5721 uno
3631 5667 3792 5722 Palat-

2220 5762 2372 5820 stina:
2399 5763 2520 5846 loco
2541 5761 2838 5818 audierant.
2886 5759 3070 5832 Ncque
3096 5759 3239 5816 enim
3288 5759 3342 5815 in
3390 5759 3627 5816 tenebris
3653 5768 3709 5818 et
3744 5758 3794 5814 in
