4058 6258
884 211 895 240 ἰ

119 275 218 346 199

109 406 228 458 ραν
247 405 264 420 ο
287 388 388 442 καί
434 391 467 442 d
497 387 584 457 μὴ
615 387 804 456 ἔχων,
849 389 1185 456 πωλησάτω
1212 391 1279 444 τὸ
1311 390 1544 460 ἱμάτιον
1582 389 1790 454 αὐτοῦ,

116 473 214 526 νίιί
253 470 541 541 ἀγοράσει
583 471 906 540 μάχαιραν.
947 472 1088 524 Ἀλλ’
1136 473 1266 538 ῐσως
1297 474 1439 526 εἴποι
1469 491 1551 536 τις
1575 472 1642 526 ἀν
1668 512 1682 537 ,
1714 473 1795 524 ὅτι

111 559 248 624 Τοὺς
279 554 382 626 μὲν
406 553 737 618 ἀποστόλους
766 554 854 606 διά
880 553 990 607 τῶν
1013 555 1321 626 εἰρημένων
1349 555 1662 627 ἀπήλλαξας
1687 555 1796 607 τῶν

117 646 480 720 ἐγκλημάτων
499 664 510 677 ·
539 646 600 699 τὺ
635 645 692 698 δὲ
724 646 1054 718 ζητούμενόν
1092 649 1240 700 ἐστιν
1271 648 1444 700 εἰπεῖν
1465 688 1480 710 ,
1508 645 1651 710 τίνος
1682 647 1797 700 ’ἐνε-

119 747 214 782 κεν
260 729 482 783 ἐναντία
525 731 553 781 ό
599 727 832 800 Χριστὸς
863 729 1256 799 ἐνομοθέτησε,
1289 730 1418 783 ποτέ
1459 730 1556 800 μέν
1599 728 1794 796 λέγων,

119 822 216 890 Μὴ
241 821 554 892 κτήσησθε
591 822 792 890 πήραν
813 863 826 885 ,
861 820 991 874 ποτέ
1029 821 1085 874 δέ
1132 821 1307 891 λέγων
1333 861 1348 886 ,
1393 822 1448 875 Ὁ
1483 821 1640 890 ἔχων
1683 821 1798 883 βα-

120 904 403 970 λάντιον,
442 903 638 972 ἀράτω
663 944 676 966 ,
701 903 800 958 καί
834 903 1052 972 πήραν.
1087 905 1244 966 Τίνος
1280 900 1374 958 οὖν
1407 904 1592 957 ἕνεκεν
1639 903 1796 956 τοῦτο

121 987 424 1060 πεποίηκεν
449 1004 464 1052 ;
505 987 697 1054 ’Δξίως
728 988 827 1057 τῆς
858 986 1025 1040 αὐτοῦ
1055 987 1245 1058 σοφίας
1285 989 1380 1042 καὶ
1413 985 1668 1059 προνοίας
1699 985 1798 1056 τῆς

122 1086 262 1156 ὑπὲρ
307 1085 417 1138 τῶν
461 1083 736 1154 μαθητῶν,
773 1083 930 1154 Παρά
981 1083 1080 1153 μὲν
1131 1083 1239 1154 γὰρ
1269 1083 1364 1154 τὴν
1402 1081 1578 1153 ἀρχὴν
1625 1081 1798 1134 ταῦτα

123 1167 386 1232 ἐπέταξεν
411 1207 426 1231 ,
458 1167 544 1220 ἵνα
593 1167 740 1238 ἔργῳ
771 1168 864 1220 καὶ
894 1167 1060 1238 πείρᾳ
1083 1166 1181 1237 τὴν
1208 1166 1480 1232 ἀπόδειξιν
1504 1167 1606 1236 τῆς
1631 1165 1796 1219 αὑτοῦ

121 1249 406 1322 δυνάμεως
441 1249 678 1312 λάϐωσι,
711 1249 806 1302 καὶ
836 1249 1096 1312 λαϐόντες
1146 1248 1463 1320 θαῤῥήσωσι
1493 1248 1678 1302 λοιπὸν
1719 1249 1799 1309 εἰς

121 1329 220 1401 τὴν
270 1331 598 1402 οἰκουμένην
636 1330 872 1395 ἐξελθεῖν
925 1330 1163 1384 ἃπασαν.
1227 1329 1442 1400 Ἐπειδὴ
1505 1330 1562 1382 δέ
1614 1327 1798 1393 λοιπὸν

124 1411 328 1474 ἰκανῶς
357 1411 600 1480 ἔγνωσαν
623 1411 788 1466 αὑτοῦ
805 1412 902 1482 τὴν
931 1411 1184 1481 δύναμιν,
1210 1409 1461 1463 ἐϐούλετο
1482 1411 1574 1464 καὶ
1603 1411 1796 1472 αὐτοὺς

120 1493 337 1547 οἴκοθεν
363 1495 461 1562 τὴν
503 1494 683 1547 αὐτῶν
711 1494 916 1565 ἀρετὴν
953 1493 1324 1560 ἐπιδείξασθαι
1347 1533 1362 1554 ,
1391 1495 1486 1546 καὶ
1516 1493 1588 1564 μὴ
1634 1492 1798 1563 μέχρι

120 1576 314 1638 τέλους
345 1575 542 1638 αὐτοὺς
570 1575 1052 1640 διαϐαστάζεσθαι,
1092 1573 1208 1628 ἀλλ’
1239 1573 1494 1628 ἐνδιδόναι
1529 1572 1800 1644 πολλαχοῦ

122 1657 220 1712 καὶ
248 1661 552 1728 συγχωρεῖν
581 1696 596 1720 ,
626 1657 719 1710 καὶ
750 1659 1092 1731 πειρασμοὺς
1117 1659 1314 1722 αὑτοὺς
1354 1658 1646 1729 ὑπομένειν
1665 1697 1681 1720 ,
1713 1657 1800 1711 ἵνα

123 1743 204 1812 μὴ
233 1741 322 1794 διά
368 1735 552 1804 τέλους
581 1741 741 1812 ἀργοί
775 1742 998 1810 μένωσι.
1031 1742 1142 1795 Καὶ
1169 1741 1419 1812 καθάπερ
1465 1744 1514 1795 οἱ
1542 1741 1798 1812 νήχεσθαι

122 1824 469 1885 διδάσκοντες
495 1863 509 1887 ,
563 1824 713 1895 παρά
763 1825 860 1894 μέν
913 1823 1010 1886 τὰς
1055 1824 1230 1895 ἀρχὰς
1265 1825 1365 1887 τὰς
1397 1824 1576 1878 αὐτῶν
1613 1824 1802 1876 ὑποτι-

122 1905 314 1967 θέντες
347 1907 536 1976 χεῖρας
581 1905 720 1975 μετά
765 1905 965 1976 πολλῆς
997 1906 1111 1975 τῆς
1143 1905 1426 1976 ἀκριϐείας
1469 1906 1594 1969 τοὺς
1629 1905 1802 1975 μαθη-

125 1985 225 2048 τάς
276 1987 403 2048 τοὺς
443 1985 652 2038 ἐαυτῶν
693 1986 1111 2050 διαϐαστάζουσι
1135 2025 1150 2051 ,
1183 1985 1320 2056 μετά
1365 1985 1422 2040 δὲ
1451 1985 1676 2056 πρώτην
1707 1984 1802 2038 καὶ

124 2068 385 2138 δευτέραν
419 2070 514 2123 καὶ
547 2069 738 2142 τρίτην
771 2071 984 2140 ἡμέραν
1007 2069 1274 2139 πολλαχοῦ
1298 2068 1398 2140 τὴν
1422 2067 1604 2134 δεξιὰν
1622 2067 1802 2122 αὑτῶν

127 2151 501 2222 ὑποσύραντες
529 2152 788 2215 ἐκείνοις,
826 2151 1139 2204 κελεύουσιν
1183 2151 1392 2214 ἑαυτοῖς
1427 2150 1671 2220 βοηθεῖν,
1710 2149 1802 2202 καί

125 2251 231 2286 που
269 2235 364 2286 καὶ
404 2235 600 2304 μικρὸν
645 2235 1000 2304 βαπτίζεσθαι
1050 2233 1438 2304 ἐπιτρέπουσι,
1484 2233 1578 2286 καὶ
1605 2231 1810 2303 πολλὴν

125 2317 208 2387 τῷ
233 2317 462 2386 στόματι
483 2317 733 2386 δέχεσθαι
763 2318 861 2387 τὴν
889 2316 1068 2388 άλμην
1093 2335 1104 2346 '
1138 2314 1279 2369 οὕτω
1306 2315 1370 2384 δὴ
1401 2315 1492 2368 καὶ
1515 2317 1542 2368 ὁ
1569 2315 1804 2386 Χριστὸς

125 2401 386 2470 ἐποίησεν
415 2401 510 2452 ἐπὶ
533 2400 640 2452 τῶν
673 2401 951 2470 μαθητῶν.
990 2402 1077 2453 Ἐν
1109 2401 1250 2470 ἀρχῇ
1285 2399 1378 2460 καὶ
1415 2400 1472 2452 ἐν
1501 2397 1804 2470 προοιμίοις

124 2483 190 2534 οὑ
225 2482 421 2553 μικρὸν
440 2523 454 2548 ,
490 2484 550 2536 οὑ
587 2473 729 2553 μέγα
755 2484 952 2546 αὐτοὺς
972 2483 1152 2552 ἀφῆκε
1183 2481 1373 2536 παθεῖν
1393 2522 1406 2544 ,
1435 2479 1570 2534 ἀλλά
1601 2497 1806 2533 παντα-

125 2569 229 2641 χοῦ
258 2570 439 2640 παρῆν
470 2569 720 2640 τειχίζων
745 2572 969 2632 αὑτοὺς,
1006 2568 1412 2639 περιφράττων,
1449 2567 1623 2620 πάντα
1651 2565 1804 2638 [184]

127 2652 272 2722 μετά
300 2652 561 2721 ἀφθονίας
604 2654 786 2715 αὐτοῖς
821 2655 1067 2724 ἐπιρρεῖν
1115 2650 1550 2722 παρασκευάζων
1577 2668 1588 2679 ·
1619 2651 1806 2721 ἐπειδὴ

126 2734 186 2787 δέ
213 2735 320 2788 ἔδει
343 2737 438 2788 καὶ
471 2735 568 2806 τὴν
595 2735 844 2806 ἀνδρείαν
872 2735 1066 2799 αὑτοὺς
1092 2735 1458 2802 ἐπιδείξασθαι
1487 2733 1585 2806 τὴν
1606 2733 1804 2797 αὐτῶν,

128 2817 474 2870 συνέστειλεν
521 2817 686 2888 ὀλίγῳ
723 2820 820 2888 τὴν
871 2819 1062 2889 χάριν,
1111 2819 1572 2888 ἐγκελευσάμενος
1622 2817 1808 2879 αὑτοῖς

127 2899 303 2952 πολλὰ
333 2899 438 2958 καὶ,
454 2899 518 2952 δι’
557 2900 768 2953 ἑαυτῶν
791 2901 993 2954 ἀνύειν.
1031 2903 1128 2954 Διά
1151 2917 1233 2954 τοι
1259 2901 1437 2965 τοῦτο,
1472 2901 1559 2953 ὅτε
1589 2901 1686 2972 μέν
1709 2899 1809 2952 οὑκ

127 2980 278 3054 εἰχον
313 2983 638 3054 ὑπώήματα
663 3026 676 3045 ,
707 2985 826 3037 οὑδέ
854 2985 1030 3054 ζώνην
1058 3027 1072 3046 ,
1108 2985 1226 3037 οὑδέ
1261 2983 1451 3055 ῥάϐδον
1471 3024 1485 3048 ,
1527 2983 1648 3036 οὑδέ
1677 2983 1808 3053 χαλ-

127 3067 262 3132 κὸν,
313 3067 528 3132 οὑδενδς
589 3068 1002 3139 ὑστερήθησαν·
1055 3067 1150 3134 Μή
1207 3083 1370 3133 τινος
1420 3066 1568 3136 γὰρ,
1623 3067 1808 3136 φησὶν,

129 3160 548 3228 ιίιστερ-ήσατεε
596 3163 660 3214 Ol
714 3160 782 3213 δὲ
815 3160 1238 3228 ἀποκριθέντες
1285 3156 1458 3212 εἷπον
1476 3177 1488 3188 ·
1529 3157 1806 3223 Οὐδενός.

143 3243 369 3314 Ἐπειδὴ
422 3243 476 3296 δέ
513 3244 710 3307 αὑτοὺς
753 3243 1006 3296 ἐκέλευσε
1041 3243 1136 3296 καὶ
1184 3241 1466 3310 βαλάντιον
1497 3242 1670 3311 ἔχειν,
1717 3239 1812 3296 καί

133 3328 346 3396 πήραν,
375 3326 469 3378 καὶ
497 3326 842 3396 ὑποδήματα.
880 3327 1220 3396 εὑρίσκονται
1260 3326 1354 3379 καὶ
1392 3325 1682 3388 πεινῶντες
1719 3323 1812 3378 καὶ

131 3409 402 3478 διψῶντες
423 3410 520 3462 καὶ
547 3426 615 3476 γυ
624 3409 1000 3480 μνητεύοντες.
1031 3408 1191 3461 Ὅθεν
1230 3407 1409 3477 δῆλον,
1436 3407 1518 3460 ὅτι
1543 3406 1812 3477 πολλαχοῦ

139 3490 440 3560 συνεχώρει
467 3492 563 3544 καὶ
597 3490 1079 3560 παρακινδυνεύειν
1114 3491 1308 3553 αὑτοὺς
1339 3492 1434 3544 καὶ
1465 3491 1814 3560 στενοχωρεῖ-

135 3571 292 3636 σθαι,
327 3573 414 3626 τνα
447 3573 566 3625 τινὰ
595 3573 784 3642 μισθὸν
819 3572 1014 3642 ἔχωσιν
1069 3573 1224 3624 Οὕτω
1261 3589 1363 3625 που
1401 3572 1494 3625 καὶ
1524 3573 1574 3624 οἰ
1605 3569 1818 3641 ὄρνιθες

134 3657 252 3719 τοῖς
272 3657 512 3719 νεοττοῖς
539 3654 752 3708 ποιοῦσι
786 3658 900 3717 τοῖς
925 3655 1130 3708 ἐαυτῶν
1153 3671 1166 3686 '
1201 3656 1296 3709 καὶ
1326 3655 1436 3725 γὰρ
1463 3657 1683 3717 ἐκεῖνοι,
1712 3653 1818 3716 ἓως

141 3749 246 3819 μὲν
271 3747 344 3802 τὰ
379 3747 556 3820 πτερά
580 3747 766 3800 ἀπαλά
797 3745 1009 3818 ἔχουσιν
1032 3789 1047 3812 ,
1087 3748 1179 3800 ἐπὶ
1227 3749 1325 3818 τῆς
1346 3747 1540 3809 καλιᾶς
1570 3744 1816 3816 καθήμε-

137 3849 224 3886 νοι
253 3829 552 3884 θάλπουσιν
577 3847 590 3860 ·
631 3830 850 3884 ἐπειδάν
889 3831 945 3883 δέ
987 3829 1136 3883 ἴδωσι
1169 3829 1658 3898 πτεροφυήσαντας
1680 3868 1692 3884 ,
1728 3828 1820 3880 καὶ

138 3914 478 3986 δυναμένους
511 3915 602 3968 τὸν
645 3915 784 3984 ἀέρα
809 3915 1057 3983 τέμνειν,
1112 3913 1328 3983 πρῶτον
1363 3913 1459 3982 μὲν
1490 3912 1616 3982 περὶ
1652 3910 1820 3981 αὑτὴν

139 3999 244 4070 τὴν
278 3997 477 4052 καλιάν
512 3999 770 4052 ἵπτασθαι
819 3997 1329 4069 παρασκευάζουσιν
1350 4040 1364 4063 ,
1398 3995 1590 4050 ἔπειτα
1621 3995 1679 4048 δὲ
1727 3997 1822 4049 καὶ

143 4081 484 4153 πορρωτέρω
517 4082 873 4154 περιάγουσι,
909 4081 1061 4150 παρά
1105 4081 1200 4151 μὲν
1228 4080 1328 4150 τὴν
1358 4081 1532 4151 ἀρχὴν
1559 4079 1821 4150 ἑπόμεναι

145 4167 244 4226 καὶ
295 4163 786 4231 διαϐαστάζουσαι,
841 4164 976 4235 μετά
1027 4165 1084 4218 δέ
1140 4164 1314 4218 ταῦτα
1365 4164 1560 4227 αὐτοὺς
1611 4164 1844 4225 ἑαυτοῖς

145 4247 396 4316 ἀφιεῖσαι
426 4247 658 4318 βοηθεῖν.
684 4245 840 4300 Οὕτω
870 4247 964 4299 καὶ
985 4248 1014 4298 ὸ
1039 4246 1272 4316 Χριστὸς
1295 4246 1538 4316 ἐποίησε,
1572 4245 1823 4314 καθάπερ

147 4333 207 4383 ἐν
233 4330 400 4401 καλιᾷ
419 4372 432 4394 ,
465 4333 530 4402 τῇ
563 4329 894 4402 Παλαιστίνῃ
915 4329 1130 4399 τρέφων
1157 4331 1284 4392 τοὺς
1320 4327 1570 4398 μαθητάς
1595 4345 1606 4357 ·
1636 4328 1822 4399 ἐπειδὴ

147 4414 204 4467 δέ
236 4412 500 4466 πέτεσθαι
552 4412 756 4476 ἐδίδαξε
798 4411 988 4482 παρὼν
1043 4409 1136 4464 καὶ
1187 4409 1560 4474 διαϐαστάζων
1604 4409 1822 4472 αὑτοὺς,

147 4503 304 4568 τέλος
335 4505 548 4574 ἀφῆκεν
574 4506 652 4568 εἰς
696 4506 796 4576 τὴν
833 4504 1158 4574 οἰκουμένην
1207 4504 1426 4574 πτῆναι,
1449 4501 1708 4565 κελεύσας
1733 4503 1827 4554 καὶ

151 4590 368 4651 ἐαυτοῖς
401 4588 668 4658 πολλαχοῦ
701 4588 936 4659 βοηθεῖν.
967 4587 1076 4641 Καὶ
1101 4588 1180 4640 δτι
1213 4585 1370 4638 τοῦτό
1423 4586 1568 4638 ἐστιν
1605 4583 1824 4654 ἀληθὲς,

151 4671 244 4724 καὶ
292 4671 384 4724 ἵνα
427 4670 524 4742 τὴν
584 4671 816 4741 δύναμιν
869 4670 1032 4724 αὑτοῦ
1073 4669 1324 4739 μάθωσι,
1378 4669 1594 4721 πάντων
1632 4667 1829 4730 αὐτοὺς

150 4753 440 4823 ἐγύμνωσε
462 4794 476 4818 ,
508 4755 603 4806 καί.
633 4752 994 4824 μονοχίτωνας
1023 4751 1339 4814 ἀπέστειλε,
1371 4751 1464 4804 καὶ
1493 4749 1662 4821 χωρὶς
1699 4751 1831 4802 ὑπο-

149 4836 412 4907 δημάτων
463 4837 713 4890 ἐκέλευσε
768 4836 1038 4906 βαδίζειν,
1093 4836 1262 4904 αὐτῆς
1320 4831 1414 4888 οὖν
1471 4835 1569 4904 τῆς
1621 4835 1830 4905 ρήσεως

149 4917 492 4981 ἀκούσαντες
543 4917 726 4986 σαφῶς
765 4919 1043 4988 εἰσόμεθα.
1077 4919 1151 4970 Οὑ
1185 4919 1291 4988 γὰρ
1325 4917 1511 4982 ἁπλῶς
1555 4912 1708 4970 εἶπεν
1737 4917 1833 4969 αὑ-

149 5002 266 5062 τοῖς
292 5017 306 5032 ο
341 4999 548 5070 Ἀρατε
577 5000 860 5071 βαλάντιον
889 4999 984 5053 καὶ
1018 4999 1219 5070 πήραν,
1255 4999 1369 5052 ἀλλ’
1401 4999 1705 5058 ἀνέμνησεν
1736 4999 1833 5050 αὑ-

149 5094 282 5155 τοὺς
339 5092 450 5146 τῶν
497 5093 776 5164 προτέρων
801 5131 816 5156 ,
850 5091 1023 5154 οὑτως
1077 5089 1284 5145 εἰπών·
1324 5091 1455 5156 Ὅτε·
1503 5093 1836 5144 amanda

153 5174 316 5245 ὑμᾶς
340 5175 482 5244 ἄτερ
512 5177 850 5240 βαλαντιου
888 5175 984 5228 καί
1017 5175 1212 5244 πήρας
1233 5215 1246 5236 ,
1272 5173 1356 5244 μή
1386 5191 1550 5240 τινος
1577 5173 1832 5241 ὐστερή-
1861 5179 1864 5182 ’

153 5273 346 5324 (rats;
378 5260 656 5313 τουτέστιν
675 5303 690 5326 ,
725 5263 798 5317 Ou
831 5259 1006 5312 πάντα
1047 5257 1184 5328 μετά
1216 5257 1474 5324 ἀφθονίας
1507 5258 1636 5328 ὑμῖν
1680 5257 1836 5328 ἐπέρ-

155 5348 242 5416 ρει
265 5383 278 5408 ,
307 5341 406 5396 καὶ
439 5343 642 5412 πολλῆς
676 5341 1016 5396 ἀπελαύσατε
1046 5339 1360 5410 δαψιλείας;
1396 5340 1532 5396 ἀλλά
1581 5341 1678 5394 νῦν
1709 5339 1833 5410 βού-

154 5426 330 5496 λομαι
365 5427 510 5496 ὑμᾶς
540 5427 636 5480 καὶ
663 5427 729 5480 δι’
755 5425 961 5479 ἑαυτῶν
995 5421 1376 5491 ἀγωνίζεσθαι·
1404 5421 1662 5492 βούλομαι
1693 5423 1838 5492 ὑμᾶς

157 5511 259 5566 καὶ
309 5510 506 5572 πενίας
536 5511 729 5580 πεῖραν
771 5509 986 5563 λαϐεῖν⁸
1039 5507 1126 5560 διὰ
1173 5505 1332 5560 τοῦτο
1379 5504 1562 5558 λοιπὸν
1603 5506 1696 5558 ἐπὶ
1737 5505 1840 5574 τὴν

159 5595 416 5666 ἀνάγκην
440 5597 542 5648 οὑκ
583 5596 702 5662 ἄγω
733 5593 826 5649 τοῦ
856 5593 1119 5664 προτέρου
1172 5592 1338 5663 νόμου
1357 5633 1372 5658 ,
1395 5592 1513 5660 ἀλλ’
1559 5589 1840 5662 ἐπιτρέπω

162 5678 260 5733 καὶ
298 5676 588 5748 βαλάντιον
626 5677 768 5746 ἔχειν
807 5678 898 5730 καὶ
951 5677 1132 5742 πήραν
1159 5716 1174 5742 ,
1217 5674 1303 5728 ἵνα
1340 5675 1440 5741 μὴ,
1489 5673 1739 5736 καθάπερ
1769 5673 1835 5726 δι’

943 282 1012 340 IN
1049 281 1276 348 ILLUD,
1319 278 1694 340 SALUTATE
1735 278 2147 338 PRISCILLAM
2189 283 2275 339 ET
2315 277 2650 350 AQUILAM.
2685 276 2754 332 ll.

1895 389 2117 460 ἀψύχων
2153 391 2434 463 ὁργάνων,
2489 391 2731 460 ἐνεργεῖν
2773 387 2844 440 τά
2883 385 3004 442 καθ’
3045 388 3186 458 ὑμᾶς
3231 388 3560 458 νομίζωμαι,

1895 473 2030 526 ἀλλά
2060 475 2154 526 καὶ
2183 475 2338 544 ὑμεῖς
2377 475 2476 544 τὴν
2503 473 2710 526 οἰκείαν
2737 471 2896 542 ἔχητε
2924 469 3328 524 ἐπιδείκνυσθαι
3357 482 3384 510 α
3415 471 3564 540 φιλο-

1898 556 2112 624 σοφίαν.

1968 672 2036 732 7'.
2053 666 2162 720 Καὶ
2183 667 2253 729 τί,
2279 667 2462 735 φησὶν,
2484 665 2585 719 οὑκ
2603 665 2670 718 ἂν
2699 664 2900 735 μείζων
2924 663 3096 733 ἐφάνη
3119 665 3152 734 ὴ
3179 663 3360 733 χάρις,
3381 661 3429 712 εἰ
3449 659 3565 713 δια-

1898 751 2096 812 παντὸς
2134 750 2304 814 οὑτως
2337 751 2587 805 ἐτέλεσαν
2616 751 2802 814 δντεςς
2845 749 2983 803 Ἀλλ’
3011 748 3166 802 αὑτοί¹
3192 748 3292 800 οὑκ
3319 745 3567 814 ἐγένοντο

1896 831 2037 886 οὑτω
2060 833 2271 904 δόκιμοι
2290 850 2304 863 ⁸
2325 835 2393 886 ,εἰ
2421 834 2528 902 γὰρ
2567 833 2835 904 μηδεμιᾶς
2858 831 3050 884 ἔλαϐον
3076 829 3308 900 θλίψεως
3345 830 3564 896 πεῖραν,
3678 827 3685 832 ’

1900 913 1974 985 μὴ
2005 915 2190 978 πενίας
2211 955 2224 975 ,
2257 915 2331 986 μὴ
2355 914 2595 985 διωγμοῦ
2620 955 2634 979 ,
2687 913 2762 984 μὴ
2801 913 3158 985 στενοχωρίας
3183 955 3198 976 ,
3246 911 3466 981 ἔμειναν
3499 908 3566 964 ἂν

1897 995 2056 1064 ἀργοὶ
2081 997 2175 1050 καὶ
2204 997 2394 1060 νωθεῖς
2413 1014 2426 1028 ·
2454 997 2548 1050 νῦν
2575 997 2630 1048 δέ
2662 995 2782 1066 οὐχὶ
2818 996 2916 1066 τὴν
2942 995 3099 1067 χάριν
3141 991 3442 1064 διαλάμψαι
3473 991 3566 1061 μό-

1897 1093 2006 1142 νον,
2042 1077 2178 1132 ἀλλὰ
2216 1079 2310 1131 καὶ
2339 1078 2435 1150 τὴν
2469 1078 2576 1132 τῶν
2624 1078 3006 1130 ὑπακουόντων
3048 1076 3276 1148 δοκιμὴν
3305 1074 3568 1146 ὴθέλησεν

1897 1159 2333 1232 ἐπιδειχθῆναιδ,
2373 1163 2460 1214 ἴνα
2505 1160 2580 1232 μὴ
2613 1159 2752 1230 μετά
2791 1158 2968 1214 ταῦτά
2995 1175 3138 1222 τινες
3169 1155 3334 1228 ἔχωσι
3361 1157 3565 1226 λέγειν,

1896 1243 1977 1294 ὅτι
2008 1241 2169 1296 Οὑδέν
2199 1246 2328 1314 παρ’
2356 1243 2564 1298 ἐαυτῶν
2593 1245 2918 1314 εἰσήνεγκαν
2947 1244 3166 1308 ἐκεῖνοι,
3199 1240 3336 1296 ἀλλά
3367 1240 3427 1294 τὺ
3458 1241 3568 1293 πᾶν

1895 1324 1993 1394 τῆς
2020 1325 2116 1378 τοῦ
2145 1325 2280 1379 Θεοῦ
2310 1327 2484 1400 ῥοπῆς
2517 1326 2752 1394 ἐγένετο.
2795 1324 3056 1378 Ἢδύνατο
3105 1325 3203 1394 μέν
3229 1323 3340 1395 γὰρ
3369 1323 3570 1386 αὑτοὺς

1895 1409 1924 1460 ό
1971 1407 2102 1471 Θεὸς
2150 1408 2310 1480 μέχρι
2341 1407 2528 1472 τέλους
2567 1409 2625 1460 ἐν
2659 1407 2887 1479 ἀφθονίᾳ
2935 1407 3276 1477 καταστῆσαι
3309 1405 3568 1475 τοσαύτῃ,

1897 1489 2012 1543 ἀλλ’
2034 1492 2136 1544 οὑκ
2173 1492 2404 1561 ὴθέλησε
2435 1491 2523 1544 διά
2543 1491 2753 1553 -πολλάς
2782 1492 2876 1544 καὶ
2902 1490 3207 1558 ἀναγκαίας
3243 1489 3569 1559 προφάσεις,

1897 1572 1964 1636 ἀς
1997 1573 2255 1637 πολλάκις
2285 1575 2422 1646 πρὸς
2469 1575 2566 1644 τὴν
2617 1573 2888 1644 ὑμετέραν
2921 1573 3140 1642 ἀγάπην
3177 1571 3478 1642 εἰρήκαμεν
3502 1581 3526 1610 ε
3550 1586 3566 1600 ·

1902 1655 2030 1726 μίαν
2075 1657 2172 1727 μὲν
2195 1657 2262 1729 δὴ
2297 1657 2504 1726 ταύτην
2523 1695 2539 1719 ,
2566 1657 2760 1728 ἑτέραν
2805 1655 2862 1708 δὲ
2911 1655 3012 1708 οὑκ
3056 1653 3317 1708 ἐλάττονα
3343 1652 3567 1721 ταύτης,

1901 1739 1988 1792 ἵνα
2010 1741 2106 1794 καὶ
2133 1739 2447 1812 μετριάζειν
2481 1738 2664 1792 εἰδῶσι
2709 1754 2728 1770 ο
2759 1737 2950 1810 τρίτην
2981 1737 3038 1790 δὲ
3057 1776 3072 1801 ,
3100 1736 3190 1790 ἵνα
3227 1734 3303 1806 μὴ
3349 1733 3574 1802 μείζονα

1899 1819 1932 1890 ἢ
1963 1821 2106 1874 κατά
2146 1821 2432 1893 ἄνθρωπον
2493 1819 2646 1893 [185]
2685 1819 2892 1875 λάϐωσι
2919 1818 3098 1884 δόξαν.
3132 1817 3233 1872 Διά
3275 1817 3340 1887 δὴ
3377 1815 3574 1886 ταῦτα,

1899 1905 1994 1956 καὶ
2022 1903 2204 1974 πολλῷ
2228 1903 2450 1958 πλείονα
2491 1904 2696 1958 τούτων
2717 1946 2730 1965 ,
2760 1903 2922 1973 ἀφεὶς
2957 1901 3156 1966 αὑτοὺς
3199 1900 3416 1965 πολλοῖς
3461 1898 3576 1952 τῶν

1899 1985 2179 2057 ἀδοκήτων
2205 1986 2556 2058 περιπίπτειν
2571 2025 2585 2052 ,
2607 1985 2709 2038 οὑκ
2732 1984 3007 2055 ἠϐουλήθη
3029 1984 3134 2036 ὑπὸ
3158 1983 3258 2053 τὴν
3288 1980 3578 2052 ἀκρίϐειαν

1900 2067 2001 2136 τῆς
2030 2067 2348 2138 νομοθεσίας
2375 2065 2490 2137 τῆξ
2502 2065 2774 2138 προτέρας
2803 2066 3042 2134 ἀφεῖναι,
3072 2063 3186 2118 ἀλλ’
3216 2063 3450 2133 ἐχάλασε
3479 2061 3576 2114 καὶ

1901 2150 2070 2220 ἀνῆκε
2093 2150 2189 2221 τῆς
2224 2148 2540 2218 φιλοσοφίας
2579 2148 2670 2203 τὸν
2693 2147 2844 2201 τόνον
2877 2148 3092 2217 ἐκείνης
3117 2187 3132 2212 ,
3174 2145 3315 2198 ὥστε
3368 2143 3444 2216 μὴ
3480 2142 3575 2214 βα-

1905 2231 2002 2302 ρύν
2026 2249 2147 2285 τινα
2191 2233 2283 2286 καί¹
2308 2231 2581 2302 ἀφόρητον
2629 2233 2812 2294 αὐτοῖς
2841 2229 3094 2298 γενέσθαι
3127 2229 3220 2282 τὸν
3251 2227 3363 2298 βίον
3387 2266 3404 2293 ,
3448 2225 3576 2278 πολ·

1901 2313 2066 2384 λαχοῦ
2093 2303 2722 2384 ἐγκαταλιμπανομένοις
2743 2353 2758 2376 ,
2784 2313 2878 2368 καὶ
2905 2313 2998 2367 τὸν
3025 2311 3227 2384 ἀκριϐῆ
3255 2310 3420 2381 νόμον
3439 2310 3576 2363 ἐκεῖ·

1902 2413 1992 2449 νον
2020 2397 2480 2467 ἀναγκαζομένοις
2508 2399 2716 2468 τηρεῖν.
2761 2395 2982 2466 Ἐπειδὴ
3009 2395 3064 2447 δέ
3091 2393 3198 2465 χρὴ
3225 2393 3320 2446 καὶ
3359 2391 3421 2445 τὸ
3443 2408 3577 2462 προ-

1903 2478 2152 2548 κείμενον
2184 2480 2390 2548 ἀσαφὲς
2416 2477 2476 2530 ὃν
2509 2479 2733 2548 ποιῆσαι
2764 2477 3073 2546 καταφανὲς
3093 2516 3108 2540 ,
3140 2475 3436 2543 ἀναγκαῖον
3481 2473 3578 2526 καὶ

1903 2559 2060 2612 τοῦτο
2086 2562 2278 2614 εἰπεῖν.
2307 2558 2488 2614 Εἰπὼν
2517 2561 2626 2632 γὰρ
2643 2603 2658 2626 ,
2699 2561 2752 2613 Ὀ
2776 2561 2934 2629 ἔχων
2959 2557 3297 2623 βαλάντιον
3319 2595 3334 2621 ,
3359 2553 3575 2624 ἀράτω,

1904 2641 2002 2694 καὶ
2033 2641 2251 2710 πήραν,
2296 2646 2543 2714 ἐπήγαγε
2572 2661 2587 2675 ·
2620 2643 2730 2696 Καί
2774 2647 2808 2696 ό
2853 2641 2941 2712 μὴ
2976 2643 3132 2710 ἔχων
3159 2680 3176 2706 ,
3210 2637 3480 2708 πωλήσει
3508 2638 3578 2692 τὸ

1906 2721 2138 2791 ἱμάτιον
2163 2725 2370 2788 αὐτοῦ,
2397 2725 2492 2780 καὶ
2524 2724 2808 2795 ἀγοράσει
2828 2723 3150 2795 μάχαιραν.
3171 2723 3236 2776 Τί
3263 2738 3392 2776 ποτε
3419 2720 3580 2774 τοῦτό

1906 2807 2050 2874 ἐστι;
2083 2807 2400 2873 καθοπλίζει
2445 2793 2583 2872 τοὺς
2624 2793 2876 2879 μαθητάξ
2903 2809 2932 2860 ὁ
2967 2806 3174 2876 λέγων,
3211 2805 3347 2859 Ἐάν
3383 2805 3475 2870 τις
3503 2818 3579 2856 σε

1899 2889 2136 2956 ,ὀαπίσῃ
2176 2893 2263 2954 εἰς
2293 2889 2408 2956 τὴν
2433 2889 2641 2953 δεξιὰν
2668 2891 2944 2959 σιαγόνα,
2980 2888 3250 2956 στρέψον
3280 2885 3442 2952 αὐτῷ
3479 2883 3579 2938 καί

1907 2969 2022 3037 τὴν
2054 2971 2287 3038 alitur;
2315 2971 2344 3024 ὁ
2389 2970 2627 3024 κελεύων
2681 2971 2922 3039 εὐλογεῖν
2951 2973 3076 3034 τοὺς
3111 2965 3576 3038 λοιδορουμένους,

1909 3053 2195 3124 ἀνέχεσθαι
2235 3053 2346 3128 τῶν
2366 3054 2782 3126 ἐπηρεαζόντων
2811 3095 2823 3118 ,
2855 3053 3112 3123 εὔχεσθαι
3143 3051 3282 3125 ὑπὲρ
3320 3051 3428 3103 τῶν
3454 3048 3578 3102 διω-

1909 3136 2134 3200 κόντων,
2169 3131 2289 3190 εἶτα
2311 3136 2648 3204 καθοπλίζει,
2681 3137 2776 3190 καὶ
2805 3137 2892 3190 διὰ
2925 3136 3200 3208 μαχαίρας
3232 3134 3433 3204 μόνης;
3468 3131 3582 3186 Καὶ

1911 3221 2058 3273 ποῖον
2084 3219 2150 3274 ἂν
2179 3219 2289 3290 ἐχοι
2316 3218 2472 3272 τοῦτο
2504 3219 2660 3288 λόγον
2686 3236 2700 3285 ;
2731 3220 2794 3272 Εἰ
2835 3217 2944 3289 γάρ
2986 3217 3122 3280 ὅλως
3171 3216 3279 3270 ἔδει
3323 3211 3582 3270 καθοπλί-

1912 3317 2020 3364 σαι,
2050 3302 2111 3354 οὑ
2146 3300 2418 3374 μαχαίρας
2443 3301 2548 3354 ἔδει
2568 3300 2869 3371 κτήσασθαι
2893 3299 3075 3370 μόνον.
3101 3297 3240 3352 ἀλλά
3258 3297 3352 3351 καὶ
3377 3299 3580 3354 ἀσπίδα

1911 3383 2008 3436 καὶ
2037 3384 2232 3455 κράνος
2259 3385 2356 3437 καὶ
2391 3382 2678 3453 κνημῖδας.
2711 3382 2888 3444 Ὅλως
2913 3381 3000 3445 δὲ,
3035 3381 3088 3436 εί
3129 3397 3192 3448 γε
3224 3379 3581 3449 ἀνθρωπίνως

1911 3464 1978 3518 τὰ
2007 3464 2230 3518 τοιαῦτα
2271 3465 2494 3536 ἔμελλεν
2531 3467 2832 3530 οἰκονομεῖν
2857 3503 2872 3527 ,
2903 3463 3090 3526 πόσοις
3127 3464 3228 3514 οὑκ
3259 3458 3327 3530 ἦν
3363 3463 3424 3515 τὺ
3463 3463 3584 3515 ἐπί·

1912 3565 2100 3619 ταγμα
2121 3549 2334 3618 γέλως;
2379 3551 2443 3602 Εἰ
2473 3548 2582 3620 γὰρ
2637 3549 2807 3618 μυρία
2843 3545 3065 3599 τοιαῦτα
3099 3545 3239 3597 ὅπλα
3285 3546 3584 3614 ἐκτήσαντο

1915 3633 2052 3704 πρὸς
2081 3632 2350 3704 τοσαύτην
2379 3633 2566 3702 ἔφοδον
2595 3633 2688 3685 καὶ
2710 3631 3000 3701 ἐπιϐουλὴν
3033 3631 3096 3700 δή
3107 3647 3222 3700 μων
3243 3670 3256 3691 ,
3285 3630 3582 3698 τυράννων,

1918 3716 2146 3780 πόλεων,
2179 3715 2369 3778 ἐθνῶν,
2395 3715 2538 3777 τίνες
2562 3714 2786 3786 ἔμελλον
2811 3715 2860 3766 οἰ
2887 3713 3079 3766 ἐνδεκα
3111 3712 3394 3780 φανεῖσθαι
3421 3728 3436 3777 ;
3469 3713 3585 3764 Φω-

1917 3800 2013 3868 νῆς
2038 3799 2147 3868 γὰρ
2168 3797 2395 3850 ἀκοῦσαι
2417 3797 2830 3868 χρεμετίζοντος
2857 3795 3025 3848 ἵππου
3045 3794 3268 3847 δυνατὸν
3288 3791 3353 3863 ἦν
3376 3793 3582 3858 αὑτοτςς

1920 3887 2055 3958 πρὸς
2084 3887 2140 3939 δέ
2161 3887 2260 3955 τὴν
2275 3885 2397 3954 ὄψιν
2428 3887 2596 3956 μόνην
2619 3883 2718 3954 οὐκ
2744 3883 2810 3935 ἂν
2835 3881 3260 3950 κατεπλάγησαν
3288 3879 3398 3932 τῶν
3429 3896 3588 3952 στρα-

1921 3975 2178 4040 τοπέδων,
2205 3977 2264 4028 ἐν
2297 3975 2512 4062 λίμναις
2545 3972 2637 4025 καὶ
2667 3971 2930 4041 ποταμοῖς
2960 3969 3052 4022 καὶ
3079 3968 3322 4030 ἀκατίοις
3355 3965 3588 4037 τραφέν-

1919 4081 2010 4126 τες
2047 4065 2290 4133 μικροῖς;
2315 4053 2469 4124 Τίνος
2508 4056 2602 4113 οὑν
2628 4060 2814 4113 ἕνεκεν
2854 4059 3011 4110 τοῦτο
3038 4056 3215 4124 λέγει;
3247 4056 3360 4124 Τὴν
3403 4053 3588 4121 ἔφοδον

1921 4151 2027 4204 τῶν
2081 4149 2346 4204 Ἰουδαίων
2393 4147 2729 4214 ἐνδείξασθαι
2783 4145 3136 4216 βουλόμενος,
3189 4144 3282 4196 καὶ
3333 4143 3415 4196 ὅτι
3461 4141 3590 4212 μέλ⁶

1921 4237 2102 4290 λουσιν
2131 4235 2292 4290 αὑτὸν
2315 4235 2731 4306 συλλαμϐάνειν.
2761 4234 2870 4286 Καὶ
2897 4232 3056 4306 τοῦτρ
3084 4229 3335 4302 φανερῶς
3361 4229 3459 4299 μὲν
3488 4227 3591 4282 οὑκ

1921 4324 2185 4396 ὴθέλησεν
2213 4325 2404 4387 εἰπεῖν,
2435 4295 2502 4374 διζ
2527 4320 2866 4391 αἰνιγμάτων
2885 4319 2942 4372 δέ
2960 4360 2975 4385 ,
3185 4295 3259 4387 μὴ
3287 4295 3592 4388 θορυϐῆσαι

1925 4411 2084 4465 πάλιν
2123 4408 2337 4472 αὐτούς.
2381 4410 2591 4478 Ὠσπερ
2638 4404 2728 4462 οὖν
2769 4407 2897 4459 ὃταν
2925 4404 3164 4476 ἀκούσῃς
3207 4402 3372 4456 αὑτοῦ
3405 4403 3592 4472 λέγον-

1927 4515 2043 4564 τος,
2081 4499 2164 4551 ὃτι
2213 4499 2282 4550 Ὃ
2313 4495 2614 4564 ἠκούσατε
2640 4496 2728 4559 εἰς
2757 4493 2824 4546 τὸ
2863 4487 2994 4558 οὖς,
3024 4490 3322 4558 κηρύξατε
3346 4490 3446 4542 ἐπὶ
3473 4489 3594 4542 τῶν

1925 4583 2229 4655 δωμάτων,
2265 4582 2364 4636 καί
2404 4580 2434 4635 ὃ
2467 4581 2770 4649 ἠκούσατε
2799 4579 2867 4631 ἐν
2901 4575 2978 4646 τῇ
3014 4576 3247 4644 σκοτίᾳ,
3287 4575 3494 4629 εἴπατε
3523 4575 3594 4630 ἐν

1927 4671 2007 4736 τῷ
2049 4669 2226 4739 φωτί,
2275 4669 2337 4722 ού
2381 4669 2539 4721 τοῦτο
2573 4665 2922 4729 ὑποπτεύεις,
2967 4664 3048 4717 ὅτι
3083 4662 3292 4716 κελεύει
3320 4665 3446 4726 τοὺς
3474 4679 3594 4718 στε-

1928 4760 2141 4820 νωποὺς
2162 4756 2254 4810 καὶ
2281 4757 2380 4826 τὴν
2412 4753 2617 4825 ἀγορὰν
2663 4751 2898 4820 ἀφέντας
2933 4750 3025 4802 ἐπὶ
3051 4749 3159 4804 τῶν
3197 4748 3462 4820 δωμάτων
3491 4766 3592 4818 κη-

1932 4842 2144 4913 ρύττειν
2167 4859 2179 4871 ·
2228 4841 2347 4894 οὑδέ
2379 4839 2488 4910 γὰρ
2535 4839 2815 4909 φαίνονται
2855 4834 3014 4889 τοῦτο
3048 4837 3370 4906 ποιήσαντες
3405 4835 3455 4887 οἰ
3489 4851 3596 4904 μα-

1931 4930 2118 5001 θηταί·
2163 4929 2296 4984 ἀλλά
2341 4927 2422 4988 τὸ,
2446 4927 2570 4980 Ἐπί
2617 4925 2736 4978 τῶν
2780 4921 3090 4993 δωμάτων,
3130 4921 3341 4986 καὶτὸ,
3387 4923 3489 4977 Ἐν
3514 4919 3596 4988 τῷ

1930 5019 2110 5088 φωτὶ,
2149 5017 2211 5070 τὺ
2257 5017 2396 5088 μετά
2443 5011 2749 5086 παρρησίας
2796 5011 3124 5064 αἰνίττεται·
3159 5010 3218 5064 τὸ
3259 5011 3346 5076 δέ,
3379 5013 3484 5074 Εἰς
3526 5009 3598 5062 τὸ

1931 5100 2074 5172 οὖς,
2107 5104 2202 5158 καὶ
2235 5095 2322 5168 τδ,
2368 5104 2472 5156 Ἔν
2513 5099 2589 5169 τῇ
2621 5098 2868 5168 σκοτίᾳ,
2903 5096 3062 5151 τοῦτο
3107 5097 3288 5169 δηλοῖ,
3323 5097 3600 5169 ὃτιὍπερ

1933 5196 1991 5247 ἐν
2019 5192 2198 5264 μικρῷ
2247 5192 2402 5263 μέρει
2435 5190 2534 5260 τῆς
2565 5187 2917 5258 οἰκουμένης,
2958 5187 3052 5240 καὶ
3085 5187 3142 5239 ἐν
3180 5186 3260 5240 ἐνὶ
3289 5184 3474 5258 χωρίῳ
3495 5184 3598 5252 τῆς

1936 5279 2297 5349 Παλαιστίνης
2339 5275 2607 5348 ἠκούσατε
2627 5315 2644 5340 ,
2706 5273 2866 5327 τοῦτο
2909 5272 3182 5341 πανταχοῦ
3240 5271 3340 5342 τῆς
3380 5271 3482 5342 γῆς
3505 5267 3597 5336 ἐξ-

2001 5423 2026 5452 ⁸
2052 5421 2159 5472 Duo
2178 5419 2290 5468 MSS.
2316 5420 2386 5482 φι)
2396 5416 2608 5482 οσοφίαν..
2631 5413 2862 5482 Εῖταρὺκ
2871 5413 2938 5482 ’ἀν
2961 5411 3148 5474 μείζων.

1997 5483 2026 5524 b
2062 5474 2637 5543 Ἐπιδειχθῆῖιαιὰεὲκιξῐι
2659 5474 3009 5543 ᾳ-υοδυεΜερ..
3280 5532 3295 5543 ,
3357 5527 3384 5539 ..

2000 5551 2023 5576 ε
2049 5527 2448 5594 ΗῖἐίἰιίἫὲπθιῖ
2469 5527 2530 5601 ει
2569 5538 2720 5588 Savil.
2761 5542 2872 5596 post
2913 5535 3182 5601 εἰρήκαμεν,
3217 5532 3310 5601 καὶ.
3333 5527 3490 5601 νῦννᾶ
3534 5527 3604 5601 εἰσ

1936 5589 2256 5670 ποιμενίη-σέο
2274 5589 2459 5670 σωροί
2479 5599 2528 5649 in
2550 5589 2895 5670 utrqquejvms.
2917 5589 2970 5644 ei
2986 5589 3248 5670 300001.10:
3270 5592 3516 5648 videnlur.
3557 5589 3610 5640 In

1940 5657 2262 5732 seq'uelitfbua
2283 5661 2530 5716 levissima
2547 5667 2660 5712 sum
2679 5657 2946 5709 lectionum
2968 5657 3260 5707 discrimina.
