4058 6258
1271 300 1328 357 S.
1369 301 1656 362 JOANNIS
1687 305 2121 366 CHRYSOSTOF

2229 307 2535 373 \RCHIEP.
2572 309 3120 371 CONSTANTINOP.

3814 312 3904 373 ΞΜ

472 405 841 489 ηχῆσατεηςλὺ
862 406 970 489 γὰρ
1088 404 1535 489 ἐνρκοξίᾳς-ούδὲ
1568 407 1649 471 εἰς
1757 402 1851 489 ὥς
1880 407 2149 489 διελέγετο
2259 414 2370 470 τῶν
2411 417 2671 488 κυμάτων
2719 417 3049 489 ἀπήλλαξεν·
3074 416 3219 472 οὕτω
3268 419 3363 475 καὶ
3396 422 3446 476 οἰ
3485 422 3579 476 τὸν
3611 423 3905 484 διδάσκαλον

475 484 687 548 αὐτοῖς,
727 485 841 539 ἀλλ’
873 486 958 552 ἐφ’
988 483 1206 555 ὑψηλῶν
1228 483 1339 538 τῶν
1382 484 1587 554 ὀρέων,
1641 487 1735 538 zeal
1777 487 1834 539 ἐν
1861 488 1982 549 ταῖς
2020 502 2147 540 συν-

477 567 727 631 ἀγωγαῖς
786 563 1066 626 πολλάκις.
1148 562 1304 618 Οὕτω
1352 565 1446 617 καὶ
1499 563 1732 618 ἐνταῦθα
1787 564 2142 633 ὑποληπτέον.

475 641 686 711 Ὥσπερ
717 637 809 695 οῦν
831 645 947 695 ἐκεῖ
977 640 1204 713 δώματα
1237 642 1531 707 ἀκούοντες
1550 685 1563 702 ,
1590 643 1793 715 ἑτέρως
1820 644 2142 715 ἐνοήσαμεν,

474 718 614 773 οὓτω
651 721 746 772 καὶ
794 720 1025 774 ἐνταῦθα
1074 720 1350 791 μαχαίρας
1389 721 1713 785 ἀκούοντες,
1766 720 1842 793 μὴ
1872 720 2029 775 τοῦτο
2058 739 2143 775 νο·

473 796 749 865 μίσωμεν,
790 800 871 851 ὅτι
923 797 1153 864 ἐπέταξε
1214 799 1486 872 μαχαίρας
1538 798 1869 869 κεκτῆσθαι,
1922 798 2143 853 ἀλλ’ὅτι

471 872 557 925 διά
592 874 700 926 τῶν
726 876 1011 946 μαχαιρῶν
1041 875 1137 947 τὴν
1162 875 1469 930 ἐνεστῶσαν
1502 877 1795 930 αἰνίττεται
1820 876 2139 945 ἐπιϐουλὴν,

470 954 563 1003 καὶ
608 953 688 1006 ὅτι
747 956 933 1024 μέλλει
991 954 1222 1025 πάσχειν
1280 953 1431 1024 παρὰ
1476 955 1585 1009 τῶν
1646 954 1944 1018 Ἰουδαίων,
1995 956 2141 1026 ᾰπερ

468 1031 658 1089 ἔπαθε.
724 1032 828 1087 Kal
872 1034 1028 1087 τοῦτο
1083 1035 1147 1087 ὲκ
1185 1034 1295 1086 τῶν
1351 1033 1477 1103 ἑξῆς
1530 1033 1706 1103 δῆλον.
1766 1033 1951 1087 Εἰπὼν
2008 1034 2135 1103 γὰρ,

481 1109 772 1179 ’Δγοράσει
812 1111 1118 1182 μάχαιραν,
1155 1113 1435 1182 ἐπήγαγε·
1493 1112 1593 1164 Δεῖ
1615 1111 1724 1181 γὰρ
1770 1111 1842 1165 τὰ
1891 1127 2137 1182 γεγραμ-

460 1188 617 1257 μένα
639 1190 771 1258 περὶ
803 1191 950 1259 ἐμοῦ
973 1191 1349 1258 τελεσθῆναι,
1378 1189 1468 1244 ὅτι
1493 1192 1562 1244 ἐν
1593 1191 1718 1257 τοῖς
1741 1191 1986 1260 ἀνόμοις
2005 1193 2139 1245 6.10-

461 1268 700 1336 τίσθην.
740 1269 1015 1322 Εἰπόντων
1057 1269 1114 1322 δὲ
1155 1268 1397 1335 ἐκείνων,
1430 1270 1512 1321 δτι
1552 1269 1726 1323 Εἰσὶν
1753 1262 1869 1323 ὧδε
1893 1268 2003 1322 δύο
2025 1267 2138 1339 μά-

462 1362 666 1414 χαιραι
687 1387 702 1410 ,
737 1348 833 1402 zeal
873 1347 933 1400 τὸ
963 1346 1151 1417 λεχθὲν
1196 1347 1272 1417 μὴ
1315 1347 1633 1410 συνιέντων,
1669 1347 1854 1417 φησὶν,
1902 1346 2138 1400 Ἱκανόν

459 1424 604 1479 ἐστι.
655 1427 845 1480 Καίτοι
889 1443 952 1494 γε
984 1428 1084 1479 οὑκ
1126 1421 1195 1496 ἦν
1223 1426 1406 1480 ἱκανόν
1430 1443 1444 1458 ·
1477 1428 1526 1479 εἰ
1558 1426 1655 1496 μὲν
1684 1426 1794 1497 γὰρ
1820 1423 2136 1496 ἀνθρωπίνῃ

461 1501 687 1576 βοηθείᾳ
729 1503 1030 1574 κεχρῆσθαι
1068 1504 1265 1566 αὐτοὺς
1313 1501 1586 1564 ἐϐούλετο,
1620 1504 1681 1555 οὑ
1731 1502 1889 1573 μόνον
1917 1501 2010 1555 δύο
2042 1504 2135 1555 καὶ

458 1583 645 1651 τρεῖς,
680 1581 795 1634 ἀλλ’
838 1581 961 1634 οὐδὲ
1011 1580 1206 1635 ἑκατὸν
1248 1577 1390 1652 ἦσαν
1436 1580 1617 1635 ἱκαναὶ
1664 1582 1960 1652 μάχαιραι⁸
1992 1582 2041 1633 εἰ
2078 1581 2135 1635 δέ

459 1658 563 1712 οὐκ
587 1658 839 1713 ἐϐούλετο
869 1659 967 1713 ἀνθ
977 1659 1186 1731 ρωπίνῃ
1216 1658 1437 1731 βοηθείᾳ
1465 1658 1665 1722 αὐτοὺς
1687 1658 1985 1729 κεχρῆσθαι
2004 1697 2020 1721 ,
2040 1659 2133 1712 καὶ

459 1739 514 1789 αἰ
541 1737 636 1791 δύο
678 1738 946 1809 περιτταί.
1008 1737 1147 1790 Ἀλλ’
1196 1737 1344 1808 ὅμως
1376 1736 1528 1809 [186]
1571 1738 1673 1791 οὑκ
1730 1737 2028 1807 ἐξεκάλυψε
2072 1738 2132 1790 τὸ

459 1814 727 1886 αἴνιγμα·
781 1818 876 1872 zeal
902 1815 1011 1886 γάρ
1074 1813 1341 1885 πολλαχοῦ
1407 1814 1654 1883 φαίνεται
1725 1814 1883 1868 τοῦτο
1941 1814 2128 1868 ποιῶν·

460 1892 678 1946 ἐπειδάν
708 1893 783 1965 μὴ
817 1894 1050 1963 νοήσωσι
1086 1892 1146 1946 τὸ
1177 1892 1381 1962 λεχθὲν,
1411 1890 1746 1964 παρατρέχει
1777 1893 1873 1946 zeal
1902 1893 2128 1962 ἀφίησι,

460 1976 529 2043 τῇ
558 1972 667 2026 τῶν
704 1973 1045 2044 πραγμάτων
1073 1972 1297 2026 ἐκϐάσει
1330 1971 1438 2025 τῶν
1469 1972 1607 2042 μετά
1628 1970 1798 2025 ταῦτα
1828 1970 1926 2041 τὴν
1958 1988 2129 2024 κατα-

461 2052 649 2122 νόησιν
674 2051 783 2104 τῶν
812 2052 1116 2123 εἰρημένων
1156 2050 1464 2120 ἐπιτρέπων
1507 2049 1694 2103 λοιπόν
1712 2067 1725 2081 ’
1752 2050 1889 2120 ὅπερ
1917 2045 2009 2103 οὖν
2035 2051 2130 2104 zeal

459 2128 691 2200 ἀλλαχοῦ
737 2130 982 2200 ἐποίησε.
1016 2129 1126 2183 Kal
1151 2128 1256 2199 γάρ
1288 2129 1416 2198 περὶ
1447 2127 1546 2198 τῆς
1579 2128 1930 2192 ἀναστάσεως
1962 2127 2126 2182 αὑτοῦ

457 2206 871 2278 διαλεγόμενος,
925 2206 1067 2261 οὑτω
1116 2224 1233 2270 πως
1278 2206 1430 2274 ἔλεγε
1452 2221 1464 2235 °
1525 2206 1764 2260 Λύσατε
1813 2206 1920 2259 τὸν
1978 2208 2129 2261 ναὸν

458 2284 704 2349 τοῦτον,
762 2283 860 2337 καί
901 2285 971 2338 ἐν
1018 2283 1215 2352 τρισίν
1263 2283 1509 2352 ἡμέραις
1555 2282 1738 2353 ἐγερῶ
1773 2285 1981 2338 αὐτὸν.
2018 2286 2128 2339 Καὶ

455 2362 605 2432 ὅμως
630 2363 730 2415 οὑκ
751 2362 972 2434 ᾔδεισαν
1003 2365 1051 2415 οἰ
1084 2361 1322 2432 μαθηταὶ
1357 2362 1417 2414 τὸ
1443 2360 1733 2432 λεγόμενον
1756 2377 1769 2392 ·
1801 2364 1897 2417 zeal
1923 2365 2003 2417 ὅτι
2026 2365 2127 2416 οὐκ

455 2440 694 2509 ᾔδεισαν,
726 2443 754 2493 6
782 2441 1171 2509 εὑαγγελιστὴς
1206 2441 1626 2511 ἐπεσημήνατο,
1655 2440 1829 2509 λέγων
1848 2458 1862 2471 ο
1894 2442 2031 2494 Ὅτε
2058 2440 2127 2494 δὲ

455 2517 683 2585 ἀνέστη
718 2521 750 2571 ό
787 2518 1046 2585 Ἰησοῦς,
1076 2519 1209 2571 τότε
1233 2519 1607 2571 ἐπίστευσαν
1626 2516 1705 2583 τῷ
1731 2520 1890 2588 λόγῳ
1914 2518 2121 2583 αὐτοῦ,

457 2594 558 2647 καί
590 2594 665 2662 τῇ
693 2593 925 2663 Γραφῆ.
978 2595 1089 2648 Kal
1125 2594 1286 2649 πάλιν
1334 2595 1596 2665 ἀλλαχοῦ·
1638 2594 1793 2649 Οὐδὲ
1826 2597 1937 2664 γὰρ
1967 2596 2125 2666 {563:-

457 2690 581 2726 σαν
598 2713 612 2737 ,
645 2672 733 2727 ὅτι
763 2672 861 2726 δεῖ
881 2672 1069 2727 αὐτὸν
1094 2672 1163 2726 ἐκ
1190 2672 1421 2742 νεκρῶν
1445 2672 1803 2740 ἀναστῆναι.

522 2760 585 2815 δ’.
616 2760 778 2813 Ἀλλά
808 2759 868 2813 τὸ
898 2759 997 2831 μὲν
1022 2760 1242 2831 ζήτημα
1279 2758 1467 2829 ἰκανὴν
1491 2757 1605 2829 ἔχει
1627 2759 1726 2831 τὴν
1753 2759 1927 2813 λύσιν·
1960 2761 2122 2831 ἡμεῖς

452 2839 510 2892 δὲ
539 2838 631 2891 ἐπὶ
652 2837 712 2891 τδ
743 2838 1062 2908 λειπόμενον
1090 2836 1193 2907 τῆς
1229 2837 1579 2908 προσρήσεως
1599 2848 1625 2877 ι
1662 2837 1825 2909 μέρο;
1852 2838 1942 2890 τὸν
1969 2838 2122 2907 λόγον

453 2916 770 2988 ἀγάγωμεν.
812 2916 879 2970 Τί
918 2916 1037 2970 ποτ’
1068 2912 1161 2971 οῦν
1210 2919 1324 2970 ἐστι
1362 2916 1424 2969 τὸ
1469 2916 1792 2987 λεγόμενον,
1833 2918 1928 2970 zeal
1959 2918 2122 2973 πόθεν

451 2997 534 3059 εἰς
582 2994 756 3049 ταῦτα
808 2994 1109 3065 ἐξέϐημενς
1166 2992 1602 3067 Ἐμακαρίζομεν
1641 2995 1739 3066 τὴν
1791 2995 2122 3067 Πρίσκιλλαν

452 3074 549 3126 zeal
576 3075 668 3129 τὸν
719 3073 951 3129 ’Δκύλαν
973 3112 988 3137 ,
1015 3073 1096 3126 ὅτι
1130 3073 1405 3144 συνῴκουν
1427 3073 1507 3144 τῷ
1538 3074 1765 3145 Παύλῳ,
1798 3075 1879 3128 ὅτι
1911 3078 2004 3129 καὶ
2029 3077 2121 3131 τὸν

453 3151 655 3220 τρόπον
693 3154 792 3222 τῆς
827 3150 1017 3220 στολῆς
1039 3190 1054 3215 ,
1107 3152 1200 3205 zeal
1230 3152 1320 3204 τὸν
1360 3153 1560 3222 τρόπον
1587 3153 1696 3207 τῶν
1727 3153 2117 3224 ὑποδημάτων,

453 3227 549 3281 zeal
595 3228 663 3282 τά
701 3230 835 3283 ἀλλα
872 3229 1109 3304 ἅπαντα,
1132 3229 1269 3298 μετά
1319 3230 1605 3300 ἀκριϐείας
1650 3231 1815 3284 αὑτοῦ
1847 3235 2120 3304 κατεμάν-

452 3304 636 3385 θανον.
697 3304 976 3385 Ἐντεῦθεν
1007 3305 1066 3385 το
1092 3303 1311 3376 ζήτημα
1344 3308 1482 3385 ήμῖν
1510 3308 1702 3380 ἐτέχθη
1744 3308 1922 3364 τοῦτο.
1963 3303 2120 3385 Ἐξη-

452 3382 654 3454 τοῦμεν
687 3383 825 3454 γὰρ,
846 3383 1005 3461 τίνος
1040 3382 1246 3448 ἐνεκεν,
1275 3383 1369 3438 τοῦ
1409 3386 1643 3456 Χριστοῦ
1685 3382 2119 3461 ἀπαγορεύοντος

458 3462 625 3532 μηδὲν
648 3461 785 3525 ὅλως
829 3460 1021 3531 ἔχειν,
1049 3463 1098 3515 εἱ
1140 3462 1215 3534 μὴ
1250 3461 1409 3533 μόνον
1440 3464 1680 3536 ἰμάτιον,
1711 3460 1995 3534 ἐφαίνοντο
2023 3472 2118 3524 zeal

453 3539 778 3610 ὑποδήματα
825 3540 919 3594 zeal
973 3539 1203 3611 φελόνην
1252 3539 1487 3612 ἔχοντες.
1543 3538 1679 3597 Εἶτα
1727 3543 1756 3596 6
1807 3543 1965 3614 λόγος
2009 3549 2118 3602 ἀπε

451 3615 684 3694 έδειξεν,
717 3617 798 3694 ὅτι
821 3617 884 3671 οὑ
908 3617 1336 3690 παραϐαίνοντες
1362 3620 1453 3675 τὸν
1475 3620 1660 3692 νόμον,
1695 3620 1832 3676 ἀλλά
1859 3623 1955 3678 zeal
1991 3627 2118 3694 σφό-

448 3693 552 3764 δρα
598 3692 892 3767 τηροῦντες
943 3694 1151 3759 τούτοις
1199 3695 1457 3767 ἐχρῶντο.
1506 3696 1692 3753 Ταῦτα
1736 3699 1794 3752 δέ
1827 3692 2113 3771 ἐλέγομεν,

449 3772 550 3824 οὑκ
581 3774 663 3837 εἰς
709 3771 1025 3844 περιουσίαν
1072 3774 1371 3846 χρημάτων
1417 3775 1561 3847 ὑμᾶς
1612 3777 1955 3847 ἀλείφοντες,
1994 3782 2115 3836 οὑδέ

452 3851 893 3922 παρακαλοῦντες
936 3851 1106 3906 πλείω
1151 3852 1251 3924 τῆς
1282 3853 1469 3924 χρείας
1508 3856 1840 3927 κεκτῆσθαι,
1873 3858 1989 3913 ἀλλ’
2028 3861 2115 3914 ἴνα

448 3928 606 4000 ἔχητε
637 3931 774 4003 πρὸς
822 3931 951 3995 τοὺς
979 3931 1247 3995 ἀπίστους
1269 3930 1568 4001 ἀντιλέγειν
1595 3935 1719 3995 τοὺς
1739 3933 2113 4007 διαχλευάζον-

446 4023 545 4088 τας
565 4007 635 4062 τά
654 4009 915 4079 ἡμέτερα.
942 4010 1054 4062 Kal
1080 4008 1189 4088 γάρ
1222 4011 1252 4061 6
1278 4009 1513 4088 Χριστὸς
1540 4010 1707 4076 λύσας
1731 4012 1822 4066 τὸν
1850 4016 2112 4088 πρότερον

447 4087 643 4157 νόμον,
668 4088 788 4159 οὐχὶ
823 4088 1034 4150 οἰκίας,
1061 4087 1182 4141 οὐδὲ
1214 4086 1553 4157 ἀνδράποδα,
1594 4090 1716 4143 οὑδὲ
1752 4092 1957 4157 κλίνας,
1991 4086 2111 4151 οὑδὲ

446 4168 855 4241 ἀργυρώματα,
900 4168 1021 4220 οὐδὲ
1069 4167 1197 4222 ἄλλο
1240 4184 1293 4219 τι
1340 4168 1574 4222 τοιοῦτον
1628 4170 1777 4224 οὐδὲν
1829 4174 2111 4231 ἐκέλευσεν

447 4246 610 4326 ἐχειν,
794 4245 1165 4326 τῆς-ἀνάγκης
1179 4245 1937 4326 ἀπηλλάχθαι-τῶνπρότερον
1962 4255 2111 4326 εἰρη-

450 4324 645 4393 μένων.
678 4322 789 4375 Kal
823 4324 851 4375 6
885 4321 1093 4385 Παῦλος
1122 4322 1179 4375 δὲ
1215 4322 1362 4376 οὕτω
1389 4324 1619 4396 παρῄνει
1656 4321 1862 4395 λέγωνλ
1894 4321 2110 4401 Ἔχον-

447 4419 547 4468 τες
588 4402 810 4471 τροφὰς
857 4402 952 4456 καί
995 4401 1391 4471 σκεπάσματα
1410 4444 1423 4459 .
1462 4406 1696 4473 τούτοις
1739 4407 2109 4480 ἀρκεσθησό-

661 4480 884 4560 Τδ-γάρ
914 4480 1164 4560 περιττὸν
1192 4481 1289 4553 τῆς
1312 4482 1507 4560 χρείας
1552 4484 1636 4560 εἰς
1666 4486 1790 4551 τοὺς
1820 4487 2107 4560 δεομένους

446 4558 979 4641 ἀναλίσκεσθαι-δεῖς.
999 4557 1247 4641 καθάπερ
1277 4554 1369 4613 οὖν
1399 4556 1665 4641 καὶοῦτοι
1698 4554 1933 4633 ἐποίουν,
1968 4554 2104 4641 Πρίξ

446 4636 636 4693 σκίλλα
683 4638 778 4691 zeal
835 4635 1081 4700 Ἀκύλας.
1117 4636 1316 4708 Διόπερ
1362 4638 1561 4702 αὑτοὺς
1585 4642 1799 4695 ἐπαινεῖ
1839 4645 1934 4698 καὶ
1972 4635 2095 4701 θαυ-

447 4716 638 4787 μάζει,
680 4716 774 4769 zeal
816 4715 1069 4786 μέγιστον
1110 4715 1289 4768 αὐτῶν
1339 4715 1651 4788 συντίθησιν
1683 4719 1978 4791 ἐγκώμιον.
2015 4726 2106 4779 Εἰ-

444 4806 563 4860 πὼν
582 4805 711 4874 γάρ,
757 4801 1139 4858 Ἀσπάσασθε
1169 4798 1548 4865 Πρίσκιλλαν
1570 4798 1670 4853 καί
1704 4799 1958 4859 Ἀκύλαν
1976 4806 2115 4876 τοὺς

444 4884 783 4954 συνεργούς
823 4899 943 4951 μου
980 4880 1050 4933 ἐν
1087 4878 1301 4957 κυρίῳ,
1331 4878 1425 4957 zeal
1455 4878 1555 4948 τὴν
1588 4878 1768 4932 αἰτίαν
1806 4881 1987 4954 τίθησι
2017 4885 2118 4957 τῆς

446 4962 697 5031 τοιαύτης
737 4962 975 5030 ἀγάπης.
1014 4956 1181 5010 Ποίαν
1208 4956 1279 5033 ,δὴ
1304 4955 1533 5033 ταύτην;
1568 4958 1796 5025 Οῖτινες
1826 4962 1980 5031 ὑπὲρ
2006 4955 2119 5033 τῆς

448 5039 657 5111 ψυχῆς
683 5055 825 5109 μου,
865 5035 1020 5106 φησὶν
1052 5033 1161 5087 τὸν
1191 5032 1422 5087 ἑαυτῶν
1451 5033 1759 5103 τράχηλον
1785 5032 2113 5108 ὑπέθηκαν.

447 5117 659 5175 οὐκοῦν
681 5116 770 5170 διὰ
799 5114 959 5169 τοῦτο
988 5112 1185 5176 αὐτοὺς
1212 5112 1430 5184 ἀγαπᾷς
1460 5113 1555 5167 καὶ
1585 5113 1781 5185 φιλεῖςν
1815 5116 1945 5183 rm
1970 5118 2113 5177 εἶτα

436 5199 601 5267 «mh;
634 5199 884 5255 Μάλιστα
916 5197 1015 5269 μὲν
1038 5193 1131 5252 οὖν
1151 5214 1166 5228 ο
1197 5198 1247 5250 εἰ
1273 5198 1368 5251 zeal
1394 5196 1553 5252 τοῦτο
1580 5200 1740 5269 μόνον
1762 5197 1831 5273 ἧν
1850 5244 1864 5267 ,
1895 5204 2101 5275 ἀρκοῦν

438 5282 711 5355 ἐγκώμιον
732 5277 821 5354 ἦν.
872 5280 929 5334 '0
956 5280 1062 5350 γὰρ
1090 5279 1179 5332 τὸν
1204 5280 1505 5351 στρατηγὸν
1539 5281 1747 5349 σώσας,
1777 5286 1903 5351 τοὺς
1932 5303 2098 5359 ac”-

440 5366 638 5429 τιώτας
680 5363 937 5419 διέσωσεν
974 5363 1039 5418 ἀν
1058 5380 1072 5394 ·
1115 5364 1145 5416 6
1170 5361 1259 5415 τὸν
1302 5362 1485 5434 ἰατρὸν
1513 5364 1828 5433 ἀπαλλάξας
1850 5370 1959 5425 τῶν
1990 5389 2100 5427 xw.

435 5448 633 5513 δύνων,
682 5450 807 5513 τοὺς
857 5447 1164 5517 κάμνοντας
1210 5446 1292 5510 εἰς
1315 5444 1501 5514 ὑγείαν
1546 5448 1920 5521 ἐπανήγαγεν·
1949 5456 1980 5508 6
2006 5456 2099 5511 τδν

435 5533 773 5605 κυϐερνήτην
814 5529 1126 5603 ἐξαρπάσας
1155 5527 1252 5584 τοῦ
1298 5527 1595 5598 κλύδωνος,
1643 5533 1707 5586 τὸ
1750 5535 1929 5591 πλοῖον
1973 5538 2097 5595 ὅλον

496 5653 526 5686 ⁸
549 5653 632 5702 Sic
650 5652 847 5703 Comm.
870 5656 1020 5702 recte.
1048 5650 1101 5701 In
1121 5649 1291 5702 lore].
1314 5652 1479 5762 πρὲην
1497 5653 1699 5720 ῥήσεως,
1722 5670 1999 5724 perperam,

496 5710 525 5759 δ
545 5713 692 5762 Forte
715 5714 977 5762 latendum
995 5711 1114 5762 ἰσωε
1138 5711 1261 5761 dm:
1278 5730 1348 5762 τις
1434 5749 1449 5762 .

491 5710 525 5759 ι
545 5713 692 5766 Forte
715 5714 977 5777 legendum
995 5711 1114 5769 ῖσως
1138 5711 1261 5761 dm:
1278 5710 1449 5771 τιςάν.

2259 501 2357 571 τῆς
2407 500 2730 573 οἰκουμένης
2780 502 3174 567 διασώσαντες,
3207 503 3302 558 καί
3349 503 3411 557 τὸ
3449 492 3592 575 αἷμα
3626 506 3690 560 τδ
3722 509 3907 567 taure?”

2257 583 2546 654 ἐκχέαντες
2571 583 2715 655 ὑπὲρ
2744 583 2845 654 τῆς
2874 585 3082 639 ἐκείνου
3113 587 3408 658 σωτηρίας,
3435 588 3605 641 κοινοὶ
3626 587 3729 659 τῆς
3748 593 3907 645 οἰκονο

2258 664 2424 735 μένης
2460 660 2599 737 ἦσαν
2636 665 2921 736 εὐεργέται
2942 706 2959 732 ,
2987 668 3047 720 ἐν
3067 670 3133 739 τῇ
3170 668 3298 738 περί
3336 667 3429 722 τὸν
3448 668 3768 725 διδάσκαλον
3792 691 3906 746 προ-

2254 747 2374 819 νοίᾳ
2423 749 2551 813 τοὺς
2615 748 2863 822 μαθητάς
2931 749 3178 815 ἃπαντας
3231 749 3618 816 διασώσαντες.
3670 754 3791 809 ’Ίνα
3859 759 3904 812 δὲ

2256 833 2434 905 μάθῃς
2453 872 2467 897 ,
2501 834 2582 888 δτι
2610 834 2669 887 οὑ
2704 835 2834 905 περ)⁹
2863 832 2956 887 τδν
2982 834 3299 888 διδάσκαλον
3327 830 3466 905 ἦσαν
3488 834 3719 889 τοιοῦτοι
3746 838 3902 906 μόνον,

2251 915 2386 969 ἀλλά
2423 914 2515 968 zeal
2566 915 2694 986 περί
2733 915 2844 968 τῶν
2893 915 3137 984 ἀδελφῶν
3185 917 3285 986 τὴν
3331 917 3501 989 αὑτὴν
3546 917 3907 976 ἐπεδείκνυντο

2251 997 2507 1067 πρόνοιαν
2525 1038 2541 1061 ,
2569 998 2801 1053 ἄκουσον
2830 997 2940 1051 τῶν
2965 997 3114 1068 ἑξῆς.
3142 997 3326 1051 Εἰπὼν
3350 999 3479 1069 γάρ,
3514 1001 3747 1068 οἵτινες
3776 1004 3907 1072 ὑπὲρ

2248 1079 2359 1148 τῆς
2402 1079 2612 1150 ψυχῆς
2646 1098 2767 1150 μου
2817 1080 2926 1135 τὸν
2952 1078 3182 1135 ἑαυτῶν
3226 1081 3536 1150 τράχηλον
3581 1084 3906 1153 ὑπέθηκαν,

2247 1163 2491 1233 ἐπήγαγε
2525 1163 2697 1231 λέγων
2719 1180 2730 1190 ·
2758 1157 2860 1230 Οἷς
2886 1164 2999 1217 οὐκ
3018 1162 3134 1233 ἐγὼ
3159 1164 3350 1233 μόνος
3375 1165 3739 1234 εὐχαριστῶ,
3759 1168 3909 1224 ἀλλὰ

2246 1245 2343 1298 καί
2376 1244 2567 1300 πᾶσαι
2584 1248 2644 1300 al
2685 1246 3030 1312 Ἐκκλησίαι
3054 1244 3174 1301 τῶν
3202 1246 3415 1302 ἐθνῶν.
3435 1247 3586 1320 [187]
3617 1249 3684 1301 Τί
3705 1248 3907 1318 λέγεις

2247 1332 2608 1401 σκηνοποιοῖς,
2627 1332 2861 1400 πτωχοῖς
2875 1329 3260 1401 χειροτέχναις,
3283 1330 3436 1384 οὐδὲν
3453 1330 3616 1385 πλέον
3629 1332 3733 1403 τῆς
3754 1335 3909 1403 ἀναγ-

2244 1412 2406 1475 καίας
2436 1409 2618 1482 έχουσι
2656 1413 2891 1483 τροφῆς,
2933 1413 3106 1466 πᾶσαι
3153 1414 3212 1466 αἰ
3257 1413 3574 1484 Ἐκκλησίαι
3607 1415 3720 1468 τῶν
3752 1416 3909 1470 ἐθνιῖιν

2243 1493 2656 1565 εύχαριστοῦσις
2695 1495 2792 1548 καὶ
2819 1494 2874 1549 τί
2916 1494 3170 1549 τοσοῦτον
3196 1496 3247 1548 οἰ
3273 1495 3367 1549 δύο
3400 1488 3549 1550 οῦτοι
3587 1498 3909 1569 Ἐκκλησίας

2240 1577 2508 1641 τοσαύτας
2532 1576 2805 1648 ὠφελῆσαι
2837 1578 3095 1647 ῖσχυσαν;
3131 1577 3290 1633 ποίαν
3312 1580 3612 1651 χρημάτων
3642 1577 3799 1651 εἶχον
3819 1597 3908 1633 πε-

2242 1659 2522 1731 ριουσίαν;
2548 1662 2698 1713 ποῖον
2721 1659 3041 1724 δυναστείας
3073 1660 3335 1731 μέγεθος;
3360 1663 3484 1717 τίνα
3514 1663 3665 1732 παρὰ
3688 1662 3907 1733 ἄρχουσι

2242 1742 2589 1815 παρρησίανς
2633 1743 2947 1813 Χρημάτων
2979 1742 3081 1813 μὲν
3122 1744 3439 1815 περιουσίαν
3468 1746 3563 1799 zeal
3594 1745 3909 1799 δυναστείαν

2239 1829 2391 1899 παρά
2426 1829 2538 1890 τοῖς
2571 1825 2863 1897 κρατοῦσιν
2884 1827 2985 1881 οὑκ
3019 1828 3330 1897 ἐκέκτηντο·
3365 1829 3394 1881 δ
3424 1829 3482 1883 δέ
3503 1828 3712 1883 τούτοιν
3743 1830 3906 1882 ἀπάν-

2238 1928 2345 1964 των
2394 1910 2577 1981 μεῖζον
2617 1906 2706 1980 ἦν,
2750 1910 3061 1981 προθυμίαν
3102 1911 3357 1980 γενναίαν
3409 1912 3505 1964 zeal
3553 1910 3736 1982 ψυχὴν
3782 1912 3905 1981 πρὸς

2238 1992 2514 2057 κινδύνους
2537 1992 3025 2064 παρατεταγμένην
3054 1994 3195 2065 μετά
3222 1994 3421 2065 πολλῆς
3458 1993 3557 2064 τῆς
3586 1992 3904 2063 περιουσίας

2237 2072 2401 2146 εἶχον.
2424 2076 2523 2130 Διά
2534 2074 2693 2129 τοῦτο
2717 2075 2926 2129 πολλῶν
2947 2076 3233 2146 εὐεργέται
3255 2076 3502 2144 ἐγένοντο
3522 2075 3620 2128 zeal
3643 2078 3903 2147 σωτῆρες.

2236 2164 2311 2217 Οὑ
2333 2162 2441 2235 γάρ
2474 2162 2645 2226 οὑτως
2672 2164 2722 2216 οί
2750 2162 3106 2226 πλουτοῦντες
3135 2163 3231 2215 zeal
3250 2162 3532 2232 ψοφοδεεῖς
3562 2161 3639 2225 ὡς
3665 2162 3716 2214 οί
3746 2161 3907 2231 πενία

2236 2249 2506 2314 συζῶντες
2527 2250 2621 2302 zeal
2655 2249 3021 2320 μεγαλόψυχοι
3058 2250 3159 2313 τὰς
3199 2249 3531 2319 Ἐκκλησίας
3555 2247 3798 2317 ὠφελεῖν
3822 2247 3907 2300 δύο

2233 2338 2402 2391 ναιντ’
2444 2336 2527 2392 ἀν.
2562 2335 2671 2389 Kal
2702 2335 2889 2407 μηδεὶς
2921 2336 3218 2408 παράδοξον
3248 2332 3391 2391 εἶναι
3432 2334 3704 2407 νομιζέτω
3729 2334 3803 2387 τὺ
3824 2334 3908 2387 λε-

2232 2426 2502 2496 γόμενον·
2548 2423 2745 2494 ἀληθὲς
2796 2423 2905 2494 γάρ
2956 2424 3105 2488 ἐστι,
3155 2423 3252 2477 zeal
3299 2424 3394 2477 ἀπ’
3422 2422 3605 2478 αὑτῶν
3636 2423 3911 2478 δείκνυται

2231 2512 2343 2565 τῶν
2372 2511 2732 2582 πραγμάτων.
2777 2512 2838 2563 '0
2875 2511 2971 2577 μὲν
2997 2510 3107 2581 γάρ
3143 2508 3400 2574 πλούσιος
3430 2509 3632 2575 πολλάς
3662 2509 3789 2581 ἔχει
3818 2509 3908 2564 τοῦ

2233 2597 2719 2669 παραϐλάπτεσθαι
2743 2598 2843 2662 τὰς
2865 2597 3058 2661 λαϐάς.
3090 2598 3339 2653 Δέδοικεν
3361 2597 3503 2668 ὑπὲρ
3522 2597 3728 2662 οἰκίας,
3772 2598 3911 2668 ὑπὲρ

2230 2687 2479 2749 οἰκετῶν,
2513 2686 2650 2758 ὑπὲρ
2681 2684 2887 2757 ἀγρῶν,
2914 2684 3055 2756 ὑπὲρ
3086 2686 3420 2756 χρημάτων,
3454 2685 3529 2757 μή
3555 2701 3638 2749 τις
3661 2684 3836 2737 αὑτόν
3862 2702 3909 2737 τι

2228 2772 2436 2827 τούτων
2464 2773 2757 2844 ἀφέληται.
2796 2771 2904 2827 Καὶ
2928 2772 2990 2825 τὸ
3016 2770 3231 2827 πολλῶν
3271 2766 3414 2825 εἶναι
3437 2771 3658 2843 κύριον,
3694 2770 3911 2824 πολλῶν

2231 2854 2371 2913 εἶναι
2417 2857 2599 2913 δοῦλον
2641 2859 2805 2913 ποιεῖ.
2868 2858 2930 2912 '0
2980 2857 3166 2927 μέντοι
3205 2857 3409 2929 πένης,
3439 2855 3676 2921 εὑζωνός
3704 2872 3803 2921 τις
3837 2857 3911 2909 ῶν

2229 2941 2325 3001 zeal
2367 2947 2547 3011 πάσας
2592 2945 2796 3010 ταύτας
2842 2945 3177 3016 ἀποθέμενος
3218 2944 3320 3009 τάς
3365 2943 3571 3010 λαϐἀς,
3613 2944 3759 2998 λέων
3796 2945 3911 2997 ἐστὶ

2229 3034 2342 3106 πῦρ
2369 3033 2567 3099 πνέων,
2606 3031 2703 3087 zeal
2733 3032 2913 3105 ψυχὴν
2939 3033 3055 3104 ἔχει
3087 3032 3375 3102 γενναίαν,
3421 3031 3517 3086 zeal
3565 3032 3797 3085 πάντων
3830 3029 3912 3098 ἐξ-

2227 3118 2584 3190 ανιστάμενος
2612 3119 2811 3190 ῥᾳδίως
2852 3118 3070 3173 ἃπαντα
3113 3117 3343 3187 πράττει
3388 3118 3458 3173 τά
3493 3118 3778 3187 δυνάμενα
3815 3117 3911 3180 τὰς

2241 3207 2565 3278 Ἐκκλησίας
2592 3206 2851 3276 ὠφελεῖν,
2881 3205 2983 3260 κᾶν
3011 3203 3228 3276 ἐλέγξαι
3249 3205 3344 3277 δέῃ
3365 3244 3383 3270 ,
3408 3203 3510 3259 κᾶν
3543 3204 3906 3274 ἐπιτιμῆσαι,

2228 3293 2332 3347 κᾶν
2377 3292 2578 3364 μυρίας
2617 3291 2706 3347 διά
2740 3292 2832 3346 τὸν
2878 3291 3114 3363 Χριστὸν
3158 3291 3519 3358 ἀναδέξασθαι
3563 3290 3907 3362 ἐπαχθείας·

2226 3380 2319 3434 zeal
2370 3380 2559 3452 ἐπειδὴ
2602 3380 2754 3448 ἅπαξ
2803 3381 2904 3452 τῆς
2956 3380 3105 3451 ζωῆς
3142 3380 3391 3451 ὑπερεῖδε
3434 3380 3535 3452 τῆς
3582 3380 3904 3452 παρούσης,

2226 3467 2405 3521 πάντα
2443 3465 2642 3540 ῥᾳδίως
2675 3468 2768 3521 zeal
2802 3466 2943 3538 μετά
2987 3467 3191 3539 πολλῆς
3219 3469 3366 3521 ποιεῖ
3386 3467 3485 3538 τῆς
3517 3466 3805 3529 εὐκολίας.
3844 3466 3908 3519 Τί

2224 3555 2334 3626 γὰρ
2368 3557 2463 3611 zeal
2487 3555 2723 3609 δέδοικεν
2742 3599 2757 3621 ,
2798 3555 2919 3609 εἰπέ
2949 3571 3070 3626 μοις
3106 3554 3199 3625 Μή
3239 3572 3325 3620 τις
3350 3553 3514 3610 αὑτοῦ
3540 3553 3610 3608 τά
3638 3555 3908 3624 χρήματα

2224 3643 2526 3713 ἀφέληται;
2582 3640 2722 3695 Ἀλλ’
2766 3641 2867 3696 οὑκ
2898 3640 3015 3695 ἐστι
3061 3639 3221 3694 τοῦτο
3248 3642 3445 3697 εἰπεῖν.
3492 3639 3654 3694 Ἀλλά
3688 3638 3773 3711 μὴ
3805 3640 3907 3709 τῆς

2224 3730 2479 3801 πατρίδος
2518 3729 2757 3801 ἐκπέση;
2823 3728 2985 3781 Ἀλλά
3037 3729 3189 3782 πάσα
3234 3729 3268 3799 ἠ
3323 3729 3415 3782 ὑπ’
3447 3728 3681 3799 οὑρανὺν
3745 3728 3905 3791 πόλις

2221 3816 2371 3888 αὑτῷ
2406 3819 2553 3871 ἐστιν
2570 3828 2618 3872 ⁸.
2661 3816 2821 3870 Ἀλλά
2851 3816 2926 3888 μὴ
2949 3815 3046 3885 τῆς
3071 3816 3288 3887 τρυφῆς
3313 3816 3477 3870 αὑτόν
3505 3833 3591 3880 τις
3619 3816 3902 3888 περικόψη

2221 3906 2316 3960 zeal
2357 3906 2456 3977 τῆς
2494 3904 2857 3978 δορυφορίας;
2906 3904 3069 3958 Ἀλλά
3104 3905 3198 3958 καὶ
3228 3903 3445 3969 τούτοις
3474 3903 3649 3957 ἅπασι
3679 3905 3901 3975 χαίρειν

2220 3994 2391 4048 εἰπὼν
2408 4034 2426 4061 ,
2452 3994 2511 4047 ὲν
2538 3992 2753 4065 οὑρανῷ
2780 3991 3141 4056 πολιτεύεται,
3169 3992 3265 4045 καὶ
3296 3991 3434 4063 πρὸς
3462 3991 3561 4063 τήν
3590 3991 3899 4059 μέλλουσαν

2219 4082 2501 4150 ἐπείγεται
2544 4079 2711 4150 ζωήν.
2738 4078 2858 4132 Κάν
2895 4078 3065 4150 αὑτὴν
3098 4078 3375 4133 ἐπιδοῦναι
3401 4079 3496 4150 δέῃ
3532 4078 3636 4148 τὴν
3674 4078 3894 4150 ψυχὴν.

2218 4168 2313 4222 zeal
2347 4167 2409 4220 τὸ
2435 4161 2575 4237 αἷμα
2609 4166 2960 4233 εἰσενεγκεῖν,
2990 4167 3051 4220 οὑ
3091 4167 3509 4238 παραιτήσεται.
3552 4165 3841 4219 Ἐντεῦθεν
3865 4166 3896 4217 6

2215 4254 2456 4317 τοιοῦτος
2498 4254 2594 4307 zeal
2632 4253 2910 4324 τυράννων
2927 4295 2941 4318 ,
2976 4254 3073 4308 zeal
3098 4253 3394 4323 βασιλέων,
3419 4254 3514 4308 zeal
3558 4254 3773 4324 δήμων,
3799 4252 3892 4306 zeal

2216 4342 2433 4396 πάντων
2477 4341 2595 4395 ἐστὶ
2624 4338 2994 4411 δυνατώτερός
3018 4358 3078 4394 τε
3111 4342 3207 4395 zeal
3238 4339 3633 4412 εὐπορώτερος.
3660 4341 3772 4394 Kal
3807 4341 3889 4393 ἵνα

2218 4426 2396 4499 μάθῃς
2424 4428 2507 4481 ὅτι
2545 4427 2607 4480 οὑ
2647 4426 2906 4481 κολακεία
2937 4428 2999 4481 τδ
3040 4427 3357 4507 λεγόμενον,
3397 4427 3514 4482 ἀλλ’
3552 4425 3809 4496 ἀληθῶς,
3840 4427 3887 4478 οἰ

2217 4515 2383 4586 μηδὲν
2415 4514 2740 4586 κεκτημένοι
2759 4555 2773 4577 ,
2809 4508 2954 4569 οὗτοι
2984 4508 3222 4585 μάλιστα
3253 4516 3475 4570 πάντων
3508 4515 3885 4588 ἐλευθεροστο-

2216 4607 2337 4674 μεῖν
2362 4601 2595 4657 δύναιντ’
2620 4602 2714 4666 ἀν,
2751 4601 2908 4655 πόσοι
2943 4601 3189 4657 πλούσιοι
3217 4603 3357 4658 κατά
3388 4603 3481 4656 τὸν
3519 4604 3712 4675 καιρὸν
3740 4598 3885 4672 ἦσαν

2224 4688 2495 4763 Ἦρώδους
2540 4688 2695 4741 πόσοι
2742 4688 3035 4756 δυνάσται;
3076 4688 3162 4754 τίς
3224 4689 3503 4761 παρῆλθεν
3549 4690 3630 4753 εἰς
3678 4690 3881 4759 μέσον;

2210 4778 2292 4840 τίς
2338 4775 2635 4847 ἐπετίμησε
2678 4775 2757 4846 τῷ
2800 4777 3081 4848 τυράννῳς
3139 4776 3219 4842 τίς
3257 4779 3464 4849 ῆμυνεν
3511 4777 3882 4855 ἀδικουμένας

2207 4866 2319 4927 τοῖς
2368 4863 2460 4917 τοῦ
2519 4861 2653 4916 θεοῦ
2705 4863 2927 4933 νόμοις;
2974 4864 3095 4917 Τῶν
3139 4865 3237 4935 μὲν
3298 4864 3545 4937 εὑπόρων
3594 4863 3801 4927 οὑδείς·
3856 4865 3882 4915 6

2208 4951 2264 5004 δὲ
2313 4949 2480 5021 πένης
2527 4949 2619 5004 zeal
2654 4949 2887 5020 πτωχὸς,
2925 4950 2955 5003 δ
2991 4951 3068 5024 μὴ
3114 4951 3336 5023 κλίνην,
3392 4954 3530 5023 μήτε
3576 4951 3881 5023 τράπεζαν,

2211 5037 2345 5109 μήτε
2412 5038 2609 5109 στέγην
2660 5037 2818 5108 ἔχων,
2869 5040 2899 5091 6
2932 5039 3031 5110 τῆς
3084 5039 3293 5112 ἐρήμου
3327 5041 3551 5111 πολίτης
3590 5040 3884 5108 Ἰωάννης.

2206 5119 2358 5188 οὗτος
2433 5123 2594 5194 μόνος
2654 5124 2747 5177 zeal
2803 5124 3015 5197 πρῶτος
3077 5126 3217 5197 μετά
3280 5128 3594 5200 παρρησίας
3659 5129 3883 5196 ἀπάσης

2206 5211 2297 5265 τὸν
2351 5209 2611 5281 τύραννον
2667 5211 2894 5283 ῆλεγχε,
2966 5215 3059 5267 καὶ
3118 5215 3244 5280 τοὺς
3298 5214 3613 5287 μοιχαλίους
3681 5213 3882 5278 ἐξεκά-

2205 5298 2371 5352 λυπτε
2412 5298 2621 5369 γάμους
2639 5337 2655 5361 ,
2696 5299 2783 5354 καὶ
2835 5302 3119 5373 παρόντων
3184 5302 3439 5357 ἁπάντων
3485 5303 3581 5357 zeal
3649 5302 3876 5354 ἀκουόν-

2204 5404 2342 5454 των,
2371 5384 2471 5458 τὴν
2506 5384 2974 5452 καταδικάζουσαν
3020 5389 3184 5444 αὑτὸν
3229 5390 3454 5461 ἐξέφερε
3506 5390 3707 5459 ψῆφον.
3762 5385 3885 5441 Kal

2205 5485 2313 5559 πρὸ
2362 5480 2551 5537 τούτου
2606 5481 2665 5536 δέ
2718 5484 2877 5540 πάλιν
2913 5488 2942 5539 6
2997 5485 3170 5557 μέγας
3214 5486 3401 5551 Ἠλίας
3420 5525 3437 5552 ,
3482 5488 3582 5559 τῆς
3613 5484 3881 5557 μηλωτῆς

2205 5592 2375 5666 μηδέν
2417 5588 2754 5664 κεκτημένος
2808 5589 2971 5646 πλέον
2992 5632 3008 5659 ,
3057 5593 3148 5647 τὸν
3190 5592 3366 5664 ἀσεϐῆ
3416 5594 3513 5648 zeal
3554 5594 3879 5667 παράνομον

2267 5721 2294 5753 ⁸
2312 5720 2464 5772 εινιι.
2484 5720 2537 5772 In
2557 5730 2709 5785 marg.
2733 5718 2855 5770 ἀλλὰ
2877 5718 2988 5784 μίαν
3009 5720 3126 5771 εἶναι
3149 5721 3325 5788 νομίζει
3350 5722 3438 5783 τὴν
3451 5722 3571 5771 ἄνω.
