4058 6258
278 321 382 380 εοι

277 447 464 491 aurem
510 429 591 485 eis
615 426 952 498 loquebatur,
986 424 1080 479 sed
1118 438 1263 494 sar-pe
1305 425 1359 477 in
1408 421 1532 476 altis
1580 419 1870 483 montibus,

275 535 332 580 et
364 524 417 577 in
449 518 754 592 synagogis.
800 516 876 571 Ita
901 523 959 570 et
1002 513 1090 569 hic
1134 514 1390 583 intellige.
1434 511 1565 566 Nam
1621 511 1759 564 sicut
1804 506 1873 562 ibi

275 615 558 671 audientes
596 618 755 670 lecta,
787 606 894 662 alio
937 605 1098 661 modo
1153 604 1536 665 intelleximus,
1567 602 1638 655 ita
1687 608 1740 655 et
1785 597 1874 654 hic

275 723 399 763 curn
423 705 634 777 gladios
663 700 911 756 audimus
930 739 945 763 ,
975 712 1045 753 ne
1075 705 1319 767 putemus
1345 710 1469 750 eum
1509 693 1735 764 jussisse
1774 691 1873 745 ba—

278 794 656 867 berigladios,
690 790 784 845 sed
836 804 933 859 per
976 787 1185 859 gladios
1235 786 1535 840 insinuasse
1593 783 1875 837 innuinere

278 889 522 953 insidias,
547 896 601 941 et
626 897 907 956 passurum
935 895 993 937 se
1024 895 1053 933 a
1078 878 1279 935 Jndteis
1308 894 1423 946 qum
1453 886 1508 930 et
1556 879 1742 945 passus
1767 882 1870 929 est.

278 984 454 1053 Atque
501 979 606 1033 hoc
642 992 707 1033 ex
757 973 1104 1043 sequentibus
1149 968 1487 1024 manifestum
1533 975 1631 1020 est.
1656 964 1786 1018 Nam
1819 971 1876 1018 ut

276 1074 410 1128 dixit
454 1068 741 1126 emendum
778 1064 1037 1137 gladium,
1070 1077 1193 1116 mox
1244 1059 1438 1129 adjecit
1467 1076 1480 1112 :
1509 1056 1640 1122 Qaia
1680 1064 1874 1128 oportet

277 1162 550 1233 sdimpleri
597 1176 657 1213 ea
690 1173 805 1231 gnte
842 1156 906 1209 de
952 1170 1032 1207 me
1077 1162 1194 1207 sunt
1233 1152 1423 1219 scripta
1446 1148 1597 1218 (Luc.
1622 1149 1713 1202 22.
1738 1149 1870 1218 '57),

278 1254 433 1324 Quod
451 1269 566 1308 cum
594 1250 778 1320 iniquis
804 1254 1067 1317 reputatus
1100 1258 1213 1297 sum
1254 1239 1405 1312 (lsai.
1435 1238 1611 1296 53.12
1636 1240 1676 1308 ).
1707 1237 1873 1292 Disci-

276 1349 416 1418 pulis
442 1353 619 1401 autem
649 1338 969 1405 dicentibus,
1001 1335 1100 1390 Hic
1113 1343 1230 1391 sunt
1247 1333 1348 1387 duo
1372 1331 1552 1405 gladii,
1581 1339 1761 1387 etnon
1789 1330 1873 1382 in-

276 1436 638 1509 telligentibus
664 1432 716 1488 id
743 1429 885 1502 quod
904 1428 1104 1484 dictum
1135 1424 1328 1490 fuerat,
1351 1422 1445 1490 ait,
1468 1420 1608 1477 Satis
1628 1430 1699 1474 est
1716 1418 1868 1491 (Luc.

272 1530 369 1586 22.
400 1507 513 1598 38).
546 1522 781 1581 Tametsi
825 1536 931 1575 non
978 1517 1108 1573 satis
1132 1524 1291 1572 erat:
1319 1526 1493 1584 neque
1533 1511 1675 1566 enim
1707 1507 1871 1564 ευσε-

273 1625 479 1680 cissent
494 1619 580 1675 vel
600 1616 729 1680 duo,
745 1613 829 1669 vel
852 1621 981 1677 tres,
1004 1609 1088 1665 vel
1110 1618 1347 1671 centum,
1361 1604 1406 1659 si
1428 1603 1660 1657 humano
1674 1599 1873 1655 auxilio

273 1729 376 1769 eos
403 1712 479 1767 uti
510 1709 807 1771 voluisset;
837 1702 980 1775 quod
1010 1701 1054 1755 si
1084 1699 1254 1755 noluit
1278 1711 1374 1753 eos
1417 1695 1649 1751 humano
1680 1691 1870 1763 praesi-

276 1804 372 1859 dio
400 1802 472 1857 uti
500 1842 515 1866 ,
544 1808 666 1854 sunt
694 1796 876 1866 utique
900 1802 957 1848 et
985 1792 1038 1847 lii
1068 1790 1176 1847 duo
1204 1786 1482 1860 superﬂui.
1514 1782 1745 1840 Proinde
1785 1782 1872 1836 hic

276 1897 508 1966 aenigma
554 1904 658 1946 non
685 1886 965 1958 exposuit;
997 1883 1047 1939 id
1076 1881 1219 1953 quod
1261 1894 1406 1951 saepe
1454 1878 1630 1933 facere
1677 1875 1873 1947 depre-

276 1965 572 2047 henditur,
608 1990 667 2033 ut
695 1978 905 2049 quoties
955 1974 1099 2029 dicta
1146 1973 1325 2027 minus
1369 1969 1671 2038 intelligunt
1714 1965 1875 2021 disci-

278 2078 414 2149 puli,
445 2071 656 2130 eventui
709 2083 886 2124 rerum
925 2065 1189 2121 dictorum
1229 2060 1638 2131 intelligentiam
1686 2057 1873 2127 expla-

278 2146 513 2223 nandam
557 2162 863 2231 relinquens
886 2199 903 2225 ,
933 2163 1233 2227 praetereat.
1264 2153 1339 2206 Ita
1368 2159 1423 2206 et
1456 2148 1583 2204 alibi
1612 2146 1756 2204 facit.
1796 2146 1874 2201 De

278 2256 676 2315 resurrectione
723 2251 865 2308 enim
920 2249 1223 2313 disserens,
1267 2244 1346 2299 sic
1394 2240 1649 2298 dicebat:
1683 2239 1876 2295 Solvite

278 2351 527 2423 templum
554 2348 648 2402 hoc
667 2387 682 2411 ,
708 2353 755 2399 et
783 2343 836 2397 in
882 2340 1041 2395 tribus
1083 2338 1259 2393 diebus
1284 2336 1511 2391 excitabo
1536 2332 1666 2388 illud
1690 2329 1869 2406 (Joan.

278 2445 335 2500 2.
369 2443 462 2510 19)
492 2458 505 2494 :
537 2449 591 2495 et
640 2451 748 2491 non
778 2431 1146 2503 intelligebant
1174 2426 1421 2498 discipuli
1463 2424 1590 2497 quid
1636 2423 1872 2491 diceret,

278 2542 424 2595 sicut
461 2545 514 2591 ct
560 2528 885 2602 evangelista
927 2532 1175 2590 testatur,
1203 2521 1388 2576 dicens
1416 2536 1431 2574 :
1461 2516 1682 2583 Quando
1709 2525 1876 2569 autem

278 2630 554 2688 resurrexit
586 2626 760 2691 Iesus,
786 2620 1105 2677 crediderunt
1156 2613 1301 2671 uerba
1339 2613 1467 2684 ejus,
1512 2618 1559 2666 et
1588 2607 1877 2677 Scriptura:

282 2722 392 2791 (Ib.
420 2736 469 2773 tt.
498 2716 615 2788 22).
648 2715 716 2769 Et
740 2713 931 2768 iterum
972 2708 1099 2763 alibi
1130 2723 1144 2761 :
1184 2704 1429 2759 Nondum
1468 2703 1602 2757 enim
1630 2699 1870 2766 sciebant,

280 2814 419 2888 quod
442 2809 697 2883 Oportebat
722 2808 891 2878 ipsum
911 2819 940 2858 e
957 2800 1167 2856 mortuis
1192 2812 1450 2869 resurgere
1473 2793 1651 2869 (Joan.
1673 2791 1764 2848 20.
1795 2791 1873 2863 9).

352 2908 407 2961 4.
438 2902 544 2960 Sed
565 2898 788 2971 quaestio
803 2896 933 2952 satis
947 2894 1123 2950 soluta
1139 2901 1238 2948 est.
1258 2889 1365 2946 Nos
1379 2901 1520 2945 nunc
1535 2887 1600 2943 ad
1617 2887 1876 2956 reliquam

280 2994 620 3056 salutationis
667 2999 871 3065 partem
916 2999 1224 3043 sermonem
1267 2982 1567 3037 ﬂectamus.
1611 2976 1877 3045 Quidnam

282 3107 415 3166 ergo
457 3095 540 3143 est
574 3127 591 3153 ,
620 3083 762 3157 quod
808 3080 1010 3138 dictum
1035 3085 1158 3144 est,
1205 3084 1260 3131 et
1309 3072 1449 3129 unde
1478 3071 1617 3127 istuc
1652 3069 1880 3141 digressi

282 3160 513 3241 sumus?
540 3175 834 3235 Priscillam
877 3182 931 3229 et
957 3170 1201 3242 Aquilam
1233 3169 1419 3224 beatos
1442 3165 1673 3220 diximus
1692 3205 1707 3230 ,
1736 3160 1879 3233 quod

282 3294 410 3335 cum
439 3272 604 3332 Paulo
631 3270 935 3325 habitarent
955 3306 970 3330 ,
1002 3263 1285 3334 diligenter
1312 3259 1648 3314 addiscentes
1676 3268 1879 3309 morem

283 3371 499 3430 habitus
522 3375 577 3423 et
601 3365 1104 3421 calceamentorum,
1138 3365 1295 3425 atque
1317 3352 1495 3408 omnia
1524 3365 1644 3421 qua:
1666 3348 1878 3417 agebat.

287 3463 422 3518 lliuc
464 3458 619 3514 nobis
664 3464 817 3510 enata
865 3459 950 3506 est
980 3447 1203 3519 quaestio
1238 3464 1250 3500 :
1283 3444 1433 3512 cujus
1476 3441 1644 3512 gratia
1671 3438 1883 3495 Christo

288 3552 605 3624 prohibente
633 3543 834 3616 aliquid
870 3548 1064 3611 praeter
1094 3552 1252 3591 unam
1298 3541 1496 3588 vestem
1523 3530 1708 3585 haberi
1735 3570 1753 3595 ,
1783 3528 1883 3582 visi

283 3622 415 3701 sunt
464 3641 519 3697 hi
576 3638 775 3694 habere
820 3630 1055 3689 sandalia
1103 3638 1157 3685 et
1197 3624 1494 3698 penulam?
1526 3622 1593 3677 Et
1637 3633 1887 3675 sermone

282 3729 711 3793 demonstratum
740 3734 822 3781 est
849 3766 863 3790 ,
892 3721 1167 3793 apostolos
1212 3719 1295 3773 his
1326 3714 1524 3771 utendo
1563 3714 1734 3784 legem
1778 3725 1884 3766 non

284 3838 654 3898 transgressos
699 3834 819 3876 esse
844 3860 859 3885 ,
904 3816 1001 3872 sed
1031 3815 1314 3882 diligenter
1374 3809 1712 3862 observasse.
1764 3803 1887 3859 llaec

283 3893 469 3976 autem
491 3913 816 3974 dicebamus,
847 3923 954 3963 non
980 3916 1037 3959 ut
1060 3918 1155 3958 vos
1179 3901 1244 3955 ad
1266 3896 1654 3954 coacervandas
1677 3893 1889 3949 divitias

285 4010 701 4066 exhortaretnnr
720 4044 734 4066 ,
768 4010 820 4054 et
850 4006 1267 4070 provocaremus
1299 4000 1354 4045 ut
1376 3990 1491 4059 plus
1517 4002 1674 4058 quam
1705 4001 1893 4041 neces—

288 4104 426 4158 sitas
447 4097 695 4170 postulat,
718 4089 1053 4165 possidentis,
1077 4087 1170 4143 sed
1190 4088 1240 4141 in
1269 4092 1516 4157 promptu
1547 4084 1653 4137 sint
1672 4097 1791 4151 qua:
1807 4081 1884 4135 in-

293 4194 548 4250 ﬁdelibus
630 4198 808 4244 nostra
865 4183 1161 4239 ridentibus
1225 4177 1617 4251 respondeatis.
1675 4172 1891 4229 Etenim

291 4288 538 4345 Christus
579 4282 909 4353 superiorem
941 4278 1108 4347 legem
1155 4273 1406 4336 solvens,
1459 4286 1562 4324 non
1589 4267 1749 4338 jussit
1795 4280 1892 4320 nos

295 4381 497 4437 habere
522 4376 733 4441 domos,
757 4383 963 4432 servos,
986 4368 1172 4427 lectos,
1197 4378 1320 4418 vasa
1342 4368 1613 4432 argentea,
1641 4356 1719 4412 vel
1741 4355 1895 4427 quid-

295 4473 440 4543 piam
489 4469 678 4523 horum
709 4482 722 4518 :
751 4462 845 4518 sed
890 4476 988 4515 nos
1013 4476 1042 4513 a
1073 4460 1217 4528 prius
1262 4455 1526 4509 dictorum
1576 4450 1894 4505 necessitate

295 4542 499 4619 liberos
526 4574 647 4615 esse
675 4554 860 4611 voluit.
890 4551 1044 4609 Unde
1087 4560 1142 4605 et
1183 4547 1378 4603 Paulus
1420 4546 1496 4599 sic
1531 4542 1853 4598 admonebat
1875 4581 1890 4605 ,

295 4655 529 4710 dicens:
562 4648 816 4704 Habentes
860 4645 1045 4699 rictum
1090 4651 1136 4694 et
1181 4646 1488 4711 tegumenta,
1544 4634 1622 4687 his
1678 4631 1896 4686 contenti

298 4760 476 4800 sumus
498 4742 516 4808 (
541 4743 593 4798 ι.
616 4739 747 4795 Tim.
765 4738 815 4793 6.
837 4740 870 4792 8
894 4735 938 4806 ).
957 4732 1322 4790 Tribuendum
1340 4728 1480 4783 enim
1512 4724 1789 4796 egentibus
1806 4763 1823 4790 ,
1851 4722 1895 4776 si

298 4835 428 4908 quid
452 4834 574 4889 usui
598 4841 784 4886 nostro
810 4833 1086 4898 superest:
1110 4823 1162 4879 id
1187 4821 1326 4892 quod
1358 4819 1595 4875 Priscilla
1624 4825 1679 4870 et
1707 4814 1896 4883 Aquila

300 4906 559 4999 perquam
589 4923 830 4980 studiose
874 4918 1155 4974 faciebant.
1187 4914 1254 4969 Et
1280 4911 1479 4967 idcirco
1506 4925 1600 4964 eos
1643 4906 1819 4961 laudat
1845 4914 1900 4960 ct

297 5021 599 5077 admiratur
627 5014 921 5087 apostolus,
954 5010 1162 5079 insigne
1193 5007 1408 5062 illorum
1440 5000 1769 5073 praeconium
1798 5014 1897 5068 ap-

288 5124 532 5187 ponens.
558 5106 694 5162 Nam
721 5113 780 5160 ut
806 5104 974 5166 dixit,
1008 5099 1243 5156 Salutate
1266 5094 1561 5152 Priscillam
1586 5102 1633 5147 et
1661 5091 1900 5163 Aquilam

298 5202 626 5274 coeperat-ias
671 5215 806 5253 meos
847 5197 901 5251 in
944 5193 1165 5250 Domino
1206 5190 1402 5262 (Rom.
1452 5187 1539 5242 l6.
1587 5184 1697 5257 5),
1738 5184 1899 5239 etiam

299 5310 521 5353 causam
561 5293 710 5364 ponit
747 5298 906 5345 tantae
933 5285 1193 5343 caritatis.
1222 5279 1484 5348 Qualem?
1514 5277 1613 5343 Qui
1649 5292 1739 5346 pro
1765 5290 1895 5339 mea,

303 5392 380 5445 ait
405 5433 420 5456 ,
454 5389 628 5443 anima
682 5384 922 5440 cervicem
970 5394 1114 5435 suam
1153 5390 1461 5447 supposuere
1508 5370 1692 5443 (Ibid.
1725 5385 1773 5423 υ.
1800 5368 1834 5423 4
1856 5366 1898 5436 ).

313 5484 496 5552 Igitur,
528 5478 671 5533 dicet
701 5476 927 5531 fortasse
950 5472 1142 5541 aliquis
1163 5512 1176 5535 ,
1205 5467 1305 5522 hac
1331 5465 1397 5520 de
1421 5478 1581 5517 causa
1610 5475 1705 5516 eos
1730 5458 1905 5528 diligis

305 5586 359 5628 et
390 5586 540 5625 amas
568 5565 593 5621 ?
623 5566 851 5622 Maxime
879 5581 890 5617 :
933 5562 1056 5633 quia
1090 5569 1142 5615 ct
1164 5559 1206 5612 si
1240 5557 1289 5611 id
1332 5570 1494 5610 unum
1525 5552 1757 5623 egissent
1777 5590 1790 5614 ,
1821 5547 1904 5602 vel

309 5662 435 5715 hinc
463 5658 619 5713 laude
649 5656 792 5726 digni
823 5663 993 5707 erant.
1017 5649 1116 5718 Qui
1138 5649 1278 5702 enim
1301 5647 1489 5700 ducem
1518 5639 1783 5696 exercitus
1802 5638 1907 5693 sal-

308 5768 435 5808 vum
465 5750 589 5805 fecit
612 5792 625 5816 ,
653 5758 708 5804 et
734 5746 931 5802 milites
957 5742 1082 5798 fecit
1113 5740 1289 5795 salvos
1319 5737 1444 5810 :qui
1478 5733 1742 5792 medicum
1769 5730 1902 5786 libe-

1029 310 1095 369 ΙΝ
1136 308 1361 381 ll.LUD,
1400 306 1767 369 SALUTATE
1808 302 2213 371 PBISCILLAM
2253 311 2342 369 ΕΤ
2382 311 2714 383 AQUILAM.
2759 313 2821 370 il.

3458 318 3567 372 202

1994 421 2131 474 ravit
2156 422 2430 491 periculis,
2462 433 2517 480 et
2545 424 2832 481 liberantes
2859 425 3058 481 morbis
3087 425 3153 481 ad
3179 428 3457 485 sanitatem
3488 447 3572 487 re-

1979 508 2087 563 dux
2099 512 2136 564 it
2152 528 2163 562 :
2179 513 2267 583 qui
2283 515 2696 592 gubernatorem
2713 514 2959 571 ﬂuctibus
2975 517 3190 587 eripuit,
3206 534 3391 574 navem
3411 530 3573 577 totam

1980 614 2043 653 ex
2073 602 2228 657 undis
2253 604 2495 660 liberavit
2515 623 2529 661 :
2547 608 2625 662 sic
2650 608 2831 678 utique
2851 609 2940 678 qui
2971 609 3278 681 magistrum
3308 612 3450 667 otbis
3473 615 3573 669 sal-

1980 700 2188 756 varum,
2212 703 2260 747 et
2292 709 2386 763 pro
2403 695 2544 750 illius
2561 697 2729 751 salute
2746 699 3057 769 sanguinem
3083 715 3235 754 suum
3250 700 3569 771 effuderunt,

1979 781 2125 835 orbis
2151 798 2362 854 quoque
2393 785 2556 841 totius
2582 785 2796 842 fuerunt
2842 789 3241 855 benefactores,
3273 801 3456 861 utpote
3482 795 3572 864 qui

1983 884 2079 925 sua
2121 887 2246 943 erga
2295 885 2678 946 prmceptorem
2712 880 3040 947 providentia
3069 880 3358 952 discipulos
3385 900 3570 939 omnes

1979 964 2326 1017 servaverint.
2356 964 2422 1020 Ut
2441 974 2620 1021 autem
2646 967 2841 1036 discas,
2873 984 2967 1025 eos
2989 985 3094 1025 non
3116 971 3285 1025 solum
3309 987 3430 1042 erga
3455 989 3569 1027 ina-

1976 1051 2199 1119 gistrmn
2239 1054 2369 1109 tales
2400 1054 2563 1111 fuisse
2584 1098 2600 1123 ,
2628 1056 2722 1112 sed
2754 1066 2808 1112 et
2836 1057 3088 1114 fratribus
3115 1061 3355 1116 eamdem
3387 1078 3570 1119 curam

1984 1142 2312 1213 impendisse
2337 1189 2351 1213 ,
2382 1147 2503 1202 audi
2524 1150 2823 1220 sequentia.
2848 1150 2979 1205 Nam
3010 1167 3131 1208 cum
3161 1151 3422 1219 dixisset,
3460 1156 3567 1209 Pro

1976 1236 2147 1288 anima
2180 1256 2289 1291 mea
2339 1240 2583 1295 cervicem
2636 1254 3050 1314 supposuerunt,
3095 1245 3333 1315 adjecit:
3380 1247 3573 1314 Quibus

1977 1343 2077 1379 non
2103 1344 2195 1398 ego
2221 1329 2359 1385 solus
2384 1333 2573 1402 gratias
2598 1350 2697 1404 ago
2721 1375 2735 1399 ,
2766 1335 2857 1388 sed
2883 1345 2931 1389 et
2972 1351 3145 1391 omnes
3171 1335 3414 1393 Ecclesia:
3450 1356 3572 1409 gen-

1976 1420 2121 1476 tium.
2167 1423 2301 1491 Quid
2347 1426 2464 1480 ais?
2506 1425 2881 1481 Tcntoriorum
2926 1429 3206 1503 Opiticibus
3240 1470 3257 1495 ,
3321 1434 3571 1501 pauperi-

1976 1512 2077 1567 bus
2098 1554 2114 1581 ,
2146 1516 2471 1583 artificibus,
2502 1518 2693 1588 quibus
2724 1519 2851 1573 nihil
2885 1530 3078 1588 praeter
3104 1521 3299 1577 victum
3327 1540 3575 1579 necessa—

1978 1603 2118 1661 rium
2170 1608 2510 1679 suppetebat,
2558 1624 2746 1664 omnes
2793 1609 3048 1665 Ecclesia:
3093 1611 3328 1681 gentium
3375 1615 3574 1680 gratias

1976 1696 2183 1767 agunt?
2232 1696 2301 1752 Et.
2329 1697 2454 1768 quid
2500 1707 2701 1753 tantum
2741 1697 2850 1753 duo
2880 1698 2952 1753 illi
2996 1698 3253 1767 prodesse
3292 1711 3575 1772 potuerunt

1980 1798 2057 1843 tot
2085 1788 2379 1844 Ecclesiis?
2409 1805 2512 1861 qua
2561 1804 2723 1860 opum
2767 1789 3128 1858 abundantia,
3175 1807 3277 1862 qua
3327 1795 3575 1862 potentia:

1979 1879 2364 1950 magnitudine,
2398 1894 2505 1950 quo
2536 1879 2677 1950 apud
2711 1879 2984 1949 principes
3012 1878 3199 1935 favore
3224 1882 3577 1937 claruerunt?

1978 1970 2148 2039 Opum
2175 1970 2388 2041 quidem
2417 1970 2764 2036 abundantia,
2796 1979 2850 2025 et
2874 1971 3133 2040 potentia,
3161 1980 3216 2026 ct
3239 1972 3406 2041 gratia
3434 1973 3576 2042 apud

1980 2064 2302 2132 imperantes
2324 2061 2454 2115 nihil
2478 2062 2778 2128 valuerunt,
2814 2061 2907 2117 sed
2938 2072 3050 2117 erat
3094 2062 3194 2127 eis,
3222 2062 3308 2132 qui
3330 2064 3579 2118 omnibus

1981 2155 2151 2222 major
2197 2162 2280 2208 est
2308 2196 2323 2221 ,
2355 2154 2566 2209 animus
2591 2156 2655 2209 ad
2685 2153 2917 2224 pericula
2957 2154 3244 2209 admodum
3279 2167 3572 2224 promptus.

1981 2246 2115 2301 ilinc
2151 2255 2233 2301 est
2263 2247 2404 2317 quod
2434 2244 2503 2301 de
2530 2246 2713 2301 multis
2738 2246 2874 2300 bene
2900 2255 3206 2301 meruerunt
3231 2287 3247 2311 ,
3279 2246 3578 2316 multosque

1980 2344 2284 2393 servarunt.
2315 2335 2501 2409 Neque
2525 2337 2669 2391 enim
2702 2336 2953 2391 Ecclesiis
2979 2344 3085 2391 tam
3118 2334 3372 2405 prodesse
3401 2336 3580 2391 valent

1980 2428 2172 2483 divites
2198 2428 2271 2482 illi
2303 2426 2486 2482 fastosi
2506 2466 2523 2493 ,
2555 2436 2613 2481 ut
2640 2440 2900 2496 pauperes
2929 2425 3270 2497 magnanimi.
3299 2425 3467 2480 Nemo
3491 2427 3575 2480 di-

1980 2530 2123 2573 ctum
2152 2519 2251 2574 hoc
2283 2520 2504 2575 miretur
2532 2535 2546 2572 :
2576 2533 2759 2573 verum
2791 2518 2934 2572 enim
2973 2525 3057 2570 est
3082 2556 3097 2581 ,
3128 2516 3272 2586 quod
3302 2517 3527 2572 dicimus
3551 2557 3568 2581 ,

1980 2612 2139 2684 idque
2171 2611 2331 2669 rebus
2360 2609 2490 2684 ipsis
2518 2608 2897 2682 comprobatur
2926 2630 2939 2666 :
2970 2624 3092 2666 nam
3118 2612 3299 2666 multa:
3326 2618 3451 2667 sunt
3494 2610 3575 2663 di-

1983 2708 2104 2762 vitis
2140 2707 2398 2762 molestize
2428 2715 2483 2761 et
2510 2705 2768 2776 pericula.
2807 2704 2982 2760 Timet
3014 2719 3111 2775 pro
3140 2704 3332 2772 domo,
3369 2721 3465 2775 pro
3495 2707 3577 2760 fa-

1983 2800 2141 2855 mulis
2166 2840 2180 2865 ,
2209 2814 2306 2870 pro
2333 2799 2474 2869 agris
2498 2839 2513 2862 ,
2560 2814 2656 2868 pro
2686 2798 2878 2868 Opibus
2900 2838 2916 2863 ,
2945 2813 3013 2852 ne
3053 2798 3172 2868 quis
3199 2798 3396 2868 aliquid
3424 2815 3488 2855 ex
3516 2801 3581 2855 iis

1983 2891 2211 2947 auferat.
2240 2890 2307 2945 Et
2333 2890 2422 2959 qui
2462 2890 2752 2944 multorum
2783 2898 2866 2943 est
2893 2886 3173 2952 dominus,
3205 2888 3343 2943 idern
3389 2890 3585 2943 multo-

1985 2998 2102 3036 rum
2127 2994 2315 3035 servus
2342 2994 2463 3035 esse
2484 2979 2711 3050 cogitur.
2739 2978 2949 3048 Pauper
2976 2987 3154 3032 autem
3179 2979 3261 3033 his
3280 2980 3579 3049 expeditus,

1985 3081 2039 3127 et
2065 3071 2208 3127 curis
2237 3071 2487 3125 omnibus
2514 3084 2726 3133 carens,
2758 3068 2843 3123 leo
2868 3077 2973 3134 est,
2997 3069 3170 3139 ignem
3205 3070 3391 3139 spirat,
3420 3086 3585 3141 gene-

1987 3179 2111 3219 roso
2131 3173 2186 3220 et
2208 3162 2328 3219 forti
2353 3172 2436 3220 est
2459 3162 2659 3229 animo,
2682 3161 2749 3217 de
2768 3162 3017 3217 omnibus
3037 3176 3155 3218 sese
3175 3163 3407 3233 expedit,
3432 3165 3583 3220 facile

1986 3256 2166 3310 omnia
2189 3254 2321 3327 agit,
2352 3271 2471 3326 qua:
2494 3253 2746 3326 prodesse
2769 3261 2992 3323 possunt
3018 3253 3290 3320 Ecclesiis,
3320 3254 3432 3310 sive
3451 3270 3585 3325 Opus

1987 3350 2057 3404 sit
2078 3358 2132 3404 ut
2157 3356 2443 3419 arguantur
2470 3347 2654 3418 aliqui,
2687 3346 2801 3401 sive
2832 3351 2889 3399 ut
2915 3345 3260 3416 inerepcntur
3279 3385 3296 3412 ,
3327 3345 3441 3402 sive
3466 3362 3587 3402 sex-

1988 3451 2143 3499 centa
2174 3452 2388 3513 propter
2407 3441 2677 3496 Christum
2698 3455 2859 3509 opera
2886 3438 3160 3495 subeunda
3186 3439 3292 3493 sint
3326 3457 3339 3493 :
3365 3454 3429 3493 ac
3453 3455 3587 3508 quo-

1990 3535 2131 3589 niam
2160 3534 2325 3587 semel
2353 3532 2513 3586 vitam
2543 3530 2783 3599 deSpexit
2812 3536 3130 3598 praesentem
3152 3570 3168 3596 ,
3197 3543 3388 3598 magna
3408 3527 3584 3583 facili-

1993 3634 2103 3680 tate
2126 3623 2340 3679 conficit
2364 3623 2563 3677 omnia.
2595 3619 2732 3687 Quid
2759 3619 2902 3674 enim
2934 3618 3167 3683 timeret,
3190 3617 3297 3683 dic,
3329 3619 3588 3674 obsecro?

1991 3716 2126 3771 Num
2155 3731 2222 3770 ne
2246 3730 2378 3785 epes
2403 3713 2521 3784 ejus
2556 3710 2910 3767 auferantur?
2950 3708 3062 3764 Hoc
3090 3724 3249 3764 nemo
3276 3708 3458 3765 dicere
3496 3725 3591 3780 po-

1993 3810 2137 3866 terit.
2168 3807 2304 3864 Num
2340 3822 2409 3862 ne
2438 3806 2669 3876 pellatur
2694 3819 2725 3859 e
2757 3802 2966 3873 patria?
2994 3801 3101 3857 Sed
3129 3804 3403 3856 universus
3445 3803 3592 3857 orbis

1995 3910 2256 3957 terrarum
2280 3899 2329 3954 ei
2372 3897 2562 3953 civitas
2590 3904 2673 3949 est
2701 3892 2916 3947 I‘iNum
2961 3907 3031 3948 ne
3071 3893 3192 3963 quis
3231 3891 3509 3946 imminuat
3537 3894 3589 3948 ei

1997 3991 2219 4047 delicias
2252 4000 2306 4045 et
2334 3987 2680 4044 satellitium?
2708 3984 2814 4040 Sed
2841 3984 2924 4039 his
2959 3982 3208 4038 omnibus
3231 3983 3409 4038 valere
3428 3983 3594 4053 jussis

1997 4083 2048 4137 in
2085 4081 2219 4136 caelo
2268 4079 2508 4145 habitat,
2553 4086 2607 4132 et
2635 4076 2702 4130 ad
2744 4077 2971 4129 futuram
3006 4071 3221 4129 festinat
3267 4073 3450 4127 vitam.
3477 4073 3592 4127 Non

1996 4172 2371 4243 deprecahitur
2399 4170 2551 4235 item,
2583 4168 2628 4223 si
2658 4168 2835 4222 anima
2876 4165 2988 4236 ipsa
3020 4164 3277 4221 tradenda
3305 4166 3394 4231 sit,
3427 4174 3481 4218 et
3508 4163 3591 4219 ef-

1999 4264 2295 4320 fundendus
2313 4277 2386 4316 sa:
2410 4261 2548 4332 guis.
2575 4260 2706 4315 Hinc
2726 4265 2830 4324 est,
2856 4257 2998 4328 quod
3019 4258 3137 4312 talis
3164 4256 3322 4312 etiam
3347 4266 3595 4327 ettyran-

1999 4358 2082 4411 nis
2104 4398 2119 4422 ,
2148 4363 2201 4409 et
2225 4353 2470 4422 regibus,
2497 4360 2551 4405 et
2582 4348 2789 4418 p0pulis
2813 4387 2829 4412 ,
2861 4357 2915 4402 et
2941 4346 3190 4401 omnibus
3218 4354 3488 4416 potentior
3515 4356 3598 4400 est

1999 4465 2063 4505 ac
2090 4446 2269 4503 ditior.
2301 4443 2366 4496 Et
2394 4450 2447 4494 ut
2472 4439 2670 4504 discas,
2692 4436 2832 4507 quod
2862 4452 2985 4491 vere
3006 4435 3143 4499 haec,
3165 4444 3219 4490 et
3245 4451 3352 4491 non
3374 4436 3598 4489 adulan-

2002 4549 2084 4596 ter
2112 4533 2401 4596 sintdicta,
2433 4538 2487 4585 et
2514 4528 2655 4599 quod
2678 4527 2768 4614 qui
2795 4526 2925 4580 nihil
2957 4524 3249 4595 possident,
3274 4523 3327 4579 lii
3358 4526 3597 4580 omnium

2000 4629 2259 4685 liberrimi
2280 4626 2385 4679 sint
2411 4623 2477 4677 ad
2506 4617 2828 4691 loquendum
2862 4635 2876 4671 :
2907 4627 3037 4687 quot
3063 4615 3253 4673 divites
3281 4626 3433 4671 erant
3461 4626 3597 4670 tem-

2004 4738 2132 4795 pore
2161 4717 2406 4782 Herodis,
2429 4724 2558 4786 quot
2588 4710 2878 4783 potentes?
2906 4718 2960 4763 et
2986 4708 3105 4777 quis
3132 4708 3184 4762 in
3214 4707 3447 4762 medium
3475 4722 3599 4777 pto-

2004 4810 2191 4882 rupit?
2237 4808 2357 4878 quis
2416 4815 2697 4875 tyrannum
2750 4796 3236 4868 increpat-inquis
3261 4807 3596 4867 contemptas

2005 4907 2151 4975 leges
2180 4902 2270 4956 Dei
2300 4899 2441 4954 ultus
2466 4905 2549 4951 est
2572 4895 2596 4948 ?
2618 4893 2849 4948 Divitum
2878 4890 3092 4961 quidem
3121 4888 3320 4955 nullus,
3351 4888 3445 4943 sed
3477 4904 3602 4958 pau-

2006 5012 2102 5068 per
2128 4995 2219 5050 iilc
2248 5002 2301 5047 ct
2327 5004 2502 5059 Inops,
2533 4988 2623 5057 qui
2653 4998 2823 5054 neque
2852 4982 3044 5038 lectmn
3070 5023 3086 5049 ,
3114 4995 3287 5050 neque
3324 4995 3565 5035 mensam
3585 5022 3599 5041 .

2008 5102 2181 5158 neque
2210 5092 2410 5140 tectum
2441 5078 2672 5135 habebat
2702 5093 2716 5130 :
2746 5074 2833 5129 ille
2857 5115 2873 5140 ,
2906 5074 3119 5143 inquam
3140 5113 3157 5138 ,
3189 5070 3490 5127 solitudinis
3519 5071 3600 5124 in-

2008 5177 2247 5251 quilinus
2275 5172 2511 5230 Joannes
2532 5211 2547 5235 ,
2580 5167 2671 5223 ille
2709 5165 2856 5220 solus
2882 5174 2937 5219 et
2963 5162 3162 5233 primus
3189 5161 3334 5217 omni
3364 5161 3606 5216 libertate

2010 5280 2293 5341 tyrannum
2330 5262 2534 5334 arguit,
2582 5268 2637 5316 et
2678 5255 3009 5313 adulterinas
3047 5253 3257 5324 nuptias
3281 5250 3523 5318 detexit,
3555 5260 3608 5304 et

2012 5358 2363 5435 prtesentibus
2390 5353 2640 5411 omnibus
2666 5365 2729 5407 ac
2756 5346 3099 5405 audientibus
3120 5342 3459 5414 pronuntiata
3488 5357 3609 5397 sen-

2012 5453 2175 5511 tentia
2191 5465 2314 5506 eum
2330 5443 2724 5504 condemnavit.
2750 5441 2817 5496 Et
2834 5447 2956 5494 ante
2982 5436 3124 5493 hunc
3147 5447 3372 5505 magnus
3395 5447 3607 5504 quoque

2074 5671 2091 5704 ι
2125 5665 2266 5719 εεῆι.
2291 5666 2341 5715 in
2362 5663 2584 5726 margine
2606 5660 2677 5711 sic
2698 5657 2870 5719 habet,
2892 5652 2978 5707 sed
3003 5664 3147 5705 unam
3169 5645 3378 5715 patriam
3405 5658 3591 5719 reputat

2012 5744 2121 5790 αιιιῑ
2143 5739 2331 5783 sursum
2354 5734 2443 5777 est.
3650 5740 3653 5741 ν
