4058 6258
454 396 654 461 llelias,
671 393 758 466 qni
784 392 915 448 nihil
932 398 1126 462 preter
1145 390 1376 444 meloten
1397 385 1724 458 possidebat,
1754 383 1973 453 impium
1997 390 2052 434 et

461 488 924 561 praevaricatorem
954 483 1104 537 illum
1134 481 1319 536 Achab
1347 481 1494 534 solus
1520 477 1742 530 viriliter
1771 475 2048 542 corripuit.

449 578 594 634 Nihil
625 577 766 632 enim
797 572 1048 644 loquendi
1087 572 1388 627 libertatem
1415 610 1434 637 ,
1477 579 1532 625 et
1558 567 1610 622 in
1640 580 1817 622 rerum
1861 562 2050 618 discri-

454 668 599 725 mine
623 666 869 724 ﬁduciam
894 665 965 719 ita
989 662 1209 734 praebet,
1238 661 1366 716 nihil
1392 660 1637 714 homines
1664 657 1801 711 adeo
1821 653 2052 708 munitos

447 768 503 813 et
534 757 699 812 fortes
724 754 909 820 efﬁcit,
956 762 1011 808 ut
1043 751 1174 807 nihil
1211 766 1337 822 poss
1361 751 1490 804 dere
1513 791 1530 814 ,
1559 758 1615 803 et
1641 746 1801 802 nullis
1826 743 2052 799 saecula-

451 851 599 906 ribus
641 846 992 904 circumvolvi
1025 844 1274 915 negotiis.
1308 845 1484 912 Atque
1507 840 1644 894 adeo
1664 881 1680 905 ,
1714 840 1759 894 si
1787 837 1907 907 quis
1947 835 2055 889 vir-

449 950 614 996 tutem
628 939 846 994 multam
863 937 1135 1006 possidere
1150 934 1684 1004 cupit,paupertatem
1695 926 2050 996 amplexetur,

452 1039 775 1104 praesentem
807 1029 971 1082 vitam
1003 1026 1284 1096 despiciat,
1317 1023 1448 1076 nihil
1479 1035 1601 1075 esse
1631 1027 1776 1090 putet
1802 1026 2054 1070 mortem.

452 1122 548 1176 Hic
575 1136 679 1176 non
711 1119 884 1173 solum
915 1117 1032 1187 plus
1055 1131 1213 1185 quam
1247 1115 1439 1168 divites
1469 1121 1523 1166 ιιι
1549 1109 1846 1180 principes,
1875 1106 1970 1160 sed
1999 1115 2052 1159 et

452 1213 570 1283 plus
593 1227 749 1283 quam
782 1225 936 1282 reges
963 1209 1062 1279 ipsi
1095 1207 1351 1262 Ecclesiis
1391 1205 1644 1276 prodesse
1673 1200 1889 1273 poterit.
1922 1198 2052 1254 Nam

462 1316 751 1377 regnantes
780 1305 854 1359 illi
880 1312 934 1358 et
960 1301 1294 1356 abundantes
1323 1311 1672 1369 qumcumque
1717 1293 1913 1350 fac'unt
1937 1333 1951 1356 ,
2003 1290 2052 1344 id

455 1397 647 1466 opibus
666 1396 866 1454 faciunt
893 1413 907 1448 :
934 1393 1022 1448 hic
1047 1400 1227 1447 autem
1252 1403 1440 1459 magna
1463 1388 1772 1457 plerumque
1801 1392 2054 1454 operatur

453 1505 546 1559 per
580 1489 817 1559 pericula
845 1496 901 1541 et
943 1483 1172 1538 mortem
1220 1483 1410 1551 ipsam.
1453 1480 1665 1546 Quanto
1710 1483 1889 1530 autem
1920 1486 2052 1528 auro

451 1582 598 1638 enini
640 1580 925 1650 pretiosior
954 1586 1036 1632 est
1081 1573 1338 1645 sanguis,
1389 1581 1537 1627 tanto
1580 1577 1864 1640 paupertas
1891 1581 2052 1636 quam

452 1674 784 1731 abundantia
817 1672 1026 1727 melior.

524 1809 578 1864 5.
620 1807 777 1862 Tales
805 1803 1018 1875 quidam
1047 1809 1200 1858 erant
1227 1800 1301 1854 illi
1350 1798 1498 1853 Pauli
1543 1795 1783 1866 hospites
1812 1791 2050 1848 Priscilla

459 1913 516 1960 et
539 1904 752 1974 Aquila,
776 1902 862 1972 qui
885 1915 1046 1972 opum
1074 1898 1330 1954 carebant
1357 1895 1701 1959 abundantia,
1729 1901 1785 1950 et
1805 1890 2054 1946 omnibus

454 1987 655 2050 divitiis
697 1992 1098 2062 locupletiorem
1126 1990 1362 2044 animum
1392 1987 1734 2058 possidebant
1759 2029 1774 2052 ,
1824 1996 2051 2042 mortem

454 2092 830 2156 exspectantes
855 2081 1114 2154 quotidie,
1147 2081 1200 2135 in
1225 2078 1375 2135 caede
1404 2087 1460 2133 et
1484 2077 1742 2148 sanguine
1771 2077 2012 2131 viventes
2037 2117 2051 2140 ,

458 2185 620 2247 atque
644 2184 905 2247 perpetuo
926 2171 1239 2244 martyrium
1271 2171 1556 2242 patientes.
1589 2169 1712 2224 Ideo
1739 2183 1827 2224 res
1855 2176 2053 2222 nostra}

455 2269 561 2324 illis
587 2267 916 2338 temporibus
937 2266 1218 2330 ﬂorebant,
1247 2265 1368 2334 quia
1392 2265 1470 2318 sic
1495 2261 1738 2334 discipuli
1762 2261 2050 2331 magistris,

453 2369 508 2415 et
536 2359 772 2432 magistri
804 2357 1080 2428 discipulis
1105 2355 1338 2427 colligati
1363 2365 1538 2410 erant.
1568 2353 1698 2409 Nam
1727 2353 1921 2409 Paulus
1953 2353 2054 2407 hoc

455 2467 563 2505 non
587 2452 758 2506 solum
780 2451 848 2505 de
875 2449 978 2514 his,
1008 2448 1102 2503 sed
1125 2456 1178 2502 et
1199 2449 1265 2503 de
1292 2448 1472 2501 multis
1501 2447 1620 2501 aliis
1646 2455 1890 2500 testatur.
1921 2444 2051 2498 Nam

458 2541 720 2604 Hebraeis,
752 2550 808 2595 et
826 2538 1399 2594 'l‘hessalonicensilms
1430 2579 1445 2602 ,
1480 2546 1532 2591 et
1563 2536 1767 2592 Galatis
1788 2535 2050 2599 scribens,

455 2633 647 2688 asserit
671 2645 860 2686 omnes
882 2631 1063 2686 multis
1093 2630 1478 2684 tentationibus
1506 2628 1753 2696 afﬂictos,
1785 2637 1840 2683 et
1860 2628 2055 2682 indicat

457 2725 509 2778 in
539 2723 778 2792 epistolis
806 2723 918 2778 suis
949 2722 1094 2790 ipsos
1120 2721 1268 2792 pelli,
1300 2720 1469 2789 patria
1499 2720 1770 2786 excidere,
1799 2720 2049 2774 substan-

458 2817 558 2870 tias
583 2815 812 2886 perdere
837 2856 853 2880 ,
877 2822 932 2868 et
953 2813 1019 2866 ad
1051 2813 1360 2882 sanguinem
1389 2826 1556 2881 usque
1581 2811 1869 2881 periclitari
1903 2829 1916 2865 :
1945 2820 2051 2865 tota

459 2923 644 2962 eorum
689 2907 793 2959 vita
842 2906 892 2959 in
936 2905 1192 2974 gravibus
1235 2902 1620 2957 certaminibus
1649 2911 1806 2968 crat,
1834 2912 1889 2957 et
1927 2903 2056 2972 ipsis

458 2998 688 3052 mutilari
711 2997 966 3051 membris
989 3012 1083 3063 pro
1101 2996 1518 3065 praeceptoribus
1539 3011 1642 3049 non
1665 2995 2052 3052 detrectabant.

462 3089 612 3144 Unde
638 3088 841 3142 Calatis
870 3089 1111 3142 scribens
1135 3127 1150 3149 ,
1199 3087 1328 3141 dicit
1360 3103 1377 3141 '.
1401 3086 1582 3141 Testor
1606 3089 1736 3140 enim
1761 3131 1776 3152 ,
1823 3088 1980 3157 quod,
2013 3089 2055 3142 si

461 3178 696 3251 possibile
724 3179 900 3246 [uisset
926 3220 939 3239 ,
964 3179 1135 3231 oculos
1163 3191 1351 3232 vestros
1393 3177 1602 3244 eﬂ'ossos
1632 3179 1754 3231 mihi
1793 3179 2055 3234 dedissetis

461 3269 674 3336 (Colat.
707 3267 901 3338 4.15).
926 3269 986 3322 Et
1019 3267 1316 3338 Epaphram
1344 3269 1432 3337 qui
1453 3266 1689 3324 Colossis
1709 3277 1842 3332 erat,
1869 3271 2056 3326 eadem

461 3361 531 3416 de
556 3376 615 3415 re
643 3360 821 3414 laudat
855 3360 938 3413 his
975 3360 1152 3414 verbis
1185 3377 1198 3412 :
1230 3358 1522 3430 {Egrotavit
1551 3377 1708 3430 usque
1729 3361 1797 3413 ad
1827 3372 2054 3426 mortem,

461 3466 510 3510 et
542 3453 680 3508 Deus
704 3455 812 3522 eius
841 3452 1076 3506 misertus
1104 3462 1175 3506 est
1205 3469 1223 3506 :
1251 3469 1350 3505 non
1381 3453 1543 3505 solum
1572 3463 1742 3507 autem
1788 3453 1897 3524 ejus
1921 3495 1938 3520 ,
1969 3454 2058 3507 sed

459 3558 506 3602 et
528 3550 642 3612 mei,
661 3563 724 3600 ne
746 3547 998 3601 tristitiam
1018 3562 1168 3616 super
1187 3545 1442 3599 tristitiam
1469 3545 1699 3599 haberent
1722 3546 1980 3617 (Philipp.
2001 3547 2055 3601 2.

459 3641 528 3694 27
554 3640 590 3711 ).
642 3639 742 3694 Ubi
783 3639 925 3691 clare
954 3636 1288 3691 demonstrat
1317 3651 1376 3692 se
1399 3636 1519 3704 jure
1557 3637 1862 3691 habiturum
1897 3637 2059 3693 fuisse

459 3732 698 3787 dolorem
728 3731 795 3784 de
839 3737 1009 3784 morte
1053 3728 1316 3798 discipuli.
1364 3727 1529 3796 Cujus
1570 3729 1822 3783 virtutem
1868 3729 2060 3784 alicubi

461 3822 709 3876 omnibus
736 3821 922 3875 iterum
954 3817 1154 3890 detegit
1179 3820 1383 3884 dicens,
1415 3819 1632 3873 Accessit
1656 3835 1814 3888 usque
1829 3820 1898 3873 ad
1927 3837 2054 3874 mor-

463 3922 582 3978 tem,
615 3911 839 3980 neglecta
863 3912 1032 3964 anima
1057 3927 1170 3975 sua,
1194 3920 1250 3963 ut
1276 3911 1524 3980 impleret,
1553 3911 1689 3976 quod
1708 3913 1759 3963 in
1789 3911 1925 3966 vobis
1945 3929 2062 3982 erga

465 4019 544 4056 me
559 4003 728 4056 deerat
750 4002 1080 4055 ministerium
1113 3999 1370 4072 (Philipp.
1395 4000 1449 4052 2.
1473 4000 1588 4068 50).
1619 4000 1756 4065 Quid
1781 4001 1885 4056 illis
1908 4001 2064 4056 fuerit

467 4095 675 4150 beatius
699 4137 714 4159 ,
745 4093 871 4162 quid
916 4101 1094 4146 autem
1132 4091 1282 4144 nobis
1313 4090 1557 4144 miserius
1583 4092 1606 4143 ἲ
1634 4091 2061 4161 quandoquidem

469 4188 542 4241 illi
568 4187 879 4254 sanguinem
927 4193 981 4238 et
1007 4182 1236 4237 animam
1272 4197 1368 4250 pro
1400 4182 1816 4251 prmceptoribus
1847 4183 2065 4253 profun-

467 4275 668 4330 debant
689 4315 706 4340 ,
736 4287 836 4327 nos
877 4283 1054 4326 autem
1085 4287 1257 4341 neque
1304 4271 1524 4325 verbum
1566 4287 1662 4342 pro
1694 4275 2065 4329 communibus

471 4365 708 4436 patribus
725 4364 969 4418 emittere
990 4363 1269 4428 audemus,
1291 4362 1385 4418 sed
1409 4377 1530 4417 cum
1550 4362 1826 4419 audiamus
1844 4365 1924 4419 eis
1950 4381 2063 4420 ma-

469 4456 624 4512 ledici
649 4495 666 4520 ,
709 4464 764 4510 et
805 4453 1056 4509 conviciis
1083 4469 1174 4508 eos
1206 4453 1584 4520 dehonestari,
1617 4464 1668 4509 et
1697 4469 1728 4509 a
1756 4455 1889 4520 suis,
1917 4465 1972 4510 et
1998 4456 2066 4512 ab

469 4548 660 4606 alienis
677 4589 692 4612 ,
725 4545 1104 4601 maledicentes
1131 4559 1306 4615 neque
1335 4545 1756 4615 compescimus,
1783 4560 1956 4616 neque
1983 4562 2065 4602 re-

467 4637 866 4710 prehendimus,
902 4651 1073 4707 neque
1101 4634 1466 4707 prohibemus.

548 4772 808 4840 Quantum
831 4771 894 4825 sit
918 4779 1175 4841 peccatum
1189 4768 1433 4825 Ecclesiae
1453 4769 1724 4826 rectoribus
1747 4771 2064 4828 maledicere.

471 4896 543 4909 -—
562 4864 774 4922 Utinam
796 4879 864 4919 ne
884 4863 982 4934 ipsi
1004 4863 1161 4935 primi
1183 4863 1564 4919 maledicorum
1587 4864 1771 4920 simus.
1799 4865 1939 4921 Sane
1960 4881 2065 4921 non

471 4969 619 5015 tanta
648 4959 716 5013 ab
739 4958 1042 5014 inﬁdelibus
1062 4957 1297 5012 convicia
1319 4967 1372 5011 et
1395 4957 1608 5026 probra,
1630 4967 1825 5028 quanta
1847 4959 1897 5012 in
1925 4960 2070 5029 prin—

472 5051 627 5119 cipes
653 5049 720 5103 ab
747 5048 846 5111 iis,
887 5047 978 5118 qui
1025 5047 1176 5101 nobis
1197 5047 1365 5114 juncti
1405 5047 1662 5117 religione
1685 5057 1742 5102 et
1770 5048 1954 5104 ﬁdeles
1987 5050 2067 5103 vi-

467 5139 693 5203 dentur,
726 5137 952 5207 proferri
979 5138 1242 5193 videmus.
1273 5137 1420 5194 Ultra
1449 5139 1535 5194 hic
1561 5154 1863 5209 qureremus
1882 5182 1896 5204 ,
1927 5141 2069 5197 unde

471 5238 628 5286 tanta
659 5229 887 5299 ignavia,
915 5237 972 5284 et
992 5227 1130 5284 unde
1159 5229 1244 5284 hic
1268 5229 1478 5298 pietatis
1501 5240 1844 5300 contemptus
1858 5233 2066 5296 evenit,

471 5322 616 5394 quod
647 5323 725 5378 sic
757 5321 1019 5376 hostiliter
1039 5335 1162 5390 erga
1193 5329 1370 5390 patres
1394 5329 1606 5376 nostros
1631 5323 1798 5378 simus
1821 5323 2035 5380 allecti?

476 5414 615 5470 Nihil
645 5414 882 5485 profecto
915 5422 1000 5470 est
1025 5412 1167 5482 quod
1213 5411 1506 5468 Ecclesiam
1551 5412 1646 5470 Dei
1695 5415 1766 5469 ita
1809 5415 2069 5471 destitue-

447 5519 540 5565 _re
586 5516 648 5559 et
691 5503 1016 5568 dissolvere,
1067 5503 1197 5558 nihil
1233 5502 1375 5573 quod
1410 5502 1480 5556 ita
1529 5501 1686 5558 facile
1726 5507 2070 5574 pessumdare

480 5594 670 5662 possit,
699 5603 757 5648 ut
781 5591 998 5666 quando
1021 5591 1268 5664 discipuli
1295 5593 1586 5665 magistris,
1617 5604 1672 5649 et
1693 5596 1937 5665 patribus
1955 5597 2067 5663 ﬁlii,

481 5693 538 5740 (ι
577 5684 898 5754 principibus
918 5683 1152 5750 subditi,
1184 5699 1289 5740 non
1327 5700 1521 5755 magno
1568 5685 1747 5742 studio
1776 5686 2067 5743 cobaarent.

1233 277 1289 335 S.
1330 272 1606 334 JOANNlS
1640 267 2114 329 CHRYSOSTOMI
2155 267 2472 326 ARClllEP.
2511 267 3041 328 CONSTANTINOP.

3634 269 3744 328 ειιι

2159 377 2216 435 Si
2243 381 2362 448 quis
2382 381 2604 437 fratrum
2634 383 2862 452 cuipiam
2900 380 3166 436 maledicit
3187 421 3203 445 ,
3230 394 3260 434 a
3288 395 3560 436 sacrarum
3603 381 3754 438 Scri-

2160 484 2434 540 pturarnm
2465 470 2694 527 lectione
2735 472 3052 526 excluditur.
3085 470 3153 526 Ut
3180 472 3301 541 quid
3327 472 3469 527 enim
3500 476 3748 537 assumis,

2155 564 2230 618 ait
2256 563 2415 628 Deus,
2436 573 2786 618 testamentum
2813 580 2978 618 nicum
2992 579 3080 631 per
3096 579 3151 616 os
3168 574 3310 617 tuum
3329 562 3500 634 (Psal.
3525 565 3614 621 49.
3635 566 3754 619 ιων

2156 665 2211 710 et
2234 671 2392 710 causa
2431 656 2600 726 posita
2637 656 2766 710 dicit
2795 655 3028 710 :Sedens
3051 665 3230 709 contra
3259 656 3468 724 fratrm
3497 666 3640 710 tuum
3668 661 3784 711 lo-'

2155 746 2389 814 quebaris
2414 745 2577 815 (Ibid.
2607 762 2655 799 υ.
2682 746 2799 817 30).
2831 745 3048 801 Patrem
3084 761 3214 800 vero
3234 745 3569 816 spiritualem
3591 762 3756 802 accu-
3780 745 3792 754 '

2157 849 2283 890 sans
2309 876 2326 902 ,
2372 845 2426 891 te
2468 837 2684 906 dignum
2733 845 2988 906 reputas,
3020 836 3110 906 qui
3151 835 3218 890 ad
3265 837 3446 890 divina
3492 839 3755 894 vestibula

2155 926 2418 981 accedas?
2445 926 2727 994 Quomodo
2748 926 2851 982 hoc
2874 926 3167 997 congruet?
3192 925 3325 982 Nam
3353 927 3399 982 si
3427 928 3754 984 maledicen-

2159 1027 2240 1074 tes
2268 1019 2403 1088 patri
2430 1019 2512 1074 vel
2533 1019 2687 1072 matri
2716 1026 2890 1074 morte
2910 1019 3208 1073 moriuntur
3228 1018 3522 1074 secundum
3552 1019 3743 1090 legem.

2159 1107 2368 1176 (Exod.
2397 1108 2490 1163 ﬁl.
2524 1110 2589 1164 17
2613 1109 2654 1178 ),
2685 1109 2829 1178 quali
2852 1108 3058 1179 judicio
3081 1108 3272 1179 dignus
3298 1111 3404 1165 erit
3424 1151 3442 1177 ,
3469 1112 3562 1181 qui
3588 1112 3754 1167 male.

2157 1200 2336 1256 dicere
2370 1201 2532 1256 audet
2567 1201 2649 1266 ei,
2678 1202 2766 1272 qui
2797 1203 3108 1272 parentibus
3154 1201 3257 1256 illis
3299 1206 3466 1274 magis
3493 1218 3742 1261 necessu-

2159 1293 2270 1347 rius
2297 1301 2400 1360 est,
2427 1304 2482 1348 et
2509 1293 2744 1350 melior?
2764 1296 2957 1349 Annon
2989 1295 3158 1360 timet,
3179 1309 3246 1350 ne
3266 1295 3471 1365 aperiat
3498 1311 3558 1353 se
3585 1305 3754 1364 terra,

2157 1395 2212 1440 et
2242 1387 2414 1456 ipsum
2441 1387 2742 1454 ahsorbeat,
2771 1387 2856 1442 vel
2879 1387 3078 1442 fulmen
3107 1402 3338 1458 superne
3358 1387 3616 1444 decidens
3635 1403 3759 1444 ma-

2158 1477 2384 1533 ledicam
2424 1478 2566 1533 illam
2612 1479 2844 1550 linguam
2871 1481 3190 1536 comburat?
3217 1479 3333 1536 Non
3362 1481 3592 1548 audisti,
3623 1483 3760 1553 quid

2157 1585 2313 1640 passa
2332 1571 2398 1626 sit
2429 1571 2589 1628 Musis
2610 1587 2766 1629 soror
2787 1615 2803 1636 .
2835 1573 3058 1644 principi
3087 1573 3454 1629 maledicens?
3478 1574 3761 1645 quomodo

2157 1661 2292 1715 facta
2313 1662 2383 1717 sit
2409 1662 2700 1728 immunda,
2722 1661 2969 1719 inciderit
2997 1662 3049 1718 in
3077 1663 3306 1734 lepram,
3332 1677 3597 1719 summam
3623 1678 3754 1719 sus-

2160 1756 2376 1811 tinuerit
2399 1756 2764 1827 ignominiam,
2793 1756 2958 1811 fratre
2990 1756 3156 1812 Deum
3179 1765 3380 1820 orante,
3400 1756 3612 1812 veniam
3638 1773 3756 1813 non

2157 1848 2480 1912 obtinuerit;
2505 1849 2714 1903 tametsi
2743 1849 2827 1902 illa
2857 1849 2968 1918 ipsa
2995 1858 3158 1912 esset,
3185 1862 3304 1918 quae
3333 1856 3579 1904 sanctum
3606 1849 3759 1903 illum

2157 1951 2514 2012 exposuerat,
2545 1951 2600 1996 et
2637 1956 2732 2011 pro
2766 1943 2884 2010 ejus
2920 1941 3237 1997 educatione
3265 1941 3317 1996 id
3353 1941 3607 1997 ell'ecerat
3639 1983 3658 2006 ,
3697 1953 3759 1996 ut

2157 2035 2274 2102 ejus
2304 2043 2474 2087 mater
2505 2032 2557 2086 in
2601 2033 2860 2087 nutricem
2893 2041 3259 2087 assumeretur
3285 2071 3301 2096 ,
3333 2043 3390 2084 et
3428 2046 3498 2086 ne
3541 2033 3761 2100 puellus

2158 2125 2210 2178 in
2237 2122 2515 2177 barbarico
2532 2123 2651 2176 sinu
2676 2122 3004 2176 enutriretur
3026 2139 3041 2187 ;
3069 2121 3263 2176 deinde
3284 2136 3412 2176 vero
3434 2121 3762 2176 feminarum

2155 2216 2425 2270 exercitus
2467 2213 2576 2269 dux
2617 2213 2714 2268 fuit
2755 2213 2895 2268 sicut
2941 2212 3118 2268 Moses
3156 2213 3427 2276 virorum;
3456 2227 3762 2282 omnesque

2156 2323 2278 2363 cum
2319 2308 2411 2363 illo
2447 2307 2566 2362 tulit
2604 2319 2872 2362 aerumnas
2899 2346 2917 2371 ,
2945 2320 3074 2360 vere
3100 2319 3255 2360 soror
3285 2305 3451 2360 ilosis
3482 2305 3757 2359 existens:

2157 2409 2523 2454 verumtamen
2557 2411 2678 2453 eum
2706 2396 3023 2460 maledixit,
3055 2394 3189 2450 nihil
3219 2394 3270 2449 ci
3298 2394 3614 2464 profuerunt
3641 2394 3761 2449 lucc

2158 2489 2336 2543 omnia
2357 2488 2422 2542 ad
2443 2487 2800 2558 cll‘ugiendam
2830 2487 2962 2542 iram
2997 2485 3124 2542 Dei:
3153 2486 3248 2542 sed
3292 2501 3391 2540 nec
3419 2484 3594 2545 Moses
3619 2527 3635 2547 ,
3658 2485 3755 2556 qui

2158 2586 2362 2632 tantum
2391 2577 2645 2648 populum
2672 2619 2689 2644 ,
2736 2586 2858 2648 post
2887 2577 3158 2648 ingentem
3190 2577 3333 2632 illam
3371 2575 3698 2646 impietatem
3739 2617 3758 2641 ,

2157 2669 2407 2739 precibus
2427 2669 2760 2740 expiaverat,
2795 2683 2895 2740 pro
2919 2684 3107 2725 sorore
3132 2669 3437 2739 supplicans
3463 2677 3519 2723 et
3539 2669 3760 2724 veniam

2163 2769 2371 2832 petens,
2403 2761 2614 2831 placare
2643 2760 2809 2816 Deum
2833 2760 3026 2831 potuit,
3054 2759 3150 2816 sed
3181 2758 3252 2814 ab
3275 2773 3341 2814 eo
3365 2757 3525 2813 valde
3550 2758 3638 2812 illa
3667 2759 3762 2812 in-

2157 2862 2407 2922 crepatur
2431 2869 2444 2906 :
2473 2866 2582 2922 quo
2617 2852 2887 2908 discamus
2909 2861 2966 2906 et
2998 2865 3098 2906 nos
3127 2891 3143 2915 ,
3166 2859 3424 2921 quantum
3455 2849 3653 2905 malum
3681 2849 3762 2904 sit

2160 2944 2488 3014 principibus
2513 2943 2831 3000 maledicere
2859 2985 2876 3011 ,
2906 2953 2962 3000 et
2990 2943 3061 2998 de
3083 2944 3310 2998 aliorum
3337 2941 3580 3012 judicare
3623 2943 3760 2998 vita.

2160 3035 2371 3090 Etenim
2393 3035 2445 3089 in
2471 3035 2558 3090 die
2580 3035 2671 3090 illo
2696 3050 2800 3090 non
2825 3037 2999 3090 solum
3024 3034 3093 3090 de
3119 3034 3184 3089 iis
3211 3050 3330 3105 qua:
3372 3048 3470 3089 nos
3497 3034 3752 3104 peccavi-

2163 3142 2300 3192 mus,
2329 3125 2422 3180 sed
2449 3135 2503 3181 ct
2523 3127 2590 3180 de
2613 3127 2695 3192 iis,
2712 3126 2782 3181 ob
2805 3141 2925 3196 qua:
2949 3126 3000 3180 in
3019 3125 3154 3181 alios
3173 3123 3492 3180 sententiam
3513 3124 3762 3189 tulimus,

2160 3218 2380 3272 omnino
2401 3218 2660 3287 judicahit
2687 3232 2786 3272 nos
2816 3218 2974 3272 Deus.
2992 3217 3062 3272 Et
3089 3216 3231 3288 quod
3255 3230 3400 3287 saepe
3425 3225 3612 3270 natura
3635 3215 3765 3273 leve

2163 3317 2439 3378 peccatum
2471 3317 2576 3375 est,
2609 3309 2711 3363 hoc
2736 3322 2898 3379 grave
2925 3315 2979 3363 et
3018 3323 3124 3363 non
3167 3308 3478 3378 ignoscibile
3509 3307 3604 3374 ﬁt,
3627 3306 3762 3362 dum

2163 3412 2391 3468 peccans
2433 3398 2500 3454 de
2541 3399 2647 3453 alio
2669 3398 2893 3470 jndicat.
2937 3398 3098 3454 Forte
3122 3415 3226 3453 non
3253 3399 3383 3454 satis
3423 3399 3592 3454 claret
3614 3400 3763 3469 quod

2161 3489 2415 3556 diximus,
2447 3490 2606 3560 igitur
2625 3491 2822 3546 clarius
2847 3489 3110 3546 dicemus.
3143 3489 3391 3545 Peccavit
3415 3490 3611 3560 aliquis
3641 3531 3656 3554 ,
3703 3500 3766 3545 et

2163 3582 2324 3636 alium
2350 3581 2492 3637 idem
2520 3581 2944 3637 committentem
2970 3589 3245 3651 peccatum
3261 3580 3678 3636 condemnavit:
3711 3581 3762 3637 is

2164 3671 2217 3725 in
2245 3671 2334 3726 die
2376 3670 2470 3725 illo
2509 3671 2665 3726 valde
2688 3687 2873 3726 amaro
2899 3685 3004 3726 non
3032 3686 3150 3726 eam
3177 3685 3389 3741 pinnam
3418 3671 3529 3726 luet
3553 3711 3570 3733 ,
3596 3686 3760 3742 quam

2165 3762 2368 3831 peccati
2400 3771 2584 3816 natura
2602 3763 2863 3832 exposcit,
2881 3762 2975 3818 sed
3002 3763 3258 3833 majorem
3285 3778 3444 3834 quam
3465 3763 3760 3833 duplicem.

2164 3866 2218 3910 et
2235 3855 2495 3925 triplicem
2519 3871 2534 3908 :
2555 3870 2660 3910 non
2677 3855 2820 3910 enim
2839 3855 2980 3926 quod
3005 3855 3117 3925 ipse
3140 3855 3461 3926 peccaverit,
3488 3854 3584 3910 sed
3614 3855 3761 3926 quod

2167 3947 2220 4001 in
2248 3947 2408 4002 alium
2438 3945 2688 4001 similiter
2727 3947 2934 4016 lapsum
2966 3955 3074 4001 tam
3109 3961 3328 4018 gravem
3372 3946 3641 4002 calculum
3673 3955 3759 4002 tu-

2172 4039 2293 4094 lerit
2317 4079 2334 4106 ,
2377 4039 2695 4108 supplicium
2729 4038 2808 4093 illi
2833 4038 3124 4095 destinabit
3167 4039 3326 4095 Deus.
3353 4039 3423 4094 Et
3444 4038 3548 4094 hoc
3571 4054 3755 4094 verum

2167 4145 2305 4194 esse,
2335 4145 2401 4185 ex
2431 4129 2493 4184 iis
2523 4145 2644 4199 qua:
2685 4129 2798 4200 jam
2830 4129 2966 4184 facta
2996 4138 3123 4185 sunt
3148 4139 3202 4186 et
3230 4130 3572 4200 contigerunt
3597 4171 3613 4195 ,
3643 4130 3759 4185 cla-

2167 4224 2314 4285 rius,
2355 4230 2415 4276 ut
2465 4222 2684 4292 promisi
2719 4263 2734 4287 ,
2773 4222 3180 4278 demonstrabo.
3226 4221 3360 4276 Nam
3419 4222 3758 4289 Pharius-us,

2166 4314 2413 4384 quamvis
2441 4314 2554 4384 ipse
2579 4313 2710 4368 nihil
2737 4322 3092 4384 peccaverat,
3123 4313 3218 4369 sed
3248 4322 3300 4369 et
3320 4313 3466 4384 juste
3502 4314 3710 4368 vixerat
3736 4351 3754 4379 ,

2167 4416 2223 4462 et
2252 4407 2415 4461 multa
2450 4407 2519 4462 de
2551 4421 2612 4462 se
2635 4406 2774 4460 bona
2816 4406 3110 4477 praedicare
3161 4414 3408 4476 poterat:
3432 4407 3555 4477 quia
3583 4414 3758 4460 tamen

2170 4499 2510 4570 publicanum
2532 4505 2825 4568 raptorem,
2854 4514 3099 4566 avarum,
3132 4508 3186 4555 et
3213 4498 3606 4569 iniquissimum
3631 4509 3756 4554 :on-

2168 4588 2461 4653 demnavit,
2491 4597 2666 4644 tantas
2693 4587 2840 4645 dedit
2861 4603 3079 4658 poenas,
3109 4598 3168 4644 ut
3193 4589 3260 4642 ad
3289 4587 3613 4658 supplicium
3648 4600 3758 4640 ma~

2167 4680 2276 4751 jus,
2305 4696 2464 4750 quam
2487 4680 2771 4751 publicano
2791 4680 3088 4736 debebatur
3106 4723 3120 4746 ,
3155 4688 3462 4734 reservatus
3493 4678 3563 4733 sit
3587 4678 3607 4748 (
3633 4677 3758 4731 Luc.

2173 4771 2263 4830 18.
2305 4771 2377 4827 10
2399 4802 2428 4813 -
2456 4773 2564 4839 14).
2593 4772 2743 4840 Quod
2771 4773 2816 4826 si
2847 4773 2914 4838 is,
2943 4772 3034 4842 qui
3065 4772 3195 4826 nihil
3221 4771 3456 4840 peccavit
3487 4811 3504 4837 ,
3543 4778 3600 4825 et
3641 4783 3759 4839 poc-

2171 4871 2381 4917 cantem
2431 4861 2630 4926 alium,
2683 4862 2774 4932 qui
2816 4861 3133 4916 manifestus
3175 4871 3292 4916 erat
3334 4860 3584 4916 onmibus
3611 4900 3629 4925 ,
3662 4859 3761 4914 levi

2171 4953 2336 5009 verbo
2363 4952 2772 5018 condemnavit,
2803 4959 3006 5006 tantum
3024 4952 3124 5007 sibi
3150 4953 3369 5006 attraxit
3395 4950 3716 5020 supplicium
3741 4965 3756 5002 :

2173 5041 2266 5117 qui
2297 5045 2516 5100 multum
2557 5043 2796 5115 quotidie
2843 5058 3160 5114 peccamus,
3211 5045 3545 5112 aliorumque
3596 5044 3756 5096 vitam

2173 5137 2599 5193 condemnamus
2617 5179 2632 5201 ,
2663 5138 2826 5191 etiam
2853 5137 2970 5192 aliis
3007 5138 3310 5208 ignotorum
3333 5178 3348 5201 ,
3377 5135 3551 5206 cogita
3591 5149 3764 5203 quan-

2175 5239 2283 5283 tam
2313 5227 2695 5282 sustinebimus
2717 5242 2951 5296 poanam,
2981 5228 3252 5299 quomodo
3272 5229 3417 5282 omni
3441 5227 3596 5281 venia
3624 5226 3767 5280 esci-

2175 5321 2386 5376 demus.
2418 5319 2484 5374 In
2508 5335 2607 5390 quo
2633 5320 2766 5375 enim
2799 5321 2998 5391 judicio
3023 5321 3273 5391 judicatis
3301 5361 3319 5388 ,
3355 5318 3527 5391 inquit
3556 5360 3572 5384 ,
3606 5329 3652 5373 et
3681 5332 3765 5372 vos

2167 5413 2530 5485 judicabimini
2559 5411 2770 5482 (Matth.
2801 5413 2852 5465 7.
2871 5411 2954 5484 2).

2247 5503 2301 5559 ϐ.
2331 5502 2557 5573 Pr0pter
2584 5501 2699 5556 haec
2740 5500 2921 5572 utique
2948 5509 3003 5555 et
3027 5499 3271 5570 supplico
3298 5539 3314 5565 ,
3345 5513 3574 5572 precor,
3605 5507 3661 5555 et
3679 5513 3768 5554 ex-

2179 5597 2388 5662 hortor,
2419 5604 2479 5651 ut
2508 5594 2578 5650 ab
2602 5593 2702 5649 hac
2737 5593 2875 5649 mala
2899 5591 3284 5650 consuetudine
3310 5591 3605 5648 desistatis.
3627 5589 3767 5646 Nihil

2179 5688 2324 5744 enim
2350 5685 2664 5744 nocebimus
2691 5684 3062 5743 sacerdotibus
3079 5725 3097 5755 ,
3121 5683 3317 5756 quibus
3341 5683 3716 5742 maledicimus
3742 5719 3763 5752 ,
