4058 6258
225 299 338 374 2'63

238 417 446 502 Ἀχαάϐ
485 431 692 484 ἐκεῖνον
747 412 904 502 μόνος
957 427 1152 500 ἤλεγξε
1191 429 1326 500 μετὰ
1379 423 1578 500 πολλῆς
1633 421 1906 499 ἀνδρείας.

223 509 394 565 υύδὲν
435 507 547 579 γὰρ
595 505 769 570 οὕτως
815 507 1294 578 ἐλευθεροστομεῖν
1335 507 1778 577 παρασκευάζει,
1817 507 1910 559 καὶ

223 589 452 661 θαρρεῖν
494 590 554 640 ὲν
601 587 774 640 ἅπασι
815 585 994 638 πείθει
1045 587 1160 647 τοῖς
1189 585 1412 648 δεινοῖς,
1459 586 1554 638 καὶ
1603 584 1910 644 ἀναλώτους

1089 321 1154 376 ΙΝ
1189 321 1410 384 ILLUD,
1452 319 1823 377 SALUTATE
1861 317 1894 370 ῐ¹

2012 315 2271 372 CILLAM
2313 319 2400 372 ΕΤ
2437 319 2772 386 ΑΟΗΙῙΑΜ.
2809 321 2870 373 11.
3595 301 3698 364 201

2024 425 2155 498 εἴπῃ
2187 425 2394 488 κακῶς,
2414 425 2509 478 καὶ
2538 425 2636 494 τῆς
2665 421 3030 491 ἀναγνώσεως
3059 423 3168 475 τῶν
3191 422 3350 476 θείων
3380 423 3700 495 ἀπείργεται

2025 512 2275 582 Γραφῶν.
2302 513 2428 568 Ἵνα
2447 513 2502 566 τί
2529 513 2636 584 γὰρ
2663 509 3107 578 ἀναλαμϐάνεις
3133 509 3248 578 τὴν
3271 509 3567 579 διαθήκην
3582 529 3702 580 μου

2021 599 2118 652 διὰ
2153 600 2454 669 στόματός
2485 615 2637 664 σου;
2673 601 2840 669 φησὶν
2871 600 2898 650 6
2927 598 3060 662 Θεός
3079 615 3094 628 ·
3133 593 3256 650 εἶτα
3280 597 3378 668 τὴν
3408 599 3589 652 αἰτίαν
3618 615 3704 652 τι-

222 667 524 762 έργάξεξξιξ
553 665 978 762 καὶ]
1007 663 1914 762 ᾡςὶτθμίιηέξξξξεξίξῆξᾳζξξ,
1937 739 1952 758 ο
2020 685 2164 749 θεὶς,
2197 663 2466 756 ἐπηγαγε⁸
2523 663 2872 753 Καθιῖρετιος
2915 683 3064 738 κατὰ
3111 684 3225 762 τοῦ.
3269 663 3534 752 ἀδελφοῦ
3583 700 3702 738 σου

223 745 526 816 περιϐολήν
553 760 676 798 τινα
705 742 1047 814 πραγμάτων
1089 742 1256 812 ἔχειν.
1286 742 1450 794 ’Ὥστε
1481 741 1534 794 εί
1565 759 1646 814 τις
1671 740 1910 810 βούλοιτο
1937 739 1952 758 ⁸

223 823 426 894 πολλὴν
469 821 772 892 κεκτῆσθαι
803 819 1062 890 δύναμιν,
1107 820 1449 892 ἀσπασάσθω
1489 819 1707 894 πενίαν,
1741 835 1910 871 κατα-

221 887 494 974 φρονέίτω
530 887 642 968 τῆς
681 887 964 968 παρούσης
1029 887 1203 969 ζωῆς,
1264 887 1433 974 μηδὲν
1472 887 1610 952 εἶναι
1645 897 1908 969 νομιζέτω

223 971 476 1034 θάνατον.
521 975 690 1040 Οὗτος
735 976 857 1044 οὐχὶ
901 976 1010 1028 τῶν
1060 977 1308 1046 εὐπόρων
1371 971 1530 1045 μόνον
1553 1018 1568 1040 ,
1625 977 1746 1029 οὐδὲ
1801 975 1908 1028 τῶν

216 1047 532 1130 ἀρχόντων,
573 1055 711 1109 ἀλλὰ
741 1056 838 1107 καὶ
883 1053 1064 1107 αὐτῶν
1107 1055 1217 1108 τῶν
1253 1055 1648 1124 βασιλευόντων
1689 1055 1908 1108 πλείονα

216 1138 319 1201 τὰς
365 1135 692 1205 Ἐκκλησίας
721 1133 1000 1204 ὠφελῆσαι
1036 1131 1188 1204 [188]
1225 1133 1532 1206 δυνήσεται.
1572 1137 1634 1188 υί
1669 1135 1769 1206 μὲν
1798 1135 1908 1204 γὰρ

217 1214 602 1289 βασιλεύοντες
645 1215 742 1269 καὶ
788 1215 838 1268 οἰ
867 1213 1125 1286 εὔποροι,
1157 1216 1258 1268 ὅσα
1307 1215 1376 1270 ἂν
1409 1218 1706 1287 ποιήσωσιν
1728 1257 1744 1280 ,
1799 1218 1906 1271 ἀπὸ

215 1301 522 1371 χρημάτων
579 1297 856 1352 ποιοῦσιν·
904 1299 932 1350 6
982 1297 1040 1350 δὲ
1074 1297 1316 1360 τοιοῦτος
1369 1297 1632 1362 πολλάκις
1675 1301 1769 1354 καὶ
1801 1300 1907 1352 ἀπὸ

215 1378 484 1432 κινδύνων
529 1377 624 1429 καὶ
669 1375 778 1428 ἀπὸ
827 1373 1074 1428 θανάτων
1116 1374 1286 1427 πολλὰ
1315 1377 1408 1428 καὶ
1439 1377 1649 1445 μεγάλα
1689 1378 1906 1430 συνετέ-

214 1455 396 1510 λεσεν.
440 1455 592 1524 Ὂσῳ
619 1453 677 1505 δὲ
725 1453 950 1522 χρυσίου
996 1452 1198 1515 παντὸς
1241 1453 1570 1523 τιμιώτερον
1619 1451 1787 1518 αἷμα,
1819 1473 1905 1508 το-

215 1534 398 1604 σούτῳ
429 1533 653 1603 βελτίων
676 1533 892 1602 ἐκείνης
928 1531 1066 1602 αῦτη
1096 1535 1128 1602 ἡ
1163 1535 1412 1604 εἰσφορά.

287 1619 351 1667 ε’.
371 1611 618 1664 Τοιοῦτοί
645 1629 792 1674 τινες
817 1607 956 1682 ἦσαν
982 1613 1077 1663 καὶ
1106 1606 1252 1664 οὗτοι
1287 1613 1337 1664 οἰ
1365 1611 1582 1665 Παύλου
1619 1611 1900 1682 ξενοδόχοι,

212 1694 248 1758 ἡ
297 1690 604 1762 Πρίσκιλλα
635 1691 728 1742 καὶ
755 1692 783 1742 6
835 1689 1100 1752 Ἀκύλας,
1135 1691 1184 1742 οἳ
1216 1691 1519 1762 χρημάτων
1556 1693 1655 1762 μὲν
1681 1709 1746 1744 πε
1759 1710 1904 1764 ριου-

213 1759 470 1824 σίαν-οὐκ
499 1765 678 1839 εἶχον,
711 1766 941 1820 πλούτου
995 1766 1053 1820 δὲ
1101 1759 1733 1841 παντδςίεὺπορωτέραν
1759 1759 1900 1824 ἐκέ-

211 1866 420 1919 κτηντο
463 1847 726 1917 γνώμην,
765 1845 886 1899 καθ’
938 1843 1178 1916 ἐκάστην
1235 1847 1625 1901 ἀποθανεῖσθαι
1679 1849 1900 1920 προσδο⁴

213 1930 422 1992 κῶντες
445 1929 682 2000 ἡμέραν,
711 1928 804 1980 καὶ
834 1929 892 1980 ἐν
919 1930 1156 1996 σφαγαῖς
1186 1929 1280 1980 καὶ
1315 1929 1512 1999 αἵμασι
1547 1929 1778 1994 ζῶντες,
1810 1931 1904 1984 καὶ

210 2009 302 2062 διὰ
336 2009 538 2070 παντὸς
580 2005 984 2078 μαρτυροῦντες
1035 2005 1129 2058 τοῦ
1177 2007 1390 2077 χρόνου.
1427 2008 1526 2060 Διά
1567 2007 1726 2062 τοῦτο
1751 2009 1901 2079 ἤνθει

209 2089 282 2142 τὰ
315 2089 560 2160 ἡμέτερα
598 2087 740 2139 κατὰ
781 2085 908 2148 τοὺς
947 2087 1174 2154 καιροὺς
1211 2087 1455 2150 ἐκείνους
1477 2125 1490 2146 ,
1517 2088 1599 2139 ὅτι
1629 2087 1770 2140 οὕτω
1803 2089 1902 2157 μὲν

209 2170 264 2221 οἰ
298 2167 543 2238 μαθηταὶ
559 2167 672 2228 τοῖς
701 2163 1064 2227 διδασκάλοις,
1093 2163 1237 2217 οὕτω
1265 2163 1322 2216 δὲ
1355 2169 1402 2217 οἱ
1423 2166 1736 2218 διδάσκαλοι
1773 2185 1900 2220 συν-

207 2245 456 2299 εδέδεντο
483 2247 596 2302 τοῖς
643 2242 932 2312 μαθηταῖς.
973 2243 1049 2294 Οὐ
1095 2242 1204 2312 γὰρ
1242 2243 1304 2312 δὴ
1349 2245 1477 2314 περὶ
1502 2245 1708 2298 τούτων
1743 2245 1900 2316 μόνον

209 2325 382 2394 φησὶν
423 2324 454 2375 6
503 2321 744 2384 Παῦλος,
773 2322 910 2374 ἀλλά
953 2322 1050 2374 καὶ
1091 2321 1222 2390 περὶ
1273 2322 1476 2392 ἐτέρων
1529 2323 1759 2377 πολλῶν.
1793 2326 1902 2378 Καὶ

207 2405 324 2474 γάρ
355 2402 632 2474 Ἑϐραίοις
664 2401 758 2454 καὶ
779 2399 1234 2454 Θεσσαλονικεῦσι
1255 2401 1482 2471 γράφων
1503 2403 1598 2454 καὶ
1611 2403 1898 2466 Γαλάταις,

209 2486 418 2554 πολλὴν
461 2485 636 2538 ἅπασι
665 2484 932 2552 μαρτυρεῖ
961 2480 1284 2551 πειρασμῶν
1312 2481 1608 2554 ἐπαγωγὴν
1627 2523 1644 2546 ,
1675 2483 1768 2536 καὶ
1795 2483 1902 2536 δεί-

209 2583 375 2620 κνυσι
403 2567 470 2618 δι’
501 2557 576 2618 ὧν
623 2562 944 2616 ἐπέστελλεν
962 2601 975 2623 ,
1003 2561 1084 2614 ὅτι
1114 2563 1208 2614 καὶ
1231 2561 1523 2630 ἠλαύνοντο
1555 2564 1648 2616 καὶ
1677 2563 1777 2633 τῆς
1799 2582 1902 2618 πα-

208 2646 394 2718 τρίδος
429 2643 721 2710 ἐξέπιπτον
739 2683 752 2704 ,
791 2641 886 2694 καὶ
908 2639 1006 2703 τὰς
1036 2639 1222 2702 ούσίας
1242 2640 1523 2693 ἀπώλλυον
1546 2681 1558 2704 ,
1580 2644 1673 2695 καὶ
1709 2643 1902 2715 μέχρις

209 2717 380 2777 αὑτοῦ
404 2722 494 2774 τοῦ
513 2721 744 2791 αἵματος
763 2717 1127 2772 ἐκινδύνευον·
1149 2719 1243 2770 καὶ
1256 2718 1398 2781 ἄπας
1416 2721 1708 2788 ἐναγώνιος
1721 2723 1902 2784 αὐτοῖς

209 2803 241 2854 6
272 2803 388 2873 βίος
419 2797 510 2872 ἦν,
533 2801 627 2854 καὶ
662 2798 802 2851 αὐτὰ
823 2798 878 2850 δὲ
908 2797 1426 2868 ἀκρωτηριασθῆναι
1457 2799 1523 2851 τὰ
1552 2801 1686 2870 μέλη
1713 2801 1812 2853 οὐκ
1836 2800 1902 2854 ἂν

211 2881 360 2950 ὑπὲρ
385 2879 492 2932 τῶν
523 2877 860 2931 διδασκάλων
891 2877 1295 2947 παρῃτήσαντο.
1329 2877 1452 2939 Τοῖς
1475 2878 1604 2943 γοῦν
1635 2877 1903 2940 Γαλάταις

211 2959 550 3015 ἐπιστέλλων
599 2959 752 3025 ἔλεγε
773 2973 788 2988 ⁶
826 2955 1120 3024 Μαρτυρεῖ)
1153 2955 1264 3024 γὰρ
1301 2956 1462 3023 ὑμῖν.
1499 2956 1608 3012 ὅτι.
1639 2960 1690 3010 εί
1723 2957 1904 3010 δυνα-

209 3041 344 3106 τὸν,
369 3041 512 3107 τοὺς
536 3039 884 3110 ὀφθαλμοὺς
915 3038 1082 3108 ὑμῶν
1115 3039 1512 3106 ἐξορύξαντες
1549 3037 1626 3092 ἂν
1647 3040 1903 3093 ἐδώκατέ

207 3137 334 3190 you
370 3121 477 3173 Καὶ
495 3121 586 3172 τὸν
629 3121 912 3188 Ἐπαφρᾶν
945 3119 1000 3172 δὲ
1025 3118 1116 3170 τὸν
1142 3120 1198 3170 ἐν
1231 3117 1531 3180 Κολοσσαῖς
1560 3119 1651 3171 ἐπὶ
1671 3122 1784 3183 τοῖς
1807 3121 1902 3173 αύ-

207 3207 328 3266 τυῖς
345 3203 670 3272 ἀποδέχεται
693 3203 876 3264 πάλιν,
901 3200 1090 3266 εἰπὼν,
1115 3202 1196 3254 ὅτι
1235 3201 1568 3268 Ἦσθέ-νησε
1595 3203 1903 3272 παραπλή-

211 3297 358 3335 σιον
379 3281 642 3334 θανάτου
665 3323 677 3346 ,
696 3281 793 3334 καί
818 3281 1088 3347 ἠλέησεν
1113 3280 1301 3333 αὑτὸν
1327 3283 1359 3333 ὀ
1386 3279 1551 3344 Θεὸς,
1583 3284 1692 3334 οὐκ
1715 3283 1902 3335 αὐτὸν

211 3363 512 3432 δὲμόνον,
539 3364 698 3417 ἀλλὰ
724 3363 824 3416 καὶ
852 3362 977 3432 ἐμὲ,
996 3365 1094 3416 ἵνα
1121 3362 1538 3432 μὴλύττηνέπί
1561 3364 1727 3430 λύπῃ
1745 3363 1895 3432 σχῶ.

215 3442 376 3496 οὓτω
415 3441 474 3494 δὲ
516 3437 638 3494 εἷπε
681 3441 896 3504 δεικνὺς
917 3479 932 3502 ,
977 3441 1058 3493 ὅτι
1086 3439 1310 3503 δικαίως
1339 3440 1564 3510 ἔμελλεν
1598 3442 1782 3513 ἀλγεῖν
1809 3443 1901 3494 ἐπὶ

217 3523 284 3590 τῇ
309 3519 538 3590 τελευτῇ
561 3517 655 3572 τοῦ
683 3517 946 3589 μαθητοῦ.
985 3519 1092 3570 Καὶ
1118 3517 1218 3589 τὴν
1245 3519 1446 3588 ἀρετὴν
1472 3518 1527 3571 δὲ
1551 3519 1714 3571 αὐτοῦ
1739 3519 1900 3572 πάλιν

213 3589 556 3653 ἐκκαλύπτει
614 3600 810 3661 πᾶσιν,
841 3597 1040 3649 οὑτωσὶ
1075 3596 1278 3664 λέγων,
1317 3598 1398 3648 ὅτι
1451 3598 1692 3667 Ἡγγισε
1723 3589 1900 3667 μέχρι

216 3681 482 3738 θανάτου
506 3678 1156 3749 παραϐοιλευσάμενος
1177 3677 1251 3748 τῇ
1277 3677 1477 3747 ψυχῇ,
1502 3680 1601 3732 ἵνα
1631 3681 1902 3748 ἀναπλη-

209 3764 384 3832 ρώσῃ
425 3760 508 3832 τὸ.
531 3757 698 3828 ὑμῶν
735 3758 1044 3826 ὑστέρημα
1088 3756 1197 3824 τῆς
1228 3759 1378 3824 πρός
1407 3773 1483 3825 με
1505 3760 1896 3826 λειτουργίας.

215 3829 283 3894 Τί
309 3829 510 3909 γένοιτ⁴
545 3837 608 3893 ἂν
639 3837 864 3890 ἐκείνων
895 3835 1328 3908 μακαριώτερον,
1351 3837 1404 3888 τί
1433 3837 1489 3888 δὲ
1514 3837 1670 3906 ἡμῶν
1710 3835 1900 3890 ἀθλιώ-

215 3937 455 3995 τερονι;
491 3923 544 3976 εἴ
565 3939 628 3991 γε
661 3923 859 3974 ἐκεῖνοι
907 3921 1008 3991 μὲν
1046 3921 1141 3974 καὶ
1177 3920 1239 3972 τὸ
1267 3913 1406 3990 αἷμα
1427 3959 1440 3980 ,
1475 3922 1570 3972 καὶ
1597 3919 1695 3990 τὴν
1720 3923 1898 3992 ψυχὴν

217 4004 358 4074 ὑπὲρ
401 4003 512 4055 τῶν
549 4001 885 4054 διδασκάλων
925 3995 1209 4070 προῖεντο,
1266 3999 1429 4069 ἡμεῖς
1472 3997 1529 4051 δὲ
1567 3999 1689 4051 οὐδὲ
1747 4003 1898 4071 ῥῆμα

213 4083 370 4153 ψιλὸν
412 4081 674 4143 πολλάκις
711 4077 978 4152 προέσθαι
1017 4078 1304 4149 τολμῶμεν
1354 4077 1492 4148 ὑπὲρ
1539 4077 1648 4130 τῶν
1705 4080 1898 4134 κοινῶν

217 4159 506 4228 πατέρων,
555 4158 693 4211 ἀλλὰ
747 4157 1036 4219 ἀκούοντες
1083 4157 1280 4219 αὐτοὺς
1333 4153 1895 4226 βλασφημουμένους,

216 4241 660 4314 λοιδορουμένους
691 4240 879 4303 κακῶς
909 4239 1002 4292 καὶ
1037 4239 1186 4310 παρὰ
1215 4238 1324 4291 τῶν
1365 4237 1583 4290 οἰκείων
1616 4239 1710 4290 καὶ
1746 4240 1899 4312 παρὰ

213 4320 326 4374 τῶν
365 4319 694 4391 ἀλλοτρίων,
723 4319 823 4372 οὐκ
864 4317 1292 4388 ἐπιστομίςομεν
1332 4317 1460 4380 τοὺς
1498 4315 1786 4385 λέγοντας,
1836 4319 1895 4372 οὐ

216 4403 524 4474 κωλύομεν,
553 4403 655 4456 οὐκ
685 4403 1002 4473 ἐλέγχομεν.

287 4497 418 4551 Εἴθε
457 4497 557 4567 μὲν
594 4491 689 4550 οῦν
719 4497 794 4568 μὴ
822 4497 977 4549 αὐτοὶ
1001 4496 1099 4567 τῆς
1131 4494 1469 4566 κακηγορίας
1496 4496 1740 4566 ἤρχομεν
1764 4495 1896 4548 ταύ-

217 4594 336 4648 της.
381 4577 517 4629 Νυνὶ
569 4576 626 4629 δέ
670 4577 732 4629 οὐ
770 4575 1012 4630 τοσαῦτα
1054 4576 1206 4645 παρά
1261 4575 1368 4628 τῶν
1410 4575 1655 4628 ἀπίστων
1708 4575 1896 4646 σκώμ-

219 4678 370 4732 ματα
403 4661 498 4712 καὶ
543 4659 742 4728 ὀνείδη,
796 4659 896 4712 ὅσα
938 4657 1091 4728 παρὰ
1138 4657 1245 4710 τῶν
1297 4657 1595 4710 δοκούντων
1632 4654 1770 4710 εἰναι
1807 4665 1896 4711 πι-

219 4731 365 4794 στῶν
398 4740 494 4792 καὶ
525 4737 645 4810 μεθ’
669 4737 826 4810 ἡμῶν
850 4737 1110 4808 τετάχθαι
1139 4731 1404 4808 γινόμενα
1429 4738 1511 4800 εἰς
1544 4739 1668 4800 τοὺς
1701 4739 1896 4808 ἄρχον-

213 4845 316 4890 τας
355 4827 458 4880 ἴδοι
490 4843 574 4889 τις
600 4826 685 4880 ἄν.
722 4826 845 4879 Ἔτι
874 4821 966 4879 οῦν
989 4826 1294 4898 ζητήσομεν
1321 4817 1484 4878 πόθεν
1528 4825 1772 4897 ῥᾳθυμία
1809 4843 1897 4879 το-

218 4915 398 4985 σαύτη
417 4917 514 4968 καὶ
540 4913 828 4978 εὐλαϐείας
849 4911 1121 4984 ὑπεροψία
1140 4913 1384 4982 γέγονεν,
1405 4913 1534 4967 ὅταν
1553 4907 1726 4977 οὕτως
1746 4907 1896 4985 ὦμεν

213 5001 478 5073 ἀπεχθῶς
515 4999 653 5072 πρὸς
691 5003 818 5066 τοὺς
865 5001 1109 5072 πατέρας
1156 4995 1490 5071 διακείμενοι
1537 5001 1664 5063 τοὺς
1698 5001 1896 5073 ἡμετέ-

217 5107 385 5162 ρουςς
421 5090 498 5143 Οὐ
528 5089 638 5160 γάρ
663 5089 834 5154 ἐστιν,
865 5090 966 5142 οὐκ
999 5088 1148 5141 ἐστιν
1194 5088 1369 5150 οὐδὲν,
1415 5087 1444 5140 ὃ
1471 5088 1772 5143 καταλῦσαι
1799 5089 1894 5142 καὶ

211 5175 530 5245 διαφθεῖραι
563 5175 895 5248 Ἐκκλησίαν
927 5175 1130 5229 δύναιτ’
1163 5174 1248 5238 ἂν,
1282 5175 1482 5245 μᾶλλον
1509 5175 1566 5227 δὲ
1604 5177 1706 5228 οὐκ
1749 5175 1894 5230 ἔστιν

211 5264 363 5320 οὕτω
395 5264 652 5332 γενέσθαι
693 5263 855 5318 τοῦτο
901 5263 1197 5336 ἀλλαχόθεν
1228 5263 1448 5335 ῥαδίως,
1481 5263 1652 5332 ἀλλ’ἢ
1685 5265 1810 5318 ὅταν
1843 5268 1894 5321 οἰ

213 5351 466 5424 μαθηταὶ
499 5353 614 5416 τοῖς
637 5351 1002 5413 διδασκάλοις,
1031 5351 1124 5402 καὶ
1151 5353 1262 5414 τοῖς
1301 5349 1572 5420 πατράσιν
1604 5352 1651 5402 οἱ
1685 5351 1890 5415 παῖδες,

213 5439 311 5497 καὶ
355 5441 472 5503 τοῖς
521 5439 783 5510 ἄρχουσιν
830 5441 882 5492 οἰ
921 5439 1213 5511 ἀρχόμενοι
1261 5438 1336 5507 μὴ
1381 5436 1518 5505 μετά
1561 5437 1761 5506 πολλῆς
1792 5433 1893 5491 ὦσι

214 5527 592 5597 συνδεδεμένοι
612 5525 714 5586 τῖπς
741 5525 1046 5597 ἀκριϐείας.
1081 5521 1216 5580 Εἶτα
1231 5525 1296 5580 ἂν
1326 5525 1422 5595 μέν
1451 5523 1540 5578 τὸν
1561 5523 1789 5594 ἀδελφόν
1807 5543 1892 5589 τις

211 5696 1288 5812 ...ἐξέπιεςξὲἓιξιὲῗὲξῖξθεεῑεέίξξιῖεξη
1305 5699 1356 5746 ⁵η
1382 5696 1554 5746 ’“°"°‘-
1585 5695 1682 5746 εθδ
1704 5696 1863 5748 ι’ίὼυο

639 5855 912 5920 ΡΔτιιοι..
957 5851 1074 5917 Gn.
1121 5853 1220 5917 LI.

2020 772 2396 838 κατελὰλεις.
2454 771 2606 845 [189]
2640 773 2743 826 Τὸν
2794 759 3166 842 πνευματικὸν
3203 759 3260 824 δὲ
3311 771 3527 842 πατέρα
3571 777 3704 836 κάτ-

2017 859 2256 930 ηγορῶν,
2287 859 2436 925 ἀξιον
2462 855 2602 913 εἶναι
2633 857 2874 930 νομίζεις
2903 857 3100 912 σαυτὸν
3122 859 3379 930 ἐπιϐῆναι
3407 860 3514 912 τῶν
3537 859 3702 930 ίερῶν

2021 946 2347 1018 προθύρων;
2378 945 2489 1000 Καὶ
2527 945 2646 1010 πῶς
2681 945 2746 998 ἂν
2775 945 2890 1016 ἔχοι
2921 945 3110 1014 λόγον;
3155 947 3217 998 Εἰ
3246 945 3355 1014 γὰρ
3387 948 3436 998 οί
3470 945 3700 999 κακολο-

2019 1037 2244 1103 γοῦντες
2297 1037 2509 1106 πατέρα
2557 1036 2590 1106 ἢ
2646 1037 2859 1107 μητέρα
2901 1035 3120 1106 θανάτῳ
3170 1033 3490 1098 τελευτῶσι,
3539 1031 3701 1098 ποίας

2053 1124 2167 1188 ξιος
2213 1123 2365 1176 έσται
2411 1123 2569 1194 δίκης
2622 1125 2651 1174 6
2697 1122 2788 1176 τὸν
2837 1121 3018 1192 πολλῷ
3062 1122 3170 1175 τῶν
3218 1122 3421 1190 γονέων
3471 1111 3698 1175 ἐκείνων

2016 1211 2437 1281 ἀναγκαιότερον
2465 1210 2594 1264 ὄντα
2631 1210 2726 1263 καὶ
2771 1209 2964 1279 βελτίω
3009 1209 3226 1281 τολμῶν
3261 1195 3440 1278 λέγειν
3479 1209 3696 1274 κακῶς;

2021 1299 2132 1352 Καὶ
2165 1300 2226 1353 οὐ
2257 1299 2484 1365 δέδοικε,
2519 1300 2729 1369 μήποτε
2755 1298 3020 1351 διαστᾶσα
3049 1299 3082 1368 ἡ
3113 1297 3186 1367 γῆ
3221 1295 3503 1360 παντελῶς
3535 1297 3698 1350 αὐτὸν

2015 1387 2279 1458 ἀφανίσῃ,
2317 1386 2350 1458 ἢ
2383 1386 2624 1456 σκηπτὸς
2653 1385 2861 1440 ἄνωθεν
2895 1385 3242 1456 κατενεχθεὶς
3266 1385 3574 1458 καταφλέξῃ
3598 1387 3697 1458 τὴν

2015 1476 2322 1546 κατήγορον
2349 1473 2632 1541 γλῶτταν;
2667 1473 2781 1526 Ούκ
2809 1473 3049 1541 ἤκουσας
3079 1471 3132 1524 τί
3173 1472 3438 1525 πέπονθεν
3465 1475 3498 1544 ἡ
3529 1465 3698 1528 Μωῦο

2016 1559 2154 1622 σέως
2204 1559 2408 1629 ἀδελφὴ
2437 1557 2774 1610 κατειποῦσα
2799 1556 2892 1608 τοῦ
2923 1557 3212 1628 ἀρχοντοςς
3241 1557 3358 1632 πῶς
3385 1559 3697 1630 ἀκάθαρτος

2013 1645 2225 1714 γέγονε,
2243 1647 2337 1698 καὶ
2355 1647 2434 1708 εἰς
2460 1645 2670 1715 λέπραν
2693 1645 2936 1707 ἐνέπεσε,
2966 1645 3059 1697 καὶ
3083 1644 3180 1716 τὴν
3203 1644 3440 1716 ἐσχάτην
3465 1646 3696 1716 ὑπέμει-

2011 1750 2102 1785 νεν
2131 1732 2391 1803 ἀτιμίαν,
2433 1732 2530 1785 καὶ
2568 1731 2663 1784 τοῦ
2717 1731 2949 1801 ἀδελφοῦ
2983 1732 3433 1804 παρακαλοῦντος
3475 1735 3569 1787 καὶ
3615 1734 3696 1805 τῷ

2012 1819 2132 1890 Θεῷ
2185 1821 2622 1890 προσπίπτοντος
2641 1854 2656 1884 ,
2699 1820 2956 1890 οὐδεμιᾶς
2984 1819 3143 1889 ἔτυχε
3179 1819 3530 1890 συγγνώμης,
3559 1807 3697 1876 ἀλλὰ

2013 1907 2111 1960 καὶ
2159 1907 2433 1977 ὲκθεμένη
2465 1907 2556 1960 τὸν
2591 1907 2745 1974 ἅγιον
2772 1908 3000 1970 ἐκεῖνον,
3035 1907 3128 1960 καὶ
3159 1891 3295 1976 πρὸς
3333 1906 3432 1977 τὴν
3465 1909 3696 1977 ἀνατρο-

2012 1993 2119 2064 φῆν
2177 1993 2338 2046 αὐτοῦ
2390 1994 2789 2057 συντελέσασα,
2848 1995 2942 2047 καὶ
2979 1994 3126 2056 ὅπως
3171 1995 3204 2064 ἡ
3259 1995 3444 2066 μήτηρ
3486 1980 3696 2063 γένοιτο

2011 2081 2210 2153 τροφὸς
2233 2121 2248 2145 ,
2283 2082 2378 2135 καὶ
2413 2081 2489 2152 μὴ
2523 2082 2582 2134 ἐν
2629 2079 2939 2152 βαρϐαρικῇ
2973 2081 3118 2152 χειρὶ
3159 2083 3340 2152 τραφῇ
3377 2081 3438 2134 τὸ
3483 2081 3694 2136 παιδίον

2011 2169 2249 2240 ἐξαρχῆς
2284 2169 2686 2240 συμπράξασα,
2724 2169 2818 2222 καὶ
2862 2169 3000 2239 μετὰ
3045 2168 3220 2222 ταῦτα
3260 2171 3692 2242 στρατηγήσασα

2009 2257 2106 2310 τοῦ
2142 2257 2454 2326 γυναικείου
2498 2257 2692 2325 γένους
2715 2299 2730 2322 ,
2761 2255 3016 2326 καθάπερ
3060 2256 3303 2328 Μωῦσῆς
3328 2257 3420 2308 τοῦ
3452 2257 3558 2310 τῶν
3599 2259 3694 2311 ἀν-

2009 2345 2172 2417 δρῶν,
2205 2349 2299 2400 καί
2326 2347 2504 2400 πάντα
2535 2345 2988 2416 συνδιενεγκοῦσα
3024 2344 3094 2398 τὰ
3131 2345 3302 2410 δεινὰ,
3348 2347 3442 2400 καὶ
3485 2347 3692 2418 ἀδελφὴ

2012 2434 2292 2497 Μωῢσέως
2320 2431 2474 2497 οὖσα,
2516 2435 2670 2488 οὐδὲν
2699 2435 2852 2505 ὅμως
2884 2433 2992 2486 ἀπὸ
3024 2433 3228 2506 τούτων
3260 2435 3514 2506 ἁπάντων
3541 2423 3694 2504 ἐκέρ-

2009 2520 2168 2574 δανεν
2199 2521 2279 2583 εἰς
2309 2519 2369 2572 τὸ
2397 2520 2684 2589 διαφυγεῖν
2725 2520 2826 2591 τὴν
2869 2518 3039 2590 ὀργὴν
3069 2505 3162 2572 τοῦ
3191 2521 3324 2572 Θεοῦ
3359 2505 3452 2572 ἐπὶ
3491 2523 3556 2590 τῇ
3587 2527 3690 2574 κάη

2023 2608 2289 2679 κηγορίᾳ;
2327 2606 2440 2660 ἀλλ’
2463 2609 2490 2660 ὁ
2518 2607 2760 2678 Μωῦσῆς
2783 2645 2798 2669 ,
2824 2609 2853 2660 6
2879 2605 3133 2662 τοσοῦτον
3159 2607 3292 2676 λαὸν,
3321 2607 3690 2679 ἐξαιτησάμεο

2011 2712 2100 2759 νος
2135 2695 2271 2766 μετά
2303 2699 2402 2767 τὴν
2429 2695 2636 2764 ἄφατον
2666 2694 2922 2748 ἀσέϐειαν
2949 2695 3166 2767 ἐκείνην
3184 2737 3199 2761 ,
3246 2690 3400 2759 οὗτος
3427 2697 3566 2767 ὑπὲρ
3589 2698 3692 2766 τῆς

2011 2783 2248 2852 ἀδελφῆς
2283 2783 2642 2852 προσπίπτων
2686 2784 2782 2836 καὶ
2817 2781 3150 2852 συγγνώμην
3179 2783 3366 2846 αἰτῶν,
3403 2785 3503 2837 ούκ
3537 2785 3688 2856 ἴσχυ-

2014 2889 2106 2924 σεν
2138 2870 2263 2922 ἵλεω
2307 2871 2531 2939 ποιῆσαι
2575 2871 2664 2922 τὸν
2709 2867 2863 2932 Θεὸν,
2907 2869 3043 2922 ἀλλά
3089 2870 3182 2922 καὶ
3221 2873 3517 2941 ἐπετιμᾶτο
3561 2890 3690 2941 σιρο-

2011 2957 2153 3028 δρῶς
2173 2973 2186 2986 ·
2227 2956 2316 3010 ἴνα
2351 2955 2612 3025 μάθωμεν
2643 2959 2806 3026 ἡμεῖς
2831 2959 2954 3010 ὅσον
2977 2959 3146 3010 κακόν
3174 2961 3310 3016 ἐστι.
3349 2960 3410 3012 τὸ
3435 2961 3561 3022 τοὺς
3591 2961 3691 3032 ἄρ-

2011 3061 2206 3114 χοντας
2242 3043 2420 3111 λέγειν
2459 3043 2682 3107 κακῶς,
2735 3043 2832 3098 καὶ
2872 3046 2997 3108 τοὺς
3041 3045 3244 3116 ἐτέρων
3277 3047 3483 3117 κρίνειν
3517 3047 3688 3117 βίους.

2013 3132 2122 3184 Καὶ
2149 3131 2258 3202 γάρ
2294 3131 2386 3182 ἐπὶ
2415 3131 2512 3199 τῆς
2541 3131 2756 3200 ἡμέρας
2785 3133 3025 3202 ἐκείνης,
3057 3133 3159 3185 ούκ
3191 3133 3283 3202 ἀφ’
3327 3129 3400 3186 ὧν
3439 3117 3690 3204 ἁμαρτά-

2011 3235 2174 3290 νομεν
2206 3217 2382 3289 μόνον,
2404 3216 2535 3270 ἀλλά
2557 3218 2646 3268 καί
2671 3215 2760 3286 ἀφ’
2789 3211 2863 3272 ὧν
2901 3219 3112 3290 ἑτέροις
3138 3220 3545 3291 ἐψηφισάμεθα,
3566 3240 3690 3292 κρι-

2009 3311 2091 3360 νεῖ
2115 3305 2332 3366 πάντως
2359 3305 2492 3376 ἡμῖν
2524 3307 2553 3358 6
2579 3305 2740 3370 Θεός·
2789 3307 2881 3360 καὶ
2908 3307 3168 3371 πολλάκις
3199 3307 3226 3360 ὃ
3258 3310 3326 3378 τῇ
3364 3308 3526 3376 φύσει
3561 3313 3690 3362 κοῦ-

2011 3389 2109 3458 φόν
2147 3391 2296 3442 ἐστιν
2324 3388 2652 3459 ἁμάρτημα,
2705 3388 2866 3442 τοῦτο
2898 3389 3133 3460 χαλεπὸν
3177 3391 3272 3444 καί
3306 3391 3688 3460 ἀσύγγνωστον

2009 3477 2254 3543 γίγνεται
2279 3477 2344 3545 τῇ
2375 3473 2468 3526 τοῦ
2489 3475 2898 3546 ἁμαρτάνοντος
2926 3493 2993 3528 πε
3004 3477 3056 3546 ρὶ
3084 3477 3273 3550 ἐτέρου
3301 3479 3503 3548 κρίσει.
3535 3479 3688 3552 Τάχα

2009 3563 2219 3630 ἀσαφὲς
2249 3563 2311 3615 τὸ
2351 3561 2641 3634 εἰρημένον
2661 3575 2674 3590 ⁸
2705 3562 2901 3614 οὐκοῦν
2935 3563 3069 3616 αὐτὸ
3107 3564 3277 3632 σαφὲς
3311 3565 3538 3634 ποιῆσαι
3568 3584 3689 3618 πει-

2013 3651 2268 3720 ράσομαι.
2299 3647 2556 3718 ’Ἢμαρτέ
2587 3665 2702 3712 τιςο
2739 3649 2928 3718 ἕτερον
2955 3651 3341 3724 ἁμαρτάνοντα
3383 3653 3482 3724 τὴν
3519 3645 3689 3724 αὑτὴν

2009 3733 2285 3804 ἁμαρτίαν
2317 3731 2640 3785 κατεδίκασε
2669 3731 2933 3802 σφοδρῶς.
2975 3734 3064 3786 Ἐν
3095 3737 3161 3805 τῇ
3195 3723 3377 3807 ἡμέρα
3409 3723 3592 3808 ἐκείνῃ
3624 3723 3685 3789 οὐ

2008 3821 2280 3892 τοσαύτην
2306 3821 2605 3874 ἐπισπᾶται
2635 3819 2880 3880 κόλασιν,
2923 3821 3056 3892 ὅσην
3099 3825 3133 3892 ἡ
3173 3824 3336 3891 φύσις
3370 3825 3468 3893 τῆς
3514 3825 3688 3896 ἁμαρ-

2008 3909 2130 3970 τίας
2159 3909 2419 3971 ἀπαιτεῖ,
2453 3906 2730 3972 ἀλλὰκαὶ
2775 3907 3100 3984 διπλασίονα
3127 3909 3306 3978 πολλῴ
3337 3912 3430 3962 καὶ
3459 3910 3684 3979 τριπλα-

2011 3995 2162 4048 σίονα
2183 4012 2196 4024 ·
2229 3996 2290 4046 ού
2325 3995 2436 4066 γὰρ
2465 3995 2559 4064 ἀφ’
2591 3989 2667 4050 ὧν
2707 3995 2870 4058 αὐτὸς
2899 3995 3170 4067 ἥμαρτεν,
3197 3995 3311 4048 ἀλλ’
3345 3997 3439 4065 ἀφ’
3471 3989 3545 4049 ὧν
3571 3997 3688 4050 ἓτε-

2010 4101 2104 4156 ρον
2133 4083 2518 4155 ἁμαρτάνοντα
2562 4085 2632 4138 τὰ
2676 4083 2816 4136 αὐτὰ
2850 4083 3102 4155 χαλεπῶς
3130 4085 3378 4147 ἐκόλασε,
3401 4085 3686 4155 ψηφιεῖται

2007 4172 2156 4244 αὐτῷ
2185 4172 2282 4243 τὴν
2310 4173 2582 4244 τιμωρίαν
2604 4173 2634 4225 6
2663 4172 2816 4236 Θεός.
2857 4172 2965 4226 Καὶ
2991 4173 3071 4226 ὅτι
3103 4171 3264 4226 τοῦτό
3287 4175 3434 4226 ἐστιν
3463 4159 3681 4242 ἅληθές,

2006 4260 2114 4314 ἀπὸ
2157 4259 2267 4314 τῶν
2308 4259 2692 4330 γεγενημένων
2731 4261 2826 4314 καὶ
2871 4260 3173 4325 ἐκϐάντων,
3217 4245 3503 4332 μειζόνως.
3545 4262 3684 4329 ὅπερ

2009 4347 2323 4417 ὑπεσχόμην
2373 4347 2523 4416 ὑμῖν,
2570 4347 2704 4400 αὐτὸ
2753 4345 2965 4418 ποιήσω
3017 4348 3348 4415 καταφανές.
3407 4349 3464 4402 ’0
3513 4350 3684 4420 Φαρι-

2009 4437 2180 4497 σαῖος,
2221 4434 2396 4487 καίτοι
2425 4449 2490 4500 γε
2522 4434 2687 4496 αὐτὸς
2717 4433 2868 4486 οὐδὲν
2897 4435 3182 4506 ἁμαρτὼν,
3215 4436 3352 4490 ἀλλὰ
3383 4435 3477 4488 καὶ
3515 4437 3574 4487 ἐν
3605 4437 3685 4488 δι-

2006 4522 2266 4592 καιοσύνῃ
2303 4519 2494 4591 ζήσας,
2529 4521 2624 4573 καὶ
2671 4521 2846 4574 πολλά
2873 4521 3010 4592 ἔχων
3042 4521 3446 4593 κατορθώματα
3486 4525 3681 4584 εἰπεῖν,

2007 4607 2196 4678 ἐπειδὴ
2243 4609 2336 4660 τὸν
2377 4605 2637 4678 τελώνην,
2678 4607 2770 4660 τὸν
2805 4609 3030 4679 ἅρπαγα
3073 4610 3165 4661 καὶ
3211 4609 3539 4679 πλεονέκτην
3589 4613 3683 4664 καὶ

2007 4693 2468 4765 παρανομώτατον
2501 4693 2847 4760 κατεδίκασε,
2879 4695 3150 4766 τοσαύτην
3195 4696 3363 4749 ἔδωκε
3395 4697 3574 4767 δίκην,
3605 4697 3680 4759 ώς

2005 4785 2214 4838 ἐκείνου
2250 4781 2458 4852 μείζονι
2492 4783 2776 4854 τηρεῖσθαι
2817 4783 3056 4838 κολάσει.
3110 4785 3173 4836 Εἰ
3219 4784 3276 4838 δὲ
3303 4787 3333 4838 6
3366 4785 3532 4855 μηδὲν
3583 4786 3682 4855 μὲν

2004 4868 2268 4941 ἁμαρτὼν
2295 4869 2458 4932 αὐτὸς
2483 4909 2498 4935 ,
2533 4869 2920 4940 ἁμαρτάνοντα
2945 4871 3002 4924 δὲ
3040 4871 3227 4942 ἕτερον
3270 4871 3364 4924 καὶ
3403 4873 3680 4942 περιφανῆ

2005 4959 2170 5010 πᾶσιν
2197 4957 2288 5010 ἐπὶ
2321 4957 2692 5027 παρανομίαις
2719 4957 2868 5020 δντα,
2896 4959 3102 5030 ῥήματι
3139 4959 3282 5028 ψιλῷ
3309 4959 3678 5023 καταδικάσας

2004 5047 2271 5117 τοσαύτην
2314 5045 2666 5100 ἐπεσπάσατο
2703 5045 2947 5111 κόλασιν,
2980 5050 3028 5101 οί
3058 5048 3226 5101 πολλά
3269 5048 3368 5118 μὲν
3399 5047 3523 5100 καθ’
3547 5049 3676 5100 ἐκά-

2006 5141 2137 5205 στην
2171 5129 2384 5205 ἡμέραν
2409 5132 2838 5204 ἁμαρτάνοντες,
2867 5134 3070 5206 ἐτέρων
3103 5135 3159 5189 δὲ
3201 5134 3350 5206 βίους
3379 5134 3671 5188 καταδικά-

2003 5223 2207 5287 ζοντες,
2232 5219 2353 5274 οὐδὲ
2382 5219 2644 5290 ἐμφανεῖς
2675 5221 2836 5285 ὄντας
2869 5223 2996 5286 τινὶ,
3028 5223 3149 5276 οὐδὲ
3177 5223 3388 5295 δήλους,
3421 5223 3672 5291 ἐννόησον

2001 5311 2132 5379 ὅσην
2178 5308 2597 5379 ὑποστησόμεθα
2643 5309 2883 5377 κόλασιν,
2920 5311 3036 5374 πῶς
3082 5309 3462 5380 ἐκπεσούμεθα
3491 5310 3671 5382 πάσης

2003 5394 2356 5466 συγγνώμης.
2407 5396 2504 5447 Ἐν
2538 5389 2584 5462 ᾧ
2620 5397 2729 5466 γὰρ
2775 5399 3008 5468 κρίματι
3028 5439 3042 5462 ,
3071 5399 3206 5469 φησὶ
3226 5437 3240 5462 ,
3270 5397 3502 5466 κρίνετε
3526 5438 3542 5463 ,
3574 5401 3672 5451 καὶ

2001 5483 2167 5553 ὑμεῖς
2199 5483 2578 5551 κριθήσεσθε.

2072 5571 2145 5638 ς’.
2173 5572 2270 5625 Διά
2297 5571 2364 5640 δὴ
2385 5573 2560 5626 ταῦτα
2590 5573 2874 5638 ἀντιϐολῶ,
2901 5575 2995 5628 καὶ
3023 5574 3294 5646 παραινῶ,
3329 5575 3426 5628 καὶ
3459 5575 3666 5646 δέομαι,

1999 5659 2200 5726 ταύτης
2239 5657 2547 5728 ἀποστῆναι
2595 5661 2698 5730 τῆς
2740 5664 2983 5733 πονηρᾶς
3024 5660 3332 5732 συνηθείας.
3379 5663 3518 5725 Τοὺς
3569 5665 3665 5734 μὲν

2003 5744 2154 5821 [190]
2179 5745 2288 5818 γὰρ
2311 5745 2490 5816 ἱερέας
2519 5749 2705 5813 κακῶς
2723 5750 3021 5816 ἀκούοντας
3043 5749 3194 5804 οὐδὲν
3218 5745 3662 5822 παραϐλάζνομενι

3178 5853 3256 5916 18
