4058 6258
433 317 542 374 205

425 438 501 495 ὀὐ
544 434 700 508 μόνον
753 432 818 488 ἃν
851 432 1017 504 ψευδῆ
1062 430 1131 484 τά
1175 428 1446 500 λεγόμενα
1478 424 1534 501 ᾗ.
1566 424 1703 480 ἀλλά
1750 422 1855 478 κᾶν

432 507 566 575 ἐπεὶ
609 522 706 575 καὶ
740 522 769 573 ὁ
806 520 1098 590 Φαρισαῖος
1141 517 1233 570 τὸν
1281 515 1516 585 τελώνην
1564 512 1718 566 οὐδὲν
1751 507 2111 575 κατέϐλαψεν,

438 609 579 663 ἀλλά
607 609 701 663 καὶ
727 608 996 678 ὠφέλησε,
1031 605 1208 659 καίτοι
1238 621 1300 673 γε
1331 602 1508 672 ἀληθῆ
1537 600 1666 670 περὶ
1708 594 1875 651 αὐτοῦ
1901 594 2077 663 λέγων
2095 608 2109 622 °

439 695 600 767 ἡμεῖς
644 695 700 748 δέ
738 693 967 756 ἑαυτοὺς
999 695 1112 755 τοῖς
1154 692 1406 762 ἐσχάτοις
1450 685 1854 758 περιϐαλοῦμεν
1881 683 2109 743 κακοῖς’

438 783 561 836 ἐπεὶ
607 782 702 836 καὶ
751 783 779 833 ὁ
821 781 1108 852 Φαρισαῖος
1138 777 1261 832 καθ’
1291 775 1486 831 ἑαυτοῦ
1510 774 1571 827 τὸ
1600 774 1752 842 ξίφος
1778 769 1983 840 ὥθησε.
2018 767 2115 821 καὶ

439 869 662 939 καιρίαν
688 868 904 937 πληγὴν
935 866 1115 920 λαϐὼν
1153 864 1413 937 ἀπῆλθεν.
1441 865 1560 917 Ἵνα
1587 858 1682 916 οὖν
1721 860 1795 931 μὴ
1832 858 1927 911 καὶ
1951 856 2115 927 ἡμεῖς

437 958 507 1012 τά
554 958 693 1013 αὐτὰ
740 956 1033 1028 πάθωμεν,
1064 956 1361 1027 κρατῶμεν
1395 952 1694 1007 ἀκολάστου
1744 948 2009 1018 γλώττης.
2050 947 2113 999 Εἰ

436 1046 548 1118 7&9
576 1046 668 1099 τὸν
697 1044 940 1115 τελώνην
967 1042 1136 1098 εἰπών
1169 1042 1378 1105 κακῶς,
1407 1042 1469 1094 ού
1503 1039 1758 1106 διέφυγεν
1796 1037 2020 1097 ἐκεῖνος,
2062 1034 2111 1086 οἱ

437 1135 564 1195 τοὺς
597 1131 838 1203 πατέρας
865 1130 1023 1202 ἡμῶν
1052 1129 1238 1191 κακῶς
1266 1127 1539 1196 λέγοντες,
1567 1127 1728 1179 ποίαν
1761 1122 1957 1192 ἕξομεν
1985 1121 2115 1173 ἀπο-

436 1220 662 1288 λογίαν;
707 1220 757 1271 εἰ
800 1217 890 1271 τὸν
929 1217 1157 1286 ἀδελφὸν
1210 1214 1653 1286 βλασφημήσασα
1701 1208 1892 1279 Μαρία
1941 1203 2110 1269 ἅπαξ,

435 1307 707 1377 τοσαύτην
741 1306 908 1359 ἔδωκε
935 1305 1116 1376 δίκην,
1148 1304 1307 1365 ποίας
1330 1299 1602 1371 σωτηρίας
1625 1299 1759 1368 ἡμῖν
1790 1294 2113 1357 ἐλπὶς,ὃταν

441 1396 665 1466 μυρίαις
708 1393 830 1448 καθ’
866 1393 1105 1462 ἑκάστην
1129 1390 1343 1463 ἡμέραν
1373 1388 1497 1451 τοὺς
1528 1386 1794 1458 ἄρχοντας
1822 1380 2111 1450 πλύνωμεν

436 1482 763 1554 λοιδορίαις;
814 1480 908 1550 Μὴ
945 1480 1051 1551 γάρ
1085 1495 1175 1549 μοι
1206 1476 1365 1530 τοῦτο
1411 1474 1616 1542 λεγέτω
1651 1489 1736 1534 τις
1757 1512 1770 1534 .
1796 1471 1877 1524 ὅτι
1906 1470 2111 1529 ἐκεῖνος

440 1569 687 1638 Μωῡσῆς
714 1565 804 1638 ἦν·
840 1566 1141 1637 δυνήσομαι
1164 1563 1272 1635 7&9
1296 1565 1469 1617 εἰπεῖν
1500 1562 1594 1614 καὶ
1614 1558 1745 1628 ἐγὼ,
1773 1558 1855 1611 ὅτι
1883 1554 2109 1625 κάκείνη

437 1656 629 1727 Μαρία
653 1650 742 1725 ἡν.
770 1652 981 1716 ’Ἄλλως
1005 1651 1081 1716 δέ,
1113 1652 1202 1705 ἱνα
1225 1650 1323 1703 καὶ
1354 1649 1514 1702 τοῦτο
1536 1647 1668 1700 αὐτὸ
1698 1644 1875 1716 μάθῃς
1903 1641 2109 1711 σαφῶς,

437 1743 521 1797 ὅτι
567 1744 616 1796 εἰ
657 1742 753 1794 καὶ
779 1739 1145 1810 ἐγκλημάτων
1173 1737 1468 1791 ὑπεύθυνοι
1510 1728 1645 1788 ὦσιν
1683 1734 1731 1785 οἱ
1764 1733 1950 1802 ἱερεῖς,
1990 1728 2112 1781 ούδέ

439 1829 581 1883 οὕτω
629 1844 711 1881 σοι
758 1827 915 1897 θέμις
956 1826 1046 1879 τὸν
1081 1826 1305 1879 ἐκείνων
1356 1822 1473 1893 βίον
1526 1821 1752 1892 κρίνειν,
1795 1818 2023 1873 ἄκουσον
2058 1814 2111 1867 τί

439 1931 575 1985 φησι
628 1913 757 1984 περὶ
797 1911 906 1964 τῶν
944 1911 1225 1982 ἀρχόντων
1264 1908 1373 1963 τῶν
1423 1904 1731 1959 Ἰουδαϊκῶν
1772 1905 1802 1956 ὁ
1840 1900 2107 1973 Χριστόςο

450 2002 578 2055 Ἐ’πί
599 1999 709 2070 τῆς
738 1998 1034 2064 Μωῦσέως
1052 1995 1346 2064 καθέδρας
1367 1991 1656 2048 ἐκάθισαν
1678 1993 1733 2044 οἱ
1757 1985 2114 2059 γραμματεῖς

437 2090 539 2145 καὶ
580 2093 635 2144 οἰ
664 2086 1004 2157 Φαρισαῖοι·
1036 2084 1236 2139 πάντα
1259 2078 1394 2146 οὖν,
1422 2080 1539 2134 ὅσα
1563 2079 1640 2134 ἂν
1672 2076 1935 2148 ,λέγωσιν
1970 2074 2114 2145 ὑμῖν

438 2176 655 2243 ποιεῖν,
686 2175 907 2229 ποιεῖτε
926 2191 940 2205 ·
979 2172 1130 2227 κατὰ
1155 2170 1224 2225 δὲ
1256 2170 1329 2224 τὰ
1354 2170 1499 2238 ἔργα
1520 2164 1720 2227 αὐτῶν
1749 2164 1835 2234 μὴ
1871 2161 2111 2229 ποιεῖτε.

439 2266 549 2319 Kal
571 2265 624 2317 τί
654 2263 853 2333 γένοιτ’
896 2262 962 2316 ἂν
999 2262 1184 2332 χεῖρον
1211 2257 1433 2312 ἐκείνων
1447 2268 1496 2319 ι,
1536 2247 1612 2310 ὧν
1642 2256 1673 2307 ὁ
1701 2250 1860 2323 ζῆλος
1893 2249 2111 2321 ἔφθειρε

440 2356 566 2415 τοὺς
603 2351 1111 2422 μαθητευομένουςς
1149 2346 1287 2400 Ἀλλ’
1315 2347 1465 2415 ὅμως
1496 2343 1619 2396 οὑδέ
1646 2341 1789 2395 οὕτω
1821 2336 2114 2392 κατεϐίϐα-

441 2457 533 2492 σεν
561 2440 761 2502 αὐτοὺς
787 2439 895 2493 ἀπὸ
922 2439 1022 2508 τῆς
1044 2437 1223 2503 ἀξίας,
1247 2434 1369 2488 οὐδὲ
1391 2433 1899 2502 εὐκαταφρονήτους
1926 2424 2114 2496 ἐποίη-

442 2543 534 2579 σεν
567 2520 706 2579 εἶναι
738 2527 850 2586 τοῖς
883 2522 1239 2595 ἀρχομένοις⁶
1293 2521 1387 2574 καὶ
1433 2520 1578 2591 μάλα
1606 2517 1853 2578 εἰκότως.
1898 2512 1962 2566 Et
2001 2509 2112 2579 7&9

439 2611 647 2684 ταύτης
693 2609 1037 2663 ἐπιλάϐοιντο
1068 2609 1168 2679 τῆς
1207 2605 1460 2671 ἐξουσίας
1489 2607 1540 2658 οἱ
1579 2605 1907 2675 ἀρχόμενοι,
1945 2597 2113 2667 ὀφθή-

443 2714 628 2752 σονται
667 2699 878 2760 πάντας
913 2694 1487 2771 ἀποχειροτονοῦντες,
1521 2692 1614 2746 καὶ
1645 2693 1711 2743 ἐκ
1739 2688 1833 2741 τοῦ
1869 2686 2112 2757 βήματος

362 2821 374 2829 -
443 2786 920 2849 καταϐιϐάζοντες.
947 2783 1047 2837 Διά
1064 2782 1225 2836 τοῦτο
1247 2782 1343 2835 καὶ
1365 2779 1576 2844 Παῦλος
1603 2778 1693 2831 τὸν
1717 2774 1982 2847 ἀρχιερέα
2002 2772 2112 2825 τῶν

400 2884 403 2885 ⁷
454 2871 725 2926 Ἰουδαίων
764 2872 1024 2943 ὑϐρίσας,
1066 2870 1161 2923 καὶ
1193 2867 1397 2932 εἰπὼν,
1441 2868 1691 2922 Τύπτειν
1716 2878 1792 2918 σε
1829 2863 2043 2931 μέλλει
2080 2862 2113 2914 ὁ

443 2958 621 3024 Θεὸς,
674 2959 832 3030 τοῖχε
868 2954 1275 3028 κεκονιαμένε⁸
1315 2952 1413 3011 καὶ
1449 2956 1531 3010 σὺ
1566 2951 1716 3021 κάθῃ
1754 2951 1974 3019 κρίνων
2009 2963 2116 3019 με;

442 3046 632 3119 ἐπειδή
663 3062 823 3098 τινων
848 3046 1083 3117 ῆκουσεν
1114 3040 1574 3112 ἑπιστομιζόντων
1599 3037 1786 3100 αὑτὸν,
1817 3039 1911 3090 καὶ
1937 3035 2117 3103 λεγόν-

442 3149 574 3198 των,
605 3133 715 3185 Τὸν
738 3132 1015 3201 ἀρχιερέα
1040 3131 1148 3186 τοῦ
1189 3130 1339 3185 Θεοῦ
1361 3126 1690 3194 λοιδορεῐς;
1722 3125 1892 3190 δεῖξαι
1934 3122 2116 3193 βουλό-

444 3234 628 3289 μενος,
657 3220 790 3286 ὅσην
817 3219 1114 3288 ἀπονέμειν
1133 3219 1211 3271 δεῖ
1231 3220 1344 3279 τοῖς
1370 3217 1597 3287 ἄρχουσι
1620 3213 1719 3284 τὴν
1738 3211 1872 3265 αἰδῶ
1905 3212 1999 3264 καὶ
2017 3212 2115 3282 τὴν

440 3305 631 3375 τιμὴν,
665 3304 718 3358 τί
753 3322 951 3376 φησιν;
980 3308 1102 3358 Οὐκ
1141 3304 1311 3374 ᾔδειν
1342 3303 1431 3356 ὅτι
1471 3301 1786 3371 ἀρχιερεὺς
1823 3298 1930 3352 τοῦ
1967 3298 2116 3353 Θεοῦ

441 3388 542 3463 ἦν.
600 3391 697 3445 Διά
741 3390 898 3445 τοῦτο
955 3393 1049 3446 καὶ
1097 3390 1262 3449 Δαυῖδ
1325 3389 1747 3460 παρανομοῦντα
1799 3386 1981 3440 λαϐὼν
2027 3387 2118 3440 τὸν

444 3478 616 3533 Σαοὺλ
636 3519 650 3544 ,
691 3480 788 3533 καὶ
824 3478 987 3549 φόνου
1017 3479 1284 3546 πνέοντα,
1317 3479 1411 3532 καὶ
1446 3478 1649 3550 μυρίας
1681 3477 1812 3531 ὄντα
1843 3476 2117 3541 κολάσεως

442 3565 614 3633 ἄξιον,
657 3568 718 3620 οὐ
768 3567 929 3638 μόνον
980 3567 1147 3620 αὐτοῦ
1181 3568 1282 3637 τῆς
1318 3566 1465 3637 ζωῆς
1495 3564 1787 3635 ἐφείσατο,
1830 3563 1946 3617 ἀλλ’
1994 3562 2115 3615 οὔτε

445 3652 599 3724 ῥῆμα
647 3653 905 3724 φορτικὸν
950 3656 1030 3717 εἰς
1062 3654 1226 3707 αὑτὸν
1274 3652 1527 3707 ἐκϐαλεῖν
1554 3652 1846 3723 ὑπέμεινε·
1894 3651 1989 3706 καὶ
2018 3649 2117 3721 τὴν

442 3738 621 3793 αἰτίαν
660 3740 841 3812 τίθησι
881 3741 1088 3811 λέγων,
1120 3743 1203 3796 ὅτι
1234 3740 1488 3809 Χριστὸς
1520 3740 1743 3807 Κυρίου
1777 3739 1970 3792 ἐστίν.
2003 3738 2119 3791 Οὐκ

443 3828 692 3883 ἐντεῦθεν
730 3829 787 3882 δέ
822 3829 1000 3899 μόνον,
1050 3829 1187 3884 ἀλλά
1230 3832 1326 3884 καὶ
1361 3828 1628 3902 ἑτέρωθεν
1669 3831 1735 3881 ἐκ
1775 3827 1979 3897 πολλῆς
2019 3829 2119 3897 τῆς

441 3918 762 3988 περιουσίας
807 3917 955 3971 ἔστιν
988 3919 1135 3981 ἰδεῖν,
1166 3917 1284 3982 πῶς
1311 3918 1503 3989 πόρρω
1532 3934 1634 3971 που
1665 3917 1737 3971 τὰ
1777 3914 1886 3968 τῶν
1927 3915 2119 3986 ἱερέων

438 4004 685 4076 διορθοῦν
715 4005 807 4059 τὸν
833 4006 1136 4077 ἀρχόμενον
1174 4005 1463 4075 ἑστηκέναι
1498 4006 1629 4076 χρή.
1667 4004 1780 4073 Τῆς
1810 4003 1918 4075 γάρ
1948 4002 2117 4056 κιϐω-

439 4089 534 4145 τοῦ
563 4108 694 4144 ποτε
723 4092 1288 4162 ἀναγομένης,ἐπειδὴ
1316 4108 1459 4155 τινες
1482 4091 1592 4144 τῶν
1615 4092 1935 4162 ἀρχομένων
1958 4108 2117 4162 περι-

441 4178 787 4249 τρεπομένην
824 4179 920 4231 καὶ
954 4177 1324 4231 καταπίπτειν
1355 4177 1654 4248 μέλλουσαν
1700 4177 1900 4241 ἰδόντες
1943 4177 2120 4250 ἀνώρ-

443 4263 645 4327 θωσαν,
673 4265 732 4315 ἐν
758 4261 909 4333 αὑτῷ
933 4263 1013 4333 τῷ
1036 4264 1222 4335 χωρίῳ
1246 4263 1402 4335 δίκην
1426 4263 1636 4331 ἔδοσαν,
1666 4264 1771 4318 ὑπὸ
1792 4264 1886 4318 τοῦ
1911 4265 2117 4336 Κυρίου

446 4348 747 4420 πληγέντες
770 4351 866 4403 καὶ
888 4350 1075 4422 νεκροὶ
1103 4351 1408 4420 μείναντες.
1445 4350 1639 4405 Καίτοι
1664 4369 1728 4421 γε
1748 4353 1902 4407 οὐδὲν
1920 4354 2118 4408 ἄτοπον

444 4440 660 4495 ἐποίουν
680 4456 694 4469 ·
720 4441 841 4494 οὐδὲ
868 4438 978 4514 γάρ
1012 4441 1314 4514 ἀνέτρεπον
1339 4442 1438 4515 τὴν
1471 4442 1723 4509 κιϐωτὸν,
1751 4444 1868 4498 ἀλλ’
1898 4445 2121 4516 ἀνατρέ-

442 4527 641 4584 πεσθαι
675 4528 974 4600 μέλλουσαν
1008 4530 1102 4583 καὶ
1130 4529 1496 4586 καταπίπτειν
1519 4531 1819 4604 ἀνώρθουν.
1864 4532 2003 4586 Ἀλλ’
2032 4533 2119 4588 ῐνα

441 4613 509 4665 ἐκ
542 4610 743 4682 πολλῆς
772 4613 1090 4684 περιουσίας
1120 4613 1299 4685 μάθῃς
1325 4614 1436 4668 τῶν
1467 4614 1660 4686 ἱερέων
1679 4615 1741 4670 τὸ
1762 4613 2002 4685 ἀξίωμα,
2024 4618 2118 4671 καὶ

440 4693 561 4758 πῶς
611 4694 673 4746 οὑ
719 4694 878 4765 θέμις
911 4694 1002 4749 τὸν
1048 4697 1494 4767 ὑποτεταγμένον
1523 4699 1617 4752 καὶ
1644 4698 1704 4751 ἐν
1736 4698 1887 4765 τάξει
1911 4698 2118 4753 λαῖκῶν

439 4777 570 4832 ὂντα
617 4777 844 4832 τοιαῦτα
868 4778 1222 4851 ἐπανορθοῦν,
1269 4781 1591 4836 ἀπέκτεινεν
1624 4782 1824 4845 αὐτοὺς
1868 4783 1927 4835 ἐν
1966 4782 2119 4852 μέσῳ

439 4861 520 4933 τῷ
563 4862 782 4934 πλήθει,
830 4865 956 4927 τοὺς
1002 4864 1196 4927 ἄλλους
1227 4865 1433 4930 πάντας
1464 4868 1528 4920 ἐκ
1562 4866 1764 4937 πολλῆς
1796 4866 1978 4936 φοϐῶν
2018 4868 2118 4938 τῆς

441 4946 772 5018 ὑπερϐολῆς,
828 4948 925 5002 καὶ
966 4947 1171 5002 πείθων
1215 4950 1486 5021 μηδέποτε
1515 4953 1629 5014 τοῖς
1669 4951 1769 5020 τῆς
1818 4950 2117 5022 ἱερωσύνης

440 5031 725 5100 προσιέναι
750 5031 984 5090 ἀδύτοις.
1016 5032 1081 5085 Εἰ
1108 5032 1219 5103 7&9
1247 5032 1311 5105 δή
1338 5032 1582 5104 μέλλοιεν
1613 5034 1834 5088 ἕκαστοι
1861 5034 1953 5086 ἐπὶ
1986 5050 2118 5104 προ-

441 5111 605 5181 φάσει
641 5112 737 5165 τοῦ
763 5112 834 5166 τά
862 5113 1047 5175 κακῶς
1080 5117 1340 5187 γινόμενα
1369 5116 1616 5188 διορθοῦν
1639 5118 1719 5180 εἱς
1746 5117 1808 5169 τὸ
1834 5116 1934 5185 τῆς
1962 5116 2117 5187 ἱερω-

441 5194 608 5267 σύνης
651 5196 893 5264 εἰσάγειν
937 5199 1163 5262 ἑαυτοὺς
1195 5199 1448 5270 ἀξίωμα,
1504 5198 1626 5253 οὔτε
1659 5198 1805 5271 [191]
1842 5199 2116 5270 πρόφασις

441 5278 710 5351 ἐπιλείψει
735 5278 1076 5352 διορθώσεώς
1103 5297 1255 5347 ποτε,
1287 5280 1411 5334 οὔτε
1442 5281 1699 5353 ἄρχοντα,
1730 5281 1853 5336 οῦτε
1877 5283 2116 5353 ἀρχόμε-

442 5378 533 5415 νον
579 5362 1014 5435 διαγνωσόμεθα,
1066 5363 1532 5435 ἀναμεμιγμένων
1575 5364 1794 5420 πάντων
1841 5365 2112 5434 ἀλλήλοις.

446 5445 555 5498 Kal
591 5447 665 5517 μή
714 5446 782 5516 μέ
816 5463 902 5510 τις
934 5446 1130 5519 νομίσῃ
1173 5446 1282 5500 τῶν
1311 5447 1499 5520 ἱερέων
1534 5450 1918 5518 κατεγνωκότα
1942 5449 2114 5503 ταῦτα

440 5529 621 5599 λέγειν
656 5532 767 5603 (διά
809 5531 917 5604 γάρ
958 5532 1057 5603 τὴν
1089 5530 1185 5585 τοῦ
1213 5530 1351 5585 Θεοῦ
1391 5531 1582 5605 χάριν,
1623 5532 1860 5605 πολλὴν,
1902 5533 1978 5597 ὡς
2020 5535 2116 5587 καὶ

444 5612 603 5683 ὑμεῖς
632 5616 768 5680 ῖστε,
792 5616 892 5686 τὴν
920 5616 1219 5671 ἐπιείκειαν
1248 5617 1306 5670 ἐν
1339 5616 1542 5671 ἅπασιν
1569 5616 1989 5686 ἐπιδείκνυνται,
2019 5616 2115 5671 καὶ

448 5754 634 5876 χιςρῗὶε
656 5750 856 5816 Coislin,
873 5753 1067 5815 melius,
1087 5768 1229 5815 quam
1268 5756 1443 5806 Morel.
1466 5757 1512 5805 τί
1535 5758 1587 5807 δὲ
1611 5759 1782 5832 γίνοιτ’
1815 5758 1872 5807 ἄν
1898 5757 1984 5808 τοῦ
2008 5760 2112 5824 βίον

581 5832 627 5863 ν.

581 5832 627 5863 ν.

1199 334 1257 390 S.
1298 331 1589 391 JOANNIS
1628 323 2126 388 CHRYSOSTOMI
2163 319 2489 379 ARCHIEP.
2529 310 3082 377 CONSTANTINOP.

2218 417 2477 489 οὐδεμίαν
2500 419 2675 474 οὐδενί
2699 438 2827 474 ποτε
2856 420 3238 492 παρεσχήκασι
3253 414 3470 487 λαϐὴν),
3488 414 3601 469 ἀλλ’
3621 414 3704 470 ἵνα
3720 416 3870 487 ὑμεῖς

2217 504 2448 577 μάθητε,
2486 507 2569 560 ὅτι
2601 508 2650 560 εἰ
2681 509 2777 561 καὶ
2809 506 3118 578 μοχθηροὺς
3151 503 3327 573 εἴχετε
3355 502 3597 573 πατέρας
3629 501 3721 557 καί
3744 520 3870 575 φορ-

2214 591 2398 655 τικοὺς
2429 592 2803 658 διδασκάλους,
2833 594 2954 647 οὑδὲ
2976 592 3149 656 οὓτως
3176 590 3460 645 ἀκίνδυνον
3493 590 3623 659 ὑμῖν
3647 584 3735 659 ἦν,
3759 589 3872 644 οὸδδ

2214 678 2452 748 ἀσφαλὲς
2497 679 2836 751 βλασφημεῖν
2868 681 3067 742 αὐτοὺς
3110 679 3205 732 καὶ
3249 676 3626 748 λοιδορεῖσθαι.
3666 677 3725 730 Εἰ
3770 677 3873 749 γὰρ

2214 765 2306 818 ἐπὶ
2339 766 2447 820 τῶν
2483 767 2812 838 σωματικῶν
2847 767 3049 836 γονέων
3093 766 3254 835 σοφός
3279 764 3362 827 τίς
3394 781 3550 836 φησι,
3580 763 3707 823 Κᾶν
3739 764 3874 819 d10-

2212 853 2360 923 λίπῃ
2395 856 2674 917 σύνεσιν,
2711 852 3079 925 συγγνώμην
3110 852 3244 922 ἔχε’
3289 852 3343 905 τί
3384 852 3495 921 γάρ
3541 851 3719 914 αὐτοῖς
3750 851 3875 905 ἀπο·

2212 937 2424 1005 δώσεις,
2457 941 2638 1005 καθὼς
2669 942 2824 995 αὐτοί
2859 959 2970 1006 σοις
3008 938 3190 1009 πολλῷ
3231 938 3435 1009 μᾶλλον
3465 938 3560 991 ἐπὶ
3585 938 3692 991 τῶν
3722 954 3875 991 πνευ-

2215 1028 2459 1097 ματικῶν
2512 1029 2701 1083 τοῦτον
2747 1027 3113 1099 φυλάττεσθαι
3152 1027 3260 1099 χρὴ
3311 1026 3404 1080 τὸν
3442 1026 3625 1098 νόμον,
3669 1027 3760 1081 καὶ
3793 1026 3876 1080 τὸν

2211 1113 2445 1167 ἑκάστου
2479 1114 2593 1185 βίον
2623 1116 2816 1170 ἑαυτὸν
2845 1115 3075 1169 ἑκαστον
3104 1113 3567 1184 περιεργάζεσθαι
3597 1114 3695 1165 καὶ
3729 1112 3880 1166 πολυ-

2212 1204 2585 1271 πραγμονεῖν,
2619 1202 2708 1257 ἵνα
2740 1202 2816 1274 μὴ
2852 1201 3180 1272 ἀκούσωμεν
3219 1200 3338 1255 κατ’
3368 1201 3586 1271 ἐκείνην
3624 1201 3726 1271 τὴν
3751 1200 3880 1271 ήμέ-

2213 1304 2332 1358 ραν,
2391 1289 2724 1357 Ὑποκριτὰ,
2782 1291 2841 1345 τι
2879 1289 3138 1355 ,βλέπεις
3182 1288 3250 1342 τὸ
3293 1287 3520 1359 κάρφος
3569 1287 3637 1341 τὸ
3688 1287 3762 1340 ἐν
3808 1285 3880 1352 τῷ

2211 1376 2497 1445 ὀφθαλμῷ
2514 1377 2621 1432 τοῦ
2650 1377 2918 1446 ἀδελφοῦ
2947 1394 3085 1442 σου,
3113 1376 3227 1445 τὴν
3258 1376 3327 1429 δὲ
3349 1376 3420 1429 ἐν
3449 1374 3530 1440 τῷ
3556 1373 3647 1439 σῷ
3669 1376 3883 1443 ὀφθαλ-

2210 1461 2301 1532 μῷ
2334 1465 2405 1517 οὐ
2439 1464 2754 1531 κατανοεῖς
2776 1465 2995 1529 δοκόν;
3021 1465 3130 1518 Kal
3153 1463 3263 1535 7&9
3290 1462 3597 1535 ὑποκριτῶν
3624 1463 3807 1533 ἔργον,
3828 1461 3884 1519 τὺ

2209 1547 2445 1623 δημοσίᾳ
2493 1553 2592 1622 μὲν
2639 1553 2734 1607 καὶ
2778 1555 2996 1608 πάντων
3028 1553 3285 1624 ὁρώντων
3328 1550 3431 1615 τὰς
3476 1554 3667 1622 χεῖρας
3716 1550 3883 1618 φιλεῖν

2208 1635 2319 1690 τῶν
2375 1637 2596 1707 ἱερέων,
2640 1641 2735 1693 καὶ
2778 1641 3020 1709 γονάτων
3053 1640 3356 1706 ἅπτεσθαι,
3409 1639 3504 1692 καὶ
3554 1637 3884 1709 παρακαλεῖν

2211 1721 2353 1794 ὑπὲρ
2395 1725 2575 1779 αὑτῶν
2617 1727 2873 1797 εῦχεσθαι
2894 1768 2907 1791 ,
2941 1728 3032 1780 καί
3064 1727 3352 1797 δεομένους
3388 1724 3770 1795 βαπτίσματος
3801 1725 3887 1778 ἐπὶ

2211 1807 2309 1871 τὰς
2331 1809 2558 1864 ἐκείνων
2577 1813 2791 1883 τρέχειν
2821 1813 3014 1886 θύρας,
3046 1814 3185 1867 οἴκοι
3210 1813 3268 1866 δέ
3295 1816 3390 1867 καὶ
3418 1814 3476 1866 ἐν
3508 1813 3745 1883 ἀγοραῖς
3768 1811 3886 1874 τοὺς

2210 1893 2482 1949 τοσούτων
2528 1899 2747 1967 ἀγαθῶν
2783 1900 2990 1964 αἰτίους
3023 1901 3154 1971 ἡμῖν
3204 1901 3300 1953 καὶ
3334 1900 3619 1963 διακόνους
3676 1899 3886 1970 μυρίοις

2214 1980 2435 2036 πλύνειν
2451 1983 2766 2056 ὀνείδεσιν,ἦ
2782 1986 2983 2057 ἐτέρων
2998 1986 3365 2051 ὀνειδιζόντων
3381 1985 3696 2057 ἀνέχεσθαι.
3718 1987 3779 2039 Εἰ
3797 1987 3888 2055 μὲν

2211 2068 2318 2137 γὰρ
2342 2069 2556 2141 ἀληθῶς
2591 2073 2759 2137 κακὸς
2787 2076 2815 2127 ὁ
2846 2075 3051 2146 πατὴρ,
3082 2074 3200 2137 πῶς
3225 2074 3389 2127 αὐτὸν
3408 2074 3731 2139 ἀξιόπιστον
3759 2068 3889 2128 εἶναι

2210 2156 2452 2226 νομίζεις
2464 2158 2710 2215 διάκονον
2725 2161 2827 2231 τῆς
2841 2160 2949 2214 τῶν
2969 2161 3211 2233 φρικτῶν
3226 2161 3453 2215 ἐκείνων
3466 2160 3888 2232 μυσταγωγίαςς

2211 2242 2275 2296 Εἰ
2311 2243 2367 2296 δέ
2405 2245 2718 2310 ἀξιόπιστος
2745 2248 2970 2301 ἐκείνων
2994 2245 3135 2302 εἷναί
3168 2266 3252 2303 σοι
3281 2246 3738 2311 δοκεῖ’διάκονος.
3755 2247 3893 2311 τίνος

2210 2329 2396 2384 ἐνεκεν
2442 2332 2613 2405 ἀνέχῃ
2661 2334 2849 2398 κακῶς
2902 2335 3105 2406 ἐτέρων
3138 2335 3404 2404 λεγόντων
3446 2335 3630 2401 αὑτὸν,
3660 2335 3763 2389 καὶ
3798 2335 3894 2388 οὐκ

2212 2417 2585 2489 ἐπιστομίζεις
2605 2462 2620 2485 ,
2651 2422 2774 2475 οὐδὲ
2807 2424 3139 2491 ἀγανακτεῖς
3164 2464 3178 2487 ,
3205 2424 3328 2478 οὑδέ
3354 2424 3738 2496 δυσχεραίνεις
3756 2466 3772 2491 ,
3812 2423 3894 2476 ἱνα

2213 2505 2367 2575 παρὰ
2393 2506 2487 2559 τοῦ
2520 2506 2657 2561 Θεοῦ
2690 2509 2858 2564 πολὺν
2900 2510 2992 2563 τὸν
3029 2511 3222 2581 μισθὸν
3269 2511 3585 2581 ἀπολάϐῃς,
3625 2512 3726 2566 καὶ
3769 2514 3902 2580 παρ’

2214 2591 2393 2645 αὐτῶν
2440 2592 2662 2647 ἐκείνων
2697 2595 2808 2649 τῶν
2851 2596 3304 2668 κατηγορούντων
3338 2599 3428 2651 τὸν
3471 2598 3737 2667 ἑπαινον;
3783 2599 3896 2653 Κάν

2214 2678 2322 2750 γάρ
2354 2681 2614 2750 μυριάκις
2655 2675 2788 2736 ὦσιν
2828 2684 3115 2755 ὑϐρισταὶ,
3162 2686 3381 2750 πάντως
3417 2687 3803 2742 ἐπαινέσονταί
3840 2704 3896 2741 σε

2216 2767 2311 2819 καί⁵
2353 2765 2705 2832 ἁποδέξονται
2755 2771 2854 2840 τῆς
2899 2772 3028 2842 περὶ
3074 2773 3203 2836 τοὺς
3252 2773 3494 2845 πατέρας
3536 2775 3894 2845 κηδεμονίαςο

2215 2853 2427 2927 ὥσπερ,
2458 2854 2523 2908 ἂν
2557 2857 2631 2928 μή
2656 2858 2815 2911 τοῦτο
2858 2859 3123 2930 ποιῶμεν,
3155 2860 3393 2924 ἅπαντες
3422 2860 3579 2931 ἡμῶν
3610 2860 3897 2930 καταγνώ-

2216 2958 2421 3004 σονται,
2460 2944 2553 2997 καὶ
2593 2946 2747 2999 αὐτοὶ
2777 2947 2827 2999 οἱ
2861 2946 3046 3010 κακῶς
3076 2946 3347 3015 λέγοντες.
3376 2949 3486 3001 Kal
3512 2948 3574 3001 ού
3608 2946 3777 3002 τοῦτο
3803 2949 3895 3018 μό-

2215 3045 2304 3082 νον
2328 3030 2446 3083 ἑστὶ
2471 3030 2532 3084 τὸ
2560 3031 2753 3100 δεινὸν,
2781 3032 2898 3086 ἀλλ’
2926 3035 3008 3086 ὅτι
3048 3034 3142 3086 καὶ
3177 3036 3295 3087 ἐκεῖ
3327 3034 3426 3105 τὴν
3457 3034 3703 3105 ἐσχάτην
3736 3035 3898 3089 δώσο-

2220 3133 2319 3187 μεν
2346 3117 2520 3190 δίκην.
2551 3119 2716 3173 Οὐδὲν
2741 3120 2851 3192 γάρ
2880 3119 3022 3174 οὕτω
3047 3121 3145 3184 τὰς
3186 3120 3514 3192 Ἐκκλησίας
3543 3122 3893 3192 λυμαίνεται,

2215 3205 2292 3269 ὼς
2327 3207 2484 3260 τοῦτο
2510 3207 2573 3260 τὸ
2593 3208 2808 3279 νόσημα
2826 3224 2840 3238 ·
2868 3211 2961 3262 καὶ
2996 3208 3249 3280 καθάπερ
3273 3208 3433 3279 σῶμα
3477 3210 3551 3282 μὴ
3582 3210 3732 3280 μετά
3754 3212 3898 3280 ἀκρισ

2218 3292 2371 3356 ϐείας
2404 3292 2782 3363 συνδεδεμένον
2824 3296 2890 3365 τῇ
2939 3294 3051 3349 τῶν
3098 3295 3305 3365 νευρῶν
3361 3295 3646 3366 περιϐολῇ,
3700 3296 3897 3361 πολλὰς

2216 3381 2390 3433 τίκτει
2415 3380 2513 3443 τὰς
2542 3381 2874 3452 ἀρρωστίας,
2906 3383 3000 3436 καὶ
3025 3382 3255 3436 ἀϐίωτον
3289 3385 3437 3436 ποιεῖ
3466 3383 3558 3436 τὸν
3586 3384 3730 3451 βίον·
3757 3385 3898 3439 οὕτω

2219 3465 2312 3518 καὶ
2348 3464 2669 3535 Ἐκκλησία,
2711 3465 2786 3535 μὴ
2819 3465 3025 3536 σφοδρᾷ
3054 3466 3150 3518 καὶ
3184 3468 3419 3538 άρραγεῖ
3448 3468 3513 3537 τῇ
3548 3468 3649 3536 τῆς
3684 3466 3898 3535 ἀγάπης

2221 3547 2410 3600 ἁλύσει
2436 3547 2903 3618 περιϐεϐλημένη,
2927 3548 3154 3619 μυρίους
3177 3548 3351 3601 τίκτει
3368 3548 3659 3618 πολέμους,
3681 3556 3780 3603 καὶ
3806 3558 3898 3621 τήν

2220 3632 2390 3703 ὀργὴν
2424 3631 2517 3685 τοῦ
2562 3632 2696 3685 Θεοῦ
2746 3630 2922 3696 αὔξει,
2963 3631 3058 3685 καὶ
3091 3630 3302 3684 πολλῶν
3329 3632 3653 3703 πειρασμῶν
3685 3633 3900 3702 γίνεται

2221 3714 2493 3778 ὑπόθεσις.
2525 3715 2641 3769 Ἵνα
2667 3710 2759 3768 οῦν
2796 3714 2869 3786 μὴ
2903 3714 3078 3768 ταῦτα
3119 3714 3427 3786 συμϐαίνῃ,
3481 3714 3612 3785 μηδὲ
3641 3714 3743 3769 τὸν
3771 3714 3898 3768 Θεὸν

2222 3797 2643 3869 παροξύνωμεν,
2684 3799 2777 3850 καὶ
2805 3797 2874 3850 τὰ
2900 3798 3148 3870 ἡμέτερα
3177 3797 3575 3867 ἑπαυξήσωμεν
3600 3799 3776 3862 κακὰ,
3805 3797 3895 3852 καὶ

2218 3881 2318 3952 τήν
2347 3881 2567 3935 κόλασιν
2600 3881 2978 3951 ἀπαραίτητον
3012 3879 3534 3950 παρασκευάζωμεν,
3565 3881 3661 3934 καὶ
3692 3879 3896 3950 πολλῆς

2218 3965 2412 4035 ἀηδίας
2446 3953 2743 4035 πληρῶμεν
2773 3963 2872 4035 τὴν
2904 3964 3050 4034 ζωὴν
3090 3962 3187 4034 τὴν
3222 3963 3518 4034 ἡμετέραν,
3567 3962 3595 4002 ί»
3641 3962 3784 4031 πρὸς
3811 3961 3895 4014 εύι-

2220 4045 2432 4115 φημίαν
2459 4045 2558 4116 τὴν
2586 4044 2832 4114 γλῶτταν
2867 4043 3191 4114 μεταθέντες
3211 4083 3226 4106 ,
3252 4043 3344 4095 τὸν
3373 4042 3583 4095 ἑαυτῶν
3614 4040 3739 4094 καθ’
3767 4041 3893 4094 ἑκά-

2222 4144 2354 4198 στην
2379 4126 2592 4197 ἡμέραν
2608 4124 3107 4197 περιεργαζώμεθα
3135 4125 3269 4195 βίον,
3286 4125 3380 4178 καὶ
3405 4125 3504 4195 τὴν
3530 4124 3735 4195 ἐτέρων
3753 4123 3893 4194 ζωὴν

2219 4209 2297 4280 τῷ
2330 4209 2401 4262 τά
2427 4209 2720 4281 ἁπόρῤητα
2754 4209 2894 4279 μετά
2927 4208 3212 4281 ἀκριϐείας
3242 4208 3407 4261 εἰδότι
3435 4209 3644 4277 κρίνειν
3676 4207 3891 4277 ἐπιτρέ-

2217 4292 2418 4363 ψαντες
2439 4333 2455 4357 ,
2482 4292 2636 4346 αὑτοὶ
2667 4291 2737 4346 τά
2765 4291 2974 4346 ἑαυτῶν
3006 4293 3380 4363 ἁμαρτήματα
3411 4292 3706 4363 κρίνωμεν.
3741 4289 3890 4343 Οὕτω

2218 4371 2328 4441 γάρ
2371 4372 2462 4425 καὶ
2513 4372 2573 4425 τὸ
2621 4372 2721 4442 τῆς
2764 4371 2990 4443 γεέννης
3040 4370 3383 4442 δυνησόμεθα
3420 4371 3705 4440 διαφυγεῖν
3757 4366 3886 4437 πῦρ.

2221 4456 2433 4527 Ὠσπερ
2463 4456 2572 4526 7&9
2612 4455 2663 4508 οἱ
2692 4453 2763 4508 τὰ
2805 4455 3058 4527 ἀλλότρια
3100 4452 3683 4526 πολυπραγμονοῦντες
3721 4449 3885 4517 κακά,

2216 4538 2326 4592 τῶν
2353 4537 2568 4591 οἰκείων
2592 4538 2780 4591 οὐδένα
2809 4537 3089 4591 ποιοῦνται
3120 4537 3306 4606 λόγον·
3354 4536 3507 4608 [192]
3529 4535 3704 4598 οὕτως
3729 4536 3779 4587 οἱ
3802 4533 3886 4586 δε·

2217 4621 2456 4683 δοικότες
2503 4623 2583 4684 εἰς
2618 4621 2710 4674 τὸν
2752 4621 2955 4691 ἐτέρων
2994 4618 3322 4690 παρακύψαι
3363 4617 3497 4688 βίον,
3529 4615 3732 4687 πολλὴν
3763 4616 3884 4667 ἑαυ-

2215 4706 2327 4768 τοῖς
2368 4705 2476 4758 τῶν
2508 4703 3060 4775 πεπλημμελημένων
3107 4704 3425 4774 ποιήσονται
3474 4699 3573 4771 τὴν
3601 4696 3880 4770 φροντίδι·

2216 4790 2266 4840 οἱ
2305 4786 2363 4840 δέ
2409 4788 2477 4841 τὰ
2525 4788 2736 4841 ἑαυτῶν
2776 4785 3226 4857 ἀναλογιζόμενοι
3253 4783 3420 4847 κακὰ,
3446 4780 3741 4836 καὶταῦτα
3766 4776 3882 4833 καθ’

2216 4869 2454 4943 ἑκάστην
2484 4871 2759 4942 κρίνοντες
2783 4871 2882 4943 τὴν
2907 4871 3142 4941 ἡμέραν.
3171 4869 3266 4921 καὶ
3295 4868 3451 4931 δίκας
3474 4865 3703 4926 ἑαυτοὺς
3725 4864 3885 4916 άπαι-

2215 4952 2433 5016 τοῦντες
2453 4996 2468 5017 ,
2499 4955 2703 5026 ἥμερον
2732 4952 2914 5018 ἐξουσι
2945 4953 3066 5006 τότε
3099 4951 3190 5005 τὸν
3218 4951 3496 5020 δικαστήν.
3527 4948 3637 5002 Καὶ
3666 4944 3827 5000 τοῦτο
3856 4945 3886 4997 ό

2216 5035 2426 5100 Παῦλος
2453 5035 2624 5107 δηλῶν
2654 5036 2837 5105 ἔλεγεν
2858 5054 2870 5068 ’
2897 5037 2963 5088 Εἰ
2998 5036 3105 5104 γὰρ
3130 5032 3386 5097 ἑαυτοὺς
3416 5032 3749 5099 ὲκρίνομεν,
3775 5029 3887 5082 οὐκ

2216 5117 2293 5171 ἂν
2319 5118 2671 5187 ἐκρινόμεθα
2701 5119 2820 5173 ὑπὸ
2864 5118 3108 5185 Κιιρίου.
3145 5118 3239 5170 'Iv'
3272 5111 3366 5168 οὖν
3399 5112 3752 5183 διαφύγωμεν
3790 5109 3889 5179 τὴν

2212 5201 2391 5272 ψῆφον
2418 5203 2654 5273 ἐκείνην,
2670 5203 2846 5255 πάντα
2871 5201 2940 5254 τὰ
2966 5201 3099 5256 ἄλλα
3124 5200 3376 5269 ἀφέντες,
3396 5192 3889 5268 περιεργαζώμεθα

2213 5287 2315 5357 τὴν
2361 5285 2569 5339 ἑαυτῶν
2620 5284 2795 5356 ζωὴν,
2843 5286 2937 5338 καὶ
2980 5283 3299 5353 κολάζωμεν
3345 5280 3438 5334 τὸν
3483 5278 3741 5347 λογισμὸν
3795 5274 3889 5329 τὸν

2216 5367 2549 5438 ἁμαρτάνειν
2598 5368 2991 5429 ἀναπείθοντα,
3033 5367 3127 5420 καὶ
3177 5362 3601 5434 κατανύττωμεν
3653 5359 3714 5414 τὸ
3757 5374 3890 5413 συν·

2215 5450 2352 5515 ειδὸς
2378 5491 2392 5515 ,
2435 5451 2527 5503 καὶ
2553 5450 2711 5520 λόγον
2739 5451 2964 5514 ἑαυτοὺς
2992 5448 3315 5518 ἀπαιτῶμεν
3340 5446 3449 5501 τῶν
3478 5442 3890 5518 πεπραγμένων

2215 5535 2365 5606 ἡμῖν.
2394 5532 2551 5587 Οὕτω
2579 5535 2687 5605 γὰρ
2719 5533 3062 5605 δυνησόμεθα
3089 5532 3289 5603 κοῦφον
3316 5530 3427 5585 τῶν
3469 5527 3890 5602 ἁμαρτημάτων

2215 5618 2538 5687 ποιήσαντες
2570 5618 2629 5670 τὸ
2669 5618 2909 5688 φορτίον,
2952 5618 3283 5691 συγγνώμης
3326 5617 3633 5673 ἀπολαῦσαι
3665 5610 3889 5682 πολλῆς,

2216 5700 2422 5754 καὶτὸν
2453 5700 2696 5772 παρόντα
2722 5700 2835 5771 βίον
2865 5701 2982 5772 μεθ’
3012 5702 3207 5774 ἡδονῆς
3232 5702 3461 5772 διάγειν,
3494 5701 3591 5757 καὶ
3622 5697 3728 5751 τῶν
3767 5691 3895 5763 μελν

2280 5819 2310 5861 δ
2326 5820 2461 5880 Haec,
2482 5834 2592 5886 quae
2614 5824 2664 5873 in
2687 5822 2806 5875 Mor.
2830 5838 2996 5879 manca
3013 5830 3172 5890 erant,
3196 5829 3247 5880 in
3278 5827 3425 5881 Cois].
3447 5827 3517 5876 sic
3534 5823 3872 5874 restituuntur
