4058 6258
275 373 382 427 205

276 487 386 540 sive
429 487 687 542 ementita
715 528 729 553 ,
760 488 873 543 sive
901 504 1023 543 vera
1066 491 1172 545 sint
1210 508 1329 561 qua:
1359 494 1426 547 de
1469 494 1548 549 eis
1591 494 1858 549 dicimus:

281 575 532 645 quoniam
564 586 619 631 et
650 575 951 632 Pharisaeus
981 580 1260 647 publicano
1297 581 1427 635 nihil
1451 585 1652 651 necuit,
1698 585 1790 641 sed
1816 584 1870 641 et

281 669 380 737 ipsi
410 669 626 738 profuit,
662 670 787 723 licet
807 686 929 724 vera
956 671 1023 725 de
1049 687 1115 726 eo
1139 674 1361 728 diceret.
1395 675 1657 731 Caeterum
1685 678 1867 732 nobis-

286 760 419 828 ipsis
446 758 580 813 mala
611 768 852 814 extrema
893 761 991 828 ipsi
1028 766 1352 818 accersimus
1374 807 1388 830 ,
1426 766 1564 820 sicut
1592 777 1645 821 et
1677 768 1864 822 Phari~

281 865 422 905 scus
450 852 503 905 in
534 851 771 920 seipsum
800 853 1034 922 gladium
1076 854 1327 923 impulit.
1370 864 1426 911 et
1467 857 1612 912 letali
1653 867 1869 928 accepta

282 943 433 1011 plaga
463 941 612 995 abiit.
648 941 714 997 Ut
741 942 903 1013 igitur
928 958 996 997 ne
1017 953 1070 998 et
1100 961 1196 999 uos
1215 945 1353 1000 idem
1384 948 1666 1016 patiamur,
1700 948 1869 1017 impe-

282 1048 461 1087 remus
498 1033 773 1087 indomita:
825 1034 1036 1104 linguae.
1079 1035 1211 1089 Nam
1253 1038 1297 1090 si
1330 1038 1374 1089 is
1404 1078 1418 1102 ,
1463 1037 1552 1105 qui
1586 1039 1870 1107 publicano

281 1126 578 1191 maledixit,
607 1139 820 1195 pennam
852 1138 958 1181 non
988 1126 1211 1197 effugit,
1246 1144 1344 1182 nos
1365 1130 1453 1198 qui
1497 1130 1736 1199 patribus
1768 1144 1868 1184 no-

280 1216 407 1269 stris
451 1215 819 1271 maledicimus
847 1258 862 1282 ,
890 1232 992 1286 qua
1048 1231 1145 1271 nos
1192 1218 1433 1288 apologia
1485 1220 1793 1275 tuebimur?
1825 1221 1866 1275 si

279 1305 479 1368 Maria,
513 1302 651 1374 quod
684 1305 830 1360 fratri
858 1306 1022 1360 semel
1065 1308 1394 1362 maledixerit
1428 1331 1443 1375 δ
1490 1318 1690 1365 tantam
1720 1311 1867 1366 dedit

280 1410 491 1465 penam
516 1394 701 1467 (Nam.
738 1397 822 1450 12.
854 1396 968 1467 l0):
998 1397 1149 1466 cujus
1178 1398 1334 1453 nobis
1360 1400 1546 1453 salutis
1571 1414 1713 1468 spes,
1738 1414 1861 1455 cum

282 1499 381 1538 nos
411 1486 649 1554 quotidie
690 1486 955 1555 principes
996 1486 1214 1542 infinitis
1259 1488 1512 1543 conviciis
1556 1488 1868 1543 afficimus?

279 1574 358 1630 Ne
385 1574 522 1628 mihi
544 1573 645 1629 hoc
669 1575 788 1645 quis
808 1575 1018 1641 dixerit,
1047 1577 1136 1632 Ille
1161 1577 1333 1632 Moses
1350 1587 1465 1633 erat
1486 1596 1498 1632 :
1522 1590 1705 1647 petero
1722 1580 1865 1634 enim

277 1677 334 1720 et
354 1680 453 1735 ego
482 1665 681 1728 dicere,
712 1665 801 1720 Illa
824 1665 985 1720 Maria
1013 1674 1147 1721 erat.
1179 1667 1461 1733 Caeterum,
1491 1677 1548 1723 ut
1577 1678 1629 1723 et
1653 1669 1753 1722 alia
1779 1686 1861 1723 ra-

279 1756 426 1809 tione
456 1756 555 1809 hoc
585 1754 865 1809 manifeste
893 1770 1183 1825 cognoscas
1212 1798 1227 1823 ,
1277 1756 1417 1827 quod
1467 1772 1563 1812 nec
1598 1758 1641 1812 si
1683 1758 1866 1811 crimi-

279 1862 407 1901 num
431 1847 508 1901 rei
530 1847 636 1900 sint
658 1846 1002 1912 sacerdotes,
1034 1847 1099 1901 de
1130 1847 1339 1902 illorum
1371 1848 1464 1903 tibi
1497 1850 1601 1902 vita
1625 1848 1867 1919 judicare

279 1938 360 1993 fas
400 1939 504 2003 sit,
547 1938 670 1992 audi
719 1938 846 2009 quid
888 1938 1029 1993 dicat
1072 1938 1139 1994 de
1190 1938 1516 2008 principibus
1559 1939 1865 1994 Judmorum

276 2030 557 2084 Christus:
591 2028 762 2099 Super
801 2030 1092 2083 cathedram
1146 2029 1303 2084 Mosi:
1340 2032 1573 2085 sederunt
1614 2032 1792 2085 scriba:
1820 2042 1866 2085 et

278 2118 532 2173 Pharisai
560 2135 577 2173 :
607 2124 777 2173 omnia
802 2120 956 2191 igitur
974 2136 1301 2191 quwcumque
1338 2120 1559 2174 dixerint
1588 2121 1729 2175 vobis
1758 2163 1772 2185 ,
1812 2132 1866 2175 ut

277 2213 511 2282 faciatis,
544 2211 697 2280 facite
721 2227 739 2265 :
753 2213 907 2282 juxta
948 2228 1103 2282 apere
1148 2222 1315 2264 autem
1359 2228 1533 2266 eormn
1571 2229 1632 2266 ne
1662 2213 1863 2284 faciatis

282 2301 497 2369 (Matth.
525 2301 683 2356 23.2.
708 2300 783 2373 ὅ).
818 2300 954 2365 Jam,
981 2301 1103 2370 quid
1130 2301 1232 2356 illis
1250 2302 1401 2370 pejus
1432 2301 1606 2369 fuerit,
1639 2318 1865 2373 quorum

277 2392 424 2446 zelus
452 2390 645 2446 futuris
670 2392 941 2462 discipulis
994 2394 1184 2449 noxius
1223 2395 1376 2448 erat?
1406 2394 1654 2449 Attamen
1688 2410 1860 2464 neque

278 2483 357 2536 sic
378 2496 471 2537 eos
490 2481 733 2552 deposuit
755 2497 783 2535 a
811 2482 1084 2553 dignitate,
1121 2499 1292 2553 neque
1315 2485 1538 2541 subditis
1554 2485 1855 2553 despicabi-

280 2572 359 2625 les
386 2572 544 2625 fecit:
574 2571 873 2641 idquejure
901 2574 1111 2628 merito.
1139 2573 1269 2627 Nam
1306 2575 1349 2628 si
1382 2575 1547 2630 semel
1592 2575 1728 2629 hanc
1766 2591 1863 2645 po-

276 2670 522 2717 testatem
541 2662 863 2731 arripuerint
881 2662 1097 2728 subditi,
1111 2664 1286 2718 statim
1306 2664 1611 2734 magistratu
1630 2665 1866 2735 privatos

277 2755 548 2824 principes
589 2753 656 2808 dc
690 2753 946 2824 dignitate
986 2755 1257 2811 deturbari
1308 2756 1624 2811 videbimus.
1658 2757 1864 2826 Eapro-

278 2858 398 2916 pter
429 2846 623 2900 Paulus
650 2862 771 2900 cum
822 2848 1113 2917 principem
1164 2848 1499 2903 sacerdotum
1557 2847 1864 2903 Juda‘orum

276 2940 599 2995 contumelia
629 2939 894 2996 affecisset
914 2982 927 3003 ,
957 2957 1020 2995 ac
1048 2941 1273 2997 dixisset
1306 2959 1317 2995 :
1347 2941 1597 2995 Percutiet
1628 2951 1675 2994 te
1703 2939 1861 3004 Deus,

277 3032 447 3107 paries
471 3031 741 3089 dealbate:
772 3042 815 3086 et
845 3042 896 3085 tu
918 3034 1162 3105 judicans
1191 3050 1266 3087 me
1287 3033 1469 3106 sedes(
1498 3036 1609 3088 Act.
1635 3033 1725 3089 25.
1756 3033 1865 3102 5)?

281 3138 564 3198 postquam
594 3139 769 3182 autem
805 3126 1061 3197 quosdam
1086 3126 1283 3180 audivit
1317 3141 1375 3181 se
1401 3126 1737 3195 increpantes
1767 3169 1781 3190 ,
1811 3134 1866 3181 et

278 3219 520 3274 dicentes
546 3237 558 3272 :
592 3218 670 3270 Po
684 3219 901 3287 nti/iccm
930 3217 1023 3270 Dei
1051 3216 1285 3270 conviciis
1311 3217 1514 3270 incessis
1559 3216 1662 3286 (Ib.
1691 3234 1735 3270 v.
1759 3218 1814 3286 4)
1842 3222 1863 3270 1'

278 3321 580 3364 monstrare
596 3311 813 3373 volens,
842 3318 1097 3378 quantum
1129 3317 1338 3376 oportet
1368 3308 1734 3363 sacerdotibus
1774 3310 1864 3364 Dei

277 3399 535 3454 exhibere
572 3399 827 3453 honorem
866 3408 919 3453 et
961 3400 1313 3453 reverentiam
1350 3438 1365 3465 ,
1404 3398 1530 3469 quid
1559 3399 1727 3454 dicit?
1758 3398 1859 3452 Ne-

282 3489 499 3541 sciebam
526 3488 659 3557 quod
698 3490 925 3559 pontifex
954 3487 1048 3541 Dci
1067 3498 1193 3541 esset
1228 3488 1245 3557 (
1276 3486 1356 3540 Ib.
1384 3503 1431 3540 υ.
1465 3487 1559 3558 5).
1581 3488 1866 3556 Propterea

280 3587 339 3632 et
366 3577 529 3631 David
556 3620 570 3641 ,
600 3593 719 3632 cum
761 3576 974 3632 Saulcm
1011 3577 1454 3646 apprehendisset
1494 3578 1866 3647 praevaricato-

281 3682 421 3733 rem,
446 3678 501 3721 et
528 3668 818 3737 Spirantem
851 3667 1193 3721 homicidium
1215 3709 1228 3731 ,
1257 3668 1541 3737 multisque
1570 3668 1742 3737 pinnis
1792 3667 1869 3720 tli-

278 3776 481 3832 gnum:
510 3776 614 3814 nou
647 3760 815 3813 solum
845 3761 959 3830 ejus
993 3761 1113 3814 vitae
1138 3760 1378 3830 pepercit
1409 3801 1424 3825 ,
1474 3752 1568 3814 sed
1614 3774 1786 3829 neque
1814 3768 1869 3812 ut

282 3853 509 3907 verbum
539 3861 787 3921 asperum
830 3853 881 3905 in
917 3869 1037 3906 eum
1061 3853 1328 3922 jaceretur
1359 3894 1373 3916 ,
1416 3853 1663 3906 sustinuit
1692 3892 1707 3915 ,
1736 3867 1866 3905 cau-

283 3959 506 4014 samque
530 3960 729 4013 ponens
746 3944 873 3998 dicit
891 3964 902 3996 :
919 3943 1144 3998 Christus
1160 3944 1361 3997 Domini
1376 3953 1445 3997 est
1465 3944 1510 4014 (l
1526 3982 1539 3996 .
1560 3942 1863 4014 Reg.24.7).

284 4033 470 4104 Neque
492 4034 614 4088 hinc
639 4034 833 4101 solum,
857 4034 949 4089 sed
980 4043 1033 4088 et
1056 4034 1271 4088 aliunde
1291 4034 1470 4088 videre
1492 4034 1613 4088 licet
1631 4035 1865 4103 copiose,

283 4126 555 4196 quomodo
581 4126 850 4181 subditum
888 4126 1071 4196 procul
1103 4141 1132 4180 a
1163 4126 1502 4181 sacerdotum
1529 4125 1869 4195 correptione

286 4219 479 4273 abesse
503 4227 730 4288 oportet.
750 4219 881 4273 Nam
898 4233 1017 4273 cum
1048 4219 1333 4288 aliquando
1359 4235 1481 4273 arca
1503 4218 1864 4284 reduceretur,

288 4319 342 4363 et
371 4309 702 4363 subditorum
725 4310 886 4379 aliqui
924 4310 988 4363 ad
1016 4310 1221 4379 lapsum
1247 4310 1599 4365 declinantem
1630 4310 1870 4365 videntes

288 4401 575 4473 erigerent,
610 4416 675 4457 eo
701 4402 815 4469 ipso
844 4401 1033 4455 inloco
1058 4416 1266 4471 ptenam
1292 4400 1592 4466 dederunt,-
1624 4410 1677 4455 et
1701 4416 1729 4453 a
1763 4401 1870 4455 Do-

291 4493 439 4549 mino
485 4491 764 4560 percussi,
820 4491 1013 4546 mortui
1079 4496 1431 4557 manserunt,
1482 4490 1689 4545 tametsi
1743 4490 1872 4544 nihil

287 4591 512 4652 agerent
547 4582 835 4637 absurdum
866 4583 943 4653 (‘2.
974 4578 1098 4654 Reg.
1131 4582 1183 4637 6.
1214 4576 1292 4651 7).
1321 4580 1437 4636 Non
1467 4582 1608 4636 enim
1636 4581 1866 4636 subver-

289 4675 476 4729 tebant
495 4717 509 4735 .
532 4674 625 4729 sed
654 4674 921 4745 lapsuram
960 4673 1253 4745 erigebant.
1282 4674 1351 4729 Et
1389 4683 1447 4728 ut
1485 4689 1549 4729 ex
1579 4673 1870 4730 abundanti

286 4766 624 4820 sacerdotum
646 4766 955 4837 dignitatem
986 4766 1179 4833 discas,
1208 4764 1544 4834 etquomodo
1566 4779 1669 4819 non
1697 4764 1768 4819 sit
1795 4765 1872 4817 fas

286 4856 560 4913 subditum
589 4898 604 4920 .
628 4868 680 4911 et
708 4857 760 4911 in
782 4857 970 4913 ordine
990 4857 1244 4913 laicorum
1267 4857 1581 4911 existentem
1608 4856 1729 4909 talia
1752 4862 1872 4909 cor-

288 4949 499 5018 rigere:
541 4948 662 5001 illos
705 4949 755 5003 in
808 4947 980 5003 media
1012 4946 1348 5003 multitudine
1390 4947 1627 5012 occidit,
1653 4954 1875 5003 cmteros

289 5052 484 5092 omnes
507 5036 607 5091 hoc
637 5037 875 5106 prodigio
900 5036 1184 5093 admodum
1214 5046 1439 5099 terrens,
1468 5045 1523 5092 et
1552 5035 1875 5107 persuadens

288 5129 371 5183 eis
395 5169 411 5193 ,
466 5144 532 5182 ne
571 5128 637 5184 ad
667 5129 827 5200 adyta
866 5130 1149 5184 sacerdotii
1196 5130 1471 5186 accedant.
1499 5130 1554 5187 Si
1583 5130 1723 5185 enim
1767 5130 1877 5183 siu-

288 5220 402 5289 guli
422 5220 646 5275 obtentu
678 5220 818 5275 male
842 5230 959 5274 acta
980 5220 1276 5291 corrigendi
1307 5223 1357 5277 in
1388 5210 1669 5276 sacerdotii
1697 5218 1874 5289 digni-

291 5320 459 5365 tatem
482 5326 540 5366 se
559 5310 809 5379 inferant,
834 5328 1123 5383 numquam
1143 5311 1624 5383 deeritcorrigendi
1642 5310 1873 5375 occasio.

288 5409 347 5453 et
376 5399 614 5454 confusis
640 5401 778 5456 inter
803 5416 863 5456 se
889 5402 1134 5457 omnibus
1152 5443 1168 5468 ,
1192 5401 1328 5459 inter
1359 5400 1649 5471 principem
1678 5406 1734 5455 et
1754 5398 1877 5453 sub.

288 5491 463 5547 ditum
491 5507 596 5545 non
626 5491 1014 5551 diseernemus.
1046 5492 1215 5549 Nemo
1241 5492 1355 5548 haec
1380 5507 1463 5548 me
1480 5492 1658 5548 dicere
1688 5492 1873 5560 apine-

292 5592 382 5638 tur
397 5625 412 5647 ,
433 5583 584 5654 quasi
616 5582 684 5638 ad
704 5583 1009 5639 sacerdotes
1036 5582 1363 5639 sccusandos
1388 5584 1507 5653 (per
1531 5581 1623 5637 Dei
1650 5595 1878 5653 namque

290 5674 520 5744 gratiam
545 5674 597 5726 in
629 5674 879 5729 omnibus
905 5714 924 5741 ,
954 5683 1014 5729 ut
1041 5685 1096 5730 et
1119 5688 1213 5730 vos
1236 5674 1384 5731 scitis
1409 5713 1425 5741 ,
1455 5686 1699 5743 magnam
1721 5671 1875 5728 exhi-

288 5765 419 5820 bent
460 5764 787 5837 probitatem
808 5808 824 5833 ,
851 5776 905 5821 et
934 5765 1130 5821 nemini
1158 5780 1403 5836 umquam
1434 5760 1747 5821 criminandi
1777 5778 1876 5818 an-

1024 376 1088 431 IN
1129 378 1349 445 ILLUD,
1392 380 1758 439 SALUI'ATE
1794 385 2195 441 PRISCILLAM
2229 390 2313 443 ET
2354 390 2680 458 AQUILAM.
2725 394 2785 447 Il.

3446 402 3551 457 9.06

1978 513 2092 552 sam
2117 497 2417 570 dederunt),
2448 503 2541 557 sed
2571 513 2629 557 ut
2657 504 2892 568 discatis,
2928 507 3133 561 etiamsi
3164 509 3433 579 improbos
3463 514 3558 569 han

1978 589 2174 644 beretis
2206 604 2383 659 patres
2406 634 2421 657 ,
2441 604 2495 657 et
2528 597 2785 651 molestos
2813 599 3099 667 magistros
3129 640 3142 662 ,
3185 615 3355 672 neque
3380 605 3457 658 sie
3480 609 3559 659 eis

1978 679 2301 735 maledicere
2343 683 2492 737 vobis
2518 700 2764 741 securum
2812 698 2864 741 et
2913 688 3115 759 absque
3143 692 3293 758 gravi
3326 694 3555 761 periculo

1978 770 2108 825 fore.
2138 772 2267 826 Nam
2299 775 2339 827 si
2370 775 2435 830 de
2470 778 2835 845 corporalibus
2862 781 3165 847 parentibus
3193 784 3406 850 Sapiens
3433 786 3553 853 qui-

1975 864 2097 918 dam
2115 864 2243 919 dicit
2280 885 2293 920 :
2323 866 2385 919 Si
2409 884 2557 921 sensu
2583 869 2783 937 deﬁciat
2802 911 2816 932 ,
2839 872 3037 924 veniam
3062 873 3128 925 da
3146 870 3328 936 (bjccli.
3360 875 3413 929 5.
3441 875 3553 943 15);

1975 954 2097 1022 quid
2122 954 2264 1009 enim
2288 955 2393 1010 illis
2421 957 2601 1021 dabis,
2625 959 2781 1028 quale
2815 960 2911 1027 ipsi
2937 962 3028 1015 tibi
3057 961 3081 1015 ?
3109 964 3275 1018 multo
3304 964 3469 1033 magis
3499 965 3550 1018 in

1975 1047 2341 1113 spiritualibus
2380 1048 2500 1103 hrcc
2524 1051 2608 1105 lex
2641 1051 3012 1106 observanda:
3044 1068 3107 1107 ac
3133 1056 3550 1124 uniuscujdsque

1975 1138 2207 1192 ofﬁcium
2237 1149 2349 1205 est,
2384 1149 2439 1193 ut
2479 1155 2628 1194 suam
2662 1142 2829 1210 ipsius
2854 1143 3013 1196 vitam
3053 1144 3334 1211 diligenter
3371 1146 3551 1200 consi-

1973 1230 2157 1295 deret,
2182 1239 2234 1284 ct
2256 1233 2486 1285 exeutiat
2510 1275 2524 1296 ,
2563 1248 2629 1288 ne
2656 1233 2902 1288 videlicet
2928 1236 3206 1289 audiamus
3230 1240 3279 1289 ln
3302 1235 3388 1291 die
3419 1236 3511 1290 illo
3538 1255 3555 1291 :

1978 1316 2279 1389 Hypocrita,
2314 1321 2434 1387 quid
2456 1322 2591 1376 vides
2622 1326 2861 1393 festucam
2889 1325 2940 1377 in
2966 1324 3113 1379 oeulo
3140 1325 3312 1393 fratris
3338 1327 3411 1380 tui
3442 1368 3457 1391 ,
3500 1328 3552 1380 in

1974 1419 2061 1464 tuo
2094 1414 2262 1465 autem
2293 1412 2437 1465 oculo
2463 1412 2651 1465 trabem
2671 1430 2772 1466 non
2799 1412 3086 1468 consideras
3117 1398 3343 1484 (Matth.
3367 1403 3421 1469 7.
3452 1417 3553 1485 3)?

1973 1498 2183 1554 Etenim
2227 1500 2627 1571 hypocritarum
2658 1518 2790 1571 opus
2816 1512 2939 1568 est,-
2984 1504 3193 1572 publice
3232 1503 3447 1574 quidem
3497 1516 3553 1561 ct

1971 1590 2222 1644 omnibus
2249 1590 2551 1646 videntibus
2581 1593 2808 1648 osculari
2837 1608 3024 1648 manus
3060 1594 3397 1650 sacerdotum
3415 1638 3429 1660 ,
3458 1613 3553 1666 ge-

1973 1694 2076 1734 nua
2110 1688 2346 1751 tangere,
2379 1683 2696 1752 supplicare,
2721 1693 2777 1737 ut
2801 1698 2899 1753 pro
2925 1699 2985 1739 se
3013 1694 3185 1749 orent,
3215 1695 3270 1740 et
3290 1685 3554 1756 baptlsnio

1973 1770 2268 1840 indigentes
2307 1772 2371 1825 ad
2404 1772 2611 1828 illorum
2635 1773 2826 1842 januas
2854 1780 3100 1829 currere:
3127 1776 3271 1831 domi
3300 1782 3475 1834 autem
3500 1790 3556 1834 et

1971 1858 2022 1912 in
2042 1859 2157 1915 foro
2180 1868 2446 1916 tantorum
2471 1863 2733 1917 bonorum
2757 1866 2909 1919 nobis
2927 1866 3171 1922 auctores
3196 1877 3247 1922 et
3280 1869 3553 1925 ministros

1972 1949 2151 2003 multis
2178 1950 2238 2004 af
2237 1950 2392 2006 ficere
2412 1952 2642 2021 probris,
2662 1954 2743 2009 vel
2760 1955 3211 2011 Conviciat‘oribus
3226 1957 3551 2013 consentire.

1971 2039 2122 2105 Quod
2154 2042 2197 2094 si
2230 2056 2355 2096 vere
2388 2043 2556 2097 malus
2576 2053 2659 2099 est
2685 2053 2837 2112 pater
2856 2087 2871 2111 ,
2901 2046 3172 2115 quomodo
3202 2045 3306 2103 fide
3331 2048 3551 2116 dignum

1970 2139 2124 2199 putas
2151 2141 2255 2185 tam
2288 2134 2600 2188 terribilium
2634 2148 3088 2192 sacramentorum
3118 2139 3417 2195 ministrum
3445 2140 3468 2194 ?
3496 2141 3552 2197 Si

1970 2233 2146 2279 autem
2182 2223 2288 2279 fide
2331 2224 2517 2294 dignus
2543 2226 2637 2281 tibi
2671 2227 2913 2282 minister
2937 2243 3059 2283 esse
3105 2229 3317 2287 videtur
3341 2271 3357 2296 ,
3389 2246 3556 2301 quare

1972 2305 2078 2359 fers
2108 2307 2241 2360 alios
2267 2308 2312 2360 ei
2340 2308 2736 2371 maledicentes.
2769 2320 2821 2364 et
2845 2326 2946 2365 non
2977 2312 3194 2366 obturas
3222 2327 3406 2368 eorum
3436 2328 3553 2380 ora,

1971 2409 2145 2464 neque
2176 2395 2525 2450 stomacharis
2546 2438 2559 2459 .
2584 2412 2756 2468 neque
2782 2415 2922 2468 aegre
2958 2399 3095 2464 fers,
3137 2410 3194 2454 ut
3238 2410 3291 2456 et
3334 2402 3553 2456 multam

1971 2484 2202 2554 accipias
2230 2500 2258 2539 a
2290 2486 2398 2540 Deo
2416 2487 2741 2552 menccdem,
2771 2497 2823 2543 et
2852 2489 3059 2543 laudem
3080 2489 3309 2559 abipsis
3334 2490 3554 2545 maledi-

1969 2577 2084 2631 cis?
2124 2576 2253 2631 Nam
2291 2578 2412 2633 licet
2442 2588 2691 2634 sexcenta
2729 2580 2966 2635 convicia
2998 2580 3304 2650 proferant,
3337 2584 3557 2637 omnino

1971 2676 2150 2723 tamen
2179 2678 2228 2723 te
2259 2669 2547 2723 laudabunt
2570 2677 2627 2724 et
2650 2670 3093 2740 amplexabuntur
3110 2672 3179 2726 ob
3199 2672 3467 2742 egregiam
3498 2674 3551 2727 in

1972 2768 2147 2830 patres
2182 2776 2596 2816 curam:contra
2623 2778 2750 2818 vero
2775 2763 2821 2817 si
2845 2763 2945 2817 hoc
2977 2778 3081 2818 non
3112 2763 3368 2819 faciamus
3390 2806 3402 2825 ,
3433 2778 3554 2819 om-

1971 2866 2066 2905 nes
2085 2867 2183 2905 nos
2204 2851 2827 2917 condemnabunt,etiam
2856 2853 2929 2905 illi
2962 2853 3061 2922 ipsi
3088 2854 3178 2923 qui
3204 2853 3549 2908 maledicunt.

1970 2943 2188 2998 Adharc
2225 2944 2430 2998 accedit
2457 2944 2580 2999 illud
2614 2945 2780 2997 multo
2804 2945 3017 3013 gravius
3045 2986 3060 3008 ,
3089 2945 3230 3014 quod
3257 2950 3551 2999 extremam

1971 3034 2077 3088 illic
2100 3033 2343 3089 dabimus
2367 3048 2596 3103 ptenam.
2622 3035 2754 3103 Quia
2785 3034 2911 3089 nihil
2940 3035 3160 3105 perinde
3180 3036 3257 3090 sic
3289 3034 3554 3091 Ecclesias

1972 3125 2252 3182 labefactat
2286 3136 2446 3197 atque
2481 3128 2697 3182 morbus
2723 3128 2911 3183 illech
2947 3128 3081 3182 sicut
3127 3144 3320 3197 corpus
3362 3145 3555 3182 nervo-

1972 3232 2088 3270 rum
2124 3216 2303 3271 debita
2340 3216 2653 3272 habitudine
2693 3232 2883 3273 carens
2913 3219 3107 3273 multas
3137 3219 3303 3288 gignit
3330 3220 3548 3288 aegritu-

1969 3307 2152 3373 dines,
2176 3316 2230 3363 et
2258 3309 2418 3362 vitam
2446 3308 2568 3363 facit
2595 3308 2872 3362 molestam
2897 3327 2910 3362 :
2934 3308 3006 3362 ita
3039 3308 3278 3363 Ecclesia
3306 3324 3409 3362 non
3438 3310 3547 3364 cit-'-

1970 3401 2215 3454 cumdata
2248 3400 2368 3454 forti
2393 3402 2479 3454 illa
2502 3410 2553 3455 et
2576 3400 2795 3455 infracta
2825 3402 3059 3455 caritatis
3085 3406 3295 3467 catena,
3321 3402 3552 3471 plurima

1972 3492 2196 3560 parturit
2225 3490 2384 3555 bella,
2418 3490 2547 3543 iram
2582 3490 2674 3544 Dei
2696 3498 2884 3559 auget,
2924 3499 2977 3544 ct
2998 3491 3279 3544 multarum
3303 3491 3553 3544 tentatio-

1971 3596 2099 3635 num
2153 3589 2235 3634 est
2285 3581 2516 3634 occasio.
2564 3580 2641 3634 Ne
2686 3582 2843 3650 igitur
2897 3580 3011 3635 haec
3057 3580 3552 3650 contingant,nevc

1975 3672 2139 3727 Deum
2169 3672 2551 3729 exacerbemus
2581 3713 2596 3737 ,
2629 3688 2697 3728 ne
2739 3680 2918 3727 nostra
2966 3682 3254 3744 augeamus
3285 3675 3419 3728 mala
3453 3717 3467 3739 ,
3500 3686 3553 3729 et

1971 3778 2182 3833 poenam
2240 3772 2439 3818 certam
2480 3762 3013 3833 indeclinabilemque
3059 3778 3451 3832 comparemus,
3479 3766 3558 3817 vi-

1974 3864 2189 3924 tamque
2237 3854 2373 3907 hanc
2422 3853 2602 3907 multis
2640 3854 2901 3909 molestiis
2949 3854 3285 3923 repleamus:
3319 3864 3554 3908 uestram

1972 3946 2038 4000 ad
2067 3946 2200 4000 bene
2231 3944 2553 4014 loquendum
2590 3944 2819 4015 linguam
2866 3942 3245 3999 transferentes
3270 3984 3284 4009 ,
3315 3952 3551 3997 nostram

1974 4037 2208 4106 ipsorum
2251 4037 2414 4090 vitam
2454 4036 2675 4106 singulis
2699 4035 2888 4093 diebus
2916 4034 3196 4104 diligenter
3222 4042 3551 4096 scrutemur;

1973 4129 2197 4182 aliorum
2226 4136 2401 4182 autem
2432 4128 2591 4181 vitam
2622 4129 2759 4195 ejus,
2792 4125 2880 4196 qui
2911 4125 3068 4180 etiam
3094 4124 3360 4195 incognita
3387 4138 3545 4179 acut"

1975 4231 2089 4278 rate
2112 4220 2257 4275 novit
2287 4261 2301 4283 ,
2328 4219 2529 4290 judicio
2560 4219 2920 4289 relinquentes
2948 4257 2961 4281 ,
2991 4216 3091 4287 ipsi
3128 4225 3308 4270 nostra
3340 4224 3557 4285 peccata

1977 4315 2308 4369 damnemus.
2329 4312 2401 4368 ita
2433 4312 2585 4367 nobis
2610 4312 2864 4381 gehenna:
2892 4310 3067 4381 ignem
3099 4309 3278 4364 licebit
3300 4308 3555 4379 elfugere.

1975 4403 2106 4458 Nam
2124 4404 2259 4457 sicut
2291 4404 2344 4465 ii,
2372 4402 2460 4471 qui
2491 4401 2542 4454 in
2570 4402 2759 4455 alienis
2787 4401 3048 4455 curiosius
3073 4397 3413 4469 explorandis
3444 4415 3556 4453 ma-

1980 4494 2046 4547 lis
2075 4494 2316 4563 occupati
2344 4499 2487 4555 sunt,
2515 4507 2732 4545 suorum
2761 4499 3103 4559 peccatorum
3133 4490 3333 4543 nullam
3360 4488 3561 4543 habent

1979 4585 2237 4639 rationem
2265 4601 2277 4633 :
2312 4583 2381 4637 ita
2412 4583 2500 4653 qui
2542 4582 2610 4636 ab
2654 4582 2824 4635 aliena
2863 4581 2967 4635 vita
2999 4578 3331 4634 discutienda
3357 4578 3555 4633 abhor-

1978 4685 2116 4741 rent,
2149 4690 2390 4745 magnam
2414 4688 2630 4728 suorum
2659 4671 2974 4727 delictorum
3004 4670 3275 4725 habebunt
3300 4669 3558 4725 sollicitua

1978 4771 2154 4826 dinem
2183 4787 2194 4822 :
2228 4778 2281 4824 et
2306 4769 2394 4839 qui
2421 4783 2513 4823 sua
2545 4765 2884 4821 considerant
2911 4763 3068 4828 mala,
3100 4763 3295 4834 illaque
3321 4761 3559 4830 quotidie

1979 4861 2287 4928 discutiunt,
2317 4874 2346 4912 a
2376 4857 2567 4928 seipsis
2595 4863 2945 4928 exposcentes
2972 4870 3157 4924 pmnas
3178 4898 3191 4921 ,
3225 4855 3408 4910 mitem
3433 4863 3559 4909 tunc

1982 4955 2211 5011 habituri
2253 4962 2375 5007 sunt
2398 4951 2652 5021 judicem.
2690 4949 2741 5003 Id
2771 4948 2909 5019 quod
2952 4948 3147 5004 Paulus
3175 4946 3452 5003 declarans
3471 4945 3560 5003 di-

1978 5049 2163 5103 cebat:
2199 5040 2334 5101 Nam
2358 5046 2401 5100 si
2432 5045 2659 5113 nosipsos
2676 5042 3025 5113 jttdicaremus
3055 5083 3067 5107 ,
3097 5058 3197 5095 non
3228 5050 3398 5109 utique
3413 5038 3565 5111 judfr

1980 5153 2212 5191 caremur
2229 5153 2260 5188 a
2284 5133 2500 5188 Domino
2522 5132 2595 5199 (1.
2614 5130 2731 5187 Cor.
2756 5128 2960 5203 ll.5l).
2979 5127 3050 5186 Ut
3067 5138 3242 5185 autem
3272 5129 3416 5185 illam
3438 5142 3563 5185 seu-

1981 5231 2198 5285 tentiam
2235 5228 2548 5300 elfugiamus
2579 5269 2593 5292 ,
2633 5226 2832 5283 relictis
2880 5226 3128 5281 onmibus
3168 5225 3323 5289 aliis,
3367 5236 3562 5292 magno

1984 5320 2160 5375 studio
2188 5321 2351 5377 vitam
2380 5330 2616 5377 nostram
2639 5318 3025 5382 examinemus,
3055 5316 3384 5386 corrigamus
3411 5314 3557 5383 cogi-

1982 5412 2210 5469 tationes
2247 5411 2311 5466 ad
2356 5410 2678 5480 peccandum
2714 5409 3023 5464 inducentes
3052 5448 3067 5471 ,
3094 5403 3472 5461 conscientiam
3494 5400 3561 5455 ad

1983 5502 2443 5569 compunctionem
2469 5500 2746 5557 flectamus
2765 5541 2783 5566 ,
2802 5508 3038 5553 actorum
3064 5503 3370 5551 nostrorum
3391 5492 3560 5549 ratio-

1982 5608 2098 5647 nem
2135 5601 2454 5663 repetamus.
2475 5589 2565 5647 Sic
2586 5592 2726 5646 enim
2746 5588 3037 5661 poterimus
3054 5586 3206 5642 facile
3224 5591 3560 5657 peccatorum

1984 5686 2259 5741 exonerari
2290 5684 2496 5741 sarcina
2528 5725 2542 5751 ,
2576 5683 2739 5738 multa
2779 5681 2931 5738 venia
2975 5680 3107 5744 frui,
3140 5684 3565 5749 prmseutemqne

1986 5780 2142 5837 simul
2162 5780 2323 5835 vitam
2361 5794 2480 5835 cum
2520 5777 2785 5849 voluptate
2826 5776 3183 5831 transmittere
3216 5814 3231 5840 ,
3260 5780 3316 5828 et
3354 5766 3566 5840 assecuti
