4058 6258
553 410 664 468 ιέθἹ

565 516 702 572 bona
743 516 918 573 futura
953 534 966 572 :
997 518 1166 589 gratia
1205 529 1260 574 et
1305 521 1671 577 misericordia
1727 521 1938 577 Domini
1981 521 2148 576 nostri

1290 408 1349 463 S.
1387 409 1667 468 JOANNIS
1700 406 2174 468 CIIRYSOSTOMI
2214 407 2534 466 ARCHIEP.
2573 409 3110 466 CONS’I‘ANTINOP.

3711 410 3803 466 201'.

2259 518 2480 592 Spiritui
2533 534 2721 580 sancto
2771 526 2840 580 sit
2891 524 3095 596 gloria,
3148 524 3203 580 in
3250 523 3447 581 s:erula
3496 526 3814 584 saeculorum.

563 605 690 662 .lesu
735 607 970 675 Clmstt;
1011 625 1110 681 per
1151 626 1310 682 quem
1353 620 1410 668 et
1445 627 1569 668 cum
1601 628 1710 684 quo
1733 613 2066 669 Patrisimul
2091 624 2148 670 et
2255 619 2446 673 Amen.

3223 937 3434 943 .-———~————
3477 935 3782 943 ~—————-—-—-——

2032 1207 2380 1274 ΜΟΝι-ῙὍΜ

664 1422 839 1481 llasce
865 1433 972 1480 tres
997 1424 1274 1492 homilias,
1303 1440 1536 1496 quarum
1565 1425 1711 1496 prior
1749 1424 1802 1480 in
1831 1421 1984 1490 illud,
2023 1422 2246 1492 Propter
2277 1424 2681 1492 fornicationes,
2711 1433 2844 1491 etc.,
2873 1424 3040 1480 altera
3070 1425 3137 1482 de
3166 1424 3369 1481 Libello
3392 1425 3624 1496 repudii,
3651 1429 3812 1493 tertia.

600 1561 794 1628 Quales
826 1561 1078 1617 ducenda:
1105 1563 1209 1616 sint
1238 1579 1446 1630 uxores,
1475 1565 1661 1619 eodem
1687 1571 1928 1633 tempore
1953 1572 2350 1632 consequenter
2398 1563 2610 1619 habitas
2648 1563 2816 1620 fuisse
2842 1565 3197 1635 conspicuum
3226 1575 3328 1622 est.
3361 1564 3664 1620 Secundam
3685 1565 3816 1620 enim

573 1702 790 1771 .paucis
817 1713 938 1774 post
959 1703 1187 1774 primam
1209 1703 1399 1760 diebus
1428 1706 1828 1775 pronuntiatam
1851 1707 2022 1762 fuisse
2046 1707 2192 1762 clare
2219 1706 2418 1761 dicitur
2445 1705 2600 1762 initio
2627 1724 2641 1760 :
2676 1705 2815 1777 Περὶ
2849 1705 3030 1777 γάμου
3063 1706 3279 1777 πρῴην,
3319 1703 3398 1758 De
3426 1704 3624 1772 nuptiis
3654 1719 3816 1772 nuper,

601 1837 656 1892 id
679 1848 785 1904 est,
815 1839 1004 1909 paucis
1028 1848 1152 1896 ante
1173 1841 1362 1896 diebus
1387 1860 1402 1911 ;
1427 1843 1518 1898 ubi
1551 1843 1726 1898 locum
1753 1843 1930 1913 ipsum
1966 1842 2142 1911 Pauli,
2179 1843 2410 1915 Propter
2443 1844 2846 1914 fornicationes,
2877 1855 3008 1908 etc.,
3050 1858 3213 1912 quem
3247 1841 3300 1896 in
3327 1841 3496 1912 priori
3531 1841 3819 1910 explanan-

599 1976 732 2031 dum
759 1985 1088 2048 susceperat,
1119 1982 1185 2035 ad
1220 1981 1440 2038 verbum
1479 1981 1688 2052 repetit.
1715 1981 1954 2037 Tertiam
1989 1984 2104 2053 pari
2136 1985 2298 2040 modo
2325 1985 2510 2055 paucis
2541 1994 2666 2056 post
2686 1984 2981 2041 secundam
3012 1983 3204 2040 diebus
3246 1991 3489 2039 secutam
3543 1996 3666 2037 esse
3702 1979 3824 2034 indi-

604 2115 1298 2188 cathrysostomus,cum
1325 2123 1426 2177 sub
1450 2121 1664 2176 initium
1693 2123 1843 2188 dicit,
1895 2138 1954 2178 se
2001 2137 2194 2193 nuper,
2251 2121 2465 2194 πρώην,
2513 2124 2581 2180 de
2621 2123 2802 2179 libello
2847 2121 3058 2192 repudii
3099 2123 3340 2178 locutum
3375 2135 3516 2176 esse.
3573 2119 3629 2174 In
3664 2119 3819 2187 prima

607 2251 785 2320 agitur
802 2253 1074 2323 praecipue
1102 2254 1169 2309 de
1194 2255 1420 2325 nuptiis,
1454 2271 1563 2326 quo
1594 2266 1750 2330 pacto
1781 2259 1988 2316 scilicet
2010 2259 2389 2316 contrahenda:
2413 2259 2563 2315 sint:
2603 2259 2780 2329 deque
2816 2258 3050 2315 vitandis
3091 2257 3493 2321 saltationibus,
3551 2253 3790 2326 tripudiis
3810 2292 3825 2320 ,

607 2385 885 2444 obscaenis
907 2390 1158 2446 cantibus
1187 2391 1360 2446 solitis
1384 2391 1808 2462 hymenaaorum,
1843 2410 1964 2466 qua
1995 2397 2181 2452 omnia
2209 2413 2425 2468 sponsae
2452 2398 2689 2455 castitati
2721 2399 2882 2454 noxia
2909 2411 3029 2452 esse
3059 2403 3308 2466 possunt.
3343 2394 3628 2450 lnvehitur
3660 2401 3829 2461 postea

609 2528 1036 2600 Chrysostomus
1060 2537 1113 2590 in
1143 2551 1260 2603 eos,
1287 2537 1571 2607 quietiam
1599 2545 1724 2608 post
1767 2539 1958 2593 initum
2003 2537 2412 2593 matrimonium
2459 2547 2639 2592 scorta
2687 2537 2838 2593 adire
2889 2553 2995 2592 non
3043 2544 3304 2593 cessant:
3358 2550 3421 2590 ac
3458 2535 3832 2591 nonnullorum

611 2676 927 2746 opinionem
959 2677 1249 2746 evellitqui
1279 2677 1541 2747 putabant
1571 2677 1875 2733 adulterum
1911 2693 2019 2732 non
2053 2690 2172 2732 esse
2205 2675 2592 2746 conjugatum,
2619 2676 2714 2746 qui
2755 2691 2880 2731 eum
2929 2675 3098 2730 libera
3141 2683 3494 2732 scortaretur.
3523 2673 3585 2728 In
3613 2674 3834 2730 secunda

588 2819 899 2877 "‘de'libello
931 2819 1139 2891 repudii
1175 2827 1456 2884 tractatur,
1493 2828 1547 2874 et
1577 2828 1765 2874 contra
1791 2817 2187 2872 hodiernorum
2221 2816 2535 2873 Graecorum
2573 2815 2898 2871 sententiam
2932 2823 2986 2870 et
3024 2831 3184 2870 usum
3221 2815 3506 2884 statuitur,
3544 2831 3650 2870 non
3688 2815 3835 2870 licere

587 2961 899 3016 mrulierem
928 2961 1144 3026 ducere,
1175 2958 1336 3013 etiam
1361 2972 1660 3027 pro-causa
1680 2954 1932 3013 adulterii
1962 2955 2322 3026 repudiatam.
2348 2953 2545 3010 Tertiae
2591 2962 2971 3025 argumentum
3022 2953 3202 3023 prodit
3245 2953 3360 3025 ipse
3397 2955 3593 3010 titulus
3614 2997 3628 3020 ,
3657 2955 3837 3020 Quales

604 3105 866 3162 ducenda:
898 3105 1002 3159 sint
1033 3119 1219 3158 uxores
1247 3117 1266 3156 :
1299 3118 1421 3158 nam
1450 3115 1548 3172 per
1583 3108 1748 3156 tatam
1794 3099 2112 3156 concionem
2147 3098 2325 3169 agitur
2373 3097 2438 3152 de
2480 3111 2694 3167 sponsae
2727 3093 2921 3151 futurae
2973 3095 3218 3151 moribus
3263 3095 3614 3167 explorandis
3646 3105 3700 3151 et
3742 3095 3832 3150 ad-

588 3245 910 3314 ‘discendis,
939 3253 1229 3318 antequam
1260 3244 1572 3316 coniugium
1608 3243 1838 3297 ineatur.

1481 3863 1623 3934 DE
1669 3861 2054 3932 VERBIS
2097 3858 2364 3930 ILLIS
2417 3855 2968 3940 APOSTOLI,

686 4031 974 4077 nonan
1004 4027 1516 4078 ‘Fonutcs'rtoues
1560 4034 1779 4078 suum
1822 4030 2258 4084 UNUSQUISQUE
2301 4028 2466 4072 sum
2515 4026 2777 4070 UXOREM
2823 4023 3077 4067 usus”
3123 4003 3142 4083 (
3178 4005 3232 4063 1.
3269 4003 3416 4064 Cor.
3447 4002 3508 4060 7.
3553 4002 3638 4083 2)
3687 4002 3783 4073 (a).

2079 4155 2338 4210 θθζὶζὶθο

653 4274 704 4330 Ι.
735 4273 815 4329 Ad
851 4273 1027 4328 mellis
1061 4272 1233 4329 fontes
1261 4273 1421 4329 etiam
1443 4272 1611 4329 hodie
1653 4272 1812 4328 statui
1856 4287 1952 4327 vos
1987 4271 2157 4327 dedu-

578 4379 722 4432 cere,
750 4365 924 4422 mellis
948 4366 1090 4436 quod
1110 4366 1376 4422 fastidium
1398 4381 1684 4438 numquam
1705 4367 1864 4438 parit.
1890 4365 2166 4436 Ejusmodi

579 4470 809 4527 namque
833 4455 980 4514 Pauli
1010 4457 1292 4514 verborum
1321 4468 1404 4514 est
1425 4467 1612 4515 natura
1640 4477 1654 4522 :
1685 4469 1738 4516 et
1763 4474 1892 4514 vero
1919 4458 2164 4530 quicum-

573 4563 678 4620 que
697 4563 792 4606 sua
809 4550 970 4606 corda
997 4550 1240 4607 laticibus
1259 4550 1428 4608 ex‘his
1454 4551 1688 4608 fontibus
1708 4551 1912 4608 haustis
1935 4553 2160 4622 replent,

574 4656 671 4710 per
707 4639 963 4710 Spiritum
1007 4652 1249 4698 sanctum
1294 4644 1628 4715 loquuntur:
1673 4643 1783 4699 imo
1823 4659 1952 4699 vero
1990 4645 2165 4699 mellis

573 4730 821 4786 virtutem
865 4731 882 4764 '
913 4733 1074 4788 etiam
1121 4746 1334 4790 omnem
1385 4742 1673 4804 exsuperat
1729 4749 2001 4790 sacrorum
2046 4736 2162 4792 elo-

572 4823 818 4892 quiorum
842 4823 1112 4895 voluptas.
1144 4827 1317 4898 Atque
1355 4827 1458 4882 hoc
1501 4836 1558 4883 ut
1597 4825 1857 4884 indicaret
1905 4827 2162 4899 prOpheta

571 4913 782 4970 dicebat
810 4934 825 4972 :
848 4915 1021 4983 “Quam
1049 4917 1221 4973 dulcia
1247 4918 1480 4989 faucibus
1504 4921 1628 4976 meis
1653 4921 1855 4992 eloquia
1880 4929 1989 4987 tua,
2012 4938 2163 4992 super

572 5005 674 5058 me‘l
692 5007 769 5060 ori
792 5022 901 5061 meo
930 5006 1102 5081 (Psal.
1142 5009 1262 5065 118.
1299 5010 1440 5076 105).
1472 5009 1656 5082 Neque
1696 5025 1825 5068 vero
1851 5012 2008 5068 melle
2037 5011 2159 5066 dul-

572 5094 686 5148 cior
709 5101 934 5164 tantum,
961 5097 1055 5153 sed
1084 5106 1139 5154 et
1164 5113 1298 5155 auro
1335 5115 1398 5156 ac
1438 5101 1621 5172 lapillo
1646 5103 1834 5172 quovis
1855 5103 2157 5173 pretiosior,

571 5194 624 5241 et
650 5197 876 5257 "argento
903 5191 1084 5258 purior
1110 5201 1193 5247 est
1220 5193 1464 5265 voluptas
1491 5195 1823 5266 eloquiorum
1857 5211 2156 5252 sacrorum.

567 5276 791 5350 'Eioquia
814 5279 1009 5352 quippe
1037 5280 1264 5349 Domini,
1312 5283 1511 5354 eloquia
1551 5295 1713 5353 casta,
1755 5296 2018 5358 argentum
2046 5287 2162 5357 igne

570 5373 932 5440 examinatum,
952 5374 1217 5445 probatum
1233 5384 1400 5441 terra,
1415 5387 1683 5448 purgatum
1697 5375 2155 5450 septuplum(Psal.

566 5462 2160 5541 1l.7).Proptereaquoquedicebatetsapiensquidam'Com-

568 5553 716 5609 edere
741 5553 840 5610 me!
863 5556 1078 5612 multum
1111 5571 1210 5612 non
1231 5555 1417 5614 bonum
1440 5558 1725 5616 :Itonorare
1757 5571 1925 5616 autem
1963 5573 2156 5632 oportet

631 5687 652 5752 ξ
684 5693 831 5752 pnus,
855 5688 1156 5752 voluptatem.

561 5747 706 5872 uati)
727 5747 926 5861 ﬁciis;
955 5747 1065 5801 cum
1100 5751 1348 5806 codicibus
1382 5752 1671 5808 Colbertinis
1712 5756 1806 5809 970
1852 5757 2000 5818 [nunc
2036 5765 2154 5822 Reg.

685 5842 701 5871 .
925 5843 942 5866 .

685 5842 701 5871 ο
727 5842 780 5861 νο
805 5842 822 5860 ι
831 5842 942 5866 νυνι

2273 4283 2522 4323 sermones
2546 4265 2791 4338 gloriosos
2813 4263 2992 4333 (Prov.
3011 4262 3101 4318 9.5.
3131 4262 3247 4332 27).
3281 4261 3411 4316 Nam
3443 4276 3504 4316 ex
3535 4262 3630 4316 illo
3654 4259 3853 4333 quidem

2273 4359 2516 4422 morbus,
2545 4371 2650 4426 quo
2675 4371 2940 4419 caremus,
2971 4369 3114 4424 saepe
3150 4353 3414 4423 gignitur;
3455 4353 3652 4408 horum
3691 4363 3851 4407 autem

2271 4464 2433 4520 opera
2475 4457 2531 4504 et
2579 4447 2820 4518 corporis
2859 4445 3266 4516 mgritudinem,
3323 4458 3422 4513 qua
3463 4450 3736 4509 tenemur,
3766 4441 3852 4495 dc-

2271 4555 2468 4612 ponere
2520 4552 2802 4607 possumus
2845 4555 2858 4592 :
2904 4547 2960 4592 et
3001 4535 3108 4589 mel
3153 4534 3368 4604 quidem
3421 4533 3472 4588 in
3519 4533 3852 4588 concoctione

2268 4631 2648 4700 corrumpitur,
2671 4643 2821 4684 saera
2843 4643 2970 4682 vero
2991 4627 3200 4696 eloquia
3221 4641 3341 4680 cum
3370 4624 3568 4679 fuerint
3588 4631 3849 4684 concocta,

2272 4735 2380 4779 tum
2403 4722 2716 4794 iucundiora
2747 4720 2878 4774 ﬁunt
2901 4729 2954 4774 et
2990 4719 3198 4774 utiliora
3229 4733 3348 4772 cum
3376 4717 3502 4781 illis,
3531 4718 3625 4788 qui
3652 4730 3712 4770 ea
3741 4727 3849 4784 pos-

2269 4815 2463 4883 sident,
2499 4822 2609 4870 tum
2640 4813 2758 4868 aliis
2787 4810 2988 4866 multis.
3039 4811 3116 4864 Ac
3161 4824 3340 4865 mensa
3372 4808 3590 4879 quidem
3623 4805 3851 4862 sensibus

2267 4907 2505 4978 subjecta
2534 4905 2661 4961 dum
2689 4904 2888 4960 all'atim
2924 4902 3186 4973 quispiam
3231 4900 3445 4965 fruitur,
3476 4900 3520 4955 si
3563 4898 3760 4954 deinde
3797 4895 3849 4948 il-

2268 4997 2374 5052 linc
2397 5005 2663 5052 saturatus
2694 5003 2882 5059 ructet,
2913 4991 3229 5062 injucundus
3273 4991 3330 5046 iit
3359 4991 3407 5045 ei
3436 4989 3526 5060 qui
3557 4990 3710 5044 illum
3735 5001 3848 5042 con-

2266 5089 2407 5143 vivio
2436 5087 2679 5156 excepit:
2711 5085 2757 5140 si
2781 5099 2909 5141 vero
2930 5083 3188 5154 spirituali
3209 5082 3448 5137 doctrina
3470 5083 3722 5150 expletus
3741 5095 3852 5134 eru-

2266 5188 2394 5245 ctet,
2424 5177 2647 5234 multum
2681 5192 2899 5233 suavem
2927 5176 3148 5231 odorem
3175 5173 3417 5230 dill‘undit
3453 5173 3504 5227 in
3526 5172 3852 5242 proximum.

2268 5268 2433 5326 David
2471 5267 2684 5339 quidem
2715 5277 2862 5324 certe
2898 5281 3020 5322 cum
3062 5266 3144 5320 his
3184 5264 3410 5336 dapibus
3446 5278 3504 5319 se
3549 5262 3855 5332 frequenter

2265 5361 2525 5430 expleret,
2543 5357 2753 5415 dicebat
2783 5376 2795 5412 :
2827 5357 3089 5413 Eructavit
3117 5374 3204 5411 cor
3242 5371 3407 5411 meum
3436 5354 3641 5409 verbum
3678 5352 3857 5406 bonum

2267 5451 2438 5526 (Psal.
2468 5451 2554 5508 ιι.
2580 5450 2662 5522 2).
2689 5451 2822 5506 Nam
2849 5458 2904 5506 et
2928 5451 3125 5504 malum
3159 5449 3379 5505 verbum
3425 5460 3716 5518 possumus
3743 5460 3858 5498 eru-

2264 5553 2430 5599 ctare.
2463 5542 2530 5598 Et
2573 5541 3023 5613 quemadmodum
3069 5541 3122 5594 in
3169 5539 3269 5595 hac
3307 5537 3489 5595 sensill
3533 5550 3726 5591 mensa
3766 5545 3858 5603 pro

2263 5633 2569 5688 conditione
2610 5632 2930 5687 cibariorum
2971 5631 3278 5702 qualitatem
3319 5645 3520 5694 eorum,
3567 5641 3697 5696 qua:
3736 5640 3856 5680 eru-

2263 5732 2497 5789 ctantur,
2525 5723 2793 5779 cernimus
2813 5736 3072 5792 apparere
3103 5737 3116 5776 :
3146 5722 3224 5776 sic
3244 5720 3489 5776 nimirum
3510 5728 3555 5771 el
3581 5717 3638 5770 in
3664 5716 3857 5769 virtute

2267 5813 2579 5883 verborum,
2598 5813 2843 5885 qualibus
2863 5821 3169 5884 pascuntur,
3199 5811 3318 5867 talia
3348 5811 3582 5882 plerique
3609 5806 3856 5863 homines
