4058 6258
432 293 541 352 209

436 409 532 467 καὶ
563 403 872 479 ἐρεύγονται
910 403 1089 456 πολλοὶ
1119 402 1229 458 τῶν
1261 402 1584 474 ἀνθρώπων.
1625 393 1753 454 Οἷον
1795 398 1892 453 ἐὰν
1927 397 2006 458 εις

441 502 667 568 θέατρον
712 492 915 562 ἀναϐῇς
964 491 1057 543 καὶ
1104 492 1378 562 πορνικῶν
1430 489 1692 560 ᾀσμάτων
1747 487 2009 559 ἀκούσῃς,

436 588 666 644 τοιαῦτα
699 587 793 638 καὶ
815 584 1012 655 ἐρεύξῃ
1045 583 1264 645 πάντως
1288 584 1367 645 εἰς
1393 583 1484 635 τὸν
1505 581 1730 650 πλησίον
1761 582 1979 651 ῥήματα
1995 596 2009 610 ·

440 680 508 748 ἂν
536 679 592 733 δὲ
620 680 701 738 είς
727 676 824 747 τὴν
849 675 1143 746 ἐκκλησίαν
1182 673 1372 738 ἐλθὼν,
1415 674 1692 745 μετάσχῃς
1733 672 2016 742 ἀκουσμά-

438 788 550 826 των
586 768 992 840 πνευματικῶν,
1020 768 1278 830 τοιαύτας
1303 767 1443 832 ἕξεις
1495 767 1592 820 καὶ
1644 765 1744 830 τὰς
1790 765 2012 834 ἐρυγάς.

442 862 544 937 ᾼιά
565 863 724 917 τοῦτο
767 861 860 914 καὶ
898 863 926 914 6
967 860 1255 931 Προφήτης
1287 858 1470 926 ἔλεγεν
1490 898 1505 922 ,
1557 856 1952 924 Ἑξηρεύξατο
1977 856 2016 922 ἡ

443 953 658 1027 καρδία
690 970 811 1023 μου
860 952 1048 1021 λόγον
1100 949 1345 1018 ἀγαθὸν,
1374 951 1473 1017 τῆς
1510 948 1810 1018 τραπέζης,
1841 942 1907 1017 ἦς
1934 947 2020 1000 ἀεὶ

450 1049 688 1119 μετεῖχε,
746 1045 843 1114 τὴν
875 1043 1076 1114 βρῶσιν
1118 1045 1251 1113 ἡμῖν
1297 1051 1322 1082 ⁸
1349 1040 1778 1110 ἐνδεικνύμενος.
1831 1040 2020 1109 Τούτῳ

447 1137 544 1195 καὶ
567 1138 595 1189 6
620 1135 828 1198 Παῦλος
862 1133 1200 1204 πειθόμενος,
1251 1133 1484 1204 παρῄνει
1519 1131 1692 1200 λέγων
1715 1149 1729 1160 ·
1764 1128 1888 1196 Πᾶς
1915 1131 2020 1184 λό-

446 1242 554 1295 τος
583 1223 816 1292 σαπρὸς
847 1225 914 1276 ἐκ
937 1222 1042 1277 τοῦ
1065 1224 1362 1289 στόματος
1384 1220 1551 1291 ὑμῶν
1583 1221 1670 1290 μὴ
1709 1218 2024 1288 ἐκπορευέ-

446 1322 596 1380 σθω,
630 1317 766 1370 ἀλλ’
797 1315 854 1368 ει
906 1331 995 1380 τις
1027 1314 1269 1383 ἀγαθός.
1297 1314 1408 1366 Καὶ
1426 1315 1510 1376 τίς
1541 1315 1689 1367 ἐστιν
1735 1314 1764 1365 6
1792 1313 2020 1384 σαπρὸς,

449 1406 647 1478 φησίνς
687 1404 814 1459 Ἐὰν
865 1403 1044 1476 μάθῃς
1083 1403 1175 1456 τὸν
1205 1401 1430 1470 ἀγαθὸν,
1469 1402 1590 1455 τότε
1637 1403 1758 1474 εῐσῃ
1808 1401 2025 1456 καὶτὸν

451 1493 661 1572 σαπρόν
685 1513 698 1526 °
733 1497 870 1567 πρὸς
924 1495 1034 1565 γὰρ
1087 1495 1186 1566 τὴν
1214 1493 1618 1564 ἀντιδιαστολὴν
1651 1493 1857 1548 ἐκείνου
1901 1491 2026 1547 τοῦ-

449 1606 542 1644 τον
593 1588 824 1641 τέθεικε.
876 1586 971 1650 Τίς
1029 1581 1121 1638 οὖν
1172 1588 1320 1638 ἐστιν
1359 1583 1647 1653 ὸάγαθδς,
1676 1585 1825 1637 οὐδὲν
1859 1583 2027 1656 δεήσῃ

453 1679 584 1750 παρ’
609 1677 744 1749 ἐμοῦ
777 1676 998 1747 μαθεῖν·
1039 1675 1203 1739 αὐτὸς
1236 1675 1344 1746 γὰρ
1376 1677 1508 1746 ήμῖν
1547 1674 1711 1728 αὑτοῦ
1739 1674 1837 1746 τὴν
1865 1673 2028 1744 φύσιν

454 1771 820 1844 ήρμήνευσεν.
853 1765 1036 1822 Εἰπὼν
1062 1767 1193 1838 γάρ,
1225 1767 1298 1837 Et
1326 1784 1414 1833 τις
1451 1767 1702 1835 ἀγαθὸς,
1743 1767 1990 1837 ἐπήγαγε
2013 1805 2026 1829 ,

451 1859 612 1928 Πρὸς
639 1856 964 1930 οἰκοδομὴν
989 1855 1096 1924 τῆς
1128 1855 1510 1924 Ἐκκλησίας,
1537 1853 1752 1917 δεικνὺς
1775 1852 1856 1907 ὄτι
1876 1848 2030 1916 οὗτός

454 1955 602 2009 ἐστιν
633 1949 836 2019 ἀγαθὸς
862 1949 996 2002 ότὸν
1023 1947 1247 2018 πλησίον
1275 1947 1595 2017 οἰκοδομῶν.
1632 1946 1843 2017 Ὥσπερ
1875 1941 1968 1999 οὖν
2000 1947 2030 2000 6

451 2044 768 2116 οἰκοδομῶν,
831 2043 1054 2111 ἀγαθὸς,
1087 2041 1257 2104 οὕτως
1288 2041 1314 2092 6
1340 2039 1639 2111 καθαιρῶν,
1684 2039 1890 2108 σαπρὸς
1937 2039 2032 2091 καὶ

454 2137 606 2211 [I94]
644 2136 866 2205 φαῦλος.

523 2230 636 2282 Καὶ
669 2228 732 2280 σὺ
769 2228 967 2291 τοίνυν,
998 2227 1272 2297 ἀγαπητέ,
1304 2228 1354 2280 εί
1385 2226 1485 2297 μὲν
1533 2225 1678 2296 ἔχεις
1711 2242 1764 2279 τι
1795 2224 2034 2288 τοιοῦτον

453 2324 649 2384 εἰπεῖν,
683 2321 710 2374 6
747 2321 971 2375 δύναται
995 2321 1190 2392 βελτίω
1231 2320 1453 2392 ποιῆσαι
1509 2319 1601 2372 τὸν
1630 2317 1917 2380 ἀκούοντα,
1959 2317 2033 2387 μὴ

457 2413 705 2483 κωλύσῃς
743 2412 900 2479 λόγον
932 2413 989 2464 ἐν
1020 2411 1196 2481 καιρῷ
1236 2411 1506 2480 σωτηρίας
1527 2427 1540 2441 ·
1574 2411 1622 2462 εἰ
1649 2408 1705 2462 δὲ
1737 2407 1901 2479 μηδὲν
1925 2424 2027 2459 τοι·

455 2505 611 2564 οὖτον
639 2504 804 2574 ἔχεις,
837 2504 974 2558 ἀλλά
1001 2504 1216 2574 πονηρὰ
1261 2504 1356 2558 καὶ
1387 2502 1760 2574 διεφθαρμένα
1792 2503 2032 2572 ῥήματα,

459 2595 705 2665 σίγησον,
736 2595 811 2666 μὴ
843 2595 1229 2665 κατηγορήσῃς
1256 2594 1350 2646 τοῦ
1382 2594 1628 2665 πλησίον.
1667 2588 1835 2655 Οὗτος
1863 2592 1973 2661 γάρ
2009 2594 2036 2646 ὁ

455 2687 614 2755 λόγος
653 2686 859 2756 σαπρὸς
907 2688 1075 2752 ἐστιν,
1125 2685 1226 2739 οὐκ
1280 2684 1581 2756 οἰκοδομῶν
1618 2685 1709 2738 τὸν
1747 2683 2034 2748 ἀκούοντα,

457 2777 598 2833 ἀλλά
625 2779 719 2834 καὶ
746 2777 1158 2850 καταστρέφων.
1209 2778 1307 2830 ’Ἂν
1341 2795 1401 2830 τε
1435 2776 1543 2847 γὰρ
1592 2776 1802 2848 ἀρετῆς
1853 2778 2038 2847 ἐπιμε-

456 2870 641 2939 λῆται,
675 2868 811 2938 πρὸς
849 2869 1108 2922 ἀπόνοιαν
1131 2867 1343 2939 αἴρεται
1375 2867 1634 2930 πολλάκις
1654 2885 1667 2898 ο
1718 2867 1782 2921 ἄν
1814 2885 1874 2920 τε
1904 2869 2038 2938 ἡμε-

456 2960 690 3030 λημένος
725 2955 782 3033 ᾖ,
803 2959 1177 3031 ρᾳθυμότερος
1200 2959 1430 3027 γίνεται.
1469 2960 1566 3011 Ἂν
1585 2959 1808 3029 αἰσχρὸν
1841 2960 2040 3030 μέλλῃς

459 3051 798 3131 φθέγγεσθαι
827 3054 978 3123 ῥῆμα
1001 3052 1095 3104 καὶ
1121 3051 1354 3119 γέλωτος
1389 3050 1578 3121 γέμον,
1631 3053 1872 3121 σίγησον.
1929 3053 2040 3106 Καὶ

461 3141 570 3210 γὰρ
591 3142 685 3194 καὶ
704 3135 857 3203 οὗτος
883 3143 910 3192 6
929 3139 1083 3206 λόγος
1111 3139 1316 3209 σαπρός
1336 3140 1473 3201 ἐστι,
1497 3139 1586 3191 τόν
1614 3156 1674 3190 τε
1704 3138 1929 3206 λέγοντα
1948 3138 2040 3192 τόν

459 3249 520 3285 τε
554 3231 819 3291 ἀκούοντα
845 3229 1273 3298 ἀσελγεστέρους
1299 3229 1486 3292 ποιῶν,
1507 3228 1713 3292 καὶτὰς
1741 3231 1797 3281 ἐν
1826 3230 2041 3300 ἑκάστῳ

462 3321 705 3393 πονηρὰς
725 3319 1020 3390 ἐπιθυμίας
1044 3319 1319 3373 ἀνάπτων.
1353 3320 1564 3391 ’Ὠσπερ
1585 3313 1676 3377 οὖν
1707 3319 1784 3389 τῷ
1814 3319 1947 3390 πυρὶ
1973 3319 2042 3373 τὰ

461 3393 597 3481 ξύλα
630 3413 804 3485 τροφὴ
839 3412 1046 3481 γίνεται
1073 3412 1166 3465 καὶ
1197 3411 1318 3482 ὕλη,
1336 3412 1478 3466 οὕτω
1497 3414 1611 3475 τοῖς
1646 3414 1902 3483 πονηροῖς
1929 3412 2043 3482 βου-

459 3503 694 3573 λεύμασι
721 3501 791 3554 τὰ
825 3502 1063 3570 ῥήματα.
1093 3499 1192 3553 Διά
1215 3499 1374 3553 τοῦτο
1403 3501 1462 3553 οὐ
1493 3501 1599 3572 χρὴ
1643 3501 1821 3554 πάντα
1847 3542 1861 3564 ,
1899 3501 2043 3572 ἅπερ

453 3593 529 3664 γάν
577 3593 794 3663 ἔχωμεν
841 3593 898 3644 ἐν
934 3591 1144 3661 διανοίᾳ
1171 3632 1184 3654 ,
1223 3590 1558 3659 φθέγγεσθαι
1619 3593 1866 3656 πάντωςε
1906 3593 2049 3647 ἀλλά

461 3683 784 3758 σπουδάζειν
828 3684 926 3754 μὲν
953 3685 1046 3736 καὶ
1078 3683 1176 3754 τῆς
1197 3683 1433 3750 διανοίας
1464 3684 1635 3755 αὐτῆς
1657 3683 1921 3756 ἐξορίζειν
1947 3685 2046 3750 τάς

462 3773 709 3844 πονηρὰς
753 3772 1046 3842 ἐπιθυμίας
1106 3772 1201 3826 καὶ
1242 3774 1422 3826 πᾶσαν
1461 3774 1694 3845 αἰσχρὰν
1722 3774 1948 3830 ἔννοιαν.
1982 3777 2045 3830 El

461 3866 522 3919 δέ
555 3881 684 3918 ποτε
710 3863 965 3925 λαθόντες
989 3863 1402 3935 παραδεξόμεθα
1427 3867 1707 3936 ῥυπαροὺς
1729 3866 2042 3938 λογισμοὺς,

467 3955 738 4027 μηδέποτε
773 3954 864 4009 διὰ
892 3955 993 4025 τῆς
1025 3954 1270 4025 γλώττης
1301 3957 1499 4018 αὐτοὺς
1550 3957 1895 4030 ἐκφέρωμεν,
1930 3961 2045 4015 ἀλλ’

463 4047 858 4118 ἀποπνίγωμεν
892 4046 1091 4109 αὐτοὺς
1113 4046 1201 4099 διὰ
1233 4047 1335 4115 τῆς
1360 4049 1537 4116 σιγῆς.
1576 4049 1686 4102 Καὶ
1709 4050 1815 4121 γὰρ
1832 4053 1926 4104 καὶ
1953 4051 2049 4122 θη-

467 4141 556 4213 ρία
579 4139 674 4210 καὶ
697 4139 903 4208 ἑρπετὰ
944 4139 1024 4198 εἰς
1054 4136 1255 4197 λάκκον
1287 4138 1651 4206 ἐμπίπτοντα,
1683 4139 1749 4191 ἂν
1783 4141 1882 4210 μὲν
1911 4142 2044 4215 εὕρῃ

463 4231 586 4282 τινά
624 4227 856 4290 διέξοδον
893 4225 1120 4288 ἄνωθεν,
1153 4225 1427 4292 ἀναϐάντα
1453 4228 1766 4301 ἀγριώτερα
1803 4232 2042 4299 γίνεταιο

467 4321 536 4374 ἃν
562 4319 620 4386 δὲ
647 4318 782 4389 μένῃ
815 4319 963 4372 κάτω
983 4317 1245 4386 διηνεκῶς
1279 4319 1762 4390 συγκεκλεισμένα,
1783 4323 2045 4382 πάντοθεν

467 4410 762 4474 ἀπόλλυται
817 4409 1015 4481 ῥᾳδίως
1047 4411 1140 4464 καὶ
1164 4411 1516 4478 ἀφανίζεται·
1558 4414 1699 4468 οὕτω
1741 4415 1805 4488 δὴ
1853 4417 2047 4472 καὶτὰ

471 4501 683 4572 πονηρά
712 4501 1092 4571 ἐνθυμήματα,
1129 4500 1193 4554 ἀν
1230 4501 1326 4571 μὲν
1352 4500 1488 4575 εὕρῃ
1526 4503 1647 4556 τινὰ
1683 4504 1770 4559 διὰ
1800 4505 1892 4558 τοῦ
1925 4505 2046 4558 στό-

475 4609 643 4662 ματος
677 4593 834 4663 ήμῶν
864 4591 958 4645 καὶ
986 4591 1093 4644 τῶν
1137 4593 1398 4662 ῥημάτων
1435 4593 1633 4660 ἔξοδον,
1691 4596 1922 4649 ἀνάπτει
1949 4597 2048 4668 τὴν

471 4685 618 4739 ἔνδον
653 4685 824 4754 φλόγα
844 4699 857 4714 ·
913 4683 978 4739 ἂν
1007 4683 1062 4736 δέ
1090 4683 1422 4753 ἀποκλείσῃς
1447 4684 1586 4737 αύτά
1616 4685 1705 4739 διά
1730 4687 1830 4758 τῆς
1865 4687 2046 4758 σιγῆς,

469 4759 836 4845 ἀσθενέστερα
896 4774 1133 4843 γίνεται,
1178 4775 1270 4828 καὶ
1309 4774 1561 4846 καθάπερ
1601 4776 1743 4848 λιμῷ
1776 4779 2049 4849 τηκόμενα

469 4871 536 4939 τῇ
574 4869 774 4940 σιωπῇ,
819 4866 1030 4940 ταχέως
1077 4866 1468 4937 ἐναποθνήσκει
1519 4871 1584 4940 τῇ
1622 4868 1851 4940 διανοίᾳ.
1882 4871 2047 4924 Ὥστε

471 4959 576 5015 κᾶν
607 4951 953 5030 ἐπιθυμήσῃς
975 4958 1096 5037 τινὰ
1128 4959 1362 5030 αἰσχρὰν
1391 4957 1708 5030 ἐπιθυμίαν,
1735 4959 1810 5033 μὴ
1845 4960 2052 5037 φθέγξῃ

469 5049 528 5104 δέ
561 5049 710 5118 ῥῆμα
734 5040 977 5119 αἰσχρόν,
996 5034 1334 5112 κατέσϐεσας
1367 5050 1459 5103 καὶ
1480 5052 1578 5124 τὴν
1601 5050 1761 5103 ἐπιθυ
1771 5052 1917 5122 μίαν.
1937 5034 2050 5110 Οὐκ

473 5138 619 5218 ἐχεις
671 5137 910 5212 διάνοιαν
944 5135 1222 5212 καθαράνς
1277 5141 1396 5194 Κάν
1432 5142 1606 5213 στόμα
1659 5142 1750 5215 ἔχε
1785 5144 2049 5217 καθαρὸν,

473 5231 567 5300 καὶ
591 5228 666 5301 μὴ
691 5226 934 5300 κενώσῃς
959 5230 1063 5296 ἔξω
1088 5233 1178 5284 τὸν
1213 5231 1493 5304 βόρϐορον,
1523 5233 1610 5289 ἴνα
1641 5229 1716 5307 μὴ
1746 5235 1838 5288 καὶ
1868 5236 2054 5308 ἕτερον

476 5322 568 5373 καὶ
595 5321 785 5376 σαυτὸν
802 5322 1178 5396 καταϐλάψῃς.
1216 5323 1289 5376 Οὐ
1332 5323 1440 5394 γάρ
1468 5327 1580 5388 τοῖς
1612 5325 1833 5395 λέγουσι
1867 5310 2057 5400 μόνον,

474 5408 610 5461 ἀλλὰ
636 5411 728 5464 καὶ
754 5414 864 5474 τοῖς
889 5404 1179 5466 ἀκούουσιν
1213 5412 1413 5488 αἰσχρά
1439 5404 1826 5487 φθεγγομένων
1849 5419 2053 5492 ἐτέρων

477 5498 646 5570 πολλὴ
694 5500 1044 5571 προσγίνεται
1096 5502 1270 5571 κηλίς.
1315 5502 1412 5557 Διά
1449 5500 1608 5557 τοῦτο
1657 5505 1906 5576 παραινῶ
1957 5508 2052 5562 καὶ

546 5631 571 5657 ⁸
592 5626 702 5679 Duo
726 5644 838 5681 mss.
865 5637 949 5694 τήν
975 5633 1111 5699 φύσιν
1134 5635 1260 5695 ἡμῖν.

1138 287 1200 345 8.
1237 280 1522 345 JOANNIS
1558 277 2052 342 CHRYSOSTQMI
2089 275 2412 333 ARClllEP.
2455 269 3002 330 CONS'I‘AI‘TINOP.

3575 273 3696 331 οιο

2113 393 2486 462 συμϐουλεύω,
2526 394 2600 467 μὴ
2634 396 2791 466 μόνον
2831 395 2926 449 τοῦ
2973 393 3152 461 λέγειν
3175 391 3244 444 τὰ
3267 387 3510 453 τοιαῦτα,
3549 385 3702 443 ἀλλὰ

2108 476 2204 530 καὶ
2237 476 2500 546 λεγόντων
2530 479 2731 549 ἐτέρων
2759 479 2852 532 τοῦ
2877 477 3098 534 ἀκούειν
3128 473 3449 545 ἀπέχεσθαι,
3481 474 3588 528 καὶ
3615 470 3702 542 τῷ

2110 559 2237 630 θείῳ
2263 559 2647 630 προσηλῶσθαι
2678 561 2827 632 νόμῳ
2853 557 3134 630 διηνεκῶς.
3167 558 3271 611 Τὸν
3304 557 3412 626 γὰρ
3441 553 3701 609 τοιοῦτον

2110 641 2203 694 καὶ
2233 643 2260 694 6
2283 643 2573 713 Προφήτης
2597 642 2908 714 μακαρίζει,
2943 641 3115 709 λέγων
3135 657 3149 672 ο
3182 639 3484 707 Μακάριος
3505 635 3698 704 ἀνὴρ,

2110 725 2179 790 ὃς
2228 726 2340 777 οὐκ
2393 725 2683 794 ἐπορεύθη
2723 727 2791 778 ἐν
2821 724 3028 792 βουλῇ
3061 720 3315 784 ἀσεϐῶν,
3355 721 3550 775 καὶέν
3577 718 3705 784 όδῷ

2111 807 2471 882 ἁμαρτωλῶν
2491 812 2602 864 οὐκ
2620 812 2792 877 ἔστη,
2828 809 2924 863 καὶ
2980 809 3079 862 ἐπὶ
3125 806 3419 874 καθέδραν
3464 802 3706 875 λοιμῶν

2113 894 2224 946 οὐκ
2252 891 2561 946 ἐκάθισεν·
2594 893 2731 947 ἀλλ’
2754 895 2790 960 ἢ
2816 893 2885 946 ἐν
2910 889 2990 956 τῷ
3033 893 3193 959 νόμῳ
3218 890 3437 957 Kvplov
3486 887 3561 940 τὸ
3603 884 3708 941 θέ-

2113 979 2276 1042 λημα
2301 975 2510 1040 αὐτοῦ,
2558 977 2658 1030 καὶ
2707 977 2777 1030 ἐν
2822 975 2902 1040 τῷ
2935 975 3096 1044 νόμῳ
3141 973 3329 1027 αὑτοῦ
3366 971 3709 1042 μελετήσει

2116 1059 2342 1128 ἡμέρας
2374 1060 2472 1114 καὶ
2497 1061 2738 1126 νυκτός.

2190 1168 2253 1239 β’.
2297 1169 2386 1223 Ἐν
2410 1171 2507 1241 μὲν
2533 1166 2626 1224 οὖν
2646 1173 2759 1234 τοῖς
2778 1170 2975 1236 ἔξωθεν
3000 1168 3297 1238 συλλόγοις.
3328 1170 3377 1222 εί
3400 1168 3494 1221 καί
3525 1184 3586 1220 τι
3622 1165 3716 1219 λε-

2123 1251 2278 1323 χθείη
2303 1253 2432 1306 ποτὲ
2471 1254 2724 1324 χρηστὸν,
2748 1253 2862 1306 ἀλλ’
2895 1257 2952 1307 ἐν
2975 1252 3188 1316 πολλοῖς
3219 1255 3332 1315 τοῖς
3361 1252 3598 1322 φαύλοις
3618 1252 3714 1322 μό-

2118 1334 2201 1398 λις
2237 1335 2295 1388 ἐν
2316 1335 2466 1404 ὑγιὲς
2490 1339 2538 1390 οί
2580 1336 2764 1390 πολλοὶ
2797 1336 3127 1406 φθέγγονται
3147 1356 3158 1366 ·
3187 1337 3279 1390 ἐπὶ
3317 1336 3372 1390 δὲ
3400 1338 3509 1390 τῶν
3541 1336 3714 1390 θείων

2119 1419 2354 1490 Γραφῶν
2390 1420 2698 1474 τούναντίον
2732 1419 2907 1474 ἆπαν·
2935 1418 3170 1491 πονηρὸν
3195 1419 3294 1489 μὲν
3315 1419 3509 1473 οὐδένα
3555 1417 3714 1472 0666-

2122 1520 2254 1556 ποτε
2272 1502 2480 1574 ἀκούσῃ
2519 1503 2698 1572 λόγον,
2734 1505 2942 1568 πάντας
2981 1503 3039 1557 δὲ
3073 1503 3349 1574 σωτηρίας
3377 1505 3471 1556 καὶ
3504 1502 3715 1574 πολλῆς

2121 1587 2391 1657 γέμοντας
2438 1587 2790 1656 φιλοσοφίας·
2829 1582 2917 1640 οἷα
2967 1587 3030 1659 δὴ
3059 1587 3153 1640 καὶ
3194 1585 3260 1640 16
3295 1587 3540 1656 σήμερον
3578 1587 3718 1658 ἡμῖν

2121 1671 2562 1738 ἀναγνωσθέντα.
2591 1672 2725 1724 Τίνα
2743 1672 2800 1725 δέ
2819 1671 2993 1725 ταῦτά
3009 1674 3156 1737 ἐστι;
3187 1669 3328 1739 Περὶ
3345 1664 3522 1724 666»-
3538 1669 3720 1739 ἐγιοόο

2123 1752 2278 1821 ψατέ
2290 1770 2412 1822 μοι,
2431 1756 2588 1823 φησι,
2612 1755 2803 1808 καλὸν
2818 1753 3107 1822 ἀνθρώπῳ
3124 1755 3410 1823 γυναικὸς
3423 1753 3513 1823 μὴ
3539 1753 3722 1807 ἄπτε-

2125 1838 2297 1897 σθαι·
2329 1835 2426 1890 διὰ
2463 1835 2532 1889 δὲ
2560 1835 2667 1902 τὰς
2698 1837 2979 1904 πορνείας
3022 1835 3279 1902 ἕκαστος
3333 1836 3447 1903 τὴν
3490 1834 3719 1890 ἑαυτοῦ

2127 1917 2383 1990 γυναῖκα
2400 1918 2601 1988 ἐχέτω,
2628 1919 2725 1974 καί
2759 1920 2983 1986 ἑκάστη
3017 1919 3124 1973 τὸν
3150 1919 3306 1974 ιδιον
3334 1919 3552 1988 ἄνδρα.
3579 1918 3723 1989 Περὶ

2127 2001 2320 2071 γάμων
2346 2004 2374 2055 6
2398 2001 2610 2066 Παῦλος
2641 2002 2940 2072 νομοθετεῖ,
2971 2002 3064 2056 καὶ
3095 2001 3194 2056 οὐκ
3225 2002 3566 2072 αἰσχύνεται,
3593 2001 3720 2055 ούδέ

2127 2084 2392 2155 ἐρυθριᾷο
2417 2085 2507 2138 καὶ
2533 2084 2675 2155 μάλα
2697 2086 2939 2148 εἰκότως.
2971 2086 3032 2138 Et
3064 2083 3173 2156 γὰρ
3203 2085 3233 2136 6
3253 2085 3532 2155 Δεσπότης
3561 2082 3720 2155 [195]

2128 2167 2292 2226 αὑτοῦ
2323 2168 2499 2237 γάμον
2533 2167 2779 2238 ἐτίμησε,
2823 2168 2916 2220 καὶ
2955 2168 3053 2220 οὐκ
3079 2166 3419 2240 ἐπῃσχύνθη,
3448 2166 3598 2219 ἀλλά
3627 2167 3723 2220 καὶ

2129 2253 2195 2321 τῇ
2234 2248 2508 2323 παρουσίᾳ.
2529 2251 2622 2302 καὶ
2650 2249 2726 2320 τῷ
2747 2248 2903 2320 δώρῳ
2938 2249 2997 2302 τὸ
3027 2252 3259 2321 πρᾶγμα
3286 2251 3570 2321 ἐκόσμησε
3604 2251 3723 2322 (καὶ

2130 2335 2236 2406 γάρ
2265 2333 2360 2387 καὶ
2395 2333 2545 2405 δῶρα
2564 2332 2642 2403 τῷ
2677 2333 2840 2404 γάμῳ
2865 2333 3084 2403 μείζονα
3116 2333 3372 2400 ἁπάντων
3400 2335 3722 2406 εἰσήνεγκε,

2129 2418 2227 2488 τὴν
2255 2417 2348 2470 τοῦ
2390 2416 2582 2478 ὕδατος
2641 2416 2801 2483 φύσιν
2833 2418 2913 2479 είς
2951 2413 3092 2470 οἶνον
3128 2417 3492 2487 μεταϐαλὼν),
3529 2417 3658 2482 πῶς
3696 2421 3724 2472 6

2131 2489 2318 2562 δοῦλος
2357 2499 2685 2569 ἠρυθρίασεν
2717 2501 2781 2552 ἂν
2814 2499 2946 2570 περὶ
2981 2501 3156 2570 γάμου
3209 2500 3515 2570 νομοθετῶν
3538 2500 3614 2568 ιδ;
3647 2503 3721 2554 06

2131 2583 2241 2652 γάρ
2271 2583 2506 2651 πονηρὸν
2533 2585 2560 2635 6
2588 2582 2765 2653 γάμος
2797 2585 3046 2654 πρᾶγμα,
3099 2583 3235 2638 ἀλλά
3257 2585 3494 2656 πονηρὸν
3520 2587 3558 2656 ἡ
3601 2603 3723 2656 p.01.-

2131 2665 2272 2736 χεία,
2297 2665 2529 2734 πονηρὸν
2557 2667 2589 2736 ή
2621 2665 2878 2736 πορνεία’
2910 2666 3086 2737 γάμος
3123 2666 3179 2720 δὲ
3213 2667 3470 2738 πορνείας
3494 2670 3726 2740 ἀναιρε-

2130 2747 2280 2799 τικὸν
2308 2745 2618 2817 φάρμακον.
2671 2748 2761 2819 Μὴ
2799 2747 2976 2801 τοίνυν
3006 2749 3166 2804 αὑτὸν
3205 2748 3564 2820 ἀτιμάζωμεν
3603 2753 3727 2814 ταῖς

2132 2829 2460 2890 διαϐο).ικαῖς
2491 2832 2735 2901 πομπαῖς
2757 2849 2769 2860 ·
2795 2831 2929 2896 ἀλλ’,
2953 2832 3089 2903 ὅπερ
3115 2833 3379 2902 ἐποίησαν
3400 2834 3447 2886 οἱ
3474 2835 3531 2886 ἐν
3567 2835 3726 2905 Κανᾷ

2134 2913 2234 2983 τῆς
2283 2912 2610 2977 Γαλιλαίας,
2652 2915 2746 2967 καὶ
2795 2917 2845 2968 οί
2890 2914 2986 2970 νῦν
3025 2917 3293 2982 γυναῖκας
3341 2916 3722 2986 λαμϐάνοντες

2135 2995 2483 3056 ποιείτωσαν,
2515 2996 2606 3048 τὸν
2655 2997 2888 3068 Χριστὸν
2918 2997 3192 3068 ἐχέτωσαν
3235 2998 3418 3068 μέσον.
3460 3002 3576 3056 Καὶ
3609 3001 3726 3065 πῶς

2134 3077 2358 3130 δυνατὸν
2377 3076 2537 3130 τοῦτο
2567 3078 2839 3146 γενέσθαι,
2866 3079 3019 3150 φησί;
3059 3081 3136 3132 Δι’
3170 3080 3350 3134 αὐτῶν
3373 3083 3480 3134 τῶν
3503 3083 3724 3154 ίερέωνο

2146 3160 2201 3212 '0
2237 3161 2561 3230 δεχόμενος
2587 3161 2717 3230 γὰρ,
2751 3163 2934 3232 φησιν,
2964 3161 3138 3231 ὑμᾶς,
3171 3163 3275 3232 ἐμὲ
3312 3164 3573 3240 δέχεται.
3626 3168 3726 3230 "Av

2135 3242 2316 3297 τοίνυν
2349 3243 2440 3296 τὸν
2470 3243 2720 3295 διάϐολον
2770 3245 3072 3319 ἀπελάσῃς,
3126 3245 3192 3299 ἂν
3229 3246 3299 3301 16
3329 3250 3570 3318 πορνικά
3627 3251 3724 3322 ᾀσ-

2148 3342 2314 3395 ματα,
2349 3325 2444 3387 καὶ
2473 3325 2538 3376 τὰ
2567 3325 2919 3395 κεκλασμένα
2977 3327 3113 3399 μέλη
3137 3369 3150 3391 ,
3190 3329 3286 3380 καὶ
3314 3331 3412 3392 τὰς
3451 3332 3725 3396 ἀτάκτους

2137 3406 2382 3478 χορείας,
2411 3408 2502 3468 καὶ
2531 3406 2600 3459 τὰ
2628 3407 2830 3478 αἰσχρὰ
2862 3409 3106 3478 ῥήματα,
3160 3412 3252 3464 καὶ
3283 3412 3381 3482 τὴν
3406 3412 3724 3486 διαϐολικὴν

2139 3490 2387 3560 πομπὴν,
2419 3490 2512 3542 καὶ
2542 3488 2637 3542 τὸν
2672 3488 2920 3555 θόρυϐον,
2946 3492 3040 3544 καὶ
3068 3493 3160 3545 τὸν
3184 3495 3484 3566 κεχυμένον
3508 3499 3727 3568 γέλωτα

2140 3571 2235 3654 καὶ
2258 3569 2354 3654 τὴν
2377 3569 2577 3654 Δλοιπήν
2611 3569 2872 3654 ἐξελάσῃς
2900 3573 3307 3647 ἀσχημοσύνην,
3331 3581 3642 3654 είσαγάγῃς
3670 3583 3727 3638 δὲ

2138 3653 2265 3716 τοὺς
2294 3651 2482 3720 ἁγίους
2503 3652 2743 3720 Χριστοῦ
2769 3653 3009 3721 δούλους,
3035 3658 3128 3711 καὶ
3152 3660 3181 3711 6
3203 3662 3439 3732 Χριστὸς
3454 3663 3519 3715 δι’
3543 3651 3727 3718 αύτῶν

2141 3735 2413 3806 παρέσται
2461 3736 2683 3798 πάντως
2724 3737 2864 3806 μετὰ
2897 3737 2998 3809 τῆς
3038 3742 3245 3814 μητρὸς
3297 3747 3392 3799 καὶ
3428 3746 3538 3799 τῶν
3569 3748 3724 3802 ἀδελ-

2141 3816 2290 3887 φῶνο
2332 3819 2438 3882 Ὃς
2467 3815 2575 3887 γὰρ
2606 3816 2698 3896 κᾶν
2747 3820 2996 3889 ποιήσῃ,
3031 3824 3186 3894 φησὶ,
3236 3826 3301 3879 τὸ
3334 3827 3568 3896 θέλημα
3623 3828 3726 3883 τοῦ

2143 3902 2370 3981 Πατρός
2385 3917 2528 3970 μου,
2555 3895 2734 3966 οὗτός
2761 3918 2880 3981 μου
2915 3903 3176 3973 ἀδελφὸς
3209 3908 3308 3961 καὶ
3353 3895 3593 3981 ἀδελφὴ
3628 3913 3724 3967 καί

2139 3977 2336 4054 μήτηρ
2381 3985 2533 4039 ἐστι.
2591 3985 2698 4037 Καὶ
2735 3980 2851 4038 οῖδα
2901 3986 2983 4038 ὅτι
3013 3987 3186 4060 βαρύς
3235 4008 3380 4044 τισιν
3412 3977 3724 4048 εῖναιήδοκῶ

2143 4067 2238 4126 καὶ
2274 4066 2554 4137 φορτικὸς,
2582 4067 2755 4126 ταῦτα
2788 4069 3071 4140 παραινῶν
3103 4073 3197 4128 καὶ
3227 4073 3458 4128 παλαιὸν
3491 4075 3616 4140 ἔθος
3639 4077 3726 4130 ἑκ-

2143 4149 2380 4203 κόπτων.
2424 4148 2572 4219 Πλὴν
2622 4148 2736 4202 ἀλλ’
2768 4149 2922 4205 οὐδέν
2953 4169 3041 4222 μοι
3085 4153 3274 4207 τούτου
3303 4156 3454 4226 μέλει
3477 4175 3489 4188 ·
3524 4159 3589 4211 οὐ
3620 4160 3724 4230 γὰρ

2143 4232 2244 4302 τῆς
2277 4232 2498 4302 χάριτος
2517 4231 2617 4302 τῆς
2645 4235 2774 4304 παρ’
2815 4234 2989 4305 ὑμῶν,
3014 4235 3149 4290 6116
3180 4237 3280 4308 τῆς
3312 4239 3580 4310 ὠφελείας
3611 4242 3724 4296 δέο-

2149 4332 2248 4387 μαι
2273 4314 2372 4383 τῆς
2397 4315 2672 4386 ὑμετέρας
2696 4333 2710 4347 ο
2738 4316 2799 4369 ού
2826 4317 2938 4370 τῶν
2967 4319 3176 4389 κρότων
3203 4321 3297 4376 καὶ
3319 4323 3430 4376 τῶν
3465 4326 3721 4390 ἐπαίνων,

2145 4398 2282 4454 ἀλλά
2314 4397 2408 4452 τοῦ
2434 4397 2659 4471 κέρδους
2677 4401 2770 4454 καὶ
2796 4401 2897 4470 τῆς
2919 4401 3251 4472 φιλοσοφίας.
3283 4407 3371 4479 Μή
3403 4425 3493 4479 μοι
3523 4409 3725 4478 λεγέτω

2145 4500 2250 4548 τις,
2301 4483 2383 4536 ὅτι
2421 4480 2540 4544 ἔθος
2575 4481 2750 4540 ἐστίν·
2801 4485 2936 4538 ὅπου
2984 4485 3226 4559 ἁμαρτία
3255 4488 3540 4559 τολμᾶται,
3573 4493 3723 4554 ἔθους

2151 4565 2226 4636 μὴ
2259 4564 2536 4636 μνησθῇς’
2561 4565 2700 4644 ἀλλ’,
2729 4567 2779 4619 εί
2816 4567 2917 4636 μὲν
2951 4569 3167 4641 πονηρά
3209 4570 3280 4624 τά
3306 4573 3590 4644 γινόμενα,
3623 4577 3722 4629 κᾶν

2152 4646 2379 4712 παλαιὸν
2429 4645 2556 4729 ἔθος
2580 4643 2636 4720 ᾖ,
2674 4647 3008 4703 κατάλυσον·
3055 4652 3124 4706 ἂν
3153 4652 3208 4706 δὲ
3255 4654 3329 4725 μὴ
3360 4643 3595 4729 πονηρὰ,
3628 4659 3724 4713 κᾶν

2152 4729 2408 4800 συνήθεια
2433 4730 2508 4800 μὴ
2533 4728 2590 4803 ᾗ,
2619 4731 2881 4800 εἰσάγαγε
2909 4732 3003 4793 καί
3043 4737 3474 4805 καταφύτευσον.
3507 4728 3646 4794 Ὅτι
3673 4742 3724 4794 δὲ

2149 4813 2210 4865 οὺ
2243 4811 2467 4866 παλαιὸν
2491 4808 2614 4877 ἐθος
2632 4808 2700 4884 ἦν
2725 4814 2784 4868 16
2813 4815 3040 4872 τοιαῦτα
3069 4819 3424 4890 ἀσχημονεῖν,
3447 4821 3587 4876 ἀλλὰ
3608 4841 3720 4877 και-

2150 4893 2378 4966 νοτομία
2404 4894 2485 4959 τίς
2514 4896 2632 4950 ἐστι
2656 4898 2723 4951 τά
2752 4899 3034 4968 γινόμενα,
3053 4901 3430 4975 ἀναμνήσθητι
3457 4905 3575 4970 πῶς
3597 4906 3724 4975 ἐγη-

2155 4994 2252 5060 μεν
2275 4975 2304 5031 6
2347 4979 2533 5032 Ἰσαὰκ
2563 4979 2662 5050 τὴν
2706 4981 3024 5041 Ῥεϐέκκαν.
3056 4985 3173 5050 πῶς
3199 4989 3227 5040 6
3262 4986 3455 5041 Ἰακὼϐ
3482 4989 3582 5060 τήν
3607 4990 3724 5042 Ῥα-

2152 5059 2274 5131 χήλ.
2307 5061 2420 5115 Καὶ
2455 5060 2565 5136 γὰρ
2593 5062 2703 5117 τῶν
2727 5063 2921 5133 γάμων
2942 5067 3122 5121 αὐτῶν
3148 5068 3422 5141 μέμνηται
3445 5073 3477 5142 ἡ
3515 5073 3721 5142 ι’ραφὴ.

2154 5143 2247 5228 καὶ
2277 5143 2394 5228 πῶς
2427 5144 2639 5228 είςτάς
2675 5146 2852 5211 οἰκίας
2880 5149 2986 5202 τῶν
3011 5152 3259 5221 νυμφίων
3297 5155 3543 5228 ἤχθησαν
3571 5151 3723 5211 αὗται

2154 5222 2493 5310 αίᾲνύμφαιῗ
2521 5226 2692 5297 λέγει,
2742 5229 2835 5283 καὶ
2879 5232 3092 5298 οὐδενὸς
3121 5222 3367 5290 τοιούτου
3423 5222 3722 5310 μέμνηται·

2155 5307 2294 5364 ἀλλά
2315 5309 2613 5380 συμπόσιον
2641 5310 2740 5382 μὲν
2767 5313 2862 5366 καὶ
2891 5313 3106 5370 δεῖπνον
3139 5307 3465 5389 ἐποιήσαντο
3493 5307 3725 5374 τοῦσυν-

2158 5389 2322 5462 ήθους
2347 5392 2722 5465 φαιδρότερον,
2759 5396 2855 5450 καὶ
2889 5398 3018 5466 τοὺς
3047 5402 3423 5472 προσήκοντας
3468 5403 3726 5462 ἐκάλεσαν

2190 5642 2203 5663 ‘-
2546 5587 2842 5663 μεταϐαλὼν,
2857 5589 3202 5648 εἰκότωςοῦὂὲ
3221 5596 3247 5643 ὁ
3272 5594 3440 5653 δοῦλος
3459 5598 3612 5663 ἐρυθιᾷ
3646 5611 3716 5645 πε·

2164 5657 2207 5704 ρι
2226 5657 2408 5692 τουτων
2427 5657 2707 5710 νομοθετῶν.
