4058 6258
367 334 475 390 209

363 446 525 501 etiam
545 452 810 500 eructant.
844 443 1083 514 Exempli
1109 459 1291 508 causa,
1323 444 1367 500 si
1395 445 1448 499 in
1473 444 1734 499 theatrum
1763 457 1952 498 ascen-

361 534 533 598 deris,
566 545 622 590 et
647 536 976 590 meretricias
1002 536 1298 591 cantilenas
1322 536 1611 601 audiveris,
1641 536 1763 590 talia
1796 534 1951 605 plane

360 626 523 681 verba
549 627 601 680 in
630 626 931 690 proximum
959 627 1119 681 etiam
1150 627 1415 682 eructabis
1453 645 1467 681 :
1496 626 1637 696 quod
1668 627 1712 680 si
1753 626 1818 680 ad
1857 640 1950 682 ec-

363 717 587 772 clesiam
618 716 843 772 veniens
882 719 1171 787 spiritualis
1210 718 1473 789 particeps
1504 718 1666 772 fueris
1690 717 1952 785 lectionis,

358 807 626 877 ejusmodi
656 816 814 863 erunt
837 808 998 863 etiam
1028 824 1147 879 qua:
1173 810 1455 865 eructabis.
1490 810 1778 879 Propterea
1819 824 1952 878 quo-

361 916 466 971 que
492 900 705 955 dicebat
728 900 1012 971 propheta,
1043 899 1303 955 Eructavit
1329 917 1418 954 cor
1449 917 1612 953 meum
1637 900 1837 954 uerbum
1865 900 1955 953 bo-

359 1009 504 1057 num,
529 1000 590 1047 ut
616 1007 819 1047 mensze
862 992 1042 1063 dapes,
1096 1007 1197 1062 qua
1241 992 1510 1046 frurbatur
1537 1005 1765 1060 semper,
1800 989 1953 1044 nobis

357 1082 688 1138 ostenderet.
738 1082 851 1137 Hoc
896 1083 1057 1137 etiam
1110 1083 1388 1148 incitatus,
1435 1096 1534 1135 nos
1578 1080 1955 1135 cohortabatur

359 1174 445 1229 his
471 1175 649 1229 verbis
679 1183 833 1229 utens
864 1174 1059 1229 Paulus
1091 1192 1105 1228 :
1141 1174 1318 1227 Omnis
1356 1190 1519 1227 sermo
1567 1173 1731 1227 malus
1772 1188 1836 1226 ea:
1865 1188 1953 1226 ore

356 1276 521 1321 uestro
547 1284 649 1322 non
676 1267 933 1338 procedat,
961 1266 1050 1321 sed
1073 1267 1118 1321 si
1135 1268 1245 1337 quis
1269 1266 1429 1319 bonus
1450 1265 1613 1336 (Eph.
1655 1265 1705 1321 4.
1742 1265 1855 1336 29).
1884 1266 1949 1321 Et

357 1362 482 1430 quis
506 1370 590 1415 est
628 1360 834 1425 malus,
870 1359 1013 1414 dicet
1057 1358 1288 1429 aliquis?
1334 1358 1390 1413 Si
1441 1358 1636 1411 bonum
1675 1357 1944 1425 didiceris,

361 1458 473 1503 tum
502 1452 661 1504 etiam
691 1450 892 1504 malum
922 1449 1084 1511 scies,
1124 1464 1246 1503 nam
1278 1448 1344 1503 ad
1371 1449 1765 1503 distinctionem
1808 1449 1947 1504 illius

357 1537 504 1594 hunc
534 1540 730 1608 posuit.
753 1539 883 1607 Quis
910 1555 1037 1609 ergo
1068 1540 1238 1595 bonus
1264 1540 1354 1606 sit,
1377 1555 1482 1593 non
1513 1541 1612 1594 erit
1638 1554 1773 1610 opus
1802 1550 1853 1592 ut
1882 1555 1945 1593 ex

358 1646 451 1687 me
474 1631 651 1686 discas
679 1648 694 1685 :
739 1631 853 1700 ipse
882 1631 1078 1701 quippe
1106 1632 1259 1686 nobis
1291 1633 1407 1700 ejus
1436 1642 1675 1685 naturam
1709 1631 1947 1686 declara-

357 1721 455 1775 vit.
488 1721 620 1776 Cum
655 1722 797 1777 enim
844 1722 1084 1785 dixisset,
1130 1722 1192 1777 Si
1235 1724 1347 1792 quis
1389 1722 1565 1789 bonus,
1613 1723 1823 1793 adjecit,
1865 1723 1948 1777 Ad

358 1811 744 1880 a-di/icationem
765 1810 1007 1867 Ecclesite
1026 1811 1080 1881 (1
1085 1814 1128 1866 ὁὶ
1134 1813 1234 1884 d.),
1264 1813 1458 1867 bonum
1484 1828 1605 1867 eum
1624 1828 1743 1868 esse
1763 1824 1943 1868 osten-

358 1902 514 1967 dens,
556 1904 644 1973 qui
674 1904 899 1959 aedificat
942 1904 1259 1973 proximum.
1303 1902 1374 1959 Ut
1421 1904 1578 1974 igitur
1624 1904 1668 1958 is
1698 1905 1783 1974 qui
1812 1905 1943 1957 trdi-

360 1994 519 2059 ticat,
560 1991 731 2048 bonus
756 2002 839 2048 est
882 1993 999 2048 :ita
1040 1994 1129 2063 qui
1165 1993 1411 2061 destruit,
1450 1993 1620 2049 malus
1657 2002 1711 2049 et
1750 2009 1945 2064 pravus

358 2092 463 2137 881.

432 2174 631 2246 Lingua
654 2177 902 2246 quomodo
924 2178 1212 2232 coercenda.
1242 2208 1312 2219 -—
1340 2178 1404 2232 Et
1434 2187 1487 2232 tu
1516 2180 1689 2248 igitur,
1707 2177 1944 2234 dilectis-

357 2266 515 2333 sime,
547 2266 592 2322 si
620 2268 834 2338 quidem
862 2270 964 2324 tale
989 2269 1113 2339 quid
1150 2269 1386 2339 proferre
1425 2272 1617 2340 possis,
1656 2271 1797 2341 qttod
1826 2286 1943 2325 mc-

359 2357 545 2412 liorem
574 2358 798 2413 reddere
830 2361 995 2428 possit
1023 2360 1339 2426 auditorem,
1374 2376 1440 2414 ne
1472 2361 1703 2417 retineas
1724 2362 1941 2416 verbum

359 2450 412 2504 in
442 2458 681 2520 tempore
706 2452 891 2507 salutis
921 2469 933 2505 :
963 2453 1103 2522 quod
1147 2454 1189 2507 si
1241 2453 1368 2507 nihil
1412 2455 1516 2508 tale
1554 2463 1818 2524 suppetat,
1850 2453 1942 2507 sed

355 2554 520 2611 prava
563 2550 764 2598 tantum
791 2554 845 2598 et
878 2554 1128 2614 corrupta
1158 2545 1341 2609 verba,
1376 2556 1511 2612 tace,
1553 2562 1618 2600 ne
1646 2547 1942 2615 proximum

355 2647 595 2686 accuses.
632 2632 729 2688 Hic
753 2635 895 2687 enim
928 2635 1099 2688 malus
1119 2643 1201 2690 est
1229 2650 1425 2699 sermo,
1457 2650 1556 2689 nec
1594 2635 1821 2691 a-diflcat
1845 2652 1942 2691 au-

353 2721 614 2787 dicutem,
643 2724 735 2778 sed
763 2725 1039 2779 subvertit.
1073 2726 1193 2780 Sive
1220 2726 1359 2780 enim
1388 2725 1463 2779 illi
1494 2741 1634 2780 curm
1656 2727 1725 2780 sit
1753 2727 1938 2793 virtus,

355 2812 410 2866 in
452 2816 752 2881 superbiam
800 2817 994 2884 smpius
1023 2815 1281 2870 ell'ertur:
1323 2817 1435 2872 sive
1477 2818 1545 2872 sit
1577 2817 1812 2886 ignavus,
1845 2834 1939 2872 ne-

353 2902 641 2972 gligentior
660 2904 861 2959 evadit.
904 2905 959 2960 Si
1004 2915 1154 2976 turpe
1193 2906 1493 2980 prolaturus
1521 2907 1595 2961 sis
1622 2906 1841 2962 verbum
1872 2922 1934 2962 ac

352 2993 659 3062 ridiculum,
686 3003 821 3051 tace.
849 2996 979 3051 Nam
1020 3006 1075 3053 et
1099 2998 1186 3052 hic
1214 2998 1385 3054 malus
1408 3008 1490 3054 est
1525 3014 1727 3067 sermo,
1756 3015 1863 3070 quo
1889 3011 1942 3055 et

353 3082 403 3137 is
430 3083 520 3153 qui
546 3084 696 3149 dicit,
726 3095 780 3141 et
819 3086 864 3140 is
899 3088 988 3158 qui
1028 3088 1176 3143 audit
1212 3089 1518 3145 lasciviores
1546 3089 1857 3159 redduntur,
1888 3100 1942 3146 et

352 3172 748 3245 inunoquoque
776 3191 955 3245 pravae
996 3178 1228 3233 libidinis
1268 3178 1685 3233 inﬂammantur.
1734 3179 1802 3235 Ut
1846 3180 1941 3250 igi-

352 3275 441 3320 tur
466 3265 603 3335 ignis
620 3267 927 3323 alimentum
953 3269 1092 3339 ligna
1118 3278 1242 3325 sunt
1266 3279 1320 3326 et
1344 3281 1631 3338 sarmenta,
1665 3272 1737 3327 ita
1763 3288 1939 3344 prava:

348 3357 701 3427 cogitationes
730 3359 901 3416 verbis
946 3361 1179 3417 aluntur.
1218 3362 1418 3419 Idcirco
1462 3380 1567 3419 non
1604 3366 1782 3421 omnia
1820 3382 1939 3434 qua:

349 3458 532 3504 mente
559 3466 854 3520 versamus,
886 3454 1105 3508 omnino
1136 3455 1309 3526 eloqui
1346 3470 1444 3510 nos
1468 3464 1679 3525 oportet
1704 3475 1717 3510 :
1750 3458 1842 3513 sed
1872 3473 1939 3514 ex

349 3539 466 3609 ipsa
495 3551 675 3598 mente
702 3558 891 3613 pravas
927 3546 1245 3616 cupiditates
1269 3563 1588 3619 omnemque
1614 3550 1811 3606 ftedam
1841 3566 1936 3607 co-
1973 3615 1985 3621 _

346 3633 659 3702 gitationem
685 3636 963 3692 elimiuare
1000 3638 1319 3694 studendum
1353 3649 1453 3696 est.
1478 3640 1629 3709 Quod
1655 3642 1698 3696 si
1726 3642 1938 3712 quando

349 3724 505 3779 nobis
531 3739 630 3781 nec
655 3728 992 3796 Opinantibus
1014 3737 1196 3800 turpes
1237 3731 1548 3801 irrepserint
1577 3732 1937 3789 ratiocinatio-

349 3830 468 3882 nes,
492 3831 779 3887 numquam
805 3834 896 3875 eas
927 3819 1103 3890 lingua
1138 3822 1442 3888 efferamus,
1476 3825 1568 3880 sed
1594 3826 1804 3881 silentio
1824 3827 1934 3882 suf-

350 3905 607 3961 focemus.
650 3908 780 3963 Nam
816 3918 870 3965 et
903 3911 1091 3967 bellum
1133 3928 1196 3968 ac
1224 3924 1501 3984 serpentes
1548 3916 1593 3970 si
1627 3918 1838 3986 quando
1882 3918 1934 3973 in

347 3998 546 4055 foSsam
574 4002 886 4070 inciderint,
931 4014 986 4060 et
1014 4006 1213 4062 exitum
1240 4006 1521 4077 quemdam
1547 4023 1757 4063 sursum
1791 4010 1937 4065 inve-

346 4094 558 4158 nerint,
611 4095 993 4163 ascendentes,
1043 4097 1330 4154 ferociores
1375 4094 1638 4165 evadunt;
1696 4101 1837 4169 quod
1889 4103 1934 4157 si

342 4183 597 4239 deorsum
643 4187 907 4242 conclusa:
948 4198 1203 4259 perpetuo
1246 4192 1554 4257 manserint,
1592 4193 1735 4247 onmi
1775 4194 1934 4249 modo

344 4274 646 4345 perduntur
684 4277 840 4334 facile
864 4287 1024 4349 atque
1052 4282 1484 4337 cxterminantur
1511 4300 1524 4336 :
1557 4286 1635 4339 sic
1682 4286 1931 4341 nimirum

343 4374 397 4419 et
426 4381 603 4435 pravae
636 4370 1004 4439 cogitationes,
1033 4372 1077 4426 si
1103 4373 1315 4442 quidem
1346 4374 1579 4444 aliquem
1612 4391 1707 4445 per
1740 4391 1800 4431 os
1836 4391 1933 4433 no-

342 4465 515 4510 strum
573 4458 774 4513 exitum
837 4462 1248 4529 nanciscantur,
1308 4463 1613 4518 interiorem
1662 4464 1929 4520 ﬂammam

341 4548 641 4603 accendunt
671 4567 685 4603 :
716 4551 799 4604 sin
827 4560 1004 4605 autem
1038 4567 1129 4608 eas
1158 4568 1256 4623 per
1282 4554 1550 4608 silentium
1580 4555 1927 4623 concluseris,

341 4639 720 4696 imbecilliores
749 4642 901 4706 fiunt,
923 4652 977 4698 et
999 4652 1267 4714 tamquam
1296 4646 1434 4701 fame
1454 4645 1711 4701 confectae
1736 4662 1831 4718 per
1857 4647 1931 4702 si-

339 4730 589 4796 lentium,
618 4733 865 4787 celeriter
894 4733 947 4787 in
975 4744 1155 4790 mente
1195 4736 1516 4790 moriuntur.
1550 4736 1731 4807 Itaque
1758 4739 1926 4809 siqua

338 4829 395 4875 te
423 4822 674 4891 cogitatio
706 4824 873 4894 turpis
893 4824 1125 4890 invadat,
1166 4841 1341 4895 neque
1372 4835 1528 4895 turpe
1555 4828 1773 4883 verbum
1814 4830 1930 4884 elo-

332 4912 541 4981 quaris,
589 4914 750 4968 etiam
792 4914 1131 4983 cupiditatem
1170 4915 1497 4988 exstingues.
1544 4917 1658 4971 Non
1704 4928 1788 4977 est
1833 4918 1926 4973 tibi

333 5018 494 5058 mens
520 5004 761 5059 munda?
789 5004 986 5061 Saltem
1028 5006 1279 5062 mundum
1318 5008 1391 5063 sit
1415 5023 1497 5074 os,
1548 5024 1717 5079 neque
1756 5010 1923 5066 lutum

334 5092 481 5148 foras
507 5095 711 5162 ejicias,
743 5111 811 5151 ne
832 5105 888 5151 et
921 5097 1081 5151 alium
1126 5106 1183 5152 et
1229 5107 1281 5153 te
1319 5098 1490 5168 ipsum
1515 5098 1773 5155 olfendas.
1806 5100 1924 5156 Non

332 5182 479 5239 enim
500 5183 574 5239 illi
603 5192 808 5241 tantum
827 5187 916 5256 qui
935 5187 1136 5252 dicunt,
1167 5188 1260 5243 sed
1282 5190 1442 5244 etiam
1469 5190 1543 5245 illi
1566 5191 1654 5262 qui
1679 5191 1920 5260 audiunt,

336 5275 531 5329 multas
552 5276 875 5332 contrahunt
897 5277 1106 5344 sordes,
1132 5278 1258 5332 dum
1285 5279 1375 5334 alii
1403 5281 1573 5350 turpia
1611 5282 1919 5351 loquuntur.

331 5363 624 5435 Propterea
649 5368 929 5424 cohortari.
948 5377 1006 5423 et
1041 5370 1324 5424 consulere
1353 5385 1456 5425 non
1486 5371 1695 5438 desino,
1729 5380 1790 5427 ut
1816 5388 1921 5428 nou

328 5458 506 5513 solum
532 5461 600 5515 ab
627 5459 889 5529 ejusmodi
915 5461 1093 5517 verbis
1126 5460 1430 5529 efferendis,
1462 5462 1555 5517 sed
1585 5466 1768 5529 etiam,
1792 5462 1922 5520 dum

327 5552 398 5607 ab
423 5553 544 5607 aliis
563 5553 874 5617 efferuntur,
916 5553 1194 5609 audiendis
1237 5555 1618 5621 abstineamus,
1647 5564 1702 5610 et
1727 5557 1921 5613 diviuze

328 5642 432 5713 logi
461 5658 680 5712 semper
708 5643 905 5700 addicti
932 5645 1118 5699 simus.
1150 5645 1248 5713 Qui
1274 5645 1415 5701 enim
1447 5645 1706 5716 ejusmodi
1736 5648 1914 5713 fuerit,

329 5732 521 5790 beatus
560 5748 591 5789 a
640 5734 907 5805 propheta.
940 5734 1299 5806 praedicatur:
1348 5736 1532 5795 Beatus
1554 5738 1660 5805 uir,
1700 5746 1790 5814 qui
1818 5759 1919 5801 non

1067 331 1135 389 IN
1175 330 1399 401 ILLUI),
1440 332 1757 389 PROPTER
1797 327 2337 391 FORNICATIONES
2376 335 2686 406 UXOREM,
2726 334 2876 393 ETC.
2917 337 2958 393 L

3538 338 3651 396 2l0

2069 443 2190 496 abii:
2230 445 2281 499 ir:
2321 448 2532 503 consilio
2576 450 2866 519 impiorum,
2898 458 2945 504 et
2983 449 3035 504 iu
3079 450 3158 504 ria
3187 459 3503 520 peccatorum
3548 468 3649 507 non

2066 544 2219 599 stent,
2252 547 2299 590 et
2320 539 2371 591 in
2405 539 2647 593 cathedra
2673 541 2970 610 pestilentia
2997 556 3097 595 non
3125 540 3254 594 sedit
3281 543 3407 596 :sed
3453 542 3503 596 in
3542 542 3649 615 lege

2066 624 2275 680 Domini
2301 629 2532 684 voluntas
2557 632 2686 699 ejus,
2715 641 2761 685 et
2793 631 2845 685 in
2871 631 2981 701 lege
3003 632 3111 701 ejus
3135 632 3455 687 meditabitur
3484 635 3565 686 die
3589 651 3649 687 ac

2064 728 2205 771 nocte
2230 716 2399 791 (l’sal.
2428 721 2479 774 1.
2505 722 2555 774 1.
2577 720 2660 791 2).

2132 805 2189 861 2.
2221 812 2395 879 Atque
2432 810 2484 864 in
2517 810 2752 879 profanis
2771 810 2985 881 quidem
3016 812 3385 881 conventibus,
3406 813 3510 868 etsi
3546 814 3647 868 ali-

2061 898 2187 968 quid
2230 898 2457 955 fortasse
2483 900 2606 955 boni
2634 902 2918 971 aliquando
2945 903 3160 971 dicitur,
3191 904 3279 960 vix
3309 915 3485 961 tamen
3512 908 3649 961 inter

2060 991 2223 1044 multa
2246 1005 2406 1060 prava
2435 1008 2594 1047 unum
2619 992 2887 1065 quidpiam
2913 995 3134 1064 probqu
3159 995 3395 1067 plerique
3419 995 3648 1067 loquun-

2061 1088 2186 1134 tur:
2217 1082 2342 1135 dum
2387 1092 2563 1137 autem
2608 1098 2774 1139 sacrae
2821 1084 3067 1156 leguntur
3108 1085 3432 1157 Scriptum,
3487 1088 3645 1156 plane

2056 1175 2378 1227 contrarium
2402 1176 2612 1230 evenit:
2636 1176 2836 1231 nullum
2860 1192 3161 1232 sermonem
3192 1193 3414 1247 pravum
3436 1179 3643 1246 audies,

2054 1275 2241 1318 omnes
2280 1265 2467 1319 salutis
2514 1280 2577 1320 ac
2625 1266 2975 1337 philosophia:
3026 1267 3406 1338 modestiaque
3436 1268 3640 1337 plenos,

2053 1352 2350 1420 cnjusmodi
2380 1363 2503 1408 sunt
2522 1371 2642 1425 quas
2668 1355 2927 1411 hodierno
2951 1357 3037 1411 die
3064 1368 3189 1412 sunt
3209 1359 3361 1413 lecta.
3387 1358 3638 1426 Quianam

2054 1442 2141 1495 illa
2173 1446 2369 1512 porro?
2390 1443 2468 1497 De
2483 1446 2661 1516 quibus
2690 1456 2854 1500 autent
2879 1447 3146 1515 scripsistis
3162 1449 3305 1516 mihi,
3331 1449 3522 1520 inquit,
3550 1450 3636 1504 bo-

2052 1547 2177 1585 num
2201 1543 2272 1586 est
2310 1534 2503 1587 homini
2546 1535 2806 1588 mulierem
2832 1551 2933 1589 non
2979 1546 3182 1606 tangere
3202 1551 3222 1591 :
3243 1548 3449 1607 propter
3475 1540 3635 1609 forni-

2052 1624 2271 1678 cationes
2299 1635 2466 1679 autem
2510 1625 2848 1695 unusquisque
2887 1641 3033 1679 suam
3076 1642 3286 1680 uxorem
3329 1628 3547 1694 habeat,
3592 1638 3642 1682 et

2051 1728 2360 1785 unaquaque
2386 1731 2536 1768 ruunt
2563 1717 2725 1769 uirum
2754 1716 2826 1783 (1.
2873 1713 2995 1771 Cor.
3042 1716 3094 1769 7.
3125 1716 3176 1770 1.
3202 1716 3280 1787 2).
3321 1717 3399 1772 De
3445 1720 3642 1789 nuptiis

2051 1806 2195 1877 leges
2216 1808 2388 1861 sancit
2414 1808 2630 1875 Paulus,
2662 1824 2835 1879 neque
2862 1825 2985 1864 eum
3017 1809 3197 1879 pudet,
3220 1825 3319 1866 nec
3344 1811 3635 1877 erubescit;

2049 1912 2114 1951 ac
2143 1900 2335 1952 merito
2363 1914 2511 1953 sane.
2544 1898 2601 1954 Si
2627 1901 2768 1954 enim
2796 1902 2995 1970 nuptiis
3028 1901 3290 1958 honorem
3316 1902 3505 1957 detulit
3530 1903 3638 1957 Do-

2050 1990 2227 2044 minus
2254 1990 2391 2059 ejus,
2419 2005 2517 2044 nec
2544 1990 2753 2045 illarum
2780 2006 2902 2045 eum
2924 1990 3129 2060 puduit,
3160 1990 3252 2046 sed
3276 2000 3330 2047 et
3357 1994 3640 2062 prasentia

2049 2094 2144 2135 sua
2190 2096 2303 2135 rem
2354 2082 2665 2148 exornavit,
2703 2090 2759 2136 ct
2807 2098 3029 2137 munere
3070 2081 3377 2152 :siquidem
3418 2099 3638 2139 munera

2049 2175 2273 2228 contulit
2293 2176 2529 2227 omnium
2557 2176 2807 2241 maxima,
2828 2190 2948 2231 cum
2970 2191 3121 2246 aqua:
3146 2186 3388 2231 naturam
3411 2178 3635 2233 mutavit

2051 2266 2102 2320 in
2129 2268 2311 2321 vinum
2338 2286 2349 2319 :
2382 2268 2470 2336 qui
2499 2270 2757 2339 potuisset
2787 2269 2982 2337 pudere
3010 2284 3222 2324 servum
3248 2270 3394 2338 leges
3427 2269 3494 2324 de
3538 2286 3638 2324 nu-

2051 2358 2173 2427 ptiis
2202 2357 2382 2413 ferre?
2413 2357 2527 2413 Non
2560 2359 2701 2413 enim
2730 2375 2815 2414 res
2845 2360 2981 2415 mala
3004 2370 3127 2415 sunt
3155 2362 3372 2431 nuptim,
3396 2358 3490 2416 sed
3518 2376 3635 2416 ma-

2051 2452 2099 2505 la
2148 2466 2233 2505 res
2285 2451 2643 2518 adulterium,
2706 2454 2843 2506 mala
2905 2468 2992 2507 res
3047 2453 3326 2508 fornicatio
3373 2471 3387 2507 :
3438 2454 3636 2523 nuptias

2048 2556 2178 2598 vero
2219 2556 2457 2613 praesens
2509 2551 2634 2597 sunt
2686 2542 2942 2599 adversus
2992 2543 3397 2598 fornicationem
3456 2557 3634 2599 reme-

2047 2634 2215 2690 dium.

2119 2725 2334 2797 Nuptiis
2368 2726 2618 2795 quomodo
2661 2724 2989 2779 celebrandas.
3024 2721 3285 2779 Invehitur
3318 2725 3372 2779 in
3417 2724 3631 2780 lascivas

2047 2835 2258 2888 pompas
2286 2820 2599 2887 nuptiarum.
2631 2846 2697 2858 —
2719 2818 2796 2872 Ne
2818 2818 2977 2887 igitur
3003 2817 3278 2872 diabolicis
3307 2832 3395 2871 eas
3419 2819 3631 2887 pompis

2046 2906 2462 2961 dehonestemus
2492 2924 2506 2961 :
2532 2906 2625 2961 sed
2647 2906 2786 2976 quod
2815 2906 3008 2960 factum
3047 2916 3129 2960 est
3163 2920 3191 2958 a
3237 2906 3442 2960 civibus
3468 2906 3631 2961 Canae

2046 2998 2299 3063 Galilzeaa,
2333 2998 2422 3053 fiat
2444 3008 2498 3055 et
2526 2999 2595 3053 ab
2619 2999 2684 3054 iis
2714 3000 2804 3068 qui
2829 3014 2968 3052 nunc
2993 2997 3193 3052 ducunt
3219 3012 3448 3066 uxores,
3476 2998 3630 3052 Chri-

2045 3097 2186 3142 stum
2217 3087 2447 3143 habeant
2488 3088 2541 3143 in
2577 3089 2753 3144 medio
2780 3088 3074 3142 sedentem.
3103 3088 3220 3156 Quo
3244 3103 3372 3144 vero
3398 3098 3552 3158 pacto
3578 3089 3629 3143 itl

2045 3179 2159 3235 ﬁeri
2191 3188 2384 3249 potest,
2413 3180 2621 3251 inquit?
2664 3181 2764 3235 Per
2792 3181 2936 3250 ipsos
2964 3180 3291 3236 sacerdotes.
3333 3180 3431 3248 Qui
3473 3182 3645 3247 enim,

2042 3270 2233 3339 inquit,
2264 3271 2438 3341 recipit
2464 3286 2570 3336 vos,
2601 3287 2681 3324 me
2722 3270 2896 3340 recipit
2928 3270 3142 3342 (Matth.
3172 3271 3259 3327 10.
3281 3271 3393 3340 40).
3425 3270 3479 3327 Si
3501 3287 3649 3341 ergo.

2042 3360 2310 3415 diabolum
2377 3362 2652 3431 abegeris,
2728 3361 2772 3416 si
2821 3361 3151 3416 meretricias
3197 3362 3524 3428 cantilenas,
3573 3372 3631 3417 et

2043 3451 2233 3505 molles
2275 3460 2483 3517 cantus,
2530 3450 2878 3505 immodestus
2919 3451 3179 3518 choreas,
3222 3452 3386 3507 verba
3429 3453 3639 3523 turpia,

2043 3540 2356 3595 diabolicam
2402 3555 2672 3611 pompam,
2717 3540 3024 3606 tumultum,
3078 3541 3243 3596 risum
3290 3541 3537 3609 elfusum,
3576 3553 3634 3599 et

2041 3633 2299 3702 reliquam
2355 3633 2731 3704 turpitudinem
2790 3633 3127 3697 amandaris,
3173 3642 3387 3689 sanctos
3444 3643 3624 3691 autem

2041 3724 2238 3779 Christi
2266 3738 2451 3779 servos
2492 3723 2885 3790 introduxeris,‘
2907 3722 3152 3780 Christus
3179 3739 3276 3794 per
3304 3726 3447 3795 ipsos
3470 3726 3630 3797 plane

2041 3816 2211 3873 aderit
2253 3830 2374 3871 cum
2402 3823 2574 3871 matre
2614 3830 2709 3870 sua
2739 3824 2793 3870 et
2839 3815 3109 3870 fratribus.
3142 3815 3456 3886 Quicumque
3480 3817 3623 3872 enim

2041 3908 2234 3977 fecerit,
2265 3907 2454 3977 inquit,
2475 3907 2781 3960 voluntatem
2805 3904 2976 3959 Patris
3000 3906 3116 3972 mei,
3144 3907 3251 3976 ipse
3277 3922 3416 3960 meus
3445 3910 3622 3978 frater,

2039 4009 2087 4054 et
2129 4015 2272 4055 soror
2308 4008 2356 4053 et
2396 4008 2557 4053 mater
2594 4008 2666 4053 est
2700 3997 2914 4070 (Matth.
2958 3998 3045 4052 12.
3086 3998 3200 4069 50).
3230 3998 3354 4054 Scio
3376 3999 3623 4069 equidem

2037 4106 2252 4159 gravem
2293 4089 2608 4161 quibusdam
2648 4097 2704 4145 et
2741 4089 3021 4144 molestum
3050 4088 3218 4147 videri
3256 4104 3372 4157 me,
3402 4090 3528 4145 dum
3555 4092 3641 4147 ad.

2039 4183 2154 4239 haec
2175 4199 2270 4239 vos
2295 4183 2499 4246 hortor,
2538 4191 2593 4237 et
2618 4181 2887 4252 antiquam
2935 4196 3121 4236 reseco
3156 4181 3620 4237 consuetudinem.

2036 4274 2176 4331 Nihil
2202 4283 2376 4330 tamen
2403 4273 2540 4328 istud
2561 4288 2721 4339 curo;
2746 4286 2918 4343 neque
2941 4273 3082 4327 enim
3104 4281 3209 4326 tam
3234 4274 3403 4342 gratia
3420 4281 3618 4339 vestra,

2036 4384 2195 4440 quam
2221 4366 2446 4420 utilitate
2477 4365 2710 4434 indigeo,
2757 4379 2863 4418 non
2893 4364 3233 4432 applausibus
3261 4374 3316 4418 et
3356 4364 3620 4430 laudibus,

2036 4458 2128 4512 sed
2159 4458 2309 4511 lucro
2328 4464 2382 4510 et
2410 4454 2764 4524 philosophia.
2790 4454 2971 4522 Neque
2996 4453 3124 4507 mihi
3152 4453 3432 4523 quisquam
3452 4454 3619 4521 dicat,

2034 4546 2363 4602 consuetudo
2384 4552 2466 4600 est
2492 4561 2506 4597 :
2538 4543 2628 4597 ubi
2658 4550 2933 4611 peccatum
2968 4541 3337 4606 committitur,
3360 4542 3469 4596 noli
3489 4557 3622 4597 con-

2035 4639 2332 4696 suetudinis
2382 4637 2707 4692 mentionem
2748 4634 2961 4699 facere;
3012 4633 3107 4689 sed
3143 4634 3189 4689 si
3226 4634 3442 4704 quidem
3479 4636 3617 4690 mala

2032 4732 2139 4786 sint
2165 4745 2283 4800 quae
2311 4737 2587 4799 geruntur,
2619 4727 2740 4781 licet
2764 4726 2980 4795 antiqua
3008 4725 3078 4779 sit
3105 4725 3458 4789 consuetudo,
3489 4726 3619 4781 tolle

2031 4822 2177 4877 illam
2210 4839 2224 4873 :
2259 4820 2303 4874 si
2347 4820 2484 4873 mala
2525 4833 2629 4872 non
2672 4818 2797 4883 sint,
2833 4817 2959 4870 licet
2990 4817 3323 4872 consuetudo
3365 4833 3472 4872 non
3510 4818 3611 4887 sit,

2032 4913 2277 4969 introduc
2317 4912 2460 4967 illam
2504 4919 2558 4966 et
2602 4909 2813 4964 invehe.
2855 4907 3120 4963 Cmterum
3178 4910 3450 4979 antiquam
3508 4925 3614 4966 non

2031 5004 2195 5060 fuisse
2227 5002 2686 5067 consuetudinem,
2713 5009 2770 5055 ut
2800 5010 2905 5055 tam
2946 5009 3127 5069 turpes
3166 5013 3256 5054 res
3282 4999 3493 5067 flerent,
3519 5002 3614 5057 sed

2029 5100 2295 5153 invectam
2334 5093 2616 5165 quamdam
2665 5091 2831 5147 fuisse
2876 5092 3184 5155 novitatem,
3215 5106 3529 5162 cognosces,
3568 5094 3615 5149 si

2028 5188 2366 5251 recorderis,
2423 5201 2530 5255 quo
2574 5194 2730 5255 pacto
2776 5182 2991 5238 duxerit
3047 5197 3269 5237 uxorem
3315 5182 3614 5239 Rebeeeam

2029 5280 2197 5345 lsaac,
2219 5295 2323 5349 quo
2349 5286 2507 5349 pacto
2531 5276 2697 5334 Jacob
2721 5273 3031 5331 Rachelem.
3060 5273 3193 5329 Nam
3226 5280 3282 5328 et
3308 5273 3611 5341 nuptiarum

2028 5371 2273 5428 meminit
2298 5370 2507 5425 illarum
2550 5369 2843 5439 Scriptura,
2884 5374 2949 5422 et.
2981 5379 3088 5435 quo
3127 5362 3523 5435 pactofuerint
3561 5362 3612 5417 in

2028 5463 2170 5519 aedes
2200 5476 2517 5533 sponsorum
2550 5461 2633 5515 hie
2662 5473 2874 5530 sponsae
2911 5456 3153 5513 deducta:
3196 5462 3396 5517 narrat,
3438 5468 3614 5524 neque

2028 5556 2133 5612 tale
2169 5554 2454 5625 quidquam
2493 5534 2904 5616 commemorat;
2933 5549 3028 5604 sed
3065 5547 3367 5603 convivium
3397 5545 3611 5618 quidem

2027 5656 2084 5705 et
2112 5648 2387 5718 prandium
2416 5645 2574 5700 solito
2599 5643 2792 5699 lautius
2808 5644 3195 5707 instruxerunt,
3213 5647 3268 5697 ct
3288 5641 3613 5711 propinquos

2028 5740 2094 5798 ad
2124 5740 2332 5811 nuptias
2359 5737 2646 5796 invitarunt
2678 5752 2692 5794 :
2726 5737 2868 5795 tibiae
2895 5750 3023 5794 vero
3053 5748 3115 5791 ac
3144 5733 3358 5805 fistula,
3390 5732 3613 5805 cymba-
