4058 6258
436 294 532 350 2“
1215 296 1269 350 S.
1311 294 1586 351 JOANNIS
1621 295 2096 358 CHRYSOSTOMI
2137 297 2455 356 ARCIIIEP.
2496 297 3034 356 CONSTANTINOP.

438 412 511 477 ia,
533 421 588 467 et
619 412 918 466 temulentze
955 412 1284 479 saltationes,
1327 426 1390 470 ac
1419 411 1620 482 reliqua
1659 411 1834 466 omnis
1867 410 2024 479 hujus

441 503 693 572 temporis
723 501 990 572 turpitudo
1034 503 1212 570 procul
1261 502 1464 563 aberat.
1507 505 1576 558 At
1613 511 1808 556 nostra:
1853 502 2025 557 artatis

442 593 686 655 homines
714 601 766 654 et
795 592 1020 667 hymnos
1053 593 1104 646 in
1147 591 1407 652 Venerem
1451 592 1696 646 saltando
1731 603 1949 658 canunt,
1974 601 2027 646 et

442 685 699 745 adulteria
728 685 918 752 multa,
946 693 1003 740 et
1032 686 1333 754 nuptiarum
1367 685 1704 750 violationes,
1730 694 1784 739 et
1811 684 2025 754 illegiti-

441 790 561 832 ntos
585 790 813 840 amores,
840 775 1154 845 illicitosque
1181 776 1350 830 coitus
1370 775 1409 840 ',
1433 785 1484 829 et
1506 774 1606 828 alia
1625 774 1847 845 plurima
1871 774 2025 844 plena

442 865 730 937 impietatis
758 875 813 920 et
841 865 1145 936 ignominia:
1188 866 1394 923 cantica
1440 865 1532 921 illo
1574 865 1662 920 die
1705 873 1920 929 cauum,
1972 873 2026 918 et

443 971 564 1028 post
589 959 899 1013 ebrietatem
943 973 1007 1013 ac
1055 967 1252 1011 tantam
1297 954 1672 1026 turpitudinem
1703 970 1823 1009 cum
1849 952 2026 1008 verbis

442 1049 711 1106 obscoenis
732 1051 938 1120 publice
963 1065 1210 1120 sponsam
1235 1048 1521 1104 deducunt.
1554 1047 1670 1114 Quo
1693 1048 1849 1118 igitur
1875 1055 2028 1116 pacto

444 1141 738 1196 castitatem
768 1140 836 1196 ab
884 1141 970 1194 illa
1016 1140 1205 1210 exigis,
1251 1153 1467 1208 qumso,
1511 1152 1632 1192 cum
1657 1137 1766 1206 jam
1794 1152 1820 1188 a
1855 1136 2028 1205 primo

446 1232 534 1286 die
561 1232 628 1286 ad
661 1240 860 1286 tantam
905 1231 1284 1302 impudentiam
1317 1231 1456 1284 illam
1487 1228 1720 1293 erudias,
1749 1238 1803 1282 et
1830 1229 1883 1281 in
1911 1227 2028 1296 ejus

447 1331 732 1392 conspectu
763 1338 824 1378 ea
853 1323 964 1376 ﬁeri
997 1337 1058 1376 ac
1085 1321 1188 1376 dici
1223 1335 1400 1387 cures,
1429 1335 1548 1390 quae
1576 1334 1747 1390 neque
1786 1318 1864 1374 fas
1900 1319 1971 1372 sit
1997 1332 2027 1372 a

448 1415 628 1484 probis
671 1415 947 1485 mancipiis
982 1413 1193 1471 audiri?
1242 1414 1370 1468 Tam
1411 1413 1660 1467 diuturno
1689 1420 1930 1480 tempore
1955 1410 2030 1464 la-

447 1506 656 1561 boravit
688 1516 856 1574 pater,
887 1505 1012 1574 dum
1042 1504 1302 1574 virginem
1331 1517 1452 1557 cum
1482 1511 1651 1556 matre
1677 1510 1939 1566 servaret,
1972 1509 2030 1554 ut

449 1613 622 1666 neque
641 1596 865 1661 diceret,
910 1611 1082 1663 neque
1121 1595 1387 1650 dicentem
1428 1593 1587 1648 alium
1629 1593 1894 1663 quoddam
1926 1591 2031 1646 tale

449 1689 668 1743 verbum
694 1687 919 1752 audiret,
945 1697 998 1742 ct
1018 1688 1304 1749 cone'aria,
1328 1696 1379 1740 et
1400 1701 1668 1758 gynaecea,
1693 1683 2026 1750 etcustodes,

449 1789 503 1833 et
524 1778 738 1847 januas.
765 1789 816 1832 et
847 1788 1045 1838 vectes,
1076 1786 1128 1832 et
1164 1779 1497 1847 vespertinos
1524 1790 1837 1847 progressus
1857 1818 1870 1839 ,
1899 1782 2032 1829 etut

452 1866 674 1932 nemini,
705 1881 772 1921 ne
791 1868 1203 1936 propinquorum
1235 1869 1445 1938 quidem
1474 1868 1565 1922 ulli
1595 1882 1653 1921 se
1689 1866 2030 1936 spectandam

449 1958 689 2026 oll'erret,
729 1967 783 2013 et
821 1958 922 2012 alia
951 1958 1134 2024 multa,
1166 1966 1221 2014 et
1259 1958 1341 2013 his
1373 1959 1519 2028 plura
1563 1957 1845 2027 diligenter
1871 1971 2032 2011 atcu-

450 2050 620 2110 rabat,
651 2057 705 2104 et
731 2059 784 2104 tu
820 2050 1038 2104 veniens
1067 2058 1257 2105 cuncta
1288 2049 1375 2104 illa
1416 2065 1521 2103 uno
1559 2048 1646 2104 die
1688 2047 1940 2110 eﬂ'udisti,
1968 2063 2033 2104 ac

453 2156 546 2205 per
576 2139 908 2195 inhonestam
942 2141 1082 2195 illam
1122 2156 1368 2210 pompam
1399 2140 1634 2204 ell‘ecisti,
1667 2149 1726 2194 ut
1753 2139 2033 2208 impudens

452 2233 623 2294 tieret,
652 2241 704 2288 et
729 2231 889 2293 verba
933 2231 1215 2302 depravata
1246 2233 1296 2290 in
1328 2247 1534 2302 Sponsa:
1577 2231 1808 2286 animam
1837 2230 2031 2286 infudi-

452 2323 554 2378 sti?
579 2321 766 2377 Nonne
791 2322 910 2378 inde
931 2339 1049 2392 quae
1075 2332 1366 2392 sequuntur
1389 2324 1522 2377 mala
1543 2323 1898 2392 proveniunt?
1929 2339 2032 2376 non

456 2412 580 2467 inde
623 2413 879 2468 adulteria
925 2422 979 2467 et
1026 2413 1356 2484 zelotypiaz?
1402 2427 1579 2467 nonne
1628 2412 1750 2469 inde
1807 2413 2032 2468 [illorum

455 2505 728 2569 orbitates,
774 2505 1076 2572 viduitates,
1107 2513 1162 2560 et
1200 2505 1465 2559 immaturi
1517 2513 1792 2574 parentum
1821 2504 2034 2559 obitus?

459 2595 588 2650 Cum
618 2598 759 2651 enim
787 2596 1056 2651 daemones
1096 2597 1338 2651 cantibus
1380 2596 1486 2650 illis
1515 2596 1704 2651 invites
1726 2636 1742 2663 ,
1787 2611 1907 2650 cum
1943 2610 2035 2664 per

454 2688 705 2743 obscaena
733 2687 892 2742 verba
912 2687 1252 2758 cupiditatem
1284 2688 1490 2742 illorum
1515 2687 1751 2756 expleas,
1779 2701 1900 2740 cum
1932 2686 2030 2740 ini-

457 2793 576 2833 tnos
599 2786 653 2848 et
676 2777 1007 2838 effeminatos
1035 2778 1089 2834 in
1118 2777 1260 2833 aedes
1285 2778 1592 2834 introducas
1618 2786 1671 2832 et
1699 2785 1864 2832 totum
1888 2779 2035 2832 thea-

457 2880 620 2934 trum,
651 2883 771 2924 cum
794 2870 1158 2924 meretricibus
1184 2869 1399 2924 domum
1421 2869 1709 2938 compleas,
1739 2877 1794 2924 ct
1812 2867 2031 2935 efﬁcias,

457 2971 517 3017 ut
544 2969 688 3028 totus
730 2961 840 3018 illic
880 2960 1182 3016 daemonum
1225 2970 1394 3016 coetus
1437 2960 1693 3028 lasciviat,
1730 2961 1856 3030 quid
1897 2960 2030 3025 sani,

455 3066 659 3119 quaeso,
685 3050 934 3122 deinceps
961 3061 1112 3120 potes
1137 3050 1485 3120 exspectare?
1504 3049 1617 3117 Qua
1637 3065 1762 3106 vero
1789 3049 1854 3110 de
1875 3064 2034 3104 causa

457 3150 515 3200 et
564 3141 865 3200 sacerdotes
910 3142 1198 3199 introducis
1223 3182 1239 3210 ,
1282 3157 1400 3196 cum
1445 3149 1657 3210 postero
1685 3141 1772 3195 die
1811 3141 1932 3196 talia
1963 3141 2036 3198 sis
2079 3178 2082 3181 η

460 3234 894 3303 perpetraturus?
923 3231 1016 3287 Vis
1043 3232 1485 3302 magniﬁcentiam
1518 3233 1835 3288 fructuosam
1867 3243 2036 3287 osten-

461 3323 612 3379 tare?
642 3322 782 3378 Voca
831 3337 1121 3392 pauperum
1159 3323 1372 3381 choros.
1421 3323 1526 3378 Sed
1569 3321 1944 3380 verecundaris
1983 3334 2038 3379 et

460 3413 764 3486 erubescis?
811 3412 876 3468 Et
919 3413 1045 3484 quid
1100 3413 1200 3469 hac
1238 3413 1564 3469 absurditate
1604 3413 1776 3484 pejus,
1821 3428 1944 3469 cum
1983 3415 2035 3468 in

463 3505 607 3566 ardes
635 3505 901 3564 diabolum
947 3505 1240 3574 pelliciens,
1273 3505 1400 3560 nihil
1435 3514 1588 3576 turpe
1629 3516 1681 3561 te
1713 3521 1872 3577 agere
1914 3521 2038 3561 cen-

455 3612 601 3665 seas,
630 3613 750 3652 cum
781 3612 907 3653 vero
935 3596 1203 3655 Christum
1231 3596 1542 3652 inducturus
1575 3598 1669 3666 sis,
1715 3597 2036 3652 erubescas?

465 3689 531 3745 Ut
557 3690 698 3746 enim
740 3690 1131 3746 introeuntibus
1169 3690 1490 3761 pauperibus
1514 3690 1727 3746 advenit
1773 3688 2035 3758 Christus,

461 3783 534 3836 ita
560 3796 682 3836 cum
712 3782 899 3837 molles
923 3798 984 3837 ac
1009 3783 1155 3837 mimi
1185 3782 1408 3838 choreas
1448 3783 1556 3837 illic
1585 3782 1802 3848 ducunt,
1831 3782 2038 3837 lascivit

462 3874 516 3926 in
542 3872 718 3927 medio
749 3873 957 3927 illorum
989 3873 1246 3928 diabolus.
1276 3875 1448 3942 Atque
1473 3889 1541 3928 ex
1573 3873 1677 3928 illis
1706 3873 1917 3943 quidem
1944 3888 2039 3928 ex-

459 3963 639 4033 pensis
667 3963 866 4019 nullum
915 3964 1140 4026 lucrum,
1183 3963 1277 4019 sed
1319 3974 1370 4018 et
1419 3962 1640 4020 multum
1686 3965 1855 4019 oritur
1883 3963 2036 4018 dam-

461 4067 589 4109 num
617 4071 629 4105 :
658 4069 721 4113 ex
750 4052 834 4112 his
848 4064 1021 4113 autem
1051 4053 1347 4122 sumptibus
1376 4055 1590 4111 multam
1618 4055 1722 4108 cito
1739 4053 2038 4109 mercedem

461 4143 776 4212 reportabis.
806 4143 963 4211 Atqui
994 4143 1168 4199 nullus
1195 4157 1376 4196 eorum
1406 4143 1494 4212 qui
1526 4143 1578 4195 in
1606 4143 1737 4198 urbe
1764 4151 1907 4211 sunt,
1937 4143 2039 4199 hoc

461 4234 744 4303 praestitit?
772 4233 849 4287 Tu
878 4248 1004 4287 vero
1043 4233 1236 4302 incipe,
1259 4244 1313 4288 et
1353 4234 1619 4303 praeclara:
1651 4235 1796 4294 istius
1822 4249 2039 4291 consue-

463 4321 660 4377 tudinis
683 4333 871 4378 auctor
908 4338 1026 4378 esse
1049 4323 1329 4389 contende,
1365 4333 1419 4379 ut
1447 4339 1563 4379 eam
1595 4326 1684 4380 tibi
1713 4327 1908 4396 posteri
1946 4342 2037 4382 ac-

460 4421 667 4484 ceptam
697 4413 888 4472 ferant.
918 4414 1069 4479 Quod
1100 4414 1144 4468 si
1174 4415 1452 4470 munuletur
1479 4415 1689 4485 aliquis,
1711 4424 1767 4470 et
1807 4417 2039 4472 imitetur

461 4506 598 4563 hanc
623 4507 1078 4572 consuetudinem,
1122 4506 1190 4562 ad
1219 4523 1312 4562 eos
1353 4509 1441 4579 qui
1489 4509 1904 4578 interrogabunt,
1951 4509 2036 4565 di.-

459 4612 583 4653 cere
612 4605 862 4666 poterunt
889 4607 1132 4666 nepotes,
1159 4613 1222 4652 ac
1263 4606 1510 4668 nepotum
1555 4599 1666 4664 lilii,
1702 4599 1846 4654 illum
1877 4599 2036 4654 talem

460 4689 601 4744 hanc
625 4689 877 4758 optimam
899 4689 1068 4758 legem
1096 4689 1322 4758 primum
1353 4689 1638 4752 invexisse.
1678 4689 1734 4743 Si
1772 4689 1911 4743 enim
1942 4705 2039 4744 ex—

459 4780 624 4839 terius
651 4780 702 4834 in
722 4780 1120 4846 certaminibus,
1143 4779 1267 4835 dum
1298 4781 1540 4836 convivia
1571 4779 1924 4846 instruuntur,
1948 4780 2038 4850 qui

457 4871 662 4931 inutilia
693 4871 791 4926 ista
814 4886 1032 4926 munera
1061 4871 1271 4941 publica
1305 4872 1561 4941 majorem
1592 4871 1658 4930 ad
1698 4872 2041 4941 magniﬁcente-

460 4965 586 5028 tiam
617 4963 956 5033 provexerint
975 5003 990 5028 ,
1014 4977 1044 5016 a
1073 4963 1226 5033 vulgo
1249 4964 1586 5018 celebrantur
1613 4980 1625 5016 :
1669 4965 1834 5019 multo
1873 4963 2040 5032 magis

457 5059 511 5111 in
543 5056 645 5114 hoc
671 5056 883 5126 publico
910 5071 1130 5111 munere
1155 5056 1412 5125 spirituali
1440 5056 1727 5110 laudabunt
1753 5071 1959 5120 omnes,
1984 5066 2040 5111 et

457 5145 682 5217 gratiam
711 5145 977 5204 habebunt
999 5146 1066 5211 ei,
1096 5147 1186 5216 qui
1214 5131 1530 5216 principium
1558 5146 1695 5200 istud
1727 5148 2037 5216 prieclarum

459 5238 832 5304 introduxerit,
857 5238 1012 5308 eique
1036 5238 1241 5296 laudem
1270 5239 1598 5302 liberalitatis
1630 5240 1730 5295 hoc
1766 5249 1816 5296 et
1844 5241 2042 5296 utilita-

459 5343 565 5386 tem
596 5332 852 5402 ncquiret.
883 5329 1012 5401 Nam
1049 5333 1093 5384 si
1124 5331 1300 5391 ethoc
1319 5332 1384 5393 ab
1409 5332 1526 5396 aliis
1555 5344 1822 5403 peractum
1860 5333 2038 5400 fuerit,

458 5422 552 5476 tibi
583 5423 672 5492 qui
697 5422 900 5493 primus
927 5423 1129 5476 semina
1155 5421 1325 5491 jeciin
1355 5423 1619 5479 iructuum
1647 5425 1875 5491 illortnn,
1901 5443 2042 5481 mer-

461 5513 645 5569 cedem
678 5512 912 5583 proferet
943 5531 956 5568 :
983 5513 1086 5570 hoc
1106 5523 1162 5570 et
1200 5523 1253 5572 te
1272 5515 1380 5573 cito
1406 5526 1679 5588 parentem
1699 5518 1914 5587 efﬁciet,
1939 5517 2041 5580 hoc

514 5663 701 5738 t'l'l‘ajc,
739 5662 1329 5738 illicitosqnecoitns_(xqi
1366 5671 1506 5738 μίξεις
1538 5672 1817 5738 ἀθέσμους),
1848 5676 2028 5726 desunt

453 5733 503 5777 in
541 5725 715 5789 Editis,
742 5727 830 5774 sed
858 5725 1099 5778 habentur
1125 5727 1174 5777 in
1199 5725 1388 5780 duobus
1424 5731 1534 5782 Mss.

3607 296 3717 352 εις

2138 419 2193 466 et
2219 409 2400 468 liberis
2419 411 2614 466 auxilio
2635 412 2762 478 erit,
2781 411 3084 479 efﬁcietque
3105 417 3402 481 utsponsus
3421 422 3542 464 cum
3565 422 3720 478 spon.

2133 516 2191 558 sa
2217 511 2586 576 consenescat,
2614 503 2682 558 Ut
2703 503 2846 559 enim
2879 502 3219 572 peccantibus
3245 500 3549 570 frequenter
3572 498 3718 557 Deo»

2137 594 2489 650 comminatur
2509 594 2728 651 dicens:
2752 593 2914 647 Erunt
2939 594 3035 663 ﬁlii
3061 594 3209 646 vestri
3241 593 3443 663 pupilli,
3465 603 3514 647 et
3535 608 3716 651 ma

2133 695 2310 739 vestris
2335 685 2499 738 viduae
2531 682 2724 755 (Exod.
2753 683 2842 736 22.
2866 683 2959 752 24)
2994 701 3007 736 :
3051 684 3130 738 sic
3157 683 3258 737 illis
3282 683 3373 753 qui
3395 682 3447 736 in
3469 683 3717 739 omnibus

2133 774 2233 844 ipsi
2260 776 2513 830 obediuut
2546 785 2601 830 et
2637 785 2965 830 senectutem
2989 775 3195 831 beatam
3219 785 3273 830 et
3303 775 3481 830 omnia
3506 790 3628 831 cum
3653 789 3714 830 ea

2133 882 2192 922 se
2213 866 2460 921 daturum
2490 868 2626 953 bpna
2657 863 2952 938 pollicetur.

2203 959 2258 1012 5.
2284 959 2349 1012 Ει
2374 973 2500 1013 vero
2533 959 2750 1013 Paulum
2788 973 3067 1028 possumus
3093 957 3194 1012 hoc
3219 957 3483 1016 dicentem
3507 956 3715 1026 audire,

2133 1064 2276 1118 sa-pe
2316 1049 2625 1104 immaturas
2663 1058 2862 1106 mortes
2906 1064 2936 1103 a
2985 1049 3325 1106 multitudine
3375 1056 3714 1119 peccatorum

2134 1139 2324 1196 allatas
2351 1154 2489 1195 esse.
2518 1138 2645 1194 Ideo
2667 1140 2833 1204 enim,
2864 1139 3050 1208 inquit,
3080 1140 3211 1197 inter
3229 1155 3313 1194 vos
3337 1139 3484 1194 multi
3503 1139 3710 1208 inﬁrmi,

2135 1239 2181 1286 et
2203 1231 2507 1298 imbecilles,
2539 1241 2586 1286 et
2616 1232 2871 1286 dormiunt
2902 1231 3048 1285 mulli
3077 1232 3125 1303 (ί
3156 1231 3273 1286 Cor.
3302 1233 3390 1286 Η.
3421 1232 3545 1303 30).
3575 1231 3714 1286 Pau-

2136 1339 2292 1395 peres
2317 1333 2516 1390 autem,
2543 1326 2588 1380 si
2609 1325 2929 1392 nutriantur,
2957 1323 3086 1383 nihil
3117 1324 3332 1379 evenire
3369 1324 3474 1378 tale
3500 1322 3717 1393 permit,

2138 1422 2269 1479 tere,
2298 1414 2390 1468 sed
2417 1415 2660 1483 quamvis
2685 1414 3011 1484 inopinatum
3031 1412 3154 1482 quid
3183 1412 3399 1479 incidat,
3419 1411 3713 1469 remedium

2137 1505 2259 1560 illos
2287 1505 2543 1560 adhibere
2569 1505 3063 1575 praesentissimum,
3086 1520 3151 1558 ex
3177 1519 3238 1558 ea
3263 1503 3435 1573 puella
3455 1516 3716 1572 cognosce

2139 1611 2258 1666 qua:
2287 1596 2337 1650 in
2362 1595 2531 1664 Jopj'e
2560 1595 2885 1650 morabatur.
2924 1595 3054 1649 Nam
3085 1603 3139 1648 et
3169 1593 3308 1650 hanc
3332 1603 3594 1646 mortuam
3630 1591 3714 1661 ja-

2137 1700 2346 1741 ccntem
2390 1687 2798 1742 circumstantes
2852 1700 3112 1756 pauperes
3153 1685 3240 1754 qui
3285 1684 3353 1738 ab
3398 1698 3462 1738 ea
3509 1683 3714 1738 nutrie-

2138 1777 2350 1841 bantur,
2368 1785 2421 1830 et
2439 1777 2711 1847 plorantes
2728 1777 3044 1843 excitarunt,
3060 1786 3113 1830 et
3137 1775 3204 1830 ad
3226 1776 3385 1830 vitam
3402 1782 3718 1830 revocarunt

2141 1867 2273 1938 (Act.
2289 1866 2322 1921 9
2360 1866 2426 1922 36
2441 1879 2488 1920 et
2504 1868 2658 1937 ηιμ).
2682 1867 2853 1922 Tanto
2871 1866 3142 1921 viduarum
3161 1874 3216 1920 et
3238 1879 3528 1936 pauperum
3545 1863 3718 1918 oratio

2138 1959 2248 2012 risu
2293 1969 2346 2012 et
2381 1958 2579 2013 chorea
2627 1959 2772 2013 omni
2809 1969 2890 2014 est
2913 1959 3116 2012 utilior.
3165 1957 3262 2011 Hic
3304 1971 3410 2010 uno
3448 1955 3537 2010 die
3563 1955 3720 2010 durat

2137 2048 2438 2116 delectatio,
2470 2050 2578 2105 illic
2603 2050 2851 2119 perennis
2879 2059 2963 2106 est
2987 2057 3238 2121 qumstus.
3260 2048 3440 2119 Cogita
3463 2055 3717 2118 quantum

2142 2141 2269 2196 illud
2298 2143 2367 2199 sit
2395 2151 2473 2198 tot
2499 2142 2960 2200 benedictionibus
2990 2151 3234 2198 onustam
3257 2155 3506 2212 sponsam
3536 2142 3719 2210 sponsi

2139 2232 2357 2290 domum
2411 2233 2654 2292 introire.
2706 2234 2910 2302 Quibus
2960 2235 3171 2289 coronis
3210 2233 3567 2303 splendidiora
3611 2248 3718 2286 non

2139 2333 2260 2380 sunt
2289 2325 2385 2379 ista
2406 2324 2428 2378 ?
2449 2325 2638 2395 quibus
2660 2342 2766 2390 non
2783 2325 2982 2384 divitiis
3011 2325 3261 2384 utiliora?
3285 2339 3405 2379 cum
3427 2331 3610 2378 contra
3633 2321 3721 2378 hic

2142 2430 2258 2470 mos
2288 2415 2580 2472 hodiernus
2607 2425 2863 2472 extrema:
2885 2417 2955 2471 sit
2973 2415 3274 2478 dementiae.
3299 2414 3548 2482 Quamvis
3574 2415 3720 2468 enim

2141 2523 2241 2563 nec
2268 2523 2424 2578 pcena
2445 2551 2461 2575 ,
2493 2522 2594 2563 nec
2618 2508 2969 2579 supplicium,
3009 2509 3074 2563 iis
3097 2509 3188 2578 qui
3210 2517 3318 2562 tam
3351 2507 3630 2566 inhoneste
3661 2518 3723 2560 se

2140 2607 2359 2668 gerunt,
2395 2599 2716 2665 immineret,
2763 2600 2936 2669 cogita
2979 2609 3231 2669 quantum
3271 2597 3586 2669 supplicium
3615 2597 3720 2664 sit,

2143 2691 2301 2743 tantis
2323 2689 2619 2745 maledictis
2647 2690 2948 2759 proscindi,
2976 2690 3168 2759 populo
3192 2698 3488 2759 spectante,
3519 2690 3723 2744 cunctis

2141 2783 2495 2848 audientibus,
2521 2784 2588 2837 ab
2614 2783 2917 2838 hominibus
2937 2784 3099 2838 ebriis
3118 2791 3172 2837 et
3194 2791 3371 2840 mente
3395 2781 3720 2852 depravatis.

2141 2874 2272 2929 Nam
2306 2890 2563 2944 pauperes
2589 2875 2800 2946 quidem
2827 2916 2840 2939 ,
2883 2875 2970 2930 ubi
2997 2875 3123 2944 quid
3151 2873 3472 2944 acceperint,
3504 2873 3726 2929 benedi-

2141 2975 2286 3033 eunt,
2323 2967 2524 3021 infinita
2555 2967 2692 3022 bona
2724 2975 3008 3037 precantur
3041 2985 3054 3019 :
3086 2967 3160 3020 illi
3190 2981 3315 3020 vero
3343 2974 3462 3036 post
3496 2966 3727 3020 ebrieta«

2144 3069 2272 3125 tem,
2303 3069 2422 3129 post
2449 3060 2791 3114 voracitatem
2810 3100 2825 3126 ,
2853 3073 3040 3114 omnes
3068 3057 3414 3112 dicteriorum
3441 3055 3630 3111 sordes
3668 3056 3723 3111 in

2143 3165 2332 3206 eorum
2377 3152 2550 3220 capita
2591 3150 2904 3215 eil'undunt,
2935 3150 3024 3219 qui
3068 3147 3464 3203 matrimonium
3509 3157 3724 3202 contras-

2147 3241 2296 3306 liunt,
2327 3250 2382 3297 et
2412 3241 2729 3296 diabolicum
2759 3250 3029 3297 certamen
3073 3241 3210 3294 inter
3245 3254 3306 3294 se
3332 3238 3600 3310 quoddam
3645 3239 3726 3293 in-

2152 3334 2380 3393 stituunt
2411 3351 2422 3386 :
2451 3341 2506 3387 et
2533 3332 2685 3401 quasi
2714 3339 2893 3387 essent
2931 3329 3125 3384 inimici
3156 3329 3244 3399 qui
3273 3329 3616 3391 conveniunt,
3647 3330 3726 3382 sic

2146 3425 2353 3480 illorum
2384 3425 2664 3494 propinqui
2687 3425 3046 3478 ccrtantinter
3073 3437 3134 3477 se
3176 3429 3292 3475 uter
3332 3420 3484 3491 plura
3511 3420 3580 3475 de
3618 3420 3726 3474 illis

2142 3516 2231 3585 qui
2259 3515 2507 3585 conjugio
2537 3515 2872 3583 copulantur,
2903 3512 3059 3568 fanda
3090 3521 3143 3566 et
3174 3511 3398 3566 nefanda
3425 3511 3617 3580 probra
3645 3511 3726 3566 ef-

2143 3608 2331 3674 futiet;
2361 3617 2413 3662 et
2445 3606 2785 3666 adversarios
2825 3605 3136 3659 imitantur:
3165 3612 3322 3672 atque
3358 3601 3472 3656 hac
3511 3602 3723 3657 illorum

2143 3701 2282 3756 inter
2325 3715 2383 3755 se
2409 3700 2681 3756 contentio
2727 3697 2925 3762 efﬁcit;
2981 3705 3037 3752 ut
3086 3710 3207 3750 cum
3249 3708 3442 3764 sponsa
3496 3707 3726 3762 Sponsus

2143 3806 2353 3846 summo
2384 3791 2583 3860 pudore
2607 3790 2958 3847 suffundatur.

2213 3882 2514 3938 Dtemonum
2540 3883 2763 3954 impulsu
2787 3884 2914 3950 ﬁunt
2939 3881 3028 3935 illa
3057 3880 3248 3939 omnia.
3294 3877 3478 3934 Mimos
3497 3887 3545 3931 et
3567 3877 3726 3932 εαιαι-

2144 3985 2274 4030 tores
2300 3984 2433 4028 art-et
2462 3991 2494 4028 a
2523 3975 2729 4043 nuptiis.
2754 4002 2824 4015 --
2845 3975 2926 4030 An
2959 3974 3117 4044 igitur
3154 3975 3310 4027 aliam
3331 4014 3346 4039 ,
3375 3985 3559 4043 quaeso
3583 4011 3601 4034 ,
3631 3969 3723 4024 de-

2145 4067 2584 4122 monstrationem
2628 4067 3002 4138 requiremus,
3050 4076 3110 4122 ut
3153 4067 3267 4122 hmc
3306 4067 3483 4121 omnia
3512 4064 3582 4119 ab
3625 4064 3722 4118 illis

2145 4160 2260 4215 ﬁeri
2301 4160 2512 4230 dicique
2555 4159 2856 4215 daemonum
2887 4159 3118 4229 impulsu
3160 4163 3406 4214 constet?
3444 4157 3575 4224 Quis
3597 4170 3721 4226 ergo

2142 4251 2395 4321 deinceps
2442 4251 2706 4320 ambiget,
2753 4252 2878 4320 quin
2912 4250 3026 4305 hazc
3057 4250 3234 4305 omnia
3275 4247 3402 4303 ﬁant
3437 4248 3504 4302 ab
3529 4247 3634 4301 illis
3659 4259 3722 4306 ac

2143 4345 2408 4411 dicantur,
2450 4344 2778 4398 daemonibus
2815 4344 3020 4398 animas
3059 4357 3243 4398 eorum
3289 4339 3720 4410 impellentibus?

2145 4436 2314 4492 Nemo
2344 4437 2501 4506 plane
2534 4454 2548 4490 :
2579 4437 2842 4506 siquidem
2869 4436 3128 4506 ejusmodi
3157 4444 3283 4490 sunt
3311 4433 3510 4490 diaboli
3545 4447 3718 4488 remo.

2144 4530 2444 4584 nerationcs
2467 4569 2482 4594 ,
2513 4529 2900 4598 cavillationes,
2929 4529 3236 4592 ebrietates,
3267 4538 3322 4583 et
3356 4527 3549 4580 anima:
3593 4524 3722 4579 deli-

2145 4622 2301 4675 rium.
2342 4619 2494 4688 Quod
2541 4621 2585 4674 si
2617 4621 2736 4692 quis
2780 4635 2844 4674 eo
2867 4659 2882 4686 ,
2933 4619 3074 4689 quod
3099 4619 3285 4673 horum
3324 4617 3441 4671 loco
3464 4627 3722 4686 pauperes

2145 4714 2573 4780 introducuntur,
2605 4716 2785 4769 omine
2812 4714 3164 4776 deterrentur,
3193 4721 3250 4766 et
3276 4710 3595 4767 calamitatis
3622 4709 3719 4762 hoc

2146 4806 2396 4861 indicium
2426 4821 2545 4862 esse
2575 4806 2746 4873 dicat,
2775 4807 2820 4860 is
2847 4805 2948 4860 hoc
2976 4804 3134 4859 etiam
3165 4802 3367 4868 discat,
3398 4815 3506 4856 non
3530 4813 3723 4871 paupe-

2145 4913 2232 4952 res
2270 4912 2334 4952 ac
2367 4897 2552 4952 viduas
2572 4897 2679 4962 ali,
2727 4896 2820 4951 sed
2856 4895 3046 4951 molles
3087 4909 3149 4949 ac
3175 4893 3481 4949 meretrices
3504 4932 3521 4956 ,
3551 4889 3724 4944 omnis

2146 4989 2405 5043 molestia:
2429 4998 2587 5058 atque
2615 4988 3013 5041 innumerorum
3036 5000 3155 5040 esse
3182 4983 3442 5038 malorum
3470 4979 3722 5035 indicium

2144 5093 2194 5138 et
2226 5092 2547 5152 portentum.
2565 5082 2718 5151 Step6
2735 5095 2964 5150 namque
2991 5079 3241 5135 meretrix
3265 5078 3374 5147 jam
3401 5076 3469 5132 ab
3498 5075 3591 5129 illo
3611 5075 3723 5144 ipso

2144 5174 2230 5230 die
2253 5191 2315 5229 ex
2347 5175 2530 5229 amicis
2558 5189 2813 5243 Sponsum
2844 5174 3110 5243 captivum
3139 5171 3411 5240 abripiens
3433 5167 3715 5230 discessit,

2145 5282 2380 5323 amorem
2408 5283 2530 5338 erga
2553 5282 2802 5337 sponsam
2829 5265 3102 5328 exStinxit,
3144 5261 3570 5318 beneVolentiam
3598 5256 3722 5312 sub.

2146 5359 2267 5414 dole
2295 5360 2530 5421 avertit,
2579 5357 2919 5412 dilectionem
2943 5393 2959 5421 ,
2996 5364 3278 5424 antequam
3322 5350 3720 5411 accenderetur,

2145 5452 2418 5516 dissolvit,
2449 5460 2502 5506 et
2539 5448 2784 5504 adulterii
2822 5463 3004 5503 semen
3044 5445 3248 5513 injecit.
3297 5443 3423 5498 Harc
3465 5441 3722 5512 pertime-

2147 5557 2298 5598 scere
2323 5551 2500 5611 patres
2523 5540 2779 5611 oportuit,
2807 5537 2908 5594 etsi
2935 5535 3066 5592 nihil
3086 5535 3228 5589 aliud
3258 5542 3421 5598 csset,
3447 5544 3512 5585 ac
3537 5528 3725 5584 mimos

2147 5645 2202 5690 et
2249 5635 2528 5689 saltatores
2568 5624 2884 5702 nuptiarum
2936 5631 3176 5701 ingressu
3231 5625 3542 5697 prohibere.
3593 5621 3723 5676 Sunt

2148 5727 2290 5784 enim
2307 5725 2556 5785 illSlilUliD
2575 5725 2792 5796 nuptiae,
2819 5739 2924 5779 non
2942 5731 2997 5778 ut
3021 5721 3375 5790 lasciviatnus,
3399 5730 3498 5776 nec
3515 5724 3572 5771 ut
3591 5724 3721 5770 scot-
