4058 6258
337 299 455 355 "Ml

351 421 433 481 cl;
457 414 583 476 τοὺς
615 411 829 482 γάμους
848 426 862 440 ’
898 409 1052 466 αὐλοὶ
1071 411 1148 474 δὲ,
1197 412 1478 483 σύριγγες,
1523 413 1617 466 καὶ
1644 411 1920 481 κύμϐαλα,

351 501 446 555 καί
465 498 534 551 τά
571 493 760 563 οἰνώδη
784 502 803 524 ⁸
827 494 1190 563 σκιρτήματα,
1214 495 1308 546 καί
1329 497 1361 564 ή
1391 493 1550 564 λοιπὴ
1584 496 1617 564 ἡ
1637 493 1733 546 νῦν
1755 494 1926 562 ἀσχη-

352 580 562 654 μοσύνη
590 580 737 632 πᾶσα
757 577 1000 630 ἐκποδὼν
1030 573 1118 647 ἦν.
1143 581 1204 634 υἰ
1225 579 1280 631 δέ
1315 581 1398 647 ἐφ’
1424 578 1582 649 ήμῶν
1603 579 1698 632 καί
1721 576 1927 647 ὕμνους

350 667 432 727 είς
459 662 553 732 τὴν
596 660 913 730 Ἀφροδίτην
939 659 1123 730 ᾅδουσι
1165 660 1502 731 χορεύοντες,
1539 661 1632 712 καὶ
1681 658 1926 730 μοιχείας

349 745 575 808 πολλάς,
601 744 695 796 καὶ
725 743 920 812 γάμων
949 741 1270 812 διαφθορὰς,
1303 745 1397 795 καὶ
1424 743 1632 813 ἔρωτας
1689 741 1927 812 παρανό-

352 845 510 898 μους,
547 827 640 879 καὶ
671 824 844 896 μίξεις
869 823 1160 896 ἀθέσμους,
1186 827 1280 878 καὶ
1311 825 1478 881 πολλὰ
1496 825 1656 893 ἕτερα
1675 824 1928 887 ἀσεϐείας

349 912 446 964 καὶ
499 908 762 979 αἰσχύνης
811 907 1050 978 γέμοντα
1084 906 1458 978 ᾇσματάκατ*
1493 907 1709 977 ἐκείνην
1741 907 1926 978 ᾄδουσι

347 995 448 1064 τὴν
478 993 709 1063 ἡμέραν,
743 991 836 1044 καί
871 990 1008 1060 μετά
1041 990 1210 1061 μέθην
1249 992 1342 1043 καί⁹
1381 991 1649 1061 τοσαύτην
1684 990 1928 1060 ἀσχημο-

346 1077 517 1146 σύνην
564 1076 629 1128 δι’
677 1073 918 1144 αἰσχρῶν
975 1074 1237 1144 ῥημάτων
1286 1074 1522 1145 δημοσίᾳ
1561 1073 1657 1144 τὴν
1707 1073 1925 1143 νύμφην

345 1158 710 1228 πομπεύουσι.
756 1155 880 1218 Πῶς
908 1151 1000 1209 οῦν
1042 1155 1211 1225 αὐτὴν
1262 1157 1515 1220 ἀπαιτεῖς
1546 1154 1922 1227 σωφροσύνην,

345 1241 471 1294 εἰπέ
503 1257 612 1310 μοι,
668 1240 748 1301 εἰς
771 1237 1042 1308 τοσαύτην
1090 1236 1366 1293 ἀναίδειαν
1402 1239 1466 1291 ἐκ
1502 1237 1727 1308 πρώτης
1753 1237 1924 1307 αὐτὴν

345 1319 714 1391 παιδοτριϐῶν
765 1321 864 1389 τῆς
924 1319 1160 1390 ἡμέρας,
1216 1321 1311 1372 καὶ
1364 1319 1803 1390 παρασκευάζων
1835 1319 1922 1370 ἐπ’

344 1404 533 1473 ὄψεσιν
557 1403 730 1472 αὐτῆς
760 1403 854 1454 καί
877 1401 1118 1468 γίνεσθαι
1141 1403 1236 1454 καὶ
1259 1401 1513 1471 λέγεσθαι
1537 1402 1726 1466 ταῦτα,
1762 1401 1799 1454 ἃ
1821 1418 1924 1471 μηο

343 1486 404 1538 δὲ
439 1484 746 1560 σπουδαίοις
775 1483 1129 1555 ἀνδραπόδοις
1162 1483 1392 1537 ἀκοῦσαι
1430 1483 1625 1553 θέμις;
1659 1482 1923 1536 Τοσοῦτον

347 1569 542 1638 χρόνον
565 1569 820 1620 ἐπόνεσεν
842 1567 870 1619 ὁ
900 1564 1082 1636 πατὴρ
1101 1566 1239 1637 μετά
1267 1566 1366 1635 τῆς
1408 1565 1614 1636 μητρὸς
1643 1564 1922 1633 φυλάττων

344 1653 448 1720 τὴν
487 1650 772 1720 παρθένον,
802 1647 944 1700 ὥστε
975 1650 1114 1719 μήτε
1146 1649 1341 1710 εἰπεῖν,
1372 1653 1507 1718 μήτε
1537 1648 1726 1718 ἐτέρου
1758 1646 1922 1700 ἀκοῦ-

349 1749 440 1785 σαι
456 1731 703 1800 λέγοντός
719 1748 770 1782 τι
787 1729 893 1782 τῶν
915 1728 1170 1782 τοιούτων
1195 1729 1475 1800 ῥημάτων,
1501 1730 1594 1783 καὶ
1625 1730 1918 1800 θαλάμους,

346 1813 924 1884 καὶγυναικωνίτιδας,
964 1813 1055 1865 καί
1092 1811 1239 1884 [196]
1274 1812 1541 1882 φύλακας,
1604 1814 1698 1866 καὶ
1729 1812 1916 1883 θύρας,

347 1899 444 1951 καὶ
495 1897 747 1967 μοχλοὺς,
796 1897 892 1949 καί
916 1895 1016 1959 τὰς
1079 1897 1137 1947 ἐν
1172 1895 1382 1966 ἑσπέρα
1421 1895 1702 1966 προόδους,
1741 1896 1920 1949 καὶτὸ

348 1981 536 2051 μηδενὶ
577 1979 860 2048 φαίνεσθαι
905 1979 1040 2048 μηδέ
1073 1977 1180 2032 τῶν
1217 1979 1561 2048 ἐπιτηδείων,
1623 1979 1717 2031 καί
1752 1978 1920 2032 πολλά

341 2065 508 2136 ἕτερα
529 2063 750 2116 πλείονα
766 2060 968 2115 τούτων
984 2061 1527 2132 πραγματευόμενος,
1545 2063 1638 2114 καὶ
1660 2063 1724 2114 σὺ
1743 2063 1921 2114 πάντα

341 2149 530 2205 ἐκεῖνα
585 2147 642 2198 ἐν
707 2146 804 2215 μιᾷ
846 2143 1016 2197 ἐλθὼν
1064 2143 1281 2214 ἐξέχεας
1327 2143 1527 2214 ἡμέρᾳ,
1569 2143 1920 2214 ἀναίσχυντον

340 2230 514 2300 αὐτὴν
535 2227 969 2299 παρασκευάζων
998 2226 1253 2295 γενέσθαι
1285 2225 1375 2279 διὰ
1405 2226 1506 2295 τῆς
1548 2227 1746 2294 ἀτίμου
1775 2243 1920 2296 πομ-

340 2311 454 2380 πῆς
483 2312 716 2380 ἐκείνης,
742 2310 837 2363 καί
872 2307 1242 2379 διεφθαρμένα
1269 2309 1490 2380 ῥήματα
1517 2310 1595 2370 εἰς
1619 2308 1717 2378 τὴν
1741 2309 1919 2379 ψυχὴν

338 2395 576 2461 εἰσάγων
599 2393 696 2463 τῆς
723 2391 976 2462 νύμφης;
1013 2391 1126 2442 Ούκ
1178 2389 1428 2442 ἐντεῦθεν
1473 2391 1543 2445 τὰ
1577 2391 1714 2460 μετά
1747 2389 1919 2444 ταῦτα

337 2477 522 2539 κακά;
553 2477 653 2530 οὐκ
705 2473 956 2532 ἐντεῦθεν
990 2475 1228 2543 μοιχεῖαι
1276 2473 1371 2525 καὶ
1417 2473 1780 2542 ζηλοτυπίαι;
1819 2475 1917 2527 ούκ

334 2557 589 2611 ἐντεῦθεν
623 2557 870 2611 ἀπαιδίαι
920 2558 1012 2609 καὶ
1040 2560 1258 2628 χηρεῖαι
1307 2557 1400 2609 καὶ
1430 2557 1684 2627 ὀρφανίαι
1709 2557 1913 2628 ἄωροι;

336 2640 511 2692 Ὅταν
540 2639 650 2710 γὰρ
684 2640 808 2700 τοὺς
839 2638 1100 2708 δαίμονας
1151 2637 1319 2709 καλῇς
1353 2638 1440 2690 διὰ
1467 2637 1576 2692 τῶν
1611 2639 1869 2710 ᾀσμάτων
1898 2679 1912 2703 ,

334 2725 467 2776 ὅταν
485 2723 580 2792 τὴν
602 2721 824 2775 ἐκείνων
854 2721 1147 2794 ἐπιθυμίαν
1173 2721 1395 2792 πληροῖς
1415 2721 1502 2774 διὰ
1540 2721 1646 2774 τῶν
1676 2721 1913 2792 αἰσχρῶν

339 2805 620 2876 ῥημάτων,
653 2806 780 2857 ὅταν
815 2804 1016 2874 μίμους
1050 2803 1146 2856 καὶ
1177 2800 1452 2873 μαλακοὺς
1483 2807 1563 2868 εἰς
1608 2805 1704 2875 τὴν
1735 2805 1913 2857 οἰκίαν

334 2888 564 2958 εἰσάγῃς
597 2887 690 2940 καὶ
720 2887 782 2939 τὸ
817 2886 1038 2956 θέατρον
1071 2885 1237 2948 ἅπαν,
1279 2886 1404 2938 ὅταν
1456 2887 1670 2956 πορνῶν
1700 2887 1913 2957 ἐμπλή-

334 2985 438 3043 an;
469 2971 568 3040 τὴν
603 2969 742 3022 οἰκία
759 2987 798 3023 θ.
823 2969 918 3022 καὶ
944 2968 1052 3020 τῶν
1087 2969 1358 3039 δαιμόνων
1392 2968 1688 3040 ὁλόκληρον
1729 2987 1909 3040 παρα-

333 3053 608 3123 σκευάσῃς
628 3048 1022 3122 ἐκεῖοιωμᾶσαι
1054 3051 1144 3104 τὸν
1174 3052 1356 3122 χορὸν,
1389 3050 1441 3104 τί
1472 3053 1776 3124 προσδοκᾷς
1803 3053 1910 3106 λοι-

331 3134 436 3186 πὸν
466 3134 636 3202 ὑγιὲς,
661 3134 781 3186 εἰπέ
816 3150 942 3203 μοις
975 3133 1132 3196 Τίνος
1161 3133 1218 3186 δέ
1247 3135 1434 3188 ἕνεκεν
1466 3136 1562 3188 καί
1593 3136 1774 3206 ἱερέας
1794 3139 1908 3190 εἰσ-

331 3216 510 3284 άγεις,
561 3215 769 3286 μέλλων
807 3219 872 3285 τῇ
908 3215 1170 3287 ὑστεραίᾳ
1217 3216 1443 3270 τοιαῦτα
1477 3217 1686 3282 τελείν;
1723 3218 1908 3272 Βούλει

331 3297 648 3367 φιλοτιμίαν
697 3295 1070 3361 ἐπιδείξασθαι
1116 3298 1307 3369 κέρδος
1360 3298 1624 3370 ἔχουσαν;
1665 3300 1909 3359 Κάλεσον

327 3380 528 3451 χοροὺς
545 3381 813 3450 πενήτων.
847 3380 987 3432 Ἀλλ’
1003 3379 1236 3454 αἰσχύνῃ
1254 3381 1486 3445 πάντως,
1509 3384 1603 3437 καὶ
1626 3383 1904 3454 ἐρυθριᾷς

330 3465 444 3516 Καὶ
467 3462 518 3515 τί
548 3463 753 3532 ταύτης
783 3463 881 3532 τῆς
908 3463 1130 3531 ἀλογίας
1158 3466 1357 3534 χεῖρον,
1381 3466 1508 3518 ὅταν
1542 3465 1631 3518 τὸν
1669 3467 1764 3535 μὲν
1790 3467 1905 3527 διά-

330 3546 488 3598 ϐολον
527 3545 701 3599 ἕλκων
727 3547 806 3608 εἰς
829 3546 928 3617 τὴν
981 3546 1179 3612 οἰκίαν,
1223 3547 1388 3616 μηδὲν
1413 3547 1639 3618 νομίζῃς
1680 3548 1903 3621 αἰσχρὸν

328 3631 528 3694 ποιεῖν,
558 3629 648 3680 τὸν
676 3629 734 3680 δέ
784 3629 1018 3699 Χριστὸν
1052 3629 1262 3699 μέλλων
1293 3630 1558 3697 εἰσάγειν,
1615 3631 1898 3703 ἐρυθριᾷς;

328 3714 546 3783 Ὠσπερ
580 3710 688 3782 γὰρ
739 3713 984 3781 πενήτων
1015 3712 1290 3765 εἰσιόντων
1322 3715 1350 3766 ὁ
1402 3714 1636 3784 Χριστὸς
1664 3715 1902 3785 παραγί-

324 3812 502 3857 νεται,
554 3793 695 3846 οὕτω
732 3793 986 3862 μαλακῶν
1016 3796 1109 3847 καὶ
1137 3795 1318 3864 μίμων
1365 3796 1482 3848 ἐκεῖ
1515 3796 1846 3866 χορευόντων
1875 3800 1902 3850 ὁ

322 3876 573 3938 διάϐολος
593 3879 650 3928 ἐν
676 3875 752 3945 τῷ
783 3877 934 3945 μέσῳ
969 3877 1240 3946 κωμάζει.
1275 3878 1386 3929 Καὶ
1414 3877 1521 3930 ἀπὺ
1549 3879 1646 3948 μὲν
1671 3880 1768 3950 τῆς
1804 3880 1899 3933 δα-

324 3961 504 4029 πάνης
532 3958 742 4028 ἐκείνης
763 3957 953 4027 κέρδος
980 3959 1153 4024 οὐδὲν,
1185 3959 1319 4012 ἀλλά
1369 3960 1463 4012 καὶ
1493 3961 1660 4032 πολλὴ
1701 3962 1898 4030 γένοιτ’

321 4041 390 4109 ἂν
431 4043 464 4111 ή
493 4039 662 4111 βλάϐη
684 4056 696 4070 ·
730 4040 837 4103 ἀπὸ
862 4039 918 4096 δὲ
947 4039 1150 4094 τούτων
1179 4042 1288 4094 τῶν
1332 4042 1701 4112 ἀναλωμάτων
1732 4045 1898 4098 πολύν

321 4142 450 4193 τινα
474 4123 620 4193 λήψῃ
645 4122 734 4175 τὸν
759 4123 948 4192 μισθὸν
991 4125 1220 4194 ταχέως.
1269 4125 1426 4178 Ἀλλά
1453 4127 1628 4190 οὐδεὶς
1674 4129 1767 4180 ἐπὶ
1799 4129 1896 4198 τῆς

325 4208 537 4268 πόλεως
573 4204 730 4258 τοῦτο
773 4206 1102 4276 εἰργάσατο;
1145 4207 1306 4260 Ἀλλά
1335 4210 1396 4261 σὺ
1427 4208 1692 4280 κατάρξαι
1727 4211 1895 4264 σπού-

321 4290 486 4345 δασον
519 4287 614 4340 καὶ
641 4288 882 4358 ἀρχηγὸς
913 4288 1167 4358 γενέσθαι
1204 4290 1302 4360 τῆς
1333 4290 1504 4361 καλῆς
1536 4293 1740 4358 ταύτης
1773 4310 1897 4346 συν-

320 4371 531 4442 ηθείας,
567 4371 653 4422 ἶνα
704 4372 800 4424 καὶ
836 4371 886 4423 οἱ
934 4373 1074 4441 μετά
1123 4371 1296 4430 ταῦτα
1328 4373 1408 4435 εἰς
1462 4373 1520 4425 σὲ
1554 4373 1891 4445 ἀναφέρωσι.

323 4448 442 4510 Κᾶν
475 4453 695 4529 ζηλώσῃ
721 4472 822 4520 τις,
857 4455 959 4508 κᾶν
989 4455 1298 4526 μιμήσηται
1324 4455 1481 4508 τοῦτο
1505 4456 1564 4508 τὸ
1593 4457 1732 4521 ἔθος,
1759 4457 1894 4526 πρὸς

317 4541 446 4600 τοὺς
478 4537 829 4604 ἐξετάζοντας
874 4537 1056 4601 ἕξουσι
1104 4538 1283 4605 λέγειν
1317 4541 1364 4591 οἱ
1393 4538 1604 4607 ἔγγονοι
1630 4541 1722 4592 καὶ
1748 4543 1795 4592 οἰ
1834 4541 1894 4605 ἐξ

317 4623 581 4691 ἐγγόνων,
611 4624 691 4676 ὅτι
723 4620 781 4674 ’0
799 4623 942 4675 δεῖνα
968 4624 1058 4676 τὶν
1091 4619 1252 4672 καλὸν
1275 4620 1464 4673 τοῦτον
1488 4621 1650 4690 νόμον
1676 4622 1892 4691 πρῶτος

316 4707 632 4775 εἰσήγαγεν.
666 4703 728 4756 Εἰ
783 4702 890 4773 γάρ
935 4703 1029 4755 ἐπὶ
1059 4702 1166 4754 τῶν
1195 4701 1394 4767 ἐξωθεν
1423 4702 1667 4770 ἀγώνων,
1696 4705 1752 4756 ἐν
1778 4707 1891 4767 τοῖς

319 4786 665 4858 συμποσίοις,
696 4787 746 4837 οἰ
777 4785 913 4854 πρὸς
938 4785 1000 4838 τὸ
1041 4785 1451 4856 φιλοτιμότερον
1475 4785 1573 4848 τὰς
1597 4787 1889 4857 ἀνονήτους

315 4871 519 4932 ταύτας
543 4868 882 4938 λειτουργίας
899 4867 1202 4936 ἐξάγοντες,
1230 4867 1380 4937 παρά
1412 4867 1619 4921 πολλῶν
1652 4868 1883 4939 ᾅδονταιο

316 4951 502 5021 πολλῷ
537 4949 736 5021 μᾶλλον
769 4950 862 5002 ἐπὶ
887 4950 981 5020 τῆς
1009 4951 1350 5021 λειτουργίας
1382 4949 1480 5019 τῆς
1512 4951 1888 5022 πνευματικῆς

315 5035 558 5100 ἆπαντες
603 5031 996 5094 ἐπαινέσονται,
1045 5033 1136 5086 καὶ
1181 5033 1340 5104 χάριν
1382 5033 1772 5104 ὁμολογήσουσι
1809 5034 1887 5104 τῷ

315 5117 521 5187 πρώτῳ
571 5117 667 5186 τὴν
709 5115 1026 5187 θαυμαστὴν
1075 5116 1279 5186 ταύτην
1306 5117 1480 5188 ἀρχὴν
1514 5118 1883 5186 εἰσαγαγόντι,

311 5204 410 5256 καὶ
438 5202 592 5255 ἔσται
614 5201 673 5254 τὸ
701 5200 833 5252 αὐτὸ
855 5200 946 5252 καὶ
979 5199 1256 5270 φιλοτιμία
1295 5201 1388 5254 καί
1417 5201 1621 5270 κέρδος.
1641 5201 1752 5256 Καὶ
1778 5202 1886 5272 γὰρ

309 5285 402 5352 ὑφ’
426 5284 632 5356 ἐτέρων
656 5282 813 5334 τοῦτο
841 5282 1290 5353 κατορθούμενον,
1320 5285 1422 5346 σοὶ,
1447 5283 1524 5353 τῷ
1554 5283 1754 5354 πρώτῳ
1786 5302 1885 5354 φυ-

305 5367 650 5438 τευσαμένῳ,
680 5365 788 5420 τῶν
818 5365 1045 5436 καρπῶν
1071 5365 1294 5420 ἐκείνων
1323 5365 1457 5422 οῐσει
1486 5367 1583 5437 τὴν
1605 5369 1843 5439 ἀμοιϐήν
1865 5386 1879 5400 ο

304 5451 467 5505 τοῦτό
491 5468 550 5503 σε
578 5451 672 5504 καί⁵
705 5449 916 5521 πατέρα
947 5450 1161 5519 ποιήσει
1190 5449 1420 5519 ταχέως,
1449 5449 1608 5506 τοῦτο
1649 5452 1741 5504 καὶ
1774 5452 1882 5505 τῶν

301 5531 642 5602 τικτομένων
671 5531 1052 5600 προστήσεται,
1107 5528 1201 5582 καὶ
1229 5529 1319 5582 τὸν
1347 5529 1577 5600 νυμφίον
1598 5533 1663 5602 τῇ
1696 5532 1752 5584 νύ
1763 5546 1878 5604 μφῃ
1926 5565 1958 5592 μ

364 5657 394 5688 ⁸
416 5654 499 5705 Sic
513 5655 737 5718 ngnelii
767 5655 1028 5718 elWMorcl.
1077 5656 1240 5710 Montf.
1267 5657 1438 5713 vitiose
1483 5655 1682 5718 οἰμώδη.
1725 5655 1874 5715 Savil.

300 5725 354 5772 ιι
375 5718 485 5770 οοά.
509 5717 605 5769 ἠδ
626 5717 797 5776 ὀνώδη.
817 5717 947 5768 Εοιτ.

1071 299 1142 356 IN
1181 301 1411 376 ILLUQ,
1455 301 1770 359 PROPTER
1804 298 2357 358 FOIKNICA'I'IONES
2414 302 2719 372 UXOREM,
2758 305 2909 362 ETC.
2946 302 2989 363 1.

3489 303 3602 360 2ἰὲ

2030 419 2517 490 συγκαταγηράσαι
2560 421 2995 492 παρασκευάσει.
3053 421 3264 494 Ὥσπερ
3315 421 3427 496 γὰρ
3483 429 3600 491 τοῖς

2027 504 2430 576 ἁμαρτάνουσιν
2479 509 2692 562 ἀπειλεῖ
2729 509 2967 580 συνεχῶς
3013 511 3043 562 ό
3073 509 3228 575 Θεὸς,
3275 511 3468 580 λέγων,
3511 515 3596 568 ὅτι

2030 590 2314 650 Ἔσονται
2343 596 2397 646 οἱ
2420 597 2535 649 υἱοί
2568 595 2734 665 ὑμῶν
2787 596 3054 665 ὀρφανοί,
3087 597 3185 651 καί
3217 600 3277 652 al
3319 600 3598 668 γυναῖκες

2024 675 2193 745 ὑμῶν
2216 677 2423 746 χῆραι·
2467 681 2606 734 οὕτω
2635 685 2728 738 καὶ
2766 688 2877 748 τοῖς
2905 687 2963 737 ἐν
2997 684 3198 739 ἅπασιν
3235 686 3385 757 αύτῷ
3409 687 3594 742 πειθο-

2029 763 2209 832 μένοις
2262 767 2356 819 καί
2388 769 2564 840 γῆρας
2599 771 2826 842 λιπαρὸν
2877 772 2972 826 καὶ
3010 773 3189 828 πάντα
3216 775 3354 845 μετὰ
3387 773 3592 830 τούτων

2024 852 2220 908 δώσειν
2249 857 2590 928 ὑπισχνεῖται
2618 860 2686 914 τά
2710 861 2906 928 ἀγαθά.

2096 957 2312 1022 γ’.’Καί⁵
2335 957 2546 1011 Παύλου
2576 958 2633 1012 δέ
2672 959 2817 1014 ἐστιν
2855 960 3086 1014 ἀκοῦσαι
3115 960 3274 1016 τοῦτο
3314 962 3590 1030 λέγοντος,

2025 1040 2107 1095 ὅτι
2139 1042 2405 1108 θανάτους
2428 1045 2640 1118 ἀώρους
2664 1047 2922 1112 πολλάκις
2940 1049 3352 1122 ἁμαρτημάτων
3373 1051 3594 1122 ἐποίησε

2025 1131 2247 1201 πλῆθος.
2278 1135 2380 1188 Διὰ
2407 1135 2584 1190 τοῦτο
2599 1135 2725 1207 γὰρ,
2745 1136 2931 1207 φησιν,
2946 1137 3170 1206 ἐνὺμῒν
3187 1137 3404 1193 πολλοὶ
3425 1138 3596 1192 ἀσθε-

2023 1219 2147 1285 νεῖς
2185 1221 2284 1274 καί
2316 1221 2629 1290 ᾶρῤωστοι,
2649 1225 2750 1278 καί
2781 1224 3099 1295 κοιμῶνται
3127 1226 3342 1280 ἱκανοί.
3374 1227 3496 1278 Ὅτι
3533 1225 3594 1280 δὲ

2023 1307 2252 1380 πένητες
2270 1311 2593 1380 τρεφόμενοι
2613 1313 2761 1366 οὐδὲν
2785 1312 3024 1368 τοιοῦτον
3044 1314 3234 1382 ἀφιᾶσι
3269 1301 3590 1384 συμπεσέῖν,

2022 1397 2178 1462 ἀλλὰ,
2207 1399 2306 1454 κᾶν
2323 1401 2544 1470 γένηταί
2563 1419 2616 1453 τι
2639 1401 2746 1454 τῶν
2771 1403 3067 1472 ἀδοκήτων,
3085 1403 3345 1471 ταχίστην
3362 1402 3594 1470 ἐπάγου-

2024 1501 2106 1537 σιν
2127 1484 2276 1557 [197]
2297 1487 2460 1540 αὐτοῦ
2478 1487 2574 1558 τὴν
2590 1489 2894 1559 διόρθωσιν,
2916 1489 3024 1542 ἀπὺ
3042 1489 3140 1558 τῆς
3159 1490 3327 1560 κόρης
3355 1489 3590 1559 μάνθανε

2018 1572 2118 1640 τῆς
2142 1575 2199 1625 ἐν
2228 1573 2436 1644 Ἰόππῃ.
2466 1574 2575 1628 Καὶ
2600 1574 2710 1646 γὰρ
2731 1575 2934 1645 ταύτην
2955 1574 3086 1628 ποτέ
3113 1575 3312 1645 νεκρὰν
3337 1577 3592 1646 κειμένην

2021 1660 2377 1730 περιστάντες
2413 1662 2462 1714 οἰ
2496 1661 2816 1731 τρεφόμενοι
2840 1661 3068 1730 πένητες
3096 1661 3190 1714 καὶ
3221 1660 3589 1733 δακρύσαντες

2020 1745 2350 1816 ἀνέστησαν,
2406 1747 2668 1817 καὶπρὸς
2717 1748 2860 1815 ζωὴν
2899 1749 3264 1819 ἐπανήγαγον.
3322 1747 3589 1802 Τοσοῦτον

2020 1833 2152 1901 εὐχὴ
2179 1832 2361 1904 χηρῶν
2391 1835 2483 1886 καὶ
2507 1837 2750 1906 πενήτων
2768 1835 3000 1902 γέλωτος
3024 1836 3222 1902 παντὸς
3253 1837 3349 1892 καί
3374 1836 3591 1907 χορείας

2020 1918 2137 1970 ἐστί
2183 1921 2594 1993 χρησιμωτέρα.
2640 1921 2904 1976 Ἐνταῦθα
2959 1923 3094 1994 πρὸς
3139 1922 3264 1994 μίαν
3313 1923 3588 1994 ήμέρανή

2018 2004 2230 2076 τέρψις,
2266 2008 2382 2060 ἐκεῖ
2412 2008 2657 2078 διηνεκὲς
2705 2010 2767 2062 τὸ
2813 2010 3019 2081 κέρδος.
3072 2011 3351 2081 Ἐννόησον
3404 2009 3589 2080 ήλίκον

2020 2093 2135 2144 ἐστὶ
2181 2093 2446 2157 τοσαύτας
2480 2095 2573 2149 ἐπὶ
2609 2096 2711 2165 τῆς
2759 2096 2998 2166 κεφαλῆς
3030 2097 3280 2165 εὐλογίας
3315 2096 3589 2152 λαϐοῦσαν

2019 2179 2115 2250 τὴν
2148 2181 2389 2253 νύμφην,
2427 2185 2505 2245 εἰς
2535 2185 2633 2254 τὴν
2677 2185 2854 2238 οἰκίαν
2901 2187 3129 2239 εἰσιέναι
3182 2185 3274 2238 τοῦ
3328 2188 3584 2257 νυμφίου.

2019 2268 2203 2321 Πόσων
2240 2269 2514 2337 στεφάνων
2538 2271 2711 2323 ταῦτα
2759 2273 3090 2343 σεμνότερα;
3120 2274 3285 2326 πόσου
3314 2274 3589 2344 χρησιμώ-

2016 2370 2148 2423 τερα
2181 2354 2447 2416 πλούτου;
2480 2357 2554 2419 ὡς
2587 2357 2655 2410 τά
2687 2375 2750 2426 γε
2788 2358 2881 2410 νῦν
2913 2360 3172 2430 γινόμενα
3217 2361 3453 2430 ἐσχάτης
3481 2379 3587 2414 πα-

2020 2441 2320 2512 ραπληξίας
2366 2443 2460 2495 καὶ
2510 2445 2934 2515 παραφροσύνης
2992 2446 3159 2499 ἐστίν.
3205 2447 3266 2498 Εἰ
3314 2446 3422 2517 γὰρ
3451 2447 3586 2517 μηδὲ

2015 2528 2254 2592 κόλασις,
2291 2529 2423 2599 μηδὲ
2447 2531 2688 2601 τιμωρία
2739 2548 2825 2594 τις
2877 2531 3054 2583 ἔκειτο
3088 2534 3202 2594 τοῖς
3246 2532 3316 2585 τὰ
3359 2535 3585 2600 τοιαῦτα

2013 2615 2432 2686 ἀσχημονοῦσιν,
2480 2617 2728 2688 ἐννόησον
2759 2619 2890 2688 ὅσης
2930 2617 3046 2672 ἐστί
3074 2619 3362 2691 τιμωρίας,
3395 2620 3585 2692 ἀνέχε-

2015 2703 2138 2756 σθαι
2187 2705 2482 2767 τοσαύταις
2537 2705 2900 2775 πλυνομένους
2954 2705 3271 2777 λοιδορίαις,
3325 2708 3581 2781 δημοσίᾳ,

2013 2791 2230 2844 πάντων
2275 2791 2599 2854 ἀκουόντων,
2637 2791 2742 2844 ὑπὸ
2791 2792 3093 2864 ἀνθρώπων
3135 2794 3441 2864 μεθυόντων
3487 2797 3584 2850 καὶ

2009 2877 2420 2949 διεφθαρμένων
2457 2879 2548 2932 τὸν
2575 2880 2718 2933 νοῦν.
2745 2881 2808 2932 Οί
2840 2882 2936 2949 μὲν
2960 2881 3070 2952 γὰρ
3110 2883 3336 2953 πένητες
3370 2883 3582 2954 λαμϐάο

2009 2982 2191 3029 νοντες
2223 2965 2531 3034 εὐλογοῦσι,
2566 2966 2736 3036 μυρία
2760 2967 3192 3036 συνεύχονταιτά
3223 2969 3577 3037 ἀγαθάοέκεῖ-

2009 3072 2088 3108 νοι
2126 3055 2182 3110 δέ
2213 3055 2353 3123 μετά
2379 3053 2476 3124 τὴν
2525 3052 2716 3124 μέθην,
2753 3053 2890 3124 μετά
2918 3054 3016 3124 τὴν
3047 3054 3372 3127 ἀδηφαγίαν,
3403 3059 3582 3114 πάντα

2009 3141 2267 3211 βόρϐορον
2307 3140 2655 3210 σκωμμάτων
2688 3141 2828 3193 κατά
2859 3141 2959 3209 τῆς
2990 3141 3098 3194 τῶν
3127 3143 3447 3213 γαμούντων
3486 3163 3582 3200 κα-

2007 3230 2260 3300 ταχέουσι
2287 3230 2548 3300 κεφαλῆς,
2580 3229 2811 3300 ἆμιλλάν
2837 3248 2960 3284 τινα
2983 3230 3294 3305 διαϐολικὴν
3329 3236 3464 3306 πρὸς
3493 3236 3584 3290 ἀλ.

2004 3315 2198 3387 λήλους
2252 3317 2488 3387 ἔχοντεςο
2540 3319 2636 3372 καὶ
2688 3317 2941 3389 καθάπερ
3006 3318 3213 3390 ἐχθρῶν
3258 3320 3428 3375 όντων
3467 3322 3579 3378 τῶν

2006 3409 2314 3471 συνιόντων,
2340 3403 2510 3467 οὕτως
2533 3405 2582 3455 οἰ
2621 3406 2992 3474 προσήκοντες
3025 3409 3210 3470 αὐτοῖς
3231 3407 3577 3478 φιλοτιμοῦνο

2001 3509 2092 3546 ται
2122 3491 2262 3563 πρὸς
2290 3491 2572 3562 ἀλλήλους,
2629 3493 2687 3544 ἐν
2711 3491 2788 3562 τῷ
2817 3493 2957 3562 ρητά
3001 3494 3095 3546 καὶ
3135 3494 3349 3565 ἄρρητα
3395 3496 3578 3563 λέγειν

2001 3579 2178 3649 ὀνείδη
2213 3577 2462 3649 περὶτῶν
2491 3581 2807 3649 γημάντων,
2847 3580 3087 3650 μιμῆσαι
3137 3583 3262 3643 τοὺς
3291 3584 3574 3636 ἀντιτετα-

2001 3667 2254 3738 γμένους·
2286 3667 2380 3718 καὶ
2405 3667 2592 3737 ἡπρὸς
2621 3665 2885 3737 ἀλλήλους
2902 3666 3106 3720 τούτων
3133 3669 3431 3736 φιλονεικία
3454 3673 3574 3742 μεθ’

2000 3753 2306 3824 ὑπερϐολῆς
2353 3754 2570 3822 ἀπάσης
2621 3753 2714 3806 τὸν
2757 3754 2990 3824 νυμφίον
3039 3755 3176 3824 μετά
3225 3757 3323 3826 τῆς
3357 3758 3574 3832 νύμφης

2001 3843 2454 3914 καταισχύνεσθαι
2476 3843 2906 3914 παρασκευάζει.

2068 3943 2194 4019 Ἆρ’
2240 3944 2334 4002 οῦν
2378 3949 2572 4019 ἐτέραν
2610 3947 2922 4018 ζητήσομεν
2965 3947 3259 4017 ἀπόδειξιν,
3301 3951 3422 4004 εἰπέ
3453 3969 3568 4020 μοι,

1997 4038 2105 4093 τῶν
2153 4041 2423 4109 δαιμόνων
2469 4038 2763 4092 κινούντων
2792 4040 2889 4102 τὰς
2923 4040 3146 4094 ἐκείνων
3174 4041 3352 4110 ψυχάς
3399 4042 3571 4096 ταῦτα

1997 4133 2092 4185 καὶ
2119 4132 2363 4200 γίνεσθαι
2394 4132 2490 4184 καί
2522 4130 2779 4199 λέγεσθαι
2809 4132 2937 4202 παρ’
2968 4131 3180 4197 αὑτῶν;
3206 4134 3248 4184 Τ
3255 4134 3301 4195 ίς
3324 4129 3417 4186 οῦν
3458 4134 3568 4204 ἀμ-

1997 4225 2322 4294 φισϐητήσει
2351 4225 2559 4289 λοιπὸν,
2588 4223 2952 4294 ὃτιδαιμόνων
2985 4225 3274 4292 κινούντων
3304 4226 3400 4288 τάς
3424 4226 3570 4278 ἐκεί-

1994 4335 2099 4371 νων
2119 4317 2296 4386 ψυχάς
2316 4318 2408 4370 καὶ
2439 4317 2662 4384 λέγεται
2685 4316 2856 4369 ταῦτα
2885 4317 3062 4370 πάντα
3087 4318 3181 4369 καὶ
3210 4317 3420 4384 γίνεται
3438 4318 3566 4389 παρ’

1993 4408 2243 4472 ἐκείνων;
2273 4409 2386 4460 Οὐκ
2413 4407 2561 4459 ἔστιν
2584 4407 2782 4470 οὐδείς·
2816 4409 2910 4459 καὶ
2939 4407 3048 4479 γάρ
3065 4407 3310 4459 τοιαῦται
3331 4408 3424 4460 τοῦ
3448 4409 3567 4462 δια-

1991 4501 2148 4554 ϐόλου
2175 4501 2232 4553 αἰ
2263 4499 2579 4562 ἀντιδόσεις,
2609 4499 2886 4570 λοιδορίαι,
2925 4502 3018 4552 καὶ
3048 4501 3229 4570 μέθαι,
3262 4502 3356 4553 καὶ
3389 4519 3568 4573 παρα-

1993 4591 2234 4663 φροσύνη
2252 4591 2453 4660 ψυχῆς.
2483 4591 2546 4642 Εἰ
2570 4590 2626 4644 δέ
2647 4607 2728 4653 τις
2751 4591 3050 4653 οἰωνίζοιτο
3085 4591 3145 4644 τὸ
3169 4591 3407 4662 πένητας
3445 4593 3565 4646 άντί

1987 4683 2192 4736 τούτων
2221 4681 2556 4750 εἰσάγεσθαι,
2585 4683 2678 4735 καί
2695 4697 2759 4733 συ
2767 4683 2979 4751 μφορᾶς
2994 4681 3140 4750 λέγοι
3161 4680 3297 4735 εἶναι
3321 4683 3564 4754 σύμϐολα

1988 4775 2181 4837 ταῦτα,
2216 4773 2434 4844 μαθέτω
2465 4773 2562 4826 καὶ
2591 4773 2768 4835 τοῦτο,
2796 4774 2878 4824 ὅτι
2918 4773 2979 4824 οὐ
3013 4773 3073 4826 τὸ
3105 4774 3340 4843 πένητας
3368 4775 3563 4845 τρέφε-

1989 4864 2114 4917 σθαι
2145 4864 2238 4917 καὶ
2265 4866 2458 4933 χήρας,
2486 4861 2624 4915 άλλά
2649 4863 2709 4915 τὸ
2729 4863 3002 4933 μαλακοὺς
3042 4863 3135 4916 καί
3163 4865 3562 4932 πόρνας,τοῦτο

1987 4957 2204 5027 ἀπάσης
2247 4955 2439 5025 ἀηδίας
2473 4956 2568 5008 καὶ
2619 4955 2828 5026 μυρίων
2873 4957 2990 5010 ἐστί
3049 4955 3318 5026 σύμϐολον
3349 4956 3556 5010 κακῶν.

1987 5048 2255 5110 Πολλάκις
2297 5048 2402 5118 γάρ
2437 5047 2530 5099 ἀπ’
2563 5046 2734 5116 αὐτῆς
2770 5045 2871 5115 τῆς
2915 5045 3129 5116 ήμέρας
3151 5049 3216 5100 ἐκ
3251 5047 3359 5100 τῶν
3389 5048 3558 5116 φίλων

1983 5140 2074 5193 τὸν
2104 5138 2336 5209 νυμφίον
2369 5135 2716 5206 αἰχμάλωτον
2748 5133 2987 5188 λαϐοῦσα
3016 5135 3259 5205 ἀπῆλθεν
3289 5138 3322 5206 ὴ
3360 5137 3555 5207 πόρνη,

1984 5233 2079 5286 καὶ
2110 5231 2200 5285 τὸν
2225 5229 2402 5300 ἐρώτα
2424 5229 2514 5281 τὸν
2547 5227 2682 5298 πρὸς
2708 5227 2807 5298 τὴν
2836 5225 3055 5297 νύμφην
3088 5226 3299 5290 ἔσϐεσε,
3333 5227 3425 5279 καὶ
3455 5227 3556 5296 τὴν

1983 5323 2197 5376 εὕνοιαν
2217 5321 2478 5390 ύπέσυρε,
2509 5321 2604 5374 καὶ
2635 5320 2736 5390 τὴν
2761 5319 3000 5388 ἀγάπην,
3056 5317 3185 5388 πρὶν
3232 5315 3554 5387 ἐξαφθῆναι,

1982 5415 2264 5481 κατέλυσε,
2293 5415 2388 5467 καὶ
2419 5413 2662 5485 μοιχείας
2688 5409 3020 5481 ἐγκατέϐαλε
3043 5409 3352 5480 σπέρματα.
3371 5407 3554 5462 Ταῦτα

1981 5508 2274 5562 δεδοικέναι
2305 5508 2432 5570 τοὺς
2457 5506 2698 5577 πατέρας
2721 5508 2905 5576 ἐχρῆν,
2942 5505 2991 5556 εἰ
3017 5503 3111 5557 καὶ
3147 5501 3314 5574 μηδὲν
3344 5502 3552 5573 ἕτερον,

1981 5602 2074 5654 καί
2108 5599 2338 5656 κωλύειν
2369 5599 2476 5652 τῶν
2513 5599 2696 5669 μίμων
2728 5598 2822 5651 καὶ
2848 5597 2957 5650 τῶν
2981 5595 3329 5668 ὀρχουμένων
3347 5594 3446 5660 τάς
3473 5597 3554 5660 εἰς

1979 5698 2104 5762 τοὺς
2126 5696 2336 5768 γάμους
2362 5692 2683 5766 παρουσίας.
2724 5691 3048 5763 Γάμοςγάρ,
3073 5688 3173 5762 οὐκ
3204 5690 3290 5746 ἴνα
3308 5687 3551 5762 tta-075’)-
