4058 6258
507 318 618 377 215

511 451 614 505 μεν
661 433 1051 500 εἰσενήνεκται,
1107 431 1218 488 οὐδ’
1258 431 1346 484 ἵνα
1395 430 1768 501 πορνεύωμεν,
1827 427 1940 482 ἀλλ’
1989 426 2076 480 ἶνα

509 523 900 593 σωφρονῶμεν.
933 522 1197 576 Ἄκουσον
1251 520 1383 590 γοῦν
1416 521 1512 575 τοῦ
1563 520 1776 574 Παύλου
1806 519 2072 586 λέγοντος·

506 613 612 668 Διὸ
638 611 706 664 δὲ
736 610 844 676 τὰς
871 613 1152 679 πορνείας
1169 611 1425 677 ἕκαστος
1451 610 1564 678 τὴν
1580 609 1796 663 ἑαυτοῦ
1826 604 2078 676 γυναῖκα

504 701 709 770 ἐχέτω,
746 702 844 755 καὶ
868 701 1094 769 ἑκάστη
1119 701 1226 754 τὸν
1241 701 1396 755 ἴδιον
1422 700 1613 770 ἄνδρα
1632 700 1832 769 ἐχέτω.
1850 697 1955 750 Δύο
1969 690 2076 766 γὰρ

506 791 681 847 ταῦτα
715 794 852 856 ἐστι,
885 792 954 846 δι’
979 791 1122 863 άπερ
1146 795 1512 863 εἰσενήνεκται
1540 792 1736 860 γάμος.
1771 789 1858 842 ἵνα
1889 803 1947 840 τε
1975 803 2078 838 σω-

507 884 815 955 φρονῶμενν
873 885 968 939 καὶ
1013 885 1100 937 ἵνα
1152 885 1387 955 πατέρες
1433 881 1731 952 γινώμεθα·
1762 880 1870 936 τῶν
1899 879 1956 932 δὲ
1986 876 2078 931 δύο

504 976 710 1030 τούτων
736 976 1122 1048 προηγουμένη
1165 977 1197 1046 ἡ
1223 977 1324 1046 τῆς
1351 975 1704 1046 σωφροσύνης
1732 972 1852 1028 ἐστὶ
1877 969 2081 1041 πρόφαν

508 1083 613 1131 σις.
651 1067 868 1139 Ἐπειδὴ
886 1068 994 1138 γὰρ
1025 1067 1275 1136 εἰσῆλθεν
1292 1067 1573 1136 ἐπιθυμία,
1606 1063 1822 1134 εἰσῆλθε
1850 1060 1945 1116 καὶ
1974 1060 2077 1128 γά-

433 1177 437 1223 i
511 1172 608 1226 μσς
640 1157 741 1227 τὴν
789 1156 1056 1226 ἀμετρίαν
1087 1153 1393 1219 ἐκκόπτων,
1427 1155 1522 1208 καὶ
1571 1152 1772 1205 πείθων
1807 1151 1903 1220 μιᾷ
1944 1148 2078 1218 χρῆ-

509 1247 634 1301 σθαι
667 1248 902 1316 γυναικί.
930 1247 1041 1308 Τάς
1057 1245 1165 1316 γὰρ
1199 1245 1544 1305 παιδοποιίας
1570 1245 1669 1314 οὐχ
1690 1241 1909 1311 ὁγάμος
1940 1239 2082 1292 ποιεί

507 1341 745 1403 πάντως,
780 1339 894 1392 ἀλλ’
911 1341 1087 1391 ἐκεῖνο
1100 1339 1163 1391 τὸ
1178 1339 1330 1409 ῥῆμα
1358 1337 1452 1390 τοῦ
1470 1335 1606 1388 θεοῦ
1637 1335 1700 1388 τὸ
1720 1334 1896 1401 λέγον,
1929 1330 2078 1403 [198]

505 1429 871 1494 Αὺεὰνεσθε,
903 1431 999 1482 καὶ
1023 1431 1424 1496 πληθύνεσθαι,
1460 1427 1558 1481 καί
1591 1425 1945 1494 πληρώσατε
1966 1421 2082 1488 τὴν

507 1519 642 1590 γῆν·
691 1521 785 1574 καὶ
817 1518 1185 1590 μαρτυροῦσιν
1236 1520 1350 1571 ὅσοι
1388 1520 1554 1588 γάμῳ
1606 1516 1707 1586 μὲν
1754 1516 2079 1586 ἐχρήσαντο,

507 1610 744 1682 πατέρες
791 1611 848 1664 δὲ
877 1611 978 1662 οὐκ
1008 1609 1275 1677 ἐγένοντο.
1309 1610 1474 1663 Ὥστε
1510 1607 1894 1680 προηγουμένη
1941 1603 2078 1676 αῦτη

508 1703 542 1770 ἡ
577 1701 744 1764 αίτία,
779 1702 812 1772 ἡ
844 1701 942 1772 τῆς
977 1700 1350 1775 σωφροσύνης,
1384 1702 1479 1753 καὶ
1517 1701 1748 1769 μάλιστα
1783 1697 1899 1761 νῦν,
1932 1697 2018 1750 ὅτε
2047 1697 2079 1765 ὴ

507 1793 798 1862 οἰκουμένη
820 1794 969 1846 πᾶσα
1001 1793 1094 1846 τοῦ
1121 1795 1310 1862 γένους
1326 1793 1482 1862 ἡμῶν
1507 1791 1909 1862 ἐμπέπλησται.
1925 1788 2081 1858 Παρὰ

512 1885 611 1954 μὲν
634 1882 741 1954 γὰρ
777 1884 877 1954 τὴν
921 1885 1097 1955 ἀρχὴν
1128 1883 1373 1936 ποθεινὸν
1408 1884 1468 1936 τὸ
1498 1883 1606 1935 τῶν
1633 1882 1837 1935 παίδων
1874 1877 1962 1951 ἦν,
1993 1879 2082 1932 διὰ

505 1977 568 2029 τὸ
608 1975 953 2046 μνημόσυνον
981 1978 1073 2030 καὶ
1106 1976 1336 2044 λείψανα
1387 1974 1824 2046 καταλιμπάνειν
1851 1973 2081 2026 ἕκαστον

505 2067 605 2137 τῆς
640 2067 831 2119 ἑαυτοῦ
874 2066 1040 2136 ζωῆς.
1079 2067 1298 2138 Ἐπειδὴ
1345 2067 1452 2138 γάρ
1480 2065 1827 2126 ἀναστάσεως
1870 2062 2082 2116 οὐδέπω

505 2151 647 2227 ἦσαν
677 2155 907 2220 ἐλπίδες,
929 2155 1041 2208 ἀλλ’
1073 2157 1101 2208 ὁ
1137 2155 1365 2218 θάνατος
1392 2156 1633 2226 ἐκράτει,
1668 2154 1761 2206 καὶ
1803 2150 1941 2222 μετά
1983 2150 2082 2222 τὴν

508 2247 758 2302 ἐντεῦθεν
788 2247 933 2318 ζωὴν
982 2247 1317 2301 ἀπόλλυσθαι
1349 2245 1597 2318 ἐνόμιζον
1631 2248 1678 2298 οἱ
1704 2243 2080 2307 τελευτῶντες,

508 2337 706 2391 ἔδωκεν
729 2339 902 2400 ὸΘεὸς
931 2339 1030 2409 τὴν
1055 2341 1119 2392 ἐκ
1147 2337 1256 2389 τῶν
1294 2337 1499 2390 παίδων
1537 2335 1910 2406 παραμυθίαν,
1941 2333 2080 2386 ὥστε

506 2427 617 2478 τῶν
643 2425 985 2478 ἀπελθόντων
1005 2427 1218 2488 εἰκόνας
1245 2424 1521 2494 ἐμψύχους
1556 2424 1756 2494 μένειν,
1787 2423 1881 2475 καὶ
1909 2421 1968 2474 τὸ
1993 2421 2084 2489 γέ-

509 2534 599 2579 νος
637 2516 794 2586 ἡμῶν
819 2517 1210 2587 διατηρείσΘαι,
1247 2515 1342 2568 καὶ
1370 2518 1483 2577 τοῖς
1525 2513 1775 2584 μέλλουσι
1804 2513 2080 2583 τελευτᾷν,

511 2608 604 2661 καί
642 2608 755 2668 τοῖς
793 2605 1122 2674 ἐπιτηδείοις
1151 2609 1261 2667 τοῖς
1284 2605 1506 2658 ἐκείνων
1535 2605 1797 2674 μεγίστην
1817 2599 1953 2656 εἶναι
1981 2620 2083 2655 πα-

511 2698 777 2770 ράκλησιν
807 2695 877 2747 τὰ
919 2697 1142 2749 ἐκείνων
1181 2695 1397 2763 ἔκγονα.
1425 2697 1537 2747 Καὶ
1579 2695 1665 2748 ἵνα
1694 2693 1870 2765 μάθῃς
1891 2695 1972 2746 ὅτι
1997 2694 2084 2746 διά

509 2788 669 2841 τοῦτο
703 2786 936 2856 μάλιστα
959 2784 1183 2840 ποθεινὰ
1202 2785 1268 2837 τὰ
1304 2784 1469 2838 τέκνα
1498 2780 1586 2854 ἦν,
1617 2785 1847 2837 ἄκουσον
1870 2784 1921 2836 τί
1951 2783 2084 2852 πρὸς

509 2881 602 2934 τὸν
652 2877 772 2932 ’1ὼὸ
819 2877 1150 2948 ἀποδύρεται
1205 2875 1344 2947 μετὰ
1376 2875 1476 2939 τὰς
1525 2875 1724 2938 πολλὰς
1753 2875 1966 2945 πληγὰς
1991 2887 2016 2915 ⁸
2050 2877 2084 2946 ἡ

509 2971 669 3040 γυνή.
714 2968 890 3035 Ἰδοὺ,
924 2969 1111 3038 φησὶν,
1143 2967 1413 3021 ἀπώλετο
1446 2967 1512 3020 τὸ
1537 2968 1938 3036 μνημόσυνόν
1967 2982 2085 3020 σου

508 3061 628 3117 ἀπὸ
659 3061 770 3129 τῆς
811 3061 945 3132 τῆς,
981 3064 1036 3115 οὶ
1085 3062 1204 3115 υἰοί
1232 3074 1349 3116 σου
1376 3059 1474 3114 καί
1513 3063 1571 3113 αἰ
1603 3059 1921 3130 θυγατέρες
1945 3075 2080 3113 σου.

511 3153 622 3205 Καὶ
648 3151 812 3204 πάλιν
847 3154 875 3204 ὀ
901 3151 1074 3205 Σαοὺλ
1117 3152 1253 3221 πρὸς
1293 3150 1385 3204 τὸν
1429 3149 1616 3204 Δαυϊδ·
1664 3150 1934 3219 Ὀμοσόν
1961 3169 2083 3220 μοι,

511 3240 611 3292 ἵνα
637 3239 723 3308 μὴ
753 3241 1059 3308 ἀφανίσῃς
1101 3239 1167 3292 τὸ
1207 3239 1445 3307 σπέρμα
1476 3257 1618 3307 μου,
1665 3239 1764 3298 καὶ
1806 3239 1872 3292 τὸ
1904 3238 2089 3307 ὄνομά

507 3347 627 3401 μου
652 3331 779 3400 μετ’
803 3328 927 3399 ἐμέ.
989 3329 1208 3400 Ἐπειδὴ
1250 3330 1306 3383 δὲ
1355 3329 1541 3384 λοιπὸν
1583 3332 1616 3400 ή
1673 3331 1969 3392 ἀνάστασις
1997 3330 2088 3383 ἐπὶ

513 3420 728 3490 θύραις,
756 3419 852 3474 καὶ
885 3418 1115 3474 θανάτου
1144 3418 1302 3487 λόγος
1331 3418 1524 3483 οὐδεὶς,
1566 3418 1703 3474 ἀλλά
1733 3421 1869 3492 πρὸς
1899 3421 2088 3492 ἑτέραν

512 3511 660 3582 ζωὴν
706 3510 963 3582 ὁδεύομεν
1010 3509 1202 3581 βελτίω
1255 3509 1353 3582 τῆς
1399 3509 1585 3582 οὔσης,
1621 3511 1908 3582 περιττὴὴ
1963 3511 2090 3582 περὶ

510 3603 687 3656 ταῦτα
711 3601 939 3672 σπουδή.
965 3603 1028 3655 Εἰ
1059 3601 1169 3673 γάρ
1199 3601 1402 3655 παίδων
1439 3601 1743 3672 ἐπιθυμεῖς,
1775 3602 1951 3674 πολλῷ
1973 3601 2091 3671 βελ-

513 3695 660 3757 τίους
690 3695 786 3747 καὶ
802 3692 1251 3764 χρησιμωτέρους
1287 3693 1488 3765 δυνήσῃ
1531 3693 1832 3765 κτήσασθαι
1858 3694 1972 3759 νῦν,
2000 3696 2090 3748 ὅτε

513 3787 884 3857 πνευματικαί
929 3802 1073 3850 τινες
1123 3785 1312 3850 ὠδῖνες
1339 3785 1692 3857 εἰσήχθησαν,
1731 3787 1824 3840 καὶ
1867 3785 2090 3856 βελτίων

512 3877 696 3941 τόκος,
733 3878 827 3930 καὶ
857 3877 1157 3948 γηροκόμοι
1195 3879 1623 3949 χρησιμώτεροι.
1669 3879 1831 3932 Ὥστε
1871 3879 1966 3949 μία
2007 3879 2089 3941 τίς

513 3970 632 4022 ἐστι
665 3967 844 4038 γάμου
877 3968 1169 4037 πρόφασις,
1193 3969 1255 4021 τὸ
1284 3968 1358 4039 μὴ
1384 3969 1688 4038 πορνεύειν,
1708 3970 1800 4023 καὶ
1824 3970 1913 4023 διὰ
1935 3970 2092 4024 τοῦτο

513 4057 886 4128 τδφάρμακον
934 4059 1305 4126 εἰσενήνεκται
1348 4057 1525 4111 τοῦτο.
1564 4059 1625 4110 Εἰ
1661 4059 1718 4111 δὲ
1743 4060 1956 4129 μέλλοις
1999 4064 2092 4116 καὶ

522 4145 659 4216 μετά
687 4145 864 4214 γάμον
913 4145 1216 4214 κεχρῆσθαι
1267 4146 1564 4215 πορνεεαις,
1616 4149 1882 4216 περιττῶς
1929 4147 2092 4220 ἦλθες

519 4236 613 4289 ἐπὶ
629 4234 718 4286 τὸν
750 4235 944 4302 γάμον,
984 4234 1227 4304 καὶείκῆ
1275 4237 1371 4288 καὶ
1422 4236 1618 4306 μάτην·
1666 4239 1864 4307 μᾶλλον
1903 4241 1960 4294 δὲ
1992 4243 2092 4298 οὐκ

520 4325 642 4394 εἰκῆ
670 4323 764 4377 καὶ
794 4324 968 4393 μάτην
1015 4323 1195 4392 μόνον,
1227 4324 1366 4378 ἀλλά
1402 4327 1496 4379 καὶ
1523 4328 1618 4381 ἐπὶ
1658 4328 1852 4400 βλάϐῃ.
1880 4332 1954 4384 Ού
1983 4333 2091 4404 γάρ

519 4418 669 4469 ἐστιν
705 4416 818 4468 ἰσον
846 4414 946 4467 οὐκ
977 4414 1168 4484 ἔχοντα
1207 4418 1445 4484 γυναῖκα
1477 4418 1780 4487 πορνεύειν,
1820 4421 1914 4473 καὶ
1953 4421 2092 4490 μετά

518 4506 696 4576 γάμον
722 4505 881 4560 πάλιν
903 4505 963 4558 τὸ
1007 4505 1136 4558 αὐτὸ
1159 4505 1316 4559 τοῦτο
1342 4509 1532 4560 ποιεῖν.
1559 4507 1694 4561 Οὐδὲ
1724 4509 1832 4578 γὰρ
1873 4510 2090 4582 πορνεία

518 4599 579 4651 τὸ
615 4596 818 4650 τοιοῦτο
862 4597 1048 4651 λοιπόν
1093 4598 1259 4660 ἐστιν,
1305 4597 1439 4652 ἀλλά
1495 4601 1728 4668 μοιχεία.
1769 4601 1829 4654 Εἰ
1856 4602 1965 4673 γὰρ
2001 4603 2092 4656 καὶ

520 4690 822 4761 παράδοξόν
845 4691 960 4744 ἐστι
992 4689 1054 4743 τὸ
1081 4689 1390 4760 εἰρημένον,
1421 4691 1534 4744 ἀλλ’
1573 4691 1791 4761 ἀληθές.

592 4781 654 4836 δ’.
675 4782 787 4836 οὐκ
811 4781 1112 4851 ἀγνοοῦμεν
1137 4781 1245 4852 γὰρ
1256 4781 1338 4834 ὅτι
1367 4781 1550 4834 πολλοὶ
1584 4783 1828 4852 μοιχείαν
1851 4785 2093 4854 νομίζου-

523 4892 628 4939 σιν,
651 4875 776 4928 ὅταν
796 4891 880 4936 τις
907 4872 1175 4940 ῦπανδρον
1205 4872 1399 4944 φθείρῃ
1427 4876 1663 4941 γυναῖκα
1685 4875 1866 4944 μόνον·
1899 4877 2011 4946 ἐγὼ
2031 4878 2090 4933 δὲ

522 4964 622 5020 κᾶν
659 4964 890 5034 δημοσίᾳ
925 4963 1119 5034 πόρνῃ,
1149 4961 1250 5015 κᾶν
1293 4962 1647 5034 θεραπαινίδι,
1684 4964 1788 5017 κᾶν
1815 4965 1949 5038 ἄλλῃ
1986 4969 2094 5021 τινὶ

522 5053 742 5123 γυναικί
769 5053 934 5122 ἄνδρα
960 5052 1060 5104 οὐκ
1089 5051 1286 5122 ἐχούσῃ
1315 5053 1525 5123 πρόσχῃ
1569 5055 1752 5117 κακῶς
1769 5055 1864 5108 καὶ
1892 5057 2090 5112 ἀκολά-

525 5161 687 5207 στως,
717 5144 855 5212 ἔχων
877 5145 1127 5210 γυναῖκα,
1155 5142 1396 5212 μοιχείαν
1412 5143 1472 5196 τὸ
1494 5144 1734 5198 τοιοῦτον
1763 5141 1904 5200 εἷναί
1927 5164 1999 5217 φη
2007 5165 2090 5218 μι.

523 5237 599 5289 οὐ
631 5233 740 5305 γάρ
762 5233 826 5304 δὴ
851 5233 1008 5302 μόνον
1037 5233 1144 5286 ἀπὸ
1163 5233 1269 5286 τῶν
1297 5232 1688 5304 ὑϐριζομένων,
1721 5235 1858 5289 ἀλλὰ
1880 5239 1973 5290 καὶ
1985 5239 2093 5292 ἀπὸ

520 5328 628 5380 τῶν
658 5325 986 5391 ύὸριζόντων
1008 5324 1068 5376 τὸ
1095 5323 1191 5385 τῆς
1216 5323 1457 5393 μοιχείας
1487 5325 1796 5378 συνίσταται
1819 5326 2088 5399 ἔγκλημα.

522 5417 615 5484 μὴ
649 5414 758 5485 γάρ
810 5431 901 5484 μοι
931 5413 1054 5475 τοὺς
1083 5411 1280 5476 ἔξωθεν
1331 5414 1527 5484 νόμους
1571 5418 1730 5489 εἴπῃς
1758 5417 1874 5482 νῦν,
1898 5420 1946 5472 οἳ
1994 5422 2092 5486 τὰς

526 5508 624 5580 μὲν
658 5509 916 5574 γυναῖκας
945 5505 1326 5576 μοιχευομένας
1374 5507 1453 5571 εἰς
1485 5507 1830 5582 δικαστήριον
1877 5511 2092 5566 ἕλκουσι

582 5693 606 5720 ⁸
628 5693 734 5745 Duo
767 5708 883 5748 mss.
907 5698 1082 5756 πολλὰς
1099 5700 1178 5747 καὶ
1203 5699 1406 5764 ἀφάτους
1425 5702 1618 5764 πληγάς.

1224 325 1282 382 S.
1323 322 1608 382 JOANNIS
1647 316 2140 379 CHRYSOSTOMI
2175 314 2493 374 ARCHIEP.
2533 311 3082 371 CONSTANTINOP.

3641 309 3751 367 2H

2180 427 2273 478 καὶ
2287 424 2512 490 εὐθύνας
2536 426 2876 490 ἀπαιτοῦσιν,
2903 424 3100 494 ἄνδρας
3120 425 3213 476 καὶ
3238 423 3503 490 γυναῖκας
3528 423 3757 495 ἔχοντας

2181 515 2275 567 καὶ
2309 515 2653 586 θεραπαινίσι
2675 515 3171 587 προφθειρομένους
3191 514 3293 568 οὑκ
3313 515 3637 568 ἀπαιτοῦσιν
3665 517 3759 570 cio-

2182 603 2365 668 θύνας·
2398 607 2510 660 ἀλλ’
2537 607 2648 675 ἐγώ
2673 624 2753 660 σοι
2783 608 2873 660 τὸν
2901 606 2994 659 τοῦ
3016 605 3150 658 Θεοῦ
3165 604 3330 675 νόμον
3345 603 3754 675 ἀναγνώσομαι,

2181 697 2381 766 ὁμοίως
2417 698 2512 750 καὶ¹
2563 697 2655 751 ἐπὶ
2704 698 2802 768 τῆς
2856 696 3112 765 γυναικὸς
3161 697 3256 750 καὶ
3290 697 3380 750 ἐπὶ
3431 697 3527 750 τοῦ
3563 697 3756 767 ἀνδρὸς

2182 787 2611 854 ἀγανακτοῦντα,
2629 789 2722 842 καὶ
2748 788 2988 859 μοιχείαν
3013 783 3146 841 εἶναι
3170 788 3230 841 τὸ
3256 789 3488 858 πρᾶγμα
3505 787 3751 854 λέγοντα.

2183 877 2366 931 Εἰπὼν
2399 878 2667 950 γάρ,νΚαί
2703 879 2929 945 ἑκάστη
2989 879 3096 932 τὸν
3139 877 3294 931 ίδιον
3325 877 3515 945 ἄνδρα
3547 875 3752 945 ἐχέτω,

2183 969 2450 1040 ἐπήγαγε·
2584 969 2820 1040 γυναικί
2854 969 3054 1038 όάνὴρ
3088 969 3202 1037 τὴν
3229 965 3626 1038 ὀφειλομένην
3659 966 3758 1020 εὖ-

2183 1075 2356 1112 νοιαν
2374 1060 2719 1114 ἀποδιδότω.
2755 1060 2820 1112 Τί
2862 1077 2991 1113 ποτε
3030 1059 3222 1131 δηλοῦν
3250 1059 3570 1130 βουλόμενος
3599 1056 3759 1112 τοῦτο

2184 1145 2370 1216 εἷπεν;
2407 1149 2552 1222 [199]
2588 1146 2696 1220 ἆρα
2725 1151 2813 1204 ίνα
2834 1149 2932 1213 τὰς
2968 1151 3260 1222 προσόδους
3294 1151 3430 1220 αὐτῇ
3466 1149 3576 1202 τῶν
3623 1165 3760 1219 χρη⁶

2190 1235 2374 1306 μάτων
2409 1237 2740 1311 διατηρήσῃ;
2769 1239 2854 1292 ’ίνα
2896 1239 2992 1310 τὴν
3023 1243 3220 1310 προῖκα
3247 1240 3417 1303 σώαν;
3448 1240 3535 1292 ίνα
3568 1237 3758 1307 ἱμάτια.

2187 1328 2444 1400 παράσχῃ
2475 1329 2772 1401 πολυτελῆ;
2801 1331 2889 1384 ἶνα
2921 1331 3201 1402 τράπεζαν
3226 1331 3637 1400 δαψιλεστέραν,
3669 1328 3758 1382 ἵνα

2187 1419 2400 1485 ἐξόδους
2424 1421 2711 1494 λαμπράςς
2741 1424 2828 1476 ἵνα
2857 1424 3083 1476 οἰκετῶν
3100 1422 3394 1492 θεραπείαν
3421 1421 3658 1492 πολλὴν,
3692 1421 3760 1475 Τί

2185 1508 2401 1577 λέγεις;
2435 1513 2583 1564 ποῖον
2625 1513 2834 1576 εὐνοίας
2873 1508 3013 1580 εἶδος
3043 1513 3256 1582 ζητεῖς;
3301 1511 3394 1564 καὶ
3435 1511 3545 1583 γὰρ
3589 1511 3762 1565 ταῦτα

2187 1600 2363 1653 πάντα
2399 1601 2610 1664 εὐνοίας
2642 1603 2808 1656 ἐστίν.
2860 1603 3022 1656 Οὐδέν
3054 1619 3106 1655 τι
3139 1602 3346 1655 τοιοῦτο
3371 1603 3536 1670 λέγω,
3571 1603 3758 1672 φησὶν,

2186 1689 2324 1742 ἀλλά
2355 1691 2450 1760 τὴν
2474 1694 2824 1764 σωφροσύνην
2857 1694 2946 1746 καὶ
2993 1693 3090 1764 τὴν
3121 1695 3442 1764 σεμνότητα.
3472 1694 3546 1746 Τὸ
3603 1695 3761 1764 σῶμα

2186 1779 2279 1832 τοῦ
2331 1781 2521 1853 ἀνδρὸς
2549 1784 2728 1838 οὐκέτι
2775 1784 2869 1836 τοῦ
2904 1785 3112 1855 ἀνδρὸς,
3168 1784 3303 1837 ἀλλά
3345 1785 3445 1855 τῆς
3478 1785 3758 1854 γυναικός.

2187 1870 2436 1942 Τηρείτω
2473 1873 2647 1928 τοίνυν
2675 1876 2810 1945 αὐτῇ
2840 1874 2900 1927 τὸ
2929 1876 3110 1945 κτῆμα
3145 1876 3304 1938 σῶον,
3342 1876 3438 1930 καὶ
3475 1877 3550 1947 μὴ
3583 1875 3764 1945 μειού-

2186 1977 2286 2024 τω,
2319 1963 2452 2032 μηδὲ
2490 1965 2926 2035 παραφθειρέτω·
2953 1968 3045 2021 καὶ
3085 1966 3194 2036 γάρ
3231 1967 3336 2018 τῶν
3361 1967 3588 2020 οἰκετῶν
3621 1967 3766 2022 ἐκεῖ·

2188 2069 2275 2115 νος
2311 2052 2503 2117 εὔνους
2537 2055 2771 2123 λέγεται,
2821 2057 2879 2120 ὃς
2927 2058 2991 2111 ἂν
3043 2059 3110 2110 τὰ
3143 2058 3437 2111 δεσποτικά
3471 2058 3762 2128 δεξάμενος

2189 2144 2466 2212 χρήματα,
2505 2145 2670 2214 μηδὲν
2687 2147 2744 2211 ἐξ
2775 2147 2952 2201 αὐτῶν
2977 2139 3286 2220 διαφθείρῃ.
3335 2149 3554 2220 Ἐπειδὴ
3583 2151 3764 2205 τοίνυν

2188 2233 2288 2300 τῆς
2318 2237 2574 2300 γυναικός
2596 2238 2710 2291 ἐστι
2738 2238 2923 2308 κτῆμα
2944 2238 3005 2290 τὸ
3036 2238 3130 2291 τοῦ
3156 2239 3346 2309 ἀνδρὸς
3365 2239 3545 2310 σῶμα,
3574 2239 3765 2306 εὔνους

2189 2321 2329 2375 ἔστω
2361 2326 2490 2397 περὶ
2521 2326 2620 2397 τὴν
2672 2329 3145 2400 παρακαταθήκην
3192 2331 3221 2382 ὁ
3266 2330 3422 2399 ἀνήρ.
3482 2331 3603 2384 Ὀτι
3653 2329 3765 2404 γὰρ

2188 2413 2346 2466 τοῦτο
2387 2432 2570 2486 φησιν,
2619 2417 2807 2480 είπὼν,
2845 2418 2964 2486 Τὴν
2997 2420 3239 2474 εὔνοιαν
3286 2419 3633 2486 ἀποδιδότω,
3665 2423 3766 2475 ἐπ-

2191 2505 2415 2573 ήγαγεν·
2439 2508 2508 2560 Ἦ
2521 2509 2670 2576 γυνὴ
2698 2511 2802 2564 τοῦ
2823 2511 2975 2566 ἰδίου
2989 2513 3259 2580 σώματος
3273 2515 3382 2566 οὐκ
3406 2509 3757 2576 ἐξουσιάζει,

2190 2593 2324 2647 ἀλλ’
2361 2600 2393 2647 ό
2419 2594 2591 2662 ἀνήρ·
2621 2599 2834 2666 ὁμοίως
2860 2600 2959 2653 καί
2987 2603 3019 2654 ὀ
3049 2600 3204 2670 ἀνὴρ
3233 2603 3339 2655 τοῦ
3368 2602 3519 2657 ίδιόυ
3564 2603 3762 2673 σώμα-

2191 2701 2291 2749 τος
2343 2689 2452 2739 οὐκ
2489 2687 2840 2753 ἐξουσιάζει,
2899 2692 3038 2745 ἀλλ’
3087 2692 3124 2758 ἡ
3160 2693 3334 2762 γυνή.
3383 2697 3552 2748 Ὅταν
3588 2699 3762 2750 τοίνυν

2196 2775 2308 2847 ἴδῃς
2321 2775 2524 2847 πόρνην
2541 2779 2916 2845 δελεάζουσαν,
2939 2766 3411 2849 ἐπιϐουλεύουσαν,
3433 2786 3644 2858 ἐρῶσαν
3668 2787 3761 2842 τοῦ

2194 2867 2466 2936 σώματος,
2499 2870 2619 2922 είπὲ
2637 2872 2772 2941 πρὸς
2793 2873 2983 2943 αὑτήν·
3009 2873 3121 2927 Ούκ
3145 2874 3289 2926 ἐστιν
3323 2875 3455 2943 ἐμὸν
3485 2877 3547 2928 τὸ
3584 2876 3759 2946 σῶμα,

2192 2959 2288 3027 τῆς
2308 2960 2564 3027 γυναικός
2615 2962 2731 3015 ἐστι
2764 2962 2864 3032 τῆς
2912 2965 3069 3034 ἐμῆς·
3120 2965 3180 3016 ού
3205 2965 3387 3034 τολμῶ
3419 2969 3764 3038 καταχρήσα-

2196 3051 2336 3115 σθαι,
2368 3051 2490 3105 οῦτε
2530 3055 2689 3126 ἑτέρᾳ
2736 3053 2892 3108 τοῦτο
2934 3056 3175 3110 ἐνδοῦναι
3200 3060 3436 3126 γυναικί.
3473 3060 3645 3114 Τοῦτο
3673 3063 3762 3115 καὶ

2193 3142 2328 3212 γυνὴ
2357 3144 2600 3199 ποιείτω.
2632 3146 2807 3217 Πολλὴ
2831 3147 2939 3218 γὰρ
2969 3149 3198 3203 ἐνταῦθα
3227 3154 3258 3220 ὴ
3290 3153 3552 3222 ἰσοτιμία·
3586 3154 3761 3208 καίτοι

2194 3251 2255 3302 γε
2280 3238 2337 3288 ἐν
2375 3239 2487 3300 τοῖς
2514 3236 2696 3300 ἄλλοις
2721 3238 2923 3310 πολλὴν
2947 3240 3159 3294 δίδωσιν
3190 3243 3504 3314 ὑπεροχὴνὸ
3529 3245 3761 3310 Παῦλος,

2194 3326 2334 3379 οὕτω
2361 3326 2551 3396 λέγων·
2594 3328 2769 3397 Πλὴν
2800 3331 2896 3384 καὶ
2915 3330 3081 3400 ὑμεῖς
3110 3336 3165 3387 οι
3203 3337 3334 3390 καθ’
3357 3335 3485 3400 ἕνα,
3515 3337 3616 3391 ἵνα
3639 3337 3765 3392 ἔκα-

2195 3432 2340 3484 στος
2357 3420 2469 3486 τὴν
2489 3419 2705 3474 ἑαυτοῦ
2735 3422 2988 3490 γυναῖκα
3007 3423 3191 3490 οὕτως
3207 3424 3406 3494 ἀγαπᾷ
3431 3427 3511 3492 ὡς
3524 3429 3763 3483 ἑαυτόν·

2196 3509 2234 3574 ἠ
2265 3508 2332 3560 δὲ
2363 3507 2539 3578 γυνὴ,
2578 3511 2678 3564 ἵνα
2703 3511 2957 3580 φοϐῆται
2997 3515 3104 3567 τὸν
3135 3515 3339 3584 ἄνδρα·
3373 3519 3486 3582 καὶ,
3517 3523 3764 3594 Κεφαλὴ

2195 3599 2480 3668 γυναικὸς
2517 3603 2550 3654 ό
2587 3601 2762 3671 ἀνὴρ,
2811 3605 2922 3668 καὶ,
2966 3605 3213 3674 Ὀφείλει
3241 3609 3279 3677 ἡ
3318 3610 3470 3678 γυνὴ
3494 3613 3765 3670 ὑποτάσ-

2196 3694 2410 3746 σεσθαι
2443 3693 2524 3758 τῷ
2551 3693 2744 3762 ἀνδρί.
2779 3696 2890 3749 Καὶ
2914 3696 3072 3750 πάλιν
3123 3699 3182 3750 ἐν
3231 3701 3296 3770 τῇ
3337 3701 3568 3773 Παλαιᾷ,
3610 3706 3765 3772 Πρὸς

2196 3781 2302 3834 τὸν
2323 3780 2512 3850 ἄνδρα
2543 3799 2659 3837 σου
2686 3785 2722 3852 ἡ
2754 3786 3106 3854 ἀποστροφή
3143 3802 3280 3852 σου,
3309 3788 3406 3842 καί
3434 3793 3617 3857 αὐτός
3648 3809 3764 3849 σου

2197 3871 2522 3938 κυριεύσει.
2555 3872 2679 3935 Πῶς
2704 3869 2795 3926 οὗν
2822 3874 3055 3928 ἐνταῦθα
3085 3877 3206 3947 ῐσην
3243 3877 3506 3932 ἀντίδοσιν
3521 3879 3762 3941 δουλείας

2197 3964 2292 4018 καὶ
2316 3964 2632 4028 δεσποτείας
2680 3966 2978 4036 εἰσήγαγε;
3016 3967 3088 4019 Τὸ
3125 3968 3234 4036 γάρ
3269 3969 3462 4032 εἰπεῖν,
3507 3971 3567 4024 Ἠ
3610 3971 3761 4041 γυνὴ

2196 4056 2303 4110 τοῦ
2342 4056 2494 4110 ἰδίου
2521 4055 2796 4125 σώματος
2831 4059 2944 4110 οὐκ
2975 4057 3324 4123 ἐξουσιάζει,
3360 4061 3549 4115 cura
3587 4061 3762 4130 ἀνήρ·

2197 4149 2410 4216 ὁμοίως
2439 4147 2538 4201 καί
2567 4151 2600 4201 ό
2625 4147 2780 4216 ἀνὴρ
2806 4147 2914 4202 τοῦ
2963 4149 3115 4203 ἰδίου
3151 4148 3423 4219 σώματος
3449 4154 3561 4206 οὐκ
3589 4152 3762 4217 ἐξου-

2197 4237 2403 4303 σιάζει,
2430 4238 2622 4306 ἀλλ’ἢ
2658 4237 2831 4308 γυνὴ,
2868 4241 3089 4310 ἰσότητά
3116 4258 3234 4294 τινα
3255 4243 3451 4315 πολλήν
3473 4246 3621 4299 ἐστιν
3653 4250 3764 4301 εἰσ-

2198 4334 2440 4402 άγοντος.
2470 4334 2580 4385 Καὶ
2609 4331 2857 4403 καθάπερ
2883 4335 3085 4398 ἐκεῖνος
3133 4333 3396 4408 δεσπότης
3423 4337 3540 4391 ἐστί
3551 4338 3646 4391 τοῦ
3663 4337 3765 4393 σώ-

2200 4440 2366 4494 ματος
2423 4422 2612 4492 αὐτῆς,
2657 4421 2799 4474 οῦτω
2829 4424 2922 4475 καὶ
2960 4422 3096 4494 αῦτη
3131 4424 3382 4479 δέσποινα
3428 4425 3524 4479 τοῦ
3555 4427 3762 4484 ἐκείνου

2199 4511 2468 4582 σώματος.
2501 4509 2654 4573 Τίνος
2682 4506 2774 4564 οὖν
2819 4511 3003 4564 ἕνεκεν
3040 4511 3304 4583 τοσαύτην
3341 4515 3611 4586 ἰσοτιμίαν
3652 4522 3762 4572 εἰσ-

2200 4603 2438 4671 ήγαγεν;
2478 4599 2601 4652 ’Ὁτι
2634 4598 2868 4652 ἐνταῦθα
2899 4600 3222 4672 ἁναγκαίαή
3255 4602 3512 4674 ὑπεροχή·
3550 4605 3680 4660 ἔνθα
3708 4608 3764 4662 δὲ

2199 4690 2552 4761 σωφροσύνης
2574 4689 2762 4760 καιρὸς
2789 4690 2882 4741 καὶ
2912 4691 3255 4761 σεμνότητος,
3287 4693 3437 4745 οὐδὲν
3460 4694 3574 4764 ἔχει
3608 4696 3763 4751 πλέον

2195 4785 2293 4856 τῆς
2309 4781 2562 4853 γυναικὸς
2603 4784 2632 4836 ὁ
2675 4781 2834 4852 ἀνὴρ,
2868 4781 2981 4834 ἀλλ’
3008 4782 3207 4852 ὁμοίως
3240 4784 3425 4858 ἐκείνῃ
3457 4785 3760 4853 κολάζεται,

2195 4877 2322 4939 τοὺς
2349 4875 2443 4928 τοῦ
2479 4875 2657 4944 γάμου
2685 4872 3062 4944 παραφθείρας
3091 4874 3306 4943 νόμους·
3335 4877 3429 4933 καὶ
3452 4876 3598 4945 μάλα
3627 4879 3763 4931 εἰκό-

2196 4985 2322 5031 τως.
2353 4967 2427 5020 Οὐ
2459 4967 2566 5036 γὰρ
2600 4963 2688 5017 διὰ
2733 4962 2889 5017 τοῦτο
2932 4961 3095 5034 ἦλθεν
3142 4966 3174 5034 ἡ
3207 4965 3348 5034 γυνὴ
3371 4966 3507 5035 πρὸς
3546 4968 3626 5030 σὲ,
3672 4967 3762 5021 καὶ

2198 5056 2407 5128 πατέρα
2437 5055 2528 5109 καὶ
2558 5053 2765 5124 μητέρα
2794 5053 3113 5121 ἐγκατέλιπε
3143 5055 3236 5107 καὶ
3261 5054 3350 5106 τὸν
3366 5053 3512 5108 οἷκον
3529 5056 3758 5120 ἅπαντα,

2198 5148 2285 5201 ἵνα
2321 5145 2738 5216 καθυϐρίςηται,
2779 5143 2865 5196 ἵνα
2904 5142 3304 5214 θεραπαινίδιον
3346 5145 3556 5208 εὐτελὲς
3581 5145 3758 5197 ἐπεισ-

2200 5234 2337 5307 άγῃς
2373 5235 2545 5306 αὐτῇ,
2597 5237 2682 5289 ἱνα
2720 5235 2946 5307 μυρίους
2975 5239 3130 5308 ποιῇς
3174 5235 3458 5306 πολέμους,
3497 5237 3760 5307 συνέμπο-

2200 5345 2290 5400 ρον
2321 5325 2530 5389 Ελαόες,
2571 5326 2666 5378 καὶ
2712 5325 2964 5377 κοινωνὸν
3018 5324 3109 5376 τοῦ
3160 5324 3295 5394 βίου,
3333 5325 3424 5378 καὶ
3452 5326 3760 5398 ἐλευθέραν,

2199 5420 2291 5473 καὶ
2324 5418 2603 5489 ὁμότιμον.
2639 5415 2762 5479 Πῶς
2789 5415 2898 5487 γὰρ
2952 5416 3050 5469 οὐκ
3086 5416 3283 5470 ἄτοπον
3312 5419 3408 5488 τὴν
3437 5419 3640 5490 προῖκα
3669 5417 3759 5470 αύ-

2197 5510 2296 5580 τῆς
2329 5506 2740 5578 ὑποδεχόμενον,
2775 5507 2953 5560 πᾶσαν
2988 5507 3390 5562 ἐπιδείκνυσθαι
3411 5507 3644 5573 εὔνοιαν,
3674 5509 3760 5562 καὶ

2203 5600 2366 5672 μηδὲν
2395 5601 2564 5673 αὐτῆς
2600 5596 2871 5652 ἐλαττοῦν·
2903 5599 2931 5651 ὃ
2975 5599 3030 5652 δὲ
3067 5599 3166 5669 τῆς
3197 5599 3419 5671 προικός
3449 5601 3595 5653 ἐστιν
3627 5599 3761 5654 άπά-

2204 5711 2301 5764 σης
2325 5692 2662 5762 τιμιώτερον,
2699 5691 2794 5762 τὴν
2829 5691 3181 5764 σωφροσύνην
3211 5695 3304 5748 καί
3333 5693 3444 5768 τὴν.
3463 5695 3768 5766 σεμνότητα.
