4058 6258
191 342 301 397 213

197 466 405 520 temur,
443 448 537 507 sed
562 460 620 506 ut
641 452 773 506 casti
801 455 988 508 simus.
1017 453 1156 509 Audi
1186 470 1315 510 sane
1343 454 1563 509 Paulum
1594 451 1779 508 dicen-

200 555 306 599 tem
336 562 350 599 :
379 541 601 605 Propter
645 544 1003 612 fornicationes
1052 555 1219 598 autem
1260 547 1598 615 unusquisque
1640 562 1785 599 suam

197 651 407 687 uxorem
446 633 662 701 habeat,
709 643 756 688 et
786 651 1095 706 unaqua'que
1132 652 1279 688 suum
1319 637 1480 689 virum
1527 636 1705 691 habeat
1728 638 1775 704 (1

196 724 316 779 Cor.
348 727 399 780 7.
432 724 511 794 2).
537 726 658 780 llaec
678 726 821 780 enim
845 730 950 779 duo
980 737 1123 787 sunt.
1151 743 1377 797 quorum
1398 742 1557 783 causa
1586 729 1785 797 nuptia:

197 825 323 871 sunt
350 817 624 882 institutae,
654 824 713 870 ut
738 823 885 875 caste
916 817 1156 873 vivamus
1184 827 1239 872 et
1265 829 1321 872 ut
1342 828 1519 887 patres
1557 819 1743 872 iiamus
1766 858 1783 885 ,

201 907 392 960 horum
425 915 601 961 autem
632 907 859 961 duorum
887 908 1212 963 antecedens
1237 911 1492 963 castitatis
1520 919 1600 963 est
1626 924 1783 963 occa-

197 994 299 1050 sio.
351 996 631 1065 Postquam
661 1000 800 1051 enim
843 998 1076 1069 ingressa
1116 1007 1200 1052 est
1236 998 1431 1062 libido,
1476 1000 1784 1069 conjttgium

201 1100 418 1155 quoque
463 1088 757 1156 ingressum
787 1096 888 1155 est,
919 1098 978 1142 ut
1024 1089 1430 1143 immoderatum
1462 1106 1614 1144 usum
1637 1106 1784 1145 rese-

200 1186 371 1242 caret,
394 1185 447 1230 ct
476 1178 845 1244 persuaderet,
896 1189 951 1231 ιιι
977 1196 1078 1233 una
1117 1181 1338 1236 muliere
1380 1183 1614 1235 contenti
1642 1198 1788 1236 esse-

200 1284 340 1321 mus.
373 1268 487 1323 Nou
514 1270 654 1323 enim
690 1272 909 1325 omnino
946 1273 1249 1343 conjugium
1280 1274 1461 1341 efficit,
1487 1284 1543 1327 ut
1590 1274 1786 1331 liberos

197 1359 579 1427 suscipiamus,
609 1361 702 1415 sed
732 1360 856 1415 illud
899 1363 992 1417 Dei
1034 1364 1275 1430 verbum,
1304 1364 1442 1435 quod
1473 1364 1600 1419 dicit
1628 1382 1641 1417 :
1668 1363 1788 1420 Cre-

198 1452 325 1503 scite
348 1461 396 1504 et
431 1453 855 1522 multiplicamini,
886 1465 933 1509 et
962 1455 1148 1525 replete
1171 1465 1355 1510 terram
1386 1455 1550 1536 (Gen.
1584 1458 1632 1510 1.
1658 1456 1784 1527 28).

200 1540 390 1595 Testes
418 1552 541 1595 sunt
566 1543 883 1613 quicumque
905 1546 1154 1615 conjugio
1183 1556 1306 1599 sunt
1327 1547 1427 1608 usi,
1456 1546 1547 1600 sed
1592 1545 1788 1601 liberos

202 1633 424 1686 minime
454 1643 769 1702 genuerunt.
812 1635 991 1705 Itaque
1031 1636 1353 1691 antecedens
1379 1646 1462 1692 est
1491 1637 1605 1691 haec
1629 1652 1787 1691 causa

200 1724 483 1789 castitatis,
515 1733 673 1792 atque
700 1724 801 1778 hoc
832 1726 1100 1795 praecipue
1140 1736 1377 1795 tempore
1397 1766 1411 1792 ,
1445 1742 1565 1781 cum
1593 1742 1788 1797 genere

202 1812 436 1868 humano
482 1825 621 1868 totus
662 1815 808 1869 orbis
860 1825 1120 1870 terrarum
1165 1817 1396 1886 repletus
1439 1826 1539 1871 est.
1583 1816 1713 1872 Nam
1757 1833 1787 1871 a

202 1904 463 1973 principio
494 1906 711 1975 quidem
746 1907 1040 1973 expetenda
1071 1922 1158 1961 res
1183 1916 1299 1961 erat
1328 1907 1523 1963 habere
1568 1909 1785 1976 liberos,

201 2004 257 2050 ut
288 2005 696 2050 monumentum
726 2012 790 2051 ac
817 1996 1067 2067 reliquias
1092 1998 1212 2053 vita:
1241 2016 1350 2054 sum
1372 2002 1594 2070 quisque
1624 2002 1788 2056 relin-

199 2094 411 2154 queret.
458 2086 718 2154 Quoniam
761 2088 902 2143 enim
955 2091 1365 2146 resurrectionis
1394 2106 1515 2160 spes
1557 2092 1788 2146 nondum

199 2183 340 2240 emt,
389 2176 482 2231 sed
514 2193 659 2233 mors
685 2177 1075 2246 dominabatur,
1113 2195 1277 2251 seque
1308 2191 1422 2251 post
1463 2181 1600 2235 hanc
1630 2183 1788 2237 vitam

200 2268 383 2335 perire
407 2269 714 2334 censebant,
744 2271 833 2341 qui
862 2272 1249 2338 moriebantur,
1282 2274 1528 2328 solatium
1558 2274 1695 2329 istud
1727 2291 1791 2329 ex

199 2359 547 2427 susceptione
586 2360 872 2415 liberorum
904 2361 1120 2431 largitus
1149 2373 1229 2418 cst
1260 2364 1419 2430 Deus,
1456 2374 1509 2418 ut
1545 2365 1791 2420 animatae

200 2447 581 2502 defunctorum
607 2450 861 2519 imagines
883 2461 1239 2519 remanerent,
1264 2469 1531 2523 genusque
1553 2465 1790 2509 nostrum

200 2554 618 2596 conservaretur
636 2582 652 2607 ,
683 2551 737 2595 ct
764 2552 987 2598 mortem
1014 2545 1236 2598 obituris
1263 2560 1554 2616 eorumque
1579 2551 1792 2617 propin-

199 2634 324 2701 quis
351 2635 636 2689 maximam
668 2636 1088 2694 consolationem
1114 2638 1162 2691 id
1195 2650 1422 2706 pareret,
1448 2639 1588 2707 quod
1620 2651 1793 2707 poste-

201 2741 295 2779 ros
318 2726 579 2780 haberent
619 2728 952 2796 superstites.
982 2732 1155 2799 Atque
1196 2740 1251 2784 ut
1293 2732 1555 2801 intelligas
1597 2730 1794 2786 idcirco

202 2816 409 2871 liberos
437 2820 765 2887 expetendos
804 2821 968 2876 luisse
992 2864 1008 2889 ,
1052 2821 1196 2888 audi,
1226 2838 1331 2891 quo
1362 2833 1515 2891 pacto
1542 2823 1678 2890 apud
1705 2822 1794 2877 Jo-

204 2909 333 2963 bum
361 2922 616 2980 queratur
640 2928 701 2968 ac
723 2915 1044 2969 lamentetur
1064 2925 1179 2985 post
1205 2915 1399 2968 multas
1423 2914 1601 2983 p'agas
1624 2928 1755 2968 uxor
1781 2933 1793 2969 :

204 3002 347 3057 Ecce
371 3044 384 3067 ,
416 3003 585 3071 inquit
609 3047 623 3071 ,
662 3007 949 3060 mentoriale
974 3016 1113 3059 tuum
1136 3008 1281 3075 periit
1311 3007 1372 3059 de
1406 3016 1536 3059 terra
1561 3048 1576 3071 ,
1618 3017 1662 3058 et
1700 3008 1795 3075 ﬁlii

204 3094 320 3159 tui,
353 3103 398 3147 et
420 3096 541 3159 ﬁlice
565 3104 664 3149 tua:
690 3096 817 3166 (Job
849 3097 932 3151 18.
966 3098 1093 3168 17).
1126 3096 1193 3151 Ει
1224 3112 1406 3151 rursus
1435 3096 1500 3151 ad
1544 3097 1794 3152 Davidem

208 3183 342 3239 Saul
373 3202 386 3237 :
414 3184 547 3238 Jura
575 3186 699 3240 mihi
721 3187 773 3239 in
804 3185 1041 3251 Domino,
1073 3188 1189 3258 quia
1219 3204 1319 3241 non
1343 3187 1690 3241 extertninnbis
1714 3203 1796 3241 se-

208 3292 328 3328 men
350 3292 515 3329 meum
542 3319 556 3342 ,
590 3286 636 3330 et
661 3293 837 3331 nomen
861 3295 1021 3331 meum
1053 3288 1161 3347 post
1186 3294 1264 3331 me
1289 3279 1364 3346 (1.
1401 3277 1525 3348 Reg.
1556 3276 1646 3332 21.
1678 3276 1794 3347 22).

208 3364 501 3434 Postquam
528 3375 705 3420 autem
748 3367 799 3421 in
849 3366 1051 3421 foribus
1096 3377 1178 3422 est
1220 3367 1572 3432 resurrectio,
1626 3382 1799 3437 neque

212 3455 408 3509 mortis
433 3455 541 3523 jam
572 3456 676 3509 ulla
699 3457 833 3510 ratio
864 3456 1107 3522 habetur,
1140 3457 1233 3511 sed
1259 3456 1324 3511 ad
1350 3456 1508 3511 aliam
1532 3457 1800 3526 pergimus

215 3544 380 3598 vitam
410 3545 507 3601 hac
536 3546 700 3599 multo
730 3547 1004 3600 meliorem
1030 3588 1045 3611 ,
1082 3562 1533 3615 supervacaneum
1565 3547 1797 3601 studium

211 3645 301 3689 est
329 3635 613 3704 ejusmodi.
638 3636 693 3691 Si
732 3637 873 3691 enim
923 3636 1207 3691 liberorum
1255 3636 1521 3692 desiderio
1564 3638 1795 3703 teneris,

215 3727 395 3782 multo
447 3727 697 3783 meliores
749 3738 907 3798 atque
951 3730 1190 3785 utiliores
1236 3733 1508 3800 acquirere
1562 3730 1800 3800 poteris,

216 3833 367 3873 nunc
406 3833 527 3873 cum
569 3819 858 3888 spiritualis
904 3820 1143 3890 quaedam
1188 3821 1427 3891 pariendi
1468 3822 1600 3874 ratio
1630 3822 1800 3875 intro-

215 3908 379 3963 ducta
409 3918 519 3973 est,
565 3910 860 3981 meliorque
900 3920 1081 3981 partus
1104 3952 1117 3975 ,
1156 3920 1210 3965 et
1239 3911 1475 3965 utiliores
1513 3912 1803 3966 senectutis

218 4001 440 4054 altores.
488 4000 667 4071 itaque
697 4016 799 4055 una
823 4001 1064 4068 quaedam
1091 4011 1172 4056 est
1195 4002 1405 4057 occasio
1429 4002 1657 4073 conjugii
1685 4044 1699 4068 ,
1748 4010 1803 4056 ut

220 4106 329 4145 non
360 4100 658 4147 scortemur
681 4106 733 4150 et
751 4094 952 4152 idcirco
976 4090 1277 4147 remedium
1293 4092 1394 4145 hoc
1409 4091 1671 4147 invectum
1698 4101 1800 4147 est.

219 4182 373 4248 Quod
404 4184 448 4236 si
480 4192 600 4253 post
626 4185 929 4255 conjugium
960 4183 1370 4239 scortationibus
1409 4192 1458 4239 te
1499 4184 1803 4254 inquinatu-

223 4288 315 4327 rus
336 4275 411 4328 sis
430 4315 444 4339 ,
473 4288 885 4345 supervacanee,
911 4275 1103 4335 frustra
1132 4287 1184 4331 et
1211 4278 1473 4331 incassum
1516 4277 1582 4331 ad
1618 4277 1805 4346 conju-

223 4362 369 4433 gium
397 4364 590 4419 venisti
620 4382 635 4419 :
669 4366 775 4419 imo
806 4381 934 4420 vero
959 4380 1063 4420 non
1094 4365 1288 4421 frustra
1318 4376 1372 4421 et
1398 4367 1663 4421 incassum
1694 4378 1807 4422 tan-.

227 4464 360 4521 tum,
392 4457 487 4511 sed
513 4457 671 4510 etiam
697 4472 817 4511 cum
843 4458 1061 4514 damno.
1105 4458 1219 4513 Non
1251 4459 1390 4511 enim
1416 4474 1512 4528 par
1538 4459 1673 4513 ratio
1703 4467 1805 4525 est,

226 4547 271 4601 si
301 4547 423 4616 quis
450 4563 668 4601 uxorem
697 4564 802 4602 non
830 4549 1029 4603 habens
1050 4557 1330 4614 scortetur,
1353 4558 1406 4603 et
1423 4551 1465 4603 si
1484 4550 1601 4619 quis
1627 4550 1808 4604 matri-

226 4640 410 4695 monio
455 4648 729 4694 contracto
770 4656 953 4695 rursus
994 4642 1220 4711 idtpsum
1264 4649 1405 4712 agat.
1454 4641 1637 4711 Neque
1665 4642 1807 4697 enim

227 4729 332 4801 iam
385 4729 513 4784 illud
558 4732 814 4786 scortatio
857 4741 979 4798 est,
1028 4732 1120 4788 sed
1169 4732 1505 4786 adulterium.
1556 4732 1809 4801 Quamvis

227 4823 369 4911 enim
400 4824 591 4878 mirum
619 4833 674 4879 et
697 4824 929 4880 insolens
957 4825 1024 4880 sit
1050 4825 1189 4896 quod
1216 4824 1444 4879 diximus
1463 4868 1477 4893 ,
1526 4835 1606 4879 est
1635 4834 1807 4880 tamen

228 4928 439 4969 verum.

296 5006 355 5060 ὅ.
377 5003 696 5061 Adulterium
724 5009 873 5062 etiam
901 5025 1014 5063 cum
1044 5010 1199 5063 libera
1225 5008 1571 5063 committitur.
1603 5040 1675 5049 —
1694 5008 1809 5062 Non

227 5095 538 5167 ignoramus
589 5099 845 5169 plurimos
893 5100 1209 5155 adulterium
1262 5100 1506 5156 arbitrari
1565 5108 1808 5166 tantum,

225 5202 349 5241 cum
381 5189 501 5257 quis
532 5190 724 5244 marito
762 5192 1000 5261 junctam
1045 5192 1317 5246 mulierem
1346 5193 1638 5263 corrumpit
1665 5209 1681 5246 :
1713 5207 1812 5263 ego

226 5291 358 5332 vero
387 5280 501 5333 sive
525 5294 647 5334 cum
681 5282 882 5352 vulgari
913 5293 1110 5348 scorto,
1142 5284 1255 5339 sive
1284 5300 1405 5338 cum
1446 5285 1635 5340 ancilla
1657 5325 1670 5348 ,
1700 5284 1815 5339 sive

226 5384 350 5424 cum
383 5372 488 5424 alia
513 5374 760 5440 quapiam
806 5374 1030 5429 muliere
1058 5390 1162 5428 non
1206 5376 1449 5428 maritata
1475 5414 1489 5439 ,
1540 5374 1813 5443 illegitimo

227 5462 542 5533 lascivaque
568 5479 859 5536 congressu
887 5467 1155 5537 jungatur,
1185 5482 1304 5522 cum
1332 5482 1549 5521 uxorem
1600 5469 1811 5536 habeat,

227 5553 556 5610 adulterium
594 5555 695 5611 hoc
726 5572 843 5612 esse
882 5558 1170 5613 contendo.
1216 5558 1331 5613 Non
1361 5559 1501 5612 enim
1532 5574 1599 5613 ex
1627 5574 1817 5613 eorum

230 5654 439 5700 tantum
470 5645 559 5717 qui
608 5650 981 5705 contumeliam
1031 5650 1339 5721 patiuntur,
1386 5650 1478 5707 sed
1519 5666 1583 5706 ex
1629 5666 1813 5706 eorum

232 5737 418 5804 etiam,
450 5738 545 5809 qui
565 5741 941 5799 contumeliam
966 5740 1219 5811 inferunt,
1242 5740 1544 5800 conditione
1585 5741 1683 5797 hor
1704 5741 1809 5797 τῆς

888 345 954 400 ΙΝ
991 344 1225 413 ιιριιυι),
1264 341 1583 400 PROPTER
1620 340 2160 401 FORNICATIONES
2194 343 2527 411 UXOREil.,
2569 345 2720 402 ETC.
2750 345 2793 401 I.

3362 348 3463 403 2H

1893 468 2017 509 men
2054 454 2298 511 adulterii
2339 458 2606 513 metimur.
2638 458 2758 513 Noli
2783 458 2924 515 enim
2951 458 3081 513 mihi
3110 458 3254 530 leges
3295 470 3472 517 exter-

1892 559 1989 598 nas
2014 545 2265 615 obiicere,
2294 564 2413 618 quae
2442 550 2696 605 mulieres
2724 550 2937 621 quidem
2965 551 3285 608 adulterium
3319 568 3469 608 cum-

1892 634 2163 689 mittentes
2206 636 2257 690 in
2300 637 2558 706 judicium
2608 640 2964 707 pertrahunt,
3006 651 3060 697 et
3091 657 3275 711 pmnas
3304 643 3371 697 ab
3397 645 3476 697 eis

1893 734 2139 793 repetunt
2167 745 2181 780 :
2213 742 2240 779 a
2275 729 2402 783 viris
2432 745 2558 783 vero
2584 732 2803 787 ancillas
2831 732 3136 787 vitiantibus
3171 749 3275 788 non
3304 735 3429 788 item
3458 752 3472 787 :

1893 824 1947 867 at
1993 830 2092 885 ego
2121 816 2289 886 legem
2322 818 2411 872 tibi
2446 820 2536 873 Dei
2568 821 2835 888 recitabo,
2858 839 2978 892 quae
3008 824 3119 892 pari
3163 824 3371 879 ratione
3422 824 3474 878 in

1895 906 2171 960 mulierem
2201 916 2252 961 et
2282 908 2333 962 iu
2356 908 2526 962 virum
2552 911 2915 979 excandescit,
2943 922 2997 968 et
3014 929 3123 967 rem
3149 913 3474 969 adulterium

1893 998 2145 1067 appellat.
2166 998 2295 1053 Cum
2316 1002 2457 1055 enim
2477 1001 2715 1064 dixisset,
2740 1002 2803 1055 Et
2823 1020 3132 1072 unaquaque
3147 1020 3296 1059 suum
3318 1006 3476 1060 virum

1896 1089 2102 1153 habeat,
2143 1089 2377 1158 adjecit:
2412 1090 2572 1145 Uxori
2610 1093 2684 1145 vir
2709 1091 2923 1146 debitant
2942 1094 3331 1149 benevolentiam
3356 1096 3472 1149 red-

1893 1179 1982 1231 dat
2007 1178 2095 1250 (1.
2124 1179 2241 1234 Cor.
2272 1182 2325 1236 7.
2358 1182 2413 1253 5)
2435 1220 2448 1234 .
2490 1182 2625 1248 Quid
2658 1182 2871 1238 tandem
2903 1184 3124 1239 innuere
3154 1186 3337 1239 volens
3377 1185 3479 1240 hoc

1895 1269 2065 1324 dixit?
2092 1288 2215 1325 num
2236 1282 2289 1325 ut
2311 1272 2359 1326 ei
2392 1274 2625 1341 pecunia:
2654 1273 2856 1329 reditus
2871 1276 3255 1330 conservaret?
3292 1286 3348 1329 ut
3376 1276 3476 1330 do-

1900 1369 2007 1415 tem
2040 1362 2286 1417 ilhesam?
2317 1375 2371 1418 ut
2403 1374 2581 1418 vestes
2610 1376 2947 1435 sumptuosas
2973 1368 3381 1436 suppeditaret?
3424 1378 3482 1423 ut

1897 1451 2172 1507 lautiorem
2197 1455 2469 1507 mensam?
2489 1464 2540 1507 ut
2564 1455 2870 1525 splendidos
2886 1457 3161 1525 sumptus?
3184 1468 3241 1512 ut
3256 1459 3477 1512 multum

1898 1556 2176 1596 servorum
2228 1543 2584 1612 obsequium?
2629 1544 2764 1613 Quid
2796 1543 2916 1600 ais?
2945 1545 3212 1613 quodnam
3254 1547 3484 1601 benevo-

1898 1632 2074 1687 lentiae
2102 1648 2270 1703 genus
2293 1633 2499 1702 exigis?
2531 1648 2653 1686 nam
2684 1643 2737 1687 et
2764 1633 2881 1689 ha-e
2912 1634 3090 1688 omnia
3152 1645 3274 1689 sunt
3318 1635 3483 1691 bene-

1896 1723 2164 1779 volentiae.
2193 1723 2332 1777 Nihil
2364 1724 2467 1777 tale
2496 1738 2860 1777 commemoro
2884 1764 2898 1786 ,
2931 1724 3119 1794 inquit,
3148 1724 3240 1779 sed
3267 1725 3484 1778 castita-
3538 1734 3555 1757 ¹

1901 1824 2004 1870 tem
2035 1828 2099 1868 ac
2122 1814 2446 1883 pudicitiam.
2477 1814 2586 1868 Viri
2616 1829 2809 1884 corpus
2836 1831 2941 1869 non
2970 1817 3194 1886 ampfius
3231 1826 3315 1871 est
3362 1816 3482 1883 viri,

1898 1905 1991 1959 sed
2018 1905 2218 1963 uxoris,
2243 1904 2402 1958 Suam
2433 1904 2589 1973 igitur
2616 1904 3007 1973 possessionem
3037 1905 3253 1958 ill-.esatn
3278 1904 3347 1958 illi
3373 1920 3484 1960 ser-

1898 2006 2008 2061 vet,
2041 2011 2212 2063 neque
2238 1996 2538 2062 imminuat,
2568 2010 2668 2053 nec
2694 2006 3037 2065 corrumpat;
3064 1996 3325 2066 siquidem
3348 1998 3487 2051 inter

1902 2085 2129 2140 [amulos
2157 2086 2242 2141 ille
2274 2085 2562 2141 benevolus
2589 2085 2805 2151 dicitur,
2855 2086 2944 2156 qui
2978 2086 3231 2141 herilibus
3257 2089 3487 2157 acceptis

1900 2177 2140 2247 pecuariis
2163 2218 2179 2244 ,
2226 2177 2359 2231 nihil
2398 2192 2461 2231 ex
2495 2178 2622 2246 ipsis
2651 2177 3030 2231 iutervertcrit.
3074 2177 3297 2246 Quando
3330 2178 3488 2247 igitur

1902 2267 2081 2320 uxoris
2113 2267 2378 2336 possessio
2407 2275 2489 2321 cst
2519 2267 2613 2320 viri
2643 2281 2858 2338 corpus,
2890 2266 3203 2322 benevolum
3251 2268 3333 2322 vir
3361 2283 3485 2338 erga

1906 2358 2205 2427 depositum
2235 2374 2386 2413 suum
2418 2374 2475 2413 se
2506 2360 2759 2428 praebeat.
2793 2358 2862 2416 Ut
2899 2359 3041 2413 enim
3073 2360 3208 2414 scias
3240 2360 3338 2415 hoc
3364 2376 3487 2415 eum

1903 2450 2145 2518 innuere,
2176 2466 2294 2505 cum
2317 2452 2407 2513 ait,
2442 2450 2840 2504 Benevolentiam
2870 2453 3067 2515 reddat,
3102 2453 3295 2521 adjecit
3324 2471 3338 2509 :
3367 2452 3487 2506 Mu-

1903 2544 1995 2596 lier
2022 2544 2101 2596 sui
2122 2545 2346 2611 corporis
2372 2554 2664 2613 potestatem
2690 2560 2788 2596 non
2808 2544 2971 2606 habet,
3003 2544 3090 2596 sed
3117 2547 3191 2597 uir
3214 2560 3232 2597 :
3254 2545 3489 2599 similiter

1904 2647 1949 2689 et
1992 2637 2066 2688 vir
2101 2637 2178 2689 sui
2228 2636 2452 2704 corporis
2484 2645 2776 2706 potestatem
2813 2652 2913 2689 non
2947 2637 3129 2703 habet,
3173 2636 3262 2690 sed
3308 2636 3492 2690 mulier

1905 2726 2012 2797 (lb.
2047 2744 2094 2779 ιε.
2128 2727 2208 2795 4).
2231 2726 2363 2780 Cum
2392 2742 2520 2797 ergo
2550 2728 2888 2781 meretricem
2921 2728 3242 2781 allicientem
3271 2728 3489 2794 videris,

1906 2818 2242 2873 insidiantem
2268 2859 2284 2884 ,
2333 2834 2529 2888 corpus
2575 2818 2912 2873 adatnautem
2938 2861 2952 2883 ,
3002 2819 3087 2873 dic
3116 2818 3190 2872 illi
3225 2836 3237 2871 :
3267 2818 3380 2872 Non
3408 2828 3493 2874 est

1908 2926 2087 2964 meum
2117 2925 2331 2980 corpus,
2362 2913 2542 2964 uxoris
2561 2920 2645 2965 est
2665 2926 2797 2965 mea:
2827 2928 2840 2964 :
2876 2912 2965 2963 ilto
2993 2910 3137 2964 abuti
3164 2926 3269 2963 non
3296 2911 3488 2978 audeo,

1907 3018 2078 3073 neque
2104 3002 2256 3058 alteri
2297 3002 2505 3057 mulieri
2536 3002 2586 3056 id
2612 3017 2901 3071 exponere.
2928 3001 3038 3056 Hoc
3079 3011 3133 3057 et
3169 3000 3326 3056 faciat
3372 3018 3491 3057 mu-

1907 3093 2025 3148 lier.
2058 3093 2243 3163 Magna
2270 3092 2465 3162 quippe
2495 3092 2579 3146 hic
2602 3101 2686 3147 est
2715 3091 2930 3145 honoris
2952 3091 3256 3161 aequalitas:
3286 3092 3493 3146 tametsi

1907 3185 2128 3239 multam
2160 3184 2211 3237 in
2238 3182 2447 3237 caeteris
2489 3182 2673 3237 tribuit
2714 3183 3082 3237 excellentiam
3120 3192 3173 3237 et
3195 3182 3330 3251 juris
3361 3198 3493 3251 pra:-

1906 3273 2196 3345 rogativam
2224 3273 2419 3327 Paulus
2448 3274 2516 3327 ita
2547 3273 2767 3328 dicens:
2806 3272 3158 3328 Verumtamen
3188 3283 3235 3327 et
3268 3290 3355 3329 vos
3384 3275 3492 3328 sin-

1907 3369 2033 3438 guli,
2051 3377 2104 3420 ut
2126 3367 2467 3436 unusquisque
2486 3383 2629 3419 suam
2650 3383 2856 3420 uxorem
2878 3368 2947 3419 ita
2969 3367 3167 3436 diligat,
3183 3378 3233 3418 ut
3249 3366 3495 3436 seipsum:

1909 3475 2038 3512 uxor
2070 3468 2236 3512 autem
2268 3468 2323 3511 ut
2362 3458 2531 3511 timeat
2558 3458 2717 3510 virum
2742 3475 2889 3511 suum
2914 3457 3129 3530 (Ephes.
3153 3459 3205 3513 5.
3237 3459 3327 3528 35)
3362 3481 3375 3512 :
3404 3469 3492 3523 et,

1909 3546 2073 3618 Caput
2100 3547 2325 3601 mulieris
2354 3556 2424 3600 est
2451 3548 2526 3601 vir
2553 3564 2570 3599 :
2601 3555 2676 3611 et,
2721 3546 2875 3600 Debet
2909 3547 3090 3600 mulier
3118 3549 3222 3600 viro
3249 3564 3353 3601 esse
3372 3549 3493 3601 sub-

1900 3639 2040 3708 jecta
2083 3636 2242 3709 (Ibid.
2274 3654 2320 3690 υ.
2347 3636 2437 3691 23.
2464 3636 2593 3705 22).
2626 3637 2690 3690 Et
2732 3651 2915 3691 rursus
2974 3637 3028 3691 in
3083 3637 3258 3692 Veteri
3306 3637 3495 3693 Testa-

1910 3738 2093 3784 mento
2123 3746 2136 3782 :
2163 3727 2244 3781 Ad
2270 3729 2431 3781 virum
2456 3730 2711 3782 conversio
2738 3737 2823 3781 tua
2841 3768 2856 3793 ,
2898 3740 2943 3782 et
2983 3729 3091 3799 ipse
3116 3730 3190 3783 tui
3216 3730 3498 3784 dominabi-

1911 3834 1993 3879 tur
2016 3824 2178 3895 (Gen.
2211 3825 2264 3880 '5.
2298 3823 2420 3895 16).
2452 3822 2730 3891 Quomodo
2771 3823 2928 3893 igitur
2962 3822 3064 3877 hoc
3092 3823 3210 3877 loco
3238 3824 3495 3892 atqualem

1912 3915 2396 3971 remunerationem
2457 3914 2730 3969 servitutis
2782 3922 2837 3968 et
2901 3914 3201 3968 dominatus
3251 3914 3498 3969 induxit?

1911 4007 2046 4063 Cum
2071 4009 2211 4063 enim
2241 4007 2472 4073 dixerit,
2516 4004 2703 4060 Mulier
2728 4007 2807 4060 sui
2829 4007 3054 4075 corporis
3081 4016 3371 4077 potestatem
3396 4023 3498 4060 non

1920 4098 2105 4164 habet,
2150 4097 2238 4153 sed
2270 4099 2346 4152 vir
2366 4113 2385 4152 :
2406 4098 2637 4152 similiter
2664 4108 2710 4152 et
2740 4098 2813 4151 vir
2843 4098 2923 4151 sui
2948 4098 3175 4167 corporis
3206 4108 3499 4167 potestatem

1914 4207 2013 4244 non
2044 4190 2209 4258 habet,
2231 4189 2319 4244 scd
2345 4188 2525 4243 mulier
2547 4189 2634 4261 (1.
2666 4187 2784 4244 Cor.
2815 4190 2868 4243 'l.
2896 4189 2931 4243 4
2949 4189 2989 4260 ),
3019 4204 3263 4258 magnam
3284 4188 3503 4259 :rquali-

1917 4290 2076 4336 tatem
2105 4281 2403 4336 constituit.
2434 4279 2501 4334 Et
2527 4280 2973 4350 quemadmodum
3004 4280 3092 4335 ille
3116 4281 3356 4350 corporis
3382 4281 3499 4350 ejus

1914 4380 1998 4427 est
2040 4371 2288 4425 dominus
2312 4414 2327 4437 ,
2378 4371 2455 4425 sic
2490 4380 2545 4425 et
2575 4371 2671 4424 ista
2692 4371 2932 4440 corporis
2963 4370 3104 4425 illius
3144 4381 3226 4426 est
3262 4370 3499 4427 domina.

1914 4460 2021 4518 Cur
2064 4462 2222 4531 igitur
2254 4472 2451 4515 tantam
2505 4462 2862 4531 aequalitatem
2912 4462 3129 4516 ltonoris
3171 4462 3501 4517 introduxit?

1915 4553 2066 4620 Quod
2099 4553 2344 4606 nimirum
2372 4551 2455 4604 hic
2478 4552 2776 4605 necessaria
2799 4552 2867 4604 sit
2888 4551 3174 4605 eminentia
3210 4569 3222 4604 :
3257 4552 3342 4605 ubi
3368 4567 3493 4606 vero

1915 4643 2173 4697 castitatis
2204 4652 2408 4710 tempus
2432 4649 2514 4695 est
2534 4650 2582 4695 ct
2617 4640 2903 4710 pudicitiae,
2925 4640 3055 4694 nihil
3081 4642 3309 4709 amplius
3341 4641 3500 4696 habet

1920 4734 2016 4800 vir,
2041 4749 2197 4804 quam
2225 4733 2417 4787 mulier
2435 4773 2450 4797 ,
2480 4731 2574 4785 sed
2605 4731 2714 4800 pari
2742 4730 2948 4785 ratione
2974 4746 3094 4785 cum
3118 4732 3206 4785 illa
3233 4732 3499 4800 plectitur,

1921 4824 1966 4878 si
2000 4825 2144 4893 leges
2175 4822 2403 4891 conptgii
2428 4821 2722 4885 violaverit,
2753 4835 2814 4874 ac
2838 4820 3028 4875 merito
3052 4835 3197 4875 sane.
3222 4821 3336 4875 Non
3358 4823 3499 4876 enim

1917 4917 1983 4971 ad
2009 4924 2060 4970 te
2086 4914 2275 4967 mulier
2316 4914 2512 4967 idcirco
2543 4912 2707 4977 venit,
2758 4921 2811 4967 et
2849 4920 3054 4981 patrem
3085 4920 3139 4965 et
3166 4922 3388 4966 matrem
3416 4921 3501 4967 to-

1921 5018 2132 5074 tamque
2155 5006 2370 5060 domum
2398 5004 2701 5074 dereliquit,
2736 5013 2793 5059 ut
2817 5020 2847 5059 a
2879 5014 2930 5059 te
2958 5005 3296 5059 contumeliis
3321 5004 3502 5061 allice-

1920 5111 2082 5162 retur,
2108 5108 2162 5153 et
2192 5098 2348 5151 vilem
2371 5096 2677 5151 ancillulam
2706 5096 2803 5166 ipsi
2836 5096 3303 5164 superiuduceres,
3333 5107 3391 5151 ut
3419 5099 3501 5152 in-

1920 5204 2170 5244 muneras
2200 5202 2402 5258 pugnas
2428 5187 2689 5241 excitares
2728 5205 2741 5241 :
2775 5184 3021 5239 comitem
3048 5194 3103 5241 et
3128 5186 3327 5241 sociam
3358 5187 3502 5255 vita.

1921 5283 2144 5337 liberam
2186 5291 2239 5337 et
2270 5281 2473 5336 honore
2504 5296 2683 5351 parem
2714 5279 2985 5350 accepisti.
3014 5279 3205 5333 Annon
3236 5278 3377 5333 enim
3408 5279 3505 5334 ab-

1921 5375 2137 5428 surdum
2155 5381 2256 5441 est,
2283 5384 2338 5428 ut
2362 5389 2481 5429 cum
2503 5373 2683 5429 dotem
2707 5371 3001 5443 acceperis,
3021 5385 3232 5425 omnem
3250 5369 3503 5427 exhibeas

1924 5463 2347 5520 benevolentiam
2367 5505 2382 5527 ,
2426 5464 2662 5535 nihilque
2688 5481 2755 5521 ex
2779 5465 2864 5518 illa
2892 5463 3209 5517 imminuas:
3240 5461 3379 5533 quod
3404 5476 3503 5517 au-

1925 5566 2031 5614 tem
2060 5557 2244 5629 quavis
2287 5556 2412 5612 dote
2457 5556 2739 5627 pretiosius
2768 5566 2868 5621 est,
2896 5554 3194 5610 castitatem
3218 5562 3275 5610 et
3303 5552 3507 5624 pudici-
3552 5590 3555 5593 ν

1924 5651 2072 5717 tiam,
2101 5658 2354 5719 tuumque
2385 5661 2602 5717 corpus,
2629 5644 2771 5718 quod
2802 5645 2943 5700 illius
2970 5652 3053 5699 est
3070 5658 3361 5715 possessio,
3385 5659 3503 5699 cor-

1927 5756 2143 5815 rumpas
2183 5750 2236 5798 ct
2293 5739 2537 5813 polluas?
2586 5738 2643 5797 Si
2686 5738 2867 5796 dotem
2905 5734 3274 5806 imminueris,
3316 5750 3511 5803 socero,
