4058 6258
535 331 644 388 215

542 447 806 502 rationem
840 443 1033 500 reddes
1057 461 1071 498 :
1099 443 1144 498 si
1171 444 1466 498 castitatem
1507 440 1836 496 imminueris
1862 483 1877 506 ,
1912 438 2052 493 Deus
2092 448 2124 487 a

541 548 595 595 te
617 553 804 610 patrias
828 539 1007 607 exiget
1036 579 1051 601 ,
1102 538 1190 604 qui
1219 536 1428 605 nuptias
1470 535 1778 596 introduxit,
1827 543 1882 589 et
1908 548 2126 588 uxorem

539 629 632 685 tibi
671 629 910 684 tradidit.
941 631 1112 697 Atque
1143 627 1244 681 hoc
1283 641 1467 680 verum
1513 641 1635 681 esse
1681 626 1900 697 colliges
1929 641 1993 681 ex
2024 625 2086 679 iis
2110 665 2126 689 ,

538 734 659 789 qua:
707 719 775 775 de
816 719 1074 774 adulteris
1113 719 1187 773 ait
1227 720 1464 775 Paulus:
1497 719 1596 784 Qui
1626 719 1755 772 enim
1779 718 2002 787 spernit.
2031 734 2130 770 non

539 809 793 863 hominem
818 811 1039 878 spernit,
1071 811 1160 864 sed
1187 809 1382 874 Deum,
1406 811 1495 879 qui
1529 809 1666 864 dedit
1696 810 1947 879 Spiritum
1983 825 2132 863 suum

539 908 774 952 mactant
799 900 852 953 in
881 901 1016 954 vobis
1045 902 1130 972 (l.
1165 901 1338 955 Thess.
1367 903 1418 955 4.
1451 899 1542 972 8).
1578 901 1737 956 Vides
1761 915 1918 970 quam
1948 901 2131 955 multis

537 991 722 1044 verbis
765 1003 1040 1046 ostensum
1085 1007 1153 1046 ex
1187 991 1458 1060 Scriptura
1498 992 1570 1047 sit
1607 992 1924 1046 adulterium
1969 1007 2089 1046 esse
2113 1032 2129 1056 ,

540 1097 653 1136 non
679 1084 850 1138 solum
876 1085 918 1138 si
952 1085 1142 1138 marito
1165 1085 1402 1153 junctam
1436 1083 1737 1150 mulierem,
1771 1083 1865 1138 sed
1895 1083 2053 1136 etiam
2083 1083 2128 1137 si

546 1177 791 1247 quamvis
847 1179 1181 1232 meretricem
1225 1185 1534 1246 corrumpat
1583 1177 1627 1231 is
1676 1178 1764 1246 qui
1809 1176 1878 1230 sit
1918 1177 2135 1245 junctus

548 1266 740 1327 uxori?
760 1265 891 1320 Nam
915 1267 1360 1336 quemadmodum
1383 1267 1647 1322 adulterio
1669 1267 1832 1336 pollui
1856 1267 2133 1322 mulierem

547 1357 777 1412 dicimus
799 1398 814 1422 ,
871 1358 983 1411 sive
1018 1373 1139 1411 cum
1174 1372 1352 1423 servo,
1383 1358 1494 1412 sive
1522 1373 1641 1410 cum
1672 1357 1775 1412 alio
1801 1372 2138 1427 quocumque

550 1457 772 1518 peccet:
797 1449 877 1502 sic
899 1449 1058 1502 etiam
1091 1449 1260 1501 virum
1291 1448 1609 1503 adulterium
1643 1450 1977 1504 committere
2001 1449 2138 1503 dici-

555 1556 672 1596 n.us
692 1581 707 1604 ,
740 1541 852 1594 sive
879 1554 1000 1594 cum
1030 1539 1278 1595 ancillula
1300 1581 1314 1603 ,
1356 1541 1469 1594 sive
1505 1556 1624 1595 cum
1655 1557 1989 1612 quocumque
2020 1542 2138 1595 vul-

553 1630 664 1698 gari
695 1638 874 1685 scorto
904 1646 1124 1685 uxorem
1155 1631 1354 1686 habens
1381 1630 1652 1686 libidinem
1679 1633 1910 1701 expleat.
1942 1631 2018 1686 Ne
2044 1631 2141 1702 igi-

555 1729 640 1773 tur
664 1721 891 1775 salutcm
921 1730 1154 1774 nostram
1184 1723 1511 1791 negligamus
1535 1763 1548 1784 ,
1597 1737 1732 1776 neve
1760 1733 1994 1776 nostram
2027 1723 2142 1774 ani-

554 1825 695 1864 mam
743 1825 836 1878 per
875 1811 976 1865 hoc
1029 1820 1301 1880 peccatum
1349 1813 1562 1866 diabolo
1608 1828 1956 1882 exponamus.
2007 1813 2141 1868 llinc

555 1901 697 1955 enim
731 1903 1023 1956 innumera:
1068 1901 1385 1956 l'ainiliarum
1428 1904 1672 1957 oriuntur
1711 1905 2018 1960 eversiones
2042 1946 2056 1968 ,
2089 1914 2144 1960 et

556 1994 693 2048 bella
736 1995 1010 2049 innmncra
1053 2014 1065 2048 :
1113 1995 1237 2049 hinc
1261 1996 1355 2062 lit,
1402 2004 1459 2049 ut.
1501 1997 1696 2051 caritas
1737 1997 2042 2064 dilabatur,
2090 2007 2144 2052 ct

555 2085 924 2140 benevolentia
965 2086 1326 2142 subtrahatur.
1384 2087 1516 2142 Nam
1565 2099 1622 2142 ιιι
1661 2089 1775 2143 lieri
1818 2089 2039 2159 nequit,
2085 2101 2144 2146 ut

557 2177 720 2232 homo
745 2188 921 2233 castus
953 2195 1172 2234 uxorem
1213 2179 1442 2250 negligat
1469 2196 1720 2251 umquam
1753 2196 1816 2236 ac
1843 2181 2140 2250 despiciat:

557 2270 637 2323 sic
665 2286 836 2340 neque
867 2270 980 2324 ﬁeri
1013 2282 1209 2340 potest,
1243 2283 1300 2325 nt
1331 2273 1489 2326 homo
1519 2275 1879 2344 intemperans
1904 2281 1958 2327 et
1985 2273 2144 2327 lasci-

558 2378 655 2416 vus
685 2380 905 2418 uxorem
936 2379 1084 2418 suam
1113 2366 1313 2436 diligat,
1346 2365 1414 2420 sit
1443 2367 1568 2421 licet
1596 2368 1832 2420 omnium
1863 2365 2146 2422 formosis-

560 2453 859 2509 sima.Natn
883 2471 945 2509 ex
970 2457 1212 2511 castitate
1239 2459 1431 2511 caritas
1453 2459 1639 2522 oritur,
1666 2474 1733 2511 ex
1763 2459 1985 2514 caritate
2007 2459 2144 2514 bona

561 2546 859 2599 innumera.
887 2545 989 2599 Fac
1015 2546 1173 2616 igitur
1200 2547 1434 2616 lapideas
1463 2550 1714 2604 mulieres
1741 2551 1974 2618 reliquas
2004 2551 2145 2605 arbi-

561 2638 738 2701 treris,
769 2653 887 2692 cum
918 2639 1211 2710 intelligas,
1264 2642 1307 2694 si
1341 2640 1550 2696 lascivis
1575 2643 1740 2696 oculis
1767 2643 1994 2697 alienam
2025 2660 2146 2698 mu-

561 2729 748 2783 lierem
791 2729 1044 2784 intuearis
1083 2732 1193 2785 sive
1238 2732 1499 2801 publicam
1525 2733 1635 2787 sive
1658 2733 1896 2802 junctam
1926 2735 2060 2799 viro,
2096 2742 2148 2789 te

562 2820 926 2875 adulterorum
980 2822 1190 2876 crimini
1242 2823 1532 2877 obnoxium
1583 2840 1701 2878 esse
1752 2825 1970 2880 factum.
2024 2825 2165 2880 H-.cc-

562 2915 659 2969 tibi
689 2915 784 2983 ipsi
813 2914 1048 2985 quotidie
1073 2917 1232 2971 verba
1256 2918 1439 2972 occinc
1464 2935 1478 2973 :
1505 2918 1643 2991 quod
1675 2919 1720 2972 si
1747 2919 1970 2973 alterius
2012 2934 2149 2974 uxo-

563 3006 640 3061 ris
670 3007 800 3062 inte
840 3009 1038 3062 sentias
1069 3005 1411 3079 cupiditatem
1452 3010 1829 3078 exardescere,
1873 3028 1936 3069 ac
1958 3012 2150 3073 deinde

565 3099 741 3152 minus
771 3100 970 3154 idcirco
998 3100 1089 3154 tibi
1129 3111 1270 3155 tuam
1319 3119 1538 3157 uxorem
1584 3103 1830 3174 placere,
1879 3107 2151 3176 ingressus

565 3193 819 3246 conclave
840 3233 854 3258 ,
900 3194 1092 3248 librum
1126 3193 1265 3248 hunc
1286 3197 1505 3260 evolve,
1538 3197 1864 3268 Paulumque
1893 3200 2150 3257 adhibens

567 3285 1012 3349 interventorem,
1039 3299 1102 3338 ac
1126 3285 1218 3338 tibi
1249 3285 1364 3340 haec
1387 3287 1547 3341 verba
1576 3287 1880 3357 frequenter
1901 3291 2151 3346 occinens

565 3372 832 3427 ﬂammam
864 3377 1160 3444 exstingue.

640 3462 790 3517 Nihil
813 3466 1010 3532 turpius
1039 3467 1144 3519 viro
1171 3475 1437 3522 scortante.
1455 3499 1527 3507 —
1552 3468 1640 3524 Sic
1667 3469 1758 3525 ﬁet
1786 3481 1843 3525 ut
1871 3481 1923 3525 et
1951 3473 2154 3542 gratior

567 3554 659 3609 tibi
685 3571 893 3610 rursum
918 3555 1091 3609 futura
1116 3558 1187 3611 sit
1209 3574 1360 3621 uxor,
1390 3574 1509 3612 cum
1537 3561 1682 3614 nulla
1710 3562 1971 3632 cupiditas
2000 3574 2144 3619 tuam

565 3661 688 3714 erga
720 3646 862 3700 illam
910 3646 1330 3702 benevolentiam
1375 3650 1656 3706 labefactet
1686 3669 1698 3704 :
1733 3669 1906 3723 neque
1948 3663 2150 3710 tantum

564 3737 767 3806 gratior
808 3739 909 3792 erit
938 3755 1092 3807 uxor,
1121 3741 1213 3794 sed
1263 3749 1316 3794 tu
1345 3757 1554 3812 quoque
1583 3743 1855 3800 honestior
1896 3763 1959 3800 ac
1987 3764 2152 3802 venu-

566 3829 700 3882 stior
724 3844 843 3883 esse
869 3829 1152 3886 videberis.
1181 3832 1322 3886 Nihil
1368 3835 1508 3889 enim
1535 3845 1617 3890 est
1636 3877 1650 3900 ,
1698 3838 1827 3890 nihil
1857 3841 2010 3906 p‘ane
2040 3850 2153 3893 tur-

566 3918 684 3987 pius
735 3920 969 3986 homine,
1021 3922 1112 3992 qui
1163 3933 1436 3978 contracto
1485 3928 1821 3982 matrimonio
1867 3939 2150 3986 scortntur.

566 4011 682 4066 Non
710 4015 849 4066 enim
873 4029 1051 4068 coram
1083 4031 1272 4070 socero
1299 4027 1524 4082 tantum,
1557 4029 1609 4073 et
1649 4020 1856 4087 amicis,
1890 4024 2152 4090 etobviis,

567 4104 661 4158 scd
691 4106 848 4158 etiam
880 4121 1060 4160 coram
1089 4108 1258 4161 servis
1290 4109 1416 4177 ipsis
1442 4112 1728 4165 erubescit.
1771 4113 1953 4180 Neque
1983 4117 2154 4171 solum

569 4202 651 4246 est
679 4198 780 4247 hoc
815 4196 1034 4260 malum,
1064 4197 1156 4250 sed
1189 4199 1371 4264 etiam,
1410 4201 1551 4268 quod
1581 4202 1745 4269 ipsius
1774 4205 1963 4259 domus
1998 4223 2154 4276 aspe-

569 4292 686 4336 ctus
734 4283 1068 4352 injucundior
1101 4288 1200 4340 erit
1225 4330 1237 4351 ,
1271 4305 1426 4357 quam
1457 4293 1686 4346 carceris
1731 4295 1985 4363 cujusvis,
2035 4314 2153 4352 cum

569 4374 796 4430 amicam
829 4385 952 4430 ante
982 4379 1163 4433 oculos
1212 4381 1434 4448 positam
1493 4382 1720 4451 habeat,
1769 4402 1831 4441 ac
1860 4392 2157 4448 meretricis

569 4455 782 4535 scmpcr
804 4469 1083 4539 imaginem
1107 4482 1286 4528 mente
1313 4475 1523 4529 verset?

645 4559 798 4615 5.Vis
823 4567 873 4613 tu
897 4562 1059 4630 probe
1087 4564 1405 4634 intelligere,
1423 4575 1677 4636 quantum
1706 4572 1775 4624 sit
1795 4570 1894 4626 hoc
1917 4573 2112 4628 malum
2135 4575 2159 4628 ?

571 4649 754 4719 Cogita
798 4653 1006 4720 qualem
1033 4654 1229 4708 ducant
1262 4656 1445 4722 vitam,
1470 4659 1556 4727 qui
1585 4674 1708 4713 suas
1747 4676 1941 4716 uxores
1970 4678 2158 4732 suspe-

571 4750 684 4794 ctas
709 4741 926 4806 habent,
955 4759 1060 4812 quo
1089 4755 1240 4812 pacto
1269 4746 1570 4814 injucunda:
1614 4750 1717 4804 illis
1743 4753 1851 4804 sint
1887 4768 2046 4821 escae,
2078 4755 2161 4809 in-

572 4833 786 4904 iucundi
838 4844 1012 4904 potus.
1069 4837 1292 4892 Vcnenis
1338 4856 1520 4894 mensa
1563 4842 1770 4900 videtur
1815 4829 2053 4914 scatere,
2107 4859 2159 4904 et

578 4936 848 4994 tamquam
892 4915 1114 4980 exitium
1169 4929 1385 4984 domum
1417 4931 1621 5004 fugiunt
1671 4936 1823 4990 malis
1865 4937 2160 4996 innumeris

576 5017 980 5072 redundantem.
1013 5018 1128 5074 Non
1162 5020 1266 5075 illis
1295 5038 1534 5090 somnus,
1564 5042 1668 5082 non
1693 5043 1794 5081 nox
1823 5039 1902 5084 est
1929 5032 2155 5099 placida,

575 5122 679 5161 non
708 5109 996 5162 amicorum
1024 5125 1360 5182 congressus,
1389 5132 1493 5170 non
1523 5117 1620 5186 ipsi
1643 5119 1773 5175 radii
1796 5121 1997 5177 solares
2022 5142 2035 5178 :
2066 5124 2158 5179 sed

572 5201 638 5255 ab
668 5201 782 5270 ipso
811 5203 1010 5258 lumine
1038 5220 1096 5259 se
1117 5205 1312 5260 ollendi
1344 5217 1548 5275 putant.
1572 5226 1677 5264 non
1711 5223 1817 5268 tum
1845 5215 2017 5271 snlum
2037 5233 2157 5271 cum

573 5296 838 5351 adulterio
867 5297 1027 5367 pollui
1055 5316 1272 5354 uxorem
1314 5303 1561 5369 viderint,
1609 5307 1702 5361 sed
1739 5309 1897 5366 etiam
1952 5327 2073 5368 cum
2105 5313 2157 5369 in

573 5391 1014 5460 qualemcumque
1057 5395 1413 5460 suspicionem
1461 5399 1600 5455 illius
1661 5383 1831 5473 culpa:
1895 5410 2156 5464 venerint.

578 5481 718 5537 Idem
749 5483 993 5539 accidere
1041 5495 1092 5539 et
1124 5489 1271 5543 uxori
1303 5498 1450 5560 puta,
1501 5508 1620 5547 cum
1651 5511 1678 5547 a
1727 5499 1961 5566 quolibet
1993 5501 2041 5556 id
2069 5519 2161 5555 au-

571 5571 788 5638 diverit,
822 5576 902 5630 vel
931 5576 1088 5630 etiam
1118 5578 1277 5635 fuerit
1319 5585 1584 5652 5u5picata
1605 5628 1620 5652 ,
1652 5597 1702 5641 te
1743 5591 1951 5644 mulieri
1983 5609 2160 5648 mere-

583 5661 703 5753 trici
729 5667 955 5753 tcipsuni
1003 5671 1291 5729 addixisse.
1345 5674 1468 5731 Haec
1511 5679 1648 5746 apud
1705 5690 1756 5734 te
1788 5684 2024 5753 cogitans
2055 5701 2160 5740 non

579 5747 836 5809 adulteria
889 5767 1091 5818 tantum
1124 5764 1269 5836 iuge,
1313 5761 1406 5823 sed
1434 5770 1592 5827 etiam
1615 5747 1982 5844 suspiciones;
2018 5779 2157 5850 quod

1254 329 1312 384 S.
1351 324 1630 385 JOANNIS
1665 318 2149 379 CilllYSOS'l’Olll
2183 319 2498 377 ARCHIEP.
2540 318 3070 380 CONSTANTINOP.
3705 327 3802 386 ’216

2237 434 2281 486 si
2309 434 2577 489 immerito
2620 435 2941 504 snSpieetur,
2991 436 3143 505 placa
3167 434 3311 490 illam
3339 444 3394 492 et
3417 436 3591 493 verbis
3637 439 3804 497 ﬂecte.

2235 526 2351 582 Non
2381 527 2524 583 enim
2549 528 2673 582 odio
2700 529 2782 582 vel
2829 529 2964 583 fastu
2995 529 3242 598 impulsa,
3293 527 3388 585 sed
3415 546 3522 599 pra:
3550 531 3706 586 nimia
3736 533 3806 589 tui

2235 635 2361 675 cura
2391 621 2442 674 id
2487 619 2632 686 facit,
2657 621 2904 691 quodque
2949 621 3018 676 de
3061 635 3157 676 sua
3195 621 3533 692 possessione
3575 621 3724 679 valde
3745 624 3811 677 ti-

2239 723 2399 766 meat.
2431 712 2709 767 Possessio
2735 712 2930 783 quippe
2954 713 3123 783 ipsius
3148 722 3249 779 est,
3280 723 3336 767 ut
3364 725 3488 769 ante
3515 713 3623 768 dixi
3648 755 3664 780 ,
3691 729 3810 770 cor-

2239 819 2335 874 pus
2365 813 2534 872 tuum,
2559 815 2612 859 et
2641 807 2908 874 possessio
2937 821 3113 860 rerum
3146 806 3382 861 omnium
3412 805 3810 876 pretiosissima.

2237 900 2354 956 Noli
2377 915 2504 970 ergo
2531 901 2582 954 in
2605 915 2664 956 re
2692 901 2921 954 maxima
2950 899 3094 954 illam
3123 899 3338 964 ltedcre,
3367 915 3539 971 neque
3565 899 3717 955 letale
3740 899 3809 955 illi

2238 993 2430 1046 vulnus
2477 991 2703 1062 inﬂigas.
2756 989 3014 1058 Quamvis
3079 990 3221 1044 enim
3270 989 3415 1044 illam
3473 1000 3808 1045 contemnas.

2241 1086 2407 1140 Deum
2437 1096 2612 1139 tamen
2640 1083 2808 1140 debes
2839 1084 3028 1138 timere
3056 1081 3317 1152 ejusmodi
3342 1081 3628 1136 criminum
3654 1079 3814 1137 vindi-

2239 1192 2378 1243 cem,
2409 1187 2463 1232 et
2509 1177 2597 1246 qui
2639 1175 2830 1230 talibus
2872 1175 3081 1229 delictis
3128 1172 3460 1227 intolerabile
3509 1171 3814 1241 supplicium

2241 1267 2618 1322 comminatur.
2667 1266 2869 1320 Eorum
2917 1265 3080 1328 enim,
3106 1263 3194 1334 qui
3223 1262 3344 1316 talia
3394 1272 3697 1332 perpetrare
3723 1262 3818 1316 sint

2242 1359 2380 1426 ausi,
2409 1359 2599 1429 inquit,
2641 1357 2832 1411 Vermis
2855 1373 2954 1409 non
2980 1356 3241 1420 morietur,
3273 1363 3320 1408 et
3347 1353 3478 1423 ignis
3511 1369 3615 1406 non
3643 1353 3821 1406 cntin-

2242 1460 2422 1521 guetur
2447 1448 2637 1521 (Marc.
2659 1448 2714 1502 9.
2743 1445 2855 1517 45).
2885 1443 3040 1513 Quod
3064 1445 3108 1498 si
3134 1459 3240 1498 non
3276 1441 3560 1496 admodum
3596 1449 3821 1510 pungunt

2246 1552 2299 1597 te
2321 1541 2515 1604 futura,
2551 1549 2786 1593 terreant
2808 1546 2860 1591 te
2879 1536 3066 1590 saltem
3095 1535 3399 1604 przesentia.
3431 1533 3580 1588 Multi
3615 1532 3819 1602 quidem

2245 1645 2393 1689 certe
2444 1632 2678 1696 illorum,
2733 1629 2822 1698 qui
2866 1628 3234 1684 meretricibus
3283 1626 3582 1690 adhaerent,
3637 1625 3687 1678 in
3732 1623 3823 1679 hac

2245 1726 2404 1782 etiam
2453 1723 2559 1777 vita
2586 1721 2710 1776 mali
2735 1721 2873 1776 male
2901 1721 3168 1790 perierunt
3192 1758 3208 1785 ,
3236 1717 3461 1773 curiosis
3489 1716 3821 1770 meretricum

2247 1817 2451 1872 insidiis
2475 1814 2739 1885 oppressi.
2765 1814 2896 1867 Dum
2919 1811 3059 1867 enim
3079 1811 3179 1865 ilhc
3197 1809 3525 1864 contendunt
3550 1823 3582 1861 a
3607 1807 3822 1876 legitima

2248 1925 2414 1965 uxore
2457 1924 2520 1964 ac
2541 1907 2882 1962 matrimonio
2912 1905 3095 1973 junCIa
3138 1905 3282 1958 illum
3323 1902 3586 1965 alienare,
3637 1915 3825 1969 suoque

2247 2018 2430 2058 amore
2459 2002 2663 2072 penitus
2710 2000 2857 2054 illum
2887 1999 3192 2054 devinctum
3229 2006 3430 2059 tenere,
3478 1993 3758 2063 pnnstigiis
3780 2000 3827 2046 et

2249 2093 2695 2149 incantationibus
2721 2102 2958 2158 utuntur,
2981 2087 3236 2145 amatoria
3264 2095 3451 2157 parant
3479 2084 3754 2148 veneﬁcia,
3779 2092 3828 2138 et

2249 2188 2442 2241 multas
2498 2185 2900 2240 fascinationum
2953 2179 3188 2236 fallacias
3241 2187 3470 2233 texunt:
3515 2177 3599 2231 sic
3649 2175 3830 2230 deinde

2249 2293 2368 2333 cum
2400 2278 2550 2332 illum
2579 2277 2628 2331 in
2661 2290 2880 2346 gravem
2907 2273 3152 2328 morbum
3199 2270 3548 2340 conjecerint,
3609 2267 3720 2322 dira
3752 2266 3829 2322 lue

2251 2380 2577 2439 correptum,
2611 2367 2766 2436 longa
2798 2365 2916 2419 tabe
2940 2372 3315 2434 consumptum
3341 2370 3397 2415 et
3432 2359 3726 2414 innumeris
3744 2356 3831 2411 ob-

2250 2470 2428 2515 rutum
2477 2459 2670 2525 malis,
2719 2456 2877 2526 hujus
2927 2456 3060 2509 lucis
3113 2469 3272 2509 usura
3322 2453 3549 2522 privant.
3601 2450 3659 2505 Si
3706 2449 3832 2504 forte

2249 2551 2545 2622 gehennam
2574 2565 2678 2602 non
2714 2546 3052 2611 reformidas,
3082 2545 3154 2599 mi
3193 2544 3374 2609 homo,
3404 2541 3702 2612 prmstigias
3728 2538 3831 2593 illa-

2251 2658 2368 2698 rum
2393 2640 2701 2696 reformida.
2726 2639 2859 2694 Cum
2889 2639 3028 2691 enim
3065 2652 3161 2708 per
3185 2635 3447 2690 luxuriam
3471 2633 3633 2687 istam
3664 2630 3832 2684 divino

2252 2735 2502 2806 przesidio
2547 2745 2597 2790 te
2643 2731 2950 2802 privaveris,
2975 2739 3028 2785 et
3054 2729 3251 2784 caelesti
3278 2726 3475 2781 auxilio
3502 2723 3830 2794 Spoliaveris,
3882 2750 3888 2754 η

2255 2837 2362 2881 ιιιιη
2390 2827 2642 2881 audacter
2661 2823 2914 2880 invadens
2938 2829 2994 2878 te
3015 2820 3288 2885 meretrix,
3317 2833 3551 2886 suosque
3572 2817 3834 2871 dannoncs

2253 2919 2517 2974 advocatis
2546 2917 2756 2972 laminis
2783 2924 2836 2970 et
2863 2915 3108 2968 amuletis
3131 2911 3382 2966 adhibitis
3401 2951 3416 2976 ,
3447 2910 3670 2977 suisque
3708 2915 3836 2962 stru-

2254 3011 2352 3065 ctis
2396 3009 2602 3064 insidiis
2645 3005 2893 3062 facillime
2917 3007 3144 3060 salutem
3189 3012 3332 3058 tuam
3363 3009 3660 3072 expugnat,
3694 3010 3837 3068 teque

2255 3100 2465 3170 probris
2485 3099 2770 3154 obnoxium
2792 3113 2855 3153 ac
2873 3097 3148 3151 ridendum
3172 3095 3440 3160 omnibus,
3464 3093 3549 3162 qui
3571 3092 3837 3146 civitatein

2257 3193 2516 3256 incolunt,
2551 3191 2828 3262 propinat,
2861 3199 2917 3243 ut
2967 3203 3063 3242 nec
3093 3187 3166 3240 illi
3220 3184 3537 3240 calamitatis
3591 3196 3837 3250 umquam

2257 3295 2361 3340 tua:
2400 3285 2742 3340 miseratione
2795 3291 3125 3336 moveantur.
3165 3279 3292 3346 Quis
3323 3277 3464 3332 enim
3506 3273 3837 3338 miserebitur,

2257 3377 2428 3447 inquit
2456 3420 2471 3444 ,
2499 3376 2802 3431 incantatori
2823 3392 2856 3436 α
2879 3381 3106 3442 serpente
3135 3386 3387 3443 percusso,
3429 3377 3477 3424 et
3501 3366 3738 3421 omnibus
3764 3362 3840 3433 qui

2257 3468 2667 3540 appwpinquant
2691 3467 2858 3520 bestiis
2891 3464 3078 3534 (Eccli.
3115 3462 3197 3526 12.
3228 3462 3362 3533 l5)?
3391 3462 3668 3517 Praetereo
3688 3459 3842 3528 jactu-

2259 3576 2373 3614 ram
2402 3559 2769 3630 pecuniarum,
2800 3567 2854 3612 et
2883 3556 3217 3633 quotidianus
3242 3552 3592 3622 suspiciones,
3633 3550 3838 3616 fastum,

2257 3652 2639 3721 arrogantiam,
2659 3647 3032 3711 contumelias,
3061 3646 3255 3716 quibus
3276 3644 3470 3699 stultos
3513 3651 3716 3697 vexant
3737 3655 3842 3695 me-

2261 3744 2504 3807 retrices,
2538 3759 2654 3812 qua:
2699 3741 2866 3796 multo
2895 3749 3018 3794 sunt
3047 3739 3346 3802 acerbiora,
3379 3751 3537 3806 quam
3563 3737 3613 3789 si
3661 3734 3843 3789 millies

2259 3835 2418 3890 fuerit
2445 3850 2589 3888 mors
2616 3831 2940 3905 oppetenda.
2975 3832 3147 3900 Atque
3177 3843 3396 3883 uxorem
3435 3826 3656 3896 quidem
3687 3840 3844 3895 saepe-

2261 3943 2504 3991 numero,
2535 3942 2602 3981 ne
2628 3926 2671 3978 si
2698 3925 2914 3979 verbum
2936 3923 3150 3993 quidem
3168 3923 3449 3976 molestum
3477 3918 3844 3984 dixerit,l'erre

2261 4029 2434 4088 putes,
2469 4033 2532 4073 ac
2562 4017 2896 4073 meretricem
2929 4017 3087 4070 etiam
3115 4015 3280 4084 alapis
3308 4025 3359 4068 te
3387 4013 3689 4068 caedentem
3721 4011 3842 4066 ado-

2263 4126 2368 4164 ras.
2420 4108 2532 4162 Non
2561 4117 2612 4162 te
2644 4108 2822 4177 pudet,
2873 4122 2972 4162 nec
3013 4105 3307 4169 erubescis,
3355 4120 3454 4159 nec
3481 4114 3642 4176 Optas
3671 4113 3726 4157 ut
3759 4101 3842 4156 tibi

2261 4203 2498 4258 dehiscat
2524 4203 2702 4256 terra?
2726 4201 2824 4270 Qui
2849 4201 3046 4270 poteris
3070 4199 3134 4253 ad
3152 4199 3434 4261 ecclesiam
3461 4198 3670 4262 venire,
3697 4207 3842 4264 atque

2263 4297 2315 4350 in
2341 4296 2527 4350 cadum
2566 4310 2753 4349 manus
2795 4293 3120 4349 extendere?
3149 4307 3254 4366 quo
3304 4290 3518 4353 tandem
3544 4303 3644 4344 ore
3688 4289 3842 4341 Deum

2264 4389 2558 4455 invocabis,
2611 4402 2718 4462 quo
2759 4387 3094 4442 meretricem
3135 4385 3404 4445 osculatus
3456 4382 3554 4437 es?
3596 4381 3712 4436 Non
3759 4389 3840 4442 tu,

2263 4497 2464 4552 quaeso,
2497 4480 2670 4545 times,
2702 4494 2803 4534 nec
2829 4477 3214 4550 perhorrescis,
3247 4492 3314 4530 ne
3341 4474 3554 4545 quando
3581 4483 3728 4528 tuum
3758 4485 3839 4524 ca-

2264 4583 2361 4644 put
2381 4573 2663 4643 impudens
2684 4571 2749 4625 de
2770 4572 2903 4626 caelo
2921 4570 3197 4639 delapsum
3219 4568 3417 4627 l’ulmcn
3437 4565 3842 4626 exiiratYQuatn—

2265 4666 2343 4719 vis
2389 4679 2607 4723 uxorem
2658 4671 2824 4725 tuam,
2874 4677 3032 4731 quam
3079 4659 3249 4714 al‘ﬁcis
3307 4658 3538 4726 injuria,
3593 4656 3755 4718 celes,
3795 4658 3843 4704 at

2265 4757 2562 4812 insomnem
2595 4756 2739 4809 illuni
2774 4755 2986 4809 oculum
3017 4767 3300 4825 numquam
3341 4748 3538 4807 celabis
3568 4766 3582 4802 :
3615 4743 3841 4817 quando-

2264 4852 2477 4922 quidem
2509 4849 2749 4904 adultero
2776 4849 2872 4912 illi,
2905 4847 2993 4917 qui
3016 4846 3249 4909 dicebat,
3282 4842 3520 4897 Tenebrte
3540 4837 3842 4893 circumdant

2267 4961 2367 5009 me,
2398 4952 2440 4995 et
2463 4943 2696 5013 parietes,
2722 4939 2842 5005 quid
2870 4955 3039 4992 vereor
3067 4937 3252 5008 (Eccli.
3273 4935 3364 4990 25.
3384 4932 3476 5003 26)
3495 4931 3519 4986 ἲ
3537 4925 3846 4986 contradixit

2265 5037 2476 5104 sapiens
2506 5035 2590 5088 ille
2615 5033 2691 5087 sic
2719 5033 2901 5088 dicens
2926 5048 2939 5085 :
2973 5029 3123 5088 Oculi
3151 5028 3358 5083 Domini
3377 5026 3559 5080 millies
3586 5021 3845 5078 lucidiora

2264 5140 2378 5184 sunt
2405 5129 2528 5194 sole,
2558 5127 2877 5197 inspicientes
2910 5141 3063 5194 opera
3085 5122 3343 5179 hominum
3366 5117 3473 5190 (Ib.
3501 5133 3547 5170 υ.
3575 5114 3693 5183 28).
3721 5111 3845 5165 Pro-

2268 5233 2383 5291 pter
2405 5220 2520 5274 hzcc
2544 5218 2720 5272 omnia
2746 5217 2993 5272 nimirum
3015 5215 3224 5270 dicebat
3250 5211 3474 5268 Paulus:
3503 5203 3848 5274 Unusquisque

2266 5330 2410 5367 suam
2426 5327 2637 5366 uxorem
2657 5309 2856 5374 habeat,
2883 5319 2929 5363 et
2955 5322 3263 5378 unaquaeque
3285 5305 3444 5359 virum
3463 5316 3608 5356 suum
3633 5295 3845 5349 habeat:

2267 5406 2416 5462 uxori
2464 5406 2540 5459 vir
2585 5403 2804 5458 debitam
2855 5401 3244 5455 benevolentiam
3281 5396 3496 5460 reddat;
3541 5389 3768 5446 similiter
3805 5389 3848 5437 st

2269 5515 2398 5555 uxor
2416 5501 2527 5552 viro
2547 5498 2623 5566 (l.
2654 5495 2771 5550 Cor.
2797 5495 2849 5548 7.
2872 5493 2925 5545 9..
2954 5494 3029 5563 5).
3066 5491 3116 5544 Μ
3125 5491 3169 5544 el
3198 5490 3408 5544 distillat
3437 5504 3468 5539 a
3499 5483 3640 5538 labiis
3672 5477 3848 5532 ntulis—

2267 5592 2339 5645 ris
2365 5589 2654 5655 meretricis,
2681 5603 2795 5659 quia
2829 5587 2896 5640 ad
2923 5595 3117 5656 tempus
3163 5583 3445 5654 impingunt
3471 5583 3639 5650 fauces
3689 5583 3802 5625 tuas
3827 5583 3846 5622 .'

2270 5693 2441 5754 postea
2488 5698 2601 5735 vero
2627 5695 2740 5734 eam
2778 5679 3081 5734 amariorem
3126 5676 3246 5746 felle
3285 5672 3524 5737 invenies,
3573 5676 3843 5722 statutam

2275 5773 2432 5848 magis
2474 5775 2643 5848 gladio
2671 5773 2879 5846 ancipiti
2915 5771 3112 5845 (Prov.
3147 5771 3198 5828 5.
3232 5771 3286 5826 5.
3319 5767 3409 5840 4).
3441 5763 3710 5821 Venenum
3750 5758 3844 5810 ha-
