4058 6258
253 387 366 444 215

253 507 354 564 καὶ
375 501 438 558 τδ
476 499 640 571 σῶμα
659 496 722 549 τδ
749 489 967 556 ἐαυτοῦ,
1002 489 1140 558 ὅπερ
1190 484 1339 540 ἐστὶν
1369 481 1586 552 ἐκείνης
1625 477 1836 549 κτῆμα,

255 569 596 668 διαφθείρειν
623 607 684 642 τε
720 587 814 642 καὶ
848 581 1121 656 μιαίνειν;
1165 581 1262 632 Ἂν
1289 577 1390 648 τὴν
1428 577 1630 646 προῖκα
1672 569 1839 642 μειώ-

257 660 380 765 σηςξ
395 660 727 760 τῷκῆδεστῇ
744 679 900 740 δίδως
913 676 1089 744 λόγον·
1110 673 1176 726 ἂν
1196 671 1296 742 τὴν
1315 665 1670 739 σωφροσύνην
1687 660 1842 734 μειώ-

258 757 383 857 σης,
415 757 494 849 τῶ
509 773 628 845 Θεῷ
643 773 742 834 τὰς
769 767 997 831 εὐθύνας
1035 763 1274 834 ὑφέξεις.
1310 760 1387 832 τῷ
1411 757 1501 813 τὸν
1527 757 1704 828 γάμον
1732 757 1844 808 είσ-

258 845 545 944 ἀγαγόντι,
563 866 658 920 καὶ
675 863 774 934 τὴν
805 861 1037 930 γυναῖκα
1056 855 1441 928 ἐγχειρίσαντι.
1472 851 1586 904 Καὶ
1607 851 1689 902 ὅτι
1717 845 1843 901 τοῦ-

260 936 324 1020 τό
352 936 501 1016 ἐστιν
551 955 771 1026 ἀληθές,
806 953 1040 1006 ἄκουσον
1067 949 1122 1002 τί
1153 963 1318 1018 φησιν
1367 945 1396 998 ό
1444 941 1656 1002 Παῦλος
1715 936 1844 1008 περὶ

258 1056 371 1111 τῶν
404 1050 782 1124 μοιχευόντων·
845 1045 898 1096 Ὁ
937 1045 1046 1112 γὰρ
1095 1035 1338 1102 ἀθετῶν,
1388 1036 1498 1088 οὐκ
1529 1031 1846 1098 ἄνθρωπον

261 1119 478 1211 ἀθετεῖ,
496 1119 660 1200 ἀλλὰ
681 1141 790 1193 τόν
812 1135 962 1190 Θεὸν
985 1131 1094 1186 τὸν
1117 1129 1302 1184 δόντα
1323 1127 1392 1180 τὸ
1425 1123 1668 1194 Πνεῦμα
1691 1119 1844 1195 [200]

262 1239 452 1296 αὑτοῦ
486 1235 552 1291 τὸ
585 1233 758 1302 ἅγιον
799 1231 886 1295 εὶς
935 1223 1113 1295 ὑμᾶς,
1173 1221 1336 1289 Ὀρᾶς
1377 1217 1443 1272 δι’
1466 1219 1606 1272 ὅσων
1635 1215 1663 1267 ὁ
1692 1215 1847 1282 λόγος

263 1327 550 1393 ἀπέδειξεν
599 1327 681 1378 ὅτι
718 1319 934 1393 μοιχεία
985 1313 1154 1379 ἐστὶν,
1203 1313 1264 1364 οὑ
1301 1311 1460 1382 μόνον
1489 1310 1550 1362 τὸ
1579 1307 1848 1376 ὑπανδρον

265 1425 500 1494 γυναῖκα
529 1415 884 1485 διαφθείρειν,
919 1409 1056 1464 ἀλλά
1087 1407 1182 1460 καὶ
1220 1405 1279 1458 τὸ
1309 1401 1592 1474 ἡντιναοῦν
1621 1400 1845 1469 πόρνην,

266 1519 462 1588 έχοντα
511 1511 774 1580 γυναῖκα;
806 1507 1018 1573 Ὠσπερ
1063 1501 1171 1572 γάρ
1225 1494 1569 1568 μοιχεύεσθαι
1615 1493 1851 1560 γυναῖκα

264 1581 523 1679 λέγομεν,
558 1602 662 1656 κάν
689 1601 769 1662 εἰς
795 1596 1034 1666 οἰκέτην,
1067 1591 1168 1645 κᾶν
1187 1592 1264 1652 εἰς
1295 1584 1571 1642 ὁντιναοῦν
1604 1581 1847 1654 ἁμάρτῃ,

268 1701 440 1771 ἄνδρα
477 1697 725 1766 ἔχουσαν·
774 1687 916 1741 οὕτω
949 1683 1042 1738 καὶ
1087 1682 1257 1752 ἄνδρα
1286 1676 1556 1750 μοιχεύειν
1586 1675 1650 1728 ἂν
1677 1675 1848 1726 εἴποι-

272 1759 397 1861 μεν1,
433 1759 539 1838 κᾶν
563 1783 643 1843 είς
673 1771 1048 1849 θεραπαινίδα,
1075 1771 1178 1823 κᾶν
1210 1769 1288 1831 είς
1315 1763 1596 1837 ἡντιναοῦν
1628 1759 1851 1832 δημώδη

269 1853 508 1953 γυναῖκα
548 1869 864 1940 ἀσελγαίνῃ,
906 1865 1141 1934 γυναῖκα
1172 1861 1308 1931 ἔχων
1345 1857 1524 1920 αὑτός.
1552 1853 1642 1926 Μὴ
1673 1853 1854 1905 τοίνυν

269 1943 568 2044 ἀμελῶμεν
617 1965 716 2034 τῆς
756 1957 966 2014 ἑαυτῶν
1013 1953 1309 2026 σωτηρίας,
1345 1949 1480 2022 μηδέ
1519 1946 1594 2018 τῷ
1625 1943 1855 2014 διαϐόλῳ

271 2063 647 2138 προτείνωμεν
680 2053 836 2126 ἡμῶν
869 2052 966 2120 τὴν
988 2049 1166 2119 ψυχὴν
1192 2045 1279 2098 διὰ
1307 2045 1405 2114 τῆς
1437 2039 1708 2112 ἁμαρτίας
1726 2037 1857 2090 ταὺ-

271 2133 396 2228 της.
437 2151 548 2208 Καὶ
575 2148 682 2218 γὰρ
717 2143 962 2197 ἐντεῦθεν
990 2143 1044 2193 αἱ
1077 2137 1265 2209 μυρίαι
1299 2135 1406 2187 τῶν
1437 2135 1602 2186 οἴκων
1625 2133 1855 2200 ἀνατρο-

274 2223 399 2313 παὶ,
439 2249 488 2299 οἱ
525 2239 709 2316 μυρίοι
766 2235 1014 2306 πόλεμοι·
1075 2227 1324 2284 ἐντεῦθεν
1371 2226 1441 2280 τὰ
1491 2225 1591 2294 τῆς
1637 2223 1858 2292 ἀγάπης

274 2341 526 2412 ὑπορρεῖ,
563 2335 656 2389 καὶ
683 2333 749 2387 τὰ
764 2330 864 2400 τῆς
905 2325 1114 2386 εὐνοίας
1141 2317 1491 2388 ὑποσύρεται,
1517 2314 1725 2384 ’Ὠσπερ
1751 2310 1858 2380 γὰρ

275 2402 560 2505 ἀμήχανον
598 2425 850 2496 σώφρονα
873 2418 969 2473 ἀνθ
980 2431 1156 2488 ρωπον
1188 2411 1462 2482 ὑπεριδεῖν
1486 2405 1742 2474 γυναικὸς
1764 2402 1858 2455 καὶ¹

275 2517 690 2591 καταφρονῆσαί
724 2531 873 2567 ποτε·
895 2509 1067 2571 οὕτως
1099 2504 1381 2576 ἀμήχανον
1403 2499 1686 2569 ἄνθρωπον
1701 2492 1860 2547 ἀσελ-

274 2618 352 2688 γῆ
405 2583 500 2668 καὶ
543 2583 841 2665 ἀκόλαστον
876 2603 1050 2673 φιλεῖν
1091 2597 1188 2668 τήν
1227 2596 1459 2663 γυναῖκα
1499 2590 1598 2660 τὴν
1642 2583 1856 2648 ἐαυτοῦ,

279 2677 384 2762 κάν
417 2703 671 2758 ἁπάντων
709 2691 1086 2767 εὑμορφοτέρα
1205 2684 1338 2738 Ἀπὸ
1369 2681 1477 2753 γὰρ
1508 2677 1862 2750 σωφροσύνης

280 2801 476 2870 ἀγάπη
511 2795 775 2855 τίκτεται,
838 2785 946 2840 ἀπὸ
987 2783 1044 2836 δέ
1080 2779 1304 2849 ἀγάπης
1344 2776 1414 2827 τά
1462 2771 1626 2844 μυρία
1660 2769 1858 2838 ἀγαθά.

277 2859 505 2950 Λξθίνάς
535 2884 714 2937 τοίνυν
748 2877 936 2947 νόμιζε
951 2874 1050 2937 τὰς
1073 2872 1266 2932 λοιπὰς
1294 2869 1578 2938 γυναῖκας,
1613 2859 1764 2924 εἰδὼς
1783 2861 1864 2912 ὅτι

285 2981 428 3055 μετά
461 2978 660 3048 γάμον,
689 2971 793 3026 κᾶν
827 2966 1146 3028 ἀκολάστοις
1175 2963 1289 3035 ῖδῃς
1329 2959 1628 3028 ὀφθαλμοῖς
1673 2953 1865 3024 ἑτέραν

281 3075 544 3141 γυναῖκα,
574 3067 678 3121 κᾶν
701 3061 988 3134 δημοσίαν,
1021 3055 1123 3110 κᾶν
1153 3052 1440 3124 ὑπανδρον,
1474 3051 1584 3110 τοῖς
1607 3045 1717 3098 τῶν
1752 3060 1868 3114 μοι-

283 3134 401 3238 χῶν
435 3134 776 3231 ἐγκλήμασιν
809 3151 1108 3212 ὑπεύθυνος
1150 3147 1402 3216 γέγονας.
1435 3138 1617 3196 Ταῦτα
1657 3134 1866 3205 σεαυτῷ

285 3229 414 3310 καθ’
448 3229 686 3322 ἑκάστην
716 3246 880 3318 ἐπᾳδε
909 3243 978 3296 τὰ
1010 3244 1247 3315 ῥήματα’
1279 3238 1379 3292 κᾶν
1423 3236 1536 3306 ἴδῃς
1575 3229 1868 3302 ἐπιθυμίαν

284 3348 457 3419 ἄλλης
485 3342 742 3415 γυναικὸς
788 3335 1142 3408 ἐγειρομένην
1171 3335 1226 3386 ἐν
1279 3333 1381 3395 σοὶ,
1413 3325 1532 3383 εΙτα
1564 3327 1627 3380 ἐκ
1677 3323 1869 3378 τούτου

285 3459 375 3496 σοι
405 3439 505 3510 τήν
549 3437 785 3505 γυναῖκα
823 3431 963 3502 ἀηδῆ
1019 3425 1370 3497 φαινομένην,
1424 3419 1630 3474 εἴσελθε
1664 3418 1744 3480 είς
1780 3416 1872 3469 τὸν

288 3509 557 3602 θάλαμον,
590 3529 684 3582 καὶ
712 3526 771 3580 τὸ
809 3523 1008 3596 βιϐλίον
1037 3517 1346 3581 ἀναπτύξας
1381 3515 1559 3572 τοῦτο,
1582 3511 1674 3565 καὶ⁵
1693 3509 1872 3562 λαϐὼν

289 3599 508 3680 Παῦλον
537 3619 782 3691 μεσίτην,
825 3613 922 3667 καὶ
955 3609 1192 3680 συνεχῶς
1225 3605 1438 3678 ἐπᾴδων
1475 3602 1648 3656 ταῦτα
1666 3599 1736 3653 τά
1774 3603 1871 3671 ρή-

293 3730 466 3786 ματα,
497 3707 832 3764 κατάσϐεσον
858 3703 955 3774 τὴν
974 3701 1167 3772 φλόγα.

369 3805 482 3860 Καὶ
503 3802 646 3856 οὑτω
675 3798 820 3868 καὶὴ
846 3794 984 3866 γυνὴ
1011 3793 1171 3846 πάλιν
1210 3789 1362 3843 ἐσται
1397 3805 1478 3840 σοι
1502 3781 1873 3853 ποθεινοτέρα,

291 3897 557 3967 οὐδεμιᾶς
605 3891 902 3960 ἐπιθυμίας
931 3885 1030 3957 τὴν
1077 3884 1212 3956 πρὸς
1241 3881 1408 3952 αὐτὴν
1437 3877 1646 3932 εὔνοιαν
1677 3877 1878 3928 ὑποσυ-

299 3963 524 4059 ρούσης”
548 3984 648 4054 οὐχ
676 3978 864 4052 ήγυνὴ
891 3977 946 4030 δὲ
977 3975 1130 4028 ἔσται
1163 3969 1510 4040 ποθεινοτέρα
1539 3969 1718 4038 μόνον,
1743 3963 1879 4018 ἀλλά

295 4057 396 4133 καὶ
431 4079 494 4131 σὺ
529 4074 856 4145 σεμνότερος
895 4068 1074 4138 πολλῷ
1097 4067 1192 4121 καὶ
1215 4061 1664 4133 ἐλευθεριώτερος
1708 4057 1880 4123 δόξεις

299 4165 464 4222 εἶναι.
497 4166 574 4219 Οὐ
612 4164 718 4236 γάρ
751 4166 917 4224 ἐστιν,
941 4161 1042 4213 οὐκ
1065 4159 1210 4211 ἐστιν
1229 4155 1380 4210 οὐδὲν
1411 4151 1762 4223 αἰσχρότερον
1784 4148 1880 4200 ἀν-

299 4258 526 4332 θρώπου
577 4255 715 4328 μετὰ
757 4253 935 4324 γάμον
973 4248 1344 4322 πορνεύοντος.
1387 4247 1460 4299 Οὐ
1491 4244 1600 4316 γὰρ
1625 4243 1690 4312 δὴ
1723 4241 1882 4311 μόνον

302 4353 398 4407 τὸν
425 4349 699 4422 κηδεμόνα
727 4347 824 4400 καὶ
850 4345 976 4408 τοὺς
1001 4343 1187 4412 φίλους
1217 4341 1311 4394 καὶ
1345 4341 1470 4402 τούς
1506 4335 1880 4398 ἀπαντῶντας,

302 4443 446 4498 ἀλλά
473 4443 568 4497 καὶ
595 4441 796 4503 αὐτοὺς
816 4437 1043 4510 ἐρυθριᾷ
1083 4437 1206 4497 τοὺς
1231 4433 1469 4494 οἰκέτας.
1507 4430 1616 4484 Καὶ
1637 4429 1698 4480 οὐ
1727 4426 1886 4480 τοῦτο

307 4536 472 4608 μόνον
485 4534 600 4587 ἐστὶ
626 4533 687 4586 τὸ
705 4531 898 4591 δεινὸν.
914 4527 1028 4581 ἀλλ’
1044 4525 1233 4580 ότικαὶ⁸
1244 4525 1342 4595 τὴν
1366 4522 1542 4576 οἰκίαν
1573 4521 1743 4590 αὐτὴν
1762 4518 1884 4572 δεσ-

307 4645 464 4699 μωτη
472 4626 588 4698 ρίου
607 4623 806 4687 παντὸς
823 4622 950 4693 ἀηδε
959 4619 1150 4690 στέραν
1166 4617 1356 4686 ὄψεται
1371 4654 1386 4678 ,
1405 4612 1542 4683 πρὸς
1553 4612 1651 4682 τὴν
1672 4609 1886 4682 ἐρωμέ-

305 4735 406 4790 νην
433 4717 670 4787 βλέπων,
699 4714 794 4768 καὶ
824 4715 922 4781 τὴν
957 4711 1162 4781 πόρνην
1184 4704 1446 4778 διηνεκῶς
1461 4700 1884 4774 φανταζόμενος.

377 4808 446 4861 ε’.
470 4806 662 4860 Βούλει
691 4803 884 4876 μαθεῖν
904 4800 1148 4872 ἀκριϐῶς
1163 4801 1285 4852 ὅσον
1313 4797 1428 4849 ἐστὶ
1453 4796 1516 4847 τὸ
1541 4792 1744 4876 δεινὸνῗς
1775 4792 1890 4845 Ἐν-

307 4891 504 4962 νόησον
543 4885 654 4944 οἷον
696 4875 748 4940 οί
778 4888 878 4950 τὰς
927 4887 1190 4954 γυναῖκας
1239 4879 1446 4935 ἑαυτῶν
1493 4875 1890 4937 ὑποπτεύοντες

309 4981 447 5046 ζῶσι
480 4981 614 5049 βίον.
650 4979 767 5042 πῶς
801 4977 940 5048 ἀηδῆ
968 4976 1036 5029 τὰ
1078 4974 1222 5028 σιτία
1243 5013 1256 5038 ,
1289 4970 1430 5043 ἀηδῆ
1457 4968 1616 5024 ποτά.
1644 4967 1892 5038 Δηλητη-

313 5074 448 5145 ρίων
465 5085 490 5113 ι
515 5074 550 5144 ή
569 5070 818 5144 τράπεζα
836 5069 983 5122 δοκεῖ
1007 5067 1198 5138 γέμειν
1217 5064 1524 5136 φαρμάκων
1545 5080 1558 5095 ·
1585 5061 1680 5115 καὶ
1705 5057 1892 5130 ὥσπερ

310 5163 553 5236 δλεθρον,
583 5161 791 5234 μυρίων
812 5161 1088 5231 γέμουσαν
1109 5157 1316 5222 κακῶν,
1347 5153 1489 5208 οὕτω
1517 5151 1776 5223 φεύγουσι
1794 5149 1894 5219 τήν

310 5257 511 5310 οίκίαν.
558 5255 670 5324 Οὐχ
723 5253 887 5316 ὕπνος
927 5252 1106 5313 αὐτοῖς
1145 5251 1324 5312 ἐστιν,
1356 5247 1414 5300 οὐ
1449 5245 1544 5312 νὺξ
1597 5242 1890 5312 προσηνὴς,

310 5347 378 5402 οὐ
413 5347 667 5400 συνουσία
707 5345 894 5415 φίλων,
923 5345 1024 5396 οὐκ
1055 5342 1214 5396 αὐταὶ
1245 5341 1301 5392 αἱ
1330 5337 1423 5391 τοῦ
1455 5337 1606 5408 ήλίου
1635 5337 1851 5396 ἀκτῖνες
1876 5349 1888 5361 ·

313 5439 453 5498 ἀλλά
487 5441 581 5492 καὶ¹
606 5438 734 5507 παρ’
760 5434 923 5489 αὐτοῦ
964 5433 1056 5488 τοῦ
1093 5432 1268 5501 φωτὸς
1294 5427 1624 5500 ἐνοχλεῖσθαι
1647 5426 1898 5496 νομίζου-

317 5549 424 5595 σιν,
455 5531 556 5602 οὑχ
581 5532 711 5583 ὅταν
735 5529 884 5581 ἴδωσι
917 5523 1307 5598 μοιχευομένην
1332 5522 1430 5594 τὴν
1454 5521 1688 5590 γυναῖκα
1714 5517 1894 5587 μόνον,

314 5623 457 5680 ἀλλά
489 5621 594 5677 κᾶν
624 5619 809 5683 ἁπλῶς
850 5616 1216 5700 ὑποπτεύωσι.
1249 5612 1430 5666 Ταῦτα
1459 5609 1644 5681 νόμιζε
1671 5610 1762 5662 καὶ
1800 5608 1898 5679 τὴν

311 5715 552 5786 γυναῖκα
580 5711 838 5780 πάσχειν,
865 5698 992 5764 ὅταν
1041 5705 1252 5779 ἀκούσῃ
1293 5704 1422 5776 παρ’
1463 5699 1704 5764 ὁτουοῦν,
1739 5699 1772 5771 ἢ
1805 5698 1899 5753 καὶ

373 5845 398 5873 ¹¹
417 5842 503 5893 Sic
526 5839 644 5896 llas.
664 5841 720 5894 In
744 5841 888 5893 editis
901 5851 1016 5892 vero
1032 5839 1134 5896 πῶς
1155 5839 1277 5898 ἀηδῆ
1299 5837 1360 5887 τὰ
1379 5835 1522 5899 ποτὰ,
1542 5835 1708 5893 δηλητ.

953 392 1024 450 IN
1055 387 1288 448 ILLUD.
1321 375 1644 442 PROPTER
1675 363 2235 431 FORNICATIONES
2285 367 2602 434 UXOREM,
2637 361 2791 421 ETC.
2834 361 2876 418 1.

3409 357 3510 415 210

1941 477 2276 555 ὑποπτεύσῃ,
2295 483 2375 536 ὅτι
2406 482 2578 554 πόρνῃ
2599 482 2816 551 γυναῖκὶ
2843 480 3032 534 σαυτὸν
3056 482 3341 549 ἐξέδωκας.
3363 483 3513 540 Ταῦ-ι

1937 573 2006 615 τα
2033 561 2398 634 λογιζόμενος,
2438 566 2513 638 μή
2559 565 2660 628 τὰς
2697 566 2945 636 μοιχείας
2971 563 3139 634 φεῦγε
3163 566 3344 636 μόνον,
3377 567 3514 623 ἀλλὰ

1939 645 2034 696 καὶ
2065 646 2163 708 τὰς
2199 647 2433 716 ὑποψίας
2453 664 2466 678 ο
2493 647 2598 702 κᾶν
2628 649 2830 710 ἀδίκως
2865 649 3201 718 ὑποπτεύσῃ,
3243 649 3516 721 θεράπευ-

1941 743 2034 781 σον
2071 730 2166 781 καὶ
2205 732 2410 783 πεῖσον.
2447 731 2520 784 Οὐ
2547 732 2654 801 γὰρ
2691 731 2750 797 ἐξ
2789 731 3048 802 ἔχθραςῆ
3095 731 3372 797 ἀπονοίας,
3401 733 3516 788 ἀλλ’

1941 811 2050 865 ἀπὸ
2083 813 2409 883 κηδεμονίας
2435 815 2592 867 τοῦτο
2641 817 2818 876 ποιεῖ,
2855 815 2947 868 καὶ
2997 814 3092 868 τοῦ
3128 817 3333 886 σφόδρα
3367 816 3516 890 [201]

1941 894 2234 948 δεδοικέναι
2267 897 2396 967 περὶ
2421 897 2516 950 τοῦ
2560 899 2840 968 κτήματος
2865 899 2958 953 τοῦ
2989 901 3140 954 ἰδίου.
3181 903 3380 972 Κτῆμα
3411 902 3518 973 γάρ

1943 980 2114 1050 αὐτῆς
2167 981 2345 1044 ἐστιν,
2373 979 2561 1050 ὥσπερ
2594 980 2763 1051 ἔφθην
2797 981 2986 1044 εἰπὼν,
3015 983 3078 1036 τὸ
3122 985 3282 1054 σῶμα
3317 985 3378 1036 τό
3405 985 3516 1050 σὸν,

1945 1065 2037 1117 καὶ
2064 1063 2250 1134 κτῆμα
2278 1063 2386 1118 τῶν
2433 1063 2600 1118 ὄντων
2629 1067 2885 1120 ἁπάντων
2915 1068 3258 1139 τιμιώτερον.
3293 1070 3384 1140 Μὴ
3407 1069 3520 1122 τοί-

1945 1163 2040 1240 νυν
2073 1146 2244 1240 αὐτὴν
2273 1146 2414 1240 περὶ.
2435 1148 2504 1200 τά
2525 1149 2775 1240 ..μέγιστα
2803 1149 3086 1223 ἀδικήσῃς,
3123 1153 3262 1222 μηδέ
3301 1153 3520 1224 καιρίαν

1945 1229 2050 1299 δῷς
2094 1229 2192 1301 τὴν
2247 1229 2476 1301 πληγήν.
2523 1232 2588 1284 El
2636 1232 2744 1303 γὰρ
2800 1233 3014 1304 ἐκείνης
3066 1237 3520 1306 καταφρονήσεις,

1948 1313 2083 1366 ἀλλά
2108 1315 2200 1366 τὸν
2229 1313 2360 1366 Θεὸν
2408 1315 2701 1386 φοϐήθητι,
2735 1315 2824 1370 τὸν
2867 1317 3078 1370 ἔκδικον
3108 1320 3216 1372 τῶν
3245 1320 3521 1386 τοιούτων,

1945 1397 2038 1450 τὸν
2069 1397 2376 1470 ἀφορήτους
2421 1397 2669 1459 κολάσεις
2696 1401 2808 1461 τοῖς
2856 1401 3114 1466 τοιούτοις
3155 1404 3527 1475 ἀπειλήσαντα

1949 1481 2326 1550 ἁμαρτήμασι.
2363 1479 2483 1532 Τῶν
2525 1478 2634 1550 γὰρ
2687 1481 2908 1534 τοιαῦτα
2950 1483 3313 1554 τολμώντων,
3341 1489 3526 1557 φησὶν,

1961 1565 2016 1616 '0
2042 1563 2290 1630 σκώληξ
2315 1563 2387 1616 οὐ
2403 1563 2771 1630 τελευτήσει,
2809 1564 2906 1618 καί
2933 1565 3000 1618 τὸ
3028 1566 3147 1634 πῦρ
3173 1571 3244 1621 οὐ
3273 1572 3532 1640 σϐεσθή-

1951 1663 2140 1702 σεται.
2182 1648 2243 1699 Εί
2281 1647 2340 1699 δέ
2375 1647 2434 1699 οὑ
2483 1647 2689 1718 σφόδρα
2734 1665 2796 1700 σε
2821 1649 3006 1703 δάκνει
3032 1651 3100 1704 τὰ
3139 1651 3422 1722 μέλλοντα,
3461 1656 3531 1708 τά

1952 1733 2082 1802 γοῦν
2123 1732 2364 1803 παρόντα
2403 1748 2462 1784 σε
2499 1732 2753 1800 φοϐείτω.
2789 1733 2980 1786 Πολλοὶ
3011 1735 3145 1805 γοῦν
3168 1735 3277 1790 τῶν
3306 1737 3534 1810 πόρναις

1953 1819 2329 1889 προσεχόντων
2366 1819 2459 1870 καὶ
2501 1817 2736 1871 ἐνταῦθα
2795 1822 2956 1873 κακοὶ
3001 1822 3186 1885 κακῶς
3231 1823 3532 1892 ἀπώλοντο,

1954 1902 2272 1972 περιεργίας
2297 1901 2688 1971 ὑπομείναντες
2729 1902 2832 1956 ὑπὸ
2868 1903 2978 1958 τῶν
3009 1907 3418 1978 πορνευομένων
3445 1925 3537 1978 γυ-

1955 1986 2177 2040 ναικῶν.
2213 1986 2614 2040 Φιλονεικοῦσαι
2647 1987 2754 2059 γὰρ
2777 1991 2980 2043 ἐκεῖναι
3010 1991 3110 2062 τῆς
3135 1991 3231 2060 μὲν
3255 1993 3537 2046 συνοικού-

1958 2087 2057 2138 σης
2099 2069 2247 2139 αὐτῷ
2278 2070 2372 2122 καὶ
2404 2072 2875 2143 κατεγγυηθείσης
2909 2075 3220 2144 ἀποστῆσαι
3258 2079 3533 2145 γυναικὸς,

1955 2155 2033 2226 τῷ
2077 2155 2132 2207 δὲ
2166 2155 2344 2208 αὐτῶν
2387 2155 2548 2227 ἔρωτι
2595 2158 2896 2229 προσδήσαι
2946 2160 3148 2226 τέλεον,
3199 2163 3537 2232 μαγγανείας

1956 2239 2236 2309 ἐκίνησαν,
2256 2239 2350 2292 καὶ
2377 2240 2574 2313 φίλτρα
2599 2243 3028 2309 κατεσκεύασαν,
3061 2245 3153 2297 καὶ
3183 2245 3382 2308 πολλὰς
3405 2264 3538 2317 γοη-

1957 2323 2108 2385 τείας
2138 2323 2378 2394 ἒρῤαψαν
2406 2342 2416 2353 ·
2442 2321 2558 2378 εἶτα
2581 2324 2752 2389 οὕτως
2777 2329 2856 2389 είς
2893 2328 3203 2397 ἀρρωστίαν
3237 2329 3400 2382 αὐτὸν
3437 2331 3538 2401 ἐμ-

1959 2405 2217 2459 ϐαλοῦσαι
2261 2407 2522 2477 χαλεπὴν,
2555 2409 2650 2461 καὶ
2703 2409 2880 2478 φθορᾷ
2913 2409 3271 2478 παραδοῦσαι,
3302 2414 3396 2466 καὶ
3443 2431 3540 2484 τηε

1959 2490 2133 2545 κεδόνι
2160 2491 2365 2560 μακρᾷ,
2395 2488 2487 2542 καὶ⁴
2527 2491 2738 2562 μυρίοις
2768 2491 3159 2561 περιϐαλοῦσαι
3193 2498 3399 2560 κακοῖς,
3436 2497 3543 2550 ἀπ-

1961 2574 2196 2643 ήνεγκαν
2219 2571 2318 2641 τῆς
2342 2568 2622 2641 παρούσης
2644 2570 2809 2640 ζωῆς.
2836 2567 2898 2623 Εἰ
2927 2571 2999 2643 μὴ
3019 2573 3156 2644 φοϐῇ
3180 2574 3277 2644 τὴν
3295 2577 3539 2642 γέενναν,

1961 2656 2235 2725 ἄνθρωπε,
2278 2654 2374 2718 τὰς
2407 2656 2661 2726 γοητείας
2688 2655 2868 2709 αὐτῶν
2910 2657 3197 2729 φοϐήθητι.
3236 2661 3401 2712 Ὅταν
3433 2663 3544 2733 γὰρ

1963 2739 2158 2791 σαυτὸν
2184 2737 2270 2791 διὰ
2297 2739 2396 2808 τῆς
2422 2739 2708 2804 ἀσελγείας
2741 2739 2945 2810 ταύτης
2974 2741 3178 2811 ἔρημον
3200 2745 3431 2815 ποιήσῃς
3447 2745 3546 2816 τῆς

1963 2821 2058 2874 τοῦ
2114 2821 2248 2874 Θεοῦ
2307 2823 2659 2893 συμμαχίας,
2696 2825 2790 2876 καὶ
2843 2824 3139 2896 γυμνώσῃς
3201 2826 3398 2878 σαυτὸν
3447 2827 3545 2897 τῆς

1965 2906 2171 2960 ἄνωθεν
2208 2905 2478 2976 βοηθείας,
2509 2905 2750 2960 λαϐοῦσά
2786 2925 2844 2960 σε
2892 2909 3029 2978 μετά
3064 2909 3298 2982 ἀδείαςή
3347 2911 3545 2982 πόρνη,

1966 2989 2061 3043 καὶ
2094 2991 2222 3051 τοὺς
2254 2990 2423 3059 αὐτῆς
2459 2989 2737 3042 καλέσασα
2761 2989 3042 3062 δαίμονας,
3076 2993 3170 3045 καὶ¹
3221 2994 3290 3046 τὰ
3339 2994 3549 3048 πέταλα

1969 3071 2208 3143 ράψασα,
2225 3071 2432 3134 καὶτὰς
2458 3071 2746 3136 ἐπιϐουλὰς
2779 3075 3150 3148 ἐργασαμένη,
3186 3077 3322 3146 μετά
3350 3077 3548 3148 πολλῆς

1967 3157 2066 3226 τῆς
2106 3154 2354 3218 εὐκολίας
2383 3156 2722 3226 περιγίνεταί
2754 3174 2846 3209 σου
2887 3158 2984 3228 τῆς
3017 3160 3308 3230 σωτηρίας,
3347 3160 3550 3225 ὄνειδός

1972 3255 2030 3290 σε
2063 3239 2156 3292 καὶ
2206 3239 2419 3306 γέλωτα
2462 3239 2569 3292 τῶν
2620 3238 2713 3308 τὴν
2752 3239 2906 3292 πόλιν
2952 3241 3245 3296 οἰκούντων
3293 3243 3551 3298 ἁπάντων

1971 3323 2381 3392 καταστήσασα,
2405 3321 2544 3375 ὥστε
2579 3323 2712 3394 μηδέ
2735 3321 3000 3377 ἐλεεῖσθαι
3026 3325 3213 3380 κακῶν
3253 3328 3545 3398 πάσχοντα.

1977 3409 2072 3471 Τίς
2119 3405 2226 3478 γὰρ
2255 3405 2514 3472 ἐλεήσει,
2557 3407 2742 3477 φησὶν,
2784 3407 3069 3461 ἐπαοιδὸν
3109 3411 3470 3478 ὀφιόδηκτον
3501 3414 3550 3477 b,

1971 3493 2070 3540 καὶ
2109 3487 2338 3552 πάντας
2370 3487 2512 3551 τοὺς
2554 3493 2971 3558 προσάγοντας
3004 3492 3272 3559 θηρίοις;
3309 3495 3553 3564 Παρίημι

1973 3572 2071 3642 τὴν
2100 3571 2207 3623 τῶν
2225 3571 2522 3642 χρημάτων
2543 3569 2764 3642 ζημίαν,
2783 3571 2880 3636 τὰς
2899 3574 3039 3644 καθη
3049 3591 3113 3644 με
3123 3575 3272 3646 ρινάς
3297 3577 3552 3646 ὑποψίας,

1975 3656 2064 3708 τὸν
2093 3654 2281 3724 τῦφον,
2319 3655 2416 3725 τὴν
2452 3654 2746 3718 ἀπόνοιαν,
2789 3655 2888 3726 τὴν
2933 3655 3090 3727 ὓϐριν
3123 3658 3221 3730 τήν
3254 3661 3406 3730 παρά
3449 3661 3556 3714 τῶν

1976 3738 2190 3809 πορνῶν
2212 3737 2500 3809 γινομένην
2537 3737 2619 3802 είς
2654 3739 2779 3802 τούς
2805 3741 3084 3810 ἀνοήτους,
3117 3741 3152 3795 ἀ
3175 3742 3420 3796 θανάτων
3456 3761 3558 3814 μυ-

1980 3826 2109 3896 ρίων
2135 3825 2252 3876 ἐστὶ
2291 3823 2610 3894 πικρότερα.
2645 3823 2756 3876 Καὶ
2785 3823 2882 3894 τὴν
2913 3826 3012 3895 μὲν
3033 3830 3267 3894 γυναῖκα
3297 3829 3556 3892 πολλάκις

1977 3912 2098 3965 οὐδὲ
2130 3909 2267 3982 βαρὺ
2315 3911 2466 3981 ῥῆμα
2494 3909 2753 3963 εἰποῦσαν
2783 3912 2883 3964 οὐκ
2908 3913 3166 3982 ἧνεγκας,
3205 3914 3304 3984 τὴν
3327 3915 3386 3967 δὲ
3419 3916 3556 3986 πόρ-

1979 4016 2078 4071 νην
2112 3999 2204 4051 καὶ
2249 3999 2586 4070 ραπίζουσαν
2639 4003 2981 4069 προσκυνεῖς.
3023 4002 3132 4054 Καὶ
3167 4002 3266 4054 οὐκ
3294 4001 3554 4074 αἰσχύνῃ,

1980 4089 2100 4140 οὐδέ
2136 4086 2557 4158 ἐρυθριᾷς,οὑδέ
2583 4085 2717 4158 εὔχῃ
2746 4087 3024 4158 διαστῆναί
3053 4106 3134 4142 σοι
3153 4089 3252 4160 τήν
3271 4091 3402 4160 γῆνς
3436 4090 3560 4154 Πῶς

1980 4175 2182 4246 δυνήσῃ
2223 4177 2302 4238 εἰς
2351 4175 2648 4244 ἐκκλησίαν
2677 4175 2957 4240 εἰσελθεῖν,
2999 4177 3094 4230 καὶ
3125 4175 3223 4242 τὰς
3249 4181 3436 4249 χεῖρας
3479 4179 3560 4242 εἰς

1955 4261 2073 4331 τὸν
2105 4261 2332 4330 οὐρανὸν
2365 4263 2641 4315 ἀνατεῖναι
2675 4279 2690 4328 ;
2726 4261 2864 4332 ποίῳ
2912 4263 3142 4334 στόματι
3194 4265 3419 4319 καλέσαι
3469 4266 3561 4318 τὸν

1983 4350 2136 4414 Θεὸν,
2158 4343 2202 4416 ᾧ
2234 4348 2330 4420 τὴν
2364 4349 2570 4419 πόρνην
2598 4349 2898 4418 ἐφίλησας;
2925 4351 3032 4403 Καὶ
3063 4352 3120 4403 οὐ
3150 4351 3411 4417 δέδοικας,
3441 4351 3563 4405 οὐδέ

1986 4439 2228 4509 φρίττεις
2244 4477 2258 4501 ,
2281 4433 2402 4487 είπέ
2431 4451 2540 4504 μοι,
2565 4436 2638 4505 μή
2663 4453 2791 4488 ποτε
2823 4439 3064 4508 σκηπτὸς
3085 4438 3290 4491 ἀνωθεν
3323 4437 3564 4508 ἐνεχθεῖς

1986 4525 2297 4604 καταφλέξῃ
2325 4524 2420 4593 τὴν
2461 4522 2812 4592 ἀναίσχυντόν
2842 4541 2937 4576 σου
2969 4525 3251 4595 κεφαλήν;
3292 4525 3412 4580 Κάν
3457 4527 3565 4598 γὰρ

1986 4616 2084 4686 τὴν
2114 4617 2348 4683 γυναῖκα
2386 4613 2554 4683 λάθῃς
2582 4611 2682 4682 τὴν
2732 4612 3088 4684 ἡδικημένην,
3123 4611 3258 4668 ἀλλά
3295 4613 3386 4666 τὸν
3421 4613 3568 4666 ἀκοί-

1992 4721 2160 4774 μητον
2207 4701 2482 4771 ὀφθαλμὸν
2520 4701 2580 4752 οὐ
2619 4698 2758 4773 λήσῃ
2797 4697 2959 4752 ποτέ’
2991 4699 3112 4752 ἐπεὶ
3147 4702 3242 4753 καὶ
3281 4701 3359 4771 τῷ
3393 4701 3566 4772 μοιχῷ

1991 4795 2181 4866 ἐκείνῳ
2202 4793 2278 4864 τῷ
2311 4793 2541 4861 λέγοντι,
2570 4791 2794 4856 Σκότος
2831 4792 3036 4856 κύκλῳ
3061 4810 3181 4861 μου
3210 4794 3307 4846 καὶ
3357 4793 3565 4862 τοῖχοι,

1990 4887 2048 4941 τι
2079 4884 2476 4954 εὐλαϐοῦμαι;
2507 4882 2903 4951 ἀντεφθέγξατο
2933 4885 2962 4936 ό
2993 4883 3151 4952 σοφὸς
3176 4885 3402 4947 ἐκεῖνος,
3427 4883 3568 4938 οὑτω

1990 4973 2164 5042 λέγων
2181 4991 2194 5004 ·
2215 4971 2336 5026 Ὅτι
2366 4971 2656 5040 ὀφθαλμοὶ
2672 4971 2893 5038 Κυρίου
2914 4971 3366 5040 μυριοπλασίως
3388 4971 3568 5038 ἡλίου

1993 5061 2424 5132 φωτεινότεροι,
2453 5059 2793 5123 ,βλέποντες
2826 5061 2912 5124 εἰς
2939 5058 3012 5110 τὰ
3033 5058 3175 5126 ἔργα
3204 5055 3321 5110 τῶν
3346 5057 3570 5124 ἀνθρώ·-

1993 5167 2141 5206 πων.
2167 5149 2264 5202 Διά
2291 5149 2448 5201 τοῦτο
2489 5147 2553 5219 δὴ
2599 5149 2775 5201 πάντα
2811 5146 2838 5196 ὁ
2889 5145 3098 5208 Παῦλος
3139 5145 3357 5213 έλεγεν·
3397 5147 3572 5198 "Exa-

1995 5255 2139 5304 στος
2166 5238 2280 5303 τὴν
2308 5235 2523 5290 ἑαυτοῦ
2553 5235 2808 5304 γυναῖκα
2847 5232 3048 5302 ἐχέτω,
3074 5233 3172 5284 καὶ
3207 5231 3434 5298 ἑκάστη
3466 5233 3575 5284 τὸν

1997 5325 2151 5380 ἴδιον
2191 5325 2379 5392 ἄνδρα
2415 5325 2628 5394 ἐχέτωο
2657 5321 2732 5389 τῇ
2767 5319 3004 5390 γυναικὶ
3032 5322 3064 5372 ὁ
3089 5318 3244 5387 ἀνὴρ
3271 5321 3384 5386 τὴν
3419 5321 3576 5387 ὀφει-

1994 5414 2261 5485 λομένην·
2291 5417 2536 5468 εῡνοιαν
2584 5409 2933 5472 ἀποδιδότω,
2969 5408 3182 5476 ὁμοίως
3215 5408 3312 5459 καί
3351 5407 3388 5473 ἡ
3419 5406 3573 5472 γυνὴ

1998 5505 2078 5572 τῷ
2112 5505 2305 5572 ἀνδρί.
2333 5505 2482 5557 Μέλι
2515 5499 2832 5560 ἀποστάζει
2873 5497 2990 5552 ἀπὸ
3022 5495 3269 5566 χειλέων
3289 5495 3578 5566 γυναικὸς

1999 5597 2261 5664 πόρνης,
2295 5592 2332 5660 ἣ
2389 5592 2538 5659 πρὸς
2587 5589 2794 5656 καιρὸν
2825 5589 3090 5642 λιπαίνει
3123 5586 3242 5640 σόν
3280 5586 3574 5654 φάρυγγα,

1999 5685 2258 5751 ὕστερον
2287 5679 2441 5753 [20'2]
2457 5678 2663 5748 μέντοι
2692 5677 3041 5746 πικρότερον
3069 5672 3260 5744 χολῆς
3277 5673 3576 5744 simiam;

2066 5830 2094 5871 δ
2117 5829 2230 5878 MSS.
2252 5836 2378 5876 unus
2403 5821 2692 5886 έχιὸδηκτον.
