4058 6258
242 347 353 403 217

245 462 341 514 hct
366 457 611 513 osculum
635 455 950 519 meretricis,
987 468 1249 509 venenum
1278 454 1448 511 latens
1475 464 1530 512 et
1566 455 1848 509 abscondi-

244 561 384 607 tum.
416 548 525 603 Cur
566 549 729 618 igitur
755 546 1110 602 damnandam
1138 546 1472 616 persequeris
1502 546 1844 616 voluptatem,

242 659 368 713 qua:
394 643 615 697 exitium
637 642 795 711 parit,
816 656 932 709 qua:
954 639 1161 709 plagam
1187 638 1349 695 infert
1369 638 1841 703 immedicabilem,

244 746 371 786 cum
400 732 656 788 obiectari
713 731 905 800 possis,
933 739 988 785 et
1037 730 1241 785 nullum
1288 730 1486 784 malum
1534 729 1847 784 incurrere?

248 824 383 878 Cum
416 824 583 878 libera
612 833 664 877 et
715 823 937 878 honesta
968 822 1192 878 muliere
1221 823 1377 878 simul
1404 823 1642 891 voluptas
1685 831 1767 876 est
1794 830 1849 877 et

249 917 533 981 securitas,
573 925 629 970 et
651 915 936 970 delectatio
972 924 1024 970 et
1072 915 1263 982 honor,
1294 924 1349 970 et
1376 926 1597 969 ornatus
1630 923 1685 970 et
1709 914 1847 969 bona

249 1007 582 1062 conscientia
621 1025 635 1061 :
688 1007 794 1063 illic
836 1016 1015 1061 autem
1050 1007 1313 1062 acerbitas
1366 1007 1552 1071 multa,
1595 1007 1847 1060 damnum

251 1101 499 1163 multum,
542 1100 812 1154 accusatio
866 1109 1143 1168 perpetua.
1195 1098 1449 1165 Quamvis
1495 1098 1640 1152 enim
1669 1097 1848 1151 nullus

253 1193 529 1247 hominum
561 1191 784 1255 viderit,
817 1206 1102 1259 numquam
1134 1198 1310 1244 tamen
1337 1204 1591 1244 accusare
1620 1198 1674 1243 te
1701 1189 1847 1242 desi-

251 1293 344 1337 net
367 1282 693 1337 conscientia
715 1299 729 1338 :
748 1281 839 1335 sed
868 1295 1202 1349 quocumque
1224 1280 1549 1349 perrexeris,
1582 1290 1633 1334 te
1658 1294 1848 1348 seque-

252 1381 340 1427 tur
363 1387 644 1437 accusans,
677 1382 731 1427 et
761 1386 948 1441 magna
975 1386 1107 1425 voce
1131 1379 1182 1425 te
1222 1384 1547 1439 persequens
1574 1378 1851 1423 accusator

254 1465 375 1518 iste.
403 1464 586 1533 Itaque
612 1463 655 1515 si
695 1464 814 1530 quis
852 1463 1176 1529 voluptatem
1222 1469 1492 1522 sectetur,
1522 1460 1566 1513 is
1592 1474 1848 1528 congres-

251 1569 369 1607 sum
395 1570 516 1607 cum
545 1553 909 1607 meretricibus
940 1552 1100 1621 fugiat
1136 1552 1385 1605 maxime.
1422 1550 1560 1604 Nihil
1591 1550 1731 1605 enim
1760 1550 1849 1603 illa

251 1644 644 1699 consuetudine
685 1642 1045 1712 injucuudius,
1077 1642 1208 1696 nihil
1239 1642 1331 1696 illo
1364 1656 1649 1710 congressu
1679 1642 1849 1695 mole-

249 1737 410 1801 stius,
441 1735 571 1789 nihil
606 1734 843 1788 moribus
872 1734 1079 1787 illarum
1120 1732 1414 1787 sceleSIius.
1449 1731 1630 1784 (Servus
1675 1731 1852 1783 amici-

251 1831 355 1892 tite,
401 1839 448 1882 et
494 1829 666 1897 pullus
709 1828 988 1898 gratiarum
1016 1836 1218 1879 tuarum
1267 1823 1620 1894 confabuletur
1649 1833 1849 1876 tecum:

250 1922 367 1989 fons
398 1936 544 1989 aqute
572 1930 673 1973 tute
691 1920 753 1971 sit
785 1919 872 1972 tibi
901 1921 1016 1988 fons
1050 1915 1234 1981 (Prov.
1263 1917 1316 1971 5.
1348 1916 1433 1970 l9.
1462 1924 1507 1967 et
1540 1914 1607 1968 15
1630 1913 1668 1981 ).
1712 1913 1847 1967 Cum

249 2013 321 2066 sit
347 2013 438 2065 tibi
467 2010 587 2065 fons
616 2026 778 2079 purus
802 2051 817 2076 ,
846 2026 941 2064 cur
965 2010 1031 2063 ad
1067 2009 1238 2062 lacum
1266 2008 1374 2061 luto
1402 2007 1615 2077 plenum
1654 2007 1845 2068 curris,

248 2106 551 2171 gehennam
574 2102 805 2154 olentem
827 2109 881 2154 et
895 2100 1211 2169 supplicium
1236 2097 1503 2152 iuetl'abile
1520 2095 1542 2148 ?
1559 2110 1659 2165 qua
1683 2109 1848 2149 exeu-

249 2194 481 2254 satione.
512 2209 612 2263 qua
649 2194 803 2247 venia
831 2192 1021 2261 dignus
1045 2192 1244 2261 poteris
1279 2190 1481 2244 videri?
1508 2188 1562 2242 Si
1588 2189 1729 2242 enim
1758 2186 1849 2256 qui

249 2293 375 2337 ante
404 2293 732 2338 contractum
765 2282 1156 2337 matrimonium
1184 2290 1502 2345 scortantur,
1522 2294 1707 2349 puellas
1728 2294 1850 2333 sus-

250 2375 443 2439 tinent,
474 2385 527 2430 et
555 2375 816 2445 supplicio
845 2374 1167 2445 plectuntur,
1198 2374 1334 2427 sicut
1365 2373 1453 2427 ille
1499 2372 1586 2441 qui
1612 2369 1844 2424 sordidis

1468 343 1556 401 DE
1597 344 1888 401 LIBELLO
1928 345 2226 403 REPUDII.
2273 346 2336 404 ll.

3438 349 3540 405 iis

1952 464 2066 510 erat
2091 456 2421 512 vestimentis
2464 454 2697 520 indutus,
2732 455 2900 510 multo
2932 456 3100 524 magis
3127 454 3216 524 qui
3269 456 3545 510 matrimo-

1956 546 2046 602 nio
2082 555 2375 604 contracto.
2416 547 2616 617 Duplex
2667 548 2809 602 enim
2850 546 2972 601 inde
3012 560 3075 603 ac
3105 546 3297 616 triplex
3341 548 3544 603 crimen

1955 640 2147 704 oritur,
2202 649 2309 694 tum
2340 640 2462 709 quia
2508 654 2628 695 cum
2660 639 2865 695 deliciis
2896 638 3197 694 fruerentur
3225 681 3241 706 ,
3293 639 3358 694 ad
3389 639 3548 695 lasci-

1954 728 2093 782 viam
2123 728 2267 783 illam
2295 728 2657 797 prosilierunt,
2680 737 2788 782 tum
2819 728 2940 796 quia
2972 742 3077 783 nou
3105 728 3265 783 modo
3292 730 3548 783 scortatio

1955 834 2042 874 res
2068 819 2179 882 illa,
2204 819 2298 873 sed
2326 820 2486 873 etiam
2517 818 2837 873 adulterium
2868 828 3137 885 censetur,
3161 818 3301 889 quod
3330 829 3548 887 peccato

1954 913 2142 984 quovis
2164 920 2249 967 est
2267 913 2497 982 gravius.
2524 912 2649 967 Hmc
2679 913 2836 982 igitur
2866 920 2920 967 et
2951 913 3105 967 nobis
3131 923 3185 968 et
3234 912 3547 969 mulieribus

1957 1005 2225 1060 inculcare
2252 1021 2358 1059 non
2384 1005 2730 1060 desinamus:
2758 1021 2916 1073 quam
2943 1006 3103 1059 etiam
3128 1006 3196 1060 ob
3221 1020 3434 1061 causam
3464 1005 3549 1062 bis

1956 1095 2132 1149 verbis
2159 1097 2456 1150 orationem
2498 1096 2814 1150 concludam
2849 1113 2862 1148 :
2899 1094 3120 1163 Propter
3164 1098 3547 1167 fornicationem

1956 1186 2296 1255 unusquisque
2328 1203 2471 1239 suam
2513 1201 2721 1239 uxorem
2751 1186 2962 1251 habeat,
2990 1196 3036 1241 et
3062 1202 3370 1255 uuaquteque
3400 1203 3546 1241 suum

1956 1278 2116 1330 virum
2143 1278 2340 1331 habeat.
2377 1276 2536 1332 Uxori
2579 1278 2654 1330 vir
2676 1277 2891 1332 debitam
2920 1276 3310 1331 benevolentiam
3335 1277 3546 1339 reddat;

1956 1384 2085 1422 uxor
2113 1369 2341 1423 similiter
2367 1371 2491 1421 uiro.
2522 1366 2709 1426 Mulier
2735 1368 2813 1419 sui
2843 1368 3069 1436 corporis
3123 1378 3416 1422 potestatem
3445 1384 3546 1422 non

1956 1458 2125 1525 habet,
2153 1460 2240 1511 sed
2268 1458 2360 1511 vir.
2392 1458 2640 1512 Similiter
2664 1469 2832 1510 autent
2858 1468 2901 1510 et
2930 1464 3005 1512 uir
3038 1460 3117 1512 sui
3154 1460 3379 1527 corporis
3403 1469 3545 1529 pote.

1955 1557 2132 1602 uatem
2184 1564 2283 1601 non
2312 1548 2458 1600 habet
2490 1588 2503 1611 ,
2553 1548 2640 1601 sed
2684 1548 2954 1607 muliertl.
2997 1546 3115 1603 Cor.
3160 1548 3212 1603 7.
3240 1548 3378 1618 2-4).
3423 1549 3549 1605 ï¬‚are

1956 1641 2116 1696 verba
2143 1642 2381 1695 studiose
2427 1640 2683 1695 memoria
2734 1648 3000 1706 tenentes,
3049 1640 3183 1694 etin
3230 1639 3368 1706 foro,
3411 1649 3465 1694 ct
3494 1641 3547 1696 in

1954 1732 2160 1787 aedibus
2183 1775 2197 1795 ,
2224 1742 2279 1786 et
2308 1733 2559 1797 interdiu,
2587 1742 2640 1786 ct
2664 1732 2893 1800 vesperi,
2926 1740 2981 1786 et
3010 1731 3076 1785 ad
3125 1746 3387 1797 mensam,
3417 1743 3466 1785 ct
3493 1731 3547 1787 in

1958 1823 2116 1887 lecto,
2166 1834 2219 1878 et
2271 1824 2468 1893 ubique
2516 1824 2777 1886 locorum,
2810 1839 2929 1877 cum
2964 1824 3062 1892 ipsi
3110 1839 3170 1878 ea
3204 1823 3545 1889 meditemur,

1957 1925 2068 1970 tum
2118 1916 2368 1970 mulieres
2400 1916 2554 1969 nobis
2598 1916 2779 1969 dicere
2808 1924 2964 1983 atque
3002 1930 3033 1969 a
3064 1915 3216 1969 uobis
3240 1915 3423 1969 audire
3447 1916 3548 1967 duo

1956 2021 2189 2068 ceamus,
2220 2016 2277 2060 ut
2304 2022 2424 2061 cum
2457 2005 2595 2059 hanc
2625 2006 2784 2061 vitam
2809 2016 2957 2060 caste
2994 2005 3404 2068 traduxerimus,
3434 2019 3542 2058 cac-

1957 2097 2129 2150 lorum
2157 2098 2314 2149 etiam
2345 2113 2565 2166 regnum
2588 2111 3001 2166 consequamur,
3031 2097 3199 2165 gratia
3226 2106 3277 2150 et
3304 2096 3548 2165 benigni-

1957 2196 2063 2242 tate
2096 2188 2299 2242 Domini
2347 2188 2512 2241 nostri
2543 2187 2668 2243 Jesu
2713 2186 2949 2250 Christi,
2996 2202 3093 2256 per
3138 2202 3295 2255 quem
3340 2195 3541 2241 etcum

1956 2294 2060 2344 quo
2091 2277 2253 2345 Patri,
2301 2293 2404 2332 una
2433 2292 2553 2332 cum
2593 2276 2796 2347 Spiritu
2827 2286 3013 2330 sancto
3050 2276 3241 2347 gloria,
3269 2277 3320 2330 in
3351 2276 3545 2343 stccula

1949 2369 2289 2425 smculorum.
2325 2370 2513 2425 Anien.

1407 2596 1515 2667 IN
1566 2596 1897 2667 ILLUM
1942 2594 2330 2678 LOCUM,

246 2745 493 2787 HULIER
554 2745 860 2788 ALLIGATA
907 2745 1020 2787 EST
1064 2743 1207 2786 LEGI
1253 2742 1504 2795 QUANTO
1547 2742 1849 2784 TEMPORE
1916 2741 2183 2782 VIXEBIT
2226 2741 2333 2783 VIR
2379 2741 2529 2783 EJUS
2578 2742 2592 2780 Îµ

2642 2740 2696 2783 81
2746 2741 2959 2783 Î”Ï…Î¤Î•Îœ
3020 2739 3399 2794 DOBMIERIT,
3446 2742 3543 2784 Î¹Î¹-

328 2847 495 2889 Î’Î•Î’Î”
541 2846 654 2888 EST
700 2845 805 2888 CUI
839 2844 1152 2888 VOLUEBIT
1195 2844 1472 2896 NUBEBE,
1518 2841 1778 2883 TANTUM
1826 2840 1889 2882 IN
1934 2839 2201 2882 DOMINO.
2251 2839 2523 2881 BEATIOR
2569 2839 2786 2883 AUTEM
2833 2840 2947 2883 EST
2988 2839 3042 2882 SI
3086 2838 3178 2883 SIC
3215 2840 3535 2883 MANSERIT

332 2924 418 3003 (1.
454 2926 596 2989 Cor.
642 2927 703 2986 7.
752 2926 850 2985 39.
894 2923 973 2985 Ito
999 2923 1021 3003 )
1069 2932 1174 3002 (Î±).

1691 3073 2113 3129 "Ws

322 3195 375 3247 i.
398 3192 578 3260 Nuper
607 3191 761 3246 nobis
802 3192 987 3247 beatus
1020 3190 1216 3246 Paulus
1256 3189 1321 3246 de
1354 3189 1621 3259 conjugio,
1656 3188 1841 3257 conju-

246 3284 430 3355 giique
454 3284 662 3353 juribus
698 3283 866 3352 legem
910 3283 1045 3343 tulit,
1074 3281 1365 3337 Corinthiis
1410 3282 1487 3335 sic
1511 3280 1752 3335 scribens
1778 3294 1845 3341 ac

246 3376 434 3431 dicens
464 3392 477 3429 :
509 3375 586 3428 De
613 3376 792 3446 quibus
818 3384 990 3428 autem
1024 3374 1295 3444 scripsistis
1324 3374 1483 3438 mihi,
1515 3370 1713 3425 Bonum
1736 3386 1843 3425 esse

251 3468 442 3521 homini
498 3464 759 3520 mulierem
831 3481 931 3518 non
974 3475 1177 3534 tangere
1239 3480 1258 3517 :
1298 3473 1501 3534 propter
1551 3462 1843 3531 fornicatio-

248 3577 363 3613 nem
416 3568 606 3624 autem,
649 3574 793 3612 suam
836 3559 1046 3628 quisque
1098 3573 1313 3611 uxorem
1364 3554 1563 3613 habeat.
1607 3563 1651 3608 et
1691 3570 1840 3609 suum

244 3665 457 3718 quaeque
503 3649 667 3703 uirum
731 3648 910 3701 habeat
962 3648 1051 3719 (l.
1096 3646 1213 3702 Cor.
1253 3649 1306 3700 7.
1366 3647 1418 3700 1.
1482 3645 1581 3716 2).
1638 3645 1841 3713 Eapro-

245 3750 364 3810 pter
418 3750 473 3795 et
519 3754 616 3794 nos
687 3749 852 3795 tomm
906 3753 1209 3793 sermonem
1279 3737 1330 3791 in
1395 3736 1496 3790 hoc
1549 3736 1838 3803 insumpsi-

244 3844 407 3888 mus."
436 3833 611 3902 Itaque
657 3847 878 3887 necesse
901 3838 985 3886 est
1013 3830 1170 3885 hodie
1211 3829 1279 3884 de
1308 3829 1493 3884 eodem
1524 3835 1838 3898 argumento

245 3923 442 3977 iterum
463 3922 737 3976 vobiscum
764 3921 1053 3987 disserere,
1093 3919 1523 3990 quandoquidem
1553 3919 1619 3973 de
1644 3918 1835 3973 eodem

241 4018 404 4072 etiam
437 4018 550 4084 ipse
581 4016 773 4071 Paulus
813 4014 969 4069 hodie
998 4014 1232 4069 disserit.
1261 4012 1553 4067 Audivistis
1601 4012 1742 4067 enim
1776 4012 1838 4065 il-

242 4107 350 4160 lum
377 4107 720 4170 clamantem,
751 4121 814 4159 ac
833 4105 1137 4160 dicentem:
1168 4103 1359 4158 Mulier
1384 4104 1602 4175 alligata
1629 4112 1699 4157 est
1737 4103 1835 4174 legi

240 4206 430 4266 quanto
474 4206 697 4264 tempore
732 4196 910 4250 vixerit
938 4196 1013 4249 uir
1040 4196 1179 4249 illius
1208 4210 1228 4249 :
1256 4196 1300 4250 si
1326 4204 1496 4249 autem
1537 4194 1831 4248 obdormie-

244 4290 309 4341 rit
340 4288 418 4342 vir
466 4288 621 4352 illius,
678 4287 831 4342 libera
870 4297 942 4342 est
984 4288 1065 4341 cui
1093 4287 1301 4341 voluerit
1330 4287 1528 4354 nubere,
1562 4296 1755 4340 tantum
1781 4286 1834 4340 in

242 4378 467 4432 Domino
493 4394 513 4431 :
550 4378 743 4433 beatior
780 4388 945 4431 autem
975 4388 1046 4433 est
1079 4378 1124 4431 si
1168 4379 1240 4432 sic
1268 4379 1524 4443 manserit,
1559 4379 1835 4432 secundum

241 4484 408 4521 meum
434 4469 701 4521 consilium
734 4470 958 4537 :opinor
991 4478 1158 4523 autem
1206 4469 1340 4539 quod
1383 4477 1429 4522 et
1465 4484 1555 4538 ego
1582 4468 1834 4538 Spiritum

244 4554 340 4610 Dei
393 4558 622 4611 habeam.
683 4557 869 4630 (Ibid.
911 4573 963 4611 Ï….
1012 4557 1199 4613 59.40
1228 4559 1266 4628 ).
1323 4556 1621 4627 Sequamur
1677 4557 1835 4628 igitur

244 4646 393 4699 illum
413 4656 467 4701 et
484 4647 657 4713 hodie,
679 4656 732 4703 et
751 4648 819 4703 de
841 4649 939 4703 hac
954 4648 1323 4718 colloquamur
1339 4648 1586 4702 materia:
1606 4663 1837 4718 sequen-

243 4747 326 4793 tes
350 4738 493 4792 enim
515 4739 757 4804 Paulum,
791 4754 888 4809 per
905 4753 1028 4795 eum
1051 4748 1105 4793 et
1131 4736 1401 4793 Christum
1432 4738 1603 4807 ipsum
1640 4753 1832 4807 seque.

242 4846 386 4892 mur,
418 4846 485 4885 eo
504 4830 644 4901 quod
684 4831 775 4885 ille
803 4846 909 4885 non
940 4830 1303 4898 semetipsum,
1335 4829 1427 4883 sed
1447 4828 1718 4884 Christum
1739 4845 1834 4898 per

241 4921 423 4975 omnia
449 4936 679 4991 sequens
727 4922 959 4991 scripsit.
1016 4921 1302 4975 Enimvero
1358 4936 1463 4975 non
1490 4930 1574 4976 est
1601 4921 1833 4991 vulgaris

239 5027 352 5077 res,
385 5012 695 5082 conjugium
713 5013 851 5069 bene
875 5012 1222 5067 constitutum
1257 5030 1269 5064 :
1305 5012 1442 5066 sicut
1463 5013 1622 5066 etiam
1655 5013 1718 5066 iis
1743 5014 1830 5082 qui

230 5102 349 5168 illo,
409 5119 514 5156 non
573 5113 630 5157 ut
681 5114 909 5172 Oportet,
966 5113 1188 5160 utuntur
1226 5146 1241 5171 ,
1284 5107 1688 5160 innumerorum
1720 5121 1833 5159 nia-

240 5195 415 5249 lorum
450 5197 505 5250 iit
546 5199 789 5253 materia.
821 5199 954 5254 Nam
990 5200 1129 5256 sicut
1155 5198 1347 5254 mulier
1371 5200 1599 5269 adjutrix
1626 5210 1729 5264 est,
1760 5199 1829 5253 ita

238 5301 387 5357 saepe
407 5300 463 5343 et
488 5289 808 5346 insidiatrix.
838 5293 908 5347 Et
931 5293 1066 5347 sicut
1094 5301 1276 5364 portus
1302 5301 1386 5348 est
1412 5293 1734 5363 conjugium,
1761 5292 1831 5347 ita

237 5386 294 5432 et
325 5394 467 5449 ÎµÏ€ÏÏÎ¿
490 5382 817 5451 naufragium
844 5384 982 5453 parit
1015 5401 1029 5438 :
1053 5398 1157 5437 non
1185 5391 1372 5437 natura
1400 5400 1516 5447 sua,
1542 5383 1635 5438 sed
1653 5383 1832 5437 animo

237 5485 452 5536 eorum,
481 5471 570 5541 qui
612 5473 701 5527 illo
737 5474 876 5529 male
921 5483 1161 5528 utuntur.
1193 5474 1401 5528 Etenim
1424 5474 1513 5543 qui
1539 5473 1831 5528 secundum

236 5575 509 5632 congruas
552 5562 697 5633 leges
748 5563 876 5619 illud
930 5565 1199 5631 observat,
1248 5564 1463 5618 domum
1513 5570 1568 5619 et
1610 5578 1830 5618 uxorem

240 5667 421 5719 suam,
474 5662 535 5708 ut
561 5655 821 5711 malorum
853 5658 1087 5712 omnium
1111 5673 1229 5727 quae
1254 5658 1334 5713 vel
1385 5657 1440 5711 in
1466 5655 1601 5725 foro,
1625 5656 1709 5713 vel
1731 5656 1829 5712 ali-

300 5765 375 5826 (o)
398 5763 585 5816 Collata
608 5780 717 5817 cum
739 5776 846 5818 uss.
871 5768 1160 5821 Colbertinis
1178 5769 1273 5820 970
1297 5775 1350 5820 et
1377 5769 1509 5822 1050.

1952 3190 2072 3245 cubi
2095 3188 2403 3251 obveniant,
2423 3190 2829 3246 consolatricem
2852 3205 2914 3246 ac
2929 3191 3284 3247 liberatricem
3306 3193 3537 3262 reperit;

1947 3282 2035 3351 qui
2077 3291 2254 3336 autem
2286 3293 2485 3337 temere
2512 3292 2565 3337 et
2593 3283 2882 3353 vulgariter
2912 3284 3048 3339 hanc
3074 3300 3185 3339 rem
3212 3287 3534 3355 aggreditur,

1947 3372 2159 3426 etiamsi
2199 3373 2360 3427 multa
2380 3373 2432 3426 in
2465 3374 2580 3429 foro
2624 3384 2679 3429 et
2706 3374 2831 3429 alibi
2883 3376 3263 3444 tranquillitate
3294 3377 3534 3443 fruatur,

1949 3464 2222 3532 ingressus
2247 3463 2485 3525 domum,
2517 3466 2764 3534 scopulos
2793 3473 2848 3520 et
2877 3476 3057 3534 petras
3103 3466 3321 3522 videbit.
3353 3468 3534 3537 Itaque

1945 3554 2196 3624 quoniam
2226 3570 2331 3609 non
2362 3554 2431 3609 de
2458 3554 2619 3613 rebus
2663 3556 2971 3625 vulgaribus
3001 3556 3154 3611 nobis
3204 3567 3288 3612 est
3327 3560 3537 3627 pericu-

1947 3630 2077 3713 lum,
2104 3662 2282 3718 operte
2329 3649 2558 3718 pretium
2606 3647 2766 3703 fuerit
2810 3664 2932 3703 cum
2969 3648 3243 3719 diligentia
3274 3649 3431 3706 dictis
3457 3662 3538 3705 at-

1949 3740 2188 3802 tendere,
2217 3747 2272 3794 et
2296 3754 2513 3794 uxorem
2538 3740 2844 3804 ducturum,
2873 3740 3022 3808 juxta
3053 3740 3220 3807 Pauli,
3251 3741 3358 3796 imo
3381 3742 3530 3810 juxta

1945 3827 2138 3884 Christi
2164 3830 2309 3899 leges
2331 3846 2509 3900 agere.
2543 3829 2682 3885 Sane
2703 3831 2923 3897 scimus,
2951 3830 3091 3900 quod
3125 3833 3305 3886 multis
3335 3849 3530 3888 novum

1947 3933 2000 3979 et
2034 3925 2454 3993 inex5pectatum
2480 3923 2741 3979 videbitur
2755 3922 2898 3993 quod
2925 3924 3150 3978 dicimus
3175 3941 3189 3978 :
3217 3933 3273 3978 at
3294 3933 3536 3992 prepter-

1943 4030 2006 4070 ea
2049 4031 2156 4070 non
2186 4016 2374 4075 silebo,
2404 4016 2497 4070 sed
2553 4017 2781 4086 primum
2842 4016 3014 4086 legem
3058 4015 3209 4070 vobis
3258 4016 3451 4086 legam,
3481 4026 3536 4071 et

1942 4106 2065 4163 dein
2095 4108 2286 4178 legem,
2331 4124 2451 4178 qua:
2478 4109 2745 4164 contraria
2771 4108 3002 4175 videtur,
3050 4109 3258 4163 solvere
3285 4109 3528 4163 tentabo.

1944 4198 2106 4269 Igitur
2133 4215 2378 4269 quaenam
2416 4210 2499 4255 est
2528 4201 2608 4254 lex
2661 4201 2771 4263 illa,
2803 4216 2962 4271 quam
3012 4201 3167 4255 nobis
3212 4200 3404 4257 Paulus
3439 4216 3532 4270 poâ€”

1940 4291 2071 4345 suit?
2102 4290 2310 4354 Mulier,
2339 4292 2525 4360 iuquit,
2550 4290 2763 4362 alligata
2800 4301 2873 4345 est
2902 4291 3019 4363 legi.
3048 4292 3269 4361 Oportet
3291 4292 3449 4363 igitur
3475 4300 3533 4346 ut

1943 4382 2164 4437 minime
2211 4391 2508 4451 separetur,
2552 4383 2761 4437 vivente
2803 4384 2939 4448 viro,
2963 4399 3133 4453 neque
3155 4384 3316 4438 alium
3347 4399 3533 4454 super-

1940 4472 2155 4528 inducat
2192 4474 2462 4536 maritum,
2490 4487 2664 4540 neque
2694 4473 2957 4528 secundas
2995 4476 3206 4542 nuptias
3252 4474 3428 4528 adeat.
3458 4474 3529 4529 Et

1940 4564 2062 4618 vide
2088 4566 2284 4633 quanta
2314 4578 2434 4616 cum
2464 4562 2734 4631 diligentia
2781 4562 3062 4616 verborum
3110 4579 3239 4617 usus
3284 4565 3354 4617 sit
3403 4578 3528 4632 pro-

1941 4654 2184 4724 prietate.
2209 4652 2325 4708 Non
2356 4654 2497 4708 enim
2525 4653 2677 4720 dixit,
2719 4651 3001 4707 Cohabitet
3030 4653 3147 4707 viro
3183 4652 3358 4722 quoad
3387 4654 3528 4708 vixe-

1943 4746 2009 4800 rit
2029 4764 2044 4807 ;
2067 4745 2182 4811 sed,
2212 4745 2399 4800 Mulier
2422 4746 2633 4816 alligata
2662 4754 2732 4798 est
2763 4746 2860 4815 legi
2881 4755 3069 4814 quanto
3096 4754 3318 4814 tempore
3352 4746 3531 4801 vixerit

1939 4838 2015 4891 vir
2042 4838 2183 4891 illius
2208 4853 2229 4891 :
2252 4846 2410 4906 atque
2449 4837 2586 4890 adeo
2637 4835 2845 4890 etiamsi
2886 4834 3121 4889 libellum
3159 4837 3366 4904 repudii
3411 4837 3527 4903 det,

1938 4928 2146 4983 etiamsi
2192 4927 2410 4981 domum
2458 4927 2739 4996 relinquat,
2784 4925 2993 4980 etiamsi
3021 4924 3090 4980 ad
3137 4926 3298 4981 alium
3348 4926 3523 4994 abeat,

1939 5022 2042 5093 legi
2073 5021 2324 5077 adstricta
2348 5020 2692 5090 adulteraqne
2719 5029 2821 5077 est.

2012 5112 2132 5166 Non
2160 5114 2274 5166 licet
2312 5111 2632 5181 repudiatam
2656 5111 2859 5166 ducere.
2898 5110 3055 5182 Leges
3093 5120 3310 5166 externa:
3346 5112 3529 5165 divinas

1938 5205 2036 5275 legi
2055 5204 2255 5258 cedunt.
2276 5234 2347 5246 -â€”
2372 5203 2596 5271 Quando
2617 5204 2774 5274 igitur
2802 5204 2884 5258 vir
2908 5203 3103 5273 ejicere
3130 5204 3244 5257 vult
3271 5219 3522 5269 uxorem,

1939 5307 1993 5352 et
2022 5312 2155 5352 uxor
2186 5297 2485 5366 relinquere
2508 5296 2678 5351 virum
2700 5336 2716 5361 ,
2741 5295 2898 5365 hujus
2946 5308 3152 5348 memor
3180 5296 3250 5348 sit
3286 5295 3440 5358 dicti,
3474 5302 3529 5347 et

1938 5391 2162 5446 Paulum
2195 5399 2342 5460 putet
2383 5404 2505 5445 esse
2556 5398 2874 5459 praesentem
2896 5430 2911 5453 ,
2953 5397 3007 5443 et
3052 5386 3299 5458 persequi
3332 5401 3391 5441 se
3414 5385 3524 5439 cla-

1938 5483 2135 5538 mando
2182 5491 2237 5537 et
2280 5481 2507 5537 dicendo
2538 5498 2553 5537 :
2582 5481 2771 5535 Mulier
2815 5480 3057 5533 adstricta
3107 5487 3178 5532 est
3229 5477 3345 5549 legi.
3389 5475 3524 5531 Nam

1936 5574 2384 5646 quemadmodum
2416 5574 2555 5628 servi
2584 5572 2805 5642 fugitivi,
2834 5570 3039 5627 etiamsi
3059 5570 3274 5624 domum
3297 5568 3520 5624 herilem

1941 5667 2285 5736 relinquant,
2316 5672 2559 5719 catenam
2591 5678 2771 5718 secum
2802 5660 3021 5716 trahunt
3047 5677 3061 5711 :
3096 5660 3166 5714 ita
3194 5668 3248 5713 et
3275 5658 3528 5714 mulieres

1939 5757 2149 5817 etiamsi
2176 5773 2320 5815 vrros
2345 5756 2682 5827 relinquant,
2716 5753 2886 5826 legem
2932 5751 3129 5807 habent
3152 5765 3253 5822 pro
3295 5758 3482 5806 catena
3506 5785 3523 5813 ,
