4058 6258
620 286 726 344 εις

626 416 688 458 se
709 412 1113 473 persequentem
1157 412 1213 458 et
1247 405 1494 460 adulterii
1534 417 1868 464 accusantem
1890 453 1905 477 ,
1938 426 2199 467 accusan-

622 502 728 547 tem
769 495 926 548 etiam
967 509 1120 561 eum,
1149 496 1238 565 qui
1283 495 1526 563 duxerit,
1571 514 1634 554 ac
1674 500 1937 556 dicentem
1969 522 1982 556 :
2015 505 2202 560 Adhuc

619 595 861 652 superest
901 584 1158 648 maritus,
1213 595 1268 641 et
1320 588 1522 643 facinus
1573 591 1675 646 hoc
1728 592 2046 649 adulterium
2097 606 2200 650 est.

621 675 808 728 Mulier
848 676 981 728 enim
1024 676 1265 731 adstricta
1301 690 1373 733 est
1419 680 1546 751 legi,
1575 683 1742 750 quoad
1781 686 1960 740 vixerit
1993 688 2204 741 maritus

618 765 773 818 illius.
807 763 876 817 Et
895 767 1056 821 omnis
1071 768 1158 838 qui
1181 769 1437 824 dimissam
1455 772 1675 837 duxerit,
1697 776 1972 829 moechatur
1989 777 2198 848 (Matth.

617 858 672 911 5.
711 857 829 928 52).
877 859 1100 926 Quando
1145 861 1302 930 igitur
1340 863 1518 917 licebit
1569 864 1641 918 illi
1678 867 1941 921 secundas
1990 871 2201 937 nuptias

615 947 974 1003 contrahere?
1001 949 1248 1017 Quando?
1275 951 1420 1006 Tunc
1449 953 1535 1006 ubi
1566 969 1594 1006 a
1621 965 1805 1009 eatena
1836 957 2054 1011 liberata
2084 959 2198 1012 fuco

617 1039 724 1103 rit,
754 1041 969 1108 quando
997 1043 1080 1095 vir
1132 1043 1408 1097 morietur.
1441 1044 1552 1099 Hoc
1585 1046 1741 1115 igitur
1787 1049 2064 1103 declarans
2095 1067 2200 1105 non

615 1128 838 1193 addidit,
867 1129 1019 1198 Quod
1068 1133 1110 1185 si
1158 1142 1399 1187 mortuus
1431 1134 1585 1189 fuerit
1620 1137 1700 1190 vir
1727 1139 1892 1201 illius,
1927 1140 2090 1194 libera
2117 1151 2204 1197 est

615 1220 700 1273 cui
732 1221 958 1276 voluerit
981 1224 1180 1280 nubere
1207 1243 1220 1280 :
1249 1227 1365 1292 sed,
1393 1227 1454 1282 Si
1482 1238 1647 1282 autem
1667 1231 1925 1286 dorntierit
1948 1234 2020 1286 vir
2043 1235 2195 1299 illius,

614 1315 763 1381 quasi
794 1315 1079 1370 consolans
1106 1317 1316 1371 viduam
1340 1362 1354 1386 ,
1389 1331 1440 1374 et
1469 1323 1796 1390 persuadens
1823 1340 2038 1380 manere
2063 1328 2198 1395 apud

619 1406 850 1472 priorem
875 1447 888 1468 ,
916 1416 969 1461 et
1014 1422 1118 1461 non
1145 1408 1436 1478 adjungere
1457 1412 1750 1467 secundum
1781 1417 2048 1470 maritum.
2083 1418 2198 1471 Non

616 1506 856 1551 mortuus
882 1507 962 1552 est
987 1539 1002 1563 ,
1027 1499 1226 1568 inquit,
1254 1501 1334 1553 vir
1365 1511 1484 1555 tuus
1509 1543 1522 1567 ,
1549 1504 1642 1556 sed
1691 1504 2032 1561 obdormivit.
2073 1509 2200 1574 Quis

614 1587 968 1642 dormientem
998 1605 1102 1643 non
1135 1592 1492 1656 prmstolatur?
1517 1593 1805 1662 Propterea
1835 1597 1986 1662 dixit,
2021 1598 2078 1653 Si
2110 1617 2202 1652 au-

615 1686 711 1728 tem
737 1677 1012 1742 dormierit,
1043 1680 1198 1733 libera
1223 1691 1293 1734 est
1321 1683 1401 1734 cui
1431 1684 1643 1737 voluerit
1669 1686 1870 1740 nubere.
1902 1688 2014 1742 Non
2041 1690 2194 1754 dixit,

613 1765 825 1834 Nubat,
861 1778 913 1822 ut
945 1786 1010 1822 ne
1053 1771 1294 1825 videatur
1321 1773 1426 1826 vim
1461 1773 1635 1829 facere
1684 1788 1736 1832 et
1764 1793 1956 1848 cogere
1984 1797 1996 1833 :
2027 1796 2199 1849 neque

615 1858 887 1925 prohibuit
910 1861 1176 1915 volentem
1199 1864 1458 1919 secundas
1488 1869 1698 1934 nuptias
1724 1871 2042 1927 contrahere
2068 1890 2081 1925 :
2106 1888 2200 1927 nc-

611 1965 713 2018 que
736 1950 998 2005 nolentem
1023 1952 1333 2008 adhortatus
1363 1965 1463 2022 est,
1483 1959 1577 2012 sed
1602 1960 1769 2030 legem
1793 1963 1936 2032 legit,
1966 1964 2147 2019 dicens
2179 1981 2196 2022 :

612 2040 792 2094 Libera
842 2051 914 2095 est
953 2045 1035 2095 cui
1078 2045 1289 2098 voluerit
1323 2049 1523 2103 nubere.
1559 2051 1802 2106 Liberam
1848 2063 2022 2108 autem
2053 2057 2196 2110 illam

612 2142 732 2201 post
762 2134 855 2188 viri
897 2145 1119 2189 mortem
1153 2151 1272 2190 esse
1317 2137 1504 2193 factam
1536 2142 1750 2210 dicens,
1784 2147 2051 2212 ostendit,
2085 2163 2198 2203 ser-

613 2240 730 2280 vam
762 2243 877 2280 eam
909 2238 1064 2285 antea
1091 2235 1264 2291 adlmc
1291 2238 1499 2292 vivente
1528 2225 1717 2291 marito
1745 2239 1926 2302 fuisse;
1957 2255 2074 2309 qua:
2105 2257 2196 2295 au-

613 2326 720 2372 tem
745 2337 896 2375 serva
917 2333 1019 2386 est,
1041 2342 1102 2380 ac
1125 2328 1335 2382 subdita
1355 2330 1480 2399 legi,
1509 2330 1715 2384 etiamsi
1743 2332 1935 2384 millies
1959 2332 2196 2387 libellum

610 2410 814 2475 repudii
846 2414 1092 2483 accipiat,
1119 2416 1363 2472 adulterii
1409 2419 1660 2487 ligabitur
1688 2419 1824 2488 lege.
1870 2419 2002 2474 Nam
2029 2422 2196 2475 servis

515 2501 524 2508 '
609 2500 821 2568 quidem
857 2502 977 2556 licet
1005 2515 1211 2561 mutare
1251 2507 1497 2563 dominos
1526 2511 1795 2574 viventes,
1825 2511 1973 2564 uxori
2017 2520 2194 2564 autem

612 2607 716 2644 non
761 2593 942 2647 licebit
982 2595 1126 2649 viros
1167 2608 1525 2664 commutare,
1560 2600 1769 2653 vivente
1799 2615 1937 2652 suo:
1972 2614 2092 2652 nam
2144 2599 2194 2654 id

609 2683 924 2738 adulterium
955 2695 1119 2741 esset.
1165 2686 1241 2742 Ne
1272 2689 1399 2742 mihi
1431 2690 1574 2758 leges
1620 2689 1686 2744 ab
1713 2691 1914 2744 exteris
1953 2691 2196 2746 conditas

609 2773 772 2841 legas,
803 2777 1170 2844 prmeipientes
1213 2779 1323 2832 dari
1377 2779 1613 2833 libellum
1647 2780 1885 2847 repudii,
1917 2789 1970 2834 et
1993 2781 2192 2835 divelli.

606 2864 788 2935 Neque
815 2867 955 2920 enim
987 2867 1135 2936 juxta
1165 2868 1282 2922 illas
1305 2869 1637 2938 judicaturus
1674 2880 1754 2924 est
1787 2880 1838 2924 te
1867 2872 2007 2925 [)eus
2030 2873 2080 2924 in
2107 2872 2194 2926 die

608 2955 715 3016 illa,
744 2957 837 3010 sed
869 2957 1160 3012 secundum
1187 2975 1276 3012 eas
1298 3001 1312 3023 ,
1344 2975 1475 3029 quas
1499 2961 1610 3029 ipse
1646 2962 1847 3015 statuit.
1895 2961 2066 3016 Etiam
2097 2978 2197 3016 ex-

608 3056 774 3102 terna:
802 3049 946 3118 leges
975 3065 1082 3103 non
1110 3051 1442 3120 simpliciter,
1478 3067 1574 3106 nec
1602 3053 1845 3107 absolute
1873 3054 1971 3107 hoc
1997 3069 2190 3123 posue-

612 3146 738 3192 runt
767 3155 782 3192 :
813 3153 933 3192 nam
973 3147 1026 3192 et
1076 3141 1204 3207 ipsa:
1236 3141 1460 3209 puniunt
1490 3140 1683 3196 factum
1705 3182 1720 3208 ,
1750 3152 1802 3196 et
1834 3143 1956 3196 hinc
1998 3144 2190 3210 liquet,

610 3241 704 3281 cas
725 3237 1001 3295 peccatum
1032 3228 1183 3282 valde
1203 3244 1344 3297 argre
1371 3230 1572 3286 tulisse.
1606 3230 1754 3286 Unde
1779 3247 1895 3286 eam
1914 3272 1928 3296 ,
1955 3247 2072 3302 quae
2094 3249 2193 3286 au-

605 3327 724 3371 ctor
753 3315 909 3370 fuerit
939 3317 1144 3385 repudii
1167 3359 1180 3383 ,
1206 3319 1401 3373 nudam
1429 3329 1483 3373 et
1529 3321 1808 3390 spoliatam
1858 3321 2193 3379 facultatibus

605 3409 845 3478 ejiciunt,
877 3420 930 3463 et
959 3423 1082 3463 eum
1109 3425 1136 3462 a
1181 3425 1286 3480 quo
1314 3411 1433 3464 data
1465 3411 1622 3466 fuerit
1651 3412 2016 3467 dissolutionis
2040 3429 2194 3468 oeca-

605 3501 689 3556 sio
709 3542 723 3564 ,
755 3502 915 3555 etiam
972 3501 1277 3556 facultatum
1301 3503 1506 3572 jactura
1551 3505 1810 3573 puniunt,
1838 3515 1890 3559 et
1933 3520 2062 3560 sane
2092 3505 2193 3560 hoc

606 3590 882 3657 facientes,
911 3592 1105 3648 factum
1134 3594 1258 3648 illud
1284 3610 1387 3648 non
1417 3595 1881 3650 commendabant.

675 3683 730 3737 2.
758 3684 892 3751 Quid
926 3686 1108 3755 igitur?
1138 3687 1200 3740 Et
1227 3687 1400 3742 Moses
1419 3727 1433 3752 ,
1462 3690 1606 3743 aiunt
1631 3729 1647 3753 ,
1682 3688 1784 3743 hoc
1811 3690 1934 3742 fecit
1966 3705 1979 3741 :
2009 3698 2061 3742 et
2104 3689 2192 3752 illc

607 3785 829 3846 propter
869 3776 1112 3832 eamdem
1155 3778 1321 3846 ipsam
1353 3793 1590 3833 causam.
1621 3779 1700 3832 Tu
1730 3794 1858 3833 vero
1888 3779 2010 3832 audi
2033 3779 2191 3833 Chri-

605 3877 746 3920 stum
791 3866 1056 3923 dicentem
1083 3909 1098 3933 ,
1130 3867 1252 3922 Nisi
1291 3871 1621 3924 abundaverit
1639 3871 1845 3940 justitia
1885 3881 2044 3924 vestra
2076 3871 2192 3939 plus

604 3974 758 4027 quam
785 3957 1080 4013 Scribarum
1102 3969 1148 4012 et
1176 3959 1554 4014 Pharisaeorum
1573 4002 1588 4027 ,
1621 3979 1722 4015 non
1751 3963 2002 4015 intrabitis
2030 3963 2082 4015 in
2111 3979 2192 4015 re-

607 4065 758 4118 gnum
775 4051 1011 4103 caelorum
1031 4049 1243 4119 (Matth.
1268 4052 1321 4106 5.
1342 4052 1458 4119 20).
1475 4052 1609 4105 Audi
1638 4052 1785 4106 illum
1807 4068 1988 4107 rursus
2003 4055 2192 4108 dicen-

608 4152 714 4193 tem
746 4156 760 4191 :
793 4140 890 4204 Qui
916 4139 1161 4192 dimiserit
1189 4156 1396 4193 uxorem
1419 4157 1560 4195 suout
1579 4181 1594 4205 ,
1622 4151 1828 4212 excepta
1867 4159 2021 4196 causa
2045 4143 2194 4196 adul-

609 4230 721 4282 terii
742 4270 757 4293 ,
793 4231 913 4300 facit
962 4230 1108 4282 illum
1149 4231 1432 4285 adulteram
1473 4232 1584 4300 ﬁeri
1615 4248 1631 4284 .'
1659 4245 1705 4286 et
1734 4233 1822 4303 qui
1853 4234 2110 4288 dimissam
2140 4236 2191 4289 in

607 4336 817 4374 uxorem
857 4322 1090 4387 duxerit,
1131 4324 1331 4377 adulter
1356 4325 1411 4393 ﬁt
1442 4323 1653 4397 (Matth.
1695 4326 1750 4380 5.
1801 4325 1913 4391 52).
1967 4326 2192 4396 Propter

607 4412 710 4467 hoc
753 4412 900 4468 venit
947 4415 1251 4483 unigenitus
1279 4416 1445 4471 Filius
1487 4417 1618 4483 Dei,
1659 4429 1876 4486 propter
1925 4421 2025 4474 hoc
2050 4421 2189 4474 servi

609 4505 831 4560 formam
850 4508 1156 4576 assumpsit,
1177 4517 1390 4578 propter
1415 4508 1515 4563 hoc
1534 4510 1844 4578 sanguinem
1863 4511 2040 4564 elfudit
2075 4528 2194 4580 pre-

607 4597 834 4664 tiosum,
863 4608 1090 4656 mortem
1124 4599 1418 4666 destruxit,
1448 4610 1726 4671 peceatum
1775 4603 2057 4666 exstinxit,
2087 4604 2192 4658 lar-

605 4686 808 4756 giorem
826 4687 1056 4758 Spiritus
1082 4691 1302 4759 gratiam
1331 4691 1494 4754 dedit,
1529 4701 1586 4746 ut
1610 4693 1675 4747 ad
1699 4692 1867 4760 majus
1901 4703 1952 4748 te
1980 4695 2192 4764 sapien-

607 4779 695 4832 tiae
737 4779 971 4835 studium
1018 4781 1310 4837 induceret.
1345 4783 1490 4838 Alias
1540 4784 1700 4838 etiam
1749 4783 1922 4840 Moses
1967 4801 2073 4841 non
2121 4788 2189 4841 ita

607 4869 921 4940 simpliciter
945 4870 1117 4942 legem
1145 4872 1282 4928 hanc
1306 4873 1454 4939 tulit,
1487 4875 1581 4929 sed
1607 4889 1728 4929 cum
1755 4885 2039 4945 cogeretur
2068 4891 2189 4932 sese

605 4968 963 5028 attemperare
1005 4977 1190 5016 eorum
1234 4964 1426 5033 quibus
1470 4966 1635 5034 legem
1661 4965 1841 5032 dabat,
1873 4966 2185 5021 inﬁrmitati.

609 5050 742 5104 Nam
771 5053 1022 5120 quoniam
1053 5053 1116 5106 ad
1147 5053 1319 5108 caades
1345 5057 1573 5124 prompti
1603 5065 1776 5122 erant,
1803 5064 1858 5110 et.
1881 5056 2068 5112 domos
2095 5073 2187 5111 co-

605 5150 767 5210 gnato
789 5141 1068 5210 replebant
1095 5146 1349 5214 sanguine
1371 5187 1386 5211 ,
1418 5156 1470 5200 et
1499 5163 1670 5216 neque
1696 5149 1829 5213 suis,
1861 5164 2033 5219 neque
2058 5150 2190 5204 alie-

607 5234 689 5285 nis
733 5232 1052 5300 parcebant,
1082 5251 1148 5288 ne
1180 5235 1322 5289 intus
1363 5237 1669 5292 occiderent
1703 5254 1894 5294 uxores
1919 5281 1933 5307 ,
1962 5256 2080 5309 qua:
2103 5242 2186 5294 in-

603 5331 768 5390 gratae
796 5333 948 5378 erant
972 5365 985 5389 ,
1021 5328 1270 5395 praecepit
1313 5327 1453 5381 foras
1478 5329 1763 5385 mittendas
1783 5373 1796 5395 ,
1827 5346 1933 5402 quo
1977 5333 2187 5402 gravius

609 5413 835 5476 malum,
895 5427 1086 5484 nempe
1144 5417 1548 5473 homicidiorum
1608 5420 1829 5476 facilitas
1886 5423 2182 5478 tolleretur.

607 5503 747 5558 Sane
767 5505 905 5574 quod
930 5507 1206 5563 homicida».
1227 5509 1440 5576 fuerint,
1463 5511 1588 5566 audi
1611 5513 1896 5582 prophetas
1912 5514 2184 5570 dicentes:

609 5593 952 5662 Ai'diﬁcantes
982 5599 1109 5654 Sion
1137 5601 1189 5654 in
1227 5604 1490 5673 sanguine,
1519 5613 1564 5658 et
1593 5603 1878 5658 Jerusalem
1907 5607 1958 5658 in
1981 5607 2172 5676 injusti-

605 5686 684 5738 tiis
728 5686 910 5758 (Mich.
954 5691 1005 5744 3.
1064 5692 1192 5762 l0);
1225 5702 1277 5748 et
1316 5695 1508 5750 iterum
1542 5714 1554 5750 ε
1586 5695 1900 5767 Sanguinem
1939 5697 2178 5766 sanguini

1363 291 1421 347 S.
1459 291 1734 350 JOANNIS
1760 293 2231 354 CHRYSOSTOMI
2269 301 2587 361 ARCIIIEP.
2626 307 3151 374 CONSTANTINOP.

3737 349 3817 407 ςέο

2318 417 2524 471 miscent
2546 419 2697 489 (Osee
2744 425 2796 478 4.
2823 425 2900 497 2);
2933 439 2986 482 et
3016 432 3433 494 iterumzllanus
3451 454 3819 524 restrictangum

2315 508 2472 560 olente
2506 510 2524 580 (
2552 509 2658 565 Isai
2703 515 2752 566 l.
2786 518 2851 570 15
2871 519 2912 585 ).
2948 519 3011 572 Ει
3040 521 3180 590 quod
3219 539 3321 579 non
3341 530 3503 585 solum
3527 508 3818 600 contra

2313 614 2447 664 nos,
2505 602 2596 655 sed
2648 605 2806 659 etiam
2862 620 3045 665 contra
3089 628 3216 668 suos
3261 619 3552 691 saevierint,
3579 628 3640 682 ita
3680 641 3819 690 mani-

2310 687 2509 750 festans
2553 696 2806 762 propheta
2865 697 3074 755 dicebat
3117 722 3132 757 :
3167 687 3547 766 Immolaveruut
3585 719 3700 785 ﬁlios
3729 687 3819 781 suos

2309 789 2352 831 et
2395 781 2530 847 ﬁlias
2581 800 2699 838 suas
2741 786 3004 844 dieutouiis
3034 790 3202 863 (Psal.
3245 797 3365 853 105.
3415 803 3520 874 57).
3548 781 3635 872 Qui
3677 826 3818 873 autem

2310 884 2413 972 non
2447 875 2731 940 parcebant
2779 877 2990 944 liberis,
3024 884 3203 954 utique
3252 903 3346 943 nec
3387 896 3618 952 uxoribus
3663 917 3820 974 peper.

2307 962 2524 1017 cissent.
2562 965 2628 1021 Ut
2672 983 2739 1023 ne
2785 970 2962 1040 itaque
2993 972 3093 1029 hoc
3117 978 3417 1047 accideret,
3446 983 3562 1038 illud
3605 962 3816 1057 permisit.

2379 1051 2732 1122 Inseparabile
2773 1062 3150 1118 matrimonium
3175 1067 3238 1120 ab
3271 1069 3431 1122 initio.
3459 1103 3524 1112 —
3541 1051 3822 1150 Quapropter

2306 1151 2360 1196 et
2393 1143 2636 1201 Christus
2685 1147 2884 1204 Judaeis
2915 1155 3240 1222 rogantibus,
3283 1169 3338 1212 et
3379 1143 3660 1224 dicentibus
3681 1143 3823 1236 :Quoo

2307 1233 2456 1331 modo
2527 1237 2684 1306 igitur
2733 1239 2902 1295 Moses
2973 1248 3202 1313 permisit
3245 1250 3368 1304 dare
3414 1254 3619 1310 libellunt
3665 1233 3823 1331 repudii

2311 1321 2519 1384 (Matth.
2551 1328 2636 1382 t9.
2661 1329 2750 1400 7)?
2785 1334 3070 1389 ostendens
3098 1339 3238 1406 quod
3288 1357 3390 1394 non
3418 1321 3823 1408 contrariaut'sute

2307 1413 2474 1483 legem
2500 1415 2675 1472 ferens
2715 1421 2784 1474 ita
2829 1425 3121 1494 scripserit,
3155 1429 3296 1484 dixit
3329 1450 3342 1484 :
3371 1433 3526 1488 Moses
3557 1439 3691 1508 jtta‘ta
3713 1444 3826 1497 duri-

2305 1505 2425 1557 tiam
2452 1507 2617 1560 rordis
2641 1513 2786 1564 vestri
2807 1512 3043 1581 loquutus
3069 1529 3175 1582 est,
3203 1521 3264 1572 ab
3286 1522 3426 1576 initio
3453 1537 3606 1580 autent
3639 1547 3721 1584 non
3743 1544 3826 1588 erat

2304 1594 2376 1647 sic
2405 1595 2562 1667 (Ibid.
2588 1615 2633 1654 v.
2661 1601 2718 1670 8)
2743 1616 2756 1666 ;
2786 1604 2874 1655 sed
2899 1607 2985 1674 qui
3005 1607 3124 1676 fecit
3149 1609 3210 1662 ab
3241 1612 3406 1680 initio,
3433 1619 3687 1673 masculum
3708 1634 3743 1674 et
3769 1629 3826 1693 fe-

2304 1689 2493 1741 minam
2518 1690 2634 1758 fecit
2661 1693 2777 1747 illos
2809 1694 2913 1766 (Ib.
2938 1713 2985 1750 v.
3010 1700 3086 1768 4).
3116 1701 3171 1755 Si
3203 1702 3305 1758 hoc
3333 1705 3522 1760 bonum
3556 1709 3731 1776 fuisset,
3760 1689 3825 1770 in-

2303 1781 2435 1848 quit,
2467 1797 2570 1836 non
2619 1801 2779 1840 unum
2819 1789 2988 1844 virum
3033 1801 3087 1846 et
3117 1810 3274 1849 unam
3324 1799 3585 1854 mulierem
3610 1802 3821 1870 fecisset,

2304 1873 2397 1927 sed
2447 1891 2552 1931 uno
2590 1877 2758 1932 Adam
2806 1882 3020 1936 Condito
3064 1885 3197 1939 duas
3247 1887 3458 1944 fecisset
3510 1894 3756 1958 mulieres,
3790 1900 3824 1952 si

2304 1963 2516 2032 quidem
2563 1967 2820 2022 voluisset
2863 1987 3021 2025 unam
3055 1975 3268 2044 quidem
3301 1980 3419 2047 ejici
3443 2022 3457 2044 ,
3505 1981 3703 2037 alteram
3725 2000 3825 2039 vero

2306 2053 2520 2121 induci;
2557 2072 2695 2112 nunc
2720 2075 2850 2113 vero
2873 2060 2988 2130 ipso
3025 2063 3362 2120 lormationis
3411 2070 3561 2124 modo
3589 2073 3736 2140 legem
3764 2075 3828 2126 in-

2301 2145 2472 2212 duxit,
2505 2164 2660 2216 quam
2690 2165 2790 2219 ego
2835 2168 2976 2206 nunc
3025 2157 3223 2210 scribo.
3272 2158 3345 2211 Et
3383 2176 3610 2228 quaenam
3633 2172 3706 2216 est
3732 2165 3830 2218 illa?

2302 2235 2427 2290 llaec
2453 2238 2663 2308 utique,
2707 2241 2831 2294 Eam
2863 2243 2962 2296 sibi
3005 2246 3229 2316 quisque
3259 2265 3481 2304 uxorem
3535 2263 3693 2306 servet
3716 2269 3832 2308 sem-

2303 2342 2416 2396 per,
2447 2345 2603 2396 quam
2660 2331 2809 2386 initio
2861 2335 3080 2389 sortitus
3132 2347 3231 2391 est.
3285 2341 3413 2394 llaec
3463 2343 3540 2397 lex
3591 2345 3831 2414 antiquior,

2302 2435 2459 2487 quam
2489 2422 2575 2475 illa
2621 2423 2688 2476 de
2720 2424 2899 2480 libello
2930 2429 3154 2498 repudii,
3185 2441 3238 2485 et
3282 2443 3454 2494 tanto,
3481 2445 3662 2505 quanto
3697 2438 3834 2491 Adam

2301 2508 2418 2578 ipso
2449 2511 2611 2567 Mose.
2663 2516 2725 2568 Et
2757 2516 2954 2574 idcirco
2985 2536 3125 2575 nunc
3154 2523 3285 2576 nihil
3319 2541 3515 2580 novum
3553 2538 3726 2593 sector,
3751 2545 3829 2582 ne-

2300 2614 2404 2667 que
2445 2605 2719 2673 peregrina
2761 2607 2925 2662 allero
2969 2609 3181 2666 decreta
3209 2655 3222 2677 ,
3255 2617 3354 2669 sed
3400 2617 3538 2673 Mese
3583 2621 3832 2689 antiquiora

2299 2698 2353 2743 et
2382 2692 2576 2760 priora.
2609 2694 2799 2764 Operae
2852 2708 3028 2754 autem
3071 2704 3295 2770 pretium
3354 2705 3504 2761 fuerit
3540 2718 3590 2762 et
3614 2709 3748 2762 Mosis
3771 2710 3833 2762 le~

2297 2795 2416 2848 gem
2451 2782 2612 2849 illam,
2642 2802 2797 2854 quam
2829 2787 2895 2842 de
2942 2790 3039 2844 hac
3067 2808 3124 2846 re
3159 2796 3377 2862 posuit,
3409 2798 3584 2852 audire
3608 2819 3619 2851 :
3641 2799 3831 2869 Siquis,

2301 2871 2506 2941 inquit,
2538 2879 2783 2944 acceperit
2842 2896 3046 2933 uxorem
3071 2924 3084 2946 ,
3127 2893 3172 2935 et
3211 2884 3504 2940 habitaverit
3545 2905 3646 2940 cum
3685 2890 3835 2945 illam

2299 2963 2414 3028 erit,
2443 2963 2604 3017 sinon
2627 2965 2864 3019 invenerit
2897 2971 3112 3038 gratiam
3133 2989 3302 3025 coram
3334 2975 3424 3028 illo
3444 3016 3457 3037 ,
3485 2978 3595 3047 quia
3619 2979 3778 3030 invenit
3796 2977 3834 3029 in

2298 3052 2389 3105 illa
2441 3055 2768 3124 turpitudinis
2799 3075 2941 3124 rem,
2973 3063 3154 3116 scribet
3198 3066 3275 3118 illi
3315 3067 3534 3122 libellum
3571 3069 3774 3137 repudii,
3798 3079 3835 3122 et

2298 3143 2435 3197 dabit
2479 3146 2530 3199 in
2571 3164 2752 3202 manus
2800 3151 2907 3220 ejus
2930 3151 3104 3220 (Deut.
3131 3153 3221 3208 2i.
3254 3157 3337 3224 1).
3367 3157 3513 3222 Vide,
3553 3175 3647 3213 non
3693 3159 3830 3223 dixit,

2297 3230 2524 3288 Scribito
2555 3244 2610 3290 et
2637 3237 2782 3303 dato,
2810 3241 2900 3293 sed
2920 3229 3072 3310 quid?
3098 3243 3291 3299 Scribet
3316 3248 3396 3300 illi
3415 3250 3627 3303 libellum
3645 3250 3832 3318 repudii,

2297 3332 2344 3374 et
2381 3324 2520 3377 dabit
2563 3326 2614 3378 in
2642 3344 2820 3381 manus
2846 3332 2974 3400 ejus.
3025 3332 3268 3402 Magnum
3311 3347 3488 3392 autem
3533 3339 3660 3392 inter
3686 3339 3772 3392 hoc
3793 3347 3837 3390 et

2299 3412 2426 3467 illud
2452 3415 2737 3470 discrimen
2764 3436 2778 3472 :
2802 3435 2924 3473 nam
2972 3421 3182 3487 dicere,
3218 3424 3432 3480 Scribat
3453 3427 3672 3481 libellum
3700 3443 3833 3496 repu-

2297 3503 2390 3566 dii,
2419 3515 2473 3560 et
2497 3506 2590 3561 det
2617 3507 2666 3561 in
2689 3525 2875 3563 manus
2901 3512 3016 3580 ejus
3038 3554 3054 3578 ,
3081 3513 3319 3582 jubentis
3359 3532 3421 3570 ac
3443 3518 3726 3586 imperantis
3749 3529 3832 3578 esu;

2298 3595 2474 3651 dicere
2501 3607 2696 3664 autem,
2730 3601 2924 3656 Scribat
2947 3602 3170 3657 libellum
3206 3609 3428 3676 repudii,
3460 3620 3503 3662 et
3531 3609 3656 3662 dabit
3675 3616 3718 3661 in
3743 3626 3834 3660 ma—

2299 3701 2394 3738 nus
2419 3688 2548 3756 ejus,
2570 3692 2936 3746 annuntiantis
2961 3695 3244 3759 factum,et
3274 3713 3382 3752 non
3412 3701 3662 3769 propriam
3688 3700 3833 3767 legem

2298 3777 2684 3835 introduccutis
2720 3792 2821 3836 est.
2858 3784 3037 3854 Igitur,
3067 3787 3276 3857 Siquis,
3307 3792 3418 3857 ait,
3441 3793 3601 3862 ejiciat
3621 3807 3834 3852 uxorem,

2297 3877 2341 3922 et
2366 3871 2584 3926 dimittat
2618 3874 2758 3927 illaut
2801 3892 2864 3928 ea:
2883 3876 3032 3932 domo
3059 3896 3149 3932 sua
3171 3897 3188 3933 :
3210 3891 3255 3934 et
3285 3899 3402 3935 cum
3428 3885 3598 3938 abierit
3622 3925 3636 3949 ,
3656 3884 3696 3936 si
3711 3882 3834 3952 fuerit

2297 3962 2442 4015 alteri
2470 3964 2596 4029 viro,
2629 3976 2675 4018 et
2703 3967 2820 4018 odio
2843 3966 2985 4020 illaut
3006 3969 3235 4024 habuerit
3262 3974 3416 4026 etiam
3443 3974 3516 4026 vir
3544 3973 3780 4044 posterior,
3799 3978 3834 4022 et

2295 4055 2551 4124 scripserit
2596 4057 2675 4109 illi
2706 4057 2927 4112 libellunt
2948 4063 3147 4129 repudii
3167 4104 3183 4125 ,
3208 4074 3252 4115 et
3275 4064 3472 4118 dederit
3494 4067 3546 4118 in
3569 4080 3728 4117 manus
3748 4063 3835 4130 ejus

2296 4153 2343 4196 et
2363 4145 2552 4198 emittat
2575 4145 2716 4200 illam
2741 4165 2802 4202 ex
2817 4150 2967 4204 domo
2984 4168 3075 4204 sua
3094 4167 3112 4205 :
3135 4153 3178 4206 si
3201 4165 3433 4208 mortuus
3460 4157 3603 4226 fuerit
3622 4154 3742 4208 illius
3756 4152 3833 4210 vir.

2297 4235 2384 4302 qui
2412 4237 2602 4306 accepit
2623 4238 2716 4291 sibi
2735 4240 2874 4293 illam
2900 4258 3106 4295 uxorem
3131 4284 3144 4306 ,
3178 4261 3277 4297 non
3305 4247 3492 4313 poterit
3516 4248 3586 4300 vir
3610 4245 3748 4313 prior.
3767 4242 3834 4310 qui

2299 4325 2556 4378 dimiserat
2584 4329 2727 4380 illaut
2745 4369 2760 4392 ,
2784 4329 3020 4385 reducere
3041 4373 3056 4395 ,
3085 4342 3131 4385 et
3161 4334 3391 4404 accipere
3425 4353 3533 4389 eam
3557 4336 3643 4388 sibi
3668 4335 3712 4385 in
3734 4346 3834 4384 uxo-

2295 4433 2399 4470 rem
2429 4417 2533 4488 (Ib.
2574 4437 2622 4473 v.
2648 4420 2787 4494 2-4).
2826 4422 3027 4479 Deinde
3059 4435 3367 4482 monstrans
3409 4444 3467 4483 se
3513 4443 3613 4481 non
3656 4423 3833 4478 laudare

2298 4507 2512 4574 factum,
2538 4525 2710 4579 neque
2739 4512 3041 4582 eonjugium
3073 4530 3193 4569 esse
3214 4527 3402 4586 putare
3422 4558 3436 4583 ,
3465 4517 3555 4571 sed
3587 4509 3830 4569 iulirlnilali

2295 4616 2480 4655 eorum
2505 4618 2624 4664 sese
2644 4613 3019 4674 attemperare,
3047 4617 3322 4676 postquam
3347 4610 3484 4663 dixit
3515 4628 3528 4661 :
3554 4608 3665 4662 Non
3685 4603 3832 4676 poterit

2296 4693 2372 4744 vir
2393 4694 2532 4762 prior
2555 4695 2782 4764 accipere
2816 4695 2959 4748 illaut
2982 4698 3076 4750 sibi
3099 4699 3151 4750 in
3194 4714 3438 4765 uxorem,
3460 4698 3687 4760 addidit,
3714 4693 3832 4745 Ροεε·

2294 4799 2442 4852 quam
2466 4784 2664 4853 polluta
2684 4795 2754 4840 est
2773 4784 2878 4856 (Ib.
2908 4803 2954 4839 v.
2981 4788 3034 4855 4)
3067 4805 3078 4838 :
3117 4787 3395 4843 declarans
3425 4804 3520 4858 per
3544 4787 3688 4855 hujus
3713 4781 3833 4837 verbi

2299 4873 2538 4939 modum,
2571 4874 2712 4944 quod
2741 4876 2990 4930 secunda:
3016 4878 3211 4945 nuptiae
3236 4919 3252 4943 ,
3285 4879 3493 4933 vivente
3518 4879 3686 4947 priore
3711 4873 3831 4932 viro.

2295 4964 2518 5032 pollutio
2572 4965 2740 5034 magis
2787 4966 2895 5020 sint
2945 4981 3102 5036 quam
3149 4967 3455 5036 conjugium
3487 4985 3499 5020 :
3526 4974 3726 5036 propter
3753 4961 3834 5011 hoc

2297 5071 2401 5108 non
2433 5056 2598 5122 dixit,
2630 5057 2914 5124 Postquam
2942 5057 3082 5110 illaut
3123 5057 3172 5111 in
3203 5073 3428 5110 uxorem
3454 5056 3675 5110 duxerit.
3703 5048 3836 5104 Vides

2294 5161 2451 5215 quam
2480 5161 2710 5200 eonsona
2739 5162 2858 5200 cum
2886 5145 3098 5202 Christo
3141 5147 3409 5215 loquatur?
3436 5145 3632 5200 Deinde
3660 5151 3706 5196 et
3735 5153 3836 5192 cau-

2292 5254 2405 5292 sam
2437 5241 2721 5306 apposuit,
2751 5238 2901 5299 Quod
2920 5238 3223 5291 abominatio
3260 5240 3322 5292 sit
3350 5253 3521 5290 coram
3551 5236 3652 5288 Deo
3673 5231 3767 5304 (Ib.
3795 5245 3834 5280 v-

2293 5331 2369 5398 4).
2396 5330 2462 5383 Ει
2492 5331 2661 5383 Moses
2688 5330 2902 5398 quidem
2930 5332 3007 5383 sic
3035 5346 3050 5385 :
3082 5330 3334 5398 propheta
3366 5337 3542 5383 autem
3589 5322 3840 5380 Malacllias

2293 5420 2458 5474 multo
2487 5418 2836 5478 manifestius.
2858 5434 3015 5486 quam
3046 5419 3236 5480 Moses,
3263 5417 3360 5471 hoc
3381 5417 3727 5475 demonstrat;
3752 5410 3840 5461 imo

2293 5513 2467 5582 potius
2497 5526 2602 5565 non
2630 5510 2948 5574 Malachias,
2982 5510 3075 5564 sed
3109 5510 3243 5563 Deus
3273 5524 3362 5578 per
3402 5505 3706 5561 Malaehiam
3727 5542 3740 5564 ,
3772 5496 3841 5551 his

2292 5603 2488 5658 verbis.
2522 5601 2784 5672 Numquid
2809 5601 3015 5670 dignum
3054 5601 3303 5669 respicere
3339 5598 3408 5651 ad
3436 5596 3735 5663 sacri/icium
3767 5606 3839 5642 re—

2294 5705 2450 5749 strunt
2473 5697 2495 5749 ?
2515 5696 2590 5748 vel
2610 5695 2829 5766 recipere
2856 5693 3163 5765 acceptabile
3188 5693 3249 5747 de
3277 5690 3507 5747 manibus
3533 5687 3703 5742 vestris
3726 5677 3838 5752 (Μιτ-
