  <div class='ocr_page' id='page_1' title='image "/cluster/home/n/w/nwhite01/storage/ocr_20150623/51/mdp.39015052813998/216.png"; bbox 0 0 4058 6258; ppageno 0'>
   <div class='ocr_carea' id='block_1_1' title="bbox 305 357 414 414">
    <p class='ocr_par' dir='ltr' id='par_1_1' title="bbox 305 357 414 414">
     <span class='ocr_line' id='line_1_1' title="bbox 305 357 414 414; baseline 0.018 -2"><span class='ocrx_word' id='word_1_1' title='bbox 305 357 414 414; x_wconf 66' lang='grc'><strong>219</strong></span> 
     </span>
    </p>
   </div>
   <div class='ocr_carea' id='block_1_2' title="bbox 305 470 1875 546">
    <p class='ocr_par' dir='ltr' id='par_1_2' title="bbox 305 470 1875 546">
     <span class='ocr_line' id='line_1_2' title="bbox 305 470 1875 546; baseline -0.001 -22"><span class='ocrx_word' id='word_1_2' title='bbox 305 470 569 534; x_wconf 72' lang='grc' dir='ltr'><strong>ἁλύσεως,</strong></span> <span class='ocrx_word' id='word_1_3' title='bbox 605 472 1006 544; x_wconf 73' lang='grc' dir='ltr'><strong>κατηγοροῦντα</strong></span> <span class='ocrx_word' id='word_1_4' title='bbox 1040 473 1312 544; x_wconf 78' lang='grc' dir='ltr'><strong>μοιχείαν,</strong></span> <span class='ocrx_word' id='word_1_5' title='bbox 1347 472 1748 546; x_wconf 79' lang='grc' dir='ltr'><strong>κατηγοροῦντα</strong></span> <span class='ocrx_word' id='word_1_6' title='bbox 1767 472 1875 526; x_wconf 83' lang='grc' dir='ltr'><strong>τῶν</strong></span> 
     </span>
    </p>
   </div>
   <div class='ocr_carea' id='block_1_3' title="bbox 309 552 1880 629">
    <p class='ocr_par' dir='ltr' id='par_1_3' title="bbox 309 552 1880 629">
     <span class='ocr_line' id='line_1_3' title="bbox 309 552 1880 629; baseline 0.003 -26"><span class='ocrx_word' id='word_1_7' title='bbox 309 552 710 624; x_wconf 67' lang='grc' dir='ltr'><strong>λαμϐανόντων,</strong></span> <span class='ocrx_word' id='word_1_8' title='bbox 737 558 830 608; x_wconf 77' lang='grc' dir='ltr'><strong>καὶ</strong></span> <span class='ocrx_word' id='word_1_9' title='bbox 853 557 1076 624; x_wconf 86' lang='grc' dir='ltr'><strong>λέγοντα</strong></span> <span class='ocrx_word' id='word_1_10' title='bbox 1093 574 1106 588; x_wconf 90' lang='grc'><strong>·</strong></span> <span class='ocrx_word' id='word_1_11' title='bbox 1133 556 1416 628; x_wconf 87' lang='grc' dir='ltr'><strong>Περίεστιν</strong></span> <span class='ocrx_word' id='word_1_12' title='bbox 1440 561 1468 611; x_wconf 99' lang='lat'><strong>6</strong></span> <span class='ocrx_word' id='word_1_13' title='bbox 1491 559 1628 629; x_wconf 78' lang='grc' dir='ltr'><strong>ἀνὴρ</strong></span> <span class='ocrx_word' id='word_1_14' title='bbox 1661 557 1760 616; x_wconf 78' lang='grc' dir='ltr'><strong>ἔτι,</strong></span> <span class='ocrx_word' id='word_1_15' title='bbox 1785 555 1880 610; x_wconf 76' lang='grc' dir='ltr'><strong>καὶ</strong></span> 
     </span>
    </p>
   </div>
   <div class='ocr_carea' id='block_1_4' title="bbox 305 637 1874 710">
    <p class='ocr_par' dir='ltr' id='par_1_4' title="bbox 305 637 1874 710">
     <span class='ocr_line' id='line_1_4' title="bbox 305 637 1874 710; baseline 0.004 -22"><span class='ocrx_word' id='word_1_16' title='bbox 305 637 526 706; x_wconf 79' lang='grc' dir='ltr'><strong>μοιχεία</strong></span> <span class='ocrx_word' id='word_1_17' title='bbox 552 638 612 690; x_wconf 85' lang='lat'><strong>16</strong></span> <span class='ocrx_word' id='word_1_18' title='bbox 639 639 916 708; x_wconf 68' lang='grc' dir='ltr'><strong>γινόμενόν</strong></span> <span class='ocrx_word' id='word_1_19' title='bbox 950 643 1066 693; x_wconf 86' lang='grc' dir='ltr'><strong>ἐστι</strong></span> <span class='ocrx_word' id='word_1_20' title='bbox 1113 641 1280 708; x_wconf 80' lang='grc' dir='ltr'><strong>Γυνὴ</strong></span> <span class='ocrx_word' id='word_1_21' title='bbox 1313 642 1422 710; x_wconf 80' lang='grc' dir='ltr'><strong>γὰρ</strong></span> <span class='ocrx_word' id='word_1_22' title='bbox 1443 641 1670 694; x_wconf 77' lang='grc' dir='ltr'><strong>δέδεται</strong></span> <span class='ocrx_word' id='word_1_23' title='bbox 1697 642 1874 710; x_wconf 80' lang='grc' dir='ltr'><strong>νόμῳ,</strong></span> 
     </span>
    </p>
   </div>
   <div class='ocr_carea' id='block_1_5' title="bbox 301 719 1879 792">
    <p class='ocr_par' dir='ltr' id='par_1_5' title="bbox 301 719 1879 792">
     <span class='ocr_line' id='line_1_5' title="bbox 301 719 1879 792; baseline -0.01 -4"><span class='ocrx_word' id='word_1_24' title='bbox 301 719 396 787; x_wconf 65' lang='grc' dir='ltr'><strong>ἐφ’</strong></span> <span class='ocrx_word' id='word_1_25' title='bbox 444 719 595 772; x_wconf 71' lang='grc' dir='ltr'><strong>ὅσον</strong></span> <span class='ocrx_word' id='word_1_26' title='bbox 638 722 860 789; x_wconf 77' lang='grc' dir='ltr'><strong>χρόνον</strong></span> <span class='ocrx_word' id='word_1_27' title='bbox 897 720 967 790; x_wconf 66' lang='grc' dir='ltr'><em>τῇ</em></span> <span class='ocrx_word' id='word_1_28' title='bbox 1000 726 1032 776; x_wconf 91' lang='grc' dir='ltr'><strong>ό</strong></span> <span class='ocrx_word' id='word_1_29' title='bbox 1077 723 1232 792; x_wconf 78' lang='grc' dir='ltr'><strong>ἀνὴρ</strong></span> <span class='ocrx_word' id='word_1_30' title='bbox 1274 723 1482 790; x_wconf 84' lang='grc' dir='ltr'><strong>αὐτῆς.</strong></span> <span class='ocrx_word' id='word_1_31' title='bbox 1535 721 1644 776; x_wconf 76' lang='grc' dir='ltr'><strong>Καὶ</strong></span> <span class='ocrx_word' id='word_1_32' title='bbox 1681 720 1800 786; x_wconf 83' lang='grc' dir='ltr'><strong>πᾶς</strong></span> <span class='ocrx_word' id='word_1_33' title='bbox 1847 723 1879 773; x_wconf 84' lang='grc' dir='ltr'><strong>ό</strong></span> 
     </span>
    </p>
   </div>
   <div class='ocr_carea' id='block_1_6' title="bbox 301 803 1876 875">
    <p class='ocr_par' dir='ltr' id='par_1_6' title="bbox 301 803 1876 875">
     <span class='ocr_line' id='line_1_6' title="bbox 301 803 1876 875; baseline 0 -20"><span class='ocrx_word' id='word_1_34' title='bbox 301 803 768 872; x_wconf 79' lang='grc' dir='ltr'><strong>ἀπολελυμένην</strong></span> <span class='ocrx_word' id='word_1_35' title='bbox 796 805 999 874; x_wconf 74' lang='grc' dir='ltr'><strong>γαμῶν</strong></span> <span class='ocrx_word' id='word_1_36' title='bbox 1028 806 1323 875; x_wconf 81' lang='grc' dir='ltr'><strong>μοιχᾶται.</strong></span> <span class='ocrx_word' id='word_1_37' title='bbox 1363 805 1474 858; x_wconf 72' lang='grc' dir='ltr'><strong>Καὶ</strong></span> <span class='ocrx_word' id='word_1_38' title='bbox 1508 806 1659 865; x_wconf 86' lang='grc' dir='ltr'><strong>πότε,</strong></span> <span class='ocrx_word' id='word_1_39' title='bbox 1692 803 1876 874; x_wconf 80' lang='grc' dir='ltr'><strong>φησὶν,</strong></span> 
     </span>
    </p>
   </div>
   <div class='ocr_carea' id='block_1_7' title="bbox 305 884 1876 960">
    <p class='ocr_par' dir='ltr' id='par_1_7' title="bbox 305 884 1876 960">
     <span class='ocr_line' id='line_1_7' title="bbox 305 884 1876 960; baseline 0.003 -24"><span class='ocrx_word' id='word_1_40' title='bbox 305 884 518 948; x_wconf 76' lang='grc' dir='ltr'><strong>ἐξέσται</strong></span> <span class='ocrx_word' id='word_1_41' title='bbox 575 887 712 956; x_wconf 81' lang='grc' dir='ltr'>αὐτῇ</span> <span class='ocrx_word' id='word_1_42' title='bbox 778 889 1052 958; x_wconf 79' lang='grc' dir='ltr'><strong>δευτέροις</strong></span> <span class='ocrx_word' id='word_1_43' title='bbox 1105 890 1360 960; x_wconf 80' lang='grc' dir='ltr'><strong>ὁμιλῆσαι</strong></span> <span class='ocrx_word' id='word_1_44' title='bbox 1411 889 1608 958; x_wconf 84' lang='grc' dir='ltr'><strong>γάμοις</strong></span> <span class='ocrx_word' id='word_1_45' title='bbox 1647 889 1876 952; x_wconf 87' lang='grc' dir='ltr'><strong>;Πότε;</strong></span> 
     </span>
    </p>
   </div>
   <div class='ocr_carea' id='block_1_8' title="bbox 305 968 1877 1042">
    <p class='ocr_par' dir='ltr' id='par_1_8' title="bbox 305 968 1877 1042">
     <span class='ocr_line' id='line_1_8' title="bbox 305 968 1877 1042; baseline 0 -23"><span class='ocrx_word' id='word_1_46' title='bbox 305 968 476 1020; x_wconf 78' lang='grc' dir='ltr'><strong>Ὅταν</strong></span> <span class='ocrx_word' id='word_1_47' title='bbox 519 968 610 1038; x_wconf 82' lang='grc' dir='ltr'><strong>τῆς</strong></span> <span class='ocrx_word' id='word_1_48' title='bbox 643 970 881 1033; x_wconf 80' lang='grc' dir='ltr'><strong>ἁλύσεως</strong></span> <span class='ocrx_word' id='word_1_49' title='bbox 908 970 1213 1042; x_wconf 82' lang='grc' dir='ltr'><strong>ἀπαλλαγῇ.</strong></span> <span class='ocrx_word' id='word_1_50' title='bbox 1244 971 1372 1023; x_wconf 81' lang='grc' dir='ltr'><strong>ὅταν</strong></span> <span class='ocrx_word' id='word_1_51' title='bbox 1407 973 1440 1023; x_wconf 49' lang='grc' dir='ltr'><strong>όν</strong></span> <span class='ocrx_word' id='word_1_52' title='bbox 1461 972 1598 1040; x_wconf 82' lang='grc' dir='ltr'><strong>ἀνὴρ</strong></span> <span class='ocrx_word' id='word_1_53' title='bbox 1626 969 1877 1040; x_wconf 82' lang='grc' dir='ltr'><strong>τελευτή-</strong></span> 
     </span>
    </p>
   </div>
   <div class='ocr_carea' id='block_1_9' title="bbox 305 1049 1878 1125">
    <p class='ocr_par' dir='ltr' id='par_1_9' title="bbox 305 1049 1878 1125">
     <span class='ocr_line' id='line_1_9' title="bbox 305 1049 1878 1125; baseline -0.001 -21"><span class='ocrx_word' id='word_1_54' title='bbox 305 1065 396 1118; x_wconf 82' lang='grc' dir='ltr'><strong>σῃ.</strong></span> <span class='ocrx_word' id='word_1_55' title='bbox 436 1049 607 1104; x_wconf 75' lang='grc' dir='ltr'><strong>Τοῦτο</strong></span> <span class='ocrx_word' id='word_1_56' title='bbox 631 1051 762 1119; x_wconf 82' lang='grc' dir='ltr'><strong>γοῦν</strong></span> <span class='ocrx_word' id='word_1_57' title='bbox 804 1053 1006 1122; x_wconf 81' lang='grc' dir='ltr'><strong>δηλῶν,</strong></span> <span class='ocrx_word' id='word_1_58' title='bbox 1053 1056 1113 1107; x_wconf 86' lang='lat'><strong>06</strong></span> <span class='ocrx_word' id='word_1_59' title='bbox 1149 1053 1516 1125; x_wconf 83' lang='grc' dir='ltr'><strong>προσέθηκεν,</strong></span> <span class='ocrx_word' id='word_1_60' title='bbox 1551 1053 1630 1104; x_wconf 84' lang='grc' dir='ltr'><strong>ὅτι</strong></span> <span class='ocrx_word' id='word_1_61' title='bbox 1655 1053 1764 1106; x_wconf 77' lang='grc' dir='ltr'><strong>Εάν</strong></span> <span class='ocrx_word' id='word_1_62' title='bbox 1789 1068 1878 1103; x_wconf 89' lang='grc' dir='ltr'><strong>τε-</strong></span> 
     </span>
    </p>
   </div>
   <div class='ocr_carea' id='block_1_10' title="bbox 301 1129 1875 1207">
    <p class='ocr_par' dir='ltr' id='par_1_10' title="bbox 301 1129 1875 1207">
     <span class='ocr_line' id='line_1_10' title="bbox 301 1129 1875 1207; baseline 0.004 -24"><span class='ocrx_word' id='word_1_63' title='bbox 301 1131 536 1204; x_wconf 74' lang='grc' dir='ltr'><strong>λευτήσῃ</strong></span> <span class='ocrx_word' id='word_1_64' title='bbox 567 1137 593 1186; x_wconf 91' lang='lat'><strong>6</strong></span> <span class='ocrx_word' id='word_1_65' title='bbox 615 1133 753 1206; x_wconf 77' lang='grc' dir='ltr'><strong>ἀνὴρ</strong></span> <span class='ocrx_word' id='word_1_66' title='bbox 787 1137 974 1205; x_wconf 77' lang='grc' dir='ltr'><strong>αὐτῆς,</strong></span> <span class='ocrx_word' id='word_1_67' title='bbox 998 1135 1250 1207; x_wconf 83' lang='grc' dir='ltr'><strong>ἐλευθέρα</strong></span> <span class='ocrx_word' id='word_1_68' title='bbox 1283 1136 1428 1188; x_wconf 55' lang='grc' dir='ltr'><strong>ἐστὶν</strong></span> <span class='ocrx_word' id='word_1_69' title='bbox 1451 1129 1495 1202; x_wconf 78' lang='grc' dir='ltr'><strong>ᾧ</strong></span> <span class='ocrx_word' id='word_1_70' title='bbox 1519 1133 1662 1188; x_wconf 86' lang='grc' dir='ltr'><strong>θέλει</strong></span> <span class='ocrx_word' id='word_1_71' title='bbox 1695 1149 1875 1202; x_wconf 78' lang='grc' dir='ltr'><strong>γαμη-</strong></span> 
     </span>
    </p>
   </div>
   <div class='ocr_carea' id='block_1_11' title="bbox 303 1214 1877 1290">
    <p class='ocr_par' dir='ltr' id='par_1_11' title="bbox 303 1214 1877 1290">
     <span class='ocr_line' id='line_1_11' title="bbox 303 1214 1877 1290; baseline 0 -24"><span class='ocrx_word' id='word_1_72' title='bbox 303 1214 484 1284; x_wconf 78' lang='grc' dir='ltr'><strong>θῆναι,</strong></span> <span class='ocrx_word' id='word_1_73' title='bbox 519 1217 654 1282; x_wconf 80' lang='grc' dir='ltr'><strong>ἀλλ’,</strong></span> <span class='ocrx_word' id='word_1_74' title='bbox 699 1221 842 1274; x_wconf 79' lang='grc' dir='ltr'><strong>Ἐὰν</strong></span> <span class='ocrx_word' id='word_1_75' title='bbox 891 1217 1166 1288; x_wconf 75' lang='grc' dir='ltr'><strong>κοιμηθῇ,</strong></span> <span class='ocrx_word' id='word_1_76' title='bbox 1205 1219 1486 1290; x_wconf 73' lang='grc' dir='ltr'><strong>μονονουχὶ</strong></span> <span class='ocrx_word' id='word_1_77' title='bbox 1527 1215 1877 1288; x_wconf 86' lang='grc' dir='ltr'><strong>παραμυθού-</strong></span> 
     </span>
    </p>
   </div>
   <div class='ocr_carea' id='block_1_12' title="bbox 305 1297 1876 1372">
    <p class='ocr_par' dir='ltr' id='par_1_12' title="bbox 305 1297 1876 1372">
     <span class='ocr_line' id='line_1_12' title="bbox 305 1297 1876 1372; baseline -0.003 -19"><span class='ocrx_word' id='word_1_78' title='bbox 305 1311 466 1365; x_wconf 73' lang='grc' dir='ltr'><strong>μενος</strong></span> <span class='ocrx_word' id='word_1_79' title='bbox 487 1299 584 1369; x_wconf 74' lang='grc' dir='ltr'><strong>τὴν</strong></span> <span class='ocrx_word' id='word_1_80' title='bbox 615 1301 673 1353; x_wconf 86' lang='grc' dir='ltr'><strong>ἐν</strong></span> <span class='ocrx_word' id='word_1_81' title='bbox 699 1301 912 1372; x_wconf 72' lang='grc' dir='ltr'><strong>χηρείᾳ,</strong></span> <span class='ocrx_word' id='word_1_82' title='bbox 941 1303 1032 1354; x_wconf 73' lang='grc' dir='ltr'><strong>καὶ</strong></span> <span class='ocrx_word' id='word_1_83' title='bbox 1079 1301 1279 1354; x_wconf 83' lang='grc' dir='ltr'><strong>πείθων</strong></span> <span class='ocrx_word' id='word_1_84' title='bbox 1309 1301 1492 1371; x_wconf 84' lang='grc' dir='ltr'><strong>μένειν</strong></span> <span class='ocrx_word' id='word_1_85' title='bbox 1515 1301 1607 1354; x_wconf 76' lang='grc' dir='ltr'><strong>ἐπὶ</strong></span> <span class='ocrx_word' id='word_1_86' title='bbox 1637 1297 1714 1368; x_wconf 83' lang='grc' dir='ltr'><strong>τῷ</strong></span> <span class='ocrx_word' id='word_1_87' title='bbox 1744 1315 1876 1368; x_wconf 85' lang='grc' dir='ltr'><strong>προ-</strong></span> 
     </span>
    </p>
   </div>
   <div class='ocr_carea' id='block_1_13' title="bbox 301 1379 1876 1456">
    <p class='ocr_par' dir='ltr' id='par_1_13' title="bbox 301 1379 1876 1456">
     <span class='ocr_line' id='line_1_13' title="bbox 301 1379 1876 1456; baseline 0.002 -26"><span class='ocrx_word' id='word_1_88' title='bbox 301 1379 480 1450; x_wconf 80' lang='grc' dir='ltr'><strong>τέρῳ,</strong></span> <span class='ocrx_word' id='word_1_89' title='bbox 525 1384 620 1436; x_wconf 77' lang='grc' dir='ltr'><strong>καὶ</strong></span> <span class='ocrx_word' id='word_1_90' title='bbox 669 1385 744 1456; x_wconf 79' lang='grc' dir='ltr'><strong>μὴ</strong></span> <span class='ocrx_word' id='word_1_91' title='bbox 793 1385 1041 1455; x_wconf 88' lang='grc' dir='ltr'><strong>δεύτερον</strong></span> <span class='ocrx_word' id='word_1_92' title='bbox 1087 1387 1400 1453; x_wconf 76' lang='grc' dir='ltr'><strong>εἰσαγαγεῖν</strong></span> <span class='ocrx_word' id='word_1_93' title='bbox 1451 1383 1702 1454; x_wconf 75' lang='grc' dir='ltr'><strong>νυμφίον.</strong></span> <span class='ocrx_word' id='word_1_94' title='bbox 1759 1384 1876 1436; x_wconf 68' lang='grc' dir='ltr'><strong>υῦκ</strong></span> 
     </span>
    </p>
   </div>
   <div class='ocr_carea' id='block_1_14' title="bbox 303 1461 1874 1538">
    <p class='ocr_par' dir='ltr' id='par_1_14' title="bbox 303 1461 1874 1538">
     <span class='ocr_line' id='line_1_14' title="bbox 303 1461 1874 1538; baseline 0.002 -25"><span class='ocrx_word' id='word_1_95' title='bbox 303 1461 624 1534; x_wconf 77' lang='grc' dir='ltr'><strong>ἐτελεύτησέ</strong></span> <span class='ocrx_word' id='word_1_96' title='bbox 679 1483 772 1518; x_wconf 91' lang='grc' dir='ltr'><strong>σου</strong></span> <span class='ocrx_word' id='word_1_97' title='bbox 814 1467 842 1518; x_wconf 92' lang='lat'><strong>6</strong></span> <span class='ocrx_word' id='word_1_98' title='bbox 869 1467 1007 1538; x_wconf 78' lang='grc' dir='ltr'><strong>ἀνὴρ</strong></span> <span class='ocrx_word' id='word_1_99' title='bbox 1027 1509 1040 1526; x_wconf 85' lang='grc'><strong>,</strong></span> <span class='ocrx_word' id='word_1_100' title='bbox 1071 1467 1205 1520; x_wconf 88' lang='grc' dir='ltr'><strong>ἀλλά</strong></span> <span class='ocrx_word' id='word_1_101' title='bbox 1253 1465 1517 1518; x_wconf 85' lang='grc' dir='ltr'><strong>καθεύδει.</strong></span> <span class='ocrx_word' id='word_1_102' title='bbox 1551 1466 1646 1528; x_wconf 85' lang='grc' dir='ltr'><strong>Τίς</strong></span> <span class='ocrx_word' id='word_1_103' title='bbox 1679 1463 1874 1517; x_wconf 84' lang='grc' dir='ltr'><strong>καθεύ-</strong></span> 
     </span>
    </p>
   </div>
   <div class='ocr_carea' id='block_1_15' title="bbox 303 1545 1872 1619">
    <p class='ocr_par' dir='ltr' id='par_1_15' title="bbox 303 1545 1872 1619">
     <span class='ocr_line' id='line_1_15' title="bbox 303 1545 1872 1619; baseline 0.001 -22"><span class='ocrx_word' id='word_1_104' title='bbox 303 1545 462 1598; x_wconf 83' lang='grc' dir='ltr'><strong>δοντα</strong></span> <span class='ocrx_word' id='word_1_105' title='bbox 489 1548 587 1600; x_wconf 82' lang='grc' dir='ltr'><strong>οὐκ</strong></span> <span class='ocrx_word' id='word_1_106' title='bbox 621 1550 911 1619; x_wconf 83' lang='grc' dir='ltr'><strong>ἀναμένει;</strong></span> <span class='ocrx_word' id='word_1_107' title='bbox 945 1550 1043 1602; x_wconf 79' lang='grc' dir='ltr'><strong>Διά</strong></span> <span class='ocrx_word' id='word_1_108' title='bbox 1067 1550 1222 1602; x_wconf 81' lang='grc' dir='ltr'><strong>τοῦτὸ</strong></span> <span class='ocrx_word' id='word_1_109' title='bbox 1257 1566 1419 1618; x_wconf 79' lang='grc' dir='ltr'><strong>φησιν</strong></span> <span class='ocrx_word' id='word_1_110' title='bbox 1484 1549 1626 1602; x_wconf 80' lang='grc' dir='ltr'><strong>Ἐάν</strong></span> <span class='ocrx_word' id='word_1_111' title='bbox 1650 1548 1717 1600; x_wconf 84' lang='grc' dir='ltr'><strong>δὲ</strong></span> <span class='ocrx_word' id='word_1_112' title='bbox 1747 1565 1872 1600; x_wconf 82' lang='grc' dir='ltr'><strong>κοι-</strong></span> 
     </span>
    </p>
   </div>
   <div class='ocr_carea' id='block_1_16' title="bbox 297 1626 1874 1698">
    <p class='ocr_par' dir='ltr' id='par_1_16' title="bbox 297 1626 1874 1698">
     <span class='ocr_line' id='line_1_16' title="bbox 297 1626 1874 1698; baseline 0.001 -17"><span class='ocrx_word' id='word_1_113' title='bbox 297 1627 494 1696; x_wconf 74' lang='grc' dir='ltr'><strong>μηθῇ,</strong></span> <span class='ocrx_word' id='word_1_114' title='bbox 521 1631 805 1698; x_wconf 71' lang='grc' dir='ltr'><strong>ἐλευθέρα</strong></span> <span class='ocrx_word' id='word_1_115' title='bbox 851 1633 1022 1685; x_wconf 83' lang='grc' dir='ltr'><strong>ἐστίν</strong></span> <span class='ocrx_word' id='word_1_116' title='bbox 1061 1626 1108 1697; x_wconf 85' lang='grc' dir='ltr'>ᾧ</span> <span class='ocrx_word' id='word_1_117' title='bbox 1161 1631 1318 1685; x_wconf 84' lang='grc' dir='ltr'><strong>θέλει</strong></span> <span class='ocrx_word' id='word_1_118' title='bbox 1372 1627 1703 1698; x_wconf 71' lang='grc' dir='ltr'><strong>γαμηθῆναι</strong></span> <span class='ocrx_word' id='word_1_119' title='bbox 1735 1645 1746 1658; x_wconf 95' lang='grc'><strong>·</strong></span> <span class='ocrx_word' id='word_1_120' title='bbox 1775 1631 1874 1683; x_wconf 77' lang='grc' dir='ltr'><strong>οὐκ</strong></span> 
     </span>
    </p>
   </div>
   <div class='ocr_carea' id='block_1_17' title="bbox 303 1705 1874 1784">
    <p class='ocr_par' dir='ltr' id='par_1_17' title="bbox 303 1705 1874 1784">
     <span class='ocr_line' id='line_1_17' title="bbox 303 1705 1874 1784; baseline 0.001 -22"><span class='ocrx_word' id='word_1_121' title='bbox 303 1705 446 1774; x_wconf 74' lang='grc' dir='ltr'><strong>εἷπε,</strong></span> <span class='ocrx_word' id='word_1_122' title='bbox 489 1711 794 1781; x_wconf 82' lang='grc' dir='ltr'><strong>Γαμείσθω,</strong></span> <span class='ocrx_word' id='word_1_123' title='bbox 818 1711 899 1764; x_wconf 77' lang='grc' dir='ltr'><strong>ἵνα</strong></span> <span class='ocrx_word' id='word_1_124' title='bbox 931 1713 1007 1784; x_wconf 71' lang='grc' dir='ltr'><strong>μὴ</strong></span> <span class='ocrx_word' id='word_1_125' title='bbox 1049 1713 1174 1784; x_wconf 80' lang='grc' dir='ltr'><strong>δόξῃ</strong></span> <span class='ocrx_word' id='word_1_126' title='bbox 1211 1713 1492 1782; x_wconf 79' lang='grc' dir='ltr'><strong>βιάζεσθαι</strong></span> <span class='ocrx_word' id='word_1_127' title='bbox 1513 1713 1604 1766; x_wconf 73' lang='grc' dir='ltr'><strong>καὶ</strong></span> <span class='ocrx_word' id='word_1_128' title='bbox 1635 1711 1874 1780; x_wconf 82' lang='grc' dir='ltr'><strong>ἀναγκά-</strong></span> 
     </span>
    </p>
   </div>
   <div class='ocr_carea' id='block_1_18' title="bbox 303 1791 1872 1866">
    <p class='ocr_par' dir='ltr' id='par_1_18' title="bbox 303 1791 1872 1866">
     <span class='ocr_line' id='line_1_18' title="bbox 303 1791 1872 1866; baseline 0.003 -23"><span class='ocrx_word' id='word_1_129' title='bbox 303 1791 419 1855; x_wconf 81' lang='grc' dir='ltr'><strong>ζειν</strong></span> <span class='ocrx_word' id='word_1_130' title='bbox 439 1811 452 1823; x_wconf 93' lang='grc'><strong>·</strong></span> <span class='ocrx_word' id='word_1_131' title='bbox 485 1792 610 1846; x_wconf 82' lang='grc' dir='ltr'><strong>οὔτε</strong></span> <span class='ocrx_word' id='word_1_132' title='bbox 648 1795 884 1846; x_wconf 81' lang='grc' dir='ltr'><strong>ἐκώλυσε</strong></span> <span class='ocrx_word' id='word_1_133' title='bbox 915 1796 1238 1866; x_wconf 78' lang='grc' dir='ltr'><strong>βουλομένην</strong></span> <span class='ocrx_word' id='word_1_134' title='bbox 1272 1796 1476 1866; x_wconf 85' lang='grc' dir='ltr'><strong>ὁμιλεῖν</strong></span> <span class='ocrx_word' id='word_1_135' title='bbox 1504 1795 1738 1866; x_wconf 79' lang='grc' dir='ltr'><strong>δευτέρῳ</strong></span> <span class='ocrx_word' id='word_1_136' title='bbox 1771 1797 1872 1862; x_wconf 83' lang='grc' dir='ltr'><strong>γά-</strong></span> 
     </span>
    </p>
   </div>
   <div class='ocr_carea' id='block_1_19' title="bbox 305 1873 1874 1949">
    <p class='ocr_par' dir='ltr' id='par_1_19' title="bbox 305 1873 1874 1949">
     <span class='ocr_line' id='line_1_19' title="bbox 305 1873 1874 1949; baseline 0.003 -25"><span class='ocrx_word' id='word_1_137' title='bbox 305 1891 416 1944; x_wconf 87' lang='grc' dir='ltr'><strong>μῳ,</strong></span> <span class='ocrx_word' id='word_1_138' title='bbox 446 1873 568 1927; x_wconf 81' lang='grc' dir='ltr'><strong>οὕτε</strong></span> <span class='ocrx_word' id='word_1_139' title='bbox 594 1877 666 1946; x_wconf 86' lang='grc' dir='ltr'><strong>μὴ</strong></span> <span class='ocrx_word' id='word_1_140' title='bbox 703 1877 958 1930; x_wconf 80' lang='grc' dir='ltr'><strong>θέλουσαν</strong></span> <span class='ocrx_word' id='word_1_141' title='bbox 1003 1878 1391 1949; x_wconf 74' lang='grc' dir='ltr'><strong>προετρέψατο,</strong></span> <span class='ocrx_word' id='word_1_142' title='bbox 1422 1878 1554 1930; x_wconf 80' lang='grc' dir='ltr'><strong>ἀλλὰ</strong></span> <span class='ocrx_word' id='word_1_143' title='bbox 1588 1877 1679 1930; x_wconf 77' lang='grc' dir='ltr'><strong>τὸν</strong></span> <span class='ocrx_word' id='word_1_144' title='bbox 1713 1878 1874 1946; x_wconf 83' lang='grc' dir='ltr'><strong>νόμον</strong></span> 
     </span>
    </p>
   </div>
   <div class='ocr_carea' id='block_1_20' title="bbox 305 1954 1874 2029">
    <p class='ocr_par' dir='ltr' id='par_1_20' title="bbox 305 1954 1874 2029">
     <span class='ocr_line' id='line_1_20' title="bbox 305 1954 1874 2029; baseline 0.003 -21"><span class='ocrx_word' id='word_1_145' title='bbox 305 1957 518 2024; x_wconf 82' lang='grc' dir='ltr'><strong>ἀνέγνω</strong></span> <span class='ocrx_word' id='word_1_146' title='bbox 553 1959 1086 2025; x_wconf 76' lang='grc' dir='ltr'><strong>εἰπὼν,οἜλευθὲρίι</strong></span> <span class='ocrx_word' id='word_1_147' title='bbox 1137 1961 1310 2014; x_wconf 83' lang='grc' dir='ltr'><strong>ἐστίν</strong></span> <span class='ocrx_word' id='word_1_148' title='bbox 1336 1954 1384 2025; x_wconf 85' lang='grc' dir='ltr'><strong>ᾧ</strong></span> <span class='ocrx_word' id='word_1_149' title='bbox 1413 1959 1570 2013; x_wconf 83' lang='grc' dir='ltr'><strong>θέλει</strong></span> <span class='ocrx_word' id='word_1_150' title='bbox 1611 1957 1874 2029; x_wconf 66' lang='grc' dir='ltr'><strong>γαμηθῆ-</strong></span> 
     </span>
    </p>
   </div>
   <div class='ocr_carea' id='block_1_21' title="bbox 299 2040 1874 2113">
    <p class='ocr_par' dir='ltr' id='par_1_21' title="bbox 299 2040 1874 2113">
     <span class='ocr_line' id='line_1_21' title="bbox 299 2040 1874 2113; baseline 0.002 -22"><span class='ocrx_word' id='word_1_151' title='bbox 299 2055 420 2094; x_wconf 80' lang='grc' dir='ltr'><strong>ναι.</strong></span> <span class='ocrx_word' id='word_1_152' title='bbox 447 2041 760 2112; x_wconf 80' lang='grc' dir='ltr'><strong>Ἐλευθέραν</strong></span> <span class='ocrx_word' id='word_1_153' title='bbox 785 2043 841 2094; x_wconf 79' lang='grc' dir='ltr'><strong>δὲ</strong></span> <span class='ocrx_word' id='word_1_154' title='bbox 864 2043 1031 2113; x_wconf 78' lang='grc' dir='ltr'><strong>αὐτὴν</strong></span> <span class='ocrx_word' id='word_1_155' title='bbox 1069 2043 1204 2112; x_wconf 85' lang='grc' dir='ltr'><strong>μετὰ</strong></span> <span class='ocrx_word' id='word_1_156' title='bbox 1233 2042 1329 2112; x_wconf 78' lang='grc' dir='ltr'><strong>τὴν</strong></span> <span class='ocrx_word' id='word_1_157' title='bbox 1363 2040 1458 2094; x_wconf 78' lang='grc' dir='ltr'><strong>τοῦ</strong></span> <span class='ocrx_word' id='word_1_158' title='bbox 1481 2042 1670 2112; x_wconf 85' lang='grc' dir='ltr'><strong>ἀνδρὸς</strong></span> <span class='ocrx_word' id='word_1_159' title='bbox 1690 2043 1874 2094; x_wconf 88' lang='grc' dir='ltr'><strong>τελευ-</strong></span> 
     </span>
    </p>
   </div>
   <div class='ocr_carea' id='block_1_22' title="bbox 296 2123 1870 2195">
    <p class='ocr_par' dir='ltr' id='par_1_22' title="bbox 296 2123 1870 2195">
     <span class='ocr_line' id='line_1_22' title="bbox 296 2123 1870 2195; baseline 0.002 -21"><span class='ocrx_word' id='word_1_160' title='bbox 296 2123 398 2194; x_wconf 77' lang='grc' dir='ltr'><strong>τὴν</strong></span> <span class='ocrx_word' id='word_1_161' title='bbox 430 2124 756 2194; x_wconf 74' lang='grc' dir='ltr'><strong>γεγενῆσθαι</strong></span> <span class='ocrx_word' id='word_1_162' title='bbox 785 2125 980 2193; x_wconf 87' lang='grc' dir='ltr'><strong>λέγων,</strong></span> <span class='ocrx_word' id='word_1_163' title='bbox 1013 2123 1210 2189; x_wconf 72' lang='grc' dir='ltr'><strong>ἔδειξεν</strong></span> <span class='ocrx_word' id='word_1_164' title='bbox 1241 2127 1321 2178; x_wconf 86' lang='grc' dir='ltr'><strong>ὅτι</strong></span> <span class='ocrx_word' id='word_1_165' title='bbox 1356 2125 1462 2195; x_wconf 83' lang='grc' dir='ltr'><strong>πρὸ</strong></span> <span class='ocrx_word' id='word_1_166' title='bbox 1493 2123 1684 2178; x_wconf 85' lang='grc' dir='ltr'><strong>τούτου</strong></span> <span class='ocrx_word' id='word_1_167' title='bbox 1711 2124 1870 2193; x_wconf 81' lang='grc' dir='ltr'><strong>δούλη</strong></span> 
     </span>
    </p>
   </div>
   <div class='ocr_carea' id='block_1_23' title="bbox 296 2200 1872 2279">
    <p class='ocr_par' dir='ltr' id='par_1_23' title="bbox 296 2200 1872 2279">
     <span class='ocr_line' id='line_1_23' title="bbox 296 2200 1872 2279; baseline 0.003 -23"><span class='ocrx_word' id='word_1_168' title='bbox 296 2200 388 2274; x_wconf 82' lang='grc' dir='ltr'><strong>ἦν,</strong></span> <span class='ocrx_word' id='word_1_169' title='bbox 412 2206 612 2268; x_wconf 76' lang='grc' dir='ltr'><strong>ζῶντος</strong></span> <span class='ocrx_word' id='word_1_170' title='bbox 657 2207 864 2259; x_wconf 84' lang='grc' dir='ltr'><strong>ἐκείνου</strong></span> <span class='ocrx_word' id='word_1_171' title='bbox 891 2223 904 2236; x_wconf 78' lang='grc' dir='ltr'><strong>ο</strong></span> <span class='ocrx_word' id='word_1_172' title='bbox 933 2207 1092 2276; x_wconf 87' lang='grc' dir='ltr'><strong>δούλη</strong></span> <span class='ocrx_word' id='word_1_173' title='bbox 1129 2208 1184 2259; x_wconf 86' lang='grc' dir='ltr'><strong>δὲ</strong></span> <span class='ocrx_word' id='word_1_174' title='bbox 1231 2203 1366 2260; x_wconf 78' lang='grc' dir='ltr'><strong>οὖσα</strong></span> <span class='ocrx_word' id='word_1_175' title='bbox 1406 2208 1500 2260; x_wconf 71' lang='grc' dir='ltr'><strong>καὶ</strong></span> <span class='ocrx_word' id='word_1_176' title='bbox 1541 2207 1872 2279; x_wconf 77' lang='grc' dir='ltr'><strong>ὑποκειμένη</strong></span> 
     </span>
    </p>
   </div>
   <div class='ocr_carea' id='block_1_24' title="bbox 296 2287 1873 2360">
    <p class='ocr_par' dir='ltr' id='par_1_24' title="bbox 296 2287 1873 2360">
     <span class='ocr_line' id='line_1_24' title="bbox 296 2287 1873 2360; baseline 0.002 -21"><span class='ocrx_word' id='word_1_177' title='bbox 296 2287 378 2356; x_wconf 85' lang='grc' dir='ltr'><strong>τῷ</strong></span> <span class='ocrx_word' id='word_1_178' title='bbox 401 2287 570 2358; x_wconf 81' lang='grc' dir='ltr'><strong>νόμῳ,</strong></span> <span class='ocrx_word' id='word_1_179' title='bbox 597 2287 698 2340; x_wconf 77' lang='grc' dir='ltr'><strong>κᾶν</strong></span> <span class='ocrx_word' id='word_1_180' title='bbox 719 2288 978 2358; x_wconf 80' lang='grc' dir='ltr'><strong>μυριάκις</strong></span> <span class='ocrx_word' id='word_1_181' title='bbox 1012 2288 1214 2358; x_wconf 82' lang='grc' dir='ltr'><strong>βιϐλίον</strong></span> <span class='ocrx_word' id='word_1_182' title='bbox 1241 2289 1570 2342; x_wconf 77' lang='grc' dir='ltr'><strong>ἀποστασίου</strong></span> <span class='ocrx_word' id='word_1_183' title='bbox 1605 2289 1766 2360; x_wconf 81' lang='grc' dir='ltr'><strong>λάϐῃ,</strong></span> <span class='ocrx_word' id='word_1_184' title='bbox 1796 2291 1873 2359; x_wconf 82' lang='grc' dir='ltr'><strong>τῷ</strong></span> 
     </span>
    </p>
   </div>
   <div class='ocr_carea' id='block_1_25' title="bbox 294 2371 1874 2443">
    <p class='ocr_par' dir='ltr' id='par_1_25' title="bbox 294 2371 1874 2443">
     <span class='ocr_line' id='line_1_25' title="bbox 294 2371 1874 2443; baseline 0.002 -21"><span class='ocrx_word' id='word_1_185' title='bbox 294 2371 398 2440; x_wconf 75' lang='grc' dir='ltr'><strong>τῆς</strong></span> <span class='ocrx_word' id='word_1_186' title='bbox 432 2371 677 2440; x_wconf 83' lang='grc' dir='ltr'><strong>μοιχείας</strong></span> <span class='ocrx_word' id='word_1_187' title='bbox 719 2371 996 2425; x_wconf 78' lang='grc' dir='ltr'><strong>ἁλίσκεται</strong></span> <span class='ocrx_word' id='word_1_188' title='bbox 1040 2373 1208 2442; x_wconf 83' lang='grc' dir='ltr'><strong>νόμῳ.</strong></span> <span class='ocrx_word' id='word_1_189' title='bbox 1241 2372 1491 2436; x_wconf 84' lang='grc' dir='ltr'><strong>Οἰκέταις</strong></span> <span class='ocrx_word' id='word_1_190' title='bbox 1527 2373 1624 2442; x_wconf 88' lang='grc' dir='ltr'><strong>μὲν</strong></span> <span class='ocrx_word' id='word_1_191' title='bbox 1650 2373 1758 2443; x_wconf 86' lang='grc' dir='ltr'><strong>γὰρ</strong></span> <span class='ocrx_word' id='word_1_192' title='bbox 1789 2373 1874 2439; x_wconf 78' lang='grc' dir='ltr'><strong>ἐξ·</strong></span> 
     </span>
    </p>
   </div>
   <div class='ocr_carea' id='block_1_26' title="bbox 296 2452 1872 2526">
    <p class='ocr_par' dir='ltr' id='par_1_26' title="bbox 296 2452 1872 2526">
     <span class='ocr_line' id='line_1_26' title="bbox 296 2452 1872 2526; baseline 0.002 -22"><span class='ocrx_word' id='word_1_193' title='bbox 296 2469 416 2506; x_wconf 88' lang='grc' dir='ltr'><strong>εστι</strong></span> <span class='ocrx_word' id='word_1_194' title='bbox 449 2452 712 2516; x_wconf 80' lang='grc' dir='ltr'><strong>δεσπότας</strong></span> <span class='ocrx_word' id='word_1_195' title='bbox 762 2454 1009 2526; x_wconf 89' lang='grc' dir='ltr'><strong>ἀμείϐειν</strong></span> <span class='ocrx_word' id='word_1_196' title='bbox 1038 2453 1273 2518; x_wconf 82' lang='grc' dir='ltr'><strong>ζῶντας·</strong></span> <span class='ocrx_word' id='word_1_197' title='bbox 1300 2456 1518 2522; x_wconf 80' lang='grc' dir='ltr'><strong>γυναικὶ</strong></span> <span class='ocrx_word' id='word_1_198' title='bbox 1559 2455 1616 2506; x_wconf 84' lang='grc' dir='ltr'><strong>δὲ</strong></span> <span class='ocrx_word' id='word_1_199' title='bbox 1649 2455 1748 2507; x_wconf 85' lang='grc' dir='ltr'><strong>οὐκ</strong></span> <span class='ocrx_word' id='word_1_200' title='bbox 1784 2455 1872 2519; x_wconf 78' lang='grc' dir='ltr'><strong>ἐξ·</strong></span> 
     </span>
    </p>
   </div>
   <div class='ocr_carea' id='block_1_27' title="bbox 295 2536 1874 2607">
    <p class='ocr_par' dir='ltr' id='par_1_27' title="bbox 295 2536 1874 2607">
     <span class='ocr_line' id='line_1_27' title="bbox 295 2536 1874 2607; baseline 0.001 -19"><span class='ocrx_word' id='word_1_201' title='bbox 295 2553 450 2588; x_wconf 86' lang='grc' dir='ltr'><strong>εστιν</strong></span> <span class='ocrx_word' id='word_1_202' title='bbox 502 2536 700 2606; x_wconf 81' lang='grc' dir='ltr'><strong>ἄνδρας</strong></span> <span class='ocrx_word' id='word_1_203' title='bbox 735 2536 1008 2607; x_wconf 87' lang='grc' dir='ltr'><strong>ἀμείϐειν,</strong></span> <span class='ocrx_word' id='word_1_204' title='bbox 1047 2537 1248 2600; x_wconf 81' lang='grc' dir='ltr'><strong>ζῶντος</strong></span> <span class='ocrx_word' id='word_1_205' title='bbox 1281 2537 1376 2590; x_wconf 83' lang='grc' dir='ltr'><strong>τοῦ</strong></span> <span class='ocrx_word' id='word_1_206' title='bbox 1411 2537 1600 2606; x_wconf 86' lang='grc' dir='ltr'><strong>ἀνδρός</strong></span> <span class='ocrx_word' id='word_1_207' title='bbox 1622 2553 1633 2564; x_wconf 92' lang='grc'><strong>·</strong></span> <span class='ocrx_word' id='word_1_208' title='bbox 1669 2538 1791 2590; x_wconf 61' lang='grc' dir='ltr'><strong>ἐπεὶ¹</strong></span> <span class='ocrx_word' id='word_1_209' title='bbox 1813 2537 1874 2590; x_wconf 84' lang='grc' dir='ltr'><strong>τὸ</strong></span> 
     </span>
    </p>
   </div>
   <div class='ocr_carea' id='block_1_28' title="bbox 307 2619 1873 2691">
    <p class='ocr_par' dir='ltr' id='par_1_28' title="bbox 307 2619 1873 2691">
     <span class='ocr_line' id='line_1_28' title="bbox 307 2619 1873 2691; baseline 0.002 -21"><span class='ocrx_word' id='word_1_210' title='bbox 307 2620 542 2688; x_wconf 79' lang='grc' dir='ltr'><strong>πρᾶγμα</strong></span> <span class='ocrx_word' id='word_1_211' title='bbox 579 2621 787 2689; x_wconf 79' lang='grc' dir='ltr'><strong>μοιχεία</strong></span> <span class='ocrx_word' id='word_1_212' title='bbox 833 2619 968 2675; x_wconf 87' lang='grc' dir='ltr'><strong>ἐστί.</strong></span> <span class='ocrx_word' id='word_1_213' title='bbox 1011 2619 1102 2691; x_wconf 86' lang='grc' dir='ltr'><strong>Μὴ</strong></span> <span class='ocrx_word' id='word_1_214' title='bbox 1146 2619 1253 2691; x_wconf 90' lang='grc' dir='ltr'><strong>γάρ</strong></span> <span class='ocrx_word' id='word_1_215' title='bbox 1303 2636 1391 2690; x_wconf 91' lang='grc' dir='ltr'><strong>μοι</strong></span> <span class='ocrx_word' id='word_1_216' title='bbox 1427 2621 1552 2684; x_wconf 76' lang='grc' dir='ltr'><strong>τοὺς</strong></span> <span class='ocrx_word' id='word_1_217' title='bbox 1579 2621 1730 2691; x_wconf 87' lang='grc' dir='ltr'><strong>παρά</strong></span> <span class='ocrx_word' id='word_1_218' title='bbox 1761 2623 1873 2684; x_wconf 88' lang='grc' dir='ltr'><strong>τοῖς</strong></span> 
     </span>
    </p>
   </div>
   <div class='ocr_carea' id='block_1_29' title="bbox 306 2699 1873 2772">
    <p class='ocr_par' dir='ltr' id='par_1_29' title="bbox 306 2699 1873 2772">
     <span class='ocr_line' id='line_1_29' title="bbox 306 2699 1873 2772; baseline 0.003 -20"><span class='ocrx_word' id='word_1_219' title='bbox 306 2699 507 2764; x_wconf 79' lang='grc' dir='ltr'><strong>ἔξωθεν</strong></span> <span class='ocrx_word' id='word_1_220' title='bbox 546 2703 829 2772; x_wconf 82' lang='grc' dir='ltr'><strong>κειμένους</strong></span> <span class='ocrx_word' id='word_1_221' title='bbox 861 2701 1056 2771; x_wconf 87' lang='grc' dir='ltr'><strong>νόμους</strong></span> <span class='ocrx_word' id='word_1_222' title='bbox 1085 2702 1349 2772; x_wconf 80' lang='grc' dir='ltr'><strong>ἀναγνῷς,</strong></span> <span class='ocrx_word' id='word_1_223' title='bbox 1379 2703 1508 2765; x_wconf 79' lang='grc' dir='ltr'><strong>τοὺς</strong></span> <span class='ocrx_word' id='word_1_224' title='bbox 1554 2701 1873 2766; x_wconf 81' lang='grc' dir='ltr'><strong>κελεύοντας</strong></span> 
     </span>
    </p>
   </div>
   <div class='ocr_carea' id='block_1_30' title="bbox 294 2783 1874 2857">
    <p class='ocr_par' dir='ltr' id='par_1_30' title="bbox 294 2783 1874 2857">
     <span class='ocr_line' id='line_1_30' title="bbox 294 2783 1874 2857; baseline 0.002 -22"><span class='ocrx_word' id='word_1_225' title='bbox 294 2784 498 2837; x_wconf 77' lang='grc' dir='ltr'><strong>διδόναι</strong></span> <span class='ocrx_word' id='word_1_226' title='bbox 526 2783 730 2854; x_wconf 83' lang='grc' dir='ltr'><strong>βιϐλίον</strong></span> <span class='ocrx_word' id='word_1_227' title='bbox 765 2785 1118 2851; x_wconf 80' lang='grc' dir='ltr'><strong>ἀποστασίου,</strong></span> <span class='ocrx_word' id='word_1_228' title='bbox 1155 2785 1247 2838; x_wconf 83' lang='grc' dir='ltr'><strong>καὶ</strong></span> <span class='ocrx_word' id='word_1_229' title='bbox 1277 2784 1626 2854; x_wconf 87' lang='grc' dir='ltr'><strong>ἀφίστασθαι.</strong></span> <span class='ocrx_word' id='word_1_230' title='bbox 1657 2786 1732 2840; x_wconf 83' lang='grc' dir='ltr'><strong>Οὐ</strong></span> <span class='ocrx_word' id='word_1_231' title='bbox 1763 2785 1874 2857; x_wconf 80' lang='grc' dir='ltr'><strong>γὰρ</strong></span> 
     </span>
    </p>
   </div>
   <div class='ocr_carea' id='block_1_31' title="bbox 293 2867 1872 2940">
    <p class='ocr_par' dir='ltr' id='par_1_31' title="bbox 293 2867 1872 2940">
     <span class='ocr_line' id='line_1_31' title="bbox 293 2867 1872 2940; baseline 0.003 -21"><span class='ocrx_word' id='word_1_232' title='bbox 293 2867 362 2937; x_wconf 80' lang='grc' dir='ltr'><strong>δὴ</strong></span> <span class='ocrx_word' id='word_1_233' title='bbox 409 2867 550 2920; x_wconf 86' lang='grc' dir='ltr'><strong>κατά</strong></span> <span class='ocrx_word' id='word_1_234' title='bbox 586 2867 809 2931; x_wconf 79' lang='grc' dir='ltr'><strong>τούτους</strong></span> <span class='ocrx_word' id='word_1_235' title='bbox 850 2883 932 2920; x_wconf 89' lang='grc' dir='ltr'><strong>σοι</strong></span> <span class='ocrx_word' id='word_1_236' title='bbox 986 2868 1167 2938; x_wconf 82' lang='grc' dir='ltr'><strong>μέλλει</strong></span> <span class='ocrx_word' id='word_1_237' title='bbox 1218 2869 1424 2940; x_wconf 89' lang='grc' dir='ltr'><strong>κρίνειν</strong></span> <span class='ocrx_word' id='word_1_238' title='bbox 1452 2868 1579 2932; x_wconf 80' lang='grc' dir='ltr'><strong>τοὺς</strong></span> <span class='ocrx_word' id='word_1_239' title='bbox 1608 2868 1804 2940; x_wconf 88' lang='grc' dir='ltr'><strong>νόμους</strong></span> <span class='ocrx_word' id='word_1_240' title='bbox 1844 2871 1872 2923; x_wconf 91' lang='lat'><strong>6</strong></span> 
     </span>
    </p>
   </div>
   <div class='ocr_carea' id='block_1_32' title="bbox 294 2949 1868 3022">
    <p class='ocr_par' dir='ltr' id='par_1_32' title="bbox 294 2949 1868 3022">
     <span class='ocr_line' id='line_1_32' title="bbox 294 2949 1868 3022; baseline 0.003 -20"><span class='ocrx_word' id='word_1_241' title='bbox 294 2949 428 3013; x_wconf 76' lang='grc' dir='ltr'><strong>Θεὸς</strong></span> <span class='ocrx_word' id='word_1_242' title='bbox 453 2952 510 3002; x_wconf 84' lang='grc' dir='ltr'><strong>ἐν</strong></span> <span class='ocrx_word' id='word_1_243' title='bbox 533 2953 596 3021; x_wconf 77' lang='grc' dir='ltr'><strong>τῇ</strong></span> <span class='ocrx_word' id='word_1_244' title='bbox 631 2951 814 3022; x_wconf 70' lang='grc' dir='ltr'><strong>ἡμέρα</strong></span> <span class='ocrx_word' id='word_1_245' title='bbox 835 2950 1038 3022; x_wconf 82' lang='grc' dir='ltr'><strong>ἐκείνῃ,</strong></span> <span class='ocrx_word' id='word_1_246' title='bbox 1062 2951 1198 3004; x_wconf 89' lang='grc' dir='ltr'><strong>ἀλλά</strong></span> <span class='ocrx_word' id='word_1_247' title='bbox 1233 2950 1353 3004; x_wconf 87' lang='grc' dir='ltr'><strong>καθ’</strong></span> <span class='ocrx_word' id='word_1_248' title='bbox 1387 2949 1480 3014; x_wconf 83' lang='grc' dir='ltr'><strong>οὓς</strong></span> <span class='ocrx_word' id='word_1_249' title='bbox 1503 2950 1664 3014; x_wconf 81' lang='lat'><em>0.616;</em></span> <span class='ocrx_word' id='word_1_250' title='bbox 1685 2951 1868 3022; x_wconf 78' lang='grc' dir='ltr'><strong>ἔθηκε.</strong></span> 
     </span>
    </p>
   </div>
   <div class='ocr_carea' id='block_1_33' title="bbox 297 3031 1873 3104">
    <p class='ocr_par' dir='ltr' id='par_1_33' title="bbox 297 3031 1873 3104">
     <span class='ocr_line' id='line_1_33' title="bbox 297 3031 1873 3104; baseline 0.001 -20"><span class='ocrx_word' id='word_1_251' title='bbox 297 3033 411 3085; x_wconf 75' lang='grc' dir='ltr'><strong>Καὶ</strong></span> <span class='ocrx_word' id='word_1_252' title='bbox 434 3035 480 3085; x_wconf 85' lang='grc' dir='ltr'><strong>οἱ</strong></span> <span class='ocrx_word' id='word_1_253' title='bbox 505 3031 610 3084; x_wconf 88' lang='grc' dir='ltr'><strong>τῶν</strong></span> <span class='ocrx_word' id='word_1_254' title='bbox 639 3033 834 3100; x_wconf 74' lang='grc' dir='ltr'><strong>ἔξωθεν</strong></span> <span class='ocrx_word' id='word_1_255' title='bbox 856 3033 912 3087; x_wconf 88' lang='grc' dir='ltr'><strong>δέ</strong></span> <span class='ocrx_word' id='word_1_256' title='bbox 929 3034 1082 3104; x_wconf 89' lang='grc' dir='ltr'><strong>νόμοι</strong></span> <span class='ocrx_word' id='word_1_257' title='bbox 1106 3035 1205 3104; x_wconf 82' lang='grc' dir='ltr'><strong>οὐχ</strong></span> <span class='ocrx_word' id='word_1_258' title='bbox 1227 3033 1432 3098; x_wconf 88' lang='grc' dir='ltr'><strong>ἁπλῶς,</strong></span> <span class='ocrx_word' id='word_1_259' title='bbox 1449 3033 1570 3088; x_wconf 88' lang='grc' dir='ltr'><strong>οὐδέ</strong></span> <span class='ocrx_word' id='word_1_260' title='bbox 1601 3051 1873 3104; x_wconf 83' lang='grc' dir='ltr'><strong>προηγου-</strong></span> 
     </span>
    </p>
   </div>
   <div class='ocr_carea' id='block_1_34' title="bbox 297 3114 1871 3184">
    <p class='ocr_par' dir='ltr' id='par_1_34' title="bbox 297 3114 1871 3184">
     <span class='ocr_line' id='line_1_34' title="bbox 297 3114 1871 3184; baseline 0.003 -18"><span class='ocrx_word' id='word_1_261' title='bbox 297 3115 476 3184; x_wconf 84' lang='grc' dir='ltr'><strong>μένως</strong></span> <span class='ocrx_word' id='word_1_262' title='bbox 510 3114 668 3168; x_wconf 84' lang='grc' dir='ltr'><strong>τοῦτο</strong></span> <span class='ocrx_word' id='word_1_263' title='bbox 687 3115 1011 3182; x_wconf 87' lang='grc' dir='ltr'><strong>τεθείκασιν,</strong></span> <span class='ocrx_word' id='word_1_264' title='bbox 1045 3117 1179 3170; x_wconf 88' lang='grc' dir='ltr'><strong>ἀλλά</strong></span> <span class='ocrx_word' id='word_1_265' title='bbox 1202 3119 1294 3170; x_wconf 78' lang='grc' dir='ltr'><strong>καὶ</strong></span> <span class='ocrx_word' id='word_1_266' title='bbox 1326 3117 1480 3170; x_wconf 81' lang='grc' dir='ltr'><strong>αὐτοὶ</strong></span> <span class='ocrx_word' id='word_1_267' title='bbox 1503 3117 1788 3182; x_wconf 75' lang='grc' dir='ltr'><strong>κολάζουσι</strong></span> <span class='ocrx_word' id='word_1_268' title='bbox 1811 3117 1871 3170; x_wconf 86' lang='lat'><strong>16</strong></span> 
     </span>
    </p>
   </div>
   <div class='ocr_carea' id='block_1_35' title="bbox 295 3197 1872 3270">
    <p class='ocr_par' dir='ltr' id='par_1_35' title="bbox 295 3197 1872 3270">
     <span class='ocr_line' id='line_1_35' title="bbox 295 3197 1872 3270; baseline 0.001 -20"><span class='ocrx_word' id='word_1_269' title='bbox 295 3199 530 3268; x_wconf 81' lang='grc' dir='ltr'><strong>πρᾶγμα</strong></span> <span class='ocrx_word' id='word_1_270' title='bbox 555 3214 568 3228; x_wconf 85' lang='grc'>⁶</span> <span class='ocrx_word' id='word_1_271' title='bbox 591 3197 732 3252; x_wconf 81' lang='grc' dir='ltr'><strong>ὥστε</strong></span> <span class='ocrx_word' id='word_1_272' title='bbox 758 3201 848 3252; x_wconf 81' lang='grc' dir='ltr'><strong>καὶ</strong></span> <span class='ocrx_word' id='word_1_273' title='bbox 865 3200 1088 3253; x_wconf 87' lang='grc' dir='ltr'><strong>αὐτόθεν</strong></span> <span class='ocrx_word' id='word_1_274' title='bbox 1107 3199 1398 3261; x_wconf 85' lang='grc' dir='ltr'><strong>δείκνυται,</strong></span> <span class='ocrx_word' id='word_1_275' title='bbox 1421 3201 1505 3252; x_wconf 85' lang='grc' dir='ltr'><strong>ὅτι</strong></span> <span class='ocrx_word' id='word_1_276' title='bbox 1537 3200 1714 3270; x_wconf 84' lang='grc' dir='ltr'><strong>ἀηδῶς</strong></span> <span class='ocrx_word' id='word_1_277' title='bbox 1735 3201 1872 3270; x_wconf 66' lang='grc' dir='ltr'><strong>πρὸς</strong></span> 
     </span>
    </p>
   </div>
   <div class='ocr_carea' id='block_1_36' title="bbox 292 3279 1869 3353">
    <p class='ocr_par' dir='ltr' id='par_1_36' title="bbox 292 3279 1869 3353">
     <span class='ocr_line' id='line_1_36' title="bbox 292 3279 1869 3353; baseline 0.001 -21"><span class='ocrx_word' id='word_1_278' title='bbox 292 3283 500 3349; x_wconf 86' lang='grc' dir='ltr'><strong>ταύτην</strong></span> <span class='ocrx_word' id='word_1_279' title='bbox 525 3279 706 3351; x_wconf 78' lang='grc' dir='ltr'><strong>ἔχουσι</strong></span> <span class='ocrx_word' id='word_1_280' title='bbox 746 3281 844 3351; x_wconf 82' lang='grc' dir='ltr'><strong>τὴν</strong></span> <span class='ocrx_word' id='word_1_281' title='bbox 873 3281 1166 3353; x_wconf 81' lang='grc' dir='ltr'><strong>ἁμαρτίαν.</strong></span> <span class='ocrx_word' id='word_1_282' title='bbox 1209 3282 1321 3351; x_wconf 84' lang='grc' dir='ltr'><strong>Τὴν</strong></span> <span class='ocrx_word' id='word_1_283' title='bbox 1367 3280 1496 3350; x_wconf 83' lang='grc' dir='ltr'><strong>γοῦν</strong></span> <span class='ocrx_word' id='word_1_284' title='bbox 1549 3283 1728 3336; x_wconf 77' lang='grc' dir='ltr'><strong>αἰτίαν</strong></span> <span class='ocrx_word' id='word_1_285' title='bbox 1777 3283 1869 3334; x_wconf 75' lang='grc' dir='ltr'><strong>τοῦ</strong></span> 
     </span>
    </p>
   </div>
   <div class='ocr_carea' id='block_1_37' title="bbox 293 3364 1871 3436">
    <p class='ocr_par' dir='ltr' id='par_1_37' title="bbox 293 3364 1871 3436">
     <span class='ocr_line' id='line_1_37' title="bbox 293 3364 1871 3436; baseline -0.001 -18"><span class='ocrx_word' id='word_1_286' title='bbox 293 3365 627 3418; x_wconf 77' lang='grc' dir='ltr'><strong>ἀποστασίου</strong></span> <span class='ocrx_word' id='word_1_287' title='bbox 651 3365 940 3435; x_wconf 85' lang='grc' dir='ltr'><strong>γινομένην</strong></span> <span class='ocrx_word' id='word_1_288' title='bbox 975 3365 1188 3436; x_wconf 82' lang='grc' dir='ltr'><strong>γυμνὴν</strong></span> <span class='ocrx_word' id='word_1_289' title='bbox 1220 3365 1314 3417; x_wconf 78' lang='grc' dir='ltr'><strong>καὶ</strong></span> <span class='ocrx_word' id='word_1_290' title='bbox 1342 3364 1548 3436; x_wconf 75' lang='grc' dir='ltr'><strong>ἔρημον</strong></span> <span class='ocrx_word' id='word_1_291' title='bbox 1573 3365 1871 3436; x_wconf 87' lang='grc' dir='ltr'><strong>χρημάτων</strong></span> 
     </span>
    </p>
   </div>
   <div class='ocr_carea' id='block_1_38' title="bbox 294 3447 1869 3517">
    <p class='ocr_par' dir='ltr' id='par_1_38' title="bbox 294 3447 1869 3517">
     <span class='ocr_line' id='line_1_38' title="bbox 294 3447 1869 3517; baseline 0 -17"><span class='ocrx_word' id='word_1_292' title='bbox 294 3447 652 3508; x_wconf 81' lang='grc' dir='ltr'><strong>ἐκϐάλλουσι,</strong></span> <span class='ocrx_word' id='word_1_293' title='bbox 693 3448 784 3500; x_wconf 78' lang='grc' dir='ltr'><strong>καὶ</strong></span> <span class='ocrx_word' id='word_1_294' title='bbox 828 3449 948 3501; x_wconf 85' lang='grc' dir='ltr'><strong>ὄθεν</strong></span> <span class='ocrx_word' id='word_1_295' title='bbox 987 3449 1052 3502; x_wconf 85' lang='grc' dir='ltr'><strong>ἂν</strong></span> <span class='ocrx_word' id='word_1_296' title='bbox 1102 3449 1326 3516; x_wconf 87' lang='grc' dir='ltr'><strong>γένηται</strong></span> <span class='ocrx_word' id='word_1_297' title='bbox 1369 3447 1468 3517; x_wconf 81' lang='grc' dir='ltr'><strong>τῆς</strong></span> <span class='ocrx_word' id='word_1_298' title='bbox 1503 3448 1798 3510; x_wconf 83' lang='grc' dir='ltr'><strong>διαλύσεως</strong></span> <span class='ocrx_word' id='word_1_299' title='bbox 1837 3449 1869 3517; x_wconf 85' lang='grc' dir='ltr'><strong>ή</strong></span> 
     </span>
    </p>
   </div>
   <div class='ocr_carea' id='block_1_39' title="bbox 295 3529 1871 3600">
    <p class='ocr_par' dir='ltr' id='par_1_39' title="bbox 295 3529 1871 3600">
     <span class='ocr_line' id='line_1_39' title="bbox 295 3529 1871 3600; baseline -0.002 -17"><span class='ocrx_word' id='word_1_300' title='bbox 295 3531 603 3600; x_wconf 76' lang='grc' dir='ltr'><strong>πρόφασις,</strong></span> <span class='ocrx_word' id='word_1_301' title='bbox 641 3532 734 3582; x_wconf 77' lang='grc' dir='ltr'><strong>καὶ</strong></span> <span class='ocrx_word' id='word_1_302' title='bbox 773 3533 839 3600; x_wconf 82' lang='grc' dir='ltr'><strong>τῇ</strong></span> <span class='ocrx_word' id='word_1_303' title='bbox 881 3529 1052 3600; x_wconf 76' lang='grc' dir='ltr'><strong>ζημίᾳ</strong></span> <span class='ocrx_word' id='word_1_304' title='bbox 1101 3531 1199 3600; x_wconf 78' lang='grc' dir='ltr'><strong>τῆς</strong></span> <span class='ocrx_word' id='word_1_305' title='bbox 1243 3529 1430 3592; x_wconf 82' lang='grc' dir='ltr'><strong>οὐσίας</strong></span> <span class='ocrx_word' id='word_1_306' title='bbox 1481 3530 1666 3582; x_wconf 84' lang='grc' dir='ltr'><strong>τοῦτον</strong></span> <span class='ocrx_word' id='word_1_307' title='bbox 1713 3529 1871 3581; x_wconf 83' lang='grc' dir='ltr'><strong>κολά-</strong></span> 
     </span>
    </p>
   </div>
   <div class='ocr_carea' id='block_1_40' title="bbox 297 3609 1870 3682">
    <p class='ocr_par' dir='ltr' id='par_1_40' title="bbox 297 3609 1870 3682">
     <span class='ocr_line' id='line_1_40' title="bbox 297 3609 1870 3682; baseline -0.001 -18"><span class='ocrx_word' id='word_1_308' title='bbox 297 3611 482 3676; x_wconf 85' lang='grc' dir='ltr'><strong>ζουσιν</strong></span> <span class='ocrx_word' id='word_1_309' title='bbox 501 3630 514 3642; x_wconf 86' lang='grc'><strong>·</strong></span> <span class='ocrx_word' id='word_1_310' title='bbox 547 3613 646 3664; x_wconf 84' lang='grc' dir='ltr'><strong>οὐκ</strong></span> <span class='ocrx_word' id='word_1_311' title='bbox 682 3611 747 3664; x_wconf 83' lang='grc' dir='ltr'><strong>ἂν</strong></span> <span class='ocrx_word' id='word_1_312' title='bbox 775 3609 866 3664; x_wconf 78' lang='grc' dir='ltr'><strong>οὖν</strong></span> <span class='ocrx_word' id='word_1_313' title='bbox 897 3613 1052 3665; x_wconf 83' lang='grc' dir='ltr'><strong>τοῦτο</strong></span> <span class='ocrx_word' id='word_1_314' title='bbox 1079 3613 1396 3682; x_wconf 87' lang='grc' dir='ltr'><strong>ποιήσαντες</strong></span> <span class='ocrx_word' id='word_1_315' title='bbox 1435 3612 1666 3682; x_wconf 80' lang='grc' dir='ltr'><strong>ἐπῄνουν</strong></span> <span class='ocrx_word' id='word_1_316' title='bbox 1695 3612 1755 3665; x_wconf 96' lang='lat'><strong>16</strong></span> <span class='ocrx_word' id='word_1_317' title='bbox 1787 3629 1870 3680; x_wconf 83' lang='grc' dir='ltr'><strong>γι-</strong></span> 
     </span>
    </p>
   </div>
   <div class='ocr_carea' id='block_1_41' title="bbox 293 3695 538 3766">
    <p class='ocr_par' dir='ltr' id='par_1_41' title="bbox 293 3695 538 3766">
     <span class='ocr_line' id='line_1_41' title="bbox 293 3695 538 3766; baseline 0.008 -20"><span class='ocrx_word' id='word_1_318' title='bbox 293 3695 538 3766; x_wconf 83' lang='grc' dir='ltr'><strong>νόμενον.</strong></span> 
     </span>
    </p>
   </div>
   <div class='ocr_carea' id='block_1_42' title="bbox 372 3793 1872 3869">
    <p class='ocr_par' dir='ltr' id='par_1_42' title="bbox 372 3793 1872 3869">
     <span class='ocr_line' id='line_1_42' title="bbox 372 3793 1872 3869; baseline 0 -17"><span class='ocrx_word' id='word_1_319' title='bbox 372 3797 436 3866; x_wconf 84' lang='grc' dir='ltr'><strong>β⁹.</strong></span> <span class='ocrx_word' id='word_1_320' title='bbox 461 3797 526 3850; x_wconf 93' lang='grc' dir='ltr'><strong>Τί</strong></span> <span class='ocrx_word' id='word_1_321' title='bbox 549 3793 640 3849; x_wconf 80' lang='grc' dir='ltr'><strong>οὗν</strong></span> <span class='ocrx_word' id='word_1_322' title='bbox 663 3798 756 3849; x_wconf 77' lang='grc' dir='ltr'><strong>καὶ</strong></span> <span class='ocrx_word' id='word_1_323' title='bbox 779 3797 1015 3864; x_wconf 78' lang='grc' dir='ltr'><strong>Μωῦσῆς</strong></span> <span class='ocrx_word' id='word_1_324' title='bbox 1033 3815 1049 3863; x_wconf 83' lang='grc'><strong>;</strong></span> <span class='ocrx_word' id='word_1_325' title='bbox 1066 3797 1238 3852; x_wconf 77' lang='grc' dir='ltr'><strong>Τοῦτο</strong></span> <span class='ocrx_word' id='word_1_326' title='bbox 1261 3797 1496 3869; x_wconf 76' lang='grc' dir='ltr'><strong>ἔπραττε</strong></span> <span class='ocrx_word' id='word_1_327' title='bbox 1513 3799 1759 3862; x_wconf 82' lang='grc' dir='ltr'><strong>κάκεῖνος</strong></span> <span class='ocrx_word' id='word_1_328' title='bbox 1783 3798 1872 3852; x_wconf 84' lang='grc' dir='ltr'><strong>διά</strong></span> 
     </span>
    </p>
   </div>
   <div class='ocr_carea' id='block_1_43' title="bbox 293 3888 1868 3960">
    <p class='ocr_par' dir='ltr' id='par_1_43' title="bbox 293 3888 1868 3960">
     <span class='ocr_line' id='line_1_43' title="bbox 293 3888 1868 3960; baseline -0.002 -17"><span class='ocrx_word' id='word_1_329' title='bbox 293 3891 396 3960; x_wconf 78' lang='grc' dir='ltr'><strong>τὴν</strong></span> <span class='ocrx_word' id='word_1_330' title='bbox 424 3890 594 3960; x_wconf 78' lang='grc' dir='ltr'><strong>αὐτὴν</strong></span> <span class='ocrx_word' id='word_1_331' title='bbox 622 3889 820 3942; x_wconf 85' lang='grc' dir='ltr'><strong>αἰτίαν.</strong></span> <span class='ocrx_word' id='word_1_332' title='bbox 837 3890 910 3941; x_wconf 82' lang='grc' dir='ltr'><strong>Σὺ</strong></span> <span class='ocrx_word' id='word_1_333' title='bbox 935 3888 990 3940; x_wconf 81' lang='grc' dir='ltr'><strong>δὲ</strong></span> <span class='ocrx_word' id='word_1_334' title='bbox 1017 3889 1180 3942; x_wconf 81' lang='grc' dir='ltr'><strong>ἄκουε</strong></span> <span class='ocrx_word' id='word_1_335' title='bbox 1211 3888 1304 3942; x_wconf 83' lang='grc' dir='ltr'><strong>τοῦ</strong></span> <span class='ocrx_word' id='word_1_336' title='bbox 1333 3889 1568 3959; x_wconf 79' lang='grc' dir='ltr'><strong>Χριστοῦ</strong></span> <span class='ocrx_word' id='word_1_337' title='bbox 1600 3889 1868 3956; x_wconf 87' lang='grc' dir='ltr'><strong>λέγοντος,</strong></span> 
     </span>
    </p>
   </div>
   <div class='ocr_carea' id='block_1_44' title="bbox 292 3978 1872 4048">
    <p class='ocr_par' dir='ltr' id='par_1_44' title="bbox 292 3978 1872 4048">
     <span class='ocr_line' id='line_1_44' title="bbox 292 3978 1872 4048; baseline -0.001 -14"><span class='ocrx_word' id='word_1_338' title='bbox 292 3981 378 4034; x_wconf 76' lang='grc' dir='ltr'><strong>ὅτι</strong></span> <span class='ocrx_word' id='word_1_339' title='bbox 415 3981 558 4033; x_wconf 84' lang='grc' dir='ltr'><strong>Ἐὰν</strong></span> <span class='ocrx_word' id='word_1_340' title='bbox 563 3979 650 4048; x_wconf 75' lang='grc' dir='ltr'><strong>μὴ</strong></span> <span class='ocrx_word' id='word_1_341' title='bbox 673 3979 1044 4046; x_wconf 73' lang='grc' dir='ltr'><strong>περισσεύσῃ</strong></span> <span class='ocrx_word' id='word_1_342' title='bbox 1065 3981 1101 4048; x_wconf 78' lang='grc' dir='ltr'><em>ὴ</em></span> <span class='ocrx_word' id='word_1_343' title='bbox 1122 3979 1474 4045; x_wconf 79' lang='grc' dir='ltr'><strong>δικαιοσύνη</strong></span> <span class='ocrx_word' id='word_1_344' title='bbox 1497 3978 1664 4048; x_wconf 82' lang='grc' dir='ltr'><strong>ὑμῶν</strong></span> <span class='ocrx_word' id='word_1_345' title='bbox 1683 3979 1872 4032; x_wconf 87' lang='grc' dir='ltr'><strong>πλέον</strong></span> 
     </span>
    </p>
   </div>
   <div class='ocr_carea' id='block_1_45' title="bbox 293 4071 1872 4142">
    <p class='ocr_par' dir='ltr' id='par_1_45' title="bbox 293 4071 1872 4142">
     <span class='ocr_line' id='line_1_45' title="bbox 293 4071 1872 4142; baseline -0.001 -14"><span class='ocrx_word' id='word_1_346' title='bbox 293 4073 416 4128; x_wconf 79' lang='grc' dir='ltr'><strong>τῶν</strong></span> <span class='ocrx_word' id='word_1_347' title='bbox 457 4073 840 4142; x_wconf 78' lang='grc' dir='ltr'><strong>γραμματέων</strong></span> <span class='ocrx_word' id='word_1_348' title='bbox 890 4073 988 4126; x_wconf 82' lang='grc' dir='ltr'><strong>καί</strong></span> <span class='ocrx_word' id='word_1_349' title='bbox 1028 4071 1382 4140; x_wconf 74' lang='grc' dir='ltr'><strong>Φαρισαίων,</strong></span> <span class='ocrx_word' id='word_1_350' title='bbox 1430 4073 1501 4126; x_wconf 87' lang='grc' dir='ltr'><strong>οὐ</strong></span> <span class='ocrx_word' id='word_1_351' title='bbox 1531 4071 1620 4142; x_wconf 81' lang='grc' dir='ltr'><strong>μὴ</strong></span> <span class='ocrx_word' id='word_1_352' title='bbox 1677 4071 1872 4126; x_wconf 83' lang='grc' dir='ltr'><strong>είσέλ-</strong></span> 
     </span>
    </p>
   </div>
   <div class='ocr_carea' id='block_1_46' title="bbox 295 4159 1871 4231">
    <p class='ocr_par' dir='ltr' id='par_1_46' title="bbox 295 4159 1871 4231">
     <span class='ocr_line' id='line_1_46' title="bbox 295 4159 1871 4231; baseline 0.001 -16"><span class='ocrx_word' id='word_1_353' title='bbox 295 4165 440 4231; x_wconf 83' lang='grc' dir='ltr'><strong>θητε</strong></span> <span class='ocrx_word' id='word_1_354' title='bbox 471 4165 557 4228; x_wconf 86' lang='grc' dir='ltr'><strong>είς</strong></span> <span class='ocrx_word' id='word_1_355' title='bbox 593 4161 710 4230; x_wconf 80' lang='grc' dir='ltr'><strong>τὴν</strong></span> <span class='ocrx_word' id='word_1_356' title='bbox 722 4161 1046 4225; x_wconf 79' lang='grc' dir='ltr'><strong>,βασιλείαν</strong></span> <span class='ocrx_word' id='word_1_357' title='bbox 1077 4161 1196 4215; x_wconf 82' lang='grc' dir='ltr'><strong>τῶν</strong></span> <span class='ocrx_word' id='word_1_358' title='bbox 1217 4159 1507 4230; x_wconf 81' lang='grc' dir='ltr'><strong>οὐρανῶν.</strong></span> <span class='ocrx_word' id='word_1_359' title='bbox 1541 4163 1738 4214; x_wconf 72' lang='grc' dir='ltr'><strong>Ἄκουε</strong></span> <span class='ocrx_word' id='word_1_360' title='bbox 1771 4162 1871 4216; x_wconf 89' lang='grc' dir='ltr'><strong>αύ-</strong></span> 
     </span>
    </p>
   </div>
   <div class='ocr_carea' id='block_1_47' title="bbox 293 4251 1872 4322">
    <p class='ocr_par' dir='ltr' id='par_1_47' title="bbox 293 4251 1872 4322">
     <span class='ocr_line' id='line_1_47' title="bbox 293 4251 1872 4322; baseline 0 -17"><span class='ocrx_word' id='word_1_361' title='bbox 293 4253 392 4306; x_wconf 82' lang='grc' dir='ltr'><strong>τοῦ</strong></span> <span class='ocrx_word' id='word_1_362' title='bbox 428 4251 588 4305; x_wconf 86' lang='grc' dir='ltr'><strong>πάλιν</strong></span> <span class='ocrx_word' id='word_1_363' title='bbox 618 4251 884 4319; x_wconf 88' lang='grc' dir='ltr'><strong>λέγοντος,</strong></span> <span class='ocrx_word' id='word_1_364' title='bbox 936 4252 998 4304; x_wconf 82' lang='lat'><strong>&#39;0</strong></span> <span class='ocrx_word' id='word_1_365' title='bbox 1034 4251 1319 4305; x_wconf 86' lang='grc' dir='ltr'><strong>ἀπολύων</strong></span> <span class='ocrx_word' id='word_1_366' title='bbox 1342 4251 1456 4320; x_wconf 84' lang='grc' dir='ltr'><strong>τὴν</strong></span> <span class='ocrx_word' id='word_1_367' title='bbox 1488 4251 1740 4322; x_wconf 79' lang='grc' dir='ltr'><strong>γυναῖκα</strong></span> <span class='ocrx_word' id='word_1_368' title='bbox 1767 4254 1872 4306; x_wconf 85' lang='grc' dir='ltr'><strong>αύ-</strong></span> 
     </span>
    </p>
   </div>
   <div class='ocr_carea' id='block_1_48' title="bbox 294 4341 1871 4411">
    <p class='ocr_par' dir='ltr' id='par_1_48' title="bbox 294 4341 1871 4411">
     <span class='ocr_line' id='line_1_48' title="bbox 294 4341 1871 4411; baseline 0 -17"><span class='ocrx_word' id='word_1_369' title='bbox 294 4343 406 4397; x_wconf 85' lang='grc' dir='ltr'><strong>τοῦ</strong></span> <span class='ocrx_word' id='word_1_370' title='bbox 427 4341 718 4410; x_wconf 77' lang='grc' dir='ltr'><strong>παρεκτὸς</strong></span> <span class='ocrx_word' id='word_1_371' title='bbox 735 4342 920 4409; x_wconf 78' lang='grc' dir='ltr'><strong>λόγου</strong></span> <span class='ocrx_word' id='word_1_372' title='bbox 943 4342 1242 4408; x_wconf 79' lang='grc' dir='ltr'><strong>πορνείας,</strong></span> <span class='ocrx_word' id='word_1_373' title='bbox 1257 4341 1412 4394; x_wconf 87' lang='grc' dir='ltr'><strong>ποιεῖ</strong></span> <span class='ocrx_word' id='word_1_374' title='bbox 1429 4342 1623 4410; x_wconf 81' lang='grc' dir='ltr'><strong>αὐτὴν</strong></span> <span class='ocrx_word' id='word_1_375' title='bbox 1631 4361 1731 4411; x_wconf 89' lang='grc' dir='ltr'><strong>μοι</strong></span> <span class='ocrx_word' id='word_1_376' title='bbox 1735 4359 1871 4410; x_wconf 83' lang='grc' dir='ltr'><strong>χευ-</strong></span> 
     </span>
    </p>
   </div>
   <div class='ocr_carea' id='block_1_49' title="bbox 296 4431 1868 4504">
    <p class='ocr_par' dir='ltr' id='par_1_49' title="bbox 296 4431 1868 4504">
     <span class='ocr_line' id='line_1_49' title="bbox 296 4431 1868 4504; baseline -0.001 -15"><span class='ocrx_word' id='word_1_377' title='bbox 296 4433 500 4502; x_wconf 82' lang='grc' dir='ltr'><strong>θῆναι,</strong></span> <span class='ocrx_word' id='word_1_378' title='bbox 527 4434 624 4486; x_wconf 86' lang='grc' dir='ltr'><strong>καί</strong></span> <span class='ocrx_word' id='word_1_379' title='bbox 655 4436 688 4486; x_wconf 83' lang='grc' dir='ltr'><em>ὁ</em></span> <span class='ocrx_word' id='word_1_380' title='bbox 708 4433 1174 4502; x_wconf 71' lang='grc' dir='ltr'><strong>ἀπολελυμένην</strong></span> <span class='ocrx_word' id='word_1_381' title='bbox 1192 4431 1394 4502; x_wconf 74' lang='grc' dir='ltr'><strong>γαμῶν</strong></span> <span class='ocrx_word' id='word_1_382' title='bbox 1404 4431 1700 4501; x_wconf 81' lang='grc' dir='ltr'><strong>μοιχᾶται.</strong></span> <span class='ocrx_word' id='word_1_383' title='bbox 1720 4433 1868 4504; x_wconf 74' lang='grc'>[205]</span> 
     </span>
    </p>
   </div>
   <div class='ocr_carea' id='block_1_50' title="bbox 296 4520 1873 4594">
    <p class='ocr_par' dir='ltr' id='par_1_50' title="bbox 296 4520 1873 4594">
     <span class='ocr_line' id='line_1_50' title="bbox 296 4520 1873 4594; baseline -0.001 -16"><span class='ocrx_word' id='word_1_384' title='bbox 296 4525 400 4578; x_wconf 87' lang='grc' dir='ltr'><strong>Διά</strong></span> <span class='ocrx_word' id='word_1_385' title='bbox 423 4525 580 4578; x_wconf 85' lang='grc' dir='ltr'><strong>τοῦτο</strong></span> <span class='ocrx_word' id='word_1_386' title='bbox 605 4520 770 4594; x_wconf 84' lang='grc' dir='ltr'><strong>ἦλθεν</strong></span> <span class='ocrx_word' id='word_1_387' title='bbox 786 4525 814 4575; x_wconf 90' lang='lat'><strong>6</strong></span> <span class='ocrx_word' id='word_1_388' title='bbox 839 4522 1130 4593; x_wconf 80' lang='grc' dir='ltr'><strong>μονογενὴς</strong></span> <span class='ocrx_word' id='word_1_389' title='bbox 1156 4521 1281 4586; x_wconf 80' lang='grc' dir='ltr'><strong>Υἱὸς</strong></span> <span class='ocrx_word' id='word_1_390' title='bbox 1301 4521 1394 4575; x_wconf 81' lang='grc' dir='ltr'><strong>τοῦ</strong></span> <span class='ocrx_word' id='word_1_391' title='bbox 1419 4522 1576 4586; x_wconf 82' lang='grc' dir='ltr'><strong>Θεοῦ,</strong></span> <span class='ocrx_word' id='word_1_392' title='bbox 1597 4523 1688 4576; x_wconf 85' lang='grc' dir='ltr'><strong>διὰ</strong></span> <span class='ocrx_word' id='word_1_393' title='bbox 1715 4525 1873 4577; x_wconf 80' lang='grc' dir='ltr'><strong>τοῦτο</strong></span> 
     </span>
    </p>
   </div>
   <div class='ocr_carea' id='block_1_51' title="bbox 293 4608 1874 4685">
    <p class='ocr_par' dir='ltr' id='par_1_51' title="bbox 293 4608 1874 4685">
     <span class='ocr_line' id='line_1_51' title="bbox 293 4608 1874 4685; baseline -0.002 -16"><span class='ocrx_word' id='word_1_394' title='bbox 293 4617 486 4669; x_wconf 88' lang='grc' dir='ltr'><strong>δούλου</strong></span> <span class='ocrx_word' id='word_1_395' title='bbox 514 4614 726 4685; x_wconf 75' lang='grc' dir='ltr'><strong>μορφὴν</strong></span> <span class='ocrx_word' id='word_1_396' title='bbox 745 4613 924 4672; x_wconf 71' lang='grc' dir='ltr'><strong>ἔλαϐε.</strong></span> <span class='ocrx_word' id='word_1_397' title='bbox 952 4613 1039 4666; x_wconf 88' lang='grc' dir='ltr'><strong>διά</strong></span> <span class='ocrx_word' id='word_1_398' title='bbox 1062 4613 1219 4667; x_wconf 79' lang='grc' dir='ltr'><strong>τοῦτο</strong></span> <span class='ocrx_word' id='word_1_399' title='bbox 1239 4613 1300 4666; x_wconf 87' lang='grc' dir='ltr'><strong>τὸ</strong></span> <span class='ocrx_word' id='word_1_400' title='bbox 1331 4608 1470 4683; x_wconf 78' lang='grc' dir='ltr'><strong>αἷμα</strong></span> <span class='ocrx_word' id='word_1_401' title='bbox 1497 4613 1677 4684; x_wconf 82' lang='grc' dir='ltr'><strong>ἐξέχεε</strong></span> <span class='ocrx_word' id='word_1_402' title='bbox 1710 4614 1772 4666; x_wconf 92' lang='lat'><strong>16</strong></span> <span class='ocrx_word' id='word_1_403' title='bbox 1795 4617 1874 4666; x_wconf 87' lang='grc' dir='ltr'><strong>τί-</strong></span> 
     </span>
    </p>
   </div>
   <div class='ocr_carea' id='block_1_52' title="bbox 299 4703 1871 4778">
    <p class='ocr_par' dir='ltr' id='par_1_52' title="bbox 299 4703 1871 4778">
     <span class='ocr_line' id='line_1_52' title="bbox 299 4703 1871 4778; baseline -0.002 -20"><span class='ocrx_word' id='word_1_404' title='bbox 299 4723 445 4778; x_wconf 90' lang='grc' dir='ltr'><strong>μιον,</strong></span> <span class='ocrx_word' id='word_1_405' title='bbox 472 4705 564 4757; x_wconf 81' lang='grc' dir='ltr'><strong>τὸν</strong></span> <span class='ocrx_word' id='word_1_406' title='bbox 617 4705 844 4758; x_wconf 87' lang='grc' dir='ltr'><strong>θάνατον</strong></span> <span class='ocrx_word' id='word_1_407' title='bbox 877 4704 1168 4768; x_wconf 83' lang='grc' dir='ltr'><strong>κατέλυσε,</strong></span> <span class='ocrx_word' id='word_1_408' title='bbox 1202 4703 1298 4773; x_wconf 84' lang='grc' dir='ltr'><strong>τὴν</strong></span> <span class='ocrx_word' id='word_1_409' title='bbox 1348 4705 1618 4774; x_wconf 85' lang='grc' dir='ltr'><strong>ἁμαρτίαν</strong></span> <span class='ocrx_word' id='word_1_410' title='bbox 1652 4703 1871 4766; x_wconf 78' lang='grc' dir='ltr'><strong>ἔσϐεσε,</strong></span> 
     </span>
    </p>
   </div>
   <div class='ocr_carea' id='block_1_53' title="bbox 295 4791 1874 4865">
    <p class='ocr_par' dir='ltr' id='par_1_53' title="bbox 295 4791 1874 4865">
     <span class='ocr_line' id='line_1_53' title="bbox 295 4791 1874 4865; baseline -0.002 -16"><span class='ocrx_word' id='word_1_411' title='bbox 295 4795 691 4865; x_wconf 77' lang='grc' dir='ltr'><strong>δαψιλεστέραν</strong></span> <span class='ocrx_word' id='word_1_412' title='bbox 733 4795 834 4864; x_wconf 83' lang='grc' dir='ltr'><strong>τὴν</strong></span> <span class='ocrx_word' id='word_1_413' title='bbox 873 4791 967 4846; x_wconf 78' lang='grc' dir='ltr'><strong>τοῦ</strong></span> <span class='ocrx_word' id='word_1_414' title='bbox 1013 4793 1329 4864; x_wconf 88' lang='grc' dir='ltr'><strong>Πνεύματος</strong></span> <span class='ocrx_word' id='word_1_415' title='bbox 1365 4793 1530 4846; x_wconf 79' lang='grc' dir='ltr'><strong>ἔδωκε</strong></span> <span class='ocrx_word' id='word_1_416' title='bbox 1575 4794 1756 4865; x_wconf 88' lang='grc' dir='ltr'><strong>χάριν,</strong></span> <span class='ocrx_word' id='word_1_417' title='bbox 1789 4795 1874 4847; x_wconf 81' lang='grc' dir='ltr'><strong>ἵνα</strong></span> 
     </span>
    </p>
   </div>
   <div class='ocr_carea' id='block_1_54' title="bbox 296 4883 1872 4956">
    <p class='ocr_par' dir='ltr' id='par_1_54' title="bbox 296 4883 1872 4956">
     <span class='ocr_line' id='line_1_54' title="bbox 296 4883 1872 4956; baseline -0.001 -17"><span class='ocrx_word' id='word_1_418' title='bbox 296 4887 438 4954; x_wconf 73' lang='grc' dir='ltr'><strong>πρὸς</strong></span> <span class='ocrx_word' id='word_1_419' title='bbox 465 4883 692 4954; x_wconf 80' lang='grc' dir='ltr'><strong>μείζονά</strong></span> <span class='ocrx_word' id='word_1_420' title='bbox 721 4901 780 4938; x_wconf 87' lang='grc' dir='ltr'><strong>σε</strong></span> <span class='ocrx_word' id='word_1_421' title='bbox 808 4885 992 4956; x_wconf 81' lang='grc' dir='ltr'><strong>ἀγάγῃ</strong></span> <span class='ocrx_word' id='word_1_422' title='bbox 1033 4885 1373 4955; x_wconf 84' lang='grc' dir='ltr'><strong>φιλοσοφίαν.</strong></span> <span class='ocrx_word' id='word_1_423' title='bbox 1411 4885 1620 4948; x_wconf 78' lang='grc' dir='ltr'><strong>’Ἄλλως</strong></span> <span class='ocrx_word' id='word_1_424' title='bbox 1652 4885 1730 4950; x_wconf 85' lang='grc' dir='ltr'><strong>δὲ,</strong></span> <span class='ocrx_word' id='word_1_425' title='bbox 1752 4885 1872 4938; x_wconf 80' lang='grc' dir='ltr'><strong>οὐδὲ</strong></span> 
     </span>
    </p>
   </div>
   <div class='ocr_carea' id='block_1_55' title="bbox 295 4976 1871 5050">
    <p class='ocr_par' dir='ltr' id='par_1_55' title="bbox 295 4976 1871 5050">
     <span class='ocr_line' id='line_1_55' title="bbox 295 4976 1871 5050; baseline -0.003 -18"><span class='ocrx_word' id='word_1_426' title='bbox 295 4982 326 5032; x_wconf 91' lang='lat'><strong>6</strong></span> <span class='ocrx_word' id='word_1_427' title='bbox 357 4981 596 5049; x_wconf 81' lang='grc' dir='ltr'><strong>Μωῦσῆς</strong></span> <span class='ocrx_word' id='word_1_428' title='bbox 639 4978 1065 5050; x_wconf 78' lang='grc' dir='ltr'><strong>προηγουμένως</strong></span> <span class='ocrx_word' id='word_1_429' title='bbox 1105 4977 1261 5032; x_wconf 85' lang='grc' dir='ltr'><strong>τοῦτο</strong></span> <span class='ocrx_word' id='word_1_430' title='bbox 1303 4977 1726 5048; x_wconf 87' lang='grc' dir='ltr'><strong>ἐνομοθέτησεν,</strong></span> <span class='ocrx_word' id='word_1_431' title='bbox 1757 4976 1871 5029; x_wconf 87' lang='grc' dir='ltr'><strong>ἀλλ’</strong></span> 
     </span>
    </p>
   </div>
   <div class='ocr_carea' id='block_1_56' title="bbox 295 5069 1874 5142">
    <p class='ocr_par' dir='ltr' id='par_1_56' title="bbox 295 5069 1874 5142">
     <span class='ocr_line' id='line_1_56' title="bbox 295 5069 1874 5142; baseline -0.003 -16"><span class='ocrx_word' id='word_1_432' title='bbox 295 5071 737 5142; x_wconf 77' lang='grc' dir='ltr'><strong>ἀναγκαζόμενος</strong></span> <span class='ocrx_word' id='word_1_433' title='bbox 781 5071 1184 5139; x_wconf 84' lang='grc' dir='ltr'><strong>συγκαταϐῆναι</strong></span> <span class='ocrx_word' id='word_1_434' title='bbox 1215 5074 1280 5140; x_wconf 84' lang='grc' dir='ltr'><strong>τῇ</strong></span> <span class='ocrx_word' id='word_1_435' title='bbox 1324 5072 1430 5122; x_wconf 88' lang='grc' dir='ltr'><strong>τῶν</strong></span> <span class='ocrx_word' id='word_1_436' title='bbox 1477 5069 1874 5138; x_wconf 86' lang='grc' dir='ltr'><strong>νομοθετουμέ-</strong></span> 
     </span>
    </p>
   </div>
   <div class='ocr_carea' id='block_1_57' title="bbox 297 5157 1874 5232">
    <p class='ocr_par' dir='ltr' id='par_1_57' title="bbox 297 5157 1874 5232">
     <span class='ocr_line' id='line_1_57' title="bbox 297 5157 1874 5232; baseline -0.003 -16"><span class='ocrx_word' id='word_1_437' title='bbox 297 5181 406 5216; x_wconf 86' lang='grc' dir='ltr'><strong>νων</strong></span> <span class='ocrx_word' id='word_1_438' title='bbox 451 5162 726 5232; x_wconf 68' lang='grc' dir='ltr'><strong>ἀσθενείᾳ.</strong></span> <span class='ocrx_word' id='word_1_439' title='bbox 768 5162 984 5232; x_wconf 80' lang='grc' dir='ltr'><strong>Ἐπειδὴ</strong></span> <span class='ocrx_word' id='word_1_440' title='bbox 1021 5161 1131 5232; x_wconf 79' lang='grc' dir='ltr'><strong>γὰρ</strong></span> <span class='ocrx_word' id='word_1_441' title='bbox 1171 5163 1305 5232; x_wconf 87' lang='grc' dir='ltr'><strong>πρὸς</strong></span> <span class='ocrx_word' id='word_1_442' title='bbox 1333 5161 1528 5231; x_wconf 81' lang='grc' dir='ltr'><strong>φόνους</strong></span> <span class='ocrx_word' id='word_1_443' title='bbox 1560 5157 1700 5232; x_wconf 83' lang='grc' dir='ltr'><strong>ἦσαν</strong></span> <span class='ocrx_word' id='word_1_444' title='bbox 1733 5161 1874 5218; x_wconf 79' lang='grc' dir='ltr'><strong>ἐτοι-</strong></span> 
     </span>
    </p>
   </div>
   <div class='ocr_carea' id='block_1_58' title="bbox 301 5251 1872 5325">
    <p class='ocr_par' dir='ltr' id='par_1_58' title="bbox 301 5251 1872 5325">
     <span class='ocr_line' id='line_1_58' title="bbox 301 5251 1872 5325; baseline -0.002 -19"><span class='ocrx_word' id='word_1_445' title='bbox 301 5271 423 5325; x_wconf 88' lang='grc' dir='ltr'><strong>μοι.</strong></span> <span class='ocrx_word' id='word_1_446' title='bbox 457 5253 554 5306; x_wconf 75' lang='grc' dir='ltr'><strong>καὶ</strong></span> <span class='ocrx_word' id='word_1_447' title='bbox 591 5253 928 5322; x_wconf 83' lang='grc' dir='ltr'><strong>συγγενικῶν</strong></span> <span class='ocrx_word' id='word_1_448' title='bbox 962 5253 1208 5322; x_wconf 79' lang='grc' dir='ltr'><strong>αἱμάτων</strong></span> <span class='ocrx_word' id='word_1_449' title='bbox 1229 5252 1329 5314; x_wconf 83' lang='grc' dir='ltr'><strong>τὰς</strong></span> <span class='ocrx_word' id='word_1_450' title='bbox 1368 5251 1546 5314; x_wconf 86' lang='grc' dir='ltr'><strong>οἰκίας</strong></span> <span class='ocrx_word' id='word_1_451' title='bbox 1578 5251 1872 5321; x_wconf 84' lang='grc' dir='ltr'><strong>ἐπλήρουν,</strong></span> 
     </span>
    </p>
   </div>
   <div class='ocr_carea' id='block_1_59' title="bbox 297 5341 1869 5414">
    <p class='ocr_par' dir='ltr' id='par_1_59' title="bbox 297 5341 1869 5414">
     <span class='ocr_line' id='line_1_59' title="bbox 297 5341 1869 5414; baseline -0.003 -16"><span class='ocrx_word' id='word_1_452' title='bbox 297 5346 394 5398; x_wconf 80' lang='grc' dir='ltr'><strong>καὶ</strong></span> <span class='ocrx_word' id='word_1_453' title='bbox 415 5345 540 5398; x_wconf 72' lang='grc' dir='ltr'><strong>οὔτε</strong></span> <span class='ocrx_word' id='word_1_454' title='bbox 565 5345 672 5398; x_wconf 89' lang='grc' dir='ltr'><strong>τῶν</strong></span> <span class='ocrx_word' id='word_1_455' title='bbox 697 5347 930 5408; x_wconf 83' lang='grc' dir='ltr'><strong>οἰκείων,</strong></span> <span class='ocrx_word' id='word_1_456' title='bbox 959 5344 1082 5397; x_wconf 74' lang='grc' dir='ltr'><strong>οὔτε</strong></span> <span class='ocrx_word' id='word_1_457' title='bbox 1104 5344 1214 5396; x_wconf 89' lang='grc' dir='ltr'><strong>τῶν</strong></span> <span class='ocrx_word' id='word_1_458' title='bbox 1237 5343 1531 5414; x_wconf 86' lang='grc' dir='ltr'><strong>ἀλλοτρίων</strong></span> <span class='ocrx_word' id='word_1_459' title='bbox 1577 5341 1869 5410; x_wconf 86' lang='grc' dir='ltr'><strong>ἐφείδοντο·</strong></span> 
     </span>
    </p>
   </div>
   <div class='ocr_carea' id='block_1_60' title="bbox 295 5423 1874 5508">
    <p class='ocr_par' dir='ltr' id='par_1_60' title="bbox 295 5423 1874 5508">
     <span class='ocr_line' id='line_1_60' title="bbox 295 5423 1874 5508; baseline -0.003 -18"><span class='ocrx_word' id='word_1_460' title='bbox 295 5437 386 5490; x_wconf 75' lang='grc' dir='ltr'><strong>ἴνα</strong></span> <span class='ocrx_word' id='word_1_461' title='bbox 415 5438 490 5508; x_wconf 82' lang='grc' dir='ltr'><strong>μὴ</strong></span> <span class='ocrx_word' id='word_1_462' title='bbox 513 5439 932 5504; x_wconf 86' lang='grc' dir='ltr'><strong>κατασφάττωσι</strong></span> <span class='ocrx_word' id='word_1_463' title='bbox 954 5438 1052 5500; x_wconf 71' lang='grc' dir='ltr'><strong>τὰς</strong></span> <span class='ocrx_word' id='word_1_464' title='bbox 1071 5437 1329 5502; x_wconf 87' lang='grc' dir='ltr'><strong>γυναῖκας</strong></span> <span class='ocrx_word' id='word_1_465' title='bbox 1349 5434 1513 5498; x_wconf 79' lang='grc' dir='ltr'><strong>ἔνδον,</strong></span> <span class='ocrx_word' id='word_1_466' title='bbox 1527 5433 1591 5495; x_wconf 82' lang='grc' dir='ltr'><strong>ἀς</strong></span> <span class='ocrx_word' id='word_1_467' title='bbox 1611 5433 1675 5486; x_wconf 87' lang='grc' dir='ltr'><strong>ἂν</strong></span> <span class='ocrx_word' id='word_1_468' title='bbox 1697 5423 1874 5500; x_wconf 72' lang='grc' dir='ltr'><strong>ἀηδῶς</strong></span> 
     </span>
    </p>
   </div>
   <div class='ocr_carea' id='block_1_61' title="bbox 295 5525 1870 5597">
    <p class='ocr_par' dir='ltr' id='par_1_61' title="bbox 295 5525 1870 5597">
     <span class='ocr_line' id='line_1_61' title="bbox 295 5525 1870 5597; baseline -0.001 -17"><span class='ocrx_word' id='word_1_469' title='bbox 295 5527 526 5597; x_wconf 77' lang='grc' dir='ltr'><strong>ἔχωσιν,</strong></span> <span class='ocrx_word' id='word_1_470' title='bbox 555 5527 840 5580; x_wconf 84' lang='grc' dir='ltr'><strong>ἐκέλευσεν</strong></span> <span class='ocrx_word' id='word_1_471' title='bbox 871 5527 1143 5588; x_wconf 83' lang='grc' dir='ltr'><strong>ἐκϐαλεῖν,</strong></span> <span class='ocrx_word' id='word_1_472' title='bbox 1191 5525 1374 5595; x_wconf 77' lang='grc' dir='ltr'><strong>μεῖζον</strong></span> <span class='ocrx_word' id='word_1_473' title='bbox 1414 5525 1654 5594; x_wconf 84' lang='grc' dir='ltr'><strong>ἀναιρῶν</strong></span> <span class='ocrx_word' id='word_1_474' title='bbox 1699 5525 1870 5578; x_wconf 84' lang='grc' dir='ltr'><strong>κακὸν</strong></span> 
     </span>
    </p>
   </div>
   <div class='ocr_carea' id='block_1_62' title="bbox 293 5616 1874 5690">
    <p class='ocr_par' dir='ltr' id='par_1_62' title="bbox 293 5616 1874 5690">
     <span class='ocr_line' id='line_1_62' title="bbox 293 5616 1874 5690; baseline -0.002 -17"><span class='ocrx_word' id='word_1_475' title='bbox 293 5619 396 5690; x_wconf 79' lang='grc' dir='ltr'><strong>τὴν</strong></span> <span class='ocrx_word' id='word_1_476' title='bbox 427 5619 558 5690; x_wconf 75' lang='grc' dir='ltr'><strong>περὶ</strong></span> <span class='ocrx_word' id='word_1_477' title='bbox 603 5617 702 5682; x_wconf 89' lang='grc' dir='ltr'><strong>τάς</strong></span> <span class='ocrx_word' id='word_1_478' title='bbox 753 5617 966 5687; x_wconf 77' lang='grc' dir='ltr'><strong>σφαγὰς</strong></span> <span class='ocrx_word' id='word_1_479' title='bbox 1007 5619 1272 5673; x_wconf 79' lang='grc' dir='ltr'><strong>εὐκολίαν.</strong></span> <span class='ocrx_word' id='word_1_480' title='bbox 1311 5618 1432 5671; x_wconf 86' lang='grc' dir='ltr'><strong>Ὅτι</strong></span> <span class='ocrx_word' id='word_1_481' title='bbox 1463 5617 1572 5687; x_wconf 83' lang='grc' dir='ltr'><strong>γὰρ</strong></span> <span class='ocrx_word' id='word_1_482' title='bbox 1603 5616 1874 5688; x_wconf 84' lang='grc' dir='ltr'><strong>μιαιφόνοι</strong></span> 
     </span>
    </p>
   </div>
   <div class='ocr_carea' id='block_1_63' title="bbox 293 5705 1870 5781">
    <p class='ocr_par' dir='ltr' id='par_1_63' title="bbox 293 5705 1870 5781">
     <span class='ocr_line' id='line_1_63' title="bbox 293 5705 1870 5781; baseline -0.001 -19"><span class='ocrx_word' id='word_1_483' title='bbox 293 5709 444 5773; x_wconf 78' lang='grc' dir='ltr'><strong>τινὲς</strong></span> <span class='ocrx_word' id='word_1_484' title='bbox 481 5705 645 5780; x_wconf 81' lang='grc' dir='ltr'><strong>ἦσαν,</strong></span> <span class='ocrx_word' id='word_1_485' title='bbox 668 5709 832 5763; x_wconf 76' lang='grc' dir='ltr'><strong>ἄκουε</strong></span> <span class='ocrx_word' id='word_1_486' title='bbox 877 5710 1056 5762; x_wconf 86' lang='grc' dir='ltr'><strong>αὐτῶν</strong></span> <span class='ocrx_word' id='word_1_487' title='bbox 1089 5711 1199 5762; x_wconf 87' lang='grc' dir='ltr'><strong>τῶν</strong></span> <span class='ocrx_word' id='word_1_488' title='bbox 1238 5709 1534 5781; x_wconf 78' lang='grc' dir='ltr'><strong>προφητῶν</strong></span> <span class='ocrx_word' id='word_1_489' title='bbox 1564 5708 1828 5776; x_wconf 90' lang='grc' dir='ltr'><strong>λεγόντων</strong></span> <span class='ocrx_word' id='word_1_490' title='bbox 1857 5723 1870 5736; x_wconf 89' lang='grc'><strong>·</strong></span> 
     </span>
    </p>
   </div>
   <div class='ocr_carea' id='block_1_64' title="bbox 297 5795 1872 5868">
    <p class='ocr_par' dir='ltr' id='par_1_64' title="bbox 297 5795 1872 5868">
     <span class='ocr_line' id='line_1_64' title="bbox 297 5795 1872 5868; baseline 0.001 -19"><span class='ocrx_word' id='word_1_491' title='bbox 297 5795 772 5864; x_wconf 73' lang='grc' dir='ltr'><strong>οἰκοδομοῦντες</strong></span> <span class='ocrx_word' id='word_1_492' title='bbox 818 5795 970 5850; x_wconf 86' lang='grc' dir='ltr'><strong>Σιὼν</strong></span> <span class='ocrx_word' id='word_1_493' title='bbox 995 5799 1064 5850; x_wconf 78' lang='grc' dir='ltr'><strong>ἐν</strong></span> <span class='ocrx_word' id='word_1_494' title='bbox 1090 5799 1318 5866; x_wconf 74' lang='grc' dir='ltr'><strong>αἵματι,</strong></span> <span class='ocrx_word' id='word_1_495' title='bbox 1349 5797 1448 5852; x_wconf 81' lang='grc' dir='ltr'><strong>καί</strong></span> <span class='ocrx_word' id='word_1_496' title='bbox 1484 5796 1872 5868; x_wconf 78' lang='grc' dir='ltr'><strong>Ἰερουσαλὴμ</strong></span> 
     </span>
    </p>
   </div>
   <div class='ocr_carea' id='block_1_65' title="bbox 297 5886 1867 5958">
    <p class='ocr_par' dir='ltr' id='par_1_65' title="bbox 297 5886 1867 5958">
     <span class='ocr_line' id='line_1_65' title="bbox 297 5886 1867 5958; baseline -0.001 -18"><span class='ocrx_word' id='word_1_497' title='bbox 297 5889 358 5944; x_wconf 74' lang='grc' dir='ltr'><strong>ἐν</strong></span> <span class='ocrx_word' id='word_1_498' title='bbox 385 5887 623 5950; x_wconf 82' lang='grc' dir='ltr'><strong>ἀδικίαις</strong></span> <span class='ocrx_word' id='word_1_499' title='bbox 639 5903 654 5916; x_wconf 79' lang='grc'><em>’</em></span> <span class='ocrx_word' id='word_1_500' title='bbox 669 5887 762 5938; x_wconf 76' lang='grc' dir='ltr'><strong>καὶ</strong></span> <span class='ocrx_word' id='word_1_501' title='bbox 787 5886 967 5950; x_wconf 87' lang='grc' dir='ltr'><strong>πάλιν,</strong></span> <span class='ocrx_word' id='word_1_502' title='bbox 989 5887 1210 5955; x_wconf 80' lang='grc' dir='ltr'><strong>Αἵμιιττι</strong></span> <span class='ocrx_word' id='word_1_503' title='bbox 1232 5889 1322 5956; x_wconf 58' lang='grc' dir='ltr'><strong>ἐφ’</strong></span> <span class='ocrx_word' id='word_1_504' title='bbox 1338 5887 1542 5958; x_wconf 76' lang='grc' dir='ltr'><strong>αἵμασι</strong></span> <span class='ocrx_word' id='word_1_505' title='bbox 1558 5887 1867 5956; x_wconf 77' lang='grc' dir='ltr'><strong>μίσγουσι·</strong></span> 
     </span>
    </p>
   </div>
   <div class='ocr_carea' id='block_1_66' title="bbox 630 5977 1210 6042">
    <p class='ocr_par' dir='ltr' id='par_1_66' title="bbox 630 5977 1210 6042">
     <span class='ocr_line' id='line_1_66' title="bbox 630 5977 1210 6042; baseline 0.003 -2"><span class='ocrx_word' id='word_1_506' title='bbox 630 5977 902 6042; x_wconf 77' lang='grc' dir='ltr'><strong>ΡΑτιιοι..</strong></span> <span class='ocrx_word' id='word_1_507' title='bbox 949 5979 1066 6041; x_wconf 79' lang='lat' dir='ltr'><strong>Gn.</strong></span> <span class='ocrx_word' id='word_1_508' title='bbox 1113 5982 1210 6042; x_wconf 90' lang='lat' dir='ltr'><strong>LI.</strong></span> 
     </span>
    </p>
   </div>
   <div class='ocr_carea' id='block_1_67' title="bbox 1519 360 2496 425">
    <p class='ocr_par' dir='ltr' id='par_1_67' title="bbox 1519 360 2496 425">
     <span class='ocr_line' id='line_1_67' title="bbox 1519 360 2496 425; baseline 0.013 -11"><span class='ocrx_word' id='word_1_509' title='bbox 1519 360 1608 418; x_wconf 80' lang='lat' dir='ltr'><strong>DE</strong></span> <span class='ocrx_word' id='word_1_510' title='bbox 1643 363 1934 420; x_wconf 70' lang='grc' dir='ltr'><strong>ιιιιι·.ι.ι.υ</strong></span> <span class='ocrx_word' id='word_1_511' title='bbox 1973 365 2268 425; x_wconf 80' lang='lat' dir='ltr'><strong>BEPUD&quot;.</strong></span> <span class='ocrx_word' id='word_1_512' title='bbox 2309 369 2367 425; x_wconf 77' lang='grc'><strong>11.</strong></span> <span class='ocrx_word' id='word_1_513' title='bbox 2471 375 2496 390; x_wconf 83' lang='lat'><strong>‘</strong></span> 
     </span>
    </p>
   </div>
   <div class='ocr_carea' id='block_1_68' title="bbox 3439 365 3544 421">
    <p class='ocr_par' dir='ltr' id='par_1_68' title="bbox 3439 365 3544 421">
     <span class='ocr_line' id='line_1_68' title="bbox 3439 365 3544 421; baseline -0.038 0"><span class='ocrx_word' id='word_1_514' title='bbox 3439 365 3544 421; x_wconf 66' lang='lat'><strong>220</strong></span> 
     </span>
    </p>
   </div>
   <div class='ocr_carea' id='block_1_69' title="bbox 1981 473 3550 550">
    <p class='ocr_par' dir='ltr' id='par_1_69' title="bbox 1981 473 3550 550">
     <span class='ocr_line' id='line_1_69' title="bbox 1981 473 3550 550; baseline 0.006 -26"><span class='ocrx_word' id='word_1_515' title='bbox 1981 473 2076 526; x_wconf 66' lang='grc' dir='ltr'><strong>καὶ</strong></span> <span class='ocrx_word' id='word_1_516' title='bbox 2099 475 2278 542; x_wconf 87' lang='grc' dir='ltr'><strong>πάλιν,</strong></span> <span class='ocrx_word' id='word_1_517' title='bbox 2308 480 2377 532; x_wconf 78' lang='lat' dir='ltr'><strong>Al</strong></span> <span class='ocrx_word' id='word_1_518' title='bbox 2404 477 2594 547; x_wconf 74' lang='grc' dir='ltr'><strong>χεῖρες</strong></span> <span class='ocrx_word' id='word_1_519' title='bbox 2621 479 2786 550; x_wconf 64' lang='grc' dir='ltr'><strong>ὑμῶν</strong></span> <span class='ocrx_word' id='word_1_520' title='bbox 2829 479 3072 549; x_wconf 76' lang='grc' dir='ltr'><strong>αἵματος</strong></span> <span class='ocrx_word' id='word_1_521' title='bbox 3119 479 3384 548; x_wconf 46' lang='grc' dir='ltr'><strong>πλιψεις.</strong></span> <span class='ocrx_word' id='word_1_522' title='bbox 3429 481 3550 533; x_wconf 81' lang='grc' dir='ltr'><strong>Ὅτι</strong></span> 
     </span>
    </p>
   </div>
   <div class='ocr_carea' id='block_1_70' title="bbox 1978 563 3554 640">
    <p class='ocr_par' dir='ltr' id='par_1_70' title="bbox 1978 563 3554 640">
     <span class='ocr_line' id='line_1_70' title="bbox 1978 563 3554 640; baseline 0.004 -25"><span class='ocrx_word' id='word_1_523' title='bbox 1978 563 2034 615; x_wconf 88' lang='grc' dir='ltr'><strong>δὲ</strong></span> <span class='ocrx_word' id='word_1_524' title='bbox 2063 566 2123 618; x_wconf 90' lang='lat'><strong>06</strong></span> <span class='ocrx_word' id='word_1_525' title='bbox 2155 567 2295 620; x_wconf 86' lang='grc' dir='ltr'><strong>κατά</strong></span> <span class='ocrx_word' id='word_1_526' title='bbox 2325 568 2433 622; x_wconf 80' lang='grc' dir='ltr'><strong>τῶν</strong></span> <span class='ocrx_word' id='word_1_527' title='bbox 2451 569 2746 640; x_wconf 84' lang='grc' dir='ltr'><strong>ἀλλοτρίων</strong></span> <span class='ocrx_word' id='word_1_528' title='bbox 2782 571 2958 640; x_wconf 85' lang='grc' dir='ltr'><strong>μόνον,</strong></span> <span class='ocrx_word' id='word_1_529' title='bbox 2991 569 3128 622; x_wconf 76' lang='grc' dir='ltr'><strong>ἀλλὰ</strong></span> <span class='ocrx_word' id='word_1_530' title='bbox 3157 571 3251 623; x_wconf 76' lang='grc' dir='ltr'><strong>καὶ</strong></span> <span class='ocrx_word' id='word_1_531' title='bbox 3279 568 3420 622; x_wconf 87' lang='grc' dir='ltr'><strong>κατά</strong></span> <span class='ocrx_word' id='word_1_532' title='bbox 3443 569 3554 622; x_wconf 70' lang='lat' dir='ltr'><strong>1th</strong></span> 
     </span>
    </p>
   </div>
   <div class='ocr_carea' id='block_1_71' title="bbox 1979 654 3550 732">
    <p class='ocr_par' dir='ltr' id='par_1_71' title="bbox 1979 654 3550 732">
     <span class='ocr_line' id='line_1_71' title="bbox 1979 654 3550 732; baseline 0.004 -28"><span class='ocrx_word' id='word_1_533' title='bbox 1979 654 2192 707; x_wconf 78' lang='grc' dir='ltr'><strong>οἰκείων</strong></span> <span class='ocrx_word' id='word_1_534' title='bbox 2213 657 2514 725; x_wconf 86' lang='grc' dir='ltr'><strong>ἐμαίνοντο,</strong></span> <span class='ocrx_word' id='word_1_535' title='bbox 2539 660 2632 711; x_wconf 84' lang='grc' dir='ltr'><strong>καὶ</strong></span> <span class='ocrx_word' id='word_1_536' title='bbox 2655 659 2814 712; x_wconf 77' lang='grc' dir='ltr'><strong>τοῦτο</strong></span> <span class='ocrx_word' id='word_1_537' title='bbox 2833 659 3004 729; x_wconf 83' lang='grc' dir='ltr'><strong>δηλῶν</strong></span> <span class='ocrx_word' id='word_1_538' title='bbox 3021 659 3048 710; x_wconf 94' lang='lat'><strong>6</strong></span> <span class='ocrx_word' id='word_1_539' title='bbox 3070 659 3354 732; x_wconf 75' lang='grc' dir='ltr'><strong>Προφήτης</strong></span> <span class='ocrx_word' id='word_1_540' title='bbox 3376 658 3550 725; x_wconf 77' lang='grc' dir='ltr'><strong>ἔλεγε·</strong></span> 
     </span>
    </p>
   </div>
   <div class='ocr_carea' id='block_1_72' title="bbox 1979 743 3552 817">
    <p class='ocr_par' dir='ltr' id='par_1_72' title="bbox 1979 743 3552 817">
     <span class='ocr_line' id='line_1_72' title="bbox 1979 743 3552 817; baseline 0.011 -21"><span class='ocrx_word' id='word_1_541' title='bbox 1979 743 2088 796; x_wconf 79' lang='grc' dir='ltr'><strong>Καὶ</strong></span> <span class='ocrx_word' id='word_1_542' title='bbox 2109 745 2338 799; x_wconf 77' lang='grc' dir='ltr'><strong>ἔθυσαν</strong></span> <span class='ocrx_word' id='word_1_543' title='bbox 2363 749 2502 814; x_wconf 84' lang='grc' dir='ltr'><strong>τοὺς</strong></span> <span class='ocrx_word' id='word_1_544' title='bbox 2531 749 2702 815; x_wconf 80' lang='grc' dir='ltr'><strong>υἱοὺς</strong></span> <span class='ocrx_word' id='word_1_545' title='bbox 2735 749 2934 803; x_wconf 80' lang='grc' dir='ltr'><strong>αὐτῶν</strong></span> <span class='ocrx_word' id='word_1_546' title='bbox 2957 751 3056 803; x_wconf 78' lang='grc' dir='ltr'><strong>καί</strong></span> <span class='ocrx_word' id='word_1_547' title='bbox 3093 749 3200 815; x_wconf 84' lang='grc' dir='ltr'><strong>τὰς</strong></span> <span class='ocrx_word' id='word_1_548' title='bbox 3227 749 3552 817; x_wconf 57' lang='grc' dir='ltr'><strong>θυγατέρας</strong></span> 
     </span>
    </p>
   </div>
   <div class='ocr_carea' id='block_1_73' title="bbox 1978 835 3551 910">
    <p class='ocr_par' dir='ltr' id='par_1_73' title="bbox 1978 835 3551 910">
     <span class='ocr_line' id='line_1_73' title="bbox 1978 835 3551 910; baseline 0.003 -22"><span class='ocrx_word' id='word_1_549' title='bbox 1978 835 2176 890; x_wconf 84' lang='grc' dir='ltr'><strong>αὐτῶν</strong></span> <span class='ocrx_word' id='word_1_550' title='bbox 2231 838 2354 904; x_wconf 85' lang='grc' dir='ltr'><strong>τοῖς</strong></span> <span class='ocrx_word' id='word_1_551' title='bbox 2407 837 2756 907; x_wconf 82' lang='grc' dir='ltr'><strong>δαιμονίοις.</strong></span> <span class='ocrx_word' id='word_1_552' title='bbox 2803 839 2867 892; x_wconf 70' lang='grc' dir='ltr'><strong>(δί</strong></span> <span class='ocrx_word' id='word_1_553' title='bbox 2897 840 2954 892; x_wconf 86' lang='grc' dir='ltr'><strong>δέ</strong></span> <span class='ocrx_word' id='word_1_554' title='bbox 3007 841 3210 892; x_wconf 84' lang='grc' dir='ltr'><strong>παίδων</strong></span> <span class='ocrx_word' id='word_1_555' title='bbox 3259 839 3437 892; x_wconf 87' lang='grc' dir='ltr'><strong>αὐτῶν</strong></span> <span class='ocrx_word' id='word_1_556' title='bbox 3477 840 3551 910; x_wconf 84' lang='grc' dir='ltr'><strong>μὴ</strong></span> 
     </span>
    </p>
   </div>
   <div class='ocr_carea' id='block_1_74' title="bbox 1980 926 3549 1001">
    <p class='ocr_par' dir='ltr' id='par_1_74' title="bbox 1980 926 3549 1001">
     <span class='ocr_line' id='line_1_74' title="bbox 1980 926 3549 1001; baseline 0.003 -24"><span class='ocrx_word' id='word_1_557' title='bbox 1980 927 2317 997; x_wconf 82' lang='grc' dir='ltr'><strong>φεισάμενοι,</strong></span> <span class='ocrx_word' id='word_1_558' title='bbox 2347 930 2445 982; x_wconf 79' lang='grc' dir='ltr'><strong>οὐκ</strong></span> <span class='ocrx_word' id='word_1_559' title='bbox 2479 929 2542 983; x_wconf 83' lang='grc' dir='ltr'><strong>ἀν</strong></span> <span class='ocrx_word' id='word_1_560' title='bbox 2575 930 2861 1000; x_wconf 81' lang='grc' dir='ltr'><strong>ἐφείσαντο</strong></span> <span class='ocrx_word' id='word_1_561' title='bbox 2890 931 3184 999; x_wconf 87' lang='grc' dir='ltr'><strong>γυναικῶν.</strong></span> <span class='ocrx_word' id='word_1_562' title='bbox 3220 930 3317 982; x_wconf 75' lang='grc' dir='ltr'><strong>Ἵν⁹</strong></span> <span class='ocrx_word' id='word_1_563' title='bbox 3349 926 3442 984; x_wconf 80' lang='grc' dir='ltr'><strong>οὖν</strong></span> <span class='ocrx_word' id='word_1_564' title='bbox 3477 932 3549 1001; x_wconf 76' lang='grc' dir='ltr'><strong>μὴ</strong></span> 
     </span>
    </p>
   </div>
   <div class='ocr_carea' id='block_1_75' title="bbox 1979 1016 3554 1092">
    <p class='ocr_par' dir='ltr' id='par_1_75' title="bbox 1979 1016 3554 1092">
     <span class='ocr_line' id='line_1_75' title="bbox 1979 1016 3554 1092; baseline 0.004 -24"><span class='ocrx_word' id='word_1_565' title='bbox 1979 1016 2135 1069; x_wconf 81' lang='grc' dir='ltr'><strong>τοῦτο</strong></span> <span class='ocrx_word' id='word_1_566' title='bbox 2187 1019 2439 1090; x_wconf 88' lang='grc' dir='ltr'><strong>γένηται,</strong></span> <span class='ocrx_word' id='word_1_567' title='bbox 2489 1021 2646 1074; x_wconf 73' lang='grc' dir='ltr'><strong>τοῦτο</strong></span> <span class='ocrx_word' id='word_1_568' title='bbox 2701 1021 2988 1092; x_wconf 74' lang='grc' dir='ltr'><strong>ἐπέτρεψε.</strong></span> <span class='ocrx_word' id='word_1_569' title='bbox 3035 1023 3133 1076; x_wconf 72' lang='grc' dir='ltr'><strong>Διά</strong></span> <span class='ocrx_word' id='word_1_570' title='bbox 3187 1020 3344 1075; x_wconf 80' lang='grc' dir='ltr'><strong>τοῦτο</strong></span> <span class='ocrx_word' id='word_1_571' title='bbox 3391 1021 3487 1074; x_wconf 70' lang='grc' dir='ltr'><strong>καὶ</strong></span> <span class='ocrx_word' id='word_1_572' title='bbox 3525 1023 3554 1074; x_wconf 92' lang='lat'><strong>6</strong></span> 
     </span>
    </p>
   </div>
   <div class='ocr_carea' id='block_1_76' title="bbox 1978 1107 3554 1181">
    <p class='ocr_par' dir='ltr' id='par_1_76' title="bbox 1978 1107 3554 1181">
     <span class='ocr_line' id='line_1_76' title="bbox 1978 1107 3554 1181; baseline 0.003 -24"><span class='ocrx_word' id='word_1_573' title='bbox 1978 1107 2211 1176; x_wconf 85' lang='grc' dir='ltr'><strong>Χριστὸς</strong></span> <span class='ocrx_word' id='word_1_574' title='bbox 2263 1112 2376 1172; x_wconf 87' lang='grc' dir='ltr'><strong>τοῖς</strong></span> <span class='ocrx_word' id='word_1_575' title='bbox 2413 1111 2685 1175; x_wconf 81' lang='grc' dir='ltr'><strong>Ἰουδαίοις</strong></span> <span class='ocrx_word' id='word_1_576' title='bbox 2733 1113 2977 1181; x_wconf 83' lang='grc' dir='ltr'><strong>ἐρωτῶσι</strong></span> <span class='ocrx_word' id='word_1_577' title='bbox 3016 1113 3110 1164; x_wconf 73' lang='grc' dir='ltr'><strong>καὶ</strong></span> <span class='ocrx_word' id='word_1_578' title='bbox 3153 1111 3392 1178; x_wconf 87' lang='grc' dir='ltr'><strong>λέγουσι,</strong></span> <span class='ocrx_word' id='word_1_579' title='bbox 3421 1107 3554 1174; x_wconf 83' lang='grc' dir='ltr'><strong>Πῶς</strong></span> 
     </span>
    </p>
   </div>
   <div class='ocr_carea' id='block_1_77' title="bbox 1975 1197 3552 1268">
    <p class='ocr_par' dir='ltr' id='par_1_77' title="bbox 1975 1197 3552 1268">
     <span class='ocr_line' id='line_1_77' title="bbox 1975 1197 3552 1268; baseline 0.001 -18"><span class='ocrx_word' id='word_1_580' title='bbox 1975 1197 2238 1268; x_wconf 83' lang='grc' dir='ltr'><strong>Μωῦσῆς</strong></span> <span class='ocrx_word' id='word_1_581' title='bbox 2275 1200 2563 1268; x_wconf 69' lang='grc' dir='ltr'><strong>ἐπέτρεψε</strong></span> <span class='ocrx_word' id='word_1_582' title='bbox 2603 1203 2814 1256; x_wconf 80' lang='grc' dir='ltr'><strong>δοῦναι</strong></span> <span class='ocrx_word' id='word_1_583' title='bbox 2843 1202 3088 1266; x_wconf 78' lang='grc' dir='ltr'><strong>βιϐλίον</strong></span> <span class='ocrx_word' id='word_1_584' title='bbox 3129 1201 3552 1264; x_wconf 82' lang='grc' dir='ltr'><strong>ἀποστασίου;</strong></span> 
     </span>
    </p>
   </div>
   <div class='ocr_carea' id='block_1_78' title="bbox 1975 1287 3547 1362">
    <p class='ocr_par' dir='ltr' id='par_1_78' title="bbox 1975 1287 3547 1362">
     <span class='ocr_line' id='line_1_78' title="bbox 1975 1287 3547 1362; baseline 0.003 -24"><span class='ocrx_word' id='word_1_585' title='bbox 1975 1287 2186 1350; x_wconf 79' lang='grc' dir='ltr'><strong>δεικνὺς</strong></span> <span class='ocrx_word' id='word_1_586' title='bbox 2213 1291 2294 1342; x_wconf 84' lang='grc' dir='ltr'><strong>ὅτι</strong></span> <span class='ocrx_word' id='word_1_587' title='bbox 2318 1291 2416 1342; x_wconf 83' lang='grc' dir='ltr'><strong>οὐκ</strong></span> <span class='ocrx_word' id='word_1_588' title='bbox 2447 1291 2874 1360; x_wconf 84' lang='grc' dir='ltr'><strong>ἀντινομοθετῶν</strong></span> <span class='ocrx_word' id='word_1_589' title='bbox 2905 1289 3054 1362; x_wconf 78' lang='grc' dir='ltr'><strong>αὐτῷ</strong></span> <span class='ocrx_word' id='word_1_590' title='bbox 3085 1292 3259 1344; x_wconf 81' lang='grc' dir='ltr'><strong>ταῦτα</strong></span> <span class='ocrx_word' id='word_1_591' title='bbox 3289 1290 3547 1360; x_wconf 73' lang='grc' dir='ltr'><strong>ἔγραφεν,</strong></span> 
     </span>
    </p>
   </div>
   <div class='ocr_carea' id='block_1_79' title="bbox 1975 1373 3552 1448">
    <p class='ocr_par' dir='ltr' id='par_1_79' title="bbox 1975 1373 3552 1448">
     <span class='ocr_line' id='line_1_79' title="bbox 1975 1373 3552 1448; baseline 0.004 -22"><span class='ocrx_word' id='word_1_592' title='bbox 1975 1373 2116 1427; x_wconf 77' lang='grc' dir='ltr'><strong>ούτω</strong></span> <span class='ocrx_word' id='word_1_593' title='bbox 2145 1375 2260 1437; x_wconf 83' lang='grc' dir='ltr'><strong>πώς</strong></span> <span class='ocrx_word' id='word_1_594' title='bbox 2305 1395 2436 1448; x_wconf 83' lang='grc' dir='ltr'><strong>φησι</strong></span> <span class='ocrx_word' id='word_1_595' title='bbox 2469 1393 2480 1405; x_wconf 93' lang='grc'><strong>·</strong></span> <span class='ocrx_word' id='word_1_596' title='bbox 2521 1377 2782 1445; x_wconf 72' lang='grc' dir='ltr'><strong>Μωῢσῆς</strong></span> <span class='ocrx_word' id='word_1_597' title='bbox 2823 1378 2972 1446; x_wconf 81' lang='grc' dir='ltr'><strong>πρὸς</strong></span> <span class='ocrx_word' id='word_1_598' title='bbox 3018 1378 3133 1446; x_wconf 71' lang='grc' dir='ltr'><strong>τὴν</strong></span> <span class='ocrx_word' id='word_1_599' title='bbox 3179 1383 3552 1448; x_wconf 86' lang='grc' dir='ltr'><strong>σκληροκαρ-</strong></span> 
     </span>
    </p>
   </div>
   <div class='ocr_carea' id='block_1_80' title="bbox 1973 1463 3547 1536">
    <p class='ocr_par' dir='ltr' id='par_1_80' title="bbox 1973 1463 3547 1536">
     <span class='ocr_line' id='line_1_80' title="bbox 1973 1463 3547 1536; baseline 0.003 -22"><span class='ocrx_word' id='word_1_600' title='bbox 1973 1463 2112 1516; x_wconf 81' lang='grc' dir='ltr'><strong>δίαν</strong></span> <span class='ocrx_word' id='word_1_601' title='bbox 2134 1465 2302 1534; x_wconf 80' lang='grc' dir='ltr'><strong>ὑμῶν</strong></span> <span class='ocrx_word' id='word_1_602' title='bbox 2323 1465 2511 1530; x_wconf 76' lang='grc' dir='ltr'><strong>εἶπεν,</strong></span> <span class='ocrx_word' id='word_1_603' title='bbox 2537 1467 2638 1520; x_wconf 76' lang='grc' dir='ltr'><strong>ἀπ’</strong></span> <span class='ocrx_word' id='word_1_604' title='bbox 2656 1466 2848 1536; x_wconf 82' lang='grc' dir='ltr'><strong>ἀρχῆς</strong></span> <span class='ocrx_word' id='word_1_605' title='bbox 2875 1469 2942 1520; x_wconf 85' lang='grc' dir='ltr'><strong>δὲ</strong></span> <span class='ocrx_word' id='word_1_606' title='bbox 2965 1471 3036 1521; x_wconf 84' lang='grc' dir='ltr'><strong>οὺ</strong></span> <span class='ocrx_word' id='word_1_607' title='bbox 3059 1467 3304 1536; x_wconf 74' lang='grc' dir='ltr'><strong>γέγονεν</strong></span> <span class='ocrx_word' id='word_1_608' title='bbox 3330 1467 3508 1531; x_wconf 77' lang='grc' dir='ltr'><strong>οὕτως</strong></span> <span class='ocrx_word' id='word_1_609' title='bbox 3532 1481 3547 1496; x_wconf 73' lang='grc' dir='ltr'><strong>ο</strong></span> 
     </span>
    </p>
   </div>
   <div class='ocr_carea' id='block_1_81' title="bbox 1974 1550 3548 1622">
    <p class='ocr_par' dir='ltr' id='par_1_81' title="bbox 1974 1550 3548 1622">
     <span class='ocr_line' id='line_1_81' title="bbox 1974 1550 3548 1622; baseline 0 -18"><span class='ocrx_word' id='word_1_610' title='bbox 1974 1550 2110 1604; x_wconf 82' lang='grc' dir='ltr'><strong>ἀλλ’</strong></span> <span class='ocrx_word' id='word_1_611' title='bbox 2143 1553 2175 1604; x_wconf 85' lang='grc' dir='ltr'><em>ὀ</em></span> <span class='ocrx_word' id='word_1_612' title='bbox 2205 1551 2464 1619; x_wconf 78' lang='grc' dir='ltr'><strong>ποιήσας</strong></span> <span class='ocrx_word' id='word_1_613' title='bbox 2495 1552 2564 1616; x_wconf 84' lang='grc' dir='ltr'><strong>ἐξ</strong></span> <span class='ocrx_word' id='word_1_614' title='bbox 2607 1554 2800 1622; x_wconf 80' lang='grc' dir='ltr'><strong>ἀρχῆς</strong></span> <span class='ocrx_word' id='word_1_615' title='bbox 2831 1553 3009 1621; x_wconf 73' lang='grc' dir='ltr'><strong>ἄρρεν</strong></span> <span class='ocrx_word' id='word_1_616' title='bbox 3038 1554 3134 1605; x_wconf 77' lang='grc' dir='ltr'><strong>κ(ιί</strong></span> <span class='ocrx_word' id='word_1_617' title='bbox 3168 1553 3322 1620; x_wconf 80' lang='grc' dir='ltr'><strong>θῆλυ</strong></span> <span class='ocrx_word' id='word_1_618' title='bbox 3350 1551 3548 1619; x_wconf 82' lang='grc' dir='ltr'><strong>ἐποιή-</strong></span> 
     </span>
    </p>
   </div>
   <div class='ocr_carea' id='block_1_82' title="bbox 1973 1636 3550 1710">
    <p class='ocr_par' dir='ltr' id='par_1_82' title="bbox 1973 1636 3550 1710">
     <span class='ocr_line' id='line_1_82' title="bbox 1973 1636 3550 1710; baseline 0 -20"><span class='ocrx_word' id='word_1_619' title='bbox 1973 1651 2086 1690; x_wconf 88' lang='grc' dir='ltr'><strong>σεν</strong></span> <span class='ocrx_word' id='word_1_620' title='bbox 2110 1639 2350 1701; x_wconf 84' lang='grc' dir='ltr'><strong>αὐτούς.</strong></span> <span class='ocrx_word' id='word_1_621' title='bbox 2374 1639 2435 1690; x_wconf 85' lang='grc' dir='ltr'><strong>Εἰ</strong></span> <span class='ocrx_word' id='word_1_622' title='bbox 2479 1639 2642 1692; x_wconf 81' lang='grc' dir='ltr'><strong>καλὸν</strong></span> <span class='ocrx_word' id='word_1_623' title='bbox 2685 1641 2844 1692; x_wconf 75' lang='grc' dir='ltr'><strong>τοῦτο</strong></span> <span class='ocrx_word' id='word_1_624' title='bbox 2872 1636 2960 1710; x_wconf 86' lang='grc' dir='ltr'><strong>ἧν,</strong></span> <span class='ocrx_word' id='word_1_625' title='bbox 2997 1640 3158 1709; x_wconf 79' lang='grc' dir='ltr'><strong>φησὶν</strong></span> <span class='ocrx_word' id='word_1_626' title='bbox 3178 1680 3192 1702; x_wconf 93' lang='grc'><strong>,</strong></span> <span class='ocrx_word' id='word_1_627' title='bbox 3229 1640 3329 1691; x_wconf 78' lang='grc' dir='ltr'><strong>οὐκ</strong></span> <span class='ocrx_word' id='word_1_628' title='bbox 3359 1638 3424 1690; x_wconf 86' lang='grc' dir='ltr'><strong>ἂν</strong></span> <span class='ocrx_word' id='word_1_629' title='bbox 3455 1639 3550 1690; x_wconf 85' lang='grc' dir='ltr'><strong>’ένα</strong></span> 
     </span>
    </p>
   </div>
   <div class='ocr_carea' id='block_1_83' title="bbox 1973 1722 3550 1796">
    <p class='ocr_par' dir='ltr' id='par_1_83' title="bbox 1973 1722 3550 1796">
     <span class='ocr_line' id='line_1_83' title="bbox 1973 1722 3550 1796; baseline 0 -20"><span class='ocrx_word' id='word_1_630' title='bbox 1973 1722 2140 1793; x_wconf 80' lang='grc' dir='ltr'><strong>ἄνδρα</strong></span> <span class='ocrx_word' id='word_1_631' title='bbox 2170 1725 2389 1794; x_wconf 84' lang='grc' dir='ltr'><strong>ἐποίησε</strong></span> <span class='ocrx_word' id='word_1_632' title='bbox 2424 1725 2516 1778; x_wconf 73' lang='grc' dir='ltr'><strong>καὶ</strong></span> <span class='ocrx_word' id='word_1_633' title='bbox 2559 1726 2685 1796; x_wconf 89' lang='grc' dir='ltr'><strong>μίαν</strong></span> <span class='ocrx_word' id='word_1_634' title='bbox 2725 1730 2978 1795; x_wconf 89' lang='grc' dir='ltr'><strong>γυναῖκα,</strong></span> <span class='ocrx_word' id='word_1_635' title='bbox 3005 1727 3140 1780; x_wconf 85' lang='grc' dir='ltr'><strong>ἀλλά</strong></span> <span class='ocrx_word' id='word_1_636' title='bbox 3177 1726 3274 1779; x_wconf 75' lang='grc' dir='ltr'><strong>ἕνα</strong></span> <span class='ocrx_word' id='word_1_637' title='bbox 3320 1727 3550 1796; x_wconf 82' lang='grc' dir='ltr'><strong>ποιήσας</strong></span> 
     </span>
    </p>
   </div>
   <div class='ocr_carea' id='block_1_84' title="bbox 1973 1809 3552 1884">
    <p class='ocr_par' dir='ltr' id='par_1_84' title="bbox 1973 1809 3552 1884">
     <span class='ocr_line' id='line_1_84' title="bbox 1973 1809 3552 1884; baseline 0.001 -22"><span class='ocrx_word' id='word_1_638' title='bbox 1973 1811 2064 1862; x_wconf 84' lang='grc' dir='ltr'><strong>τὸν</strong></span> <span class='ocrx_word' id='word_1_639' title='bbox 2105 1811 2294 1880; x_wconf 77' lang='grc' dir='ltr'><strong>Ἀδὰμ,</strong></span> <span class='ocrx_word' id='word_1_640' title='bbox 2321 1809 2412 1864; x_wconf 89' lang='grc' dir='ltr'><strong>δύο</strong></span> <span class='ocrx_word' id='word_1_641' title='bbox 2439 1812 2504 1864; x_wconf 79' lang='grc' dir='ltr'><strong>ἂν</strong></span> <span class='ocrx_word' id='word_1_642' title='bbox 2527 1814 2751 1884; x_wconf 89' lang='grc' dir='ltr'><strong>ἐποίησε</strong></span> <span class='ocrx_word' id='word_1_643' title='bbox 2779 1813 2876 1876; x_wconf 74' lang='grc' dir='ltr'><strong>τὰς</strong></span> <span class='ocrx_word' id='word_1_644' title='bbox 2903 1817 3185 1881; x_wconf 90' lang='grc' dir='ltr'><strong>γυναῖκας,</strong></span> <span class='ocrx_word' id='word_1_645' title='bbox 3219 1813 3272 1865; x_wconf 88' lang='grc' dir='ltr'><strong>εῖ</strong></span> <span class='ocrx_word' id='word_1_646' title='bbox 3304 1829 3366 1881; x_wconf 92' lang='grc' dir='ltr'><strong>γε</strong></span> <span class='ocrx_word' id='word_1_647' title='bbox 3399 1811 3552 1864; x_wconf 83' lang='grc' dir='ltr'><strong>ἐϐού-</strong></span> 
     </span>
    </p>
   </div>
   <div class='ocr_carea' id='block_1_85' title="bbox 1974 1895 3549 1971">
    <p class='ocr_par' dir='ltr' id='par_1_85' title="bbox 1974 1895 3549 1971">
     <span class='ocr_line' id='line_1_85' title="bbox 1974 1895 3549 1971; baseline 0.001 -23"><span class='ocrx_word' id='word_1_648' title='bbox 1974 1895 2096 1949; x_wconf 85' lang='grc' dir='ltr'><strong>λετο</strong></span> <span class='ocrx_word' id='word_1_649' title='bbox 2129 1897 2226 1968; x_wconf 78' lang='grc' dir='ltr'><strong>τὴν</strong></span> <span class='ocrx_word' id='word_1_650' title='bbox 2273 1898 2371 1968; x_wconf 79' lang='grc' dir='ltr'><strong>μὲν</strong></span> <span class='ocrx_word' id='word_1_651' title='bbox 2408 1897 2694 1964; x_wconf 85' lang='grc' dir='ltr'><strong>ἐκϐαλεῖν,</strong></span> <span class='ocrx_word' id='word_1_652' title='bbox 2731 1899 2828 1971; x_wconf 83' lang='grc' dir='ltr'><strong>τὴν</strong></span> <span class='ocrx_word' id='word_1_653' title='bbox 2871 1901 2927 1953; x_wconf 86' lang='grc' dir='ltr'><strong>δὲ</strong></span> <span class='ocrx_word' id='word_1_654' title='bbox 2974 1901 3286 1967; x_wconf 89' lang='grc' dir='ltr'><strong>εἰσαγαγεῖν</strong></span> <span class='ocrx_word' id='word_1_655' title='bbox 3319 1915 3332 1928; x_wconf 86' lang='grc'><em>’</em></span> <span class='ocrx_word' id='word_1_656' title='bbox 3362 1897 3455 1950; x_wconf 74' lang='grc' dir='ltr'><strong>νῦν</strong></span> <span class='ocrx_word' id='word_1_657' title='bbox 3493 1898 3549 1951; x_wconf 78' lang='grc' dir='ltr'><strong>δὲ</strong></span> 
     </span>
    </p>
   </div>
   <div class='ocr_carea' id='block_1_86' title="bbox 1973 1983 3548 2057">
    <p class='ocr_par' dir='ltr' id='par_1_86' title="bbox 1973 1983 3548 2057">
     <span class='ocr_line' id='line_1_86' title="bbox 1973 1983 3548 2057; baseline 0.001 -22"><span class='ocrx_word' id='word_1_658' title='bbox 1973 1983 2062 2035; x_wconf 84' lang='grc' dir='ltr'><strong>διὰ</strong></span> <span class='ocrx_word' id='word_1_659' title='bbox 2083 1983 2175 2036; x_wconf 76' lang='grc' dir='ltr'><strong>τοῦ</strong></span> <span class='ocrx_word' id='word_1_660' title='bbox 2194 1985 2394 2055; x_wconf 88' lang='grc' dir='ltr'><strong>τρόπου</strong></span> <span class='ocrx_word' id='word_1_661' title='bbox 2419 1985 2517 2056; x_wconf 82' lang='grc' dir='ltr'><strong>τῆς</strong></span> <span class='ocrx_word' id='word_1_662' title='bbox 2541 1985 2898 2057; x_wconf 84' lang='grc' dir='ltr'><strong>δημιουργίας</strong></span> <span class='ocrx_word' id='word_1_663' title='bbox 2928 1987 3019 2040; x_wconf 84' lang='grc' dir='ltr'><strong>τὸν</strong></span> <span class='ocrx_word' id='word_1_664' title='bbox 3052 1987 3214 2053; x_wconf 88' lang='grc' dir='ltr'><strong>νόμον</strong></span> <span class='ocrx_word' id='word_1_665' title='bbox 3235 1987 3548 2055; x_wconf 84' lang='grc' dir='ltr'><strong>εἰσήγαγεν,</strong></span> 
     </span>
    </p>
   </div>
   <div class='ocr_carea' id='block_1_87' title="bbox 1973 2069 3552 2144">
    <p class='ocr_par' dir='ltr' id='par_1_87' title="bbox 1973 2069 3552 2144">
     <span class='ocr_line' id='line_1_87' title="bbox 1973 2069 3552 2144; baseline 0.001 -22"><span class='ocrx_word' id='word_1_666' title='bbox 1973 2069 2031 2122; x_wconf 85' lang='grc' dir='ltr'><strong>ὃν</strong></span> <span class='ocrx_word' id='word_1_667' title='bbox 2058 2069 2168 2138; x_wconf 88' lang='grc' dir='ltr'><strong>ἐγὼ</strong></span> <span class='ocrx_word' id='word_1_668' title='bbox 2201 2072 2399 2142; x_wconf 80' lang='grc' dir='ltr'><strong>γράφω</strong></span> <span class='ocrx_word' id='word_1_669' title='bbox 2431 2072 2548 2128; x_wconf 80' lang='grc' dir='ltr'><strong>νῦν.</strong></span> <span class='ocrx_word' id='word_1_670' title='bbox 2581 2074 2737 2126; x_wconf 86' lang='grc' dir='ltr'><strong>Ποῖον</strong></span> <span class='ocrx_word' id='word_1_671' title='bbox 2765 2073 2828 2142; x_wconf 83' lang='grc' dir='ltr'><strong>δὴ</strong></span> <span class='ocrx_word' id='word_1_672' title='bbox 2852 2072 3039 2126; x_wconf 85' lang='grc' dir='ltr'><strong>τοῦτον</strong></span> <span class='ocrx_word' id='word_1_673' title='bbox 3069 2089 3082 2136; x_wconf 92' lang='grc'><strong>;</strong></span> <span class='ocrx_word' id='word_1_674' title='bbox 3117 2073 3191 2125; x_wconf 89' lang='lat' dir='ltr'><em>T6</em></span> <span class='ocrx_word' id='word_1_675' title='bbox 3217 2071 3315 2142; x_wconf 80' lang='grc' dir='ltr'><strong>τὴν</strong></span> <span class='ocrx_word' id='word_1_676' title='bbox 3344 2071 3552 2144; x_wconf 77' lang='grc' dir='ltr'><strong>κληρω·</strong></span> 
     </span>
    </p>
   </div>
   <div class='ocr_carea' id='block_1_88' title="bbox 1975 2155 3544 2230">
    <p class='ocr_par' dir='ltr' id='par_1_88' title="bbox 1975 2155 3544 2230">
     <span class='ocr_line' id='line_1_88' title="bbox 1975 2155 3544 2230; baseline 0 -21"><span class='ocrx_word' id='word_1_677' title='bbox 1975 2155 2159 2209; x_wconf 86' lang='grc' dir='ltr'><strong>θεῖσαν</strong></span> <span class='ocrx_word' id='word_1_678' title='bbox 2194 2156 2252 2221; x_wconf 77' lang='grc' dir='ltr'><strong>ἐξ</strong></span> <span class='ocrx_word' id='word_1_679' title='bbox 2284 2159 2459 2228; x_wconf 82' lang='grc' dir='ltr'><strong>ἀρχῆς</strong></span> <span class='ocrx_word' id='word_1_680' title='bbox 2496 2161 2730 2226; x_wconf 87' lang='grc' dir='ltr'><strong>γυναῖκα</strong></span> <span class='ocrx_word' id='word_1_681' title='bbox 2755 2198 2769 2222; x_wconf 91' lang='grc'><strong>,</strong></span> <span class='ocrx_word' id='word_1_682' title='bbox 2801 2157 3006 2230; x_wconf 86' lang='grc' dir='ltr'><strong>ταύτην</strong></span> <span class='ocrx_word' id='word_1_683' title='bbox 3045 2158 3190 2228; x_wconf 79' lang='grc' dir='ltr'><strong>ἔχειν</strong></span> <span class='ocrx_word' id='word_1_684' title='bbox 3220 2157 3513 2220; x_wconf 83' lang='grc' dir='ltr'><strong>διαπαντός</strong></span> <span class='ocrx_word' id='word_1_685' title='bbox 3533 2174 3544 2186; x_wconf 87' lang='grc'>·</span> 
     </span>
    </p>
   </div>
   <div class='ocr_carea' id='block_1_89' title="bbox 1973 2239 3544 2316">
    <p class='ocr_par' dir='ltr' id='par_1_89' title="bbox 1973 2239 3544 2316">
     <span class='ocr_line' id='line_1_89' title="bbox 1973 2239 3544 2316; baseline 0 -21"><span class='ocrx_word' id='word_1_686' title='bbox 1973 2239 2127 2306; x_wconf 70' lang='grc' dir='ltr'><strong>οὗτος</strong></span> <span class='ocrx_word' id='word_1_687' title='bbox 2176 2243 2387 2296; x_wconf 89' lang='grc' dir='ltr'><strong>ἐκείνου</strong></span> <span class='ocrx_word' id='word_1_688' title='bbox 2431 2245 2788 2316; x_wconf 80' lang='grc' dir='ltr'><strong>παλαιότερος</strong></span> <span class='ocrx_word' id='word_1_689' title='bbox 2824 2247 2852 2298; x_wconf 90' lang='lat'><strong>6</strong></span> <span class='ocrx_word' id='word_1_690' title='bbox 2905 2246 3102 2315; x_wconf 84' lang='grc' dir='ltr'><strong>νόμος,</strong></span> <span class='ocrx_word' id='word_1_691' title='bbox 3132 2245 3224 2298; x_wconf 68' lang='grc' dir='ltr'><strong>καὶ</strong></span> <span class='ocrx_word' id='word_1_692' title='bbox 3272 2245 3544 2302; x_wconf 77' lang='grc' dir='ltr'><strong>τοσοῦτον,</strong></span> 
     </span>
    </p>
   </div>
   <div class='ocr_carea' id='block_1_90' title="bbox 1973 2330 3550 2402">
    <p class='ocr_par' dir='ltr' id='par_1_90' title="bbox 1973 2330 3550 2402">
     <span class='ocr_line' id='line_1_90' title="bbox 1973 2330 3550 2402; baseline 0 -20"><span class='ocrx_word' id='word_1_693' title='bbox 1973 2330 2094 2382; x_wconf 86' lang='grc' dir='ltr'><strong>ὅσον</strong></span> <span class='ocrx_word' id='word_1_694' title='bbox 2126 2333 2154 2384; x_wconf 91' lang='lat'><strong>6</strong></span> <span class='ocrx_word' id='word_1_695' title='bbox 2195 2331 2367 2402; x_wconf 81' lang='grc' dir='ltr'><strong>Ἀδὰμ</strong></span> <span class='ocrx_word' id='word_1_696' title='bbox 2387 2331 2481 2384; x_wconf 80' lang='grc' dir='ltr'><strong>τοῦ</strong></span> <span class='ocrx_word' id='word_1_697' title='bbox 2509 2333 2804 2395; x_wconf 82' lang='grc' dir='ltr'><strong>Μωῡσέως.</strong></span> <span class='ocrx_word' id='word_1_698' title='bbox 2840 2333 3002 2384; x_wconf 84' lang='grc' dir='ltr'><strong>Ὥστε</strong></span> <span class='ocrx_word' id='word_1_699' title='bbox 3027 2333 3086 2385; x_wconf 89' lang='lat' dir='ltr'><em>o6</em></span> <span class='ocrx_word' id='word_1_700' title='bbox 3119 2331 3425 2402; x_wconf 88' lang='grc' dir='ltr'><strong>καινοτομῶ</strong></span> <span class='ocrx_word' id='word_1_701' title='bbox 3455 2330 3550 2382; x_wconf 78' lang='grc' dir='ltr'><strong>νῦν</strong></span> 
     </span>
    </p>
   </div>
   <div class='ocr_carea' id='block_1_91' title="bbox 1973 2416 3546 2490">
    <p class='ocr_par' dir='ltr' id='par_1_91' title="bbox 1973 2416 3546 2490">
     <span class='ocr_line' id='line_1_91' title="bbox 1973 2416 3546 2490; baseline 0.001 -22"><span class='ocrx_word' id='word_1_702' title='bbox 1973 2416 2106 2484; x_wconf 88' lang='grc' dir='ltr'><strong>ἐγὼ,</strong></span> <span class='ocrx_word' id='word_1_703' title='bbox 2130 2417 2251 2470; x_wconf 81' lang='grc' dir='ltr'><strong>οὐδὲ</strong></span> <span class='ocrx_word' id='word_1_704' title='bbox 2281 2420 2407 2484; x_wconf 81' lang='grc' dir='ltr'><strong>ξένα</strong></span> <span class='ocrx_word' id='word_1_705' title='bbox 2440 2419 2752 2490; x_wconf 81' lang='grc' dir='ltr'><strong>ἐπεισφέρω</strong></span> <span class='ocrx_word' id='word_1_706' title='bbox 2789 2419 3055 2490; x_wconf 87' lang='grc' dir='ltr'><strong>δόγματα,</strong></span> <span class='ocrx_word' id='word_1_707' title='bbox 3088 2418 3224 2471; x_wconf 87' lang='grc' dir='ltr'><strong>ἀλλά</strong></span> <span class='ocrx_word' id='word_1_708' title='bbox 3251 2418 3345 2471; x_wconf 83' lang='grc' dir='ltr'><strong>τοῦ</strong></span> <span class='ocrx_word' id='word_1_709' title='bbox 3378 2419 3546 2470; x_wconf 78' lang='grc' dir='ltr'><strong>Μωῢο</strong></span> 
     </span>
    </p>
   </div>
   <div class='ocr_carea' id='block_1_92' title="bbox 1976 2503 3549 2578">
    <p class='ocr_par' dir='ltr' id='par_1_92' title="bbox 1976 2503 3549 2578">
     <span class='ocr_line' id='line_1_92' title="bbox 1976 2503 3549 2578; baseline -0.001 -22"><span class='ocrx_word' id='word_1_710' title='bbox 1976 2504 2112 2568; x_wconf 86' lang='grc' dir='ltr'><strong>σέως</strong></span> <span class='ocrx_word' id='word_1_711' title='bbox 2139 2505 2482 2578; x_wconf 88' lang='grc' dir='ltr'><strong>πρεσϐύτερα</strong></span> <span class='ocrx_word' id='word_1_712' title='bbox 2515 2508 2608 2560; x_wconf 75' lang='grc' dir='ltr'><strong>καὶ</strong></span> <span class='ocrx_word' id='word_1_713' title='bbox 2623 2507 2974 2578; x_wconf 84' lang='grc' dir='ltr'><strong>ἀρχαιότερα.</strong></span> <span class='ocrx_word' id='word_1_714' title='bbox 3000 2505 3184 2571; x_wconf 76' lang='grc' dir='ltr'><strong>Ἄξιον</strong></span> <span class='ocrx_word' id='word_1_715' title='bbox 3210 2505 3264 2558; x_wconf 80' lang='grc' dir='ltr'><strong>δέ</strong></span> <span class='ocrx_word' id='word_1_716' title='bbox 3281 2505 3376 2558; x_wconf 74' lang='grc' dir='ltr'><strong>καὶ</strong></span> <span class='ocrx_word' id='word_1_717' title='bbox 3389 2503 3549 2557; x_wconf 80' lang='grc' dir='ltr'><strong>αὐτὸν</strong></span> 
     </span>
    </p>
   </div>
   <div class='ocr_carea' id='block_1_93' title="bbox 1971 2589 3544 2663">
    <p class='ocr_par' dir='ltr' id='par_1_93' title="bbox 1971 2589 3544 2663">
     <span class='ocr_line' id='line_1_93' title="bbox 1971 2589 3544 2663; baseline 0 -21"><span class='ocrx_word' id='word_1_718' title='bbox 1971 2589 2063 2643; x_wconf 82' lang='grc' dir='ltr'><strong>τὸν</strong></span> <span class='ocrx_word' id='word_1_719' title='bbox 2092 2591 2256 2661; x_wconf 87' lang='grc' dir='ltr'><strong>νόμον</strong></span> <span class='ocrx_word' id='word_1_720' title='bbox 2281 2593 2512 2645; x_wconf 81' lang='grc' dir='ltr'><strong>ἀκοῦσαι</strong></span> <span class='ocrx_word' id='word_1_721' title='bbox 2534 2593 2835 2654; x_wconf 83' lang='grc' dir='ltr'><strong>Μωῦσέως,</strong></span> <span class='ocrx_word' id='word_1_722' title='bbox 2865 2591 2925 2643; x_wconf 83' lang='grc' dir='ltr'><strong>ὃν</strong></span> <span class='ocrx_word' id='word_1_723' title='bbox 2951 2592 3079 2663; x_wconf 73' lang='grc' dir='ltr'><strong>περὶ</strong></span> <span class='ocrx_word' id='word_1_724' title='bbox 3105 2590 3295 2643; x_wconf 88' lang='grc' dir='ltr'><strong>τούτου</strong></span> <span class='ocrx_word' id='word_1_725' title='bbox 3324 2589 3544 2658; x_wconf 72' lang='grc' dir='ltr'><strong>έθηκεν.</strong></span> 
     </span>
    </p>
   </div>
   <div class='ocr_carea' id='block_1_94' title="bbox 1986 2677 3550 2748">
    <p class='ocr_par' dir='ltr' id='par_1_94' title="bbox 1986 2677 3550 2748">
     <span class='ocr_line' id='line_1_94' title="bbox 1986 2677 3550 2748; baseline 0 -18"><span class='ocrx_word' id='word_1_726' title='bbox 1986 2677 2128 2730; x_wconf 86' lang='grc' dir='ltr'><strong>Ἐάν</strong></span> <span class='ocrx_word' id='word_1_727' title='bbox 2176 2695 2267 2744; x_wconf 91' lang='grc' dir='ltr'><strong>τις</strong></span> <span class='ocrx_word' id='word_1_728' title='bbox 2320 2681 2578 2748; x_wconf 75' lang='grc' dir='ltr'><strong>γυναῖκα</strong></span> <span class='ocrx_word' id='word_1_729' title='bbox 2627 2679 2820 2746; x_wconf 84' lang='grc' dir='ltr'><strong>λάϐῃ,</strong></span> <span class='ocrx_word' id='word_1_730' title='bbox 2871 2679 3032 2748; x_wconf 77' lang='grc' dir='ltr'><strong>φησὶ,</strong></span> <span class='ocrx_word' id='word_1_731' title='bbox 3071 2677 3165 2731; x_wconf 84' lang='grc' dir='ltr'><strong>καί</strong></span> <span class='ocrx_word' id='word_1_732' title='bbox 3205 2677 3550 2745; x_wconf 76' lang='grc' dir='ltr'><strong>συνοικήσῃ</strong></span> 
     </span>
    </p>
   </div>
   <div class='ocr_carea' id='block_1_95' title="bbox 1973 2761 3551 2834">
    <p class='ocr_par' dir='ltr' id='par_1_95' title="bbox 1973 2761 3551 2834">
     <span class='ocr_line' id='line_1_95' title="bbox 1973 2761 3551 2834; baseline 0.001 -20"><span class='ocrx_word' id='word_1_733' title='bbox 1973 2761 2161 2830; x_wconf 76' lang='grc' dir='ltr'><strong>αὐτῇ,</strong></span> <span class='ocrx_word' id='word_1_734' title='bbox 2193 2763 2293 2816; x_wconf 81' lang='grc' dir='ltr'><strong>καί</strong></span> <span class='ocrx_word' id='word_1_735' title='bbox 2339 2763 2512 2818; x_wconf 81' lang='grc' dir='ltr'><strong>ἔσται</strong></span> <span class='ocrx_word' id='word_1_736' title='bbox 2537 2805 2551 2828; x_wconf 97' lang='grc'><strong>,</strong></span> <span class='ocrx_word' id='word_1_737' title='bbox 2584 2765 2692 2818; x_wconf 84' lang='grc' dir='ltr'><strong>ἐὰν</strong></span> <span class='ocrx_word' id='word_1_738' title='bbox 2728 2763 2813 2834; x_wconf 80' lang='grc' dir='ltr'><strong>μὴ</strong></span> <span class='ocrx_word' id='word_1_739' title='bbox 2854 2764 2998 2833; x_wconf 80' lang='grc' dir='ltr'><strong>εὕρῃ</strong></span> <span class='ocrx_word' id='word_1_740' title='bbox 3052 2764 3228 2832; x_wconf 83' lang='grc' dir='ltr'><strong>χάριν</strong></span> <span class='ocrx_word' id='word_1_741' title='bbox 3274 2764 3551 2816; x_wconf 75' lang='grc' dir='ltr'><strong>ἐναντίον</strong></span> 
     </span>
    </p>
   </div>
   <div class='ocr_carea' id='block_1_96' title="bbox 1972 2847 3548 2920">
    <p class='ocr_par' dir='ltr' id='par_1_96' title="bbox 1972 2847 3548 2920">
     <span class='ocr_line' id='line_1_96' title="bbox 1972 2847 3548 2920; baseline 0.005 -20"><span class='ocrx_word' id='word_1_742' title='bbox 1972 2850 2180 2914; x_wconf 86' lang='grc' dir='ltr'><strong>αὐτοῦ,</strong></span> <span class='ocrx_word' id='word_1_743' title='bbox 2204 2850 2294 2902; x_wconf 85' lang='grc' dir='ltr'><strong>ὅτι</strong></span> <span class='ocrx_word' id='word_1_744' title='bbox 2324 2847 2500 2918; x_wconf 79' lang='grc' dir='ltr'><strong>εὗρεν</strong></span> <span class='ocrx_word' id='word_1_745' title='bbox 2527 2853 2597 2904; x_wconf 84' lang='grc' dir='ltr'><strong>ἐν</strong></span> <span class='ocrx_word' id='word_1_746' title='bbox 2633 2851 2788 2919; x_wconf 85' lang='grc' dir='ltr'><strong>αὐτῇ</strong></span> <span class='ocrx_word' id='word_1_747' title='bbox 2823 2853 3264 2920; x_wconf 76' lang='grc' dir='ltr'><strong>ἀσχημοσύνης</strong></span> <span class='ocrx_word' id='word_1_748' title='bbox 3291 2849 3548 2920; x_wconf 80' lang='grc' dir='ltr'><strong>πρᾶγμα.</strong></span> 
     </span>
    </p>
   </div>
   <div class='ocr_carea' id='block_1_97' title="bbox 1972 2935 3550 3006">
    <p class='ocr_par' dir='ltr' id='par_1_97' title="bbox 1972 2935 3550 3006">
     <span class='ocr_line' id='line_1_97' title="bbox 1972 2935 3550 3006; baseline 0.002 -18"><span class='ocrx_word' id='word_1_749' title='bbox 1972 2935 2188 3006; x_wconf 68' lang='grc' dir='ltr'><strong>γράψει</strong></span> <span class='ocrx_word' id='word_1_750' title='bbox 2203 2937 2359 3006; x_wconf 83' lang='grc' dir='ltr'><strong>αὐτῇ</strong></span> <span class='ocrx_word' id='word_1_751' title='bbox 2377 2939 2624 3002; x_wconf 76' lang='grc' dir='ltr'><strong>βιϐλίον</strong></span> <span class='ocrx_word' id='word_1_752' title='bbox 2652 2939 3052 3004; x_wconf 79' lang='grc' dir='ltr'><strong>ἀποστασίου,</strong></span> <span class='ocrx_word' id='word_1_753' title='bbox 3081 2937 3178 2990; x_wconf 84' lang='grc' dir='ltr'><strong>καί</strong></span> <span class='ocrx_word' id='word_1_754' title='bbox 3201 2935 3376 2991; x_wconf 85' lang='grc' dir='ltr'><strong>δώσει</strong></span> <span class='ocrx_word' id='word_1_755' title='bbox 3395 2935 3550 3004; x_wconf 81' lang='grc' dir='ltr'><strong>αὐτῇ</strong></span> 
     </span>
    </p>
   </div>
   <div class='ocr_carea' id='block_1_98' title="bbox 1970 3020 3544 3096">
    <p class='ocr_par' dir='ltr' id='par_1_98' title="bbox 1970 3020 3544 3096">
     <span class='ocr_line' id='line_1_98' title="bbox 1970 3020 3544 3096; baseline 0 -21"><span class='ocrx_word' id='word_1_756' title='bbox 1970 3025 2058 3090; x_wconf 86' lang='grc' dir='ltr'><strong>είς</strong></span> <span class='ocrx_word' id='word_1_757' title='bbox 2087 3023 2195 3089; x_wconf 87' lang='grc' dir='ltr'><strong>τὰς</strong></span> <span class='ocrx_word' id='word_1_758' title='bbox 2235 3023 2438 3094; x_wconf 79' lang='grc' dir='ltr'><strong>χεῖρας</strong></span> <span class='ocrx_word' id='word_1_759' title='bbox 2466 3024 2676 3092; x_wconf 83' lang='grc' dir='ltr'><strong>αὐτῆς.</strong></span> <span class='ocrx_word' id='word_1_760' title='bbox 2711 3026 2856 3096; x_wconf 86' lang='grc' dir='ltr'><strong>Ὅρα</strong></span> <span class='ocrx_word' id='word_1_761' title='bbox 2879 3042 2893 3057; x_wconf 88' lang='grc'><strong>·</strong></span> <span class='ocrx_word' id='word_1_762' title='bbox 2925 3024 3026 3078; x_wconf 86' lang='grc' dir='ltr'><strong>οὐκ</strong></span> <span class='ocrx_word' id='word_1_763' title='bbox 3058 3020 3178 3076; x_wconf 83' lang='grc' dir='ltr'><strong>εἰπε</strong></span> <span class='ocrx_word' id='word_1_764' title='bbox 3199 3065 3214 3089; x_wconf 92' lang='grc'><strong>,</strong></span> <span class='ocrx_word' id='word_1_765' title='bbox 3255 3023 3544 3092; x_wconf 75' lang='grc' dir='ltr'><strong>Γραψάτω,</strong></span> 
     </span>
    </p>
   </div>
   <div class='ocr_carea' id='block_1_99' title="bbox 1971 3111 3550 3180">
    <p class='ocr_par' dir='ltr' id='par_1_99' title="bbox 1971 3111 3550 3180">
     <span class='ocr_line' id='line_1_99' title="bbox 1971 3111 3550 3180; baseline 0.001 -18"><span class='ocrx_word' id='word_1_766' title='bbox 1971 3111 2069 3163; x_wconf 78' lang='grc' dir='ltr'><strong>καὶ</strong></span> <span class='ocrx_word' id='word_1_767' title='bbox 2099 3111 2275 3164; x_wconf 87' lang='grc' dir='ltr'><strong>δότω·</strong></span> <span class='ocrx_word' id='word_1_768' title='bbox 2327 3111 2464 3164; x_wconf 83' lang='grc' dir='ltr'><strong>ἀλλὰ</strong></span> <span class='ocrx_word' id='word_1_769' title='bbox 2525 3111 2609 3178; x_wconf 89' lang='grc' dir='ltr'><strong>τί;</strong></span> <span class='ocrx_word' id='word_1_770' title='bbox 2649 3111 2874 3180; x_wconf 56' lang='grc' dir='ltr'><strong>Γράφει</strong></span> <span class='ocrx_word' id='word_1_771' title='bbox 2919 3111 3072 3179; x_wconf 81' lang='grc' dir='ltr'><strong>αὐτῇ</strong></span> <span class='ocrx_word' id='word_1_772' title='bbox 3107 3111 3351 3175; x_wconf 80' lang='grc' dir='ltr'><strong>βιϐλίον</strong></span> <span class='ocrx_word' id='word_1_773' title='bbox 3402 3112 3550 3164; x_wconf 84' lang='grc' dir='ltr'><strong>ἀπο-</strong></span> 
     </span>
    </p>
   </div>
   <div class='ocr_carea' id='block_1_100' title="bbox 1970 3196 3546 3269">
    <p class='ocr_par' dir='ltr' id='par_1_100' title="bbox 1970 3196 3546 3269">
     <span class='ocr_line' id='line_1_100' title="bbox 1970 3196 3546 3269; baseline 0 -19"><span class='ocrx_word' id='word_1_774' title='bbox 1970 3199 2251 3262; x_wconf 86' lang='grc' dir='ltr'><strong>στασίου,</strong></span> <span class='ocrx_word' id='word_1_775' title='bbox 2303 3199 2400 3252; x_wconf 77' lang='grc' dir='ltr'><strong>καὶ</strong></span> <span class='ocrx_word' id='word_1_776' title='bbox 2432 3199 2610 3254; x_wconf 83' lang='grc' dir='ltr'><strong>δώσει</strong></span> <span class='ocrx_word' id='word_1_777' title='bbox 2634 3198 2790 3268; x_wconf 77' lang='grc' dir='ltr'><strong>αὐτῇ</strong></span> <span class='ocrx_word' id='word_1_778' title='bbox 2827 3202 2912 3265; x_wconf 86' lang='grc' dir='ltr'><strong>εἰς</strong></span> <span class='ocrx_word' id='word_1_779' title='bbox 2951 3199 3057 3264; x_wconf 85' lang='grc' dir='ltr'><strong>τὰς</strong></span> <span class='ocrx_word' id='word_1_780' title='bbox 3096 3197 3298 3269; x_wconf 81' lang='grc' dir='ltr'><strong>χεῖρας</strong></span> <span class='ocrx_word' id='word_1_781' title='bbox 3335 3196 3546 3266; x_wconf 82' lang='grc' dir='ltr'><strong>αὐτῆς.</strong></span> 
     </span>
    </p>
   </div>
   <div class='ocr_carea' id='block_1_101' title="bbox 1973 3283 3552 3356">
    <p class='ocr_par' dir='ltr' id='par_1_101' title="bbox 1973 3283 3552 3356">
     <span class='ocr_line' id='line_1_101' title="bbox 1973 3283 3552 3356; baseline 0.001 -20"><span class='ocrx_word' id='word_1_782' title='bbox 1973 3285 2112 3338; x_wconf 81' lang='grc' dir='ltr'><strong>Πολὺ</strong></span> <span class='ocrx_word' id='word_1_783' title='bbox 2141 3284 2198 3338; x_wconf 84' lang='grc' dir='ltr'><strong>δὲ</strong></span> <span class='ocrx_word' id='word_1_784' title='bbox 2239 3285 2434 3338; x_wconf 88' lang='grc' dir='ltr'><strong>τούτου</strong></span> <span class='ocrx_word' id='word_1_785' title='bbox 2470 3287 2725 3340; x_wconf 89' lang='grc' dir='ltr'><strong>κάκείνου</strong></span> <span class='ocrx_word' id='word_1_786' title='bbox 2755 3285 2814 3338; x_wconf 88' lang='lat'><strong>16</strong></span> <span class='ocrx_word' id='word_1_787' title='bbox 2857 3286 3019 3356; x_wconf 87' lang='grc' dir='ltr'><strong>μέσον</strong></span> <span class='ocrx_word' id='word_1_788' title='bbox 3039 3303 3054 3317; x_wconf 77' lang='grc' dir='ltr'><strong>ο</strong></span> <span class='ocrx_word' id='word_1_789' title='bbox 3085 3285 3146 3338; x_wconf 89' lang='lat'><strong>16</strong></span> <span class='ocrx_word' id='word_1_790' title='bbox 3193 3285 3291 3356; x_wconf 80' lang='grc' dir='ltr'><strong>μὲν</strong></span> <span class='ocrx_word' id='word_1_791' title='bbox 3334 3283 3440 3354; x_wconf 84' lang='grc' dir='ltr'><strong>γὰρ</strong></span> <span class='ocrx_word' id='word_1_792' title='bbox 3471 3285 3552 3338; x_wconf 81' lang='grc' dir='ltr'><strong>εἰ·</strong></span> 
     </span>
    </p>
   </div>
   <div class='ocr_carea' id='block_1_102' title="bbox 1971 3371 3547 3443">
    <p class='ocr_par' dir='ltr' id='par_1_102' title="bbox 1971 3371 3547 3443">
     <span class='ocr_line' id='line_1_102' title="bbox 1971 3371 3547 3443; baseline -0.001 -19"><span class='ocrx_word' id='word_1_793' title='bbox 1971 3375 2113 3435; x_wconf 86' lang='grc' dir='ltr'><strong>πεῖν,</strong></span> <span class='ocrx_word' id='word_1_794' title='bbox 2148 3371 2436 3443; x_wconf 82' lang='grc' dir='ltr'><strong>Γραψάτω,</strong></span> <span class='ocrx_word' id='word_1_795' title='bbox 2479 3375 2572 3427; x_wconf 76' lang='grc' dir='ltr'><strong>καὶ</strong></span> <span class='ocrx_word' id='word_1_796' title='bbox 2604 3373 2762 3437; x_wconf 88' lang='grc' dir='ltr'><strong>δότω,</strong></span> <span class='ocrx_word' id='word_1_797' title='bbox 2819 3373 3138 3436; x_wconf 86' lang='grc' dir='ltr'><strong>κελεύοντος</strong></span> <span class='ocrx_word' id='word_1_798' title='bbox 3173 3373 3269 3425; x_wconf 76' lang='grc' dir='ltr'><strong>καὶ</strong></span> <span class='ocrx_word' id='word_1_799' title='bbox 3318 3371 3547 3426; x_wconf 85' lang='grc' dir='ltr'><strong>ἐπιτάτ-</strong></span> 
     </span>
    </p>
   </div>
   <div class='ocr_carea' id='block_1_103' title="bbox 1969 3457 3546 3526">
    <p class='ocr_par' dir='ltr' id='par_1_103' title="bbox 1969 3457 3546 3526">
     <span class='ocr_line' id='line_1_103' title="bbox 1969 3457 3546 3526; baseline 0.002 -16"><span class='ocrx_word' id='word_1_800' title='bbox 1969 3474 2188 3520; x_wconf 88' lang='grc' dir='ltr'><strong>τοντος·</strong></span> <span class='ocrx_word' id='word_1_801' title='bbox 2224 3459 2286 3512; x_wconf 85' lang='grc' dir='ltr'><strong>τὸ</strong></span> <span class='ocrx_word' id='word_1_802' title='bbox 2319 3459 2376 3510; x_wconf 81' lang='grc' dir='ltr'><strong>δὲ</strong></span> <span class='ocrx_word' id='word_1_803' title='bbox 2405 3461 2602 3524; x_wconf 83' lang='grc' dir='ltr'><strong>εἰπεῖν,</strong></span> <span class='ocrx_word' id='word_1_804' title='bbox 2642 3459 3124 3526; x_wconf 64' lang='grc' dir='ltr'><strong>Γράψειβιϐλίον</strong></span> <span class='ocrx_word' id='word_1_805' title='bbox 3146 3457 3546 3514; x_wconf 77' lang='grc' dir='ltr'><strong>ἀποστασίου.</strong></span> 
     </span>
    </p>
   </div>
   <div class='ocr_carea' id='block_1_104' title="bbox 1973 3541 3548 3611">
    <p class='ocr_par' dir='ltr' id='par_1_104' title="bbox 1973 3541 3548 3611">
     <span class='ocr_line' id='line_1_104' title="bbox 1973 3541 3548 3611; baseline -0.003 -15"><span class='ocrx_word' id='word_1_806' title='bbox 1973 3541 2072 3596; x_wconf 82' lang='grc' dir='ltr'><strong>καί</strong></span> <span class='ocrx_word' id='word_1_807' title='bbox 2113 3542 2290 3596; x_wconf 88' lang='grc' dir='ltr'><strong>δώσει</strong></span> <span class='ocrx_word' id='word_1_808' title='bbox 2328 3547 2414 3608; x_wconf 87' lang='grc' dir='ltr'><strong>είς</strong></span> <span class='ocrx_word' id='word_1_809' title='bbox 2456 3543 2562 3608; x_wconf 87' lang='grc' dir='ltr'><strong>τὰς</strong></span> <span class='ocrx_word' id='word_1_810' title='bbox 2602 3544 2803 3611; x_wconf 79' lang='grc' dir='ltr'><strong>χεῖρας</strong></span> <span class='ocrx_word' id='word_1_811' title='bbox 2843 3542 3054 3608; x_wconf 84' lang='grc' dir='ltr'><strong>αὐτῆς,</strong></span> <span class='ocrx_word' id='word_1_812' title='bbox 3090 3541 3151 3593; x_wconf 89' lang='lat'><strong>16</strong></span> <span class='ocrx_word' id='word_1_813' title='bbox 3181 3541 3548 3609; x_wconf 82' lang='grc' dir='ltr'><strong>γεγενημένον</strong></span> 
     </span>
    </p>
   </div>
   <div class='ocr_carea' id='block_1_105' title="bbox 1971 3625 3552 3698">
    <p class='ocr_par' dir='ltr' id='par_1_105' title="bbox 1971 3625 3552 3698">
     <span class='ocr_line' id='line_1_105' title="bbox 1971 3625 3552 3698; baseline -0.001 -16"><span class='ocrx_word' id='word_1_814' title='bbox 1971 3629 2447 3698; x_wconf 78' lang='grc' dir='ltr'><strong>ἀπαγγέλλοντος,</strong></span> <span class='ocrx_word' id='word_1_815' title='bbox 2501 3631 2601 3682; x_wconf 84' lang='grc' dir='ltr'><strong>οὐκ</strong></span> <span class='ocrx_word' id='word_1_816' title='bbox 2636 3630 2845 3681; x_wconf 79' lang='grc' dir='ltr'><strong>οἴκοθεν</strong></span> <span class='ocrx_word' id='word_1_817' title='bbox 2880 3629 2972 3680; x_wconf 86' lang='grc' dir='ltr'><strong>τὸν</strong></span> <span class='ocrx_word' id='word_1_818' title='bbox 3004 3628 3165 3697; x_wconf 84' lang='grc' dir='ltr'><strong>νόμον</strong></span> <span class='ocrx_word' id='word_1_819' title='bbox 3214 3625 3552 3693; x_wconf 89' lang='grc' dir='ltr'><strong>εἰσάγοντος.</strong></span> 
     </span>
    </p>
   </div>
   <div class='ocr_carea' id='block_1_106' title="bbox 1985 3711 3546 3783">
    <p class='ocr_par' dir='ltr' id='par_1_106' title="bbox 1985 3711 3546 3783">
     <span class='ocr_line' id='line_1_106' title="bbox 1985 3711 3546 3783; baseline -0.002 -15"><span class='ocrx_word' id='word_1_820' title='bbox 1985 3716 2122 3769; x_wconf 85' lang='grc' dir='ltr'><strong>Ἐὰν</strong></span> <span class='ocrx_word' id='word_1_821' title='bbox 2161 3711 2275 3770; x_wconf 89' lang='grc' dir='ltr'><strong>οὗν</strong></span> <span class='ocrx_word' id='word_1_822' title='bbox 2319 3733 2431 3781; x_wconf 85' lang='grc' dir='ltr'><strong>τις,</strong></span> <span class='ocrx_word' id='word_1_823' title='bbox 2482 3715 2668 3783; x_wconf 77' lang='grc' dir='ltr'><strong>φησὶν,</strong></span> <span class='ocrx_word' id='word_1_824' title='bbox 2712 3715 2936 3782; x_wconf 80' lang='grc' dir='ltr'><strong>ἐκϐάλῃ</strong></span> <span class='ocrx_word' id='word_1_825' title='bbox 2969 3713 3083 3781; x_wconf 81' lang='grc' dir='ltr'><strong>τὴν</strong></span> <span class='ocrx_word' id='word_1_826' title='bbox 3127 3713 3402 3782; x_wconf 76' lang='grc' dir='ltr'><strong>γυναῖκα,</strong></span> <span class='ocrx_word' id='word_1_827' title='bbox 3449 3713 3546 3766; x_wconf 85' lang='grc' dir='ltr'><strong>καί</strong></span> 
     </span>
    </p>
   </div>
   <div class='ocr_carea' id='block_1_107' title="bbox 1971 3799 3550 3868">
    <p class='ocr_par' dir='ltr' id='par_1_107' title="bbox 1971 3799 3550 3868">
     <span class='ocr_line' id='line_1_107' title="bbox 1971 3799 3550 3868; baseline -0.003 -12"><span class='ocrx_word' id='word_1_828' title='bbox 1971 3803 2303 3868; x_wconf 79' lang='grc' dir='ltr'><strong>ἀποστείλῃ</strong></span> <span class='ocrx_word' id='word_1_829' title='bbox 2332 3801 2526 3868; x_wconf 79' lang='grc' dir='ltr'><strong>αὐτὴν</strong></span> <span class='ocrx_word' id='word_1_830' title='bbox 2551 3801 2617 3854; x_wconf 84' lang='grc' dir='ltr'><strong>ἑκ</strong></span> <span class='ocrx_word' id='word_1_831' title='bbox 2645 3799 2754 3868; x_wconf 84' lang='grc' dir='ltr'><strong>τῆς</strong></span> <span class='ocrx_word' id='word_1_832' title='bbox 2782 3801 2972 3866; x_wconf 80' lang='grc' dir='ltr'><strong>οἰκίας</strong></span> <span class='ocrx_word' id='word_1_833' title='bbox 3000 3799 3209 3864; x_wconf 85' lang='grc' dir='ltr'><strong>αὑτοῦ,</strong></span> <span class='ocrx_word' id='word_1_834' title='bbox 3244 3799 3341 3853; x_wconf 83' lang='grc' dir='ltr'><strong>καί</strong></span> <span class='ocrx_word' id='word_1_835' title='bbox 3365 3800 3550 3854; x_wconf 82' lang='grc' dir='ltr'><strong>ἀπελ-</strong></span> 
     </span>
    </p>
   </div>
   <div class='ocr_carea' id='block_1_108' title="bbox 1972 3885 3550 3957">
    <p class='ocr_par' dir='ltr' id='par_1_108' title="bbox 1972 3885 3550 3957">
     <span class='ocr_line' id='line_1_108' title="bbox 1972 3885 3550 3957; baseline -0.003 -15"><span class='ocrx_word' id='word_1_836' title='bbox 1972 3887 2164 3943; x_wconf 83' lang='grc' dir='ltr'><strong>θοῦσα</strong></span> <span class='ocrx_word' id='word_1_837' title='bbox 2207 3889 2446 3957; x_wconf 80' lang='grc' dir='ltr'><strong>γένηται</strong></span> <span class='ocrx_word' id='word_1_838' title='bbox 2490 3885 2660 3954; x_wconf 83' lang='grc' dir='ltr'><strong>ἀνδρί</strong></span> <span class='ocrx_word' id='word_1_839' title='bbox 2701 3885 2912 3954; x_wconf 80' lang='grc' dir='ltr'><strong>ἑτέρῳ,</strong></span> <span class='ocrx_word' id='word_1_840' title='bbox 2945 3887 3042 3940; x_wconf 86' lang='grc' dir='ltr'><strong>καί</strong></span> <span class='ocrx_word' id='word_1_841' title='bbox 3073 3887 3310 3955; x_wconf 78' lang='grc' dir='ltr'><strong>μισήσῃ</strong></span> <span class='ocrx_word' id='word_1_842' title='bbox 3355 3885 3550 3952; x_wconf 76' lang='grc' dir='ltr'><strong>αὐτὴν</strong></span> 
     </span>
    </p>
   </div>
   <div class='ocr_carea' id='block_1_109' title="bbox 1974 3971 3548 4042">
    <p class='ocr_par' dir='ltr' id='par_1_109' title="bbox 1974 3971 3548 4042">
     <span class='ocr_line' id='line_1_109' title="bbox 1974 3971 3548 4042; baseline -0.004 -13"><span class='ocrx_word' id='word_1_843' title='bbox 1974 3977 2072 4029; x_wconf 79' lang='grc' dir='ltr'><strong>καί</strong></span> <span class='ocrx_word' id='word_1_844' title='bbox 2105 3979 2136 4029; x_wconf 85' lang='grc' dir='ltr'><strong>ό</strong></span> <span class='ocrx_word' id='word_1_845' title='bbox 2167 3973 2324 4042; x_wconf 81' lang='grc' dir='ltr'><strong>ἀνὴρ</strong></span> <span class='ocrx_word' id='word_1_846' title='bbox 2356 3979 2388 4028; x_wconf 85' lang='grc' dir='ltr'><strong>ό</strong></span> <span class='ocrx_word' id='word_1_847' title='bbox 2415 3975 2673 4042; x_wconf 74' lang='grc' dir='ltr'><strong>ἔσχατος</strong></span> <span class='ocrx_word' id='word_1_848' title='bbox 2700 4013 2716 4036; x_wconf 92' lang='grc'><strong>,</strong></span> <span class='ocrx_word' id='word_1_849' title='bbox 2756 3973 2853 4026; x_wconf 85' lang='grc' dir='ltr'><strong>καί</strong></span> <span class='ocrx_word' id='word_1_850' title='bbox 2883 3973 3080 4042; x_wconf 60' lang='grc' dir='ltr'><strong>’γράψῃ</strong></span> <span class='ocrx_word' id='word_1_851' title='bbox 3115 3971 3272 4041; x_wconf 83' lang='grc' dir='ltr'><strong>αὐτῇ</strong></span> <span class='ocrx_word' id='word_1_852' title='bbox 3303 3971 3548 4036; x_wconf 79' lang='grc' dir='ltr'><strong>,βιϐλίον</strong></span> 
     </span>
    </p>
   </div>
   <div class='ocr_carea' id='block_1_110' title="bbox 1973 4059 3548 4130">
    <p class='ocr_par' dir='ltr' id='par_1_110' title="bbox 1973 4059 3548 4130">
     <span class='ocr_line' id='line_1_110' title="bbox 1973 4059 3548 4130; baseline -0.004 -13"><span class='ocrx_word' id='word_1_853' title='bbox 1973 4063 2373 4126; x_wconf 79' lang='grc' dir='ltr'><strong>ἀποστασίου,</strong></span> <span class='ocrx_word' id='word_1_854' title='bbox 2396 4061 2494 4113; x_wconf 75' lang='grc' dir='ltr'><strong>καὶ</strong></span> <span class='ocrx_word' id='word_1_855' title='bbox 2526 4059 2689 4129; x_wconf 82' lang='grc' dir='ltr'><strong>δὼσῃ</strong></span> <span class='ocrx_word' id='word_1_856' title='bbox 2716 4063 2804 4126; x_wconf 87' lang='grc' dir='ltr'><strong>είς</strong></span> <span class='ocrx_word' id='word_1_857' title='bbox 2835 4059 2942 4125; x_wconf 84' lang='grc' dir='ltr'><strong>τὰς</strong></span> <span class='ocrx_word' id='word_1_858' title='bbox 2982 4059 3186 4130; x_wconf 80' lang='grc' dir='ltr'><strong>χεῖρας</strong></span> <span class='ocrx_word' id='word_1_859' title='bbox 3211 4061 3421 4126; x_wconf 69' lang='grc' dir='ltr'><strong>αὑτης,</strong></span> <span class='ocrx_word' id='word_1_860' title='bbox 3448 4059 3548 4111; x_wconf 77' lang='grc' dir='ltr'><strong>καί</strong></span> 
     </span>
    </p>
   </div>
   <div class='ocr_carea' id='block_1_111' title="bbox 1973 4145 3538 4216">
    <p class='ocr_par' dir='ltr' id='par_1_111' title="bbox 1973 4145 3538 4216">
     <span class='ocr_line' id='line_1_111' title="bbox 1973 4145 3538 4216; baseline -0.004 -14"><span class='ocrx_word' id='word_1_861' title='bbox 1973 4149 2378 4216; x_wconf 79' lang='grc' dir='ltr'><strong>έξαποστείλῃ</strong></span> <span class='ocrx_word' id='word_1_862' title='bbox 2407 4147 2603 4214; x_wconf 81' lang='grc' dir='ltr'><strong>αὐτὴν</strong></span> <span class='ocrx_word' id='word_1_863' title='bbox 2629 4148 2697 4200; x_wconf 74' lang='grc' dir='ltr'><strong>έιι</strong></span> <span class='ocrx_word' id='word_1_864' title='bbox 2720 4146 2830 4214; x_wconf 84' lang='grc' dir='ltr'><strong>τῆς</strong></span> <span class='ocrx_word' id='word_1_865' title='bbox 2869 4147 3062 4211; x_wconf 86' lang='grc' dir='ltr'><strong>οίκίας</strong></span> <span class='ocrx_word' id='word_1_866' title='bbox 3089 4145 3296 4206; x_wconf 84' lang='grc' dir='ltr'><strong>αὑτοῦ,</strong></span> <span class='ocrx_word' id='word_1_867' title='bbox 3327 4145 3366 4212; x_wconf 74' lang='grc' dir='ltr'><strong>ἢ</strong></span> <span class='ocrx_word' id='word_1_868' title='bbox 3393 4145 3538 4197; x_wconf 68' lang='grc' dir='ltr'><strong>ἀπο-</strong></span> 
     </span>
    </p>
   </div>
   <div class='ocr_carea' id='block_1_112' title="bbox 1973 4231 3549 4306">
    <p class='ocr_par' dir='ltr' id='par_1_112' title="bbox 1973 4231 3549 4306">
     <span class='ocr_line' id='line_1_112' title="bbox 1973 4231 3549 4306; baseline -0.006 -12"><span class='ocrx_word' id='word_1_869' title='bbox 1973 4238 2124 4306; x_wconf 76' lang='grc' dir='ltr'><strong>θάνῃ</strong></span> <span class='ocrx_word' id='word_1_870' title='bbox 2139 4243 2172 4292; x_wconf 81' lang='grc' dir='ltr'><em>ὁ</em></span> <span class='ocrx_word' id='word_1_871' title='bbox 2187 4237 2340 4306; x_wconf 75' lang='grc' dir='ltr'><strong>ἀνὴρ</strong></span> <span class='ocrx_word' id='word_1_872' title='bbox 2354 4233 2538 4302; x_wconf 85' lang='grc' dir='ltr'><strong>αὐτῆς</strong></span> <span class='ocrx_word' id='word_1_873' title='bbox 2547 4279 2560 4302; x_wconf 92' lang='grc'><strong>,</strong></span> <span class='ocrx_word' id='word_1_874' title='bbox 2577 4233 3032 4306; x_wconf 75' lang='grc' dir='ltr'><strong>δς1206]έλαϐεν</strong></span> <span class='ocrx_word' id='word_1_875' title='bbox 3044 4233 3238 4302; x_wconf 79' lang='grc' dir='ltr'><strong>αὐτὴν</strong></span> <span class='ocrx_word' id='word_1_876' title='bbox 3247 4231 3438 4298; x_wconf 85' lang='grc' dir='ltr'><strong>ἑαυτῷ</strong></span> <span class='ocrx_word' id='word_1_877' title='bbox 3453 4249 3549 4298; x_wconf 64' lang='grc' dir='ltr'><strong>’,θυι</strong></span> 
     </span>
    </p>
   </div>
   <div class='ocr_carea' id='block_1_113' title="bbox 1972 4320 3550 4390">
    <p class='ocr_par' dir='ltr' id='par_1_113' title="bbox 1972 4320 3550 4390">
     <span class='ocr_line' id='line_1_113' title="bbox 1972 4320 3550 4390; baseline -0.006 -10"><span class='ocrx_word' id='word_1_878' title='bbox 1972 4325 2168 4388; x_wconf 80' lang='grc' dir='ltr'><strong>ναῖκα,</strong></span> <span class='ocrx_word' id='word_1_879' title='bbox 2186 4326 2258 4378; x_wconf 87' lang='grc' dir='ltr'><strong>οὺ</strong></span> <span class='ocrx_word' id='word_1_880' title='bbox 2275 4323 2600 4388; x_wconf 73' lang='grc' dir='ltr'><strong>δυνήσεται</strong></span> <span class='ocrx_word' id='word_1_881' title='bbox 2621 4325 2653 4376; x_wconf 87' lang='lat' dir='ltr'>d</span> <span class='ocrx_word' id='word_1_882' title='bbox 2674 4321 2828 4390; x_wconf 75' lang='grc' dir='ltr'><strong>ἀνὴρ</strong></span> <span class='ocrx_word' id='word_1_883' title='bbox 2851 4325 2882 4375; x_wconf 84' lang='grc' dir='ltr'><em>ὀ</em></span> <span class='ocrx_word' id='word_1_884' title='bbox 2900 4323 3187 4390; x_wconf 83' lang='grc' dir='ltr'><strong>πρότερον</strong></span> <span class='ocrx_word' id='word_1_885' title='bbox 3198 4320 3550 4384; x_wconf 73' lang='grc' dir='ltr'><strong>ἐξαποστεί-</strong></span> 
     </span>
    </p>
   </div>
   <div class='ocr_carea' id='block_1_114' title="bbox 1971 4407 3548 4479">
    <p class='ocr_par' dir='ltr' id='par_1_114' title="bbox 1971 4407 3548 4479">
     <span class='ocr_line' id='line_1_114' title="bbox 1971 4407 3548 4479; baseline -0.005 -11"><span class='ocrx_word' id='word_1_886' title='bbox 1971 4417 2088 4478; x_wconf 86' lang='grc' dir='ltr'><strong>λας</strong></span> <span class='ocrx_word' id='word_1_887' title='bbox 2101 4411 2293 4479; x_wconf 83' lang='grc' dir='ltr'><strong>αὐτὴν</strong></span> <span class='ocrx_word' id='word_1_888' title='bbox 2306 4409 2758 4477; x_wconf 65' lang='grc' dir='ltr'><strong>ἐπιιναστρέψαι</strong></span> <span class='ocrx_word' id='word_1_889' title='bbox 2789 4409 2886 4462; x_wconf 81' lang='grc' dir='ltr'><strong>καὶ</strong></span> <span class='ocrx_word' id='word_1_890' title='bbox 2915 4409 3122 4462; x_wconf 86' lang='grc' dir='ltr'><strong>λαϐεῖν</strong></span> <span class='ocrx_word' id='word_1_891' title='bbox 3137 4411 3250 4462; x_wconf 90' lang='grc' dir='ltr'><strong>αὐτ</strong></span> <span class='ocrx_word' id='word_1_892' title='bbox 3259 4408 3332 4474; x_wconf 77' lang='grc' dir='ltr'><strong>ὴν</strong></span> <span class='ocrx_word' id='word_1_893' title='bbox 3357 4407 3548 4472; x_wconf 83' lang='grc' dir='ltr'><strong>ἐαυτῷ</strong></span> 
     </span>
    </p>
   </div>
   <div class='ocr_carea' id='block_1_115' title="bbox 1971 4493 3549 4570">
    <p class='ocr_par' dir='ltr' id='par_1_115' title="bbox 1971 4493 3549 4570">
     <span class='ocr_line' id='line_1_115' title="bbox 1971 4493 3549 4570; baseline -0.005 -15"><span class='ocrx_word' id='word_1_894' title='bbox 1971 4499 2248 4570; x_wconf 74' lang='grc' dir='ltr'><strong>γυναῖκα.</strong></span> <span class='ocrx_word' id='word_1_895' title='bbox 2280 4493 2416 4551; x_wconf 79' lang='grc' dir='ltr'><strong>Εἶτα</strong></span> <span class='ocrx_word' id='word_1_896' title='bbox 2451 4495 2885 4565; x_wconf 83' lang='grc' dir='ltr'><strong>ἐνδεικνύμενος,</strong></span> <span class='ocrx_word' id='word_1_897' title='bbox 2911 4497 2994 4547; x_wconf 76' lang='grc' dir='ltr'><strong>ὅτι</strong></span> <span class='ocrx_word' id='word_1_898' title='bbox 3013 4498 3114 4548; x_wconf 84' lang='grc' dir='ltr'><strong>οὐκ</strong></span> <span class='ocrx_word' id='word_1_899' title='bbox 3145 4497 3358 4548; x_wconf 86' lang='grc' dir='ltr'><strong>ἐπαινεῖ</strong></span> <span class='ocrx_word' id='word_1_900' title='bbox 3379 4496 3441 4547; x_wconf 89' lang='lat'><strong>16</strong></span> <span class='ocrx_word' id='word_1_901' title='bbox 3459 4511 3549 4563; x_wconf 78' lang='grc' dir='ltr'><strong>γε-</strong></span> 
     </span>
    </p>
   </div>
   <div class='ocr_carea' id='block_1_116' title="bbox 1972 4576 3547 4656">
    <p class='ocr_par' dir='ltr' id='par_1_116' title="bbox 1972 4576 3547 4656">
     <span class='ocr_line' id='line_1_116' title="bbox 1972 4576 3547 4656; baseline -0.004 -17"><span class='ocrx_word' id='word_1_902' title='bbox 1972 4584 2290 4656; x_wconf 85' lang='grc' dir='ltr'><strong>γενημένον,</strong></span> <span class='ocrx_word' id='word_1_903' title='bbox 2325 4582 2446 4635; x_wconf 83' lang='grc' dir='ltr'><strong>οὺδέ</strong></span> <span class='ocrx_word' id='word_1_904' title='bbox 2489 4582 2668 4651; x_wconf 86' lang='grc' dir='ltr'><strong>γάμον</strong></span> <span class='ocrx_word' id='word_1_905' title='bbox 2720 4576 2862 4634; x_wconf 78' lang='grc' dir='ltr'><strong>εἶναι</strong></span> <span class='ocrx_word' id='word_1_906' title='bbox 2897 4580 3132 4651; x_wconf 83' lang='grc' dir='ltr'><strong>νομίζει,</strong></span> <span class='ocrx_word' id='word_1_907' title='bbox 3161 4581 3298 4634; x_wconf 87' lang='grc' dir='ltr'><strong>ἀλλά</strong></span> <span class='ocrx_word' id='word_1_908' title='bbox 3335 4581 3424 4634; x_wconf 82' lang='grc' dir='ltr'><strong>διὰ</strong></span> <span class='ocrx_word' id='word_1_909' title='bbox 3449 4583 3547 4650; x_wconf 81' lang='grc' dir='ltr'><strong>τὴν</strong></span> 
     </span>
    </p>
   </div>
   <div class='ocr_carea' id='block_1_117' title="bbox 1972 4667 3539 4736">
    <p class='ocr_par' dir='ltr' id='par_1_117' title="bbox 1972 4667 3539 4736">
     <span class='ocr_line' id='line_1_117' title="bbox 1972 4667 3539 4736; baseline -0.002 -11"><span class='ocrx_word' id='word_1_910' title='bbox 1972 4672 2255 4725; x_wconf 83' lang='grc' dir='ltr'><strong>ἀσθένειαν</strong></span> <span class='ocrx_word' id='word_1_911' title='bbox 2291 4669 2470 4723; x_wconf 84' lang='grc' dir='ltr'><strong>αὐτῶν</strong></span> <span class='ocrx_word' id='word_1_912' title='bbox 2523 4667 2972 4736; x_wconf 86' lang='grc' dir='ltr'><strong>συγκαταϐαίνει,</strong></span> <span class='ocrx_word' id='word_1_913' title='bbox 3005 4667 3194 4732; x_wconf 87' lang='grc' dir='ltr'><strong>εἰπὼν,</strong></span> <span class='ocrx_word' id='word_1_914' title='bbox 3245 4670 3327 4722; x_wconf 88' lang='grc' dir='ltr'><strong>Οὐ</strong></span> <span class='ocrx_word' id='word_1_915' title='bbox 3359 4668 3539 4736; x_wconf 74' lang='grc' dir='ltr'><strong>δυνή-</strong></span> 
     </span>
    </p>
   </div>
   <div class='ocr_carea' id='block_1_118' title="bbox 1971 4749 3549 4826">
    <p class='ocr_par' dir='ltr' id='par_1_118' title="bbox 1971 4749 3549 4826">
     <span class='ocr_line' id='line_1_118' title="bbox 1971 4749 3549 4826; baseline -0.001 -14"><span class='ocrx_word' id='word_1_916' title='bbox 1971 4775 2140 4812; x_wconf 87' lang='grc' dir='ltr'><strong>σεται</strong></span> <span class='ocrx_word' id='word_1_917' title='bbox 2163 4761 2198 4812; x_wconf 76' lang='grc' dir='ltr'><em>ὁ</em></span> <span class='ocrx_word' id='word_1_918' title='bbox 2227 4757 2384 4824; x_wconf 82' lang='grc' dir='ltr'><strong>ἀνὴρ</strong></span> <span class='ocrx_word' id='word_1_919' title='bbox 2410 4759 2442 4810; x_wconf 84' lang='grc' dir='ltr'><strong>ό</strong></span> <span class='ocrx_word' id='word_1_920' title='bbox 2474 4758 2762 4823; x_wconf 85' lang='grc' dir='ltr'><strong>πρότερος</strong></span> <span class='ocrx_word' id='word_1_921' title='bbox 2781 4749 2992 4808; x_wconf 81' lang='grc' dir='ltr'><strong>λαϐεῖν</strong></span> <span class='ocrx_word' id='word_1_922' title='bbox 3008 4756 3202 4824; x_wconf 79' lang='grc' dir='ltr'><strong>αὐτὴν</strong></span> <span class='ocrx_word' id='word_1_923' title='bbox 3225 4755 3416 4822; x_wconf 83' lang='grc' dir='ltr'><strong>ἐαυτῷ</strong></span> <span class='ocrx_word' id='word_1_924' title='bbox 3443 4775 3549 4826; x_wconf 77' lang='grc' dir='ltr'><strong>γυ-</strong></span> 
     </span>
    </p>
   </div>
   <div class='ocr_carea' id='block_1_119' title="bbox 1971 4841 3548 4914">
    <p class='ocr_par' dir='ltr' id='par_1_119' title="bbox 1971 4841 3548 4914">
     <span class='ocr_line' id='line_1_119' title="bbox 1971 4841 3548 4914; baseline -0.002 -15"><span class='ocrx_word' id='word_1_925' title='bbox 1971 4846 2169 4908; x_wconf 82' lang='grc' dir='ltr'><strong>ναῖκα,</strong></span> <span class='ocrx_word' id='word_1_926' title='bbox 2189 4845 2457 4914; x_wconf 83' lang='grc' dir='ltr'><strong>ἐπήγαγε,</strong></span> <span class='ocrx_word' id='word_1_927' title='bbox 2485 4841 2648 4894; x_wconf 82' lang='grc' dir='ltr'><strong>Μετὰ</strong></span> <span class='ocrx_word' id='word_1_928' title='bbox 2675 4842 2742 4896; x_wconf 87' lang='grc' dir='ltr'><strong>τὸ</strong></span> <span class='ocrx_word' id='word_1_929' title='bbox 2762 4841 3082 4910; x_wconf 83' lang='grc' dir='ltr'><strong>μιανθῆναι</strong></span> <span class='ocrx_word' id='word_1_930' title='bbox 3099 4843 3316 4910; x_wconf 79' lang='grc' dir='ltr'><strong>αὐτὴν,</strong></span> <span class='ocrx_word' id='word_1_931' title='bbox 3349 4845 3548 4914; x_wconf 80' lang='grc' dir='ltr'><strong>ἐμφαί-</strong></span> 
     </span>
    </p>
   </div>
   <div class='ocr_carea' id='block_1_120' title="bbox 1973 4929 3543 5002">
    <p class='ocr_par' dir='ltr' id='par_1_120' title="bbox 1973 4929 3543 5002">
     <span class='ocr_line' id='line_1_120' title="bbox 1973 4929 3543 5002; baseline -0.001 -16"><span class='ocrx_word' id='word_1_932' title='bbox 1973 4951 2078 4988; x_wconf 90' lang='grc' dir='ltr'><strong>νων</strong></span> <span class='ocrx_word' id='word_1_933' title='bbox 2097 4932 2184 4985; x_wconf 90' lang='grc' dir='ltr'><strong>διά</strong></span> <span class='ocrx_word' id='word_1_934' title='bbox 2207 4931 2302 4984; x_wconf 81' lang='grc' dir='ltr'><strong>τοῦ</strong></span> <span class='ocrx_word' id='word_1_935' title='bbox 2332 4931 2532 5000; x_wconf 89' lang='grc' dir='ltr'><strong>τρόπου</strong></span> <span class='ocrx_word' id='word_1_936' title='bbox 2553 4929 2655 4999; x_wconf 81' lang='grc' dir='ltr'><strong>τῆς</strong></span> <span class='ocrx_word' id='word_1_937' title='bbox 2679 4929 2896 4996; x_wconf 80' lang='grc' dir='ltr'><strong>λέξεως,</strong></span> <span class='ocrx_word' id='word_1_938' title='bbox 2921 4930 3003 4982; x_wconf 87' lang='grc' dir='ltr'><strong>ὅτι</strong></span> <span class='ocrx_word' id='word_1_939' title='bbox 3023 4931 3052 4982; x_wconf 90' lang='lat'><strong>6</strong></span> <span class='ocrx_word' id='word_1_940' title='bbox 3071 4930 3319 5002; x_wconf 84' lang='grc' dir='ltr'><strong>δεύτερος</strong></span> <span class='ocrx_word' id='word_1_941' title='bbox 3347 4933 3543 5000; x_wconf 86' lang='grc' dir='ltr'><strong>γάμος,</strong></span> 
     </span>
    </p>
   </div>
   <div class='ocr_carea' id='block_1_121' title="bbox 1975 5016 3546 5089">
    <p class='ocr_par' dir='ltr' id='par_1_121' title="bbox 1975 5016 3546 5089">
     <span class='ocr_line' id='line_1_121' title="bbox 1975 5016 3546 5089; baseline -0.002 -17"><span class='ocrx_word' id='word_1_942' title='bbox 1975 5019 2177 5083; x_wconf 80' lang='grc' dir='ltr'><strong>ζῶντος</strong></span> <span class='ocrx_word' id='word_1_943' title='bbox 2199 5017 2292 5070; x_wconf 83' lang='grc' dir='ltr'><strong>τοῦ</strong></span> <span class='ocrx_word' id='word_1_944' title='bbox 2321 5017 2588 5089; x_wconf 83' lang='grc' dir='ltr'><strong>προτέρου</strong></span> <span class='ocrx_word' id='word_1_945' title='bbox 2617 5017 2811 5086; x_wconf 81' lang='grc' dir='ltr'><strong>ἀνδρδς</strong></span> <span class='ocrx_word' id='word_1_946' title='bbox 2833 5016 3145 5086; x_wconf 83' lang='grc' dir='ltr'><strong>γενόμενος,</strong></span> <span class='ocrx_word' id='word_1_947' title='bbox 3171 5017 3386 5086; x_wconf 88' lang='grc' dir='ltr'><strong>μίασμα</strong></span> <span class='ocrx_word' id='word_1_948' title='bbox 3411 5017 3546 5088; x_wconf 71' lang='grc' dir='ltr'><strong>μᾶλ-</strong></span> 
     </span>
    </p>
   </div>
   <div class='ocr_carea' id='block_1_122' title="bbox 1973 5097 3548 5176">
    <p class='ocr_par' dir='ltr' id='par_1_122' title="bbox 1973 5097 3548 5176">
     <span class='ocr_line' id='line_1_122' title="bbox 1973 5097 3548 5176; baseline -0.001 -18"><span class='ocrx_word' id='word_1_949' title='bbox 1973 5106 2064 5160; x_wconf 85' lang='grc' dir='ltr'><strong>λόν</strong></span> <span class='ocrx_word' id='word_1_950' title='bbox 2103 5107 2274 5172; x_wconf 87' lang='grc' dir='ltr'><strong>ἐστιν,</strong></span> <span class='ocrx_word' id='word_1_951' title='bbox 2308 5105 2341 5176; x_wconf 84' lang='grc' dir='ltr'>ἢ</span> <span class='ocrx_word' id='word_1_952' title='bbox 2379 5105 2576 5174; x_wconf 88' lang='grc' dir='ltr'><strong>γάμος.</strong></span> <span class='ocrx_word' id='word_1_953' title='bbox 2610 5105 2711 5157; x_wconf 90' lang='grc' dir='ltr'><strong>Διά</strong></span> <span class='ocrx_word' id='word_1_954' title='bbox 2759 5103 2920 5156; x_wconf 82' lang='grc' dir='ltr'><strong>τοῦτο</strong></span> <span class='ocrx_word' id='word_1_955' title='bbox 2956 5104 3057 5156; x_wconf 86' lang='grc' dir='ltr'><strong>οὐκ</strong></span> <span class='ocrx_word' id='word_1_956' title='bbox 3101 5097 3244 5166; x_wconf 77' lang='grc' dir='ltr'><strong>εἶπε,</strong></span> <span class='ocrx_word' id='word_1_957' title='bbox 3286 5105 3440 5158; x_wconf 83' lang='grc' dir='ltr'><strong>Μετά</strong></span> <span class='ocrx_word' id='word_1_958' title='bbox 3485 5105 3548 5156; x_wconf 86' lang='lat'><strong>16</strong></span> 
     </span>
    </p>
   </div>
   <div class='ocr_carea' id='block_1_123' title="bbox 1974 5187 3548 5263">
    <p class='ocr_par' dir='ltr' id='par_1_123' title="bbox 1974 5187 3548 5263">
     <span class='ocr_line' id='line_1_123' title="bbox 1974 5187 3548 5263; baseline -0.004 -17"><span class='ocrx_word' id='word_1_959' title='bbox 1974 5192 2292 5263; x_wconf 84' lang='grc' dir='ltr'><strong>γαμηθῆναι</strong></span> <span class='ocrx_word' id='word_1_960' title='bbox 2348 5192 2538 5262; x_wconf 84' lang='grc' dir='ltr'><strong>αὐτήν.</strong></span> <span class='ocrx_word' id='word_1_961' title='bbox 2604 5191 2767 5260; x_wconf 79' lang='grc' dir='ltr'><strong>Ὁρᾷς</strong></span> <span class='ocrx_word' id='word_1_962' title='bbox 2827 5189 2908 5242; x_wconf 83' lang='grc' dir='ltr'><strong>δτι</strong></span> <span class='ocrx_word' id='word_1_963' title='bbox 2953 5187 3166 5258; x_wconf 74' lang='grc' dir='ltr'><strong>συνῳδὰ</strong></span> <span class='ocrx_word' id='word_1_964' title='bbox 3207 5189 3285 5258; x_wconf 86' lang='grc' dir='ltr'><strong>τῷ</strong></span> <span class='ocrx_word' id='word_1_965' title='bbox 3327 5187 3548 5258; x_wconf 86' lang='grc' dir='ltr'><strong>Χριστῷ</strong></span> 
     </span>
    </p>
   </div>
   <div class='ocr_carea' id='block_1_124' title="bbox 1976 5275 3547 5350">
    <p class='ocr_par' dir='ltr' id='par_1_124' title="bbox 1976 5275 3547 5350">
     <span class='ocr_line' id='line_1_124' title="bbox 1976 5275 3547 5350; baseline -0.004 -17"><span class='ocrx_word' id='word_1_966' title='bbox 1976 5281 2298 5350; x_wconf 87' lang='grc' dir='ltr'><strong>φθέγγεται;</strong></span> <span class='ocrx_word' id='word_1_967' title='bbox 2333 5275 2466 5332; x_wconf 85' lang='grc' dir='ltr'><strong>Εἶτα</strong></span> <span class='ocrx_word' id='word_1_968' title='bbox 2517 5279 2614 5331; x_wconf 78' lang='grc' dir='ltr'><strong>καὶ</strong></span> <span class='ocrx_word' id='word_1_969' title='bbox 2654 5279 2756 5348; x_wconf 83' lang='grc' dir='ltr'><strong>τὴν</strong></span> <span class='ocrx_word' id='word_1_970' title='bbox 2793 5276 2974 5330; x_wconf 79' lang='grc' dir='ltr'><strong>αἰτίαν</strong></span> <span class='ocrx_word' id='word_1_971' title='bbox 3005 5275 3366 5346; x_wconf 87' lang='grc' dir='ltr'><strong>προσέθηκεν,</strong></span> <span class='ocrx_word' id='word_1_972' title='bbox 3419 5277 3547 5328; x_wconf 88' lang='grc' dir='ltr'><strong>Ὅτι</strong></span> 
     </span>
    </p>
   </div>
   <div class='ocr_carea' id='block_1_125' title="bbox 1968 5361 3548 5436">
    <p class='ocr_par' dir='ltr' id='par_1_125' title="bbox 1968 5361 3548 5436">
     <span class='ocr_line' id='line_1_125' title="bbox 1968 5361 3548 5436; baseline -0.007 -13"><span class='ocrx_word' id='word_1_973' title='bbox 1968 5365 2288 5436; x_wconf 79' lang='grc' dir='ltr'><strong>,βδέλυγμά</strong></span> <span class='ocrx_word' id='word_1_974' title='bbox 2319 5367 2491 5418; x_wconf 82' lang='grc' dir='ltr'><strong>ἐστιν</strong></span> <span class='ocrx_word' id='word_1_975' title='bbox 2511 5365 2790 5418; x_wconf 82' lang='grc' dir='ltr'><strong>ἐναντίον</strong></span> <span class='ocrx_word' id='word_1_976' title='bbox 2820 5363 2926 5416; x_wconf 84' lang='grc' dir='ltr'><strong>τοῦ</strong></span> <span class='ocrx_word' id='word_1_977' title='bbox 2963 5361 3131 5415; x_wconf 76' lang='grc' dir='ltr'><strong>Θεοῦ.</strong></span> <span class='ocrx_word' id='word_1_978' title='bbox 3177 5361 3286 5414; x_wconf 72' lang='grc' dir='ltr'><strong>Καὶ</strong></span> <span class='ocrx_word' id='word_1_979' title='bbox 3309 5361 3548 5432; x_wconf 82' lang='grc' dir='ltr'><strong>Μωῡσῆς</strong></span> 
     </span>
    </p>
   </div>
   <div class='ocr_carea' id='block_1_126' title="bbox 1981 5448 3546 5526">
    <p class='ocr_par' dir='ltr' id='par_1_126' title="bbox 1981 5448 3546 5526">
     <span class='ocr_line' id='line_1_126' title="bbox 1981 5448 3546 5526; baseline -0.006 -17"><span class='ocrx_word' id='word_1_980' title='bbox 1981 5457 2078 5526; x_wconf 88' lang='grc' dir='ltr'><strong>μέν</strong></span> <span class='ocrx_word' id='word_1_981' title='bbox 2124 5455 2295 5516; x_wconf 69' lang='grc' dir='ltr'><strong>οὕτως</strong></span> <span class='ocrx_word' id='word_1_982' title='bbox 2320 5470 2334 5483; x_wconf 91' lang='grc'><strong>·</strong></span> <span class='ocrx_word' id='word_1_983' title='bbox 2389 5454 2418 5504; x_wconf 92' lang='lat'><strong>6</strong></span> <span class='ocrx_word' id='word_1_984' title='bbox 2454 5451 2512 5506; x_wconf 83' lang='grc' dir='ltr'><strong>δὲ</strong></span> <span class='ocrx_word' id='word_1_985' title='bbox 2551 5453 2840 5524; x_wconf 85' lang='grc' dir='ltr'><strong>προφήτης</strong></span> <span class='ocrx_word' id='word_1_986' title='bbox 2879 5448 3170 5518; x_wconf 84' lang='grc' dir='ltr'><strong>Μαλαχίας</strong></span> <span class='ocrx_word' id='word_1_987' title='bbox 3205 5448 3546 5520; x_wconf 77' lang='grc' dir='ltr'><strong>σαφέστερον</strong></span> 
     </span>
    </p>
   </div>
   <div class='ocr_carea' id='block_1_127' title="bbox 1977 5536 3547 5614">
    <p class='ocr_par' dir='ltr' id='par_1_127' title="bbox 1977 5536 3547 5614">
     <span class='ocr_line' id='line_1_127' title="bbox 1977 5536 3547 5614; baseline -0.006 -17"><span class='ocrx_word' id='word_1_988' title='bbox 1977 5543 2156 5614; x_wconf 81' lang='grc' dir='ltr'><strong>πολλῷ</strong></span> <span class='ocrx_word' id='word_1_989' title='bbox 2180 5540 2274 5594; x_wconf 83' lang='grc' dir='ltr'><strong>τοῦ</strong></span> <span class='ocrx_word' id='word_1_990' title='bbox 2301 5541 2582 5602; x_wconf 85' lang='grc' dir='ltr'><strong>Μωΰσέως</strong></span> <span class='ocrx_word' id='word_1_991' title='bbox 2612 5539 2744 5592; x_wconf 81' lang='grc' dir='ltr'><strong>αὐτὸ</strong></span> <span class='ocrx_word' id='word_1_992' title='bbox 2770 5538 2928 5591; x_wconf 78' lang='grc' dir='ltr'><strong>τοῦτο</strong></span> <span class='ocrx_word' id='word_1_993' title='bbox 2961 5536 3318 5600; x_wconf 86' lang='grc' dir='ltr'><strong>ἐνδείκνυται,</strong></span> <span class='ocrx_word' id='word_1_994' title='bbox 3347 5536 3547 5607; x_wconf 84' lang='grc' dir='ltr'><strong>μᾶλλον</strong></span> 
     </span>
    </p>
   </div>
   <div class='ocr_carea' id='block_1_128' title="bbox 1975 5623 3542 5697">
    <p class='ocr_par' dir='ltr' id='par_1_128' title="bbox 1975 5623 3542 5697">
     <span class='ocr_line' id='line_1_128' title="bbox 1975 5623 3542 5697; baseline -0.006 -13"><span class='ocrx_word' id='word_1_995' title='bbox 1975 5633 2032 5684; x_wconf 77' lang='grc' dir='ltr'><strong>δὲ</strong></span> <span class='ocrx_word' id='word_1_996' title='bbox 2063 5631 2122 5683; x_wconf 91' lang='lat'><strong>06</strong></span> <span class='ocrx_word' id='word_1_997' title='bbox 2175 5627 2462 5697; x_wconf 84' lang='grc' dir='ltr'><strong>Μαλαχίας</strong></span> <span class='ocrx_word' id='word_1_998' title='bbox 2483 5665 2498 5688; x_wconf 92' lang='grc'><strong>,</strong></span> <span class='ocrx_word' id='word_1_999' title='bbox 2555 5625 2667 5679; x_wconf 84' lang='grc' dir='ltr'><strong>ἀλλ’</strong></span> <span class='ocrx_word' id='word_1_1000' title='bbox 2702 5627 2730 5678; x_wconf 84' lang='lat'><strong>6</strong></span> <span class='ocrx_word' id='word_1_1001' title='bbox 2761 5625 2894 5687; x_wconf 78' lang='grc' dir='ltr'><strong>θεὸς</strong></span> <span class='ocrx_word' id='word_1_1002' title='bbox 2941 5623 3030 5677; x_wconf 88' lang='grc' dir='ltr'><strong>διά</strong></span> <span class='ocrx_word' id='word_1_1003' title='bbox 3085 5623 3180 5676; x_wconf 81' lang='grc' dir='ltr'><strong>τοῦ</strong></span> <span class='ocrx_word' id='word_1_1004' title='bbox 3217 5623 3504 5694; x_wconf 81' lang='grc' dir='ltr'><strong>Μαλαχίου</strong></span> <span class='ocrx_word' id='word_1_1005' title='bbox 3527 5663 3542 5687; x_wconf 92' lang='grc'><strong>,</strong></span> 
     </span>
    </p>
   </div>
   <div class='ocr_carea' id='block_1_129' title="bbox 1976 5709 3548 5784">
    <p class='ocr_par' dir='ltr' id='par_1_129' title="bbox 1976 5709 3548 5784">
     <span class='ocr_line' id='line_1_129' title="bbox 1976 5709 3548 5784; baseline -0.004 -14"><span class='ocrx_word' id='word_1_1006' title='bbox 1976 5717 2151 5784; x_wconf 87' lang='grc' dir='ltr'><strong>λέγων</strong></span> <span class='ocrx_word' id='word_1_1007' title='bbox 2205 5713 2410 5776; x_wconf 72' lang='grc' dir='ltr'><strong>οὕτως·</strong></span> <span class='ocrx_word' id='word_1_1008' title='bbox 2473 5713 2542 5766; x_wconf 87' lang='grc' dir='ltr'><strong>Εἰ</strong></span> <span class='ocrx_word' id='word_1_1009' title='bbox 2592 5711 2766 5775; x_wconf 76' lang='grc' dir='ltr'><strong>ἀξιον</strong></span> <span class='ocrx_word' id='word_1_1010' title='bbox 2813 5709 3134 5778; x_wconf 77' lang='grc' dir='ltr'><strong>ἐπιϐλέψαι</strong></span> <span class='ocrx_word' id='word_1_1011' title='bbox 3187 5713 3274 5777; x_wconf 89' lang='grc' dir='ltr'><strong>εἰς</strong></span> <span class='ocrx_word' id='word_1_1012' title='bbox 3325 5710 3548 5764; x_wconf 88' lang='grc' dir='ltr'><strong>θυσίαν</strong></span> 
     </span>
    </p>
   </div>
   <div class='ocr_carea' id='block_1_130' title="bbox 1979 5795 3545 5873">
    <p class='ocr_par' dir='ltr' id='par_1_130' title="bbox 1979 5795 3545 5873">
     <span class='ocr_line' id='line_1_130' title="bbox 1979 5795 3545 5873; baseline -0.005 -15"><span class='ocrx_word' id='word_1_1013' title='bbox 1979 5803 2186 5873; x_wconf 84' lang='grc' dir='ltr'><strong>ὑμῶν;</strong></span> <span class='ocrx_word' id='word_1_1014' title='bbox 2231 5801 2268 5870; x_wconf 76' lang='grc' dir='ltr'>ἢ</span> <span class='ocrx_word' id='word_1_1015' title='bbox 2315 5801 2522 5856; x_wconf 85' lang='grc' dir='ltr'><strong>λαϐεῖν</strong></span> <span class='ocrx_word' id='word_1_1016' title='bbox 2559 5799 2774 5852; x_wconf 74' lang='grc' dir='ltr'><strong>δεκτιῖν</strong></span> <span class='ocrx_word' id='word_1_1017' title='bbox 2807 5798 2878 5852; x_wconf 81' lang='grc' dir='ltr'><strong>ἐκ</strong></span> <span class='ocrx_word' id='word_1_1018' title='bbox 2919 5797 3040 5851; x_wconf 88' lang='grc' dir='ltr'><strong>τῶν</strong></span> <span class='ocrx_word' id='word_1_1019' title='bbox 3087 5796 3300 5867; x_wconf 84' lang='grc' dir='ltr'><strong>χειρῶν</strong></span> <span class='ocrx_word' id='word_1_1020' title='bbox 3347 5795 3545 5866; x_wconf 68' lang='grc' dir='ltr'><strong>ὑμῶνῖ</strong></span> 
     </span>
    </p>
   </div>
   <div class='ocr_carea' id='block_1_131' title="bbox 1981 5879 3544 5956">
    <p class='ocr_par' dir='ltr' id='par_1_131' title="bbox 1981 5879 3544 5956">
     <span class='ocr_line' id='line_1_131' title="bbox 1981 5879 3544 5956; baseline -0.01 -8"><span class='ocrx_word' id='word_1_1021' title='bbox 1981 5889 2097 5948; x_wconf 80' lang='grc' dir='ltr'><strong>εἶτα</strong></span> <span class='ocrx_word' id='word_1_1022' title='bbox 2145 5889 2388 5954; x_wconf 80' lang='grc' dir='ltr'><strong>εἰπόντος</strong></span> <span class='ocrx_word' id='word_1_1023' title='bbox 2414 5929 2427 5954; x_wconf 94' lang='grc'><strong>,</strong></span> <span class='ocrx_word' id='word_1_1024' title='bbox 2481 5889 2650 5953; x_wconf 79' lang='grc' dir='ltr'><strong>Τίνος</strong></span> <span class='ocrx_word' id='word_1_1025' title='bbox 2703 5885 2927 5952; x_wconf 81' lang='grc' dir='ltr'><strong>ἕνεκεν,</strong></span> <span class='ocrx_word' id='word_1_1026' title='bbox 2981 5885 3134 5956; x_wconf 74' lang='grc' dir='ltr'><strong>φησὶ,</strong></span> <span class='ocrx_word' id='word_1_1027' title='bbox 3176 5883 3428 5955; x_wconf 62' lang='grc' dir='ltr'><strong>γυναῖκα</strong></span> <span class='ocrx_word' id='word_1_1028' title='bbox 3473 5879 3544 5932; x_wconf 79' lang='grc' dir='ltr'><strong>ἐκ</strong></span> 
     </span>
    </p>
   </div>
   <div class='ocr_carea' id='block_1_132' title="bbox 3163 5991 3236 6048">
    <p class='ocr_par' dir='ltr' id='par_1_132' title="bbox 3163 5991 3236 6048">
     <span class='ocr_line' id='line_1_132' title="bbox 3163 5991 3236 6048; baseline -0.014 0"><span class='ocrx_word' id='word_1_1029' title='bbox 3163 5991 3236 6048; x_wconf 78' lang='grc' dir='ltr'><strong>1ίι</strong></span> 
     </span>
    </p>
   </div>
  </div>
