4058 6258
496 293 600 351 221

495 410 780 478 νεότητός
821 422 938 461 σου
979 406 1368 476 ἐγκατέλιπες
1382 425 1402 474 ;
1433 408 1528 462 καὶ
1563 408 1779 473 δεικνὺς
1818 422 1846 452 α
1884 410 2072 483 ήλίκον

495 498 612 551 ἐστὶ
659 496 857 560 κακὸν,
898 492 993 546 καὶ
1037 494 1354 566 ἀποστερῶν
1396 497 1578 567 πάσης
1618 495 1949 569 συγγνώμης
1980 497 2071 551 τὸν

493 583 653 636 τοῦτο
676 582 1002 653 ποιήσαντα,
1033 579 1122 634 διά
1151 579 1260 635 τῶν
1288 581 1418 652 ἑξῆς
1459 583 1559 654 τὴν
1604 584 1942 656 κατηγορίαν
1972 582 2074 638 αὒ-

497 670 597 733 ξει,
636 666 862 737 ἐπάγων
902 666 1046 720 οὕτω
1080 666 1177 720 καλ⁵
1207 666 1421 736 λέγων’
1450 670 1562 724 Καὶ
1600 670 1753 739 αὕτη
1785 671 2075 737 κοινωνός

494 771 633 822 c‘ov,
662 756 761 809 καί
794 755 949 825 γυνὴ
992 754 1282 826 διαθήκης
1310 770 1451 821 σου,
1486 756 1589 812 καὶ
1635 757 2077 827 ἐγκατάλειμμα

500 845 837 915 πνεύματός
865 858 982 899 σου
1005 884 1022 909 ,
1049 845 1147 899 καί
1185 846 1296 901 οὐκ
1337 846 1529 913 ἄλλος
1569 846 1884 915 ἐποίησεν.
1934 849 2077 917 Ὅροι

497 930 640 984 πόσα
667 929 849 1002 τίθησι
894 928 1280 1002 δικαιώματα’
1322 931 1542 1004 πρῶτον
1580 932 1643 986 :6
1675 934 1774 1003 τῆς
1825 932 2074 1002 ἡλικίας,

498 1017 669 1085 Γυνὴ
690 1019 970 1086 νεότητός
996 1033 1113 1071 σου
1134 1032 1150 1049 ο
1186 1011 1307 1072 εἶτα
1339 1018 1401 1071 τὸ
1441 1021 1763 1087 ἀναγκαῖον,
1796 1018 1904 1073 Καὶ
1926 1018 2077 1086 αὕτη

499 1106 785 1170 κοινωνός
824 1119 972 1158 σουο
1001 1099 1120 1157 εἷτα
1148 1104 1238 1158 τὸν
1276 1104 1375 1173 τῆς
1427 1104 1793 1177 δημιουργίας
1841 1104 2068 1176 τρόπον,

513 1191 980 1263 Ἑγκατάλειμμα
1017 1192 1357 1261 πνεύματός
1384 1205 1522 1245 σου.

569 1287 639 1349 γ’.
667 1279 811 1351 Πρὸς
845 1277 1059 1341 τούτοις
1087 1277 1310 1343 ἅπασιν,
1335 1277 1364 1331 δ
1399 1278 1622 1333 πάντων
1650 1278 1854 1333 τούτων
1892 1278 2078 1351 μεῖξον

500 1364 591 1440 ἦν,
622 1369 684 1423 :6
720 1368 816 1421 τοῦ
850 1369 1174 1438 ποιήσαντος
1206 1366 1444 1438 ἀξίωμα.
1494 1367 1669 1421 Τοῦτο
1715 1369 1818 1440 γάρ
1845 1370 1960 1422 ἐστι
1994 1368 2076 1430 :6.

504 1458 625 1510 οὐκ
640 1456 829 1521 ἄλλος
847 1454 1155 1521 ἐποίησεν.
1175 1454 1288 1506 Ούκ
1308 1452 1472 1524 ἔχεις,
1491 1455 1675 1525 φησιν,
1697 1456 1891 1519 εἰπεῖν,
1914 1455 1996 1507 ὅτι
2019 1455 2080 1506 σέ

505 1543 605 1611 μὲν
657 1545 686 1597 6
722 1542 854 1605 Θεὸς
892 1539 1166 1611 ἐποίησεν,
1212 1540 1431 1611 ἐκείνην
1472 1541 1531 1593 δὲ
1561 1541 1659 1611 οὐχ
1701 1544 1729 1594 6
1771 1542 1926 1605 Θεὸς,
1965 1541 2081 1596 ἀλλ’

503 1632 663 1696 ἄλλος
687 1649 771 1693 τις
798 1631 1008 1684 ἐκείνου
1050 1629 1473 1701 καταδεέστερος
1492 1646 1504 1659 ·
1534 1630 1649 1683 ἀλλ’
1687 1625 1767 1693 εἷς
1802 1631 1895 1683 καὶ
1924 1632 1952 1683 ὁ
1980 1632 2078 1685 αύ-

500 1720 593 1784 τδς
620 1717 960 1789 ἀμφοτέρους
991 1717 1071 1780 εἰς
1096 1715 1157 1768 τὸ
1179 1712 1319 1769 εἶναι
1353 1716 1721 1787 παραγαγών·
1750 1718 1887 1770 ὥστε
1912 1720 1960 1771 εἰ
1986 1719 2081 1772 καὶ

506 1808 671 1879 μηδὲν
725 1806 936 1876 ἕτερον,
976 1803 1135 1856 τοῦτο
1188 1804 1319 1872 γοῦν
1352 1803 1620 1869 αἰδεσθεὶς
1643 1846 1657 1868 ,
1690 1805 1927 1874 φύλαττε
1982 1805 2081 1877 τὴν

505 1892 642 1967 1:96;
684 1892 855 1963 αὐτὴν
885 1890 1125 1962 ἀγάπην.
1164 1891 1226 1943 Εἰ
1273 1889 1382 1961 γὰρ
1413 1890 1620 1955 δούλοις
1668 1892 1930 1955 πολλάκις
1963 1895 2080 1955 τοῖς

504 1980 639 2053 πρὸς
666 1978 927 2050 ἀλλήλους
957 1976 1340 2042 στασιάζουσιν
1372 1979 1399 2017 b
1444 1979 1697 2043 ὑπόθεσις
1727 1978 1887 2032 τοῦτο
1919 1980 2079 2048 γεγέ-

504 2085 689 2138 νηται,
723 2066 785 2119 τὸ
816 2066 925 2119 δεῖν
970 2064 1116 2132 λέγω
1160 2065 1288 2128 τοὺς
1333 2065 1683 2137 ἀμφοτέρους
1737 2067 1818 2118 ἑνὶ
1865 2068 1958 2119 καὶ
2003 2065 2082 2137 τῷ

504 2154 652 2226 αύτῷ
699 2152 981 2206 δουλεῦσαι
1033 2152 1288 2225 δεσπότῃ,
1328 2152 1511 2223 πολλῷ
1560 2152 1764 2223 μᾶλλον
1804 2154 1894 2222 ἐφ’
1925 2153 2082 2224 ήμῶν

502 2240 667 2296 τοῦτο
691 2237 937 2308 γίνεσθαι
964 2236 1093 2308 χρὴ,
1127 2237 1257 2290 ὅταν
1283 2239 1376 2292 καὶ
1402 2238 1733 2311 δημιουργὸν
1766 2240 1862 2294 καὶ
1888 2239 2082 2293 δεσπὸ·

503 2346 607 2400 την
636 2326 728 2380 τὸν
755 2323 918 2379 αὐτὸν
962 2324 1178 2394 ἔχωμεν
1213 2325 1264 2376 οἱ
1304 2325 1629 2397 ἀμφότεροι.
1666 2322 1816 2389 Εἶδες
1838 2326 1958 2389 πῶς
1989 2327 2083 2379 καὶ

504 2417 566 2467 ἐν
592 2416 658 2483 τῇ
698 2411 912 2482 Παλαιᾷ
942 2409 1118 2480 ἀρχάς
1151 2412 1245 2464 καὶ
1288 2412 1548 2482 προοίμια
1581 2411 1766 2465 λοιπὸν
1812 2411 2082 2480 ἐλάμϐανε

506 2502 604 2572 τῆς
654 2500 848 2569 καινῆς
893 2497 1218 2568 φιλοσοφίας
1260 2498 1330 2551 τὰ
1374 2499 1811 2571 προστάγματα;
1865 2500 2086 2570 Ἐπειδὴ

505 2589 613 2659 7&9
644 2586 810 2639 πολὺν
856 2584 1231 2656 ἑνετράφησαν
1273 2584 1350 2655 τῷ
1394 2586 1543 2655 νόμῳ
1573 2587 1785 2655 χρόνον,
1824 2587 1919 2641 καὶ
1950 2587 2086 2658 πρὸς

506 2666 576 2728 τά
614 2673 923 2744 τελειότερα
960 2672 1394 2744 παραγγέλματα
1442 2671 1647 2726 ὁδεύειν
1687 2670 1947 2741 ὤφειλον,
1989 2676 2085 2728 καὶ

508 2764 647 2837 πρὸς
661 2764 724 2818 :6
743 2762 897 2826 τέλος
916 2761 1101 2815 λοιπὸν
1129 2762 1345 2833 ἀπήντα
1370 2762 1555 2824 αὐτοῖς
1574 2761 1643 2813 τὰ
1664 2762 1762 2830 τῆς
1787 2761 2083 2825 πολιτείας,

514 2851 655 2924 μετά
689 2849 785 2905 τοῦ
848 2850 1220 2923 προσήκοντος
1275 2848 1470 2921 καιροῦ
1521 2848 1706 2902 λοιπὸν
1741 2849 1837 2902 ἐπὶ
1881 2850 2086 2918 ταύτην

509 2939 630 3008 ἄγει
660 2939 759 3011 τὴν
786 2936 1106 3007 φιλοσοφίαν
1148 2937 1346 3000 αὐτοὺς
1369 2939 1397 2990 6
1425 2938 1731 3007 προφήτης.
1762 2936 2089 3008 Πειθώμεθα

508 3027 688 3080 τοίνυν
728 3025 806 3096 τῷ
855 3022 1006 3094 καλῷ
1039 3021 1219 3094 τούτῳ
1259 3023 1430 3093 νόμῳ,
1464 3023 1561 3076 καὶ
1608 3024 1791 3093 πάσης
1824 3023 2088 3094 αἰσχύνης

511 3113 738 3174 ἑαυτοὺς
771 3108 1171 3179 ἀπαλλάξωμεν
1198 3109 1291 3162 καὶ
1316 3109 1451 3179 μήτε
1481 3108 1578 3172 τὰς
1609 3110 1819 3163 ἑαυτῶν
1840 3110 2086 3164 ἐκϐάλω-

513 3216 634 3269 μεν,
681 3199 822 3269 μήτε
849 3197 947 3261 τὰς
1001 3196 1106 3251 ὑπὸ
1139 3196 1341 3267 ἐτέρων
1388 3196 1745 3266 ἐκϐληθείσας
1779 3196 2083 3268 δεχώμεθα.

514 3285 659 3356 ιιοίῳ
710 3284 819 3354 7&9
850 3283 970 3352 ὕφει
1010 3280 1286 3352 προσώπῳ
1316 3282 1406 3335 τὸν
1456 3282 1622 3353 ἄνδρα
1668 3285 1766 3354 τῆς
1795 3286 2087 3353 γυναικός;

512 3374 687 3438 ποίοις
709 3373 1005 3443 δφθαλμοῖς
1027 3374 1150 3436 τοὺς
1172 3371 1357 3441 φίλους
1382 3374 1509 3435 τοὺς
1535 3373 1768 3439 ἐκείνου,
1794 3375 1922 3438 τοὺς
1947 3373 2089 3428 οἰκέ-

511 3479 638 3527 ταςς
666 3458 825 3533 [207]
858 3461 919 3515 Εἰ
959 3461 1069 3532 7&9
1095 3459 1517 3531 τελευτήσαντος
1555 3460 1650 3513 τοῦ
1691 3462 2086 3525 συνοικοῦντος,

510 3549 612 3621 τὴν
638 3546 873 3618 γυναῖκά
896 3563 983 3609 τις
1017 3545 1117 3618 τὴν
1145 3547 1354 3621 ἐκείνου
1388 3546 1587 3612 λαϐὼν,
1625 3544 1744 3601 εἶτα
1773 3550 1872 3619 τὴν
1904 3548 2089 3602 εἰκόνα

516 3640 686 3711 μόνην
724 3638 1093 3711 ἀνακειμένην
1129 3638 1274 3704 ίδὼν,
1306 3639 1477 3695 ἔπαθέ
1505 3657 1557 3693 τι
1584 3641 1680 3694 καὶ
1712 3641 2089 3714 ἐδυσχέρανεν,

512 3726 590 3791 ῶς
637 3724 820 3791 ζῶντα
853 3724 944 3779 τὸν
981 3724 1153 3796 ἀνδρα
1205 3726 1348 3797 ὀρῶν
1379 3728 1479 3797 τῆς
1505 3726 1655 3799 αὐτῷ
1702 3727 2089 3800 συνοικούσης,

514 3813 665 3867 ποῖον
699 3810 955 3883 βιώσεται
984 3811 1136 3883 βίον;
1166 3811 1285 3877 πῶς
1307 3813 1492 3868 οἴκαδε
1516 3815 1883 3869 είσελεύσεται
1908 3833 1922 3882 ;
1953 3816 2095 3887 μετά

513 3899 675 3964 ποίας
705 3899 953 3971 γνώμης,
1006 3899 1146 3970 μετά
1183 3899 1354 3955 ποίων
1406 3900 1700 3972 ὀφθαλμῶν
1751 3901 1942 3972 ὄψεται
1994 3902 2092 3975 τὴν

512 3986 720 4041 ἐκείνου
756 3989 992 4056 γυναῖκα
1020 3985 1120 4057 τὴν
1152 3984 1319 4039 αὑτοῦ
1347 4003 1363 4051 ;

581 4074 798 4131 Μᾶλλον
822 4074 880 4128 δέ
908 4074 1031 4127 ούδέ
1059 4073 1296 4137 ἐκείνου,
1319 4073 1445 4128 οὔτε
1470 4075 1884 4140 αύτοῦδικαίως
1915 4077 1981 4131 άν
2008 4095 2094 4142 τις

512 4161 616 4232 τὴν
664 4159 923 4230 τοιαύτην
970 4157 1300 4229 προσείποι*
1345 4160 1382 4231 ή
1432 4160 1540 4231 7&9
1590 4161 1841 4233 μοιχαλὶς
1879 4164 2094 4230 οὐδενός

516 4249 636 4300 ἐστι
662 4246 821 4315 γυνή.
853 4244 966 4298 Καὶ
995 4243 1104 4316 γάρ
1129 4243 1228 4309 τάς
1252 4244 1391 4315 πρὸς
1415 4246 1626 4301 ἐκεῖνον
1653 4247 1927 4321 συνθήκας
1955 4252 2094 4307 ἐπά-

514 4349 670 4403 τησε,
705 4331 800 4386 καὶ
829 4329 966 4402 πρὸς
989 4330 1050 4384 σὲ
1081 4331 1221 4403 μετά
1238 4331 1350 4386 τῶν
1377 4334 1768 4404 προσηκόντων
1791 4335 1975 4407 νόμων
1994 4339 2096 4395 οὐκ

514 4414 668 4489 ἦλθε.
694 4418 874 4489 Πόσης
899 4418 999 4472 οὐκ
1018 4416 1084 4472 ἀν
1104 4419 1192 4489 είη
1210 4419 1536 4489 παρανοίας,
1561 4422 1797 4493 πρᾶγμα
1816 4423 2089 4481 τοσούτων

515 4511 687 4582 γέμον
716 4510 902 4566 κακῶν
937 4512 1019 4575 είς
1052 4509 1152 4582 τὴν
1193 4511 1373 4566 οἰκίαν
1419 4513 1777 4583 είσαγαγεῖνς
1832 4514 1929 4587 Μὴ
1977 4518 2092 4590 7&9

518 4598 712 4662 σπάνις
738 4598 859 4652 ἐστὶ
888 4597 1194 4666 γυναικῶν;
1223 4598 1381 4663 Τίνος
1412 4599 1623 4660 ἕνεκεν,
1655 4600 1868 4656 πολλῶν
1892 4603 2091 4669 οὐσῶν,

514 4685 582 4748 ἀς
621 4683 763 4754 μετὰ
784 4683 897 4737 τῶν
927 4684 1315 4756 προσηκόντων
1344 4688 1525 4757 νόμων
1554 4688 1650 4742 καὶ
1677 4689 1819 4755 μετὰ
1848 4689 2091 4763 καθαροῦ

518 4771 818 4836 συνειδότος
847 4769 1144 4842 λαμϐάνειν
1175 4770 1409 4837 ἔξεστιν,
1444 4773 1537 4827 ἐπὶ
1566 4775 1662 4838 τὰς
1702 4776 2094 4848 κεκωλυμένας

514 4857 803 4930 τρέχομεν,
843 4858 942 4923 τὰς
987 4859 1166 4923 οἰκίας
1195 4861 1629 4931 ἀνατρέποντες,
1679 4862 1774 4915 καὶ
1820 4862 2093 4935 πολέμους

517 4944 814 5015 ἐμφυλίους
842 4944 1154 5013 εἰσάγοντες
1176 4985 1192 5011 ,
1239 4947 1335 5001 καὶ
1364 4949 1704 5018 πανταχόθεν
1729 4946 1928 5021 ἔχθραν
1962 4953 2093 5005 ἑαυ-

514 5033 627 5095 τοῖς
647 5030 1171 5102 παρασκευάζοντες,
1198 5033 1412 5103 μυρίων
1444 5036 1764 5107 κατηγόρων
1787 5037 2095 5106 ἀνοίγοντες

518 5115 786 5186 στόματα,
818 5117 915 5171 καὶ
939 5116 1039 5188 τὴν
1065 5116 1213 5190 ζωὴν
1242 5121 1344 5191 τὴν
1374 5121 1585 5175 ἑαυτῶν
1613 5123 2088 5195 καταισχύνοντες,

516 5206 630 5279 καὶ,
679 5204 740 5259 :6
777 5206 994 5261 πάντων
1035 5207 1443 5279 χαλεπώτατον,
1487 5212 1865 5284 ἀπαραίτητον
1915 5216 1973 5267 ἐν
2020 5219 2086 5287 τῇ

520 5292 705 5365 ἡμέρᾳ
734 5293 831 5362 τῆς
860 5294 1096 5365 κρίσεως
1127 5297 1452 5363 συνάγοντες
1490 5299 1705 5363 ἑαυτοῖς
1733 5301 1990 5369 κόλασιν;
2026 5305 2091 5356 Τί

515 5381 628 5449 γάρ
668 5379 905 5453 ἐροῦμεν
955 5383 1077 5435 τότε
1105 5382 1185 5453 τῷ
1214 5382 1466 5453 μέλλοντι
1515 5386 1720 5457 κρίνειν
1758 5390 1929 5458 ήμάς,
1964 5391 2092 5445 ὅταν

516 5466 607 5518 τόν
635 5466 799 5536 νόμον
829 5469 1181 5539 παρενεγκὼν
1210 5471 1291 5534 είς
1315 5471 1478 5541 μέσον
1511 5472 1605 5525 καὶ
1628 5473 1894 5542 ἀναγνοὺς
1916 5476 2079 5531 εἴποι·

531 5551 827 5607 Ἐκέλευσα
854 5556 1261 5628 ἀπολελυμένην
1293 5561 1529 5627 γυναῖκα
1564 5559 1638 5630 μὴ
1669 5560 1990 5630 λαμϐάνειν,
2024 5566 2093 5617 εἰ·

520 5637 635 5691 πὼν
670 5639 754 5692 δτι
786 5643 1000 5712 μοιχεία
1026 5644 1088 5696 :6
1125 5646 1358 5714 πρᾶγμά
1403 5648 1536 5699 ἐστι.
1570 5646 1695 5710 Πῶς
1724 5644 1817 5702 οῦν
1850 5651 2089 5721 ἐτόλμη-

576 5744 605 5775 .
760 5758 884 5819 mss.”
896 5748 1046 5807 ὑμῶν,
1069 5808 1080 5819 β
1098 5752 1138 5796 εἰ
1177 5750 1335 5819 λαϐεῖν
1360 5752 1525 5819 δεκτόν
1554 5753 1727 5819 ἐπι-τῶν
1745 5757 1914 5819 χειρῶν
1935 5757 2086 5819 ὐμῶν,

516 5821 593 5873 ιιι
612 5806 840 5873 εἰπόντος,
863 5806 1015 5873 ἕνεκεν
1036 5808 1217 5863 τίνος...
1239 5811 1566 5873 έγκᾳταλίπῃς·
1589 5814 1687 5862 εἶτα
1708 5806 1900 5870 δεῖκνύς.

574 5862 607 5904 δ
624 5859 735 5914 Duo
757 5859 857 5914 mis
908 5859 1157 5922 δούλους..ξ
1185 5859 1533 5927 στασιάζοντας.

1218 311 1275 367 s.
1315 309 1601 367 10:11le
1628 304 2114 365 cumsnsmm
2154 304 2472 361 ARCHIEP.
2509 248 3057 362 CONSTANTINOE.

3654 305 3758 361 212

2178 430 2279 477 σας
2307 412 2401 468 ἐπὶ
2430 416 2814 488 κεκωλυμένον
2839 415 3017 486 γάμον
3044 412 3256 482 ἑλθεῖν;
3288 412 3355 467 Τί
3379 411 3635 484 ἐροῦμεν,
3668 412 3762 471 καὶ

2175 492 2229 546 τί
2250 493 2725 566 ἀποκρινούμεθα;
2754 496 2829 549 Οὐ
2857 495 2972 567 7&9
2993 495 3076 548 δεῖ
3099 495 3225 558 τοὺς
3256 491 3408 565 παρά
3429 491 3542 545 τῶν
3563 493 3766 560 ἔξωθεν

2174 571 2460 642 κειμένους
2507 574 2707 645 νόμους
2756 575 2877 627 ἐκεῖ
2925 572 3299 643 προϐαλέσθαι
3323 611 3340 637 ,
3378 569 3496 624 ἀλλ’
3544 572 3764 644 ἀνάγκη

2177 647 2449 717 σιγῶντας
2476 652 2571 705 καὶ
2601 652 2924 721 δεδεμένους
2962 654 3044 716 εἰς
3073 651 3135 706 :6
3160 651 3261 722 τῆς
3292 650 3518 720 γεέννης
3547 651 3765 719 ἀπάγε·

2178 725 2304 781 σθαι
2344 727 2457 801 πῦρ
2490 729 2634 799 μετά
2661 729 2776 783 τῶν
2802 729 3010 799 μοιχῶν
3036 730 3132 783 καὶ
3158 728 3266 781 τῶν
3291 729 3420 791 τοὺς
3448 726 3768 799 ἀλλοτρίους

2177 804 2551 876 ἀδικησάντων
2568 808 2798 878 γάμους·
2817 809 2847 861 ὃ
2860 825 2919 860 τε
2940 806 3050 880 7&9
3073 806 3351 871 ἀπολύσας
3368 807 3537 879 χωρἰς
3556 808 3764 871 αἰτίας,

2177 884 2277 955 τῆς
2306 886 2400 939 ἐπὶ
2427 887 2691 958 πορνείᾳ,
2718 887 2747 940 ὃ
2771 903 2832 939 τε
2860 885 3270 958 ἐκϐεϐλημένην
3294 885 3517 956 γαμῶν,
3546 884 3643 938 τοῦ
3669 887 3768 939 ἀν-

2177 962 2303 1035 δρὸς
2331 962 2556 1029 ζῶντος,
2580 965 2786 1036 ὁμοίως
2825 964 2966 1037 μετά
2997 965 3099 1035 τῆς
3122 963 3483 1036 ἐκϐληθείσης
3508 963 3771 1028 κολάζον-

2176 1060 2287 1097 ται.
2326 1043 2419 1096 Διὸ
2449 1044 2782 1114 παρακαλῶ,
2824 1046 2919 1097 καὶ
2945 1044 3137 1117 δέομαι
3175 1045 3268 1099 καὶ
3296 1043 3582 1107 ἀντιϐολῶ,
3626 1046 3767 1115 μήτε

2179 1119 2376 1192 ἄνδρας
2411 1120 2695 1176 ἐκϐάλλειν
2740 1125 3042 1191 γυναῖκας,
3089 1122 3227 1192 μήτε
3263 1124 3531 1188 γυναῖκας
3566 1123 3770 1195 ἀνδρας

2180 1198 2419 1267 ἀφιέναι,
2451 1200 2568 1253 ἀλλ’
2607 1200 2829 1253 ἀκούειν
2866 1199 2963 1253 τοῦ
3006 1199 3219 1253 Παύλου
3263 1200 3515 1268 λέγοντος
3542 1217 3557 1231 ⁸
3592 1201 3771 1269 Γυνὴ

2180 1275 2413 1331 δέδεται
2434 1279 2620 1346 νόμῳ,
2653 1278 2747 1347 ἐφ’
2775 1279 2929 1332 ὅσον
2949 1281 3173 1346 χρόνον
3195 1276 3262 1346 ζῇ
3292 1282 3325 1331 ό
3351 1277 3510 1346 ἀνὴρ
3540 1277 3769 1346 αὐτῆς·

2179 1355 2287 1408 ἐὰν
2312 1354 2380 1407 δὲ
2405 1355 2657 1425 κοιμηθῇ
2689 1358 2722 1409 ὁ
2765 1354 2921 1422 ἀνὴρ
2948 1395 2961 1416 ,
2992 1355 3277 1423 ἐλευθέρα
3310 1355 3484 1408 ἐστὶν
3512 1348 3559 1420 ᾦ
3598 1356 3765 1410 θέλει

2181 1437 2547 1507 γαμηθῆναι,
2583 1441 2778 1508 μίνον
2813 1440 2885 1491 ἐν
2909 1436 3126 1505 Κυρίῳ.

2253 1521 2418 1573 Ποίαν
2450 1522 2559 1592 7&9
2603 1521 2777 1592 ἔχοιεν
2813 1520 3145 1591 συγγνώμην
3177 1521 3248 1581 οἱ,
3288 1517 3384 1572 τοῦ
3414 1518 3627 1572 Παύλου
3665 1520 3773 1571 καὶ

2180 1603 2431 1676 δεύτερον
2464 1605 2857 1675 ἐπιτρέποντος
2881 1606 3060 1674 γάμον
3093 1602 3235 1673 μετά
3257 1602 3357 1672 τὴν
3386 1601 3647 1672 τελευτὴν
3670 1601 3773 1655 τοῦ

2185 1686 2556 1750 συνοικοῦντος
2575 1727 2593 1751 ,
2621 1688 2717 1740 καὶ
2745 1687 3018 1757 τοσαύτην
3049 1684 3382 1757 παρέχοντος
3416 1685 3623 1748 ἀδειαν,
3662 1682 3779 1754 πρὸ

2181 1771 2281 1840 τῆς
2324 1770 2582 1840 τελευτῆς
2610 1770 2921 1840 τολμῶντες
2954 1768 3115 1822 τοῦτο
3145 1771 3359 1835 ποιεῖν;
3390 1769 3536 1829 τίνος
3568 1765 3634 1820 ἂν
3670 1765 3775 1818 τύ-

2183 1869 2329 1923 χοιεν
2360 1851 2655 1921 ἀπολογίας
2676 1893 2693 1917 ,
2724 1852 2761 1923 ἢ
2788 1848 2935 1906 οὗτοι
2960 1852 3011 1904 οἱ
3046 1849 3266 1915 ζώντων
3293 1850 3401 1904 τῶν
3431 1850 3648 1921 ἀνδρῶν
3672 1850 3779 1912 τὰς

2182 1937 2447 2004 γυναῖκας
2474 1934 2860 2005 λαμϐάνοντες,
2887 1933 2922 2004 ἢ
2946 1935 3142 1987 ἐκεῖνοι
3170 1934 3221 1985 οἱ
3254 1932 3392 2003 πρὸς
3423 1933 3524 1995 τάς
3563 1932 3782 2003 πανδή-

2187 2034 2319 2087 μους
2360 2017 2724 2089 ἀπερχόμενοι
2756 2016 2991 2087 πόρνας;
3025 2016 3133 2070 Καὶ
3162 2014 3275 2087 γάρ
3306 2015 3399 2068 καὶ
3431 2017 3610 2069 ἐκεῖνο
3647 2032 3781 2085 μοι-

2182 2100 2333 2170 χείας
2356 2101 2544 2173 ἕτερον
2560 2097 2716 2165 εἶδος,
2744 2100 2835 2152 τὸν
2862 2102 3097 2168 γυναῖκα
3121 2097 3315 2168 ἔχοντα
3338 2097 3506 2159 ἔνδον,
3536 2098 3777 2168 πόρναις

2182 2183 2886 2254 γυναιξὶνὸμιλεῖν.”Ωσπερ
2912 2183 2982 2250 γά
2991 2199 3021 2253 ρ
3040 2184 3074 2253 ἡ
3094 2181 3183 2235 τὸν
3199 2181 3370 2253 ἄνδρα
3392 2181 3594 2251 ἔχουσα
3610 2181 3779 2252 γυνὴ,

2183 2266 2290 2320 κᾶν
2313 2267 2499 2336 οἰκέτῃ
2542 2268 2646 2319 κᾶν
2662 2266 2932 2336 ἐλευθέρῳ
2948 2266 3303 2333 τινὶγυναίκα
3335 2266 3411 2335 μὴ
3436 2263 3610 2335 ἔχοντι
3645 2264 3784 2318 ἐαυ-

2181 2348 2281 2419 τὴν
2305 2349 2463 2420 ἐκδῷ,
2477 2351 2590 2413 τοῖς
2610 2350 2707 2419 τῆς
2725 2349 2969 2420 μοιχείας
2982 2347 3263 2402 ἁλίσκεται
3277 2348 3487 2417 νόμοις·
3515 2345 3659 2399 οὕτω
3678 2346 3784 2399 καὶ

2183 2431 2213 2483 ὁ
2231 2431 2386 2501 ἀνὴρ.
2418 2431 2520 2484 κᾶν
2543 2432 2624 2494 εἰς
2655 2432 2938 2502 πάνδημον
2955 2432 3192 2501 πόρνην,
3223 2431 3327 2484 κᾶν
3358 2433 3437 2493 εἰς
3458 2429 3655 2500 ἑτέραν
3681 2447 3782 2497 γυ-

2184 2516 2346 2567 ναίκα
2368 2514 2541 2583 ἀνδρα
2563 2515 2666 2567 ούκ
2678 2514 2905 2584 ἔχουσαν
2925 2515 3184 2585 ἁμάρτοι,
3212 2516 3450 2581 γυναῖκα
3472 2512 3633 2582 ἔχων,
3655 2529 3785 2583 μοι-

2185 2595 2337 2666 χείας
2373 2597 2434 2650 :6
2468 2599 2704 2668 πρᾶγμα
2737 2597 3075 2668 νενόμισται.
3105 2596 3407 2668 Φεύγωμεν
3458 2595 3640 2648 τοίνυν
3680 2596 3787 2649 καὶ

2182 2678 2373 2732 τοῦτον
2394 2678 2484 2731 τὸν
2514 2667 2717 2751 τρόπον
2739 2680 2837 2751 τῆς
2863 2667 3202 2751 μοιχείας.Τί
3225 2679 3334 2750 γάρ
3357 2678 3553 2748 ἕξομεν
3574 2679 3784 2738 εἰπεῖν,

2186 2760 2238 2813 τί
2249 2762 2306 2813 δέ
2319 2760 2686 2832 προϐαλέσθαι
2705 2761 2929 2815 τοιαῦτα
2952 2761 3262 2832 τολμῶντες
3280 2778 3294 2827 ;
3314 2761 3477 2814 ποίαν
3494 2761 3786 2833 εὐπρόσω-

2188 2861 2288 2897 πον
2314 2842 2668 2916 παρεξόμεθα
2711 2844 3022 2914 πρόφασινς
3071 2844 3182 2914 Τὴν
3208 2843 3308 2912 τῆς
3338 2842 3556 2912 φύσεως
3584 2842 3787 2895 ἐπιθυ-

2192 2927 2353 2998 μίαν;
2419 2927 2559 2979 Ἀλλ’
2610 2926 2914 2995 ἐφέστηκεν
2972 2928 3007 2997 ή
3056 2924 3406 2996 κληρωθεῖσα
3460 2925 3621 2994 γυνὴ,
3673 2924 3786 2994 τῆς

2188 3009 2481 3077 ἀπολογίας
2509 3011 2659 3080 ἡμεῖς
2691 3008 2897 3079 ταύτης
2925 3006 3330 3079 ἀποστεροῦσα.
3363 3007 3462 3059 Διά
3488 3006 3646 3059 τοῦτο
3677 3008 3787 3075 γά-

2192 3110 2291 3165 μος
2319 3094 2711 3161 εἰσενήνεκται,
2738 3094 2827 3145 ἴνα
2853 3092 2928 3163 μὴ
2953 3089 3284 3163 πορνεύσῃςο
3311 3089 3513 3160 μάλλον
3533 3088 3589 3141 δὲ
3619 3087 3785 3161 [9.08]

2188 3178 2286 3248 οὐχ
2314 3178 2348 3248 ἡ
2369 3177 2505 3249 γυνὴ
2534 3176 2715 3247 μόνον,
2750 3177 2886 3229 ἀλλά
2921 3177 3016 3229 καὶ
3048 3176 3226 3240 ἕτεροι
3265 3173 3451 3227 πολλοὶ
3480 3175 3579 3244 τῆς
3606 3173 3786 3243 αὐτῆς

2187 3260 2321 3330 ήμῖν
2350 3258 2717 3329 μετασχόντες
2758 3258 2975 3327 φύσεως
2997 3256 3200 3327 ταύτης
3237 3257 3385 3327 ἡμᾶς
3409 3253 3785 3327 ἀποστεροῦσι

2188 3342 2289 3411 τῆς
2310 3340 2662 3412 συγγνώμης.
2696 3340 2870 3393 Ὅταν
2897 3340 3007 3410 γὰρ
3039 3342 3068 3391 6
3100 3339 3385 3402 σύνδουλός
3408 3354 3526 3400 σου,
3556 3338 3620 3391 :6
3644 3339 3790 3392 αὐτὸ

2192 3428 2351 3500 σῶμα
2381 3427 2541 3499 ἔχων,
2585 3427 2687 3497 τὴν
2733 3426 2903 3496 αὐτὴν
2933 3426 3234 3497 ἐπιθυμίαν
3268 3425 3633 3498 κεκτημένος,
3665 3425 3786 3479 ὑπὸ

2190 3514 2291 3585 τῆς
2339 3514 2509 3584 αὐτῆς
2555 3512 2805 3581 ἀνάγκης
2854 3513 3202 3583 ὠθούμενος,
3253 3513 3521 3584 μηδεμίαν
3578 3512 3783 3585 ἑτέραν

2195 3601 2280 3674 ίδῃ
2307 3602 2569 3669 γυναῖκα,
2606 3599 2745 3653 ἀλλά
2785 3599 2922 3672 μένῃ
2959 3601 3057 3670 τὴν
3093 3598 3260 3653 αὑτοῦ
3295 3599 3542 3670 στέργων
3578 3601 3779 3670 μόνην,

2192 3681 2352 3733 ποίαν
2385 3680 2530 3746 ’ἐξεις
2566 3679 2866 3747 ἀπολογίαν
2897 3680 2962 3732 σὺ
3013 3679 3113 3749 τὴν
3141 3677 3437 3748 ἐπιθυμίαν
3475 3677 3786 3749 προϐαλλό-

2197 3776 2387 3830 μενος;
2412 3759 2521 3810 Καὶ
2546 3758 2600 3810 τί
2626 3756 2771 3826 λέγω
2800 3758 2928 3821 τοὺς
2961 3756 3186 3827 ἔχοντας
3217 3759 3516 3825 γυναῖκας;
3562 3757 3781 3828 Ἐννόη-

2195 3838 2288 3891 σὸν
2331 3854 2423 3908 μοι
2466 3838 2594 3899 τοὺς
2624 3834 2916 3898 διαπαντὸς
2956 3837 3014 3888 ἐν
3058 3834 3329 3906 παρθενίᾳ
3383 3836 3631 3901 ζῶντας,
3686 3837 3784 3889 καὶ

2197 3917 2319 3989 μηδ’
2348 3917 2485 3979 ὅλως
2515 3915 2889 3985 ὁμιλήσαντας
2918 3916 3105 3985 γάμῳ,
3144 3914 3239 3968 καὶ
3265 3913 3470 3985 πολλὴν
3503 3913 3778 3979 ἐπιδειξα-

2198 3996 2394 4067 μένους
2440 3993 2818 4065 σωφροσύνην.
2860 3993 3033 4047 Ὅταν
3079 3989 3173 4047 οὖν
3217 3993 3368 4046 ἄλλοι
3396 3994 3566 4064 χωρὶς
3601 3995 3783 4063 γάμου

2197 4072 2537 4144 σωφρονῶσι,
2580 4074 2742 4137 ποίας
2777 4071 2841 4125 σὺ
2873 4072 3041 4144 τεύξῃ
3066 4071 3402 4142 συγγνώμης
3435 4073 3572 4142 μετά
3606 4072 3782 4143 γάμον

2196 4151 2513 4224 πορνεύων;
2561 4152 2750 4205 Ταῦτα
2782 4152 2878 4205 καὶ
2906 4151 3101 4222 ἄνδρες
3136 4151 3232 4205 καὶ
3274 4152 3537 4219 γυναῖκες
3585 4150 3780 4204 ἀκουέ-

2195 4248 2398 4294 τωσαν,
2433 4230 2527 4283 καὶ
2563 4229 2732 4300 χῆραι
2751 4269 2768 4295 ,
2806 4230 2902 4283 καὶ¹
2931 4232 3308 4301 γεγαμηκυῖαι
3338 4238 3361 4268 ⁸
3389 4245 3403 4261 ο
3444 4231 3581 4283 πᾶσι
3611 4228 3720 4301 γὰρ
3752 4230 3783 4282 6

2197 4308 2407 4371 Παῦλος
2421 4308 2751 4377 διαλέγεται,
2777 4309 2874 4361 καὶ
2899 4310 2928 4362 ό
2951 4308 3116 4379 νόμος
3138 4302 3297 4371 οὗτος
3322 4309 3351 4360 6
3374 4307 3584 4376 λέγων·
3610 4306 3780 4374 Γυνὴ

2194 4389 2428 4443 δέδεται
2445 4389 2631 4456 νόμῳ,
2661 4388 2738 4456 ἐφ
2755 4388 2768 4407 '
2786 4387 2939 4443 ὅσον
2959 4387 3185 4456 χρόνον
3210 4384 3279 4455 ζῇ
3296 4390 3329 4441 ό
3358 4386 3518 4454 ἀνὴρ
3552 4385 3744 4455 αὐτῆς
3761 4403 3776 4417 ⁵

2194 4470 2304 4524 ἐὰν
2331 4467 2400 4521 δὲ
2427 4464 2685 4536 κοιμηθῇ
2700 4506 2715 4530 ,
2751 4466 3040 4535 ἐλευθέρα
3059 4466 3235 4520 ἐστίν
3259 4458 3308 4531 ᾧ
3336 4465 3498 4520 θέλει
3527 4464 3780 4536 γαμηθῆ-

2193 4563 2317 4611 ναι,
2344 4546 2539 4614 μόνον
2577 4546 2647 4598 ἐν
2678 4545 2902 4613 Κυρίῳ.
2947 4545 3063 4599 Καὶ
3105 4547 3228 4609 ταῖς
3262 4543 3516 4615 ἐχούσαις
3558 4544 3777 4617 ἀνδρας,

2195 4626 2291 4679 καὶ
2338 4626 2461 4688 ταῖς
2498 4625 2601 4677 οὐκ
2644 4621 2900 4693 ἐχούσαις
2924 4663 2942 4688 ,
2971 4622 3068 4676 καὶ
3110 4624 3232 4685 ταῖς
3260 4621 3655 4693 χηρευούσαις,
3690 4622 3779 4676 καὶ

2191 4704 2314 4766 ταῖς
2335 4701 2589 4772 δεύτερον
2611 4699 2965 4769 εἰσαγούσαις
2980 4698 3236 4770 νυμφίον,
3255 4701 3350 4753 καὶ
3369 4699 3575 4764 πάσαις
3595 4701 3778 4764 ἁπλῶς

2193 4784 2221 4835 6
2252 4782 2410 4850 λόγος
2434 4774 2592 4843 οὗτος
2639 4783 2928 4851 χρήσιμος.
2972 4778 3037 4831 Ἦ
3071 4778 3171 4848 μὲν
3215 4778 3326 4848 7&9
3370 4777 3572 4847 ἔχουσα
3612 4779 3778 4850 ἀνδρα

2193 4860 2292 4929 ούχ
2330 4860 2652 4930 αἱρήσεται,
2706 4856 2908 4922 ζῶντος
2961 4855 3210 4919 ἐκείνου,
3247 4855 3467 4909 ἔσεσθαι
3501 4856 3693 4928 ἑτέρου
3725 4856 3777 4918 ἀ,

2192 4937 2476 4991 ἀκούσασα
2497 4937 2579 4989 ὅτι
2606 4935 2807 5000 ζῶντος
2832 4931 2998 4985 αὑτοῦ
3022 4931 3264 4985 δέδεται·
3293 4934 3404 5004 ήδέ
3427 4933 3778 4990 ἀποϐαλοῦσα

2194 5016 2389 5078 πάλιν,
2421 5014 2488 5068 ἂν
2525 5016 2624 5086 μὲν
2658 5012 2895 5084 βουληθῇ
2926 5010 3203 5081 δευτέροις
3240 5012 3506 5083 ὁμιλῆσαι
3536 5014 3736 5086 γάμοις
3757 5054 3773 5075 ,

2191 5095 2292 5164 οὐχ
2323 5092 2531 5157 ἁπλῶς,
2570 5093 2692 5146 ούδέ
2722 5093 2798 5155 ὡς
2838 5091 3035 5160 ἔτυχε,
3068 5090 3231 5143 τοῦτο
3270 5092 3600 5162 ἐργάζεται,
3642 5093 3778 5148 ἀλλά

2196 5173 2336 5242 μετά
2370 5172 2480 5225 τῶν
2503 5171 2775 5240 κειμένων
2806 5169 2959 5242 παρά
2986 5166 3081 5221 τοῦ
3111 5167 3325 5223 Παύλου
3365 5170 3566 5241 νόμων,
3594 5173 3774 5226 είπόν-

2192 5240 2306 5314 τος,
2351 5247 2671 5316 Ἐλευθέρα
2705 5247 2878 5301 ἐστὶν
2912 5240 2962 5313 ᾧ
2993 5247 3154 5302 θέλει
3182 5247 3541 5317 γαμηθῆναι,
3584 5252 3776 5320 μόνον

2193 5329 2262 5381 ἐν
2281 5328 2496 5396 Κυρίῳ,
2526 5326 2794 5388 τουτέστι,
2825 5324 2963 5396 μετὰ
2991 5324 3370 5397 σωφροσύνης,
3410 5327 3553 5398 μετά
3583 5329 3774 5399 σεμνό-

2193 5424 2374 5477 τητος.
2415 5409 2512 5460 Ἂν
2552 5406 2597 5459 δ’
2630 5407 2740 5478 ἄρα
2777 5405 2969 5476 έληται
3015 5405 3152 5475 πρὸς
3191 5404 3284 5457 τὸν
3328 5406 3635 5461 ἀπελθόντα
3679 5409 3773 5470 τὰς

2196 5487 2469 5558 συνθήκας
2519 5485 2789 5555 φυλάξαι,
2837 5483 3137 5538 ἀκούσεται
3186 5485 3317 5547 τοὺς
3373 5485 3772 5556 ἀποκειμένους

2193 5567 2330 5636 αὐτῇ
2380 5566 2713 5634 στεφάνους,
2756 5564 2852 5617 καλ⁵
2894 5560 3122 5633 μείζονα
3165 5561 3399 5631 λήψεται
3437 5563 3768 5635 προθυμίαν.

2193 5645 2614 5711 Μακαριωτέρα
2642 5642 2750 5713 γάρ
2779 5643 2931 5707 ἐστι,
2961 5641 3150 5711 φησὶν,
3183 5640 3295 5694 ἐὰν
3325 5642 3480 5696 οὓτω
3500 5645 3701 5713 μείνῃ.

2697 5756 2915 5817 μημέναι-

2253 5816 2282 5882 τι
2306 5816 2424 5866 Haec
2444 5823 2552 5882 εει-ει
2568 5816 2747 5882 LSa'vilii
2770 5816 3084 5878 'conjectura,
3102 5828 3246 5878 quam
3276 5817 3533 5879 scriptura
3567 5819 3769 5882 vulgata

2192 5879 2340 5943 ἑτέρῳ
2359 5880 2678 5941 przetulimus.
2701 5875 2833 5925 Εοιτ.

2258 5760 2281 5789 ε
2313 5756 2418 5806 Duo
2438 5769 2556 5806 mss.
