4058 6258
346 343 437 397 εει
1550 345 1637 401 DE
1664 344 1949 401 LIBELLO
1988 346 2281 405 REPUDII.
2316 349 2380 406 ll.

333 461 473 518 lacn.
506 458 562 512 2.
594 459 705 530 ιδῃ
731 466 786 512 et
811 474 931 513 cum
960 458 1075 513 lucc
1104 457 1357 524 dixisset,
1394 458 1563 524 Quare
1582 458 1886 525 dereliquiin
1904 498 1920 524 ,

337 556 434 619 ait,
482 568 693 607 uxorem
747 552 1101 606 adolescentia:
1142 561 1244 606 tum
1287 550 1447 622 (Ibid.
1480 551 1695 622 v.14)?
1743 560 1924 621 postea

341 657 399 699 ut
420 645 667 699 ostendat
695 654 949 714 quantum
977 644 1047 698 sit
1071 644 1293 707 malum,
1321 654 1375 699 et
1394 659 1553 713 quam
1582 644 1828 713 indignus
1857 644 1928 697 sit

339 738 487 789 omni
522 738 676 790 venia
704 736 747 789 is
767 736 857 805 qui
889 738 988 789 hoc
1015 734 1161 801 fec-it,
1194 736 1246 789 in
1274 736 1623 804 sequentibus
1643 735 1931 789 accusatio-

345 842 463 882 nem
491 834 679 894 auget,
706 826 784 879 sic
809 824 995 880 dicens
1026 843 1040 883 :
1066 824 1135 878 Et
1172 826 1271 879 ista
1295 826 1433 880 socia
1458 836 1543 878 tua
1562 867 1577 891 ,
1599 834 1646 878 et
1680 841 1812 879 uxor
1835 842 1924 893 pa-

346 919 408 972 sti
438 918 532 979 tui,
561 926 607 969 et
634 916 862 984 reliquie
903 917 1113 986 spiritus
1134 917 1208 969 tui
1227 957 1243 982 ,
1266 926 1310 969 et
1332 933 1432 969 non
1457 917 1589 969 alius
1616 917 1731 986 fecit
1761 915 1815 985 (Ι
1823 915 1925 985 (1.).

348 1009 478 1063 Vide
507 1015 703 1078 quanta
734 1010 953 1078 apponit
991 1008 1102 1078 jura
1132 1025 1146 1072 ;
1173 1009 1399 1078 primum
1428 1018 1672 1072 (etatem,
1701 1007 1883 1062 dicens
1911 1025 1927 1065 :

350 1101 492 1157 Uxor
536 1100 888 1154 adolescentia:
912 1112 1046 1166 tute;
1073 1100 1267 1155 deinde
1314 1101 1627 1155 societatem
1669 1101 1823 1165 vitat,
1851 1099 1933 1153 di-

350 1206 471 1246 cens
504 1210 519 1246 :
551 1191 617 1244 Et
656 1188 754 1245 isla
779 1193 916 1245 socia
947 1202 1069 1256 tua;
1095 1201 1274 1259 postea
1306 1192 1525 1246 modum
1553 1190 1890 1246 formationis
1914 1232 1927 1253 ,

347 1286 530 1339 dicens
580 1299 596 1337 :
635 1284 881 1353 Reliquia:
923 1285 1131 1355 spiritus
1178 1286 1271 1338 tui.
1324 1283 1459 1356 [Non
1492 1285 1639 1338 enim
1678 1283 1746 1338 de
1788 1293 1931 1339 terra

345 1378 569 1431 formata
597 1386 680 1429 est
706 1378 843 1430 sicut
865 1376 1053 1463 Αιψιι,
1080 1376 1172 1430 sed
1196 1375 1479 1430 deformati
1510 1390 1541 1428 e
1567 1386 1706 1429 terra
1738 1375 1929 1442 latere,

344 1479 398 1522 et
428 1470 528 1522 hoc
555 1478 638 1522 est
662 1466 800 1537 quod
827 1466 973 1531 dicit,
995 1472 1373 1535 ἐγκατάλειμμα,
1397 1466 1460 1519 Et
1477 1467 1703 1535 reliquie:
1721 1466 1931 1537 spiritus

345 1562 418 1612 ius
446 1557 569 1630 (a).j

417 1653 471 1705 3.
504 1651 582 1704 Ad
606 1649 722 1702 haec
745 1649 944 1712 omnia,
970 1646 1111 1717 quod
1140 1646 1388 1701 omnibus
1411 1647 1515 1701 illis
1542 1646 1715 1716 majus
1745 1646 1924 1708 fuerit,

344 1742 552 1795 accedit
577 1739 870 1793 conditoris
898 1738 1149 1807 dignitas.
1181 1738 1291 1792 Hoc
1312 1739 1453 1791 enim
1480 1739 1742 1807 significat
1779 1737 1926 1801 illud,

347 1832 471 1886 Non
515 1833 649 1884 alius
677 1831 816 1900 fecit.
850 1830 963 1885 Non
1013 1841 1165 1898 potes
1192 1873 1204 1896 ,
1230 1830 1431 1899 inquit,
1470 1831 1652 1884 dicere
1672 1871 1687 1895 ,
1716 1828 1855 1899 quod
1882 1838 1932 1883 te

342 1924 559 1993 quidem
609 1923 749 1977 Deus
799 1922 952 1989 fecit,
980 1923 1121 1977 illam
1154 1936 1284 1977 vero
1331 1937 1435 1976 non
1465 1923 1603 1977 Deus
1624 1963 1639 1987 ,
1669 1921 1764 1976 sed
1794 1922 1932 1975 alius

341 2015 559 2086 quidam
606 2015 699 2069 illo
729 2013 974 2078 inferior;
1004 2014 1096 2069 sed
1126 2030 1261 2069 unus
1291 2025 1345 2069 et
1389 2014 1527 2069 idem
1577 2025 1832 2086 utrosque
1875 2023 1933 2069 ut

341 2116 526 2163 essent
547 2107 833 2176 produxit:
865 2115 920 2160 ει
950 2107 1015 2159 ita
1048 2107 1295 2175 quamvis
1324 2106 1455 2159 nihil
1485 2106 1659 2171 aliud,
1692 2105 1795 2160 hoc
1817 2105 1935 2166 sals

343 2210 451 2254 tem
482 2197 743 2252 reveritus
767 2239 781 2262 ,
804 2198 1079 2251 caritatem
1108 2211 1231 2265 erga
1266 2196 1410 2250 illam
1441 2197 1670 2251 custodi.
1702 2195 1834 2249 Nam
1883 2196 1929 2249 si

340 2305 487 2360 saepe
513 2295 614 2343 hoc
642 2289 811 2342 servis
839 2288 1167 2357 litigantibus
1210 2296 1405 2340 mutuae
1432 2286 1738 2342 dilectionis
1767 2301 1927 2340 causa

344 2382 462 2445 fuit,
494 2382 616 2452 quia
651 2381 808 2434 ambo
832 2380 917 2433 uni
940 2387 995 2434 et
1016 2379 1188 2433 eidem
1217 2377 1436 2433 domino
1466 2378 1737 2433 serviunt:
1763 2378 1931 2430 nmlto

342 2475 512 2545 magis
539 2473 695 2527 nobis
741 2471 842 2525 hoc
883 2470 999 2525 ﬁeri
1040 2470 1325 2533 convenit,
1350 2468 1564 2539 quando
1603 2468 1849 2524 eumdem
1877 2478 1931 2521 et

338 2564 717 2627 conditorem,
762 2571 817 2617 et
871 2561 1116 2630 Opilicem
1174 2561 1387 2630 utrique
1437 2560 1712 2615 habemus.
1738 2560 1930 2614 Vidisti

340 2654 611 2725 quomodo
634 2654 796 2707 etiam
828 2653 881 2705 in
913 2651 1087 2705 Veteri
1133 2650 1281 2705 initia
1321 2660 1375 2705 et
1411 2651 1671 2721 prooemia
1698 2649 1812 2705 fere
1836 2664 1928 2703 ac-

337 2747 582 2815 ceperint
610 2759 760 2798 nova:
784 2742 1133 2813 philosoiihize
1164 2743 1463 2810 pr:ecepta?
1489 2741 1621 2795 Nam
1652 2742 1736 2796 ubi
1763 2742 1931 2794 multo

340 2849 583 2905 tempore
607 2837 656 2887 in
692 2836 806 2904 lege
835 2834 1029 2887 versati
1047 2840 1247 2898 essent,
1273 2841 1329 2887 et
1355 2832 1419 2886 ad
1446 2830 1761 2901 perfectiora
1781 2848 1931 2884 tuan-

337 2930 464 2985 data
510 2928 738 2981 transire
764 2926 1056 2990 deberent,
1084 2924 1301 2994 jamque
1329 2933 1640 2993 properaret
1672 2922 1739 2975 ad
1769 2923 1929 2977 linem

339 3021 579 3089 ipsorum
608 3017 791 3088 politia
816 3057 831 3081 ,
859 3025 1162 3086 opportuno
1203 3023 1444 3083 tempore
1469 3012 1535 3066 ad
1561 3012 1822 3082 ejusmodi
1846 3028 1931 3065 sa-

338 3112 593 3183 pientiam
626 3110 745 3163 illos
777 3106 1033 3180 prOpbeta
1060 3106 1283 3161 inducit.
1307 3106 1596 3159 Pareamus
1625 3105 1781 3173 igitur
1806 3103 1931 3158 huic

338 3206 495 3259 bona:
525 3204 646 3271 legi,
672 3211 724 3256 et
749 3215 845 3254 nos
875 3199 944 3253 ab
970 3199 1116 3254 omni
1142 3196 1458 3251 confusione
1486 3196 1796 3261 liberemus,
1831 3210 1928 3249 ne-

335 3313 441 3366 que
468 3306 678 3349 nostras
703 3293 1002 3363 ejiciamus,
1032 3306 1204 3361 neque
1223 3290 1291 3344 ab
1316 3289 1438 3343 aliis
1469 3289 1669 3358 ejectas
1699 3289 1927 3358 recipia-

338 3406 480 3445 mus.
510 3390 642 3444 Nam
683 3403 786 3458 qua
832 3387 967 3441 facie
1010 3386 1180 3438 virum
1225 3383 1407 3438 uxoris
1445 3380 1710 3450 aspicies?
1737 3382 1929 3451 quibus

337 3484 507 3539 oeulis
534 3483 733 3535 amicos
774 3481 913 3534 illius
942 3487 997 3533 et
1021 3477 1283 3532 famulos?
1313 3476 1442 3529 Nam
1474 3476 1517 3529 si
1551 3478 1594 3528 is
1613 3476 1700 3545 qui
1734 3475 1926 3529 mortui

335 3572 601 3642 conjugis,
632 3568 786 3640 cujus
816 3583 1037 3623 uxorem
1055 3567 1279 3636 accepit,
1300 3567 1587 3636 imaginem
1613 3565 1927 3619 recumben-

336 3676 446 3719 tem
477 3662 703 3727 viderit,
736 3659 967 3715 afticitur
986 3660 1166 3730 aliquo
1206 3657 1368 3712 modo
1389 3698 1405 3723 ,
1434 3666 1486 3713 et
1522 3656 1754 3725 graviter
1783 3655 1924 3721 fert,

334 3770 400 3808 ac
432 3754 476 3807 si
504 3753 771 3807 viventem
800 3749 1051 3804 maritum
1073 3748 1250 3803 videat
1273 3747 1390 3817 ejus
1420 3762 1540 3817 qua:
1578 3746 1679 3801 sibi
1708 3745 1925 3800 cohabi-

335 3852 446 3907 ιιι,
478 3842 690 3912 qualem
722 3840 881 3893 vitam
925 3838 1217 3908 aget?quo
1262 3847 1417 3906 pacto
1462 3836 1791 3905 ingredietur
1831 3836 1928 3889 do-

332 3934 522 3988 mum?
546 3948 652 4001 quo
672 3932 873 3997 animo,
905 3930 1100 4000 quibus
1115 3928 1285 3983 oculis
1304 3926 1505 3982 videbit
1530 3927 1675 3980 illius
1704 3941 1923 3981 uxorem

331 4041 485 4081 suam
504 4025 528 4077 ?

409 4118 653 4173 Adultera
679 4114 875 4169 nullius
908 4123 979 4168 est
1004 4129 1154 4168 uxor.
1190 4140 1262 4152 —
1283 4110 1395 4165 lmo
1426 4125 1600 4180 neque
1628 4109 1790 4175 illius,
1824 4124 1924 4163 ne-

331 4227 439 4282 que
479 4224 629 4265 suam
667 4208 807 4278 juste
837 4208 957 4277 quis
1008 4206 1166 4260 talem
1198 4204 1435 4275 appellet
1461 4219 1476 4261 :
1507 4202 1749 4256 adultera
1778 4201 1923 4256 enim

332 4304 536 4359 nullius
562 4311 645 4355 est
672 4315 823 4355 uxor.
863 4298 1071 4354 Felellit
1110 4307 1262 4367 pacta
1288 4312 1408 4366 quae
1434 4311 1555 4349 cum
1588 4294 1680 4348 illo
1705 4293 1920 4357 habuit,

331 4409 387 4453 et
416 4398 481 4450 ad
512 4405 704 4450 tecum
735 4393 972 4447 honestis
1011 4391 1219 4460 legibus
1244 4404 1351 4443 nou
1377 4388 1544 4442 venit.
1585 4388 1806 4455 Quanta:
1830 4386 1925 4454 igi-

331 4498 421 4543 tur
441 4486 728 4541 dementite
754 4484 933 4547 fuerit,
957 4497 1070 4537 rem
1099 4488 1177 4535 tot
1201 4480 1356 4534 malis
1383 4480 1594 4547 plenam
1625 4479 1677 4531 in
1705 4476 1922 4531 domum

330 4576 625 4632 inducere?
649 4574 786 4629 Num
812 4583 895 4628 est
934 4571 1252 4627 feminarum
1277 4568 1533 4639 penuria?
1562 4568 1767 4635 Quare,
1801 4582 1921 4621 cum

329 4670 512 4724 multa!
539 4669 648 4721 sint
671 4709 685 4734 ,
711 4681 843 4737 quas
872 4666 998 4719 licet
1018 4679 1147 4734 pura
1175 4661 1500 4717 conscientia
1529 4671 1582 4714 et
1605 4662 1920 4729 permitten-

330 4764 474 4817 tibus
502 4760 708 4831 legibus
739 4758 967 4823 ducere,
999 4757 1063 4810 ad
1092 4754 1388 4826 prohibitas
1410 4763 1706 4818 currentes,
1734 4752 1923 4807 domos

328 4854 710 4917 subvertimus,
744 4852 883 4906 bella
916 4849 1091 4905 civilia
1117 4848 1439 4911 excitamus,
1469 4860 1531 4899 ac
1558 4844 1794 4914 undique
1817 4845 1922 4897 ini-

329 4945 560 4999 micitias
591 4943 745 4996 nobis
770 4940 1118 4996 conciliantes
1142 4980 1157 5004 ,
1191 4935 1484 4991 innumeris
1523 4935 1923 4989 accusatoribus

326 5055 422 5091 ora
453 5037 778 5105 aperientes,
805 5041 1041 5086 uestram
1067 5031 1229 5084 vitam
1266 5027 1674 5090 dedecoramus,
1702 5026 1921 5095 etquod

326 5132 573 5181 omnium
602 5125 973 5196 gravissimum
1001 5132 1111 5186 est,
1144 5119 1453 5176 inevitabile
1499 5119 1815 5188 supplicium
1868 5120 1919 5171 in

326 5222 415 5275 die
436 5219 624 5289 judicii
654 5218 808 5271 nobis
827 5212 1259 5270 accuntulamus?
1284 5211 1420 5278 Quid
1447 5211 1589 5264 enim
1614 5210 1856 5265 dicemus
1873 5210 1920 5263 ei

327 5315 423 5384 qui
468 5314 536 5367 de
564 5311 719 5365 nobis
760 5309 1096 5380 judicaturus
1124 5314 1205 5359 est
1231 5346 1244 5367 ,
1273 5303 1487 5373 quando
1518 5304 1687 5372 legem
1722 5302 1773 5354 in
1805 5318 1919 5355 mc-

327 5406 477 5458 dinm
524 5403 726 5455 illatam
760 5400 946 5469 legerit
984 5399 1168 5452 dicens
1199 5413 1213 5449 :
1239 5394 1380 5448 Jussi
1411 5394 1740 5464 repudiatam
1793 5407 1923 5445 uxo-

328 5512 443 5549 rem
478 5510 583 5547 non
625 5492 824 5546 dueere
847 5530 863 5554 ,
895 5491 1081 5542 dicens
1111 5489 1159 5540 id
1195 5488 1511 5539 adulterium
1555 5500 1674 5538 esse
1703 5484 1919 5555 (Matth.

328 5588 381 5641 5.
418 5585 536 5654 ὅτι).
579 5582 860 5650 Quomodo
901 5581 1057 5650 igitur
1108 5593 1268 5632 ausus
1312 5591 1372 5631 es
1398 5577 1463 5629 ad
1506 5576 1800 5646 prohibitus
1826 5590 1922 5628 nu-

392 5716 469 5778 (n)
484 5723 594 5765 Haec
615 5729 723 5778 quze
746 5713 936 5762 uncinis
947 5711 1298 5778 claudunturin
1313 5717 1475 5759 Graeco
1486 5722 1585 5778 non
1605 5713 1816 5778 exstant,
1830 5721 1923 5778 nec

327 5782 377 5829 in
398 5768 531 5839 31:35.,
553 5768 644 5827 sed
666 5782 911 5836 tnterprcs
940 5786 1201 5835 auonymus
1228 5773 1274 5819 in
1303 5770 1569 5832 exemplari
1594 5783 1683 5819 suo
1707 5768 1919 5833 legerat.

3521 352 3630 407 222

2039 463 2175 529 ptias
2200 462 2488 517 accedere?
2513 464 2648 529 Quid
2678 464 2918 519 dit-emus
2935 506 2949 529 ,
2983 464 3108 535 quid
3141 464 3619 537 respondebimus?

2036 552 2330 623 Numquam
2361 555 2501 609 enim
2536 557 2642 610 illic
2687 558 2763 609 las
2810 568 3064 611 externas
3112 558 3256 627 leges
3288 567 3580 626 pra-texere
3606 600 3622 622 .

2036 645 2131 699 sed
2162 648 2522 701 ueccSSarium
2568 656 2650 701 est
2690 656 2930 702 tacentes
2969 659 3023 702 ct
3053 650 3245 717 ligatos
3276 650 3327 702 in
3366 648 3627 717 gehennas

2038 734 2211 803 ignem
2240 736 2450 790 immitti
2490 752 2610 790 cum
2642 738 2896 792 adulteris
2925 747 2978 793 et
3019 739 3253 792 alienum
3283 748 3456 793 torum
3490 739 3629 808 inju-

2037 827 2115 880 ria
2143 827 2532 892 al'licicntibus;
2568 845 2687 883 nam
2717 838 2771 885 et
2807 832 2897 899 qui
2945 831 3206 885 dimiserit
3243 831 3444 901 absque
3465 847 3627 887 causa

2037 920 2242 988 stupri,
2290 929 2346 974 et
2394 922 2483 990 qui
2529 922 2753 991 ejectam
2798 924 3009 975 vivente
3050 923 3163 975 viro
3206 922 3453 987 duxerit,
3504 937 3625 976 cum

2036 1008 2205 1079 ejecta
2258 1010 2345 1063 illa
2396 1012 2701 1081 punientur.
2749 1012 2971 1080 Propter
3019 1013 3159 1081 quod
3215 1027 3349 1074 oro,
3400 1013 3627 1066 obsecro

2036 1112 2092 1154 et
2144 1102 2421 1171 supplico,
2481 1120 2547 1158 ne
2594 1105 2692 1157 viri
2747 1104 2998 1158 mulieres
3028 1103 3275 1171 ejiciant,
3303 1118 3476 1173 neque
3507 1119 3628 1157 mu-

2038 1192 2196 1247 lieres
2221 1193 2365 1247 viros
2402 1195 2735 1263 relinquant,
2775 1195 2871 1250 sed
2916 1195 3137 1249 audiant
3172 1195 3393 1248 Paulum
3445 1195 3631 1248 dicen-

2039 1292 2147 1337 tem
2182 1298 2197 1337 :
2225 1282 2415 1337 Mulier
2455 1286 2704 1339 adstricta
2746 1297 2815 1339 est
2847 1286 2964 1355 legi,
2994 1296 3184 1355 quanto
3208 1297 3430 1357 tempore
3453 1286 3631 1338 vixerit

2037 1376 2113 1427 vir
2157 1377 2286 1444 ejus.
2318 1376 2380 1430 Si
2403 1387 2568 1429 autem
2615 1378 2872 1431 dormierit
2915 1378 3011 1441 vir,
3042 1379 3198 1431 libera
3243 1379 3337 1430 erit
3383 1378 3466 1430 cui
3503 1378 3631 1431 volet

2038 1466 2256 1532 nubere,
2281 1476 2478 1521 tantum
2505 1470 2558 1522 iu
2599 1468 2820 1523 Domino
2848 1470 2923 1540 (I.
2951 1471 3068 1523 Cor.
3124 1472 3173 1523 7.
3205 1470 3320 1539 59).

2087 1554 2255 1611 Genus
2274 1569 2347 1611 est
2366 1558 2604 1613 adulterii
2630 1560 2959 1630 conjugatum
2978 1576 3094 1612 cum
3120 1562 3296 1613 scortis
3319 1561 3534 1613 misceri.
3564 1559 3631 1612 In

2041 1645 2257 1701 Domino
2270 1649 2585 1721 nuberequid
2594 1650 2675 1703 sit.
2687 1680 2712 1690 -
2725 1650 2945 1717 Qualem
2958 1651 3102 1705 enim
3116 1650 3386 1705 habebunt
3399 1650 3630 1713 veniam,

2037 1739 2124 1805 qui
2143 1739 2306 1793 Paulo
2318 1741 2478 1795 etiam
2492 1742 2753 1797 secundas
2766 1744 3109 1812 permittente
3131 1744 3341 1813 nuptias
3364 1756 3481 1813 post
3498 1760 3637 1799 mor-

2038 1837 2143 1883 tem
2171 1831 2433 1901 conjugis,
2455 1841 2719 1887 ettantam
2742 1835 3069 1890 concedente
3091 1837 3323 1904 copiam,
3347 1847 3471 1891 ante
3488 1852 3633 1891 mor—

2037 1928 2143 1974 tem
2169 1920 2501 1975 audeuttalia
2532 1922 2742 1977 facere?
2775 1924 2945 1991 Quam
2979 1934 3331 1995 assequentur
3366 1925 3633 1980 defensio-

2036 2026 2182 2078 nem,
2202 2013 2286 2067 vel
2304 2013 2377 2066 illi
2395 2014 2485 2083 qui
2503 2014 2800 2069 viventibus
2814 2016 2941 2069 viris
2958 2030 3152 2070 uxores
3163 2015 3448 2085 accipiunt,
3473 2017 3555 2071 vel
3578 2017 3632 2070 hi

2036 2102 2122 2169 qui
2136 2102 2201 2156 ad
2217 2103 2423 2173 publica
2439 2114 2614 2159 scorta
2632 2104 2930 2159 accedunt?
2948 2106 3159 2160 Etenim
3172 2116 3227 2161 et
3245 2106 3371 2160 illud
3390 2117 3471 2161 est
3490 2107 3633 2160 adul-

2037 2193 2155 2245 terii
2182 2194 2324 2247 aliud
2340 2209 2530 2263 genus,
2557 2194 2754 2250 habere
2771 2196 2916 2251 domi
2940 2212 3183 2263 uxorem,
3206 2206 3260 2252 et
3291 2196 3419 2252 foris
3439 2198 3633 2253 scortis

2031 2281 2201 2353 jungi.
2257 2284 2389 2338 Nam
2442 2285 2891 2355 quemadmodum
2938 2285 3127 2340 mulier
3176 2285 3377 2341 habens
3418 2288 3629 2353 virum,

2035 2373 2242 2427 etiamsi
2273 2373 2471 2429 famulo
2519 2376 2602 2431 vel
2644 2375 2814 2430 libero
2859 2376 3087 2444 cuipiam
3118 2390 3343 2430 uxorem
3386 2392 3492 2431 non
3534 2376 3632 2431 ha-

2038 2462 2179 2518 benti
2207 2480 2267 2519 se
2292 2477 2545 2534 exponat,
2578 2467 2824 2521 adulterii
2856 2467 3062 2538 legibus
3091 2468 3395 2538 implicatur
3426 2487 3441 2521 ε
3473 2469 3551 2522 sic
3575 2480 3635 2523 et

2036 2554 2116 2606 vir
2140 2555 2263 2608 licet
2308 2555 2376 2609 ad
2420 2556 2639 2627 vulgare
2662 2567 2918 2623 scortum,
2944 2560 3025 2612 vel
3051 2559 3117 2612 ad
3147 2559 3423 2613 mulierem
3448 2561 3630 2623 aliam,

2034 2645 2281 2712 quamvis
2318 2661 2423 2700 non
2453 2646 2740 2702 habentem
2788 2648 2981 2711 virum,
3016 2649 3133 2718 ipse
3180 2664 3399 2703 uxorem
3431 2649 3634 2704 habens

2033 2737 2355 2803 accesserit,
2384 2738 2629 2793 adulterii
2652 2754 2779 2793 reus
2808 2740 3135 2794 censebitur.
3165 2739 3447 2809 Fugiamus
3473 2740 3633 2810 igitur

2034 2838 2086 2882 et
2106 2829 2245 2883 lnmc
2271 2829 2514 2885 adulterii
2538 2830 2778 2885 modum.
2803 2832 2939 2897 Quid
2959 2833 3100 2885 enim
3121 2833 3413 2900 poterimus
3428 2832 3627 2888 dicere.

2034 2918 2161 2988 quid
2192 2919 2316 2972 item
2352 2931 2666 2989 praetexere.
2701 2921 2792 2991 qui
2839 2923 2959 2975 talia
3007 2923 3308 2977 audemus?
3338 2938 3495 2993 quam
3528 2924 3628 2978 ho-

2035 3020 2239 3063 nestam
2284 3012 2681 3066 excusationem
2730 3011 3141 3066 adhibebimus?
3172 3012 3384 3067 Naturae
3427 3029 3631 3069 concu-

2033 3101 2343 3171 piscentiam
2361 3103 2384 3155 ἲ
2405 3104 2507 3157 Sed
2532 3103 2910 3173 adestquidcm
2932 3120 3080 3168 uxor,
3108 3121 3227 3175 qua:
3246 3105 3399 3159 nobis
3418 3106 3626 3176 obtigit,

2034 3193 2135 3248 hac
2163 3209 2259 3248 nos
2287 3196 2635 3249 excusatione
2667 3196 2905 3264 privans.
2942 3196 3147 3249 Idcirco
3179 3197 3376 3265 nuptiae
3406 3198 3629 3252 invectae

2032 3300 2175 3353 sunt,
2234 3299 2291 3344 ut
2342 3306 2409 3344 ne
2467 3291 2759 3355 scortcris;
2814 3290 2920 3343 imo
2957 3304 3062 3343 non
3105 3306 3241 3344 uxor
3286 3290 3424 3357 sola,
3457 3291 3550 3345 sed
3574 3300 3630 3345 et

2032 3382 2183 3435 multi
2200 3382 2308 3447 alii,
2326 3382 2414 3451 qui
2429 3381 2691 3442 eamdem,
2713 3398 2869 3450 quam
2894 3397 3011 3445 nos,
3036 3381 3232 3436 habent
3252 3391 3515 3448 naturam,
3532 3383 3629 3438 hac

2033 3486 2130 3525 nos
2155 3472 2363 3540 privant
2390 3475 2563 3525 venia.
2591 3471 2816 3538 Quando
2842 3472 2986 3525 enim
3011 3487 3304 3526 conservus
3326 3482 3466 3532 tuus.
3486 3473 3626 3527 idem

2033 3562 2235 3616 habens
2258 3576 2475 3631 corpus,
2504 3561 2858 3631 eamdemque
2883 3563 3391 3632 concupiscentiam,
3434 3565 3624 3619 eadem

2033 3656 2351 3709 necessitate
2372 3654 2762 3720 exsdmulatus,
2778 3653 2976 3707 nullam
2992 3653 3149 3707 aliam
3168 3653 3310 3709 videt
3325 3655 3619 3722 mulierem,

2030 3747 2123 3800 sed
2152 3757 2328 3801 manet
2356 3761 2452 3802 sua
2477 3746 2591 3799 sola
2622 3754 2928 3813 contentus,
2959 3746 3169 3815 qualem
3200 3757 3253 3802 tu
3282 3749 3501 3804 habebis
3527 3766 3625 3805 ex-

2028 3839 2378 3903 cusationem,
2402 3838 2886 3906 concupiscentiam
2911 3840 3244 3907 praetexens?
3272 3840 3338 3893 Et
3360 3841 3483 3910 quid
3503 3841 3625 3896 dico

2032 3930 2290 3985 habentes
2310 3944 2504 3984 uxores
2527 3931 2551 3983 ?
2578 3929 2761 3999 Cogita
2790 3930 2919 3983 mihi
2945 3945 3059 3994 eos,
3083 3931 3171 3999 qui
3201 3947 3414 4001 semper
3437 3934 3492 3986 in
3516 3935 3622 3987 vir-

2028 4021 2248 4091 ginitate
2272 4021 2539 4088 vixerunt,
2579 4030 2633 4075 et
2657 4022 2981 4090 contemptis
3012 4022 3206 4090 nuptiis
3238 4038 3480 4092 magnam
3513 4040 3623 4093 pra:

2028 4129 2088 4169 se
2115 4114 2353 4168 tulerunt
2380 4114 2783 4167 continentiam.
2815 4114 2947 4166 Cum
2982 4113 3140 4181 igitur
3165 4113 3254 4166 alii
3293 4115 3494 4183 absque
3521 4130 3623 4168 nu—

2030 4205 2154 4275 ptiis
2200 4204 2535 4258 continentes
2587 4204 2727 4265 sint,
2758 4218 2917 4272 quam
2961 4211 3015 4256 tu
3062 4204 3365 4271 assequeris
3413 4202 3622 4259 veniam

2029 4305 2149 4367 post
2168 4298 2380 4364 nuptias
2400 4295 2681 4348 scortaus?
2703 4294 2829 4349 Hrcc
2851 4305 2906 4348 et
2927 4293 3027 4347 viri
3050 4304 3101 4348 et
3122 4295 3620 4361 mulieresaudiant,

2027 4399 2080 4441 et
2108 4387 2280 4440 vidua:
2303 4396 2357 4440 et
2380 4395 2556 4453 nupta:
2587 4400 2599 4436 :
2626 4384 2876 4438 omnibus
2902 4386 3045 4438 enim
3076 4385 3270 4439 Paulus
3293 4388 3537 4456 loquitur,
3566 4397 3623 4442 et

2028 4477 2111 4531 lex
2134 4477 2223 4531 illa
2249 4478 2433 4529 dicens
2460 4493 2473 4527 :
2510 4474 2699 4528 Mulier
2718 4476 2962 4529 adstricta
2973 4486 3043 4529 est
3070 4476 3170 4545 legi
3188 4489 3376 4546 quanto
3400 4489 3622 4547 tempore

2029 4569 2203 4622 via-erit
2222 4568 2300 4620 vir
2343 4568 2486 4620 illius
2512 4581 2531 4619 :
2552 4566 2596 4619 si
2621 4575 2790 4618 autem
2814 4566 3094 4631 dormierit,
3126 4566 3283 4619 libera
3306 4577 3379 4621 est
3402 4568 3484 4620 cui
3514 4569 3620 4623 vult

2028 4660 2232 4725 nubere,
2256 4668 2452 4712 tantum
2472 4658 2525 4711 in
2547 4656 2785 4711 Domino.
2812 4656 2879 4710 Et
2904 4655 3220 4711 habentibus
3243 4658 3403 4725 viros,
3430 4669 3485 4714 et
3511 4674 3619 4715 non

2029 4750 2368 4815 habentibus,
2396 4760 2445 4802 et
2472 4748 2661 4812 viduis,
2691 4756 2747 4801 et
2774 4748 3013 4802 secundo
3043 4749 3367 4805 nubentibus
3402 4752 3616 4819 marito,

2026 4852 2081 4896 et
2104 4842 2352 4895 omnibus
2393 4839 2707 4908 simpliciter
2731 4854 2909 4894 sermo
2937 4840 3026 4895 ille
3048 4842 3189 4895 utilis
3216 4852 3317 4897 est.
3336 4842 3468 4898 Nam
3498 4859 3620 4914 qua)

2028 4932 2189 4987 habet
2219 4934 2413 4997 virum,
2447 4947 2551 4985 non
2602 4932 2743 4985 volet
2781 4931 2998 4987 vivente
3037 4932 3129 4986 illo
3156 4948 3401 5002 qua‘rere
3428 4935 3614 5003 alium,

2027 5023 2248 5078 audiens
2275 5038 2334 5077 se
2364 5024 2574 5077 vivente
2598 5024 2687 5076 illo
2717 5012 3026 5077 adstrictam
3053 5038 3172 5078 esse
3196 5040 3211 5087 ;
3234 5041 3353 5094 qua:
3385 5041 3513 5080 vero
3537 5036 3622 5081 est

2029 5114 2213 5176 libera,
2243 5113 2501 5184 siquidem
2531 5113 2760 5167 Voluerit
2801 5113 3037 5167 secundo
3090 5116 3313 5181 nubere,
3342 5132 3447 5171 non
3491 5118 3620 5173 sim-

2029 5206 2234 5275 pliciter
2264 5221 2435 5275 neque
2463 5215 2663 5260 temere
2691 5206 2793 5261 hoc
2809 5206 2954 5267 facit,
2974 5207 3068 5261 sed
3091 5223 3212 5262 cum
3241 5210 3467 5279 legibus,
3500 5226 3620 5281 quae

2028 5306 2151 5351 sunt
2177 5314 2205 5351 a
2238 5299 2399 5351 Paulo
2428 5299 2633 5367 positae.
2671 5299 2806 5353 Dicit
2828 5299 2971 5352 enim
3001 5317 3014 5353 :
3060 5299 3245 5353 Libera
3296 5312 3370 5354 est
3396 5303 3478 5354 cui
3516 5303 3619 5356 vult

2028 5391 2230 5454 nubere,
2262 5401 2455 5443 tantum
2484 5392 2537 5443 in
2578 5390 2795 5444 Domino
2827 5390 2846 5462 (
2874 5395 2920 5445 l.
2951 5391 3069 5445 Cor.
3104 5393 3154 5445 7.
3189 5392 3257 5448 59
3287 5402 3306 5463 )
3331 5410 3344 5446 :
3373 5393 3475 5449 hoc
3513 5405 3617 5463 est,

2026 5499 2146 5537 cum
2177 5484 2503 5537 continentia
2541 5492 2594 5537 et
2618 5483 2913 5537 honestate.
2967 5483 3059 5537 Sin
3091 5480 3319 5538 voluerit
3363 5498 3485 5540 cum
3522 5486 3619 5541 de-

2029 5577 2206 5631 functo
2233 5592 2445 5631 servare
2472 5576 2692 5641 fmdcra,
2735 5576 2916 5630 audiet
2943 5577 3204 5646 repositas
3239 5578 3338 5632 sibi
3366 5588 3618 5645 coronas,

2029 5667 2392 5737 majoremqnc
2431 5667 2757 5721 alacritatem
2790 5669 2982 5737 capiet.
3018 5667 3223 5723 Bentior
3248 5670 3382 5724 enim
3402 5682 3495 5737 est,
3531 5670 3616 5725 inv

2029 5762 2160 5833 quit,
2190 5762 2232 5815 si
2256 5762 2325 5815 sic
2349 5762 2582 5815 manserit
2611 5759 2631 5832 (
2662 5759 2795 5814 Ibid.
2835 5777 2878 5814 υ.
2913 5761 2981 5815 .ίο
2999 5761 3041 5827 ).
