4058 6258
477 343 584 397 ἳὶὅ

550 461 604 515 4.
635 456 788 512 Pauli
831 453 1096 525 sapientia.
1137 450 1302 505 Vidua
1330 450 1522 504 beatior
1567 451 1720 504 etiam
1754 449 1806 503 in
1837 447 2071 517 pra'senti

478 550 684 605 aesculo.
713 545 1006 601 Fornicatio
1053 559 1210 614 quam
1255 539 1712 613 turpis.-—Vides
1763 556 1872 610 quo
1921 549 2074 608 pacto

476 639 724 694 omnibus
743 649 924 692 sermo
944 634 1034 689 ille
1059 633 1222 696 utilis,
1246 641 1300 688 et
1316 647 1374 688 se
1394 631 1460 687 ad
1481 632 1688 686 illarum
1711 631 2070 685 inﬁrmitatem

477 729 729 796 demittit,
751 737 806 782 ct
832 727 962 782 istas
987 726 1099 780 suis
1120 724 1364 779 laudibus
1387 739 1492 779 non
1519 723 1835 778 defraudat?
1860 722 2070 776 Etenim

477 821 619 890 quod
648 820 716 874 de
745 819 943 890 nuptiis
973 826 1026 872 et
1056 816 1355 886 virginitate
1397 814 1543 880 fecit,
1575 815 1676 870 hoc
1701 825 1755 868 et
1783 813 1849 868 de
1877 814 2070 883 priori-

480 913 579 964 bus
603 921 658 964 et
705 907 955 963 secundis
1013 907 1233 976 nuptiis.
1285 903 1745 970 Quemadmodum
1795 905 1938 958 enim
1969 903 2074 957 illic

479 1015 584 1054 non
605 998 832 1053 exclusit
872 998 1104 1066 nuptias,
1139 1006 1196 1049 ut
1223 1010 1290 1050 ne
1314 1006 1498 1064 gravet
1526 994 1870 1059 inﬁrmiores,
1901 1007 2074 1061 neque

480 1093 852 1148 necessitatem
879 1089 1150 1160 imposuit,
1194 1097 1252 1142 ut
1303 1102 1369 1142 ne
1401 1087 1644 1141 volentes
1690 1085 1742 1139 in
1774 1085 2074 1154 virginitate

478 1187 694 1254 degere,
719 1183 1002 1252 propositis
1018 1181 1231 1236 coronis
1252 1180 1506 1250 spoliaret
1529 1195 1542 1231 :
1568 1177 1662 1232 sed
1688 1176 2074 1232 demonstravit

480 1274 694 1341 quidem
723 1275 889 1328 bonas
919 1287 1038 1328 esse
1066 1272 1296 1340 nuptias,
1320 1269 1611 1324 declaravit
1657 1277 1832 1322 autem
1883 1267 2071 1322 melio-

482 1381 595 1418 rem
621 1379 740 1421 esse
769 1363 1124 1434 virginitatem
1153 1378 1171 1426 ;
1197 1363 1268 1415 ita
1297 1370 1349 1415 et
1371 1360 1458 1414 hic
1486 1373 1696 1430 quoque
1719 1359 1854 1412 alios
1877 1358 2073 1429 gradus

481 1456 631 1524 ponit
672 1455 846 1522 nobis,
901 1456 1160 1523 majorem
1187 1452 1391 1506 scilicet
1416 1460 1470 1505 et
1518 1451 1882 1504 sublimiorem
1906 1450 2072 1503 altero

481 1550 728 1612 alterum,
759 1561 950 1614 nempe
967 1545 1278 1600 viduitatem
1305 1562 1318 1598 :
1342 1544 1565 1597 alterum
1589 1558 1717 1598 vero
1745 1543 2070 1607 inferiorem,

486 1657 678 1710 nempe
731 1639 997 1694 secundas
1035 1638 1248 1707 nuptias
1289 1654 1303 1689 :
1355 1646 1411 1690 et
1464 1634 1713 1690 fortiores
1766 1634 1979 1704 quidem
2011 1649 2075 1689 ac

482 1731 747 1785 transilire
761 1730 1006 1784 nolentes
1022 1727 1088 1781 ad
1105 1737 1374 1782 certamen
1391 1735 1733 1796 przeparat,et
1752 1724 2075 1780 inﬁrmiores

481 1823 673 1876 cadere
714 1837 818 1884 non
851 1821 1126 1890 permittit.
1160 1819 1350 1872 Dicens
1379 1818 1518 1871 enim
1552 1836 1565 1872 :
1595 1816 1800 1870 Beatior
1825 1819 1956 1870 enim
2001 1827 2074 1870 est

480 1911 525 1964 si
537 1903 608 1964 sic
623 1911 859 1964 manserit
875 1910 950 1982 (l.
972 1908 1090 1963 Cor.
1109 1910 1160 1962 '7.
1186 1908 1298 1977 40),
1318 1915 1375 1961 ut
1392 1923 1457 1961 ne
1478 1917 1634 1976 putes
1655 1907 1940 1960 humanam
1953 1920 2075 1961 esse

483 2005 676 2072 legem,
705 2001 946 2066 audiens,
975 1998 1138 2052 Juxta
1162 2014 1326 2052 nteant
1343 1997 1627 2062 consilium,
1646 1996 1827 2051 subdit
1848 2014 1860 2049 :
1879 1995 2076 2067 Opinor

481 2103 649 2147 autem
671 2093 804 2163 quod
833 2101 880 2146 et
923 2107 1014 2160 ego
1057 2090 1308 2162 Spiritum
1355 2088 1450 2142 Dei
1492 2089 1722 2142 habeant.
1754 2087 1870 2143 Non
1919 2089 2076 2158 igitur

483 2185 772 2238 humanum
808 2182 1092 2238 consilium
1123 2189 1207 2235 est
1236 2180 1318 2235 vel
1363 2189 1707 2250 praeceptum,
1751 2178 1845 2234 sed
1891 2179 2075 2249 gratiae

481 2275 713 2346 Spiritus
741 2273 1004 2329 sententia
1034 2287 1098 2326 ac
1123 2271 1300 2325 divina
1353 2271 1460 2324 lex.
1493 2269 1696 2324 Idcirco
1738 2285 1806 2324 ne
1831 2279 2076 2340 putemus

479 2381 603 2421 esse
626 2366 771 2420 Pauli
800 2365 889 2434 qui
917 2365 1031 2418 lucc
1050 2361 1201 2425 dicit,
1228 2361 1322 2415 sed
1352 2360 1583 2430 Spiritus
1609 2360 1800 2425 sancti,
1831 2360 1918 2429 qui
1941 2358 2079 2413 hanc

486 2455 642 2510 nobis
673 2455 842 2524 legem
889 2451 1092 2507 condit.
1145 2450 1298 2519 Quod
1340 2465 1469 2506 vero
1518 2450 1668 2518 dicit,
1721 2448 1938 2519 Opinor,
1971 2463 2076 2503 non

480 2546 634 2616 quasi
685 2544 932 2600 nesciens
957 2543 1104 2608 dicit,
1145 2541 1240 2595 sed
1279 2541 1520 2596 modeste
1548 2554 1713 2610 agens
1738 2548 1793 2595 et
1838 2541 2076 2608 seipsum

483 2637 789 2691 humilians.
817 2632 972 2702 Quod
997 2644 1175 2687 autem
1205 2632 1408 2686 beatior
1436 2633 1526 2698 sit,
1557 2631 1693 2686 dixit
1719 2631 1954 2702 quidem,
1982 2630 2076 2686 sed

483 2744 589 2782 non
612 2727 828 2796 adjecit,
853 2723 1122 2795 quomodo
1149 2722 1374 2788 beatior,
1424 2723 1708 2776 sufﬁcienti
1737 2722 2077 2778 demonstra-

483 2822 626 2875 tione
644 2819 787 2884 data;
815 2832 1008 2887 nempe
1021 2817 1156 2868 lmnc
1179 2828 1236 2868 se
1254 2830 1283 2866 a
1302 2814 1502 2882 Spiritu
1527 2813 1715 2868 afferre
1735 2823 2074 2868 sententiam.

481 2913 633 2982 Quod
689 2913 737 2968 si
766 2912 916 2966 voles
941 2911 1102 2965 etiam
1148 2908 1443 2962 rationibus
1481 2907 1784 2977 exquirere,
1830 2923 2076 2977 magnam

480 3005 996 3060 demonstrationum
1014 2999 1224 3069 copiam
1247 2998 1487 3053 invenies
1515 3017 1529 3051 :
1557 3007 1612 3052 et
1639 2998 1844 3052 videbis
1871 2997 2079 3053 beatio-

483 3111 597 3149 rem
625 3109 745 3150 esse
785 3092 1019 3158 viduam,
1073 3105 1178 3144 non
1219 3089 1392 3144 solum
1448 3089 1497 3141 in
1527 3088 1704 3143 futuro
1731 3088 1949 3154 sacculo,
1981 3089 2075 3144 sed

483 3188 646 3241 etiam
688 3187 740 3240 in
772 3193 1037 3254 prazsente
1065 3184 1196 3236 vita.
1227 3182 1296 3235 Et
1341 3181 1481 3235 istud
1525 3184 1700 3252 ipsum
1726 3183 1956 3236 maxime
1983 3198 2079 3237 no-

484 3283 636 3329 verat
663 3274 884 3341 Paulus,
911 3273 964 3326 id
986 3271 1129 3342 quod
1151 3271 1218 3325 de
1241 3272 1533 3340 virginibus
1554 3271 1855 3326 insinuavit.
1879 3272 2078 3327 Admo-

485 3383 620 3422 uens
645 3366 788 3420 enim
819 3376 874 3420 et
900 3365 1186 3418 consulens
1216 3363 1515 3432 eligendam
1547 3378 1669 3418 esse
1696 3363 2074 3435 virginitatem,

486 3462 565 3513 sic
588 3457 799 3513 dicebat
828 3471 844 3511 '.
874 3455 1070 3525 Opinor
1095 3455 1228 3525 quod
1248 3454 1434 3507 bonum
1454 3454 1518 3508 sit
1534 3454 1723 3508 homini
1744 3459 1814 3511 sic
1833 3471 1938 3509 esse
1953 3471 2076 3525 pro-

486 3552 878 3622 pterinslanlem
897 3544 1415 3613 necessilatemUbid.
1447 3562 1496 3600 υ.
1517 3545 1700 3618 ‘26);et
1725 3549 1912 3601 iterum
1948 3546 2079 3601 :Et-

493 3641 642 3693 iamsi
655 3641 877 3710 nupserit
894 3641 1055 3708 uirgo,
1080 3654 1177 3690 non
1203 3638 1420 3706 peccavit
1437 3635 1596 3708 (Ibid.
1612 3654 1659 3690 υ.
1675 3640 1767 3708 36)
1788 3657 1800 3692 :
1823 3638 2076 3708 virgiuent

490 3732 575 3786 hic
594 3731 779 3785 dicens
800 3745 906 3784 non
927 3745 1043 3784 eam
1067 3745 1187 3799 qua:
1204 3730 1543 3795 renuntiavit,
1563 3733 1655 3784 sed
1672 3746 1788 3786 eam
1805 3732 2079 3786 dumtaxat

490 3838 609 3892 quae
637 3822 871 3877 nondum
899 3822 1202 3891 conjugium
1240 3833 1460 3892 experta
1497 3833 1618 3888 est,
1650 3834 1704 3877 et
1732 3839 1837 3878 non
1886 3825 2076 3879 laetam

488 3917 772 3970 obnoxiam
791 3927 1060 3984 perpetuae
1089 3915 1405 3984 virginitatis
1433 3916 1808 3984 promissione.
1835 3915 2077 3970 Tribulu-

488 4013 674 4064 tionem
715 4020 884 4062 autem
914 4008 966 4060 in
1005 4023 1159 4060 carne
1199 4007 1449 4059 habebunt
1500 4007 1587 4076 qui
1637 4008 1762 4060 tales
1804 4009 1952 4062 sint:
1987 4025 2078 4078 ego

488 4111 658 4155 autem
681 4098 818 4152 vobis
843 4113 996 4168 parco
1023 4097 1043 4168 (
1069 4095 1206 4148 Ibid.
1237 4113 1284 4148 υ.
1309 4096 1381 4150 28
1419 4097 1458 4165 ).
1504 4095 1620 4150 Uno
1638 4099 1780 4151 enim
1823 4108 1880 4152 et
1929 4100 2078 4154 brevi

495 4193 600 4246 hoc
628 4189 791 4242 verbo
816 4187 1030 4255 reliquit
1052 4185 1272 4239 cordato
1295 4186 1547 4250 auditori,
1581 4196 1640 4238 ut
1663 4189 1840 4240 omnia
1867 4190 2081 4260 colligat

489 4291 545 4336 et
571 4278 855 4349 expendat,
886 4276 1103 4329 dolores
1149 4286 1349 4344 ruamus,
1381 4275 1724 4331 educationes
1770 4295 2078 4346 puerortnn,

491 4386 698 4435 curant,
719 4366 1072 4432 inllrmitates,
1092 4375 1290 4420 mortes
1311 4366 1733 4436 intempestivas,
1755 4368 2076 4438 inimicitias,

489 4463 892 4525 contentiones,
949 4458 1242 4512 innumeris
1274 4459 1476 4512 servire
1522 4451 1802 4514 senientiis
1833 4501 1849 4526 ,
1892 4461 2081 4518 alienis

490 4546 654 4608 tnalis'
671 4552 957 4607 obnoxiam
989 4547 1123 4613 ﬁeri,
1157 4549 1464 4601 innumeras
1496 4548 1734 4602 tristitias
1763 4551 1816 4604 in
1857 4567 1960 4605 una
1986 4568 2079 4607 sua

491 4646 668 4702 anima
699 4644 958 4714 recipere.
979 4641 1326 4696 Abomnibus
1356 4639 1460 4694 illis
1489 4642 1642 4696 malis
1663 4642 1935 4708 liberatur,
1963 4660 2081 4713 qua:

489 4735 1269 4804 continentiamamplexatur,
1303 4742 1506 4789 etcum
1561 4735 1873 4791 liberatione
1923 4751 1954 4790 a
2005 4746 2082 4791 tot

491 4827 815 4899 injucundis,
852 4827 1013 4881 etiam
1045 4827 1097 4879 in
1137 4824 1312 4878 futura
1340 4827 1448 4880 vita
1494 4841 1740 4896 magnam
1788 4828 2076 4897 repositam

491 4920 653 4975 habet
677 4919 1002 4974 mercedem.
1038 4918 1161 4970 llaec
1191 4916 1349 4987 igitur
1373 4919 1551 4971 omnia
1585 4919 1837 4984 scientes,
1868 4919 2080 4975 studea-

492 5026 612 5066 mus
635 5009 848 5078 quidem
880 5007 1064 5077 primis
1077 5007 1278 5076 nuptiis
1306 5021 1425 5063 esse
1449 5011 1708 5064 contenti.
1737 5011 1790 5064 Si
1818 5021 1995 5066 autem
2028 5021 2082 5066 et

487 5103 558 5157 ad
587 5101 847 5156 sectntdas
866 5100 1220 5167 adspiramus,
1252 5101 1341 5154 ﬁat
1369 5101 1468 5156 hoc
1497 5102 1708 5158 decenti
1736 5103 1892 5157 modo
1913 5113 1966 5158 et
1988 5104 2080 5158 ha-

490 5193 603 5248 bitu
650 5203 703 5244 et
753 5189 1048 5244 secundum
1079 5191 1286 5244 divinas
1334 5191 1500 5259 leges.
1543 5193 1766 5260 Propter
1807 5193 1907 5248 hoc
1931 5196 2078 5250 enim

489 5286 623 5340 dixit
652 5302 666 5338 :
711 5283 892 5336 Libera
913 5293 983 5336 est
1007 5283 1085 5336 cui
1113 5283 1218 5336 vult
1245 5285 1426 5336 nubere
1453 5298 1472 5337 :
1494 5295 1547 5337 et
1572 5286 1837 5352 subdidit,
1865 5285 2082 5340 Tantam

487 5382 539 5432 in
569 5379 784 5433 Domino
809 5376 970 5447 (Ibid.
999 5393 1048 5430 υ.
1073 5375 1141 5431 59
1167 5379 1186 5446 )
1217 5391 1231 5428 :
1263 5376 1498 5431 simulet
1540 5378 1802 5432 licentiam
1847 5381 2001 5446 dans,
2027 5389 2084 5435 et

490 5470 756 5524 licentiam
804 5470 1150 5533 conﬁrmans,
1203 5477 1616 5548 et'potestatem
1653 5473 1973 5539 concedens,
2029 5485 2082 5530 et

493 5558 740 5628 potestati
767 5558 844 5613 illi
865 5557 1098 5629 undique
1121 5559 1263 5628 leges
1290 5573 1353 5613 ac
1375 5560 1630 5615 terminos
1660 5577 1861 5631 ponens
1890 5580 1902 5617 :
1937 5563 2084 5620 vide-

497 5650 623 5702 licet
645 5664 712 5704 ne
740 5652 968 5718 pollutos
991 5661 1045 5706 et
1068 5660 1350 5720 corruptos
1376 5653 1520 5708 viros
1568 5654 1621 5707 in
1647 5653 1863 5709 dontum
1917 5657 2081 5710 intro-

493 5739 650 5794 ducat
664 5738 877 5802 mulier,
891 5750 941 5793 et
962 5751 1201 5809 stuprum
1223 5749 1512 5812 sectantes,
1537 5744 1762 5799 sedcunt
1779 5747 2079 5801 honestate.

1258 339 1314 395 S.
1353 335 1629 396 JOANNIS
1664 333 2137 392 CllR‘lSOSTOMI
2177 331 2496 390 ARClllEP.
2537 329 3072 389 CONSTANTINOP.
3656 337 3750 394 ﬁt

2191 454 2246 500 et
2274 445 2554 510 modestia,
2579 459 2642 500 ac
2675 445 2894 515 pietate,
2929 454 2984 498 ut
3014 443 3196 500 omnia
3226 443 3280 499 in
3313 443 3531 516 gloriam
3563 447 3648 503 Dei
3677 466 3748 506 ee-

2182 535 2330 591 dant.
2359 537 2622 604 Quoniam
2649 537 2790 592 enim
2817 537 3012 604 swpius
3032 537 3214 591 multae
3237 536 3487 592 mulieres
3506 540 3756 606 prioribus

2181 628 2308 681 viris
2335 627 2622 692 defunctis,
2665 627 2931 682 adulterio
2957 625 3104 695 prius
3129 626 3419 682 commisso
3447 628 3576 682 alios
3600 629 3752 685 intro-

2179 717 2467 783 duxerunt,
2500 727 2554 773 et
2568 719 2700 772 alias
2719 718 2978 787 pes-simas
2996 718 3107 772 vias
3129 717 3500 787 excogitarunt
3523 735 3536 771 :
3562 731 3753 790 prapter

2183 808 2283 862 hoc
2304 809 2518 878 adjecit,
2534 808 2756 862 Tantum
2775 809 2824 861 in
2841 806 3086 875 Domino,
3100 815 3159 863 ut
3174 808 3301 863 nihil
3320 808 3505 863 horum
3526 813 3759 868 secundae

2184 901 2380 969 nupti:e
2408 899 2676 954 habeant:
2705 900 2784 953 sic
2809 901 2952 954 enim
2994 914 3022 951 a
3072 898 3389 953 criminibus
3427 898 3606 955 liberte
3650 917 3759 956 esse

2187 1001 2454 1059 poterunt.
2507 991 2776 1060 Optimum
2823 991 2967 1044 enim
3017 990 3254 1043 omnium
3288 989 3426 1044 foret
3463 1001 3759 1061 exspectare

2181 1082 2520 1149 defunctum,
2553 1094 2608 1137 et
2634 1097 2851 1138 servare
2883 1083 3030 1152 leges
3049 1096 3167 1136 cum
3198 1082 3290 1136 illo
3320 1081 3479 1135 initas
3505 1084 3760 1138 contineo.

2189 1177 2425 1244 tiamque
2448 1176 2667 1244 eligere,
2699 1184 2754 1229 et
2800 1189 3017 1228 manere
3051 1188 3170 1228 cum
3202 1173 3403 1228 relictis
3421 1175 3630 1242 'pueris,
3661 1191 3762 1228 ma-

2179 1265 2355 1334 joretn
2407 1265 2500 1319 Dei
2529 1265 2958 1320 bet-evidentiam
3009 1264 3086 1318 sic
3111 1263 3462 1319 conciliando.
3496 1265 3560 1318 Et
3602 1265 3759 1334 siqua

2181 1356 2422 1411 secundo
2454 1356 2655 1410 nubere
2695 1356 2891 1409 marito
2920 1355 3083 1419 volet,
3109 1369 3229 1408 cum
3277 1354 3538 1408 modestia
3581 1370 3641 1410 ac
3675 1355 3761 1408 ho-

2182 1457 2409 1512 nestate,
2442 1457 2495 1502 et
2533 1447 2926 1501 decentissimis
2956 1445 3161 1516 legibus
3202 1445 3305 1500 hoc
3334 1444 3530 1509 faciat;
3562 1461 3675 1499 nam
3715 1457 3762 1501 et

2183 1539 2284 1593 hoc
2315 1537 2677 1608 permittitur:
2715 1535 2996 1590 fornicatio
3023 1546 3199 1590 autem
3227 1535 3338 1590 sola
3363 1543 3420 1589 et
3459 1534 3761 1590 adulterium

2181 1630 2548 1699 prohibentur.
2577 1629 2725 1684 lianc
2759 1629 2916 1699 igitur
2943 1629 3205 1698 fugiamus
3234 1638 3292 1683 et
3320 1627 3578 1698 conjuges
3597 1640 3646 1683 et
3665 1643 3762 1683 ca:-

2181 1724 2338 1789 lihes,
2365 1737 2433 1777 ne
2464 1722 2856 1776 dedecoretnus
2885 1721 3048 1774 vitam
3074 1730 3336 1786 Instratn,
3370 1736 3439 1775 nc
3467 1723 3628 1774 vitam
3652 1736 3762 1791 aga-

2181 1829 2300 1867 mus
2322 1813 2619 1875 ridiculam,
2643 1828 2816 1881 neque
2841 1811 3138 1880 polluamus
3157 1825 3371 1881 corpus,
3395 1825 3570 1880 neque
3587 1811 3762 1864 tnalam

2180 1903 2566 1958 conscientiam
2600 1904 2652 1955 in
2699 1910 2932 1955 mentem
2964 1900 3611 1966 inducamus.-Qu0tuodu
3633 1903 3762 1954 enim

2181 2004 2302 2064 post
2329 1992 2771 2049 consuetudinem
2813 2006 2933 2046 cum
2958 1991 3149 2046 scortis
3192 1990 3246 2044 in
3270 1990 3558 2046 ecclesiam
3597 1990 3765 2045 venire

2181 2084 2428 2155 poteris?
2469 2082 2741 2154 quomodo
2784 2097 2976 2136 manus
3000 2121 3016 2146 ,
3053 2081 3243 2150 quibus
3288 2091 3531 2135 scortum
3571 2090 3764 2134 contre-

2178 2176 2355 2242 ctasti,
2377 2175 2432 2230 in
2453 2176 2640 2231 caelum
2665 2175 2953 2230 extendere
2977 2171 3232 2227 audebis?
3253 2172 3528 2242 quomodo
3551 2171 3764 2242 linguam

2181 2285 2416 2335 movere,
2465 2279 2521 2324 et
2543 2283 2638 2322 ore
2688 2268 2779 2322 illo
2807 2267 3077 2332 invocare,
3106 2279 3214 2331 quo
3242 2275 3483 2318 scortum
3513 2265 3765 2318 osculatus

2181 2363 2284 2417 es?
2306 2362 2500 2433 quibus
2528 2362 2699 2415 oculis
2728 2360 3021 2415 intueberis
3069 2359 3271 2412 amicos
3300 2357 3678 2412 honestiores?
3704 2356 3766 2410 Et

2181 2453 2307 2524 quid
2337 2454 2457 2508 dico
2481 2454 2720 2508 amicos?
2751 2452 2975 2507 Etiamsi
3003 2452 3183 2506 nullus
3223 2451 3475 2505 conscius
3507 2452 3594 2517 sit,
3620 2458 3673 2504 tu
3696 2460 3768 2505 te-

2182 2545 2356 2615 ipsum
2395 2547 2603 2614 cogeris
2631 2545 2862 2599 maxime
2888 2544 3128 2599 omnium
3157 2543 3352 2598 rubore
3378 2557 3444 2597 ac
3469 2543 3766 2597 confusione

2182 2636 2522 2707 perfundere,
2545 2647 2600 2691 et
2615 2638 2846 2692 maxime
2867 2637 3105 2692 omnium
3143 2649 3341 2703 corpus
3385 2634 3660 2705 proprium
3683 2634 3767 2688 ab—

2182 2729 2427 2784 ominari.
2447 2728 2578 2783 Nam
2605 2730 2648 2783 si
2672 2728 2773 2782 hoc
2789 2745 2894 2782 non
2920 2737 3084 2795 esset,
3107 2743 3272 2798 quare
3296 2727 3364 2781 ad
3393 2727 3640 2780 balneum
3662 2736 3769 2794 post

2183 2833 2458 2890 peceatum
2491 2821 2618 2875 illttd
2639 2820 2847 2875 curris?
2878 2819 3065 2874 Nonne
3085 2821 3205 2889 quia
3237 2820 3383 2873 omni
3407 2819 3526 2873 luto
3549 2820 3766 2872 immun-

2182 2911 2390 2966 diorem
2423 2913 2652 2981 teipsutn
2692 2925 2813 2966 esse
2841 2910 3071 2966 censes?
3111 2911 3282 2978 Quam
3327 2911 3487 2978 igitur
3527 2911 3767 2978 majorem

2183 3002 2533 3057 inununditia:
2562 3011 2662 3056 tua:
2679 3002 3050 3073 probationem
3077 3001 3294 3071 quaeris,
3325 3001 3405 3054 vel
3427 3015 3592 3070 quam
3614 3001 3766 3054 Deum

2183 3105 2465 3163 exspectas
2493 3094 2812 3148 sententiam
2852 3093 3121 3156 daturum,
3174 3091 3393 3162 quando
3421 3101 3480 3144 tu
3529 3091 3659 3160 ipse,
3688 3093 3767 3160 qui

2183 3183 2468 3254 deliquisti,
2499 3185 2659 3239 talem
2683 3184 2750 3240 de
2779 3186 2928 3239 factis
2953 3184 3056 3238 tuis
3082 3185 3402 3238 sententiam
3433 3192 3591 3236 tenes
3618 3183 3640 3234 ?

2253 3275 2500 3329 Balneum
2525 3277 2709 3330 anima:
2725 3276 3135 3347 quale.—-Igitur
3159 3276 3304 3345 quod
3327 3275 3566 3344 impuros
3578 3289 3636 3329 se
3661 3289 3771 3328 esse

2183 3375 2422 3432 censent,
2480 3367 2637 3422 valde
2678 3367 2836 3421 laudo
2861 3376 2916 3422 et
2944 3367 3182 3438 approbo
3214 3383 3228 3433 ;
3257 3367 3398 3435 quod
3446 3377 3624 3420 autem
3671 3380 3768 3418 non

2184 3470 2389 3515 rectum
2405 3460 2717 3530 puriﬁcandi
2737 3461 2956 3515 modum
2992 3461 3242 3527 habeant,
3276 3461 3544 3528 improbo,
3575 3470 3627 3514 et
3648 3475 3763 3528 pro-

2183 3561 2364 3621 pterea
2390 3551 2743 3620 reprehendo.
2787 3550 2918 3606 Nam
2945 3552 2992 3606 si
3036 3552 3330 3621 corporalis
3375 3551 3587 3605 macula
3608 3560 3764 3614 esset,

2178 3645 2300 3714 jure
2313 3645 2624 3699 balneorum
2642 3644 3098 3715 purificationibus
3109 3659 3302 3715 corpus
3321 3644 3491 3714 ipsuut
3511 3645 3771 3707 ablueres,

2184 3736 2415 3789 animam
2453 3746 2628 3788 autem
2657 3749 2776 3789 cum
2802 3734 3160 3805 coinquinaris
3187 3745 3240 3789 et
3269 3735 3539 3804 impuram
3575 3734 3770 3797 feceris,

2186 3827 2344 3880 talem
2363 3840 2542 3895 quaere
2558 3826 3125 3896 purificationetn,qua:
3143 3826 3280 3880 illius
3299 3825 3774 3879 maculamabluere

2187 3919 2403 3988 poterit.
2433 3917 2586 3985 Quod
2613 3927 2794 3972 autem
2821 3928 2905 3972 est
2934 3918 3076 3972 illius
3104 3920 3328 3973 macula:
3358 3917 3654 3972 balneum?
3677 3917 3771 3971 Ca-

2188 4009 2281 4063 lidi
2332 4010 2684 4079 lacrymarum
2732 4009 2929 4077 fontes,
2959 4011 3188 4079 gemitus
3229 4025 3259 4063 e
3302 4009 3572 4078 profundo
3611 4007 3774 4063 cordis

2185 4101 2558 4168 ascendentes,
2583 4101 2924 4170 compunctio
2951 4109 3226 4170 perpetua,
3259 4115 3446 4171 preces
3489 4102 3766 4164 continuae,

2186 4193 2560 4264 eleemosynae,
2605 4203 2660 4248 et
2703 4194 3064 4264 cleemosyna:
3118 4193 3299 4263 largze,
3347 4207 3455 4247 non
3483 4192 3624 4247 ultra
3669 4192 3772 4246 haec

2189 4299 2352 4353 opera
2398 4293 2684 4351 attentare,
2733 4285 3093 4339 condemnare
3139 4284 3284 4354 quod
3329 4283 3534 4340 factum
3565 4293 3665 4340 est.
3704 4281 3771 4337 ιω

2185 4377 2391 4447 peccati
2441 4387 2629 4431 natura
2657 4377 2914 4444 abluitur,
2959 4378 3030 4432 ita
3064 4386 3389 4448 expurgatur
3414 4377 3614 4432 anima:
3663 4392 3768 4432 ma-

2186 4466 2305 4521 cula
2333 4482 2349 4531 ;
2375 4477 2535 4536 atque
2586 4466 2727 4522 adeo
2756 4469 2801 4521 si
2833 4468 2947 4522 haec
2977 4483 3083 4521 non
3130 4468 3438 4535 fecerimus,
3469 4467 3680 4522 etiamsi
3724 4467 3768 4519 in

2185 4572 2373 4612 omnes
2392 4557 2671 4612 ﬂuminum
2690 4559 3338 4628 fontesdescendcrimus,
3362 4575 3542 4630 neque
3564 4573 3768 4630 parvam

2188 4648 2329 4702 illitis
2355 4651 2558 4717 peccati
2590 4657 2796 4718 partem
2840 4651 3112 4719 depellere
3139 4651 3453 4720 poterimus.
3499 4651 3612 4706 lmo
3641 4648 3767 4720 quod

2187 4739 2401 4805 melius,
2445 4755 2513 4794 ne
2541 4749 2864 4795 attentemus
2892 4741 2994 4796 hoc
3017 4742 3375 4797 abontinabile
3400 4752 3694 4812 peccatum.
3720 4741 3770 4796 Si

2186 4831 2306 4898 quis
2330 4839 2510 4884 autem
2553 4831 2841 4901 aliquando
2877 4837 3246 4906 supplantatus
3276 4833 3456 4899 fuerit,
3506 4835 3624 4888 haec
3651 4836 3771 4886 suh~

2183 4921 2334 4989 jiciat
2365 4921 2624 4987 remedia,
2674 4925 2818 4992 prius
2840 4927 3152 4993 promittens
3191 4943 3295 4978 non
3329 4927 3462 4979 ultra
3490 4941 3551 4979 se
3579 4927 3630 4979 iu
3660 4923 3766 4976 hzec

2187 5014 2581 5083 prolapsurum.
2632 5015 2792 5070 Certe
2821 5017 2865 5071 si
2921 5027 3204 5085 peccantes
3246 5018 3772 5073 condemnmerimns

2186 5106 2401 5174 quidem
2451 5122 2538 5172 ea,
2562 5123 2680 5177 quae
2715 5107 2823 5176 jam
2857 5107 3102 5175 fecimus,
3133 5112 3322 5164 iterum
3371 5125 3548 5166 autem
3592 5110 3768 5164 eadem

2187 5206 2535 5265 attentemus,
2560 5198 2702 5252 nulla
2725 5201 2826 5254 erit
2853 5200 3238 5269 puriﬁcationis
3261 5203 3478 5256 utilitas.
3511 5203 3608 5268 Qui
3634 5201 3770 5256 enim

2189 5291 2442 5354 abluitur,
2471 5299 2527 5343 et
2551 5284 2740 5344 eodem
2769 5291 2879 5344 luto
2913 5293 3104 5346 iterum
3133 5293 3460 5362 inquinatur,
3487 5302 3541 5347 et
3566 5292 3653 5360 qui
3681 5290 3771 5343 de-

2189 5383 2404 5436 molitur
2424 5382 2613 5437 iterum
2640 5383 2780 5454 qnud
2797 5384 3098 5452 aedificavit,
3127 5394 3184 5441 et
3208 5387 3297 5456 qni
3321 5385 3541 5440 aediﬁcat
3562 5385 3773 5441 iterum.

2190 5483 2246 5526 ut
2274 5473 2538 5539 destruat,
2569 5473 2700 5527 nihil
2731 5473 2875 5527 aliud
2918 5474 3043 5529 inde
3083 5476 3218 5530 lucri
3248 5477 3392 5543 facit,
3443 5491 3599 5546 quam
3638 5474 3772 5543 quod

2192 5562 2382 5617 frustra
2412 5563 2618 5619 laborat
2659 5573 2714 5618 et
2733 5578 3071 5620 :erumnosus
3097 5575 3200 5621 est.
3235 5568 3395 5637 Igitur
3413 5576 3469 5622 et
3488 5579 3590 5619 nos
3630 5580 3697 5619 ne
3727 5564 3772 5614 in

2190 5670 2384 5709 vanum
2435 5663 2492 5710 et
2530 5655 2722 5711 frustra
2753 5657 2911 5710 vitam
2953 5658 3304 5724 insumamus,
3357 5659 3523 5728 priora
3563 5666 3770 5728 peccata

2194 5763 2568 5821 expttraemus,
2599 5760 2650 5806 et
2680 5749 2820 5821 quod
2852 5751 3113 5824 reliquum
3127 5764 3210 5809 est
3230 5751 3350 5807 vita-
3378 5755 3427 5807 in
3459 5748 3772 5806 continentis
