4058 6258
489 301 600 361 225

482 417 577 472 καὶ
599 418 667 488 τῇ
696 415 853 486 λοιπῇ
882 413 1228 485 διαγάγωμεν
1257 413 1426 485 ἀρετῇ
1451 429 1465 444 ο
1532 413 1623 467 ἵνα
1670 414 1764 469 καὶ
1793 413 1887 468 τὸν
1927 412 2061 467 Θεὸν

481 499 694 573 ιχοντες
733 498 918 561 ῐλεων,
981 498 1082 566 τῆς
1124 497 1400 568 βασιλείας
1448 495 1558 549 τῶν
1599 496 1844 569 οὐρανῶν
1871 496 2061 550 ἐπιτύ-

481 599 696 653 λωμεν,
745 581 928 653 χάριτι
968 581 1064 635 καίΙ
1109 579 1491 651 φιλανθρωπίᾳ
1522 578 1620 632 τοῦ
1667 579 1874 649 Κυρίου
1906 577 2064 648 ήμῶν

1181 304 1240 359 8.
1281 303 1565 361 JOANNIS
1594 306 2079 365 CIIRYSUSTOMI
2111 309 2431 367 ARCUIEP.
2470 307 3020 366 CONSTANTINOP.

2177 409 2352 483 Ἰησοῦ
2371 407 2634 481 Χριστοῦ,
2654 400 2700 478 ᾧ
2717 409 2751 480 ή
2768 407 2895 473 δόξα
2912 408 2993 471 είς
3009 405 3138 471 τοὺς
3158 403 3360 466 αίῶνας
3382 399 3492 455 τῶν
3515 397 3745 454 αἰώνιον.

2180 493 2373 563 Ἀμήν.

1278 730 3735 769 ________________________________________

1320 860 1468 976 [ειη
1528 911 2110 998 ΕΓΚΩΜΙΟΝ
2164 910 2338 997 ΕΙΣ
2383 898 2912 998 ΜΑΞΙΜΟΝ

1427 1064 1534 1119 Καὶ
1563 1065 1695 1135 περί
1728 1065 1835 1120 τοῦ
1864 1066 2041 1132 ποίας
2064 1065 2161 1120 δεῖ
2183 1066 2432 1135 ἄγεσθαι
2465 1062 2779 1135 γυναῖκας.

546 1373 617 1422 α’.
640 1366 765 1420 Ὀτι
791 1365 889 1437 μέν
913 1362 1250 1434 ἀπελείφθην
1268 1362 1423 1434 ὑμῶν
1444 1365 1511 1435 τῇ
1534 1361 1880 1434 παρελθούσῃ
1907 1363 2071 1417 συνά-

479 1453 582 1519 ξει,
601 1449 835 1522 ἢλγησα·
852 1450 937 1503 ὅτι
967 1449 1025 1502 δὲ
1054 1446 1459 1517 πλουσιωτέρας
1484 1446 1833 1500 ἁπελαύσατε
1863 1444 2067 1516 τραπέ·

478 1535 600 1606 (τις,
622 1535 822 1606 ἥσθην.
853 1532 912 1586 '0
934 1531 1044 1603 γὰρ
1066 1530 1185 1602 μετ’
1209 1529 1343 1601 ἐμοῦ
1360 1530 1451 1582 τὸν
1479 1528 1642 1597 ζυγὸν
1662 1528 1858 1594 ἐλκων,
1882 1529 1983 1598 τήν
2007 1544 2065 1580 τε

477 1617 696 1671 αὔλακα
724 1615 915 1687 πρώην
941 1617 1077 1684 ήμϊν
1109 1612 1360 1682 ἀνέτεμε,
1391 1612 1485 1665 καὶ
1513 1612 1580 1666 τά
1614 1611 1908 1683 σπέρματα
1931 1626 2066 1663 κατ-

480 1700 639 1753 έϐαλε
669 1698 879 1768 δαψιλεῖ
922 1696 1137 1767 γλώττῃ
1155 1735 1170 1757 ,
1213 1695 1308 1748 καὶ
1345 1692 1484 1764 μετά
1513 1693 1714 1764 πολλῆς
1744 1694 1843 1764 τῆς
1875 1694 2070 1763 ἐπιμε-

478 1783 630 1846 λείας
663 1779 977 1852 ιγεὼργησε
1004 1777 1106 1842 τὰς
1143 1777 1414 1848 ὑμετέρας
1449 1777 1643 1845 ψυχάς.
1680 1775 1865 1829 Εῖδετε
1895 1774 2068 1845 γλῶτ-

477 1881 578 1918 ταν
610 1861 1132 1933 ἐκκεκαθαρμένην,
1176 1859 1448 1929 ἠκούσατε
1482 1858 1642 1926 λόγον
1676 1859 2068 1928 ἀποτετόρνευ-

482 1948 676 2018 μένον,
724 1945 1070 2000 ἀπελαύσατε
1104 1944 1297 2008 ὕδατος
1326 1942 1622 2013 ἁλλομένου
1658 1942 1737 2004 είς
1766 1940 1909 2011 ζωὴν
1935 1942 2066 1994 αίώο

479 2046 613 2093 νιον,
644 2028 1025 2100 εἴδετε-πηγὴν
1051 2028 1330 2097 ποταμοὺς
1363 2027 1614 2094 ἀφιεῖσαν
1638 2023 1863 2094 χρυσίου
1896 2022 2068 2076 καθα-

484 2108 601 2179 ροῦ.
644 2107 878 2176 Λέγεται
924 2124 1010 2170 τις
1042 2106 1287 2176 ποταμὸς
1322 2103 1548 2175 χρυσίου
1580 2100 1850 2172 ψήγματα
1870 2100 2066 2173 ’φέρειν

477 2191 592 2254 τοῖς
625 2189 997 2260 περιοικοῦσιν
1036 2189 1198 2242 αὑτὸν
1232 2187 1561 2259 ἀνθρώποις,
1597 2185 1659 2239 οὐ
1702 2183 1805 2253 τῆς
1851 2184 2067 2254 φύσεως

477 2271 587 2325 τῶν
617 2272 826 2326 ὑδάτων
877 2272 941 2325 τὸ
972 2272 1196 2342 χρυσίον
1238 2268 1559 2340 τικτούσης,
1614 2265 1728 2321 ἀλλ’
1759 2267 1947 2338 ἐπειδὴ
1971 2267 2065 2321 τοῦ

480 2355 729 2425 ποταμοῦ
771 2354 871 2418 τὰς
901 2355 1084 2424 πηγὰς
1119 2355 1179 2406 ἐν
1210 2352 1550 2423 μεταλλικοῖς
1582 2350 1736 2422 ὸρεσι
1757 2350 2065 2421 διέρχεσθαι

481 2436 703 2509 συνέϐη,
736 2437 806 2490 δι’
827 2435 1054 2490 ἐκείνων
1092 2435 1202 2489 τῶν
1246 2434 1421 2506 ὀρέων
1449 2435 1479 2486 ό
1509 2432 1757 2502 ποταμὸς
1800 2433 1942 2502 ῥέων
1973 2435 2068 2486 καί⁵

479 2519 578 2590 τὴν
596 2521 842 2590 χρυσῖτιν
874 2519 1211 2589 παρασύρων
1243 2518 1350 2588 γῆν
1369 2557 1385 2582 ,
1417 2516 1692 2588 θησαυρὸς
1728 2519 1840 2581 τοῖς
1875 2534 2069 2588 παροι-

481 2588 645 2656 κόῠάί
666 2602 902 2670 γίνεται,
954 2588 1371 2671 ἐσχεδιασμένον
1414 2599 1671 2673 παρέχων
1696 2598 1788 2652 τὸν
1815 2598 2065 2654 πλοῦτον.

480 2684 682 2738 Τοῦτον
702 2683 796 2737 καὶ
822 2685 852 2739 ό
882 2681 1201 2745 διδάσκαλος
1229 2675 1384 2744 οὗτος
1412 2681 1724 2751 ἐμιμήσατο
1749 2678 1942 2752 πρώην
1978 2681 2068 2734 τὸν

481 2764 751 2836 ποταμὸν,
781 2764 971 2836 ῶσπερ
995 2763 1085 2817 διὰ
1107 2763 1442 2835 μεταλλικῶν
1473 2764 1666 2835 ὀρέων,
1698 2762 1806 2816 τῶν
1838 2762 2070 2834 Γραφῶν

482 2851 645 2922 ῥέων,
674 2850 770 2903 καὶ
782 2848 852 2903 τὰ
886 2848 1112 2920 χρυσίου
1138 2846 1335 2911 παντὸς
1355 2845 1656 2917 τιμιώτερα
1678 2847 1923 2916 νοήματα
1948 2849 2069 2909 ταῖς

481 2934 781 3008 ὑμετέραις
817 2934 1061 3005 κομίζων
1088 2933 1307 3004 ψυχαῖς.
1341 2931 1452 2986 Καὶ
1481 2928 1599 2985 οἶδα
1630 2931 1730 3002 μὲν
1748 2933 1829 2984 ὅτι
1858 2931 2071 3002 πτωχό-

480 3035 620 3094 τερα
647 3018 716 3073 τὰ
743 3019 988 3090 ἡμέτερα
1026 3018 1159 3088 ὑμῖν
1185 3016 1436 3085 φαίνεται
1464 3015 1724 3085 σήμερον.
1751 3015 1811 3067 '0
1830 3013 1940 3086 γὰρ
1970 3031 2071 3066 πε·-

481 3103 675 3173 νιχρᾶς
688 3099 978 3155 ἀπολαύων
996 3098 1278 3170 τραπέζης
1296 3096 1583 3166 διηνεκῶς,
1599 3097 1665 3150 ἂν
1686 3097 2071 3167 εύπορωτέρας

487 3183 690 3253 μεταξύ
715 3199 817 3237 που
836 3182 981 3246 τινὸς
995 3180 1250 3251 ἐπιτύχῃ,
1267 3177 1386 3234 εἶτα
1412 3181 1548 3252 πρὸς
1573 3181 1671 3250 τὴν
1690 3178 1889 3232 ἐαυτοῦ
1910 3180 2072 3233 πάλιν

482 3265 791 3338 ἐπανέλθῃ,
842 3263 1047 3336 μᾶλλον
1076 3263 1267 3334 αὐτῆς·
1295 3262 1589 3331 κατόψεται
1617 3261 1717 3333 τὴν
1745 3262 1954 3317 πενίαν.
1993 3264 2068 3316 Οὐ

486 3349 595 3421 μὴν
637 3348 724 3402 διά
753 3347 913 3402 τοῦτο
939 3347 1300 3418 ὀκνηρότερον
1331 3344 1695 3416 ἀποδύσομαι.
1753 3347 1900 3399 Ἵστε
1938 3345 2068 3418 γὰρ,

484 3432 684 3504 Παύλῳ
714 3428 1178 3504 μαθητευθέντες,
1205 3430 1298 3483 καὶ
1335 3428 1693 3501 χορτάζεσθαι
1720 3429 1816 3482 καὶ
1855 3430 2068 3500 πεινᾷν,

486 3517 579 3570 καὶ
610 3513 960 3588 περισσεύειν
985 3512 1080 3567 καὶ
1110 3511 1477 3584 ὑστερεῖσθαι,
1509 3511 1754 3575 καὶτοὺς
1783 3511 2071 3577 πλουσίους

485 3597 808 3670 θαυμάζειν,
821 3598 917 3650 καὶ¹
935 3597 1062 3660 τοὺς
1084 3594 1328 3667 πένητας
1346 3594 1422 3666 μὴ
1444 3593 1749 3650 διαπτύειν.
1777 3596 1889 3649 Καὶ
1904 3594 2073 3650 καθά-

484 3699 595 3754 περ
622 3682 673 3734 at
701 3681 928 3751 φίλοινοι
966 3680 1062 3734 καὶ
1085 3680 1135 3732 οί
1163 3678 1451 3749 φιλοπόται
1476 3678 1816 3743 ἀσπάζονται
1849 3678 1949 3753 μὲν
1978 3679 2073 3733 τὸν

484 3764 695 3835 ἀμείνω
724 3758 869 3817 οἶνον
884 3802 900 3827 ,
956 3761 1018 3816 οὐ
1060 3761 1168 3833 μὴν
1196 3760 1254 3815 δὲ
1297 3760 1394 3814 τοῦ
1441 3760 1865 3832 καταδεεστέρου
1903 3779 2072 3815 κατα-

486 3845 776 3919 φρονοῦσιν
792 3862 808 3877 ·
835 3845 979 3900 οὔτω
1001 3844 1066 3916 δὴ
1084 3843 1182 3898 καὶ
1202 3845 1363 3915 ὑμεῖς
1392 3844 1520 3914 περὶ
1550 3844 1651 3913 τὴν
1670 3843 1779 3897 τῶν
1797 3842 1958 3897 θείων
1980 3844 2069 3897 λο-

484 3930 622 3999 γίων
643 3930 910 4003 ἀκρόασιν
927 3929 1252 4001 μεμηνότες,
1273 3925 1603 3996 ἀποδέχεσθε
1629 3925 1726 3995 μὲν
1745 3927 1873 3990 τοὺς
1897 3942 2074 3996 σοφω-

484 4013 677 4087 τέρους
704 4013 816 4067 τῶν
852 4010 1210 4076 διδασκάλων,
1241 4010 1336 4063 καὶ
1367 4010 1481 4070 τοῖς
1501 4008 1905 4079 εὐτελεστέροις
1933 4009 1989 4062 δὲ
2009 4011 2071 4063 οὐ

485 4097 589 4165 τὴν
615 4096 884 4166 τυχοῦσαν
927 4093 1197 4163 παρέχετε
1237 4090 1476 4161 σπουδὴν
1506 4091 1598 4143 καί¹
1630 4090 1960 4160 προθυμίαν.
2011 4094 2072 4146 OE

491 4179 591 4248 μὲν
618 4177 726 4248 γάρ
746 4175 937 4246 χαῦνοι
957 4175 1055 4228 καὶ
1080 4171 1590 4242 διαλελυμένοι,καὶ
1619 4173 1755 4244 πρὸς
1783 4173 1881 4244 τὴν
1909 4177 2073 4228 πολυ-

487 4260 814 4329 τελεστέραν
839 4256 1098 4312 ναυτιῶσι
1131 4253 1439 4327 τράπεζανο
1492 4256 1543 4307 οἱ
1570 4255 1631 4308 δὲ
1660 4255 2075 4329 διεγηγερμένοι

490 4341 585 4394 καὶ
613 4343 896 4412 νήφοντες,
916 4341 1011 4394 καὶ
1036 4337 1329 4402 πεινῶντες
1352 4338 1446 4390 καὶ
1474 4337 1737 4407 διψῶντες
1764 4340 1862 4412 τὴν
1880 4343 2077 4396 δικαιο-

492 4424 681 4496 σύνην,
717 4424 813 4479 καὶ⁵
862 4424 1002 4496 πρὸς
1030 4423 1129 4495 την
1165 4422 1495 4492 πενεστέραν
1529 4421 1669 4492 μετὰ
1704 4423 1907 4495 πολλῆς
1954 4427 2075 4497 τρέ-

489 4526 644 4581 χουσι
667 4507 997 4581 προθυμίας.
1024 4507 1136 4562 Καὶ
1157 4507 1238 4560 ὅτι
1258 4506 1320 4559 οὐ
1345 4504 1603 4560 κολακεία
1627 4505 1696 4559 τά
1725 4509 2076 4578 ρήματα,ἀπὸ

488 4596 588 4665 τῆς
618 4592 810 4664 πρώην
841 4595 973 4664 ὑμῖν
1002 4591 1294 4658 διαλέξεως
1325 4590 1625 4660 γενομένης
1650 4590 1810 4643 τοῦτο
1839 4593 2075 4657 ἐδείξατε

491 4677 748 4747 μάλιστα.
792 4676 1011 4748 Ἐπειδὴ
1045 4674 1157 4746 γάρ
1202 4672 1433 4735 πολλοὺς
1463 4674 1591 4742 περὶ
1639 4672 1835 4743 γάμων
1882 4674 2076 4743 λόγους

486 4759 822 4830 ἐποιούμεθα
868 4759 1006 4831 πρὸς
1046 4756 1222 4829 ὑμᾶς,
1259 4754 1569 4818 δεικνύντες
1608 4753 1689 4806 ὅτι
1739 4757 1955 4827 μοιχεία
1991 4776 2076 4823 τις

488 4840 879 4914 ἀπηρτισμένη
911 4841 974 4894 τὸ
1020 4840 1304 4894 ἐκϐάλλειν
1339 4841 1606 4907 γυναῖκας
1627 4877 1641 4903 ,
1675 4836 1709 4909 ἢ
1738 4839 2076 4914 ἐκϐεϐλημέ-

488 4943 587 4992 νας
609 4925 929 4997 λαμϐάνειν,
945 4924 1161 4990 ζώντων
1186 4922 1266 4976 ἔτι
1290 4921 1399 4975 τῶν
1417 4920 1698 4994 προτέρων
1720 4923 1950 4993 ἀνδρῶν,
1983 4927 2077 4980 καὶ

488 5008 582 5064 τὸν
613 5007 708 5061 τοῦ
737 5006 976 5079 Χριστοῦ
1004 5007 1169 5076 νόμον
1203 5002 1672 5073 ἀναγινώσκοντες
1704 5006 1796 5059 τὸν
1824 5006 2073 5076 λέγοντα,

489 5092 571 5143 ὅτι
624 5091 689 5143 '0
715 5089 1182 5159 ἀπολελυμένην
1223 5088 1501 5158 γαμήσας
1527 5086 1809 5157 μοιχᾶται
1828 5130 1845 5155 ,
1893 5089 1994 5144 καί
2042 5094 2077 5144 ό

489 5172 779 5227 ἀπολύων
840 5171 1096 5242 γυναῖκα
1122 5211 1138 5237 ,
1188 5170 1483 5238 παρεκτὸς
1530 5171 1719 5240 λόγου
1764 5173 2069 5240 πορνείας,

491 5253 656 5311 ,τοιεῖ
674 5252 871 5322 αὐτὴν
888 5252 1283 5324 μοιχευθῆναι
1302 5290 1318 5315 ,
1368 5251 1596 5316 πολλοὺς
1630 5248 1769 5307 εἶδον
1799 5256 1948 5309 κάτω
1975 5255 2073 5309 κύ-

493 5354 747 5402 πτοντας,
771 5338 832 5392 τὸ
858 5338 1149 5409 πρόςωπον
1173 5334 1500 5401 τύπτοντας,
1517 5337 1610 5389 καὶ
1636 5336 1756 5390 οὐδὲ
1781 5338 2071 5394 ἀνανεῦσαι

490 5421 827 5493 δυναμένους
852 5437 867 5452 ·
918 5422 1040 5476 τότε
1066 5421 1129 5491 δὴ
1169 5420 1264 5475 καὶ
1289 5420 1371 5485 είς
1391 5418 1483 5473 τὸν
1515 5418 1743 5492 οὐρανὸν
1766 5421 2074 5491 ἀναϐλέψας

493 5500 678 5559 εῐτιονο
722 5502 1022 5576 Εὐλογητὸς
1049 5507 1079 5558 ό
1105 5502 1269 5570 Θεὸς,
1311 5504 1394 5557 ὄτι
1426 5501 1527 5556 οὐκ
1571 5505 1652 5566 είς
1682 5505 1882 5576 νεκρὰς
1910 5508 2078 5571 ἀκοάς

491 5587 830 5658 ἐνηχοῦμεν,
880 5587 997 5642 ἀλλ’
1054 5586 1486 5658 ἐπιλαμϐάνεται
1533 5587 1630 5657 τῆς
1682 5587 1918 5652 διανοίας
1969 5590 2077 5642 τῶν

497 5669 809 5723 ἀκουόντων
842 5670 909 5724 τά
939 5670 1088 5745 [ειη]
1122 5674 1383 5747 λεγόμενα
1412 5674 1560 5745 μετὰ
1589 5673 1789 5744 πολλῆς
1815 5672 1913 5745 τῆς
1944 5689 2073 5744 σφο-

2167 1363 2447 1435 δρότητος.
2482 1363 2738 1433 ΙἌμεινον
2762 1361 2863 1433 μέν
2888 1361 2998 1431 γάρ
3026 1360 3313 1436 μηδ’,ὅλως
3341 1362 3610 1434 ἁμαρτεῖν
3630 1377 3648 1393 ·
3692 1361 3758 1418 οὗ

2170 1445 2366 1517 μικρὸν
2398 1445 2456 1498 δέ
2492 1445 2573 1508 είς
2595 1443 2867 1514 σωτηρίας
2916 1442 3104 1513 λόγον,
3143 1444 3607 1515 κατοδυνηθῆναι,
3661 1444 3758 1498 καὶ⁵

2169 1528 2522 1597 καταγνῶναι
2550 1526 2641 1580 τὸν
2669 1527 3052 1599 ἁμαρτάνοντα
3078 1526 3179 1597 τῆς
3200 1526 3395 1580 ἑαυτοῦ
3423 1526 3624 1596 ψυχῆς,
3662 1525 3761 1579 καὶ

2171 1610 2430 1681 μαστίξαι
2449 1610 2509 1663 τὸ
2545 1610 2782 1673 συνειδὸς
2812 1611 2950 1680 μετά
2991 1609 3193 1680 πολλῆς
3228 1609 3329 1680 τῆς
3360 1610 3651 1681 ἀκριϐείας
3670 1625 3685 1639 ·
3723 1609 3760 1679 ἡ

2167 1694 2276 1765 γάρ
2301 1694 2525 1765 τοιαύτη
2554 1692 2900 1761 κατάγνωσις
2927 1692 3276 1765 δικαιοσύνης
3298 1693 3416 1745 ἐστὶ
3446 1692 3638 1763 μέρος,
3663 1692 3761 1744 καὶ⁸

2166 1775 2303 1840 ὅλως
2343 1777 2438 1829 ἐπὶ
2464 1776 2526 1830 τὸ
2570 1777 2768 1847 μηκέτι
2805 1775 3146 1847 ἁμαρτάνειν
3188 1777 3418 1844 ἀγουσα.
3469 1775 3570 1828 Διά
3598 1773 3763 1827 τοῦτο

2169 1863 2262 1914 καὶ
2293 1862 2321 1913 ὁ
2348 1860 2561 1924 Παῦλος
2612 1860 2862 1929 λυπήσας
2912 1860 3039 1923 τοὺς
3075 1860 3468 1931 ἡμαρτηκότας
3512 1859 3759 1930 ἔχαιρεν,

2167 1944 2264 2014 οὐχ
2289 1946 2370 1998 ὅτι
2399 1944 2691 2014 ἐλύπησεν,
2714 1942 2830 1996 ἀλλ’
2851 1944 2933 1997 ὅτι
2957 1946 3023 2014 τῇ
3048 1942 3197 2015 λύπῃ
3221 1942 3552 2014 διώρθωσεν.
3589 1940 3761 2011 Ἐχά-

2158 2045 2282 2096 ρην
2307 2025 2437 2099 γὰρ,
2470 2028 2657 2098 φησὶν,
2697 2027 2811 2095 οὐχ
2837 2025 2927 2079 ὅτι
2951 2025 3314 2095 ἐλυπήθητε,
3347 2026 3484 2079 ἀλλ’
3508 2024 3599 2078 ὅτι
3624 2025 3764 2077 $.10-

2168 2111 2399 2180 πήθητε
2451 2113 2542 2175 είς
2585 2108 2943 2179 μετάνοιαν
2995 2110 3035 2177 ἠ
3069 2112 3179 2178 γὰρ
3217 2110 3371 2163 κατὰ
3405 2110 3554 2164 Θεὸν
3588 2109 3762 2175 λύπη

2164 2194 2489 2263 μετάνοιαν
2515 2196 2604 2260 είς
2632 2193 2939 2261 σωτηρίαν
2968 2190 3423 2261 ἀμεταμέλητον
3470 2188 3765 2259 κατεργά-

2171 2277 2341 2339 ζεται.
2367 2278 2491 2331 Εἴτε
2524 2276 2634 2347 γάρ
2657 2276 2797 2346 ὑπὲρ
2819 2274 2928 2329 τῶν
2956 2275 3194 2340 οἰκείων,
3218 2272 3329 2326 εἴτε
3354 2274 3495 2344 ὑπὲρ
3526 2273 3636 2327 τῶν
3662 2272 3765 2327 ἀλ-

2169 2360 2397 2430 λοτρίων
2419 2360 2543 2412 τότε
2589 2357 3007 2435 ἁμαρτημάτων
3034 2355 3336 2427 ὴλγήσατε,
3372 2356 3582 2427 μυρίων
3606 2355 3763 2425 εἴητε

2169 2443 2406 2495 ἐπαίνων
2443 2440 2604 2507 ἄξιοι.
2645 2441 2774 2494 Ὅτε
2811 2440 2921 2509 γὰρ
2956 2439 3095 2510 ὑπὲρ
3127 2438 3235 2492 τῶν
3268 2437 3567 2511 ἀλλοτρίων
3598 2437 3767 2508 ἀλγή-

2172 2542 2254 2578 σει
2282 2540 2386 2588 τις,
2422 2522 2750 2579 ἀποστολικά
2778 2519 3159 2577 ἀποδείκνυται
3191 2521 3499 2592 σπλάγχνα,
3534 2522 3630 2575 καὶ
3662 2520 3765 2574 ⁸τὸν

2175 2608 2329 2677 ἀγιον
2375 2609 2579 2660 ἐκεῖνον
2621 2607 2866 2676 μιμεῖται
2912 2604 3007 2659 τὸν
3055 2604 3286 2673 λέγοντα
3312 2621 3328 2636 ο
3374 2605 3469 2671 Τίς
3493 2603 3763 2668 ἀσθενεῖ,

2175 2692 2274 2745 καί
2307 2693 2419 2745 οὐκ
2449 2687 2715 2754 dcam-c3;
2737 2690 2830 2755 τίς
2860 2686 3337 2752 σκανδαλίζεται,
3379 2688 3479 2742 καί
3506 2690 3618 2741 οὐκ
3642 2686 3768 2756 ἐγὼ

2175 2773 2475 2842 πυροῦμαι
2501 2789 2520 2835 ;
2560 2773 2689 2826 Ὅτε
2714 2772 2771 2824 δὲ
2811 2771 2951 2841 ὑπὲρ
2974 2770 3080 2823 τῶν
3105 2770 3320 2824 οἰκείων
3355 2770 3549 2841 δηχθῇ,
3574 2771 3674 2840 τήν
3702 2786 3767 2822 τε

2176 2858 2268 2910 ἐπὶ
2302 2858 2415 2919 τοῖς
2445 2855 2546 2926 ήδη
2572 2852 2886 2925 τολμηθεῖσι
2909 2852 3127 2906 κόλασιν
3155 2853 3369 2913 ἔσϐεσε.
3401 2853 3498 2906 καὶ
3527 2853 3662 2923 πρὸς
3690 2852 3766 2904 τὰ

2181 2938 2441 3010 μέλλοντα
2473 2935 2662 2991 ἑαυτὸν
2692 2934 3098 3006 ἀσφαλέστερον
3117 2935 3205 2990 διά
3230 2935 3330 3006 τῆς
3355 2934 3530 3004 λύπης
3554 2933 3766 3004 ταύτης

2176 3022 2421 3093 ἐποίησε.
2462 3020 2562 3074 Διά
2590 3019 2765 3073 ταῦτα
2791 3016 2948 3086 κάγὼ
2980 3017 3288 3083 κύπτοντας
3323 3018 3483 3089 ὁρῶν,
3512 3017 3607 3071 καὶ
3634 3034 3767 3070 στε-

2175 3105 2453 3171 νάζοντας,
2501 3104 2596 3156 καὶ
2634 3101 2694 3154 τὸ
2723 3100 3014 3171 πρόσωπον
3049 3100 3368 3167 τύπτοντας,
3419 3102 3635 3170 ἔχαιρον
3665 3099 3767 3151 τὸν

2176 3189 2283 3244 ἀπὸ
2302 3190 2401 3260 τῆς
2428 3187 2605 3256 λύπης
2628 3184 2833 3255 ταύτης
2864 3184 3058 3238 ἐννοῶν
3092 3184 3322 3254 καρπόν.
3351 3184 3451 3237 Διά
3478 3183 3638 3237 τοῦτο
3664 3182 3766 3234 καὶ

2178 3274 2418 3345 σήμερον
2451 3271 2579 3342 περὶ
2607 3268 2706 3339 τῆς
2738 3268 2908 3338 αὐτῆς
2937 3267 3063 3337 ὑμῖν
3088 3265 3396 3330 ὑποθέσεως
3421 3264 3761 3335 διαλέξομαιο

2176 3355 2318 3409 ὥστε
2370 3355 2497 3417 τοὺς
2535 3351 2892 3423 βουλομένους
2937 3352 3017 3414 είς
3072 3348 3253 3421 γάμον
3300 3349 3510 3412 ἐλθεῖν,
3557 3346 3764 3414 πολλὴν

2177 3440 2318 3512 ὑπὲρ
2350 3437 2447 3491 τοῦ
2481 3439 2804 3507 πράγματος
2832 3434 3025 3488 τούτου
3054 3432 3326 3488 ποιεῖσθαι
3362 3432 3639 3504 πρόνοιαν.
3692 3431 3763 3486 Εἰ

2176 3522 2285 3594 γάρ
2328 3520 2506 3584 οίκίας
2549 3518 2803 3573 ὠνεῖσθαι
2840 3517 3124 3587 μέλλοντες
3153 3518 3246 3571 καὶ
3286 3515 3501 3578 οἰκέτας
3524 3555 3541 3578 ,
3604 3532 3765 3584 περι-

2178 3603 2521 3677 εργαζόμεθα
2553 3602 2647 3655 καὶ
2680 3600 3242 3671 πολυπραγμονοῦμεν
3278 3598 3403 3661 τούς
3430 3614 3491 3650 τε
3514 3593 3762 3649 πωλοῦν-

2176 3704 2296 3754 τας,
2330 3685 2456 3749 τούς
2486 3702 2547 3737 τε
2566 3684 2874 3756 ἔμπροσθεν
2899 3682 3296 3755 κτησαμένους,
3325 3680 3503 3734 αὐτῶν
3527 3678 3633 3732 τῶν
3653 3695 3765 3731 πω-

2176 3769 2458 3841 λουμένων
2481 3766 2590 3820 τῶν
2634 3767 2732 3837 μὲν
2761 3765 2861 3835 τὴν
2893 3765 3258 3834 κατασκευὴν,
3304 3763 3411 3817 τῶν
3442 3763 3501 3815 δέ
3536 3761 3631 3815 καὶ
3660 3759 3764 3831 τὴν

2174 3852 2271 3906 τοῦ
2303 3851 2553 3922 σώματος
2596 3849 2731 3914 έξιν,
2781 3849 2875 3901 καὶ
2900 3850 3001 3918 τὴν
3043 3847 3144 3918 τῆς
3190 3846 3369 3918 ψυχῆς
3409 3845 3759 3916 προαίρεσινο

2174 3933 2354 4005 πολλῷ
2383 3933 2580 4004 μᾶλλον
2609 3933 2868 4001 γυναῖκας
2900 3930 3195 4002 μέλλοντας
3227 3929 3480 3999 ἄγεσθαι,
3504 3928 3762 3999 πρόνοιαν

2173 4016 2442 4088 τοσαύτην
2493 4016 2586 4070 καὶ
2618 4015 2800 4085 πολλῷ
2831 4014 3053 4068 πλείονα
3083 4011 3492 4086 ἐπιδείκνυσθαι
3519 4012 3646 4081 χρή.
3675 4010 3760 4063 Ol-

2175 4101 2300 4153 κίαν
2343 4099 2442 4170 μὲν
2475 4099 2585 4169 γάρ
2629 4098 2839 4167 φαύλην
2866 4094 3033 4152 οὖσαν
3063 4095 3356 4150 ἀποδόσθαι
3379 4093 3541 4147 πάλιν
3562 4092 3759 4158 ἔξεστι,

2175 4183 2271 4236 καὶ
2297 4184 2515 4251 οἰκέτην
2542 4180 2729 4234 σκαιὸν
2763 4180 2998 4249 φανέντα
3027 4178 3321 4234 ἀποδοῦναι
3346 4178 3425 4248 τῷ
3454 4196 3522 4230 πε
3533 4176 3759 4246 πρακότι

2176 4266 2337 4319 πάλιν
2361 4265 2582 4334 ἀφίεται
2599 4281 2611 4294 ’
2642 4267 2877 4332 γυναῖκα
2899 4263 2954 4317 δὲ
2977 4262 3323 4333 λαμϐάνοντα
3344 4259 3635 4315 ἀποδοῦναι
3657 4260 3760 4311 πά-

2174 4346 2258 4399 λιν
2282 4351 2393 4410 τοῖς
2421 4346 2774 4401 ἐκδεδωκόσιν
2799 4347 2900 4400 οὐκ
2932 4345 3031 4408 ἔνι,
3071 4345 3208 4418 ἀλλά
3248 4345 3463 4414 ἀνάγκη
3496 4344 3646 4396 πᾶσα
3674 4341 3758 4394 διά

2175 4427 2361 4491 τέλους
2388 4428 2535 4481 ἔνδον
2574 4428 2751 4498 ἔχειν,
2814 4429 2848 4501 ἢ
2902 4429 3144 4499 πονηράν
3195 4423 3359 4481 οὖσαν
3408 4425 3756 4486 ἐκϐάλλοντα,

2180 4511 2394 4581 μοιχεία
2425 4510 2742 4564 ἁλίσκεσθαι
2767 4510 2906 4564 κατὰ
2924 4511 3048 4575 τοὺς
3076 4510 3169 4564 τοῦ
3190 4509 3326 4563 Θεοῦ
3357 4509 3576 4579 νόμους.
3596 4508 3758 4560 Ὅταν

2175 4585 2267 4644 οῦν
2303 4592 2503 4666 μέλλῃς
2531 4592 2828 4663 λαμϐάνειν
2858 4596 3109 4661 γυναῖκα,
3143 4595 3218 4663 μὴ
3249 4594 3374 4656 τοὺς
3404 4591 3605 4656 ἔξωθεν
3634 4592 3759 4643 ἀνα-

2177 4676 2413 4742 γίνωσκε
2444 4677 2641 4746 νόμους
2672 4675 2860 4747 μόνον,
2907 4675 3043 4729 ἀλλὰ
3077 4676 3172 4728 καὶ
3205 4675 3311 4747 πρὸ
3341 4675 3567 4727 ἐκείνων
3591 4713 3606 4734 ,
3637 4674 3759 4734 τοπ

2177 4761 2308 4832 παρ’
2357 4761 2489 4832 ήμῖν
2529 4759 2853 4829 κειμένους’
2900 4757 3043 4812 κατά
3085 4759 3194 4828 γάρ
3230 4757 3488 4823 τούτους,
3533 4757 3595 4808 οὐ
3642 4752 3757 4808 κατ’

2177 4844 2419 4905 ἐκείνους
2447 4859 2530 4894 σοι
2561 4841 2743 4911 μέλλει
2776 4841 2982 4912 κρίνειν
3013 4841 3155 4895 κατά
3181 4840 3278 4910 τὴν
3310 4840 3522 4911 ἡμέραν
3549 4838 3760 4906 ἐκείνην

2175 4929 2205 4980 ὁ
2226 4927 2357 4990 Θεός
2375 4944 2390 4956 ·
2421 4926 2660 4978 κάκεῖνοι
2694 4925 2790 4995 μὲν
2821 4924 3214 4994 παροφθέντες,
3272 4925 3352 4986 εἰς
3381 4924 3641 4993 χρήματα
3665 4918 3759 4990 τὴν

2178 5010 2383 5083 ζημίαν
2413 5008 2671 5070 πολλάκις
2703 5008 2942 5077 ἤνεγκαν
2970 5045 2985 5066 .
3038 5001 3183 5083 οὗτοι
3210 5005 3268 5058 δὲ
3311 5004 3471 5058 τοῦτο
3500 5003 3759 5064 παθόντες

2178 5080 2243 5164 τῇ
2263 5093 2407 5165 ψυχῇ
2437 5093 2537 5155 τὰς
2565 5092 2970 5162 ἀπαραιτήτους
2991 5080 3256 5159 ἐπάγουσι
3284 5088 3555 5160 τιμωρίας
3588 5087 3681 5141 καὶ
3701 5085 3751 5139 τί

2178 5176 2290 5248 πῦρ
2325 5178 2500 5230 ἐκεῖνο
2527 5177 2588 5228 τὸ
2611 5174 2890 5229 ἄσϐεστον.

2248 5259 2314 5331 β’.
2330 5259 2402 5314 Σὺ
2420 5259 2476 5312 δὲ
2494 5259 2619 5312 ὅταν
2640 5256 2837 5328 μέλλῃς
2853 5256 3079 5325 ἄγεσθαι
3095 5259 3351 5325 γυναῖκα,
3364 5253 3500 5325 πρὸς
3521 5252 3621 5325 μὲν
3639 5253 3758 5331 τοὺς

2180 5330 2285 5405 ἔξω
2306 5339 2564 5410 νομικοὺς
2598 5335 2737 5407 μετά
2769 5335 2968 5406 πολλῆς
2998 5336 3213 5407 τρέχεις
3250 5335 3349 5405 τῆς
3382 5332 3642 5401 σπουδῆς,
3676 5330 3762 5384 καὶ

2184 5421 2647 5493 παρακαθήμενος
2675 5419 2876 5484 αὐτοῖς,
2897 5418 3037 5489 μετά
3062 5419 3243 5488 πάσης
3268 5416 3555 5488 ἀκριϐείας
3580 5412 3756 5478 ἐξετάο

2184 5505 2317 5569 ζεις,
2350 5504 2401 5558 τί
2447 5503 2547 5575 μὲν
2574 5502 2745 5566 ἔσται,
2798 5501 2893 5554 ἐὰν
2925 5501 3091 5565 ἄπαις
3116 5501 3418 5571 τελευτήσῃ
3455 5500 3489 5569 ἠ
3522 5498 3681 5567 γυνὴ,
3707 5493 3756 5547 τί

2182 5588 2240 5642 δὲ
2268 5589 2362 5641 ἐὰν
2397 5588 2594 5657 ἔχουσα
2631 5586 2818 5649 παῖδα,
2858 5585 2910 5637 τί
2968 5585 3024 5637 δὲ
3051 5584 3146 5638 ἐὰν
3176 5583 3269 5638 δύο
3317 5587 3411 5637 καὶ
3438 5584 3615 5653 τρεῖς,
3669 5580 3752 5633 καὶ

2188 5673 2302 5736 πῶς
2331 5673 2429 5744 μὲν
2460 5673 2654 5742 ἔχουσα
2687 5669 2917 5741 πατέρα,
2951 5670 3065 5734 πῶς
3085 5668 3139 5722 δὲ
3158 5670 3255 5723 οὐκ
3280 5669 3472 5740 ἔχοντα
3507 5672 3615 5733 τοῖς
3641 5670 3754 5723 ἑαυ-
