4058 6258
291 317 402 379 Ἠῑὶ

297 444 354 486 et
399 431 681 484 honestate
731 419 1049 490 exterisque
1095 412 1382 469 virtutibus
1425 422 1669 481 agamus,
1723 412 1778 460 ut
1833 410 1891 458 et

296 532 468 586 Deum
497 514 899 575 misericordem
931 511 1191 566 habentes
1218 520 1438 577 regnum
1460 502 1715 559 ctnlorum
1743 510 1893 553 asse-

1269 296 1542 369 QUALES
1581 291 1929 355 DUCENDE
1967 293 2117 351 SINT
2157 292 2453 352 UXORES.
2494 289 2580 347 lll.

3473 281 3580 339 226

1991 420 2240 474 quainur,
2291 403 2461 475 gratia
2508 411 2563 458 et
2604 401 2929 472 benignitate
2977 401 3185 456 Domini
3237 402 3405 456 nostri
3462 402 3586 457 Jesu

1995 497 2213 563 Christi,
2233 498 2317 552 cui
2354 497 2422 551 sit
2448 495 2614 566 gloria
2642 494 2693 548 itt
2731 492 2927 547 saecula
2951 492 3291 547 surculorum.
3321 495 3511 547 Amen.

315 668 3487 721 ________________________________________________.__

1541 793 1805 872 LAUS
1847 786 2290 872 MAXIM],

1289 978 1370 1020 s'r
1413 970 1654 1027 ouans
1699 962 2015 1010 noenum:
2057 960 2199 1003 suv'r
2242 955 2488 1001 omnes
2521 938 2636 1018 (α),

378 1236 432 1291 Ι.
478 1230 737 1286 Maximus
764 1219 1109 1295 Chrysostomi
1148 1216 1342 1285 collega
1369 1211 1630 1267 laudatur.
1654 1233 1724 1245 ——
1744 1198 1895 1270 Quod

308 1326 525 1399 quidem
547 1320 805 1393 proxima:
826 1315 1067 1370 collecta:
1123 1310 1386 1364 interesse
1424 1299 1555 1356 mihi
1582 1311 1688 1352 non
1727 1290 1899 1348 conti-

308 1386 485 1491 gerit,
538 1386 891 1480 doluizquod
928 1417 1056 1459 vero
1106 1399 1205 1470 ipsi
1257 1407 1366 1451 tum
1406 1392 1576 1461 magis
1623 1386 1896 1456 opiparam

308 1523 552 1567 mensam
579 1504 720 1559 nacti
740 1502 876 1565 sitis,
898 1496 1111 1568 gavisus
1141 1505 1281 1546 sum.
1315 1486 1463 1541 Meus
1493 1481 1637 1537 enim
1683 1477 1735 1531 in
1791 1482 1899 1528 tra-

508 1598 635 1667 jugo
654 1563 874 1661 compar
896 1563 924 1655 ξ
936 1600 1107 1655 nuper
1126 1579 1396 1653 proscisso
1424 1572 1572 1629 sulco
1602 1569 1764 1624 ubere
1793 1563 1899 1619 lin-

310 1708 414 1764 gua
444 1684 867 1759 inspersitetiam
887 1679 1114 1740 semina,
1134 1670 1388 1740 omnique
1413 1663 1682 1734 diligentia
1696 1666 1903 1714 vestras

313 1746 793 1839 :xcoluilanimas.
829 1768 1049 1826 Vidistis
1079 1767 1271 1834 linguae
1303 1758 1585 1830 puritatem
1610 1794 1625 1818 ,
1680 1746 1903 1803 audistis

314 1877 456 1931 bene
482 1878 746 1927 tornatam
791 1854 1320 1923 orationetn,.datum
1354 1857 1437 1903 est
1463 1844 1611 1899 vobis
1640 1854 1776 1911 aqua
1802 1836 1904 1890 frui

315 1968 543 2025 saliente
589 1964 643 2016 in
670 1961 830 2014 vitam
871 1962 1128 2008 aeternam
1156 1966 1169 2002 :
1199 1943 1405 2000 vidistis
1449 1939 1649 1994 fontem
1692 1940 1904 1987 scaten-

318 2072 428 2117 tem
461 2055 635 2114 ﬂuviis
661 2065 850 2106 aurum
880 2059 1071 2118 purum
1093 2035 1472 2096 deferentibus.
1502 2030 1703 2085 Ferunt
1729 2037 1909 2095 quem-

318 2153 445 2207 dam
476 2147 694 2203 ﬂuvium
722 2141 837 2196 auri
865 2144 1108 2192 ramenta
1141 2129 1337 2186 inferre
1362 2123 1555 2179 accolis
1576 2161 1589 2174 .
1623 2133 1726 2173 non
1766 2111 1909 2184 quod

319 2244 439 2315 ejus
467 2254 601 2311 aqua
629 2245 870 2291 naturain
902 2225 1184 2283 auriferam
1208 2220 1417 2280 habeat,
1446 2212 1541 2268 sed
1569 2209 1695 2282 quia
1737 2206 1911 2261 fontes

322 2337 444 2404 ejus
464 2332 709 2386 oriuntur
740 2327 791 2380 in
824 2319 1093 2376 montibus
1116 2309 1399 2369 metallicis
1427 2324 1440 2359 :
1477 2320 1572 2375 per
1597 2314 1693 2357 eos
1724 2297 1912 2353 labens

326 2426 522 2481 ﬂuvius
567 2429 865 2486 arenasqne
893 2409 1111 2466 trahens
1157 2417 1347 2458 aureas
1367 2442 1380 2464 ,
1409 2393 1772 2453 accolentibus
1802 2390 1916 2445 the-

324 2529 521 2574 sauros
542 2510 713 2575 aﬂ‘ert,
742 2480 881 2561 ultro
910 2501 1103 2557 oblatis
1142 2494 1357 2550 divitiis.
1403 2489 1571 2557 Hujus
1602 2482 1835 2539 ﬂuminis
1862 2480 1913 2533 in

330 2622 538 2663 morem
566 2617 736 2673 nuper
780 2598 866 2652 hic
894 2594 1146 2664 magister
1195 2583 1422 2641 labendo
1471 2595 1565 2651 per
1616 2575 1917 2644 Scripturas

331 2710 602 2767 tamquam
628 2699 837 2748 montes
861 2683 1174 2744 metallicos,
1204 2674 1395 2748 quovis
1421 2685 1552 2725 auro
1574 2665 1919 2739 pretiosiores

331 2788 630 2846 sententias
654 2780 831 2838 intulit
859 2774 1050 2831 vestris
1081 2769 1294 2827 animis.
1323 2765 1660 2833 Quapropter
1700 2754 1813 2812 seio
1842 2754 1921 2807 fo-

334 2897 396 2937 re
425 2888 483 2934 ut
507 2883 794 2947 apparatus
817 2876 999 2922 noster
1025 2862 1183 2918 hodie
1230 2857 1382 2911 vobis
1427 2852 1668 2907 videatur
1708 2844 1921 2901 exilior.

334 2970 438 3040 Qui
458 2969 600 3025 enim
627 2977 859 3034 paupere
880 2970 1065 3012 mensa
1096 2950 1349 3007 continue
1378 2944 1592 3009 fruitur,
1640 2939 1686 2993 si
1707 2934 1924 3008 quando

339 3064 480 3119 forte
503 3059 711 3112 fortuna
742 3053 794 3107 in
824 3046 1179 3119 copiosiorem
1206 3036 1471 3099 inciderit,
1530 3047 1654 3087 mox
1683 3028 1750 3082 ad
1805 3040 1927 3097 pro-

339 3161 511 3226 priam
534 3160 784 3206 reversus
811 3151 957 3197 tanto
999 3135 1169 3205 magis
1209 3130 1372 3187 sentit
1395 3128 1511 3197 ejus
1542 3123 1793 3193 inepiam.
1829 3120 1926 3172 At-

342 3209 521 3301 latnen
586 3238 755 3295 nihilo
797 3231 1014 3302 segnius
1057 3224 1351 3281 orationem
1404 3214 1701 3288 aggrediar.
1750 3209 1930 3265 Nostis

341 3336 484 3390 cnint
509 3348 539 3386 a
562 3329 726 3385 Paulo
743 3301 883 3381 docti
901 3317 1216 3382 etsaturari,
1243 3323 1298 3369 et
1320 3311 1544 3374 esurire,
1564 3316 1618 3360 et
1632 3301 1927 3365 abundare,

341 3436 399 3483 et
422 3439 602 3496 egere,
634 3417 817 3475 mirari
846 3415 1058 3476 divites,
1092 3424 1191 3463 nec
1214 3417 1387 3461 tamen
1409 3413 1670 3472 pauperes
1694 3402 1932 3450 content-

345 3486 483 3574 nere
498 3486 758 3586 (Pltllt'pp.
784 3509 838 3563 4.
872 3505 982 3574 12).
1010 3503 1075 3556 Et
1094 3491 1544 3569 quemadmodum
1563 3486 1670 3542 vini
1693 3491 1934 3538 amantes

346 3620 403 3665 et
420 3574 1034 3679 potatorcsdelectantur
1048 3590 1262 3662 quidem
1282 3596 1566 3657 generoso,
1584 3578 1679 3635 sed
1700 3574 1937 3631 deterius

351 3665 458 3757 non
481 3696 798 3752 fastidiunt:
830 3690 907 3743 sic
947 3701 1042 3740 vos
1069 3696 1279 3754 quoque
1308 3678 1398 3747 qui
1450 3670 1706 3742 deperitis
1757 3665 1938 3722 divina

348 3788 585 3860 eloquia,
610 3784 896 3854 magistros
919 3774 1188 3832 doctiores
1232 3766 1504 3838 suscipitis
1523 3803 1539 3830 ,
1569 3762 1640 3815 ita
1672 3768 1850 3813 tamen
1882 3763 1940 3808 ut

352 3897 465 3938 non
493 3878 712 3945 vulgare
752 3870 987 3927 studium
1019 3860 1339 3934 impendatis
1368 3857 1527 3912 etiam
1558 3847 1938 3906 mediocribus.

350 3973 455 4043 Qui
475 3970 616 4026 enim
640 3967 767 4021 luxu
792 3961 1061 4017 difﬂuunt.
1083 3954 1169 4010 vel
1189 3953 1255 4006 ad
1299 3957 1664 4018 sumptuosam
1701 3953 1939 3995 mensam

356 4058 725 4121 nauseabundi
753 4052 1133 4110 discumbunt:
1168 4052 1353 4099 contra
1383 4037 1550 4095 sobrii
1570 4034 1661 4106 qui
1701 4030 1945 4087 esuriunt

355 4175 423 4214 ac
446 4156 634 4211 sitiunt
653 4149 937 4222 justitiam,
958 4145 1042 4197 vel
1064 4140 1132 4195 ad
1165 4149 1450 4209 pauperem
1482 4141 1722 4185 mensam
1754 4135 1945 4192 magna

358 4249 638 4306 alacritate
662 4246 967 4297 accurrunt.
1001 4231 1153 4300 Quod
1184 4238 1362 4283 autem
1390 4225 1505 4278 hate
1532 4235 1637 4275 non
1667 4218 1854 4285 loquar
1879 4211 1945 4265 ad

359 4302 609 4414 gratiam,
642 4336 909 4407 proximo,
940 4340 1102 4398 quem
1134 4336 1303 4390 nuper
1344 4317 1412 4372 ad
1463 4328 1558 4369 vos
1611 4308 1770 4363 habui
1828 4302 1901 4378 (b)
1930 4344 1945 4369 ,

360 4444 618 4491 sermone
647 4426 776 4482 satis
791 4417 1056 4492 apparuit.
1084 4415 1218 4469 Cum
1250 4409 1392 4464 enim
1415 4404 1579 4461 multa
1609 4399 1772 4455 verba
1804 4394 1950 4447 face-

364 4537 549 4582 remus
570 4521 636 4576 de
656 4515 926 4586 conjugio,
950 4510 1205 4565 docentes
1247 4513 1454 4556 merum
1480 4509 1601 4550 esse
1631 4486 1950 4545 adulterium

364 4615 639 4672 dimittere
669 4621 889 4668 uxores,
931 4609 1024 4655 attt
1048 4596 1297 4652 dimissas
1324 4591 1446 4642 vivo
1483 4586 1774 4640 etiamnum
1807 4579 1951 4647 prio-

367 4726 429 4766 re
477 4705 672 4763 marito
723 4701 961 4760 ducere,
1001 4693 1463 4761 allegaremusque
1503 4679 1673 4747 legem
1719 4673 1788 4727 ab
1839 4671 1955 4739 ipso

368 4802 590 4860 Christo
618 4798 797 4858 latam,
819 4791 907 4844 tibi
930 4787 1127 4841 diserte
1150 4780 1358 4849 legitur,
1390 4773 1487 4841 Qui
1508 4769 1767 4823 dimissam
1793 4761 1952 4827 ducit,

372 4890 636 4951 committit
665 4883 990 4946 adulterium,
1036 4887 1080 4930 et
1109 4875 1195 4944 qui
1236 4879 1416 4940 printer
1441 4862 1604 4934 stupri
1643 4874 1848 4913 causam
1874 4855 1955 4906 di-

373 4947 529 5043 mittit
547 4997 777 5042 uxorem,
793 4976 913 5040 facit
929 4988 1040 5026 eam
1059 4966 1340 5021 adulterant
1365 4956 1577 5030 (Matth.
1591 4954 1643 5008 5.
1660 4951 1774 5020 '52),
1792 4947 1962 5001 anim-

373 5078 582 5139 adverti
614 5074 808 5130 tnultos
845 5066 1081 5123 demisso
1125 5058 1298 5125 capite
1342 5051 1549 5107 caidere
1597 5046 1696 5099 sibi
1750 5043 1960 5105 facient,

375 5190 441 5229 ac
472 5186 542 5226 ne
562 5166 764 5221 vultum
794 5158 1010 5230 quidem
1042 5165 1198 5223 posse
1236 5144 1482 5199 attollere
1511 5157 1523 5192 :
1555 5137 1621 5193 ad
1652 5132 1793 5204 quod
1842 5144 1962 5198 spe-

378 5261 649 5319 ctaculum
677 5251 899 5307 sublatis
920 5248 971 5300 itt
1002 5241 1190 5297 caelum
1223 5235 1412 5297 oculis,
1443 5227 1759 5283 Benedictus
1784 5263 1799 5285 ,
1830 5218 1962 5280 dixi,

383 5358 549 5417 Deus,
578 5346 721 5419 quod
740 5359 845 5397 ttott
876 5334 1099 5393 mortuis
1121 5329 1468 5384 inclamemus
1483 5319 1718 5381 auribus,
1737 5313 1830 5368 sed
1871 5328 1967 5364 tto-

447 5512 524 5573 (a)
555 5507 733 5558 collata
756 5504 996 5573 cumyss.
1012 5490 1223 5565 t‘iolbert.
1238 5485 1331 5535 970
1340 5488 1399 5555 et
1424 5478 1623 5555 10.30,in
1638 5470 1972 5573 qulbusdeest

972 5554 1133 5573 ama-
1159 5557 1305 5573 -.ι-...ι
1337 5560 1385 5573 ,η
1410 5544 1504 5573 vdit
1553 5548 1652 5573 ειη-ι
1678 5571 1689 5573 μ
1719 5549 1730 5573 2
1757 5539 1969 5573 animum

384 5539 524 5630 ξιιιὶῧῖ
550 5539 1137 5630 perinde
1158 5557 1306 5611 atque
1337 5547 1387 5594 in
1410 5544 1527 5630 Egit.
1553 5539 1691 5630 Silvii.
1719 5549 1731 5584 :
1757 5539 1970 5630 attatn'en

957 5620 1005 5630 _..
1028 5616 1067 5630 ._
1100 5614 1145 5630 ε--
1185 5609 1353 5630 ..-ηειλ
1490 5616 1546 5630 m.
1599 5613 1677 5630 ιιηι
1713 5607 1860 5630 natura
1929 5605 1970 5630 tn

385 5592 523 5630 ιιιω,
550 5592 671 5621 Laus
688 5592 906 5619 muas-ru,
931 5592 1009 5622 .w-
1023 5592 1136 5603 ...υ-ν
1158 5592 1304 5611 ..-1._-
1340 5592 1385 5594 νγ
1929 5592 1939 5602 ⁸

385 5626 931 5701 εθιιυὶηιιηιβιῇξῐὶῳρτ
956 5609 1372 5701 τςδέοιιὶῑο.
1413 5601 1678 5654 Admodum
1713 5607 1862 5661 pauca
1894 5593 1972 5641 lue

386 5674 931 5749 mar-unt'lectionum
948 5674 1244 5749 discrimina.

561 5729 996 5818 Ξιῖὸὲζιῖὀᾶιῖίζαθ
1020 5734 1186 5788 libello
1207 5729 1413 5794 repudii.

2005 1209 2116 1253 stra
2141 1198 2301 1253 verba
2327 1197 2675 1253 vehementer
2700 1205 2919 1267 tangant
2947 1195 3250 1253 auditorum
3277 1212 3504 1255 ammos.

2110 1291 2503 1360 Justiﬁcationis
2562 1307 2681 1361 pars
2748 1298 3007 1361 peccatum
3071 1291 3334 1345 damnare.
3395 1289 3597 1344 Mature

2005 1385 2069 1438 de
2130 1385 2321 1454 nuptiis
2380 1383 2781 1438 deliberandum.
2836 1412 2906 1423 —
2955 1382 3139 1437 Satius
3184 1382 3402 1453 quidem
3453 1392 3598 1437 esset

2006 1477 2225 1533 omnino
2272 1492 2300 1530 a
2350 1475 2623 1547 peccando
2671 1474 2981 1539 abstinere,
3024 1490 3130 1528 non
3174 1490 3393 1544 parvum
3418 1482 3596 1529 tamen

2007 1570 2074 1625 ad
2102 1570 2328 1624 salutem
2353 1577 2681 1621 momentum
2708 1572 2812 1631 est,
2868 1565 3104 1637 agnitum
3137 1574 3413 1634 peccatum
3444 1564 3597 1620 dam-

2010 1679 2160 1728 nare,
2208 1671 2263 1717 et
2313 1660 2577 1731 castigare
2627 1658 2913 1728 diligenter
2954 1657 3370 1723 conscientiam,
3418 1665 3603 1727 utpote

2010 1771 2131 1810 cum
2182 1753 2283 1808 hoc
2322 1753 2495 1822 ipsum
2560 1749 2961 1820 justifieationis
3001 1763 3124 1818 pars
3152 1747 3264 1812 sit,
3318 1755 3373 1802 et
3427 1748 3602 1817 impo-

2013 1856 2214 1901 sterunt
2264 1860 2296 1900 a
2351 1841 2621 1915 peccando
2662 1851 2862 1896 arceat.
2917 1841 3051 1896 lline
3102 1849 3186 1895 est
3242 1838 3387 1910 quod
3444 1839 3603 1895 etiam

2015 1939 2212 1993 Paulus
2261 1951 2378 2001 eos,
2428 1935 2517 2006 qui
2563 1944 2960 2005 peccaverant,
3015 1933 3362 1988 contristatos
3420 1931 3606 1988 videns

2015 2027 2315 2099 gaudebat,
2348 2042 2452 2081 non
2492 2026 2563 2082 ob
2614 2040 2801 2082 eorum
2848 2024 3154 2089 tristitiam,
3195 2022 3293 2079 sed
3332 2022 3476 2093 quod
3514 2035 3607 2093 per

2018 2120 2156 2175 hanc
2200 2118 2538 2173 occasionem
2584 2118 2814 2173 correcti
2864 2125 3063 2172 essent.
3117 2114 3362 2183 Gaudeo,
3412 2114 3605 2185 inquit,

2018 2229 2117 2266 non
2144 2212 2280 2283 quod
2305 2212 2587 2265 contristati
2609 2210 2826 2280 fueritis,
2877 2209 2966 2265 sed
3005 2210 3140 2280 quod
3189 2208 3477 2263 contristati
3502 2208 3611 2262 sitis

2019 2304 2087 2356 ad
2116 2303 2457 2372 paenitentiam
2483 2318 2503 2357 :
2533 2319 2649 2355 nam
2675 2302 2762 2370 qui
2787 2300 3062 2355 secundum
3091 2299 3256 2353 Deum
3298 2309 3370 2352 est
3420 2297 3566 2352 dolor
3589 2335 3609 2362 ,

2020 2396 2063 2448 is
2091 2395 2431 2463 paenitentiam
2461 2393 2529 2447 ad
2570 2393 2783 2447 salutem
2818 2408 2919 2445 non
2945 2390 3151 2444 dubiam
3177 2390 3313 2461 parit
3363 2387 3456 2459 (Ξ.
3491 2387 3611 2442 Cor.

2022 2486 2075 2539 7.
2107 2485 2160 2541 9.
2198 2484 2308 2555 lO).
2340 2484 2480 2553 Ergo
2504 2484 2617 2538 sive
2661 2483 2889 2552 propriis
2914 2524 2931 2548 ,
2971 2484 3088 2537 sive
3136 2481 3329 2536 alienis
3379 2479 3612 2550 peccatis

2025 2588 2151 2632 tunc
2181 2576 2506 2641 indoluistis,
2533 2574 2737 2645 ingenti
2760 2548 2925 2627 laude
2952 2572 3082 2627 estis
3126 2548 3450 2642 dignissimi.
3480 2548 3611 2623 Nam

2025 2678 2082 2723 et
2096 2668 2185 2739 qui
2212 2683 2308 2738 pro
2324 2666 2517 2722 alienis
2536 2663 2704 2732 dolet,
2729 2663 3021 2737 apostolica
3043 2677 3152 2731 prae
3175 2675 3237 2718 se
3260 2659 3369 2716 fert
3388 2658 3614 2725 viscera,

2027 2771 2081 2816 et
2110 2762 2322 2815 beatum
2354 2759 2504 2812 illum
2537 2757 2795 2821 imitatur,
2822 2756 3117 2818 dicentem,
3150 2753 3276 2819 Quis
3298 2752 3612 2821 inﬁrmatur,

2029 2863 2075 2905 et
2101 2868 2191 2923 ego
2218 2867 2317 2904 non
2341 2848 2617 2919 inﬁrmor.’
2664 2848 2776 2927 quis
2801 2845 3220 2910 scandalizatur,
3272 2854 3324 2898 ct
3373 2860 3466 2912 ego
3520 2858 3620 2897 non

2030 2943 2268 3016 πνοι-(2.
2306 2942 2422 2998 Cor.
2469 2944 2555 2997 ll.
2585 2939 2718 3013 29)?
2767 2941 2834 2996 Et
2876 2940 2967 3009 qui
3012 2937 3243 3008 propriis
3289 2936 3571 2991 mordetur
3600 2973 3616 3002 ,

2032 3037 2264 3093 debitam
2291 3033 2581 3090 sceleribus
2602 3033 2713 3115 suis
2740 3045 2951 3100 poenam
2975 3028 3261 3094 exstinxit,
3285 3036 3340 3082 et
3367 3041 3461 3096 per
3481 3026 3624 3082 hunc

2034 3129 2274 3185 dolorem
2307 3128 2358 3181 in
2381 3126 2617 3180 futurum
2646 3139 2706 3179 se
2736 3122 3050 3179 cautiorem
3098 3118 3352 3175 reddidit.
3402 3117 3513 3173 Hac
3555 3116 3624 3172 do

2034 3236 2192 3277 causa
2216 3233 2316 3290 ego
2355 3231 2567 3288 quoque
2595 3231 2716 3271 cum
2744 3214 2980 3269 viderem
3006 3228 3103 3267 vos
3133 3212 3372 3268 demisso
3400 3210 3577 3281 capite
3604 3249 3622 3271 .

2037 3324 2419 3385 gementesque
2440 3320 2495 3366 et
2520 3308 2803 3364 tundentes
2826 3304 3041 3371 faciem,
3072 3303 3287 3375 gavisus
3337 3316 3456 3357 sunt
3482 3301 3629 3371 eogi«

2042 3417 2161 3462 tans
2180 3414 2408 3476 quantus
2435 3404 2504 3457 sit
2532 3400 2735 3455 fructus
2762 3399 2879 3467 ejus
2903 3397 3153 3451 tristitie.
3198 3394 3316 3462 Quo
3364 3392 3423 3446 lit
3472 3400 3531 3446 ut
3576 3398 3627 3445 et

2043 3499 2201 3554 hodie
2245 3498 2384 3552 idem
2414 3501 2790 3564 argumentum
2835 3498 3064 3547 tractare
3114 3487 3314 3550 libeat,
3365 3492 3423 3537 ut
3440 3482 3631 3552 quibur

2043 3590 2189 3646 cordi
2232 3594 2358 3643 sunt
2386 3585 2605 3655 nuptiaa,
2635 3591 2842 3636 mature
2862 3580 2929 3634 de
2954 3578 3059 3633 hoc
3082 3576 3297 3647 negotio
3315 3571 3614 3629 deliberent

2045 3684 2100 3739 Si
2126 3682 2270 3738 enim
2292 3680 2511 3735 domum
2535 3674 2766 3745 empturi
2787 3680 2879 3726 aut
2898 3669 3184 3740 mancipia,
3211 3666 3425 3725 curiose
3451 3664 3626 3721 consi-

2046 3773 2299 3828 deramus
2331 3779 2440 3823 tum
2458 3765 2788 3827 venditores,
2818 3770 2929 3816 tum
2956 3760 3169 3831 priores
3196 3755 3466 3819 dominos,
3491 3753 3634 3823 ipso.

2051 3878 2168 3920 rum
2209 3874 2423 3932 quoque
2461 3856 2729 3912 venalium
2774 3863 2882 3908 tam
2928 3849 3172 3921 corporis
3224 3845 3590 3902 habitudinem
3619 3884 3637 3911 ,

2050 3972 2208 4028 quam
2232 3953 2464 4009 indolem
2491 3949 2689 4004 animi:
2723 3955 2925 4019 quanto
2953 3943 3122 4014 magis
3144 3939 3533 4011 dispiciendum
3559 3946 3641 3994 est

2050 4054 2117 4108 de
2144 4051 2319 4106 futura
2338 4043 2605 4116 conjuge?
2631 4043 2859 4097 Domum
2885 4037 3052 4102 enim,
3073 4036 3122 4091 si
3142 4034 3331 4089 vitiosa
3351 4032 3458 4097 sit,
3513 4028 3640 4085 licet

2051 4145 2228 4199 denuo
2258 4137 2491 4194 vendere
2509 4175 2526 4201 ,
2554 4134 2696 4189 sicut
2723 4141 2779 4187 et
2806 4143 3021 4185 servum
3052 4138 3283 4196 nequam
3310 4126 3642 4191 compertum

2055 4235 2322 4294 venditori
2360 4232 2687 4289 restituere:
2714 4239 2939 4282 uxorem
2984 4235 3114 4277 vero
3157 4216 3328 4275 semel
3371 4220 3645 4282 acceptam

2057 4344 2163 4386 non
2194 4329 2321 4381 item
2348 4323 2425 4378 fas
2450 4329 2533 4377 est
2551 4334 2583 4374 a
2611 4317 2802 4388 quibus
2823 4311 3095 4383 acceperis
3121 4306 3384 4363 reddere:
3415 4301 3512 4359 sed
3541 4316 3644 4356 ne-

2057 4433 2210 4476 cesse
2235 4425 2319 4471 est
2349 4413 2404 4467 in
2429 4418 2746 4482 perpetuum
2783 4419 2903 4461 eam
2938 4401 3080 4457 domi
3112 4398 3330 4463 habere,
3361 4394 3465 4450 ttisi
3494 4392 3648 4448 malis

2059 4527 2121 4567 ea
2154 4518 2213 4564 ut
2239 4502 2480 4574 improba
2504 4500 2675 4570 ejecta
2705 4510 2833 4551 reus
2857 4489 3105 4549 adulterii
3128 4488 3277 4557 juxta
3308 4485 3480 4554 legem
3505 4482 3649 4536 divic

2063 4617 2186 4659 nam
2213 4598 2349 4654 lleri.
2381 4592 2606 4663 Quando
2649 4589 2810 4660 igitur
2831 4598 3052 4642 uxorem
3083 4580 3342 4636 ducturus
3387 4589 3448 4631 es
3476 4615 3493 4641 ,
3542 4587 3649 4628 non

2062 4696 2234 4753 solum
2255 4689 2410 4747 civile
2433 4688 2541 4757 jus,
2572 4695 2757 4739 verum
2784 4679 2945 4735 etiam
2971 4670 3394 4731 ecclesiasticum
3442 4666 3602 4736 legito
3635 4684 3647 4719 :

2066 4802 2189 4843 nam
2214 4780 2511 4840 secundum
2532 4777 2653 4840 hoc,
2672 4786 2781 4827 non
2809 4767 2958 4831 illud,
2976 4774 3214 4821 extrema
3234 4761 3323 4817 die
3332 4758 3652 4827 iudicandus

2066 4895 2097 4935 a
2148 4878 2257 4932 Deo
2299 4880 2359 4928 es
2384 4886 2399 4925 :
2429 4877 2485 4924 et
2529 4866 2624 4921 illo
2649 4866 2959 4928 contempto
2987 4865 3361 4925 saepenumero
3409 4845 3653 4918 pecuniis

2069 4977 2272 5026 tantum
2305 4958 2667 5022 muletaberis,
2696 4954 2800 5009 ltoc
2827 4960 3004 5009 autem
3024 4946 3229 5002 calcato
3256 4943 3309 5003 in
3326 4940 3515 4997 anima:
3527 4952 3655 5008 sup-

2069 5059 2284 5132 plicium
2311 5051 2513 5109 incides
2540 5057 2595 5103 et
2615 5048 2787 5117 ignem
2815 5035 3328 5108 inesstinguibiletn.

2140 5152 2194 5205 2.
2237 5147 2316 5202 Τυ
2343 5158 2468 5198 vero
2509 5150 2727 5195 uxorem
2769 5134 3024 5187 ducturus
3067 5125 3272 5184 externi
3299 5120 3436 5195 juris
3457 5117 3652 5188 peritoi

2073 5244 2352 5312 diligenter
2376 5231 2631 5294 consulis,
2663 5236 2718 5282 et
2759 5224 2878 5279 illos
2920 5220 3260 5289 frequentans
3289 5209 3518 5269 sollicite
3542 5206 3661 5262 dis.

2075 5295 2263 5404 qui:is,
2288 5326 2411 5398 quid
2444 5326 2673 5379 futurum
2704 5317 2794 5382 sit,
2826 5313 2869 5368 si
2915 5326 2977 5366 ea
3012 5305 3236 5364 decedat
3273 5300 3430 5357 nullis
3461 5295 3669 5352 relictis

2077 5389 2278 5486 liberis,
2297 5389 2422 5489 quid
2445 5416 2492 5470 si
2514 5414 2675 5467 filiuni
2698 5407 2983 5475 relinquat,
3001 5396 3125 5470 quid
3146 5396 3273 5450 item
3294 5391 3340 5446 si
3360 5389 3465 5444 duo
3483 5395 3662 5442 tresve

2078 5517 2277 5575 fuerint
2306 5506 2619 5580 superstites
2639 5544 2654 5569 ,
2689 5511 2798 5555 tum
2819 5491 3086 5568 quomodo
3112 5488 3236 5543 vivo
3261 5491 3413 5557 patre
3439 5491 3537 5537 suo
3563 5475 3663 5533 de-

2081 5610 2325 5664 functove
2351 5600 2509 5656 rebus
2537 5594 2647 5650 suis
2674 5603 2834 5646 usura
2864 5587 2964 5650 sit,
2996 5588 3249 5652 quantum
3270 5590 3335 5631 cx
3360 5572 3476 5641 ejus
3502 5565 3666 5639 patri-

2081 5697 2260 5755 monio
2296 5691 2507 5756 marito,
2540 5690 2793 5753 quantum
2837 5672 3101 5731 fratribus
3133 5663 3369 5733 mulieris
3407 5664 3661 5723 obvenirc
