4058 6258
466 300 570 354 ⁸227

462 415 654 468 debeat
682 430 694 465 :
725 411 936 482 quando
963 411 1086 465 item
1116 410 1360 464 universa
1390 409 1570 463 uxoris
1597 407 1734 462 bona
1766 405 2042 462 retinenda

460 505 588 567 sint,
616 513 686 557 ita
713 515 765 556 ut
791 499 918 556 nihil
951 517 1016 556 ex
1057 501 1134 556 eis
1169 500 1258 554 alii
1293 500 1692 555 concedendum
1718 500 1807 566 sit,
1837 501 2050 570 quando

463 608 644 652 contra
674 595 967 651 cedendum
996 595 1240 649 omnibus
1269 612 1282 647 ε
1307 595 1516 664 aliaque
1541 594 1732 648 similia
1765 602 2046 664 perconta-

463 692 537 745 ris
560 690 839 752 curiosius,
874 689 1048 744 modis
1073 690 1319 744 omnibus
1345 689 1780 758 circumspiciens
1819 705 1886 743 ne
1925 690 2049 758 quid

461 800 523 836 ex
550 784 728 837 ttmris
758 783 910 838 bouis
939 783 1002 837 ad
1031 793 1251 852 agnatos
1277 784 1443 852 ipsius
1473 784 1674 848 redeat,
1704 785 1968 854 quamvis,
1994 793 2051 836 ut

457 876 566 943 jam
594 874 724 939 dixi,
749 874 792 928 si
813 874 937 941 quid
962 883 1152 943 praeter
1179 876 1480 943 opinionem
1500 874 1772 940 acciderit,
1797 874 2047 928 damnum

463 975 512 1019 te
555 973 808 1034 sequatur
849 973 1051 1018 tantum
1095 966 1475 1034 pecuniarum;
1516 973 1748 1019 attamen
1792 965 1924 1019 nihil
1957 965 2050 1019 ho-

458 1074 576 1112 rum
605 1058 921 1112 contemnis.
956 1059 1035 1112 An
1068 1073 1171 1111 non
1197 1057 1484 1113 absurdum
1519 1057 1748 1124 videtur,
1779 1073 1900 1113 cum
1933 1065 2050 1111 tau-

465 1159 569 1204 tam
620 1154 875 1202 rationem
923 1148 1212 1203 habeamus
1246 1149 1513 1219 pecunize,
1544 1149 1734 1202 anima:
1759 1148 2049 1217 periculum

459 1252 512 1294 et
555 1240 875 1294 reddendam
909 1241 959 1294 in
998 1241 1084 1294 illa
1123 1240 1208 1294 die
1247 1241 1506 1294 rationem
1534 1250 1898 1307 contemnere,
1925 1256 2045 1295 cum

461 1330 549 1386 hic
581 1332 912 1402 potissimum
944 1347 1069 1386 cura
1093 1330 1389 1384 adhibemla
1417 1330 1518 1383 sit?

533 1424 731 1479 Paulus
755 1425 1064 1478 matrimonii
1091 1424 1220 1494 leges
1252 1423 1546 1493 praescribit.
1586 1421 1782 1477 Uxores
1800 1423 2048 1493 quomodo

459 1520 751 1590 diligenda.
781 1548 850 1558 —-
878 1517 1000 1572 ideo
1030 1532 1222 1572 uxores
1252 1517 1487 1570 ductoris
1518 1516 1718 1570 suadeo
1744 1527 1804 1572 ut
1839 1525 2049 1571 beatum

464 1611 682 1664 Paulum
707 1611 931 1676 adeant,
970 1621 1023 1664 et
1059 1610 1202 1679 leges
1230 1609 1368 1679 apud
1395 1624 1514 1662 cum
1544 1609 1610 1662 de
1639 1609 1887 1678 conjugio
1913 1609 2046 1664 scri-

465 1711 581 1770 ptas
608 1701 900 1771 pet-legant,
931 1701 1248 1771 cognitoque
1284 1701 1428 1770 prius
1454 1699 1594 1770 quod
1633 1700 1723 1754 ille
1757 1711 1935 1755 censet
1977 1702 2052 1754 fa-

460 1797 730 1861 ciendum,
761 1797 805 1851 si
835 1812 967 1851 uxor
994 1796 1263 1865 contingat
1293 1795 1553 1850 malitiosa
1581 1805 1672 1848 aut
1699 1795 1821 1849 vino
1849 1794 2046 1860 dedita,

461 1888 506 1941 si
532 1889 790 1942 maledica
815 1897 905 1941 aut
934 1888 1075 1942 fatua
1102 1888 1329 1942 similive
1353 1887 1581 1941 obnoxia
1615 1886 1742 1940 vitio
1765 1929 1780 1953 ,
1813 1897 1921 1940 tum
1952 1887 2050 1941 de-

462 1993 606 2030 mum
645 1978 713 2032 de
755 1979 950 2048 nuptiis
987 1977 1238 2048 cogitent.
1289 1977 1344 2033 Si
1395 1979 1535 2032 enim
1583 1977 1778 2032 videris
1805 1994 1928 2032 eum
1958 1979 2048 2032 tibi

461 2069 769 2137 permittere
793 2069 844 2122 in
870 2083 977 2124 uno
1007 2069 1194 2138 quovis
1233 2069 1319 2122 tali
1356 2069 1482 2122 vitio
1523 2067 1912 2138 deprehensam
1954 2084 2049 2123 ex-

461 2141 661 2228 pellere
685 2160 863 2226 domo,
897 2171 949 2215 et
982 2161 1138 2214 aliam
1178 2175 1272 2230 pro
1307 2160 1391 2213 illa
1434 2159 1790 2226 introducere,
1821 2168 1878 2212 ut.
1900 2169 2049 2214 extra

461 2251 751 2320 periculum
780 2251 1100 2306 constitutus
1130 2252 1270 2305 bono
1295 2259 1410 2306 esto
1439 2251 1637 2305 animo.
1678 2250 1829 2318 Quod
1864 2251 1906 2304 si
1949 2249 2052 2304 huc

459 2359 562 2399 non
591 2345 748 2409 sinat,
787 2345 881 2400 sed
923 2345 1106 2414 jubeat
1147 2343 1517 2413 quodcumque
1546 2352 1736 2412 pra-ter
1767 2342 2042 2413 impudici-

458 2437 584 2489 tiam
635 2437 822 2491 vitium
877 2436 1162 2490 habentem
1213 2435 1465 2505 diligere,
1510 2434 1733 2488 ohfirma
1789 2435 2045 2499 animum,

456 2527 608 2597 quasi
639 2528 840 2582 laturus
866 2527 1156 2597 quamlibet
1174 2527 1290 2594 ejus
1314 2525 1621 2594 nequitiam.
1654 2525 1745 2579 Sin
1771 2525 1872 2579 hoc
1891 2540 2050 2594 grave

458 2617 667 2672 videtur
690 2627 742 2672 et
773 2617 1130 2681 intolerabile,
1153 2631 1366 2670 omnem
1395 2631 1575 2669 curam
1607 2614 1800 2668 adhibe
1827 2624 1882 2668 ut
1904 2629 2050 2668 com-

459 2707 693 2774 modam,
723 2708 892 2778 mquis
938 2707 1174 2761 moribus
1220 2704 1531 2776 praeditam,
1577 2714 1628 2760 et
1668 2704 2046 2774 obsequentem

459 2815 679 2856 uxorem
702 2799 865 2855 ducas
891 2841 907 2866 ,
940 2808 1118 2855 certus
1146 2797 1307 2868 quod,
1331 2799 1375 2854 si
1407 2798 1597 2852 malam
1629 2797 1862 2864 duxeris,
1888 2800 2050 2853 alter-

457 2901 633 2948 utrum
679 2892 981 2948 necessario
1028 2891 1288 2962 sequitur,
1319 2899 1376 2944 ut
1420 2899 1509 2943 aut
1557 2887 1697 2943 feras
1742 2898 2047 2958 perpetuam

457 2985 778 3050 molestiam,
807 2993 896 3038 aut
933 2985 978 3039 si
1027 2983 1128 3038 hoc
1170 2983 1328 3050 nolis,
1362 2981 1532 3052 ejecta
1565 2981 1648 3036 illa
1680 2997 1802 3037 reus
1834 2983 1930 3036 tias
1956 2982 2053 3036 ad-

459 3075 654 3130 ulterii.
703 3075 805 3143 Qui
840 3077 971 3130 enim
1007 3075 1140 3144 ejicit
1181 3090 1410 3138 uxorem,
1445 3074 1643 3144 inquit,
1672 3072 1858 3144 absque
1895 3091 2050 3129 causa

458 3168 837 3236 fornicationis,
867 3169 986 3239 facit
1012 3184 1122 3222 eam
1148 3166 1431 3220 adulteram
1463 3183 1481 3220 :
1505 3175 1549 3220 et
1573 3167 1660 3236 qui
1687 3167 1760 3220 sic
1789 3165 2048 3220 dimissam

457 3259 617 3323 ducit,
639 3258 902 3311 committit
924 3257 1226 3310 adulterium
1257 3256 1464 3327 (Matth.
1489 3257 1540 3310 5.
1563 3254 1673 3325 '52).
1711 3256 1832 3310 llaec
1858 3258 1901 3310 si
1927 3267 2052 3313 ante

457 3349 670 3419 nuptias
707 3358 852 3403 recte
893 3347 1281 3417 dispexerimus
1301 3387 1315 3413 ,
1354 3355 1408 3402 et
1437 3347 1584 3416 leges
1613 3347 1708 3400 has
1734 3350 2047 3416 cognoveri-

459 3455 599 3507 mus,
627 3439 870 3494 dabimus
893 3454 1112 3508 operam
1151 3446 1207 3492 ut
1247 3438 1315 3491 ab
1355 3437 1504 3491 initio
1531 3446 1706 3506 aptam
1730 3447 1780 3491 et
1809 3438 2048 3492 moribus

459 3531 655 3586 nostris
693 3530 1094 3585 convenientem
1140 3528 1392 3583 ducamus
1424 3544 1439 3581 :
1466 3543 1572 3598 quo
1617 3527 1754 3582 iacto
1793 3543 1900 3582 non
1947 3529 2050 3583 hoc

459 3629 663 3675 tantum
697 3621 1037 3685 lucrabimur,
1081 3619 1223 3688 quod
1267 3634 1384 3673 eam
1427 3634 1714 3689 numquam
1751 3619 2046 3688 ejiciemus,

455 3712 551 3766 sed
579 3726 772 3781 magno
796 3711 955 3765 etiam
984 3710 1175 3766 aﬂ'ectu
1205 3725 1322 3765 eam
1354 3710 1638 3780 diligemus
1657 3751 1672 3777 ,
1702 3710 2049 3779 quemadmo-

455 3803 582 3858 dum
611 3804 802 3858 Paulus
827 3803 1086 3877 praacipit.
1111 3802 1243 3858 Cum
1272 3805 1412 3859 enim
1445 3804 1703 3859 dixisset:
1734 3802 1838 3856 Viri
1865 3820 2048 3858 uxores

456 3895 670 3966 diligant
695 3893 909 3966 (Ep/tes.
944 3895 995 3950 5.
1025 3896 1120 3965 25)
1146 3913 1158 3948 :
1185 3911 1290 3950 non
1317 3895 1405 3950 hic
1429 3897 1689 3963 constitit,
1709 3896 1800 3950 sed
1831 3897 2044 3951 modum

456 3987 615 4040 etiam
643 3988 841 4041 amoris
874 3987 1172 4056 praefinivit.
1209 3986 1300 4058 [At
1322 4003 1478 4056 quem
1503 3988 1756 4042 tandem?
1793 3987 1896 4042 Viri
1929 3990 2048 4043 dili—

455 4081 556 4149 gite
584 4095 786 4133 uxores.
833 4080 930 4133 Dic
968 4078 1274 4147 quomodo?
1312 4094 1469 4148 quem
1498 4079 1625 4132 mihi
1654 4079 1903 4149 diligendi
1935 4096 2050 4134 mo-

455 4171 582 4224 dum
609 4170 942 4239 praescribis?
966 4168 1065 4238 (a)]
1112 4168 1260 4222 Sicut
1298 4179 1344 4222 et
1379 4167 1608 4222 Christus
1645 4169 1821 4222 dilexit
1865 4169 2045 4224 Eccle-

457 4264 606 4314 siam.
656 4261 724 4314 Et
765 4259 1053 4330 quomodo,
1093 4274 1310 4328 qua-so,
1341 4259 1584 4313 Christus
1630 4259 1852 4315 dilexit?
1881 4261 1966 4316 Ita
1995 4273 2048 4317 ut

457 4353 777 4422 semetipsum
807 4368 898 4420 pro
939 4369 1002 4406 ea
1041 4351 1273 4406 traderet.
1325 4351 1502 4421 Itaque
1533 4352 1738 4406 etiamsi
1776 4353 1909 4407 mori
1950 4370 2047 4424 pro

461 4460 624 4500 uxore
664 4453 934 4514 oporteat,
978 4459 1308 4513 nequaquam
1352 4444 1806 4514 tergiversaberis.
1838 4445 1968 4499 Nam
2000 4447 2043 4500 si

459 4537 716 4592 Dominus
743 4550 949 4590 servam
982 4536 1050 4588 ita
1077 4533 1284 4600 dilexit,
1308 4543 1365 4588 ut
1391 4544 1562 4588 semet
1588 4551 1683 4603 pro
1705 4550 1765 4588 ea
1791 4536 2042 4602 traderet,

458 4627 625 4681 multo
650 4626 817 4696 magis
840 4640 1153 4680 conservam
1184 4633 1397 4693 Oportet
1424 4625 1502 4679 sic
1525 4623 1690 4695 diligi.
1731 4626 1837 4680 Sed
1863 4627 2046 4681 videa-

457 4732 599 4782 mus,
633 4731 699 4770 ne
729 4715 864 4770 forte
894 4715 1228 4784 pulchritudo
1254 4730 1464 4784 sponsa:
1489 4725 1582 4768 aut
1609 4716 1858 4785 praeclara
1889 4717 2043 4771 indo-

461 4809 540 4862 les
562 4821 815 4877 sponsum
845 4806 1140 4859 attraxerit.
1185 4805 1262 4859 Ne
1291 4805 1390 4859 hoc
1418 4804 1631 4873 quidem
1654 4805 1831 4860 dicere
1861 4821 2044 4874 possu-

459 4913 596 4952 mus.
631 4898 780 4964 Quod
804 4898 945 4951 enim
971 4897 1227 4951 deformis
1255 4910 1318 4950 ac
1338 4894 1541 4965 impura
1575 4895 1751 4960 fuerit,
1779 4896 1899 4949 audi
1927 4912 2044 4966 quae

457 4991 707 5060 deinceps
735 5001 1023 5058 sequantur
1091 4987 1220 5042 Nam
1259 5003 1379 5041 cum
1421 4987 1668 5053 dixisset,
1700 4986 1934 5041 Tradidit
1962 5006 2042 5043 se-

457 5082 623 5154 ipsum
651 5097 742 5148 pro
771 5096 851 5145 ea,
883 5094 1003 5133 mox
1034 5079 1332 5148 subjunxit,
1363 5077 1430 5133 Ut
1454 5079 1788 5147 sanctiﬁcaret
1813 5097 1922 5133 eam
1947 5098 2040 5149 pu-

455 5172 707 5240 riﬁcatam
747 5173 946 5224 lavacro
975 5187 1120 5240 aqua
1155 5169 1313 5240 (ibid.
1346 5188 1393 5225 υ.
1424 5170 1552 5242 26).
1603 5172 1737 5226 Cum
1763 5183 1937 5227 autem
1965 5173 2046 5227 di-

454 5263 528 5318 cit
555 5263 906 5334 puriﬁcatam,
941 5263 1172 5317 ostendit
1212 5263 1472 5332 impuram
1497 5271 1620 5317 ante
1647 5261 1811 5317 fuisse
1835 5273 1887 5318 et
1911 5279 2040 5318 con.

457 5354 789 5418 taminatam,
825 5354 983 5424 idque
1012 5368 1117 5407 non
1146 5351 1350 5422 vulgari
1395 5352 1720 5421 impuritate,
1751 5353 1844 5408 sed
1890 5355 2044 5424 longe

458 5445 708 5511 maxima,
743 5454 799 5498 ut
825 5462 943 5514 quae
975 5445 1161 5500 nidore
1192 5459 1256 5498 ac
1277 5443 1423 5498 fumo
1451 5459 1748 5515 cruorcque
1776 5461 1896 5499 cum
1927 5447 2044 5502 aliis

462 5535 508 5590 id
551 5552 718 5606 genus
759 5538 1049 5594 innumeris
1081 5537 1334 5594 sordebat
1363 5537 1604 5593 maculis.
1652 5539 1901 5594 Attamen
1937 5555 2041 5594 non

513 5670 591 5785 δα)
625 5678 751 5729 Haec,
777 5685 886 5734 quae
910 5673 1098 5726 uncinis
1123 5671 1426 5734 clauduntur,
1447 5675 1497 5723 in
1520 5680 1680 5724 Graeco
1706 5687 1799 5723 non
1827 5680 2040 5736 exstant,

569 5736 815 5785 lnterpres
838 5732 979 5785 lenit.

456 5732 546 5785 sed
569 5732 815 5796 Interpres
838 5732 979 5798 legit.

1204 299 1262 354 S.
1300 295 1578 354 JOANNIS
1615 292 2085 353 CilIlYSOSTOIdI
2124 291 2444 355 ARCHIEP.
2485 297 3020 358 CONSTANTINOP.

3621 308 3737 363 2‘13

2156 421 2432 465 aversatus
2455 420 2538 467 est
2565 411 2680 482 ejus
2703 413 3116 482 deformitatem,
3149 415 3243 472 sed
3269 417 3665 475 transformavit
3689 425 3745 476 iu

2159 501 2431 557 meliorem
2472 502 2660 560 faciem
2702 507 2940 562 remissis
2967 510 3198 577 peccatis
3229 510 3486 580 pristinis.
3512 512 3661 570 Hunc
3690 529 3745 570 et

2160 602 2211 645 tu
2235 593 2460 649 imitare.
2492 595 2605 649 Etsi
2637 597 2918 665 plurinmm
2959 601 3009 652 in
3057 609 3106 655 te
3143 617 3278 655 uxor
3315 608 3632 672 peccaverit,
3660 617 3750 662 to-

2159 692 2266 736 tum
2304 684 2352 740 ei
2395 686 2606 741 remitte
2633 696 2687 742 et
2710 688 2951 744 condoua
2985 707 2998 743 :
3027 692 3074 746 si
3105 693 3242 748 male
3271 705 3528 750 moratam
3557 709 3750 753 nactus

2157 773 2352 844 fueris,
2383 778 2584 849 refinge
2608 793 2725 834 eam
2753 779 2820 834 ad
2852 780 3140 838 bonitatem
3170 800 3233 839 ac
3258 788 3748 858 mansuetudinem,

2156 867 2295 922 sicut
2320 880 2373 924 et
2397 870 2642 926 Christus
2668 873 2982 928 Ecclesiam.
3014 875 3130 930 Non
3156 879 3328 932 solum
3351 881 3492 934 enim
3517 882 3752 936 immun-

2156 959 2339 1013 ditiam
2361 961 2476 1030 ejus
2497 964 2764 1031 abstersit,
2790 965 2883 1020 sed
2906 967 3110 1021 senium
3135 985 3344 1040 quoque
3363 971 3564 1027 abrasit
3584 984 3754 1028 exuto

2157 1051 2322 1106 veteri
2370 1053 2624 1121 homine,
2669 1056 2759 1124 qui
2813 1065 2955 1112 totus
2999 1061 3280 1116 constabat
3321 1079 3353 1118 e
3381 1065 3543 1120 vitiis.
3591 1066 3749 1132 Quod

2155 1145 2314 1198 etiam
2360 1145 2555 1201 Paulus
2583 1147 2883 1204 subindicat
2909 1149 2992 1205 his
3016 1152 3193 1206 verbis
3216 1195 3230 1217 ,
3263 1153 3330 1210 Ut
3360 1156 3610 1212 exhiberet
3633 1176 3751 1212 eam

2155 1235 2349 1304 sibiipsi
2367 1237 2638 1306 gloriosam
2664 1237 2962 1306 Ecclesium,
2986 1258 3085 1297 non
3107 1243 3363 1298 habentem
3385 1249 3637 1303 maculam
3658 1261 3753 1303 aut

2155 1344 2335 1398 rugam
2381 1327 2610 1402 (Ep/tes.
2643 1331 2697 1386 5.
2729 1331 2840 1403 27)
2875 1350 2888 1387 :
2916 1349 3024 1388 non
3068 1336 3212 1390 enim
3247 1337 3522 1406 pulchram
3570 1345 3750 1396 solum

2157 1420 2403 1485 reddidit,
2435 1421 2531 1477 sed
2549 1430 2603 1477 et
2616 1422 2888 1493 juvenem,
2911 1441 3018 1480 non
3037 1426 3186 1497 juxta
3213 1439 3456 1484 naturam
3478 1434 3748 1502 cet-poris,

2155 1511 2250 1565 sed
2274 1512 2422 1582 juxta
2450 1515 2735 1570 voluntatis
2761 1516 3146 1574 habitudinem.
3176 1521 3284 1576 Nec
3312 1523 3420 1578 hoc
3449 1525 3620 1578 solmn
3653 1528 3753 1581 ad-

2158 1602 2437 1658 miratione
2477 1605 2692 1674 dignum
2723 1617 2838 1675 est,
2875 1609 3018 1678 quod
3047 1622 3232 1665 nactus
3258 1612 3574 1681 deformem,
3608 1620 3750 1672 mala

2157 1692 2292 1747 faeie
2318 1695 2615 1763 pneditam,
2646 1706 2852 1767 turpem
2881 1717 2941 1753 ac
2965 1704 3215 1767 vetulam,
3243 1721 3346 1758 non
3368 1719 3647 1762 aversatus
3667 1718 3756 1762 est

2158 1785 2316 1840 talem
2343 1805 2355 1839 :
2380 1786 2474 1841 sed
2500 1789 2641 1858 quod
2662 1791 2816 1844 morti
2845 1793 3076 1867 scipsum
3103 1793 3358 1864 ohjicieus
3389 1799 3602 1854 refinxit
3626 1816 3754 1854 eam

2157 1876 2208 1929 in
2238 1876 2684 1944 pulchritudinem
2713 1881 3079 1938 incredibilem
3105 1903 3118 1939 :
3143 1887 3236 1941 sed
3268 1889 3409 1958 quod
3433 1893 3596 1945 etiam
3626 1903 3755 1962 post

2158 1968 2271 2022 haec
2288 1984 2430 2039 saepe
2445 1971 2766 2027 sordidatam
2780 1975 3204 2033 auimadvcrteus
3217 1989 3271 2034 et
3288 1984 3632 2054 maculatam,
3648 2002 3755 2041 nec

2155 2060 2298 2128 cjicit
2323 2077 2440 2115 eam
2469 2078 2499 2117 e
2526 2063 2761 2119 thalamo
2782 2107 2797 2132 ,
2831 2081 2929 2120 nec
2955 2067 3226 2138 abrumpit
3263 2088 3433 2128 nexus
3468 2076 3700 2146 conjugii
3732 2095 3750 2144 ;

2155 2151 2248 2206 sed
2277 2154 2475 2207 mavult
2504 2169 2619 2208 eam
2647 2171 2836 2212 curare
2859 2199 2874 2221 ,
2905 2167 2960 2212 et
2983 2158 3233 2215 remediis
3258 2166 3545 2235 corrigere.
3573 2168 3752 2235 Quam

2157 2243 2305 2296 multi
2333 2243 2496 2311 enim,
2527 2260 2727 2314 quaeso,
2758 2256 2878 2315 post
2916 2259 3187 2318 acceptam
3228 2250 3388 2307 fidem
3435 2255 3486 2308 in
3532 2267 3753 2324 peccata

2155 2334 2349 2404 relapsi
2376 2337 2537 2390 sunt?
2564 2353 2662 2392 nec
2690 2347 2864 2392 tamen
2901 2355 2995 2395 eos
3031 2341 3100 2394 ob
3135 2341 3237 2398 hoc
3276 2343 3492 2399 fastidiit
3525 2365 3539 2401 :
3573 2350 3754 2418 qualis

2155 2426 2254 2482 fuit
2280 2428 2368 2483 ille
2383 2428 2473 2498 qui
2497 2429 2634 2499 apud
2657 2429 2960 2487 Corinthios
2981 2443 3221 2503 stuprum
3236 2437 3598 2504 commiserat,
3620 2454 3749 2494 cum

2154 2528 2297 2574 esset
2337 2521 2633 2575 membrum
2676 2522 2964 2589 Ecclesiae;
2998 2527 3338 2582 nihilominus
3369 2546 3472 2584 non
3507 2533 3749 2588 excisum

2154 2619 2236 2664 est
2267 2611 2316 2664 id
2349 2611 2669 2675 membrum,
2702 2614 2798 2668 sed
2825 2616 3038 2670 sanitati
3071 2617 3357 2673 redditum.
3385 2620 3522 2689 Quin
3553 2632 3606 2676 et
3634 2623 3750 2678 Ga-

2156 2701 2380 2754 latarum
2428 2702 2663 2758 Ecclesia
2709 2705 2954 2760 universa
2997 2707 3202 2770 resiliit,
3233 2722 3284 2764 et
3316 2711 3367 2764 in
3406 2710 3744 2769 Judaismum

2153 2791 2299 2860 lapsa
2331 2802 2433 2858 est,
2458 2802 2692 2848 attamen
2727 2810 2793 2848 ne
2812 2783 2964 2850 illam
2991 2799 3207 2867 quidem
3235 2802 3448 2870 repulit,
3474 2803 3566 2857 sed
3593 2819 3752 2858 cura-

2156 2891 2261 2936 tam
2290 2883 2437 2938 Pauli
2464 2899 2624 2953 opera
2647 2885 2713 2939 ad
2738 2887 3013 2956 pristinam
3039 2889 3253 2943 reduxit
3277 2894 3744 2950 consuetudinem.

2153 2975 2612 3042 Quemadmodum
2655 2989 2708 3032 ct
2751 2981 2801 3032 in
2854 2982 3050 3035 nostris
3081 2983 3396 3052 corporibus
3437 2986 3482 3040 si
3528 2989 3748 3043 morbus

2152 3066 2425 3134 acciderit,
2461 3083 2564 3122 non
2604 3070 2898 3124 membrum
2943 3072 3324 3139 ahsciudimus,
3369 3075 3463 3129 sed
3498 3079 3744 3132 morbum

2153 3157 2396 3228 pellimus
2427 3175 2440 3212 :
2472 3157 2550 3212 sic
2586 3169 2639 3214 et
2675 3175 2793 3213 cum
2839 3177 3005 3216 nature
3051 3164 3312 3233 agendum
3352 3177 3453 3220 est.
3501 3168 3558 3221 Si
3600 3170 3746 3239 quod

2153 3244 2278 3301 insit
2315 3249 2364 3301 ei
2392 3249 2594 3310 vitium,
2627 3265 2694 3304 ne
2745 3253 2910 3318 ipsam
2954 3252 3153 3321 ejicias,
3188 3255 3280 3308 sed
3310 3257 3492 3310 vitimn
3521 3259 3742 3329 abigito.

2151 3339 2310 3408 Atqui
2340 3354 2472 3393 uxor
2491 3340 2705 3410 quidem
2728 3342 2998 3395 emendari
3025 3355 3217 3412 potest,
3242 3349 3540 3401 membrum
3563 3361 3744 3404 autem

2154 3432 2396 3486 Inutilum
2415 3447 2604 3487 curare
2623 3448 2765 3503 saepe
2786 3443 2867 3488 est
2888 3435 3246 3504 impossibile;
3279 3449 3332 3493 et
3361 3449 3534 3495 tamen
3555 3458 3745 3511 quam-

2153 3524 2230 3576 vis
2260 3525 2487 3579 sciamus
2531 3524 2583 3578 id
2629 3525 2916 3580 incurabile
2941 3570 2954 3591 ,
2998 3543 3064 3582 ne
3107 3530 3184 3584 sic
3226 3533 3436 3598 quidem
3477 3535 3740 3589 rescindi-

2153 3629 2271 3668 mus
2300 3632 2314 3667 :
2343 3615 2439 3669 sed
2465 3631 2584 3669 cum
2612 3616 2748 3670 alius
2779 3617 2974 3686 loripes
2996 3657 3011 3683 ,
3044 3619 3180 3672 alius
3205 3636 3269 3674 ex
3295 3636 3454 3677 crure
3493 3623 3738 3680 laborans

2152 3705 2434 3770 claudicet,
2465 3707 2600 3761 alius
2627 3723 2840 3760 manum
2871 3709 3073 3762 aridam
3101 3719 3155 3765 et
3181 3723 3475 3768 emortuam
3504 3716 3736 3769 circum-

2154 3794 2323 3864 ferat,
2351 3797 2487 3852 alius
2513 3798 2724 3852 oculum
2756 3800 2955 3854 lumine
2985 3803 3174 3856 orbum
3201 3844 3215 3868 ,
3255 3820 3412 3858 nemo
3443 3815 3618 3861 tamen
3648 3826 3736 3863 eo-

2152 3903 2271 3941 rmn
2316 3889 2525 3942 oculum
2573 3901 2661 3944 aut
2715 3906 2965 3957 Inannm,
3006 3902 3097 3947 aut
3139 3909 3265 3949 crus
3309 3897 3603 3968 pedemque
3628 3903 3735 3953 vult

2151 3980 2396 4034 amittere
2413 3997 2424 4030 :
2441 3988 2494 4035 et
2517 3981 2758 4050 quamvis
2778 3983 2884 4035 sint
2911 3985 3131 4050 inutilia,
3156 3987 3465 4055 ceterisque
3487 3991 3736 4045 membris

2151 4069 2386 4125 dedecus
2429 4071 2691 4138 aiierant,
2741 4082 2916 4127 tamen
2958 4075 3138 4127 innato
3183 4077 3410 4145 quodam
3460 4078 3648 4132 affectu
3681 4092 3734 4132 ut

2152 4171 2356 4230 partem
2404 4161 2642 4232 ejusdem
2689 4166 2931 4233 corporis
2974 4181 3032 4219 ea
3076 4168 3466 4236 prosequimur.
3509 4172 3590 4222 Au
3631 4188 3731 4224 non

2152 4255 2310 4323 igitur
2334 4254 2621 4309 absurdum
2653 4253 2828 4320 fuerit,
2861 4257 2947 4310 ubi
2981 4258 3124 4310 nulla
3151 4269 3394 4326 speratur
3422 4260 3620 4315 utilitas
3645 4272 3733 4314 aut

2150 4348 2413 4401 correctio
2434 4388 2449 4413 ,
2493 4357 2690 4402 tantam
2722 4347 2976 4404 adhibere
3005 4351 3422 4407 sollicitudinem
3448 4371 3459 4404 :
3494 4355 3582 4407 ubi
3613 4371 3734 4408 vero

2153 4439 2289 4494 bona
2315 4454 2438 4508 spes
2461 4449 2704 4510 superest
2727 4449 2779 4494 et
2809 4439 2980 4494 facilis
3012 4442 3254 4507 mutatio,
3283 4443 3483 4497 nullam
3515 4444 3729 4499 medici-

2153 4546 2274 4585 nam
2306 4528 2521 4585 facere?
2550 4531 2679 4584 Nam
2710 4533 2885 4585 innata
2913 4532 3037 4586 vitia
3061 4535 3223 4588 nullis
3241 4535 3437 4589 cedunt
3464 4537 3730 4601 remediis,

2151 4623 2394 4676 voluntas
2418 4632 2596 4677 autem
2621 4624 2904 4692 depravata
2939 4636 3112 4691 potest
3135 4627 3350 4695 corrigi.

2223 4717 2275 4770 5.
2305 4714 2456 4781 Quod
2477 4715 2522 4768 si
2551 4725 2693 4768 tuam
2716 4731 2932 4770 uxorem
2964 4727 3083 4784 post
3104 4717 3338 4772 adhibita
3363 4719 3530 4774 multa
3562 4736 3732 4776 reme-

2151 4806 2236 4859 dia
2282 4821 2443 4875 neges
2484 4805 2796 4870 curabilem,
2836 4819 2886 4860 ut
2932 4823 3052 4875 qua:
3087 4808 3352 4862 obstinate
3397 4826 3576 4864 mores
3615 4827 3735 4864 suos

2153 4897 2377 4950 retineat
2397 4937 2411 4960 ,
2445 4911 2511 4952 ne
2543 4906 2650 4950 tum
2680 4897 2892 4966 quidem
2922 4897 3211 4966 ahlegauda
3239 4909 3321 4953 est
3349 4917 3359 4950 :
3394 4917 3570 4970 neque
3596 4902 3733 4954 enim

2153 4987 2447 5046 membrum
2499 4988 2791 5042 incurabile
2837 4989 3125 5042 recidimus
3199 4991 3294 5043 Est
3332 5001 3512 5044 autem
3545 5001 3598 5045 ct
3628 4993 3736 5044 hari-

2154 5096 2273 5150 pars
2328 5080 2400 5135 tui
2440 5081 2678 5150 corporis
2712 5098 2726 5136 :
2760 5080 2956 5134 dictum
3006 5090 3089 5135 est
3135 5083 3274 5136 enim
3305 5099 3318 5136 :
3356 5082 3518 5136 Erunt
3551 5085 3653 5136 duo
3687 5084 3735 5134 in

2150 5192 2299 5230 carne
2324 5193 2425 5229 uua
2452 5174 2600 5249 (Gen.
2633 5175 2687 5230 2.
2716 5176 2832 5246 24).
2866 5175 2931 5228 Ει
2956 5176 3252 5233 membrum
3279 5177 3493 5245 quidem
3524 5192 3738 5232 curasse

2151 5269 2351 5324 nullum
2395 5282 2572 5340 operte
2617 5269 2844 5336 pretium
2889 5269 3065 5332 fuerit,
3095 5268 3138 5320 si
3165 5284 3230 5324 ex
3260 5269 3569 5324 infirmitate
3600 5270 3737 5324 insa-

2151 5358 2328 5412 nabile
2353 5367 2594 5424 maneat;
2627 5368 2810 5412 contra
2849 5358 3031 5411 uxoris
3057 5359 3185 5412 vitio
3221 5362 3267 5413 si
3317 5360 3584 5414 medearis
3607 5401 3625 5426 ,
3675 5360 3735 5415 li-

2149 5459 2234 5508 cet
2269 5448 2562 5507 insanabile
2598 5458 2828 5507 maneat.
2876 5464 3126 5518 maguum
3165 5450 3255 5508 tibi
3294 5452 3622 5518 propositum
3661 5462 3741 5506 est

2152 5542 2449 5612 premium,
2475 5540 2519 5594 si
2556 5557 2672 5596 eam
2695 5540 2939 5596 docueris
2975 5550 3027 5594 et
3054 5540 3364 5595 institueris.
3391 5543 3740 5608 Quantumvis

2150 5632 2292 5686 enim
2322 5633 2514 5685 frustra
2555 5634 2626 5687 sit
2669 5635 2842 5686 omnis
2888 5631 3163 5701 disciplina
3205 5643 3259 5687 et
3299 5634 3580 5700 institutio,
3612 5635 3739 5689 tole-

2154 5728 2321 5783 rantia
2371 5737 2547 5782 tamen
2599 5736 2686 5781 tua
2740 5725 2983 5781 mercede
3025 5727 3279 5781 divinitus
3323 5729 3586 5796 promissa
3635 5744 3736 5784 non
