4058 6258
301 352 410 408 2‘27

303 464 410 535 τῆς
434 462 697 537 χρήσεται
724 464 1032 536 πράγμασι,
1063 463 1155 518 καὶ
1173 463 1226 517 τί
1248 466 1349 536 μὲν
1376 467 1455 528 εἰς
1481 465 1608 531 τοὺς
1634 465 1895 536 ἀδελφοὺς

300 547 429 619 ἥξει
465 546 560 601 τόῦ
590 546 815 618 κλήρου,
851 545 904 599 τί
932 545 988 599 δὲ
1014 546 1092 611 εἰς
1123 547 1214 601 τὸν
1238 548 1609 616 συνοικοῦντα,
1640 548 1736 602 καὶ
1768 549 1895 601 πότε

304 633 499 703 κύριος
527 631 678 685 ἔσται
698 630 793 684 τοῦ
829 631 1053 694 παντὸς,
1107 630 1311 701 μηδένα
1350 631 1519 702 μηδὲν
1544 633 1761 702 ἀφεῖναι
1787 630 1896 685 τῶν

302 717 526 786 ἐκείνης
552 713 1019 786 παρασπάσασθαι
1055 714 1241 785 μέρος,
1289 716 1383 769 καὶ
1416 715 1550 768 πότε
1576 715 1670 769 τοῦ
1698 716 1897 780 παντὸς

301 800 657 851 ἐκπεσεῖται·
688 797 781 851 καὶ
804 796 973 850 πολλά
996 797 1157 867 ἐτερα
1175 796 1400 851 τοιαῦτα
1421 797 1898 870 πολυπραγμονεῖς

302 882 437 952 παρ’
467 881 692 935 ἐκείνων
715 881 811 934 καὶ
841 882 1041 949 ζητεῖς,
1070 880 1249 933 πάντα
1279 881 1504 950 περιιὼν
1531 883 1624 934 καὶ
1649 899 1898 953 περισκο-

302 964 449 1030 πῶν,
480 966 628 1028 ὅπως
650 966 714 1017 ἐκ
749 964 978 1035 μηδενὸς
1010 964 1235 1037 γένηται
1259 966 1459 1037 τρόπου
1492 985 1544 1020 τι
1570 967 1679 1020 τῶν
1709 984 1896 1036 γυναι-

302 1049 404 1112 κδς
442 1047 786 1118 πραγμάτων
835 1047 915 1109 εἷς
949 1063 1072 1101 τινα
1124 1047 1233 1101 τῶν
1283 1049 1467 1120 ἐκείνῃ
1509 1051 1896 1121 προσηκόντων

302 1128 651 1204 [2151ἐλθεῖν
669 1146 685 1162 ⁸
714 1132 913 1194 καίτοι,
939 1133 1076 1203 ὅπερ
1102 1131 1271 1203 ἔφθην
1293 1131 1483 1197 εἰπὼν,
1502 1135 1550 1187 εἰ
1578 1133 1671 1187 καί
1688 1152 1741 1187 τι
1765 1152 1896 1205 συμ-

300 1213 436 1285 ϐαίη
464 1214 573 1267 τῶν
601 1213 879 1281 ἀδοκήτων
898 1253 912 1277 ,
966 1216 1025 1267 ἐν
1075 1216 1351 1287 χρήμασιν
1382 1215 1532 1270 ἔσται
1567 1215 1636 1269 τά
1665 1217 1765 1285 τῆς
1798 1217 1895 1287 ζη-

304 1297 461 1367 μίας,
520 1297 635 1350 ἀλλ’
661 1297 809 1367 ὅμως
864 1298 965 1349 οὐκ
995 1299 1165 1370 ἀνέχῃ
1203 1298 1408 1352 τούτων
1435 1299 1587 1352 ούδέν
1622 1299 1890 1369 παριδεῖν.

302 1379 431 1443 Πῶς
451 1375 549 1433 οῦν
574 1380 674 1433 οὐκ
701 1380 920 1436 ἄτοπον.
952 1384 1248 1451 χρημάτων
1280 1383 1378 1453 μὲν
1405 1384 1536 1453 ἡμῖν
1559 1382 1893 1436 ἀπόλλυσθαι

305 1462 628 1533 μελλόντων,
655 1461 921 1531 τοσαύτην
949 1464 1186 1535 σπουδὴν
1215 1465 1641 1529 ἐπιδείκνυσθαι,
1674 1466 1814 1539 ὑπὲρ
1837 1468 1893 1521 δὲ

298 1545 480 1615 ψυχῆς
510 1546 663 1608 ὄντος
693 1547 824 1618 ἡμῖν
857 1545 952 1599 τοῦ
987 1546 1234 1602 κινδύνου
1268 1550 1361 1602 καὶ
1386 1549 1494 1601 τῶν
1520 1549 1755 1603 εὐθυνῶν
1786 1550 1893 1602 τῶν

298 1629 439 1694 ἐκεῖ,
499 1627 702 1698 μηδένα
735 1627 1004 1681 ποιεῖσθαι
1036 1628 1224 1698 λόγον,
1267 1631 1387 1685 δέον
1436 1631 1544 1702 πρὸ
1581 1631 1689 1683 τῶν
1719 1631 1892 1685 ἀλλων

299 1709 520 1763 πάντων
544 1709 718 1763 ταῦτα
763 1708 945 1780 ζητεῖν
975 1711 1070 1764 καὶ
1118 1711 1575 1783 περιεργάζεσθαι
1615 1716 1708 1768 καὶ
1740 1716 1893 1770 πολυ-

298 1809 451 1864 πραγ
462 1796 644 1864 μονεῖν
672 1809 689 1859 ;

372 1911 462 1965 Διὸ
491 1911 743 1983 παραινῶ
772 1910 867 1964 καὶ
898 1912 1255 1981 συμϐουλεύω
1280 1918 1408 1981 τοὺς
1444 1918 1734 1988 μέλλοντας
1765 1918 1891 1982 αγε·

294 1995 425 2049 σθαι
450 1998 739 2063 γυναῖκας,
778 1994 917 2067 πρὸς
943 1996 1032 2048 τὸν
1067 1999 1336 2069 μακάριον
1368 1999 1577 2054 Παῦλον
1622 2002 1889 2071 ἀπαντᾷν,

293 2084 396 2137 καὶ
435 2083 563 2147 τοὺς
593 2083 718 2155 παρ’
759 2083 911 2154 αύτῷ
940 2084 1223 2154 κειμένους
1255 2089 1382 2157 περὶ
1406 2087 1601 2157 γάμων
1628 2088 1892 2156 ἀναγινώ-

293 2182 452 2220 σκειν
481 2169 712 2238 νόμους,
766 2167 861 2221 καί
915 2166 1184 2238 μαθόντας
1233 2172 1531 2243 πρότερον,
1581 2173 1633 2226 τί
1680 2174 1887 2227 κελεύει

291 2252 494 2310 ποιεῖν,
529 2250 658 2304 ὅταν
681 2250 895 2321 πονηρά
918 2251 1012 2305 καί
1034 2250 1289 2317 ῦπουλος,
1318 2255 1410 2307 καὶ
1439 2253 1609 2324 μέθης
1630 2256 1887 2317 ἐλάττων,

289 2335 392 2386 καί
419 2332 686 2403 λοίδορος,
743 2333 837 2387 καὶ
884 2334 1071 2397 ἀνοίας
1099 2333 1346 2406 γέμουσα
1368 2375 1381 2401 ,
1433 2337 1528 2390 καὶ
1558 2338 1732 2392 ὁτιοῦν
1762 2339 1891 2393 ἀλλο

289 2415 537 2469 τοιοῦτον
567 2415 856 2486 ἐλάττωμα
890 2415 1090 2487 ἔχουσα
1117 2416 1253 2491 τύχῃ
1286 2420 1445 2488 γυνὴ,
1475 2419 1621 2474 οὕτω
1655 2422 1890 2490 διαλέγε·

292 2499 425 2552 σθαι
456 2501 581 2569 περί
617 2499 820 2569 γάμου.
880 2501 978 2553 Ἂν
1011 2500 1109 2570 μὲν
1136 2500 1247 2571 γάρ
1293 2502 1408 2574 ίδῃς
1435 2503 1515 2555 ὅτι
1566 2519 1647 2555 σοι
1675 2504 1889 2557 δίδωσιν

286 2580 544 2646 ἐξουσίαν
570 2580 628 2633 ἐν
654 2580 863 2635 τούτων
885 2583 1115 2653 εὑρόντα
1149 2583 1257 2636 τῶν
1281 2583 1676 2655 ἐλαττωμάτων
1701 2586 1890 2640 ἐκϐάλ-

285 2662 407 2718 λειν
430 2665 528 2734 μὲν
553 2663 791 2733 ἐκείνην,
814 2665 1054 2733 εἰσάγειν
1079 2665 1137 2719 δὲ
1171 2666 1381 2737 ἑτέραν,
1399 2667 1475 2731 ὠς
1497 2669 1696 2732 παντὸς
1722 2670 1891 2739 ἀπηλ-

284 2746 567 2818 λαγμένος
589 2747 836 2801 κινδύνου
867 2748 1061 2820 θάρρει
1084 2765 1098 2778 ⁸
1135 2746 1201 2802 ἂν
1224 2748 1279 2803 δὲ
1311 2749 1470 2803 τοῦτο
1509 2752 1607 2822 μὲν
1638 2752 1737 2805 οὐκ
1766 2754 1886 2805 ἐπι-

285 2831 494 2903 τρέπῃ.
557 2832 755 2905 κελεύῃ
802 2833 860 2886 δὲ
906 2832 1046 2904 πλὴν
1098 2834 1355 2905 πορνείας
1410 2836 1590 2889 πάντα
1637 2837 1704 2890 τά
1752 2837 1887 2891 ἄλλα

288 2914 654 2985 ἐλαττώματα
677 2915 906 2986 ἔχουσαν
928 2915 1177 2987 στέργειν
1205 2917 1299 2970 καὶ
1323 2916 1471 2971 ἔνδον
1499 2918 1773 2988 κατέχειν.
1804 2919 1889 2972 οῦ-

292 3014 409 3061 τως
432 2999 730 3068 ἀσφάλισαι
760 3000 987 3063 ἑαυτὸν,
1045 3000 1123 3063 ὼς
1178 3000 1387 3070 μέλλων
1428 3001 1650 3056 ἃπασαν
1701 3003 1887 3073 φέρειν

288 3080 397 3151 τῆς
446 3082 701 3150 γυναικὸς
740 3081 837 3153 τὴν
869 3082 1155 3153 πονηρίαν.
1203 3084 1268 3136 Εἰ
1315 3084 1370 3137 δὲ
1403 3082 1541 3155 βαρὺ
1586 3084 1744 3139 τοῦτο
1793 3087 1888 3140 καὶ

290 3165 578 3235 φορτικὸν,
611 3165 790 3219 πάντα
824 3165 968 3218 ποίει
999 3165 1096 3219 καὶ
1129 3167 1547 3238 πραγματεύου,
1581 3168 1721 3222 ὥστε
1753 3186 1888 3241 χρη-

289 3249 426 3318 στὴν
455 3249 550 3301 καὶ
578 3249 797 3321 ἐπιεικῆ
828 3250 921 3303 καί
950 3250 1229 3321 πειθήνιον
1247 3254 1483 3320 γυναῖκα
1501 3251 1705 3316 λαϐεῖν,
1731 3252 1887 3317 εἰδὼς

288 3331 378 3384 ὅτι
410 3331 559 3384 δυοῖν
592 3332 805 3403 ἀνάγκη
846 3331 1101 3405 θάτερον,
1149 3334 1183 3405 ἢ
1232 3334 1475 3405 πονηράν
1510 3333 1743 3390 λαϐόντα
1784 3352 1885 3404 γυ-

285 3417 454 3467 ναῖκα
483 3414 669 3486 φέρειν
717 3416 887 3487 αὐτῆς
912 3416 1012 3486 τὴν
1036 3415 1353 3486 ἐπάχθειαν,
1392 3417 1424 3488 ἦ
1454 3416 1622 3471 τοῦτο
1650 3420 1725 3490 μὴ
1758 3418 1885 3489 βου-

287 3496 541 3568 λόμενον,
575 3498 875 3553 ἐκϐαλόντα
910 3500 1127 3572 μοιχείᾳ
1167 3500 1508 3555 ἁλίσκεσθαι.
1554 3502 1609 3553 '0
1647 3502 1758 3572 γὰρ
1786 3504 1884 3558 ἐκ·

289 3580 536 3636 ϐάλλων
564 3583 842 3652 γυναῖκα,
872 3584 1027 3654 φησὶ,
1052 3585 1347 3652 παρεκτὸς
1364 3585 1551 3655 λόγου
1578 3587 1881 3654 πορνείας,

288 3663 455 3718 ποιεῖ
491 3663 686 3732 αὐτὴν
708 3664 1105 3734 μοιχευθῆναι
1129 3683 1144 3698 ·
1198 3668 1298 3721 καί
1340 3670 1372 3722 ό
1418 3668 1887 3739 ἀπολελυμένην

288 3750 498 3827 γαμῶν
522 3752 823 3821 μοιχᾶται.
862 3753 960 3807 Ἂν
987 3751 1162 3807 ταῦτα
1203 3754 1311 3825 πρὸ
1357 3754 1451 3808 τοῦ
1478 3754 1658 3827 γάμου
1705 3756 1887 3821 καλῶς

286 3826 444 3904 ὦμεν
470 3834 856 3906 διεσκεμμένοι
896 3836 991 3889 καί¹
1019 3837 1145 3900 τοὺς
1171 3838 1370 3909 νόμους
1414 3839 1636 3903 τούτους
1661 3841 1883 3907 εἰδότες,

288 3917 497 3989 πολλὴν
523 3918 862 3989 ποιησόμεθα
880 3920 1137 3991 σπουδὴν,
1165 3920 1306 3975 ὥστε
1331 3922 1390 3989 ἐξ
1416 3923 1591 3995 ἀρχῆς
1613 3924 1887 3996 εὔρυθμόν

286 4018 413 4053 τινα
438 4002 533 4054 καὶ
551 4000 952 4071 συμϐαίνουσαν
965 4006 1081 4067 τοῖς
1109 4004 1399 4077 ἡμετέροις
1414 4006 1635 4078 τρόποις
1656 4011 1887 4076 γυναῖκα

285 4083 505 4139 λαϐεῖν·
539 4084 795 4157 τοιαύτην
826 4086 883 4139 δὲ
916 4086 1172 4151 λαϐόντες
1200 4089 1261 4142 ού
1289 4089 1446 4143 τοῦτο
1478 4092 1885 4163 καρπωσόμεθα

291 4168 454 4236 μόνον
474 4206 489 4228 ,
538 4168 621 4221 ὃτι
676 4169 930 4222 οὐδέποτε
978 4171 1148 4238 αὐτὴν
1207 4171 1580 4243 ἐκϐαλοῦμεν,
1638 4174 1753 4228 ἀλλ’
1802 4178 1884 4248 ὅτι

288 4250 385 4304 καὶ
433 4250 574 4321 μετά
614 4251 816 4322 πολλῆς
853 4251 1020 4324 αὐτὴν
1057 4255 1417 4326 ἀγαπήσομεν
1450 4258 1551 4328 τῆς
1585 4257 1884 4331 σφοδρότη-

285 4349 399 4396 τος,
449 4335 545 4388 καὶ
572 4334 690 4404 μεθ’
718 4335 850 4404 ὅσης
896 4337 923 4389 6
944 4335 1156 4399 Παῦλος
1184 4337 1490 4392 ἐκέλευσεν.
1527 4339 1711 4394 Εἰπὼν
1750 4343 1881 4413 γὰρ,

291 4420 355 4470 Ol
380 4416 619 4485 ἄνδρες,
647 4418 1059 4495 ἀγαπᾶτειτὰς
1088 4419 1397 4490 γυναῖκας,
1433 4422 1533 4475 ούκ
1560 4422 1690 4494 ἔστη
1722 4425 1885 4496 μέχρι

286 4500 482 4553 τούτου
512 4502 695 4572 μόνον,
728 4503 867 4556 ἀλλά
894 4505 986 4558 καὶ
1019 4506 1219 4575 μέτρον
1244 4506 1379 4574 ἡμῖν
1410 4504 1610 4559 ἔδωκεν
1639 4508 1881 4578 ἀγάπης,

287 4584 496 4650 Καθὼς
520 4586 617 4638 καί
657 4588 690 4639 d
728 4587 982 4654 Χριστὸς
1021 4587 1303 4657 ἠγάπησε
1348 4586 1463 4655 τὴν
1492 4587 1880 4657 Ἐκκλησίαν.

290 4668 397 4721 Καὶ
431 4668 551 4732 πῶς
598 4670 888 4740 ἠγάπησεν
919 4672 948 4723 6
978 4671 1248 4742 Χριστός;
1279 4670 1403 4723 εἰπέ
1437 4688 1547 4740 μοι.
1581 4672 1708 4726 Ὅτι
1740 4689 1885 4742 παρ-

287 4750 516 4805 έδωκεν
540 4752 759 4807 ἑαυτὸν
807 4755 956 4821 ὑπὲρ
1001 4751 1208 4821 αὐτῆς.
1250 4755 1411 4807 Ὥστε
1466 4755 1567 4808 κάν
1594 4756 1884 4810 ἀποθανεῖν

290 4834 434 4905 ὑπὲρ
479 4836 591 4890 τῶν
636 4839 912 4905 γυναικῶν
938 4840 1064 4912 δέη,
1122 4839 1196 4910 μὴ
1228 4842 1566 4912 παραιτήσῃ.
1621 4841 1681 4894 Εἰ
1716 4843 1823 4916 γὰρ
1856 4845 1884 4895 ό

287 4917 568 4990 Δεσπότης
588 4923 686 4992 τὴν
715 4921 910 4992 δούλην
937 4922 1108 4985 οὓτως
1140 4922 1448 4991 ἠγάπησεν,
1474 4923 1549 4987 ὡς
1575 4926 1669 4978 καὶ
1696 4926 1884 4978 ἑαυτὸν

289 5000 574 5056 ἐπιδοῦναι
608 5004 749 5077 ὑπὲρ
775 5006 966 5076 αὐτῆς,
1005 5005 1186 5075 πολλῷ
1213 5006 1414 5075 μᾶλλον
1447 5007 1506 5059 σὲ
1532 5006 1629 5077 τὴν
1657 5009 1878 5079 ὁμόδου-

285 5082 379 5138 λον
416 5084 591 5150 οὖτως
624 5089 844 5161 ἀγαπᾷν
894 5092 1010 5161 χρή.
1091 5089 1227 5141 Ἀλλ’
1269 5089 1469 5157 ἴδωμεν
1516 5093 1589 5161 μή
1645 5109 1777 5145 ποτε
1821 5093 1884 5145 τὸ

287 5166 487 5232 κάλλος
514 5170 617 5239 τῆς
639 5171 858 5244 νύμφης
901 5171 1253 5226 ἐπεσπάσατο
1293 5173 1387 5226 τὸν
1430 5174 1684 5244 νυμφίον,
1722 5175 1817 5228 καὶ
1848 5177 1881 5246 ἡ

286 5252 462 5323 ἀρετὴ
501 5252 603 5324 τῆς
623 5254 823 5327 ψυχῆς.
877 5258 993 5310 Οὐκ
1032 5256 1147 5310 ἐστι
1176 5256 1334 5309 τοῦτο
1369 5259 1563 5313 εἰπεῖν.
1622 5259 1744 5313 Ὅτι
1773 5260 1883 5331 γάρ

284 5335 536 5405 δυσειδὴς
563 5333 632 5408 ἦν
665 5342 760 5392 καὶ
784 5339 1113 5411 ἀκάθαρτος,
1134 5338 1367 5391 ἄκουσον
1394 5339 1504 5392 τῶν
1521 5340 1669 5411 ἑξῆς.
1699 5342 1883 5397 Εἰπὼν

287 5417 431 5489 γάρ,
478 5420 831 5487 Παρέδωκεν
868 5422 1088 5476 ἑαυτὸν
1129 5421 1281 5489 ὑπὲρ
1318 5422 1530 5491 αὐτῆς,
1578 5425 1876 5496 ἐπήγαγεν,

287 5498 420 5554 Ἰνα
443 5502 670 5571 ἁγιάσῃ
692 5507 887 5573 αὐτὴν
902 5506 1236 5575 καθαρίσας
1256 5506 1332 5572 τῷ
1353 5505 1588 5575 λουτρῷ
1605 5509 1712 5563 τοῦ
1739 5509 1881 5563 ὓδα-

285 5600 412 5650 τος.
439 5584 625 5642 Εἰπὼν
645 5588 724 5653 δὲ,
746 5590 1087 5658 Καθαρίσας
1106 5590 1323 5657 αὐτὴν,
1342 5590 1542 5654 ἔδειξεν
1567 5592 1878 5662 ἀκάθαρτον

286 5669 458 5726 οὖσαν
483 5673 793 5745 ἔμπροσθεν
823 5678 915 5731 καὶ
940 5679 1129 5748 ἐναγῆ,
1160 5679 1253 5731 καὶ
1279 5679 1376 5748 οὐχ
1402 5682 1476 5743 ὼς
1499 5678 1709 5750 ἔτυχεν,
1743 5681 1878 5735 ἀλλά

286 5754 389 5829 τὴν
413 5757 650 5830 ἐσχάτην
678 5760 1016 5833 ἀκαθαρσίαν
1043 5778 1055 5792 ο
1086 5762 1277 5836 κνίσσῃ
1308 5762 1415 5836 γάρ
1448 5765 1540 5819 καὶ
1571 5764 1759 5855 καπνιξι
1788 5768 1876 5822 καὶ

1256 357 1533 426 QUALES
1572 358 1921 417 DUCENDA‘S
1961 359 2115 415 SINT
2170 358 2465 415 UXORES.
2506 356 2592 412 Ill.

3474 351 3582 408 2‘18

2001 463 2183 538 λύθρῳ
2212 469 2307 521 καὶ
2336 466 2552 537 αἵμασι,
2574 466 2667 520 καί
2694 464 2910 537 μυρίαις
2937 466 3150 536 ἑτέραις
3171 462 3440 530 τοιαύταις
3467 483 3590 520 κατ-

2001 550 2307 620 ερρυποῦτο
2347 550 2581 619 κηλῖσιν.
2638 547 2776 601 Ἀλλ’
2811 548 2960 617 ὅμως
2999 550 3099 600 οὐκ
3141 546 3457 613 ἐϐδελύξατο
3489 561 3589 623 τὴν

2000 632 2310 703 ἀμορφίαν,
2364 631 2501 685 ἀλλά
2551 630 2811 702 μετέϐαλε
2845 629 2994 701 HM]
3033 630 3128 701 τὴν
3171 630 3391 700 ἀηδίαν,
3432 638 3590 703 μετέ-

2003 716 2195 778 πλασε,
2223 714 2675 786 μετερρύθμισεν,
2700 714 2877 783 ἀφῆκε
2904 712 2973 765 τά
2989 713 3372 784 ἡμαρτημένα.
3389 714 3591 769 Τοῦτον

2002 795 2097 849 καὶ
2141 796 2206 849 σὺ
2257 797 2515 869 μίμησαι.
2565 796 2685 850 Κάν
2716 797 2884 867 μυρία
2934 796 3154 869 ἁμάρτῃ
3202 799 3235 867 η
3268 798 3591 852 συνοικοῦσα

2000 881 2080 942 εἰς
2124 879 2184 932 σὲ
2227 881 2635 951 ἁμαρτήματα,
2681 880 2859 933 πάντα
2894 881 3028 949 ἄφες
3063 881 3156 933 καὶ
3202 879 3584 953 συγχώρησον·

2000 961 2105 1014 κάν
2133 961 2305 1033 λάϐῃς
2348 963 2671 1034 δύστροπον,
2703 962 3144 1033 μεταρριωμισον
3174 963 3442 1035 ἐπιεικείᾳ
3492 966 3588 1017 καὶ

2002 1048 2302 1115 πραότητι,
2363 1045 2545 1110 καθὼς
2597 1046 2694 1102 καὶ
2744 1046 2773 1098 6
2804 1045 3037 1117 Χριστὸς
3082 1046 3183 1116 τὴν
3236 1045 3582 1119 Ἐκκλησίαν.

2001 1127 2076 1180 Οὐ
2115 1128 2223 1198 γάρ
2264 1128 2361 1199 τὴν
2416 1130 2758 1199 ἀκαθαρσίαν
2809 1129 2980 1200 αὐτῆς
3031 1128 3191 1198 μόνον
3244 1128 3581 1199 ἀπέσμηξεν,

2000 1209 2135 1263 ἀλλά
2168 1212 2260 1264 καὶ
2308 1210 2369 1264 τὸ
2408 1211 2587 1281 γῆρας
2630 1210 2900 1277 ἀπέξυσε,
2938 1211 3030 1264 τὸν
3057 1210 3287 1265 παλαιὸν
3312 1212 3585 1276 ἀποδύσας

2000 1291 2318 1362 ἄνθρωπον,
2348 1292 2440 1346 τὸν
2492 1295 2557 1346 ἐκ
2601 1294 2708 1347 τῶν
2753 1294 3164 1365 ἁμαρτημάτων
3212 1293 3585 1363 συγκείμενον.

2002 1377 2110 1429 Καὶ
2147 1376 2308 1430 τοῦτο
2338 1377 2501 1440 αὐτὸς
2529 1377 2901 1448 αἰνιττόμενος
2943 1377 3105 1430 πάλιν
3148 1380 3177 1430 6
3220 1377 3433 1441 Παῦλος
3468 1377 3586 1431 ἐλε-

1998 1476 2094 1528 γεν
2119 1478 2133 1491 ·
2167 1462 2293 1514 Ἵνα
2324 1461 2690 1529 παραστήσῃ
2730 1460 2924 1527 αὐτὴν
2952 1458 3143 1525 ἐαυτῷ
3178 1459 3435 1524 ἔνδοξον
3473 1461 3587 1528 τὴν

1998 1544 2383 1611 Ἐκκλησίαν,
2412 1544 2498 1613 μὴ
2522 1545 2794 1613 ἔχουσαν
2815 1542 3041 1596 σπῖλον
3067 1543 3103 1610 ἢ
3114 1543 3331 1611 ῥυτίδα
3352 1562 3365 1575 ·
3391 1546 3452 1597 ού
3477 1544 3586 1616 γάρ

1999 1625 2167 1696 καλὴν
2204 1627 2363 1697 μόνον
2396 1627 2675 1697 ἐποίησεν,
2711 1626 2847 1678 ἀλλά
2887 1626 2982 1679 καὶ
3014 1626 3141 1679 νέαν
3162 1665 3178 1690 ,
3223 1626 3284 1679 οὐ
3319 1627 3462 1680 κατά
3487 1628 3585 1699 τὴν

1998 1708 2092 1761 τοῦ
2120 1708 2372 1779 σώματος
2408 1708 2592 1778 φύσιν,
2616 1708 2752 1762 ἀλλά
2779 1706 2920 1761 κατά
2950 1707 3047 1779 τὴν
3084 1709 3183 1780 τῆς
3208 1708 3585 1780 προαιρέσεως

1998 1798 2129 1864 ἕξιν.
2163 1797 2266 1851 Καὶ
2289 1802 2349 1851 οὐ
2381 1798 2537 1853 τοῦτο
2575 1800 2734 1870 μόνον
2762 1799 2878 1853 ἐστί
2913 1798 3248 1870 θαυμαστὸν,
3294 1800 3376 1852 ὅτι
3404 1799 3585 1854 λαϐὼν

1997 1882 2245 1952 ἄμορφον
2276 1883 2371 1936 καὶ
2399 1882 2617 1955 δυσειδῆ
2648 1884 2742 1937 καὶ
2770 1882 3001 1954 αἰσχρὰν
3042 1884 3137 1936 καὶ
3174 1887 3582 1955 γεγηρακυῖαν,

1997 1961 2122 2016 οὔτε
2165 1965 2485 2032 ἐϐδελύξατο
2507 1968 2606 2037 τὴν
2634 1965 2930 2037 ἀμορφίαν.
2961 1965 3101 2019 ἀλλά
3123 1967 3218 2019 καὶ
3246 1973 3326 2031 είς
3359 1966 3585 2024 θάνατον

1997 2047 2188 2100 ἐαυτὸν
2224 2050 2530 2120 παρέδωκε,
2558 2051 2652 2104 καὶ
2682 2048 3118 2121 μετερρύθμισεν
3152 2049 3321 2121 αὐτὴν
3350 2053 3586 2115 εἰςκάλ-

1995 2131 2087 2195 λος
2139 2133 2443 2204 ἀμήχανον
2500 2133 2616 2187 ἀλλ’
2663 2135 2745 2187 ὃτι
2798 2135 2890 2187 καὶ
2941 2134 3079 2204 μετά
3123 2134 3284 2189 τοῦτο
3326 2137 3586 2201 πολλάκις

1999 2216 2376 2285 ῥυπουμένην,
2401 2216 2795 2287 κηλιδουμένην
2821 2217 2992 2288 ὁρῶν,
3028 2219 3128 2270 οὐκ
3163 2218 3443 2281 ἐκϐάλλει,
3474 2221 3584 2274 οὐδ’

1997 2300 2403 2370 ἁπορῤήγνυσιν
2421 2298 2639 2362 ἑαυτοῦ,
2668 2299 2807 2351 ἀλλά
2833 2299 2927 2352 καί
2966 2299 3115 2370 μένει
3144 2298 3463 2372 θεραπεύων
3491 2304 3585 2356 καὶ

1995 2382 2394 2452 διορζούμενος.
2428 2383 2590 2436 Πόσοι
2616 2383 2746 2454 γὰρ,
2765 2384 2886 2436 εἰπέ
2908 2401 3018 2453 μοι,
3052 2385 3190 2452 μετά
3212 2385 3272 2439 τὸ
3296 2385 3583 2440 πιστεῦσαι

1995 2466 2270 2537 ἦμαρτον;
2306 2466 2421 2519 ἀλλ’
2456 2468 2604 2538 ὅμως
2648 2468 2844 2531 αὐτοὺς
2878 2466 2978 2521 οὐκ
3006 2468 3361 2532 ἐϐδελύξατο’
3390 2465 3521 2534 οἷον,
3555 2472 3585 2522 6

1997 2547 2148 2619 παρά
2173 2548 2478 2619 Κορινθίοις
2497 2548 2888 2620 πεπορνευκὼς
2926 2550 3086 2620 μέλος
3120 2552 3217 2621 τῆς
3258 2550 3585 2623 Ἐκκλησίας

1993 2629 2080 2704 ἦν·
2121 2632 2236 2686 ἀλλ’
2275 2632 2375 2685 οὐκ
2396 2631 2620 2702 ἐξέκοψε
2658 2634 2721 2685 τὸ
2758 2632 2950 2703 μέλος,
2987 2633 3120 2686 ἀλλά
3147 2632 3479 2705 διώρθωσεν.
3521 2637 3584 2689 ’Π

1995 2716 2252 2772 Γαλατῶν
2290 2715 2590 2787 Ἐκκλησία
2645 2717 2835 2769 ἅπασα
2884 2717 3279 2788 ἀπεσκίρτησε,
3319 2718 3411 2771 καὶ
3446 2718 3585 2789 πρὸς

1997 2801 2304 2871 ἱουδαῖσμδν
2368 2802 2693 2854 κατέπεσεν·
2730 2800 2843 2852 ἀλλ’
2878 2802 3029 2870 ὅμως
3071 2801 3193 2853 οὐδὲ
3238 2801 3457 2872 ἐκείνην
3497 2800 3585 2866 ἐξα

1993 2883 2209 2946 έϐαλεν,
2236 2883 2371 2937 ἀλλά
2402 2884 2491 2936 διά
2510 2882 2604 2935 τοῦ
2646 2883 2860 2936 Παύλου
2889 2882 3236 2954 θεραπεύσας
3265 2883 3460 2954 αὐτὴν,
3490 2884 3584 2936 ἐπὶ

1993 2965 2090 3036 τὴν
2123 2966 2397 3037 προτέραν
2430 2968 2748 3036 ἐπανήγαγε
2786 2967 3130 3033 συγγένειαν.
3164 2965 3377 3037 Ὥσπερ
3403 2961 3496 3018 οὖν
3524 2966 3584 3018 ἐν

1992 3051 2105 3113 τοῖς
2134 3047 2353 3119 σώμασι
2374 3051 2485 3112 τοῖς
2508 3048 2817 3119 ἡμετέροις,
2849 3047 3067 3101 ἐπειδὰν
3095 3049 3322 3119 γένηται
3345 3048 3581 3121 νόσημα,

1992 3132 2052 3186 οὐ
2102 3133 2163 3187 τὸ
2218 3132 2382 3203 μέλος
2434 3124 2826 3202 ἐκκόπτομεν,
2875 3131 3017 3185 ἀλλά
3074 3131 3135 3185 τὸ
3192 3131 3407 3203 νόσημα
3471 3134 3581 3185 ἀπ-

1991 3213 2332 3286 ελαύνομεν·
2387 3213 2525 3268 οὕτω
2573 3216 2667 3267 καὶ
2718 3214 2813 3269 ἐπὶ
2850 3215 2951 3286 τῆς
3002 3212 3262 3283 γυναικὸς
3315 3214 3578 3286 ποιῶμεν.

2005 3298 2132 3351 Ἐάν
2157 3298 2383 3371 γένηταί
2413 3317 2495 3363 τις
2524 3301 2580 3351 ἐν
2627 3298 2763 3370 αὐτῇ
2810 3298 3076 3370 πονηρία,
3122 3298 3196 3370 μὴ
3222 3298 3323 3369 τὴν
3350 3300 3585 3368 γυναῖκα

1992 3381 2251 3452 ἐκϐάλῃς,
2284 3382 2418 3435 ἀλλά
2452 3382 2550 3450 τὴν
2586 3380 2784 3434 κακίαν
2808 3382 3106 3437 ἀπέλασον.
3134 3382 3324 3435 Καίτοι
3347 3386 3583 3451 γυναῖκα

1996 3464 2094 3535 μὲν
2122 3463 2522 3533 διορθώσασθαι
2550 3464 2795 3529 δυνατὸν,
2836 3464 2996 3534 μέλος
3018 3464 3075 3517 δὲ
3109 3462 3369 3526 πολλάκις
3400 3482 3579 3536 πεπη-

1995 3547 2237 3616 ρωμένον
2269 3545 2606 3618 θεραπεῦσαι
2624 3546 2724 3599 οὐκ
2744 3545 2823 3599 ἔνι
2843 3562 2856 3575 ·
2883 3545 2998 3599 ἀλλ’
3020 3547 3170 3615 ὅμως
3190 3544 3391 3608 εἰδότες
3414 3546 3582 3598 αὑτοῦ

1990 3628 2089 3701 τὴν
2122 3630 2372 3701 πήρωσιν
2394 3625 2557 3682 οὖσαν
2578 3629 2820 3693 ἀνίατον,
2853 3628 2975 3681 οὐδὲ
3009 3627 3184 3692 οὕτως
3216 3628 3579 3699 ἐκκόπτομεν·

1991 3711 2128 3766 ἀλλά
2156 3713 2249 3766 καί
2278 3712 2413 3766 πόδα
2441 3712 2873 3783 διεστραμμένον
2926 3710 3142 3781 ἔχοντες
3171 3710 3355 3764 πολλοὶ⁵
3390 3712 3583 3766 πολλά-

1993 3813 2101 3859 κις,
2133 3796 2227 3849 καὶ
2258 3795 2449 3858 σκέλος
2471 3794 2664 3865 χωλὸν.
2692 3796 2785 3848 καὶ
2807 3796 2967 3865 χεῖρα
2994 3793 3164 3863 ξηράν
3192 3794 3289 3847 καὶ
3314 3811 3583 3865 νενεκρω-

1996 3880 2183 3950 μένην,
2218 3880 2311 3931 καὶ
2332 3878 2609 3948 ὀφθαλμὸν
2641 3876 2989 3948 ἐσϐεσμένον,
3036 3876 3159 3930 οὔτε
3188 3877 3281 3931 τὸν
3304 3878 3582 3949 ὀφθαλμὸν

1992 3961 2387 4033 ἐξορύττουσιν,
2430 3960 2554 4014 οὔτε
2584 3960 2645 4014 τὺ
2676 3961 2867 4024 σκέλος
2912 3960 3293 4023 ἐκκόπτουσιν,
3333 3960 3457 4014 οὔτε
3483 3961 3581 4032 τὴν

1991 4049 2148 4117 χεῖρα
2180 4044 2599 4115 ἀποτέμνουσιν,
2633 4044 2747 4097 ἀλλ’
2784 4043 3018 4114 ὁρῶντες
3049 4042 3174 4097 οὔτε
3202 4043 3391 4115 κέρδος
3424 4046 3579 4113 ἐγγι-

1999 4130 2222 4200 νόμενον
2247 4130 2306 4195 ἐξ
2340 4129 2518 4182 αὐτῶν
2548 4146 2599 4182 τι
2620 4129 2696 4199 τῷ
2722 4127 2959 4200 σώματι,
2987 4129 3082 4182 καὶ
3116 4128 3317 4200 πολλὴν
3338 4131 3451 4192 τοῖς
3471 4128 3579 4182 λοιο

1995 4216 2117 4276 ποῖς
2157 4212 2376 4283 μέλεσιν
2400 4211 2681 4284 αἰσχύνην,
2710 4211 2962 4283 μένουσιν
2986 4210 3125 4265 αὐτά
3146 4211 3359 4282 ἔχοντες
3376 4210 3466 4265 διά
3481 4208 3579 4281 τὴν

1992 4297 2129 4367 πρὸς
2170 4296 2242 4349 τά
2282 4295 2447 4349 λοιπά
2486 4295 2852 4366 συμπάθειαν.
2887 4296 3011 4359 Πῶς
3059 4292 3152 4349 οὖν
3205 4297 3305 4349 οὐκ
3354 4297 3575 4360 ἄτοπον,

1991 4378 2122 4431 ἔνθα
2160 4379 2260 4448 μὲν
2290 4378 2508 4437 ἀνίατος
2545 4380 2578 4448 ἡ
2608 4378 2915 4450 διόρθωσις,
2947 4378 3041 4431 καὶ
3074 4378 3261 4449 κέρδος
3291 4378 3463 4444 οὐδὲν,
3487 4396 3575 4432 το-

1992 4461 2196 4531 σαύτην
2228 4460 2498 4515 ποιεῖσθαι
2534 4460 2811 4530 πρόνοιανο
2844 4460 2974 4514 ἔνθα
3005 4460 3063 4513 δέ
3086 4461 3321 4531 χρησταὶ
3341 4461 3573 4525 ἐλπίδες,

1991 4547 2087 4597 καὶ
2123 4543 2290 4614 πολλὴ
2316 4546 2349 4614 ή
2385 4542 2679 4613 μεταϐολὴ.
2715 4542 3081 4613 ἀπαγορεύειν
3114 4542 3213 4613 τὴν
3241 4542 3573 4613 θεραπείαν;

1991 4628 2071 4680 Τἀ
2104 4628 2202 4696 μὲν
2229 4627 2336 4698 γάρ
2378 4629 2443 4698 τῇ
2486 4625 2644 4696 φύσει
2691 4625 3017 4696 πηρωθέντα
3048 4624 3307 4679 ἀδύνατον
3336 4626 3577 4697 ἀνακτή-

1992 4712 2188 4765 σασθαι
2214 4712 2397 4773 πάλιν,
2416 4711 2516 4780 τὴν
2538 4710 2605 4765 δὲ.
2621 4710 2940 4780 προαίρεσιν
2961 4709 3402 4781 διεστραμμένην
3417 4710 3574 4764 δυνα-

1991 4795 2083 4849 τὸν
2108 4813 2244 4866 μετα
2251 4794 2385 4867 ρρυθ
2394 4794 2567 4865 μίσαι.

2061 4948 2130 5010 γ’.
2153 4942 2212 4994 Εἰ
2232 4941 2287 4994 δὲ
2310 4940 2404 4994 καὶ
2432 4939 2601 5009 αὐτὴν
2618 4940 2799 5008 λέγοις
2818 4939 3011 4992 ἀνίατα
3030 4941 3226 5005 νοσεῖν,
3246 4939 3338 4993 καί
3368 4939 3567 5012 πολλῆς

1989 5023 2307 5093 ἐπιμελείας
2336 5022 2603 5094 τυχοῦσαν
2660 5021 2739 5093 τῷ
2780 5023 2967 5093 οἰκείῳ
3014 5022 3316 5094 κεχρῆσθαι
3349 5023 3568 5090 τρόπῳ,

1988 5106 2109 5160 οὐδὲ
2134 5104 2307 5170 οῦτως
2322 5106 2491 5177 αὐτὴν
2511 5105 2819 5175 ἐκϐλητέονι
2844 5104 2967 5159 οὔτε
2987 5106 3095 5180 γάρ
3114 5108 3177 5159 τὸ
3197 5106 3355 5175 μέλος
3375 5106 3575 5161 ἀνίατα

1989 5189 2177 5242 νοσοῦν
2211 5190 2558 5243 ἐκκόπτεται.
2595 5189 2773 5252 Μέλος
2795 5189 2851 5243 δὲ
2873 5190 2967 5243 καὶ
2995 5189 3132 5258 αῦτη
3165 5189 3572 5243 σόνοἝσονται

1990 5276 2119 5343 γάρ,
2157 5274 2342 5344 φησὶν,
2373 5277 2427 5328 οί
2455 5275 2563 5328 δύο
2589 5276 2676 5340 είς
2701 5271 2900 5343 σάρκα
2913 5274 3080 5342 μίαν.
3114 5273 3222 5326 Καὶ
3242 5275 3334 5325 ἐπὶ
3362 5273 3461 5342 μὲν
3474 5272 3569 5325 τοῦ

1992 5358 2205 5427 μέλους,
2229 5357 2380 5410 οὐδὲν
2402 5356 2555 5410 ἔσται
2587 5357 2778 5429 κέρδος
2800 5359 2930 5428 ἡμῖν
2962 5356 3059 5427 τῆς
3093 5354 3410 5428 θεραπείας,
3430 5357 3573 5408 ἐπει-

1986 5440 2081 5493 δάν
2114 5441 2217 5494 ὑπὸ
2245 5442 2339 5511 τῆς
2370 5441 2681 5512 ἀρρωστίας
2714 5439 3039 5512 ἀδιόρθωτον
3074 5438 3253 5509 φθάσῃ
3294 5436 3568 5507 γενέσθαι’

1989 5523 2137 5596 [215]
2161 5523 2254 5576 ἐπὶ
2283 5524 2339 5577 δὲ
2364 5524 2464 5593 τῆς
2497 5523 2776 5592 γυναικὸς,
2799 5522 2901 5576 κᾶν
2927 5523 3122 5575 ἀνίατα
3149 5522 3289 5594 μένῃ
3312 5519 3567 5584 νοσοῦσα,

1988 5609 2153 5671 πολὺς
2173 5609 2302 5678 ἡμῖν
2318 5609 2344 5660 6
2369 5608 2556 5677 μισθὸς
2573 5606 2924 5659 ἀποκείσεται
2944 5606 3280 5667 διδάσκουσι,
3302 5604 3570 5672 παιδαγωο

1986 5692 2161 5762 γοῦσι.
2188 5691 2306 5745 Κᾶν
2332 5690 2498 5762 μηδὲν
2519 5690 2701 5760 ἐκείνη
2725 5689 2874 5759 παρά
2900 5693 2999 5760 τῆς
3020 5689 3293 5761 ἡμετέρας
3317 5688 3569 5743 διδασκα-

1986 5779 2106 5844 λίας
2138 5777 2416 5851 κερδαίνῃ,
2450 5774 2549 5847 τῆς
2582 5775 2710 5845 γοῦν
2750 5775 3034 5848 ὑπομονῆς
3072 5775 3237 5832 πολὺν
3286 5772 3438 5846 παρά
3473 5770 3565 5827 τοῦ
