4058 6258
309 387 420 442 ἩΩ

306 502 675 572 frustrabitur,
697 505 838 576 quod
867 516 1082 576 propter
1106 507 1198 564 Dei
1232 510 1472 567 timorem
1505 521 1707 567 tantum
1735 513 1902 568 mole-

305 602 532 650 stiarum
551 598 888 664 sustinueris,
902 608 956 653 et
979 615 1245 656 morosum
1269 601 1518 660 feminam
1539 621 1692 676 aequo
1718 610 1897 660 animo

307 687 516 754 tuleris,
547 697 604 744 et
629 690 926 744 membrum
959 701 1104 747 tuum
1132 704 1441 750 constanter
1465 698 1768 766 pertuleris.
1803 699 1900 754 Est

305 781 452 834 enim
499 797 634 836 uxor
677 783 976 838 membrum
1015 797 1254 841 nostrum
1293 791 1682 856 necessarium;
1714 791 1898 846 ethoc

309 872 652 938 potissimum
677 875 892 930 nomine
919 877 1144 933 debetur
1166 881 1214 933 ei
1245 881 1630 936 benevolentia.
1659 883 1812 949 Quod
1843 894 1898 938 et

305 961 506 1016 Paulus
533 963 616 1018 his
643 964 820 1020 verbis
846 969 1083 1038 prmeipit
1103 987 1116 1022 :
1139 969 1228 1024 Sic
1257 971 1432 1026 debent
1458 974 1549 1026 viri
1576 989 1694 1026 suas
1715 989 1896 1027 uxores

304 1053 518 1124 diligere
568 1057 695 1110 sicut
738 1060 946 1128 propria
987 1077 1224 1130 corpora.
1272 1061 1436 1118 Nemo
1481 1065 1615 1119 enim
1660 1083 1896 1136 umquam

301 1162 450 1199 suam
469 1164 673 1202 carnem
699 1149 817 1203 odio
837 1150 1029 1219 habuit,
1053 1154 1140 1206 sed
1169 1156 1324 1208 nutrit
1353 1165 1398 1208 et
1427 1160 1560 1228 fovet
1585 1157 1749 1224 illam,
1768 1160 1894 1213 sicut

303 1245 354 1289 et
395 1235 626 1292 Christus
657 1237 935 1295 Ecclesium
954 1283 968 1307 ,
1004 1245 1244 1312 quoniam
1286 1247 1507 1301 membra
1539 1265 1712 1304 sumus
1749 1252 1893 1320 ejus-

301 1327 420 1382 dem
449 1332 696 1402 corporis,
722 1347 788 1385 ea:
807 1349 959 1388 carne
980 1334 1092 1404 ejus
1127 1346 1174 1388 et
1205 1337 1398 1392 ossibus
1413 1333 1922 1410 ejus(Ep.5.°Z8-50).

379 1425 612 1479 Ecclesia
641 1441 756 1479 cum
791 1424 896 1477 Eva
924 1425 1130 1478 collata.
1152 1455 1226 1464 —
1247 1424 1510 1495 [illagnutn
1540 1423 1625 1477 hic
1651 1423 1895 1478 subindi-

305 1514 452 1568 cavit
487 1514 797 1583 mysterium
819 1555 834 1580 ,
866 1514 1082 1577 dicens,
1111 1513 1196 1568 Ea;
1229 1515 1461 1568 carnibus
1499 1515 1607 1586 ejus
1635 1523 1680 1568 et
1705 1516 1897 1569 ossibus

306 1606 420 1676 ejus
449 1603 574 1678 (u).]
610 1603 760 1660 Sicut
796 1606 938 1660 enim
982 1607 1108 1667 Eva.
1147 1605 1335 1676 inquit,
1380 1621 1445 1660 ex
1493 1606 1661 1660 latere
1707 1606 1896 1660 Adami

307 1699 526 1769 prodiit,
561 1699 634 1753 ita
659 1709 715 1754 et
743 1714 842 1754 nos
871 1713 902 1754 e
926 1698 1124 1754 Christi
1153 1699 1338 1754 latere.
1369 1698 1480 1753 Hoc
1503 1699 1644 1753 enim
1671 1709 1780 1762 est,
1817 1698 1899 1752 Ea:

307 1807 466 1846 carne
489 1793 598 1862 ejus
619 1801 668 1846 et
691 1792 886 1846 ossibus
913 1793 1023 1862 ejus
1050 1791 1198 1864 (Cen.
1219 1792 1278 1847 2.
1300 1792 1416 1861 21).
1449 1793 1552 1847 Sed
1587 1793 1750 1848 Evam
1780 1793 1896 1862 qni-

306 1884 434 1939 dem
459 1899 492 1939 e
521 1885 688 1939 latere
716 1885 904 1938 Adami
933 1892 1241 1954 prognatam
1272 1885 1471 1939 scimus
1497 1901 1714 1950 omnes,
1743 1895 1797 1940 et
1820 1885 1902 1938 di-

307 1987 458 2032 serte
485 1975 587 2031 hoc
617 1977 668 2032 in
699 1975 972 2048 Scriptura
999 1977 1208 2047 legitur,
1231 1977 1370 2047 quod
1393 1977 1675 2032 immiserit
1702 1978 1751 2031 in
1775 1994 1896 2032 eum

308 2083 560 2139 soporem
580 2111 596 2136 ,
637 2078 691 2124 et
721 2081 965 2140 exempta
993 2087 1095 2124 una
1127 2086 1158 2126 e
1201 2074 1366 2125 costis
1405 2071 1522 2140 ejus
1557 2072 1899 2128 :rdilicavcrit

308 2161 590 2216 mulierem
619 2179 634 2216 :
665 2161 806 2232 quod
833 2171 1010 2216 autem
1041 2162 1276 2218 Ecclesia
1306 2179 1336 2217 e
1366 2161 1559 2219 Christi
1587 2164 1754 2218 latere
1785 2173 1898 2218 orta

309 2253 404 2320 sit,
441 2253 704 2308 undenam
745 2253 952 2308 discere
1000 2255 1313 2322 possumus?
1359 2255 1469 2309 lloc
1510 2271 1720 2325 quoque
1760 2255 1903 2309 Scri-

309 2354 470 2415 ptura
516 2345 736 2400 indicat.
791 2345 1078 2415 Postquam
1124 2346 1267 2400 enim
1315 2346 1558 2400 Christus
1596 2347 1648 2400 in
1687 2362 1898 2400 crucem

310 2437 554 2491 sublatus
579 2445 628 2492 et
660 2436 851 2491 affixus
875 2437 1164 2506 exspiravit
1183 2479 1197 2498 ,
1228 2437 1482 2491 Accedens
1520 2455 1648 2492 unus
1685 2437 1900 2490 militum

311 2529 532 2598 pupugit
556 2528 687 2582 latus
713 2528 871 2594 illius,
906 2539 954 2582 et
983 2529 1102 2583 exiit
1130 2528 1250 2582 inde
1266 2531 1473 2600 sanguis
1494 2538 1539 2582 et
1559 2547 1690 2600 aqua
1721 2529 1897 2598 (JOan.

312 2620 405 2676 i9.
437 2620 530 2691 34)
565 2637 578 2674 :
609 2629 665 2675 et
692 2635 756 2676 ex
787 2621 873 2674 illa
899 2635 1034 2690 aqua
1058 2630 1112 2675 et
1139 2622 1396 2691 sanguine
1422 2631 1526 2676 tota
1559 2631 1768 2676 constat
1799 2623 1900 2675 Ec-

309 2713 499 2769 clesia.
531 2713 706 2768 Testis
734 2723 818 2768 est
847 2714 960 2784 ipse
985 2715 1168 2768 dicens
1196 2731 1210 2768 :
1237 2713 1356 2768 Nisi
1380 2716 1492 2786 quis
1519 2723 1724 2767 renatus
1751 2715 1903 2786 fuerit

309 2821 378 2860 ea:
400 2821 534 2875 aqua
554 2813 599 2858 et
626 2805 830 2875 spiritu,
863 2821 962 2858 non
990 2815 1150 2875 potest
1179 2806 1386 2859 introire
1419 2807 1472 2858 iu
1505 2821 1715 2876 regnum
1751 2805 1900 2858 ecclo—

309 2915 428 2952 rum
473 2897 666 2971 (Joan.
700 2899 752 2955 5.
787 2897 863 2967 5)
896 2916 908 2952 :
940 2899 1250 2969 sanguinem
1281 2907 1458 2952 autem
1486 2898 1714 2968 appellat
1741 2897 1901 2967 spiri-

313 2999 448 3043 tum.
501 2990 567 3044 Et
613 2990 882 3044 nascimur
919 2989 1132 3058 quidem
1177 3004 1270 3058 per
1311 3003 1501 3058 aquam
1550 2987 1902 3056 baptismatis,

311 3081 510 3136 alimur
535 3089 710 3134 autem
744 3097 838 3149 per
863 3080 1196 3150 sanguinem.
1242 3079 1405 3134 Vides
1443 3079 1711 3150 quomodo
1737 3079 1904 3132 simus

311 3189 379 3228 es
410 3188 572 3229 carne
600 3173 736 3243 ejus,
769 3183 824 3228 et
852 3189 918 3229 ex
945 3173 1155 3228 ossibus
1194 3171 1330 3242 ejus,
1373 3173 1498 3226 dum
1541 3188 1606 3226 ex
1647 3169 1904 3240 sanguine

311 3264 406 3318 illo
431 3273 486 3318 et
511 3279 645 3333 aqua
675 3272 784 3318 tum
813 3264 1082 3318 nascimur
1101 3306 1113 3327 ,
1145 3273 1256 3316 tum
1281 3261 1508 3316 alimur?
1555 3261 1622 3315 Et
1647 3260 1904 3330 quemad-

311 3355 532 3412 modum
555 3355 760 3410 Adamn
776 3355 1076 3410 dormiente
1099 3353 1288 3408 mulier
1306 3363 1388 3408 est
1407 3353 1638 3416 condita,
1663 3353 1738 3406 sic
1757 3351 1898 3405 Cln-i—

309 3457 397 3502 sto
427 3457 636 3502 mortuo
661 3445 795 3500 facta
833 3457 914 3500 cst
950 3446 1184 3501 Ecclesia
1215 3461 1282 3500 ex
1319 3445 1433 3514 ejus
1461 3445 1649 3500 latere.
1689 3443 1798 3498 N.-c
1837 3445 1904 3496 ob

313 3539 431 3592 lucc
469 3546 670 3591 tantum
711 3537 937 3592 amanda
976 3545 1060 3590 est
1095 3552 1252 3603 uxor,
1287 3535 1429 3606 quod
1468 3535 1766 3588 membrum
1805 3551 1903 3586 no-

310 3639 483 3684 strum
523 3639 634 3694 est,
681 3639 732 3684 et
777 3645 846 3682 ex
893 3627 1047 3682 nobis
1092 3627 1350 3697 originem
1401 3626 1602 3691 habuit,
1644 3625 1736 3680 sed
1783 3625 1903 3693 quia

311 3721 486 3791 legem
517 3722 676 3776 etiam
705 3737 870 3791 super
891 3719 992 3775 hoc
1025 3721 1161 3774 Deus
1188 3722 1388 3787 statuit,
1425 3720 1501 3773 sic
1527 3719 1732 3784 dicens,
1773 3716 1904 3770 Pro—

312 3824 488 3881 pterea
513 3811 758 3881 relinquet
787 3811 936 3864 homo
966 3821 1156 3881 patrem
1194 3828 1342 3864 suunt
1379 3820 1424 3863 et
1451 3819 1659 3862 matrem
1680 3851 1694 3875 ,
1727 3819 1772 3862 et
1812 3807 1906 3861 nd-

311 3905 520 3958 Itcerebit
551 3905 698 3958 uxori
722 3919 860 3969 sute,
893 3913 940 3956 et
969 3913 1111 3957 erunt
1141 3903 1243 3956 duo
1267 3903 1318 3956 in
1344 3919 1494 3956 carne
1523 3919 1624 3955 una
1651 3903 1669 3974 (
1693 3901 1818 3955 Cen.
1847 3901 1902 3953 2.

310 3995 428 4067 24).
453 3995 586 4050 Nam
607 3995 725 4049 ideo
744 3994 897 4049 nobis
919 3995 1054 4048 hanc
1085 3995 1252 4064 legem
1282 3994 1478 4048 Paulus
1499 3994 1642 4063 legit,
1659 4003 1712 4046 ιιι
1734 3993 1906 4045 tnodis

312 4086 567 4141 onmibus
597 4101 693 4140 nos
717 4085 781 4140 ad
817 4086 955 4138 lnme
978 4099 1213 4138 amorem
1248 4085 1607 4154 compelleret.
1661 4085 1752 4138 llic
1775 4083 1903 4136 mihi

312 4177 596 4231 considera
637 4176 951 4244 sapientiam
1001 4176 1394 4243 apostolicam:
1433 4190 1538 4229 non
1585 4175 1726 4229 enim
1777 4174 1905 4227 solis

312 4269 512 4323 divinis
531 4278 621 4321 aut
646 4268 774 4324 solis
795 4267 1040 4322 humanis
1067 4267 1268 4336 legibus
1298 4283 1396 4322 nos
1425 4266 1623 4320 inducit
1643 4265 1708 4319 ad
1730 4281 1905 4318 aman—

314 4360 413 4414 das
443 4361 718 4428 coiijuges,
748 4359 840 4413 sed
869 4357 1074 4411 mixtim
1103 4358 1341 4426 utrisque
1375 4376 1387 4410 :
1421 4368 1477 4411 ut
1505 4357 1760 4412 sublimes
1788 4357 1908 4425 qni-

315 4451 442 4506 dent
468 4449 566 4504 viri
591 4467 652 4503 ae
677 4447 1028 4519 philosophici
1051 4449 1219 4518 magis
1241 4457 1555 4502 moveantur
1578 4447 1902 4512 cmlestilius,

316 4543 561 4596 inlirtnos
598 4553 776 4596 autem
821 4551 874 4596 et
917 4541 1146 4596 humiles
1193 4539 1431 4601 naturale
1474 4540 1674 4594 amoris
1719 4538 1906 4591 incita-

315 4645 556 4690 mentum
585 4636 750 4706 magis
779 4644 1008 4689 moveat.
1058 4633 1182 4688 Ideo
1209 4633 1435 4702 primttm
1462 4649 1490 4685 a
1517 4633 1712 4686 Christi
1743 4633 1906 4688 llClIC-

317 4727 453 4782 liciis
481 4725 778 4781 doctrinam
811 4728 945 4781 hanc
975 4727 1155 4794 incipit
1185 4727 1261 4779 sic
1288 4725 1468 4778 dicens
1489 4766 1503 4789 ,
1543 4723 1746 4794 Diligite
1779 4741 1907 4776 uxo-

315 4837 396 4874 res
425 4830 614 4874 vestras
632 4861 646 4882 ,
675 4821 807 4873 sicut
831 4831 876 4872 et
904 4821 1130 4873 Christus
1159 4820 1336 4874 dilexit
1361 4818 1643 4871 Ecclesium
1673 4817 1901 4888 (Ep/tes.

315 4913 372 4967 5.
426 4911 544 4982 25);
602 4913 793 4966 deinde
842 4927 1026 4966 rursus
1079 4911 1216 4965 idem
1261 4911 1370 4980 agit
1418 4910 1661 4962 humanis
1689 4908 1903 4962 rationi-

315 5001 418 5055 bus
453 5019 466 5054 :
499 5001 590 5056 Sic
615 5003 790 5055 debent
823 5004 914 5055 viri
947 5019 1066 5055 suas
1091 5018 1274 5055 uxores
1310 5001 1536 5070 diligere,
1565 5009 1618 5051 ut
1646 5015 1737 5051 sua
1767 5000 1902 5066 ipso-

313 5108 432 5144 rum
452 5109 666 5162 corpora
695 5092 912 5162 (Ep/tes.
941 5093 994 5147 5.
1025 5091 1139 5162 28),
1182 5091 1374 5146 deinde
1414 5107 1621 5145 rursum
1661 5089 1724 5143 ad
1753 5089 1908 5142 Citri-

313 5195 460 5241 stum
493 5187 777 5239 revertitur
807 5205 820 5239 :
851 5185 1102 5251 Quoniam
1133 5183 1351 5238 membra
1388 5199 1564 5238 sumus
1599 5199 1661 5236 ea:
1697 5197 1908 5250 corpore

315 5279 451 5348 ejus,
480 5287 526 5331 et
548 5293 611 5330 ea:
634 5293 785 5330 carne
812 5277 940 5347 ejus,
964 5285 1010 5328 et
1037 5292 1098 5328 ea:
1121 5276 1231 5345 ejus
1253 5276 1446 5328 ossibus
1477 5273 1581 5343 (Ib.
1615 5289 1661 5326 υ.
1687 5273 1798 5342 50);
1841 5289 1904 5326 ac

315 5383 530 5424 rursum
571 5369 635 5422 ad
679 5369 936 5422 lnnnanas
969 5367 1200 5422 rationes
1231 5367 1361 5418 redit
1384 5408 1397 5427 ,
1433 5365 1706 5433 l’mpterea
1749 5363 1904 5416 relin-

312 5469 435 5529 quet
466 5459 615 5514 homo
639 5470 832 5532 patrem
868 5474 1012 5512 5W"!
1051 5467 1098 5512 et
1131 5467 1360 5522 matrem,
1390 5465 1437 5508 et
1461 5454 1730 5508 (td/tan'ebit
1759 5455 1903 5506 uxori

315 5565 427 5605 sua!
452 5547 561 5621 (Ib.
587 5565 634 5604 ν.
664 5549 779 5620 51);
811 5551 1048 5618 lectaque
1075 5549 1174 5602 hac
1199 5551 1314 5618 lege
1340 5566 1351 5600 :
1379 5546 1693 5617 Mysterittm,
1715 5545 1898 5613 ittquit,

307 5643 404 5693 hoc
438 5660 678 5714 maguum
707 5655 780 5697 est
817 5641 836 5712 (
860 5641 1002 5695 Ibid.
1056 5664 1104 5704 v.
1135 5650 1249 5721 32).

373 5751 447 5826 (τι)
483 5759 731 5826 [namque
755 5755 942 5803 uncinis
965 5755 1267 5818 clauduntur,
1291 5771 1384 5807 non
1408 5763 1520 5808 sunt
1543 5760 1592 5810 in
1615 5769 1792 5826 Graeco,
1807 5764 1898 5818 sed

307 5813 376 5863 ita
400 5813 526 5876 legit
549 5819 809 5877 interpres.

1277 397 1550 464 QUALES
1591 397 1939 454 DUCENDIE
1980 399 2130 458 SINT
2171 405 2462 466 UXORES.
2507 415 2592 469 ΙΙΙ.

3485 417 3588 477 250

2078 511 2381 570 Parentibus
2410 520 2726 588 prteferenda
2755 536 2898 575 uxor.
2929 553 2998 562 ——
3025 525 3301 592 Quomodo
3341 545 3588 602 magnum

2006 610 2114 667 est,
2143 603 2230 658 dic
2267 605 2396 660 mihi
2423 608 2446 660 ?
2484 608 2636 674 Quod
2666 611 2811 681 virgo
2837 627 3104 669 asservata
3135 619 3280 673 omni
3309 629 3550 692 tempore
3574 666 3589 688 ,

2005 707 2264 761 sponsum
2308 714 2596 769 numquam
2643 717 2766 759 ante
2795 705 2962 760 visum
2995 725 3116 763 tuox
3146 727 3175 764 a
3203 713 3368 780 prima
3398 715 3486 770 die
3513 718 3592 772 sic

2005 785 2305 852 desiderat,
2333 799 2386 843 et
2414 801 2556 844 amat
2584 802 2852 864 tamquam
2884 813 3077 868 corpus
3119 803 3389 870 preprium
3423 824 3435 858 :
3467 823 3588 860 rur—

2009 891 2124 930 sum
2157 877 2239 932 vir
2260 893 2417 948 quant
2441 897 2728 952 numquam
2758 887 2919 956 vidit,
2953 906 3242 962 numquam
3287 897 3590 968 alloquutus

2005 977 2121 1032 est,
2170 985 2290 1024 mox
2331 986 2360 1024 a
2404 973 2573 1042 prima
2615 975 2704 1030 die
2734 977 2946 1047 praefert
2974 984 3182 1038 caeteris
3206 989 3488 1052 omnibus,
3537 1003 3592 1046 et

2005 1059 2190 1113 amicis
2215 1071 2270 1115 et
2301 1063 2646 1121 familiaribus
2667 1109 2681 1132 ,
2715 1069 2944 1140 denique
2975 1073 3104 1142 ipsis
3130 1079 3454 1144 parentibus.
3486 1079 3588 1134 Pa-

2007 1159 2186 1205 rentes
2214 1151 2374 1218 item,
2406 1155 2449 1208 si
2477 1171 2573 1225 per
2601 1159 2757 1213 aliam
2787 1175 3002 1218 causam
3029 1165 3298 1223 auferatur
3317 1172 3398 1224 eis
3425 1187 3589 1239 pecu-

2007 1240 2088 1293 nia
2106 1281 2122 1306 ,
2150 1242 2396 1300 dolenter
2423 1247 2600 1302 ferunt
2622 1292 2638 1317 ,
2686 1261 2741 1306 et
2767 1253 2818 1307 in
2839 1255 2928 1324 jus
2957 1257 3172 1314 tralntnt
3198 1275 3320 1314 eum
3346 1263 3434 1332 qui
3462 1263 3587 1318 abs-

2006 1333 2124 1386 tttlit
2156 1352 2170 1388 :
2203 1333 2400 1390 homini
2441 1347 2619 1395 autem
2672 1358 2816 1413 smpe
2871 1363 3157 1417 numquam
3209 1361 3333 1407 ante
3384 1354 3496 1408 viso
3537 1365 3591 1409 et

2007 1423 2186 1492 ignoto
2209 1425 2370 1481 etiam
2401 1428 2580 1484 dotem
2627 1447 2728 1486 una
2759 1449 2879 1488 cum
2914 1435 3016 1491 lilia
3047 1439 3363 1496 luculentam
3395 1445 3446 1498 in
3472 1461 3588 1500 ma-

2005 1531 2105 1570 nus
2131 1516 2280 1571 dant.
2331 1518 2494 1589 quue
2539 1521 2764 1578 libenter
2807 1525 3031 1593 faciunt,
3074 1545 3246 1600 neque
3291 1547 3350 1588 se
3394 1535 3592 1591 damno

2002 1606 2144 1661 allici
2172 1609 2476 1664 existimant
2495 1617 2510 1678 ;
2542 1613 2634 1667 sed
2669 1615 2908 1672 videntes
2937 1619 3127 1676 abduci
3150 1621 3314 1677 ﬁliam
3339 1641 3444 1680 non
3476 1645 3589 1683 me-

2007 1699 2278 1756 minerunt
2315 1706 2750 1775 consuetudinis,
2782 1725 2888 1765 non
2910 1711 3121 1778 dolent,
3155 1729 3259 1768 non
3291 1729 3588 1788 anguntur,

2004 1792 2097 1848 sed
2143 1795 2338 1864 gratias
2365 1809 2526 1866 agunt
2556 1800 2772 1870 insuper
2794 1844 2808 1867 ,
2842 1813 2895 1858 et
2925 1820 3036 1859 rem
3086 1808 3372 1876 optabilem
3403 1819 3594 1879 putant

2007 1883 2166 1940 ﬁliam
2194 1902 2224 1940 e
2253 1887 2552 1943 domuequ
2583 1893 2746 1946 multa
2777 1895 2966 1950 abduci
3001 1901 3241 1966 pecunia.
3284 1901 3408 1956 lltec
3435 1903 3594 1973 igitur

2004 1977 2182 2030 omnia
2232 1979 2424 2032 Paulus
2464 1983 2838 2052 considerans,
2885 1989 3025 2056 quod
3057 1991 3364 2058 parentibus
3393 1995 3592 2048 relictis

2005 2067 2164 2120 ambo
2187 2069 2285 2122 sibi
2319 2072 2514 2123 mutuis
2539 2071 2829 2143 junguntur
2848 2078 3097 2144 nexibus,
3127 2095 3426 2153 novumque
3457 2099 3589 2138 con-

2005 2159 2227 2212 sortium
2259 2160 2515 2230 majorem
2538 2167 2756 2235 antiqua
2778 2171 3166 2227 consuetudine
3195 2174 3302 2227 vim
3323 2176 3550 2246 accipiat
3575 2195 3588 2231 :

2006 2251 2548 2324 animadvertensque
2575 2273 2679 2310 non
2705 2273 2824 2313 esse
2853 2261 2954 2316 hoc
2975 2262 3264 2318 humanum
3295 2269 3585 2337 negotium,

2003 2343 2098 2397 sed
2143 2344 2396 2399 divinitus
2441 2363 2652 2402 amores
2699 2351 2831 2406 tales
2883 2354 3080 2420 inseri,
3115 2365 3371 2428 utnnpta:
3403 2363 3512 2429 pari
3540 2373 3593 2416 et
3685 2381 3688 2385 '

2005 2435 2325 2489 tradentium
2355 2447 2408 2491 et
2449 2439 2821 2508 accipientium
2855 2459 2972 2500 cum
3006 2445 3184 2501 laetitia
3215 2448 3492 2509 elocentur
3513 2461 3594 2505 at-

2003 2539 2108 2593 que
2157 2537 2534 2594 assumantur,
2585 2530 2913 2601 Mysterium,
2969 2539 3172 2605 inquit,
3222 2543 3316 2592 hoc
3357 2558 3592 2612 magnum

2004 2625 2098 2670 est.
2129 2615 2198 2670 Et
2222 2617 2360 2671 sicut
2397 2635 2587 2676 recens
2627 2633 2780 2678 natus
2813 2623 3104 2681 infantulus
3129 2628 3382 2698 adSpeetu
3413 2634 3589 2687 statim

2005 2716 2256 2775 parentes
2281 2711 2540 2779 agnoscit,
2575 2711 2880 2783 priusquam
2921 2717 3056 2770 sciat
3101 2733 3257 2772 voces
3291 2721 3452 2776 edere
3481 2740 3493 2774 :
3525 2725 3592 2778 ita

2003 2811 2135 2852 sane
2161 2807 2215 2852 et
2236 2813 2462 2868 Sponsus
2487 2817 2548 2855 ac
2577 2818 2796 2872 sponsa,
2819 2807 3028 2862 nemine
3053 2819 3351 2879 sequestro,
3381 2816 3594 2870 nemine

2005 2887 2281 2944 hortatore
2301 2931 2316 2955 ,
2346 2893 2518 2959 primo
2546 2895 2722 2948 statim
2772 2895 3030 2966 adspectu
3079 2901 3428 2958 conciliantur
3453 2905 3592 2959 invi-

2004 2995 2144 3036 cem.
2189 2983 2244 3037 ld
2274 2999 2395 3038 cum
2422 2987 2475 3038 in
2525 2985 2740 3040 Christo
2787 2989 2952 3042 etiam
2996 2991 3494 3068 animadvertisset,
3541 3007 3595 3052 et

2005 3076 2304 3144 praesertim
2342 3077 2392 3130 in
2424 3077 2690 3144 Ecclesia,
2721 3095 2826 3134 non
2856 3081 2972 3136 sine
2998 3091 3216 3152 stupore
3241 3085 3470 3155 quodam
3492 3089 3590 3143 ad-

2005 3166 2226 3220 miratus
2275 3176 2378 3220 est.
2436 3167 2714 3234 Quomodo
2762 3170 2919 3240 igitur
2945 3172 2995 3226 in
3023 3172 3238 3229 Christo
3267 3185 3322 3230 et
3350 3176 3588 3232 Ecclesia

2004 3258 2142 3312 idem
2173 3260 2434 3331 contigit?
2451 3261 2595 3316 Sicut
2618 3279 2844 3331 sponsus
2863 3265 3050 3319 relicto
3077 3275 3222 3335 patre
3247 3267 3313 3322 ad
3340 3283 3588 3338 sponsam

2007 3358 2286 3420 properat,
2315 3351 2386 3404 ita
2416 3362 2470 3406 et
2501 3351 2743 3408 Christus
2774 3355 2959 3409 relicto
2990 3365 3210 3426 paterno
3239 3359 3374 3412 solio
3394 3402 3409 3426 ,
3451 3363 3594 3415 venit

2004 3442 2070 3496 ad
2115 3458 2363 3511 sponsam
2398 3459 2410 3495 :
2442 3460 2546 3498 non
2591 3461 2690 3500 nos
2733 3449 2972 3501 evocavit
3007 3449 3071 3502 ad
3099 3465 3322 3519 supera,
3355 3451 3447 3506 sed
3479 3453 3592 3521 ipse

2005 3534 2142 3587 ultro
2169 3535 2235 3587 ad
2284 3550 2381 3589 nos
2409 3536 2641 3590 advenit.
2690 3538 2821 3591 Cum
2863 3548 3038 3592 autem
3073 3542 3357 3596 adventum
3404 3545 3590 3609 audis,

2007 3639 2110 3678 non
2163 3625 2568 3694 migrationem,
2621 3627 2714 3681 sed
2764 3631 3259 3697 attetnperationem
3306 3632 3584 3704 intellige:

2005 3731 2128 3770 nam
2169 3716 2329 3770 etiam
2381 3733 2500 3770 cmn
2541 3719 2813 3772 nobiscum
2846 3729 3020 3784 esset,
3073 3735 3196 3775 cum
3249 3721 3406 3777 Patre
3453 3737 3589 3780 erat.

2002 3809 2338 3878 Quapmpter
2375 3811 2581 3880 inquit:
2613 3810 2914 3882 Mysterium
2953 3815 3047 3867 hoc
3073 3827 3144 3868 est
3184 3834 3442 3886 magnum.
3475 3819 3586 3872 Ma—

2002 3915 2165 3968 gnum
2208 3915 2336 3954 sane
2375 3901 2534 3955 etiam
2566 3903 2704 3971 apud
2733 3903 3008 3967 homines;
3040 3905 3135 3959 sed
3175 3922 3294 3960 cum
3337 3909 3492 3963 video
3535 3911 3588 3964 iu

2002 3991 2268 4045 Christum
2295 4007 2505 4062 quoque
2523 4003 2576 4047 et
2606 3993 2898 4049 Eeclesiam
2925 3996 3062 4050 idern
3091 4009 3396 4066 competere
3416 4041 3430 4066 ,
3478 4009 3588 4055 tum

2001 4091 2146 4135 certe
2171 4083 2429 4137 miraculo
2461 4085 2532 4138 rei
2559 4085 2754 4139 reddor
2782 4087 3055 4142 attonitus.
3092 4089 3446 4154 Quamobrem
3465 4108 3586 4146 cum

2001 4171 2256 4237 dixisset,
2290 4173 2591 4243 lilysterium
2616 4177 2710 4230 hoc
2754 4187 2990 4247 niaguum
3018 4189 3125 4245 est,
3167 4181 3394 4250 subjecit
3419 4197 3538 4236 mox
3575 4203 3587 4237 :

2006 4263 2116 4334 Ego
2141 4275 2307 4319 autem
2333 4267 2446 4320 dico
2465 4268 2516 4322 in
2537 4269 2738 4324 Clu-isto
2765 4279 2810 4325 et
2829 4273 2882 4324 in
2908 4271 3136 4327 Ecclesia
3157 4273 3371 4345 (Epltes.
3392 4277 3444 4331 5.
3476 4277 3587 4348 52).

2004 4359 2184 4427 Itaque
2212 4375 2334 4413 cum
2357 4361 2494 4414 scias
2523 4372 2780 4431 quantum
2802 4365 2872 4418 sit
2899 4366 2949 4418 in
2976 4367 3224 4436 conjugio
3250 4371 3585 4439 mysterium,

2001 4459 2055 4504 et
2074 4451 2256 4518 quanti
2282 4451 2444 4518 ligura
2467 4453 2686 4520 negotii,
2715 4468 2822 4506 non
2855 4461 3056 4509 temere
3083 4456 3152 4510 de
3177 4459 3280 4510 hoc
3313 4457 3547 4512 delibera
3569 4501 3584 4524 ,

2003 4557 2172 4612 neque
2193 4544 2447 4598 ducturus
2465 4559 2735 4613 sponsam,
2757 4547 3100 4612 pecuniarum
3119 4547 3478 4602 accessionem
3502 4567 3586 4604 re-

2003 4638 2167 4708 spice.
2199 4635 2314 4690 Non
2345 4635 2485 4688 enim
2514 4634 2832 4701 negotiatio,
2859 4635 2953 4689 sed
2983 4636 3102 4690 vitae
3146 4637 3372 4692 societas
3397 4641 3588 4709 conju-

2001 4733 2144 4802 giunt
2171 4727 2583 4784 existimandum
2615 4737 2713 4782 est.

2073 4824 2128 4878 4.
2164 4821 2352 4876 Mulier
2377 4829 2544 4873 creata
2573 4829 2626 4873 ut
2654 4819 2928 4873 auxilietur
2953 4820 3078 4874 viro.
3119 4851 3190 4862 -—-
3228 4822 3418 4877 Multos
3441 4826 3586 4881 enim

2004 4915 2184 4970 audivi
2212 4913 2488 4981 dicentes,
2525 4911 2614 4965 ille
2639 4910 2942 4981 opulentior
2993 4921 3112 4981 post
3157 4914 3368 4982 nuptias
3423 4915 3589 4969 lactus

2006 5017 2090 5064 est
2109 5050 2122 5073 ,
2151 5023 2272 5062 eum
2305 5006 2489 5060 luisset
2519 5019 2718 5074 pauper
2746 5015 2937 5068 antea;
2967 5019 3107 5058 nunc
3136 5006 3292 5057 ducta
3322 5022 3484 5060 uxore
3510 5008 3586 5059 di-

2003 5103 2109 5154 vite
2138 5107 2194 5154 et
2235 5101 2349 5168 ipse
2393 5099 2500 5167 agit
2548 5097 2600 5151 in
2632 5096 2860 5151 deliciis.
2891 5096 3028 5162 Quid
3055 5095 3165 5160 ais,
3201 5097 3338 5152 boue
3367 5099 3493 5152 vir?
3522 5114 3590 5154 ex

2004 5207 2170 5245 uxore
2195 5190 2387 5244 lucrari
2417 5188 2566 5258 cupis
2587 5231 2602 5255 ,
2633 5197 2686 5242 et
2724 5204 2826 5241 non
2876 5187 3148 5243 erubescis
3175 5187 3199 5240 ?
3231 5204 3332 5242 non
3366 5205 3474 5258 prae
3501 5205 3592 5258 pu-

2002 5283 2132 5336 dore
2158 5282 2256 5334 sub
2283 5289 2476 5335 terram
2508 5291 2558 5334 te
2587 5281 2737 5334 abdis
2771 5279 2954 5334 talium
2993 5279 3258 5332 Iucrorum
3291 5281 3596 5348 appetens?

2003 5371 2239 5426 lmeceine
2267 5379 2392 5424 sunt
2413 5371 2572 5424 verba
2595 5370 2688 5424 viri
2712 5370 2735 5422 ?
2765 5369 2999 5425 Mulieris
3027 5385 3186 5422 unum
3216 5377 3298 5422 est
3317 5369 3549 5424 ol‘licium
3575 5411 3590 5435 ,

2003 5476 2060 5518 ιιι
2087 5473 2231 5534 parta
2255 5461 2538 5528 custodiat,
2570 5471 2629 5516 ut
2652 5473 2932 5516 conservet
2963 5461 3162 5516 reditus
3183 5502 3197 5524 ,
3223 5468 3275 5514 et
3304 5469 3454 5514 curet
3474 5476 3588 5514 rem

2003 5557 2346 5610 domesticam
2375 5571 2388 5607 :
2420 5568 2538 5605 nam
2581 5553 2782 5606 idcirco
2807 5568 2924 5606 eam
2955 5554 3090 5607 Deus
3121 5553 3292 5617 dedit,
3326 5559 3382 5606 ut
3411 5551 3508 5605 hac
3537 5569 3587 5605 tu

2001 5664 2056 5703 re
2079 5647 2203 5703 etin
2224 5644 2431 5700 caeteris
2463 5641 2615 5696 nobis
2642 5643 2712 5695 sit
2736 5641 2952 5696 auxilio.
2997 5645 3254 5709 Quoniam
3297 5643 3438 5697 enim
3485 5643 3588 5695 vita

2003 5744 2114 5798 lucc
2145 5747 2322 5796 nostra
2356 5753 2384 5794 e
2415 5734 2620 5792 duobus
2650 5743 2891 5800 constat,
2923 5751 2949 5785 ρ
2976 5737 3134 5790 rebus
3169 5734 3383 5804 pritatis
3414 5734 3464 5780 Cl
3486 5739 3586 5794 νυ·
