4058 6258
545 372 641 427 231

555 490 736 556 blicis,
764 505 916 546 suam
943 489 1151 559 utrique
1180 497 1387 559 partem
1418 488 1558 542 Deus
1583 486 1823 541 attribuit
1841 527 1856 553 ,
1903 484 2135 541 femineo

553 581 770 650 quidem
797 580 979 651 generi
1006 594 1190 634 curam
1216 578 1292 632 rei
1312 576 1622 632 domestica:
1639 617 1656 638 .
1678 575 1805 631 viris
1829 585 2007 631 autem
2039 592 2138 631 ne-

553 672 697 741 gotia
744 671 951 740 publica
973 710 989 736 ,
1018 668 1250 725 forensia
1270 709 1286 734 ,
1304 667 1504 737 judicia
1530 667 1796 722 senatoria
1811 707 1827 734 ,
1853 666 2098 721 militaria
2118 707 2136 734 ,

552 776 746 821 ca-tera
771 764 999 833 denique
1021 765 1219 818 omnia.
1246 761 1359 816 Non
1382 769 1557 830 potest
1580 760 1770 815 mulier
1795 759 2001 814 hastam
2031 767 2142 813 tor-

553 871 723 925 quere
747 862 840 908 aut
860 853 1085 923 jaculari
1107 852 1398 923 Spiculum;
1422 851 1515 906 sed
1541 852 1716 906 colum
1745 858 1920 921 potest
1955 865 2139 905 sume-

558 962 635 1011 re,
659 956 714 1002 et
743 948 901 1001 telam
924 955 1124 1011 texere,
1156 954 1211 1000 et
1237 955 1428 999 czetem
1452 945 1662 1014 negotia
1683 943 1972 998 domestica
1990 943 2139 998 obire

554 1038 787 1109 egregie.
815 1036 930 1091 Non
961 1044 1135 1106 potest
1160 1036 1211 1090 in
1241 1044 1428 1090 senatu
1459 1036 1775 1090 sententiam
1804 1035 2013 1098 dicere;
2043 1033 2137 1088 sed

557 1142 732 1201 potest
758 1129 825 1185 de
854 1145 912 1184 re
950 1128 1192 1183 familiari
1239 1129 1378 1183 ferre
1401 1127 1753 1193 sententiam,
1777 1135 1832 1182 et
1855 1141 1997 1196 saepe
2026 1143 2139 1182 me-

556 1223 657 1277 lius
682 1237 841 1291 quam
870 1220 1091 1275 maritus
1131 1220 1403 1289 prospexit
1442 1220 1603 1275 rebus
1649 1218 1975 1273 domesticis.
2021 1218 2136 1273 Non

557 1323 734 1384 potest
760 1310 1137 1369 administrare
1166 1312 1400 1383 publica;
1436 1312 1529 1367 sed
1559 1310 1777 1382 pulchre
1803 1320 1976 1380 potest
2002 1312 2138 1368 edu-

555 1422 679 1462 care
720 1405 949 1472 liberos,
994 1420 1113 1476 qua:
1139 1403 1352 1474 quidem
1396 1403 1657 1473 praecipua
1701 1412 1784 1458 est
1824 1405 2135 1473 possessio:

557 1505 730 1567 potest
756 1496 1066 1550 ancillarum
1094 1493 1371 1549 malefacta
1396 1493 1826 1563 deprehendere,
1858 1506 1913 1549 et
1941 1496 1992 1550 in
2020 1495 2139 1550 offi-

553 1590 638 1643 cio
680 1588 955 1641 continere
1002 1586 1290 1653 familiam,
1347 1585 1478 1641 alias
1519 1589 1831 1641 securitates
1884 1588 2138 1643 exhibere

556 1679 746 1733 marito
773 1676 1029 1746 illumque
1057 1676 1283 1732 liberare
1308 1676 1684 1741 sollicitudine,
1704 1677 1831 1732 dum
1861 1678 1973 1748 ipsa
1994 1679 2138 1734 domi

552 1779 705 1824 curat
730 1784 944 1838 penum,
972 1767 1282 1833 lanificium,
1309 1768 1540 1822 culinam
1561 1809 1576 1831 ,
1605 1767 1855 1847 decorem
1888 1770 2135 1835 vestium,

556 1876 856 1932 Ctl‘lCl‘Jqllc
904 1878 1076 1933 neque
1122 1862 1316 1917 decora
1372 1861 1629 1927 maribus,
1662 1876 1833 1932 neque
1858 1861 2062 1928 facilia,
2094 1863 2138 1918 si

552 1953 653 2008 sibi
697 1952 782 2006 illa
810 1967 1069 2022 usurpare
1096 1951 1378 2005 \'0illt‘l‘iltl.
1411 1951 1502 2005 Est
1526 1952 1668 2007 enim
1708 1963 1762 2007 et
1811 1953 1912 2007 hoc
1947 1953 2140 2008 divina:

557 2044 933 2113 providentiae,
979 2041 1120 2112 quod
1164 2043 1210 2097 is
1236 2042 1325 2112 qui
1353 2042 1403 2094 in
1450 2041 1740 2112 majoribus
1789 2044 2014 2114 negotiis
2057 2053 2138 2100 est

558 2136 702 2190 utilis
720 2175 737 2200 ,
770 2135 820 2188 in
848 2132 1141 2188 minoribus
1184 2132 1448 2201 reperitur
1467 2131 1727 2198 deterior,
1756 2141 1810 2187 ut
1841 2132 2137 2188 necessaria

553 2227 624 2281 sit
652 2226 932 2280 mulierum
959 2239 1144 2294 opera.
1167 2222 1222 2278 Si
1248 2222 1393 2278 enim
1419 2224 1473 2278 in
1501 2224 1738 2294 utrisque
1761 2225 1841 2278 vir
1865 2224 2140 2294 pmce'le-

555 2328 637 2373 ret
658 2358 673 2382 ,
707 2316 861 2372 facile
883 2324 1316 2372 contemneretur
1336 2330 1504 2385 genus
1530 2314 1818 2370 femineum
1847 2333 1859 2367 :
1884 2327 2069 2370 contra
2094 2317 2138 2370 si

556 2409 610 2462 in
642 2406 1095 2477 praistantioribus
1126 2405 1296 2474 major
1322 2413 1467 2459 esset
1496 2419 1622 2459 usus
1667 2404 1977 2472 mulierum,
2025 2405 2132 2474 ple-

558 2514 642 2552 nre
666 2506 849 2553 essent
876 2496 1176 2550 insolentia.
1226 2494 1582 2562 Quamobrem
1610 2511 1716 2548 non
1754 2497 2020 2550 commisit
2046 2497 2136 2550 uni

557 2595 813 2656 utraque,
846 2600 913 2639 ne
942 2584 1160 2638 alterius
1185 2584 1397 2653 generis
1422 2583 1659 2639 deterior
1706 2585 1861 2640 ﬁeret
1902 2586 2140 2643 conditio

557 2690 615 2733 ut
640 2676 1020 2747 supervacanei
1056 2693 1068 2729 :
1102 2690 1201 2730 nec
1245 2684 1419 2729 tamen
1448 2690 1515 2729 ex
1553 2691 1704 2745 atquo
1729 2675 1999 2731 distribuit
2021 2677 2142 2731 offi-

554 2769 634 2825 cia
655 2808 672 2834 ,
706 2784 774 2822 ne
820 2767 958 2820 inter
985 2775 1222 2834 aequatos
1261 2763 1463 2820 honore
1494 2766 1726 2819 oriretur
1752 2765 1816 2821 de
1846 2768 2140 2836 priuetpatu

557 2857 856 2923 contentio,
879 2855 1137 2911 uxoribus
1157 2871 1263 2909 non
1288 2854 1624 2925 dignantibus
1640 2856 1770 2909 viris
1797 2856 2141 2928 prmrogativa

560 2949 756 3004 cedere
807 2965 820 3000 :
871 2946 964 3000 sed
996 2960 1100 3015 quo
1124 2954 1177 2999 et
1221 2945 1521 2999 concordia!
1553 2954 1605 2997 et
1644 2944 2144 3015 decorOprospcr-

556 3050 669 3108 ret,
698 3040 768 3095 ita
791 3038 980 3094 ordine
999 3051 1122 3090 suas
1142 3035 1332 3105 cuique
1352 3027 1826 3090 sexuifunctiones
1841 3035 2138 3102 distribuit,

558 3142 616 3187 ιιι
659 3130 842 3184 utilior
883 3142 947 3182 ac
984 3126 1151 3197 magis
1189 3128 1490 3185 necessaria
1516 3140 1639 3195 pars
1665 3125 1782 3180 viro
1804 3126 2102 3197 obtingeret
2124 3166 2144 3196 ,

560 3221 732 3275 minor
771 3226 952 3273 autem
983 3224 1037 3272 et
1073 3214 1563 3280 inferiorfeminaa;
1592 3224 1647 3270 et
1670 3214 1755 3270 ille
1775 3216 1987 3286 quidem
2019 3234 2147 3286 pro-

559 3323 677 3383 pter
707 3310 1032 3380 prazcipuum
1061 3307 1140 3360 sui
1168 3321 1322 3360 usum
1347 3307 1497 3359 fieret
1518 3304 1863 3372 honorabilis,
1889 3307 2002 3362 lucc
2021 3324 2145 3361 vero

559 3414 777 3475 propter
807 3401 990 3455 viliora
1010 3398 1303 3453 ministeria
1326 3406 1507 3453 contra
1537 3398 1816 3469 conjugem
1841 3415 1947 3454 non
1974 3401 2146 3456 insur-

556 3503 725 3566 geret.

628 3585 755 3642 Sola
798 3584 954 3638 virtus
990 3593 1038 3636 et
1078 3598 1274 3636 morum
1310 3582 1529 3651 probitas
1582 3582 1633 3634 in
1663 3597 1820 3636 uxore
1849 3585 2139 3652 qitwrenda.

563 3677 748 3732 Uxoris
764 3675 930 3729 divitis
947 3673 1482 3728 incommorfa.—ll;ec
1505 3673 1660 3743 igitur
1687 3689 1871 3728 omnes
1882 3692 2001 3730 cum
2015 3677 2149 3731 scia-

559 3785 698 3835 inits,
732 3783 893 3821 unum
929 3776 1130 3820 tantum
1148 3780 1470 3835 qtneramus,
1490 3779 1681 3833 nempe
1698 3765 1943 3820 virtutem
1962 3767 2144 3834 animi,

556 3871 611 3915 et
638 3875 843 3915 morum
864 3857 1128 3928 egregiam
1151 3855 1403 3921 iltdul~'lll,
1425 3865 1482 3910 ut
1500 3871 1627 3925 pace
1646 3856 1902 3923 fruamur,
1925 3869 1978 3912 et
1999 3857 2149 3913 obleo

558 3962 767 4006 rtemur
791 3948 1074 4004 concordia
1103 3956 1455 4016 perpetuaque
1482 3948 1864 4002 benevolentia.
1885 3949 1983 4015 Qui
2006 3953 2147 4005 enim

557 4043 777 4096 divitem
800 4041 950 4095 duxit
975 4054 1191 4092 uxorem
1214 4080 1229 4103 ,
1257 4038 1524 4092 don'tinam
1554 4041 1721 4108 magis
1749 4042 1850 4095 sibi
1875 4042 2145 4110 quaesivit,

559 4149 716 4202 quam
746 4131 1048 4198 conjugem.
1076 4128 1207 4182 Cum
1224 4127 1364 4181 enim
1382 4127 1648 4196 etabsque
1671 4128 1772 4184 hoc
1795 4132 2044 4186 mulieres
2066 4133 2149 4186 in-

561 4222 721 4290 genio
748 4219 979 4287 superbo
999 4218 1099 4270 sint
1121 4217 1443 4284 honorisque
1471 4216 1681 4284 cupido,
1713 4218 1757 4271 si
1784 4236 1913 4288 opes
1938 4236 2149 4291 quoque

566 4312 923 4372 accesserint,
962 4306 1229 4377 quomodo
1258 4316 1416 4361 erunt
1445 4309 1648 4363 maritis
1679 4309 2024 4366 tolerabiles?
2049 4314 2148 4382 Qui

564 4410 743 4454 autem
786 4397 1045 4468 a'qualem
1085 4396 1272 4462 duxit,
1300 4405 1394 4451 aut
1423 4397 1611 4466 opibus
1637 4397 1737 4453 sibi
1767 4399 2055 4469 imparem,
2085 4403 2149 4459 iis

563 4490 879 4559 adjutricem
919 4488 1069 4543 duxit
1105 4496 1161 4543 et
1201 4488 1435 4553 sociam,
1478 4497 1532 4544 et
1558 4492 1735 4544 omnia
1761 4491 1900 4547 bona
1928 4495 2037 4550 suis
2068 4495 2151 4550 in-

564 4586 717 4639 duxit
761 4583 983 4637 aedibus.
1036 4579 1153 4652 Ipsa
1202 4582 1344 4636 enim
1395 4584 1721 4652 paupertatis
1764 4588 2055 4643 necessitas
2098 4590 2147 4644 ei

569 4674 887 4746 persuadet,
921 4685 975 4728 ut
1004 4673 1251 4728 maritum
1278 4673 1418 4728 colat
1450 4672 1618 4729 modis
1644 4675 1890 4732 omnibus
1910 4718 1925 4744 ,
1953 4677 2149 4735 cedens

567 4767 643 4822 illi
690 4774 746 4821 ct
787 4767 1086 4835 obsequens
1129 4779 1223 4834 per
1260 4765 1438 4819 omnia
1482 4782 1496 4819 :
1533 4766 1714 4836 sicque
1751 4771 2106 4826 εοιιιε.ιιίυιιίε
2131 4812 2148 4839 ,

567 4862 729 4925 rixo,
778 4856 1104 4921 insolentia},
1150 4857 1592 4911 contumeliarum
1636 4858 1856 4912 materia
1903 4860 2146 4917 tollitur:

570 4952 714 5021 pacis
737 4959 914 5003 autem
939 4990 956 5014 ,
982 4948 1301 5014 concordiae,
1326 4947 1626 5002 dilectionis
1646 4964 2043 5021 consensusque
2063 4967 2151 5007 ac-

564 5042 707 5096 cedit
756 5041 1044 5094 vinculum.
1093 5039 1203 5094 Pax
1263 5040 1419 5109 igitur
1461 5049 1515 5094 ct
1551 5039 1783 5109 jucunda
1823 5044 2150 5099 consuetudo

564 5130 853 5201 quaerenda
896 5137 1005 5195 est,
1053 5145 1157 5182 non
1198 5130 1435 5198 pecunia.
1472 5129 1527 5183 In
1553 5129 1654 5184 hoc
1680 5129 1873 5185 factum
1903 5140 1986 5187 est
2012 5148 2146 5188 con-

562 5224 760 5295 jngium
781 5263 798 5289 ,
829 5237 931 5277 non
962 5233 1017 5276 ut
1043 5222 1172 5276 rixis
1200 5222 1352 5291 plena
1383 5223 1453 5275 sit
1477 5223 1666 5276 domus
1687 5232 1741 5277 ct
1762 5222 1900 5278 bello
1920 5267 1935 5291 ,
1962 5241 2065 5280 non
2092 5235 2148 5280 ut

561 5318 684 5371 lites
726 5314 901 5370 adsint
942 5323 997 5368 et
1040 5313 1344 5375 contentio,
1388 5327 1492 5365 non
1537 5322 1591 5367 ut
1620 5316 1817 5368 mutuis
1846 5314 2149 5370 laboremus

558 5407 814 5470 dissidiis,
839 5413 894 5461 et
916 5404 995 5459 sic
1026 5404 1264 5458 vivamus
1296 5411 1352 5456 ut
1382 5402 1503 5456 vita:
1533 5403 1723 5458 taedeat
1755 5422 1769 5458 :
1802 5406 1893 5460 sed
1921 5416 1977 5460 ut
2004 5407 2148 5461 frua-

562 5516 681 5554 mur
703 5498 999 5570 adjutorio,
1021 5505 1077 5551 ct
1118 5505 1324 5566 portum
1354 5494 1640 5549 habeamus
1660 5537 1675 5562 ,
1701 5497 1960 5567 refugium
1995 5508 2153 5570 atque

560 5591 806 5643 solatium
830 5629 845 5654 ,
874 5604 980 5658 quo
1007 5587 1175 5643 levius
1206 5585 1439 5641 feramus
1467 5587 1800 5641 inconnnoda
1826 5626 1842 5653 ,
1877 5599 2040 5660 utque
2062 5590 2151 5658 jus
2173 5618 2183 5637 ,ρ

557 5679 747 5732 condis
790 5680 971 5732 uxoris
1009 5693 1311 5734 recreemur
1339 5677 1633 5746 colloquiis.
1661 5676 1800 5744 Quot
1825 5678 2015 5733 divites
2043 5678 2138 5733 dus

556 5770 662 5825 uis
700 5769 962 5840 opulentis
1008 5767 1289 5834 uxoribus,
1326 5781 1384 5823 re
1413 5777 1563 5822 aucta
1592 5766 1900 5824 exciderunt
1929 5783 1959 5822 a
1991 5768 2138 5824 volu-

1256 373 1316 430 S.
1355 371 1632 432 JOANNIS
1667 371 2143 429 CHRYSOSTOMI
2181 373 2500 429 AfiCtllEP.
2538 373 3067 434 CONSTANTINOP.
3676 392 3766 449 πε

2245 495 2392 558 ptate
2423 487 2725 542 concordia:
2745 530 2760 555 ,
2793 504 2861 543 ne
2892 504 3073 545 mensa
3104 490 3315 560 quidem
3346 505 3550 553 vacante
3573 516 3600 553 a
3625 510 3771 572 quoii-

2242 576 2414 632 diauis
2439 579 2626 648 pugnis
2643 588 2697 634 et
2718 580 3190 634 contentionibus?
3216 592 3343 652 quot
3364 601 3608 656 pauperes
3627 593 3771 651 dnctis

2245 666 2409 721 etiam
2436 669 2837 738 pauperioribus
2863 670 3045 724 vivunt
3070 671 3123 725 in
3144 687 3301 743 pace,
3325 685 3379 730 et
3396 678 3660 737 admodum
3685 685 3771 743 Ιιειὶ

2241 759 2408 814 solem
2456 758 2597 813 Ιιιιιιε
2636 760 2932 830 aspiciunt;
2965 761 3156 817 divites
3183 775 3364 820 contra
3390 770 3619 826 omnibus
3641 775 3771 830 afllu-
3818 750 3823 754 δ

2240 856 2395 903 entes
2417 848 2626 903 deliciis
2645 890 2658 911 ,
2696 860 2912 920 propter
2937 866 3133 906 uxores
3159 853 3316 908 vitam
3346 871 3555 914 exesam
3581 859 3773 932 habent,

2240 949 2295 996 et
2333 951 2559 996 mortem
2605 942 2741 996 votis
2777 944 3079 1013 expetunt?
3121 944 3257 1001 adeo
3298 949 3437 1005 nulla
3461 960 3540 1006 est
3564 960 3777 1023 pecunia-

2241 1049 2358 1089 rum
2399 1036 2626 1100 utilitas,
2666 1036 2767 1091 nisi
2805 1036 2857 1091 in
2901 1039 3093 1092 bonam
3134 1038 3363 1095 animam
3410 1042 3686 1103 inciderint.
3710 1049 3778 1105 7E:

2240 1124 2366 1195 quid
2391 1140 2527 1196 opus
2555 1136 2636 1181 est
2662 1126 2731 1183 de
2752 1142 2882 1197 pace
2907 1128 3050 1199 loqui
3075 1139 3131 1185 et
3157 1132 3472 1202 concordia,
3497 1139 3691 1205 quando
3710 1142 3777 1195 di-

2242 1216 2429 1270 tiorem
2472 1216 2690 1273 duxisse
2728 1233 3123 1289 nonnumquam
3168 1219 3237 1275 ad
3285 1224 3527 1292 pecunias
3552 1231 3779 1295 parandas

2239 1305 2338 1360 fuit
2363 1306 2734 1364 obstaculum?
2760 1308 2846 1364 Fit
2864 1311 3005 1364 enim
3035 1310 3300 1366 interdum
3324 1324 3380 1368 ut
3398 1315 3484 1384 qui
3507 1325 3657 1371 totam
3675 1320 3781 1374 sub-

2240 1399 2490 1456 stantiam
2521 1400 2573 1454 in
2598 1401 2907 1457 accessione
2931 1402 3072 1458 dotis
3097 1405 3299 1459 uxoria:
3326 1407 3625 1474 contribuit,
3647 1413 3781 1480 paulo

2241 1500 2362 1561 post
2401 1493 2472 1548 ob
2518 1493 2857 1548 immaturum
2901 1494 3146 1565 conjugis
3189 1495 3391 1551 obitum
3435 1506 3588 1553 totam
3629 1501 3781 1557 dotem

2241 1599 2527 1639 nmncrare
2568 1593 2789 1655 cogatur
2813 1584 3062 1641 afﬁnibus
3091 1602 3105 1639 :
3134 1595 3189 1641 et
3213 1588 3643 1657 quemadmodum
3668 1608 3781 1647 nau-

2241 1677 2370 1745 fragi
2409 1684 2627 1731 enatant
2662 1676 2807 1731 nudo
2842 1692 3068 1747 corpore
3089 1717 3106 1744 ,
3144 1679 3216 1733 ita
3244 1685 3303 1735 et
3330 1678 3415 1735 hic
3445 1690 3558 1751 post
3580 1690 3651 1737 tot
3670 1698 3780 1739 con-

2243 1768 2540 1833 tentiones,
2575 1768 2717 1822 rixas
2735 1809 2753 1835 ,
2787 1769 2908 1825 lites
2935 1778 2993 1825 et
3013 1769 3232 1840 injurias
3257 1787 3399 1842 a‘gre
3426 1782 3624 1830 tueatur
3648 1775 3783 1832 liber-

2242 1868 2402 1914 tatem
2442 1859 2699 1928 corporis.
2747 1860 2812 1915 Et
2836 1860 2975 1916 sicut
3002 1860 3332 1919 insatiabiles
3360 1866 3692 1935 negotiatores
3713 1883 3785 1924 re-

2243 1949 2381 2018 pleta
2425 1951 2541 2003 navi
2585 1949 2878 2006 innumeris
2917 1953 3175 2019 sarcinis,
3213 1962 3270 2009 et
3304 1956 3563 2026 congestis
3587 1957 3788 2027 pluribus

2241 2057 2398 2111 quam
2445 2042 2667 2111 perferri
2706 2043 2912 2111 possint
2952 2044 3233 2112 oneribus,
3266 2060 3445 2100 merso
3473 2047 3668 2117 navigio
3691 2064 3791 2118 per-

2241 2133 2373 2186 dunt
2417 2132 2593 2187 omnia
2626 2148 2642 2187 :
2675 2133 2745 2187 ita
2787 2143 2842 2189 et
2868 2134 2956 2201 qui
2986 2149 3291 2205 praegraves
3318 2134 3510 2205 opibus
3535 2148 3791 2208 sequuntur

2242 2223 2452 2292 nuptias
2473 2265 2488 2289 ,
2519 2224 2643 2279 dum
2672 2223 2930 2294 majorem
2953 2240 3047 2294 per
3071 2225 3378 2294 conjugium
3410 2226 3615 2296 adipisci
3636 2243 3689 2283 se
3713 2244 3791 2299 pu-

2243 2324 2352 2369 tant
2382 2314 2763 2382 substantiam,
2802 2315 3053 2370 amittunt
3088 2325 3141 2370 et
3180 2330 3297 2370 eam
3323 2354 3345 2382 ,
3382 2332 3497 2386 qua:
3528 2317 3662 2386 prius
3686 2318 3793 2387 ipsis

2243 2405 2449 2469 fuerat;
2477 2407 2614 2461 sicut
2644 2407 2787 2461 enim
2812 2406 2918 2461 illic
2944 2407 3100 2462 unius
3124 2408 3322 2463 ﬂuctus
3350 2407 3544 2477 impetu
3564 2409 3698 2464 navis
3713 2424 3792 2478 op-

2246 2498 2488 2565 primitur
2518 2515 2532 2551 :
2564 2497 2643 2552 sic
2663 2506 2717 2553 et
2736 2496 2823 2552 hic
2844 2497 3124 2552 immatura
3150 2512 3297 2553 mors
3320 2498 3557 2570 conjugis
3578 2514 3796 2570 superve-

2243 2588 2397 2642 niens
2410 2604 2533 2643 cum
2560 2605 2726 2645 uxore
2748 2591 2908 2646 etiam
2939 2606 3051 2647 rem
3079 2606 3294 2648 omnem
3323 2594 3503 2664 eripit.

2315 2679 2370 2734 5.
2419 2678 2546 2735 llaac
2586 2680 2748 2749 igitur
2768 2683 2946 2736 omnia
2970 2682 3268 2752 cogitantes
3297 2699 3411 2739 non
3437 2685 3671 2755 pecunias
3690 2700 3796 2756 spe-

2244 2776 2449 2823 ctemus
2470 2809 2486 2834 ,
2514 2769 2609 2825 sed
2629 2770 2944 2840 probitatem
2967 2812 2983 2838 ,
3004 2770 3342 2827 honestatem
3364 2814 3379 2839 ,
3402 2784 3456 2829 et
3476 2775 3796 2844 prudentiam.

2240 2859 2436 2916 Mulier
2480 2860 2625 2917 enim
2669 2861 2924 2929 cordata,
2974 2865 3231 2933 probata,
3274 2866 3555 2931 modesta,
3593 2868 3659 2922 sit
3693 2868 3801 2922 licet

2247 2967 2447 3022 pauper
2464 2995 2480 3019 ,
2508 2961 2875 3024 paupertatem
2897 2955 3231 3011 commodius
3251 2954 3391 3012 feret
3411 2974 3564 3028 quam
3583 2958 3797 3013 divitias:

2245 3043 2384 3096 sicut
2423 3053 2608 3098 contra
2653 3059 2864 3100 morosa
2890 3083 2910 3111 ,
2949 3045 3314 3113 contentiosa,
3358 3056 3412 3102 et
3446 3047 3798 3117 intemperans,

2247 3133 2451 3186 etiamsi
2485 3134 2724 3204 ingentes
2751 3133 3031 3189 thesauros
3054 3136 3106 3188 in
3129 3135 3334 3191 :edibus
3363 3137 3619 3203 inveniat,
3641 3138 3801 3207 quavis

2250 3223 2478 3291 procella
2499 3224 2656 3279 citius
2682 3239 2774 3279 eos
2801 3223 3054 3295 dissipat,
3079 3227 3435 3297 maritumque
3452 3239 3504 3283 et
3526 3236 3803 3298 paupertate

2247 3325 2301 3368 et
2330 3313 2622 3368 iunmneris
2647 3315 2868 3369 involvit
2883 3315 3290 3372 calamitatibus.
3313 3316 3430 3372 Non
3453 3319 3602 3388 igitur
3618 3317 3804 3372 divitias

2249 3419 2586 3473 quzeratnus,
2621 3404 2718 3460 sed
2755 3421 2874 3475 qua:
2918 3416 3209 3476 przesentes
3249 3406 3530 3465 facultates
3561 3409 3804 3479 dispenset

2248 3496 2549 3550 counnode.

2320 3585 2422 3640 Cur
2461 3588 2743 3642 institutum
2786 3589 2939 3661 fuerit
2976 3590 3289 3661 conjugt'um.
3351 3591 3642 3661 Exemplum
3665 3591 3803 3645 Abra-

2251 3670 2388 3725 Itami
2416 3671 2525 3738 ﬁlio
2549 3688 2641 3727 suo
2675 3689 2884 3727 uxorem
2909 3676 3197 3745 qummtis.
3228 3704 3301 3715 --
3330 3679 3469 3736 Ante
3491 3677 3657 3730 omnia
3680 3675 3806 3730 disce

2250 3781 2495 3834 quamam
2523 3764 2681 3820 fuerit
2701 3782 2859 3822 causa
2885 3767 3139 3838 conjugii,
3161 3776 3215 3822 et
3234 3770 3581 3839 quamobrem
3608 3769 3655 3822 in
3678 3782 3806 3821 com-

2251 3873 2465 3913 munem
2496 3858 2655 3913 vitam
2685 3858 3041 3914 introductum
3063 3861 3150 3927 sit,
3174 3876 3274 3916 nec
3292 3862 3577 3932 quidquam
3597 3860 3810 3932 requiras

2252 3950 2502 4019 amplius.
2544 3949 2673 4016 Qua:
2712 3951 2868 4020 igitur
2904 3949 3001 4005 fuit
3028 3966 3187 4005 causa
3213 3953 3450 4022 conjugii
3472 3995 3486 4020 ,
3511 3963 3561 4007 et
3585 3967 3672 4006 cur
3695 3947 3805 4006 illud

2253 4037 2434 4092 datum
2474 4050 2555 4093 est
2594 4038 2890 4094 divinitus?
2914 4039 3051 4095 Audi
3084 4041 3302 4095 Paulum
3331 4042 3625 4107 dicentem,
3657 4039 3728 4094 Ad
3746 4039 3807 4092 ri-

2251 4129 2432 4182 taudus
2471 4140 2634 4182 autem
2673 4130 2997 4185 scortationes
3023 4132 3230 4202 quisque
3262 4149 3413 4186 suam
3438 4130 3806 4187 uxorem/tabent

2259 4220 2334 4289 (1.
2366 4218 2479 4273 Cor.
2516 4220 2569 4273 7.
2596 4219 2673 4289 ὲ).
2720 4220 2833 4275 Non
2877 4221 3048 4288 dixit,
3096 4221 3161 4277 Ut
3190 4224 3421 4278 evitetur
3448 4232 3738 4294 paupertas,
3761 4229 3808 4274 ct

2257 4321 2508 4379 parentur
2544 4310 2742 4365 divitia:
2789 4330 2804 4368 :
2846 4313 2941 4368 sed
2971 4313 3134 4383 quid?
3158 4313 3228 4371 Ut
3254 4315 3630 4369 scortationem
3658 4311 3803 4368 evite-

2254 4415 2403 4463 mus,
2452 4410 2509 4455 ιιι
2552 4401 2893 4457 moderemur
2938 4404 3426 4475 concupiscentiam
3451 4447 3468 4474 ς
3517 4414 3573 4460 ιιι
3600 4406 3805 4458 vivamus

2255 4492 2465 4559 sobrie,
2513 4503 2570 4547 ut
2610 4493 2718 4548 Deo
2758 4495 3062 4564 placeamus
3100 4497 3335 4552 contenti
3377 4513 3543 4554 uxore
3578 4495 3801 4567 propria:

2257 4582 2357 4638 hoc
2404 4584 2558 4639 nobis
2599 4585 2754 4639 atfert
2799 4587 3137 4657 conjugium,
3189 4588 3275 4643 hic
3320 4589 3441 4659 ejus
3478 4585 3806 4652 frnctus,ltoc

2257 4674 2382 4730 inde
2408 4676 2609 4730 lucrum
2637 4682 2738 4731 est.
2767 4676 2907 4731 Cave
2936 4677 3095 4748 igitur
3119 4679 3330 4734 omissis
3358 4680 3644 4749 potioribus
3660 4685 3806 4732 secte-

2258 4766 2332 4819 ris
2360 4781 2477 4835 quze
2507 4767 2729 4821 minoris
2751 4776 2877 4821 sunt
2906 4769 3062 4837 pretii
3088 4787 3101 4822 :
3133 4785 3283 4824 mens
3314 4772 3457 4824 enim
3484 4769 3654 4825 sobria
3677 4766 3805 4834 longe

2260 4866 2476 4925 pnestat
2500 4857 2718 4912 divitiis.
2750 4858 2861 4913 [loc
2886 4859 3027 4913 enim
3060 4876 3223 4914 unum
3248 4862 3300 4915 in
3323 4861 3569 4932 conjugio
3592 4867 3808 4929 spectan-

2255 4948 2378 5002 dum
2406 4959 2488 5004 est
2515 4950 2743 5004 maxime
2766 4992 2780 5015 ,
2809 4960 2866 5004 ut
2894 4961 3169 5021 peccatum
3201 4953 3546 5022 eﬂ‘ugiamus,
3567 4963 3618 5006 ut
3635 4951 3806 5005 immu-

2256 5057 2349 5096 nes
2392 5040 2558 5096 simus
2600 5058 2630 5096 a
2671 5042 3084 5097 scortationibus
3130 5060 3143 5097 :
3182 5044 3232 5097 in
3266 5046 3363 5097 hoc
3386 5041 3678 5113 qu:rrend:e
3701 5045 3810 5093 sunt

2258 5131 2453 5202 nupti:e
2476 5172 2493 5199 ,
2522 5141 2579 5186 ut
2606 5133 2671 5187 ad
2705 5135 2862 5187 vitam
2891 5133 3077 5203 pudice
3098 5133 3391 5204 degendam
3420 5149 3518 5188 nos
3544 5131 3803 5200 adjuvent:

2255 5223 2397 5291 quod
2427 5223 2495 5277 ita
2522 5223 2734 5278 demum
2766 5224 2998 5279 futurum
3026 5235 3107 5280 est
3130 5266 3146 5290 ,
3174 5226 3217 5279 si
3246 5226 3363 5278 talis
3381 5239 3574 5294 sponsa
3600 5219 3809 5286 contige-

2256 5314 2353 5379 rit,
2385 5330 2504 5383 quae
2529 5312 2593 5368 ad
2624 5314 2688 5382 pit
2710 5323 2899 5378 latent,
2932 5314 2998 5367 ad
3026 5316 3424 5385 temperantiam
3447 5326 3499 5367 et
3518 5312 3807 5382 probitatem

2256 5419 2354 5457 nos
2384 5418 2626 5474 magnam
2658 5405 2860 5474 redigat
2920 5405 3171 5475 Corporis
3199 5406 3340 5460 enim
3372 5402 3700 5475 pulchritudo
3720 5394 3807 5452 nisi

2255 5494 2590 5561 conjunctam
2635 5494 2827 5550 habeat
2860 5496 3108 5551 virtutem
3152 5496 3345 5561 animi,
3377 5494 3571 5564 poterit
3616 5488 3808 5561 quidem

2257 5587 2506 5640 maritmn
2550 5603 2721 5656 usque
2757 5586 2823 5640 ad
2850 5586 3035 5642 decem
3061 5597 3152 5642 aut
3181 5587 3390 5657 viginti,
3419 5584 3692 5654 trigintave
3711 5576 3811 5631 dies

2255 5691 2481 5746 capere,
2538 5678 2629 5733 sed
2675 5678 2917 5733 eamdem
2966 5680 3072 5733 vim
3120 5695 3226 5734 non
3265 5676 3525 5735 obtinebit
3575 5671 3814 5732 ulterius,

2254 5769 2394 5839 quod
2438 5770 2758 5827 incentivum
2806 5771 2932 5828 illud
2975 5775 3174 5851 amoris
3219 5778 3471 5830 vanescat
3498 5768 3697 5824 detecta
3720 5775 3817 5814 nut-
