  <div class='ocr_page' id='page_1' title='image "/cluster/home/n/w/nwhite01/storage/ocr_20150623/51/mdp.39015052813998/228.png"; bbox 0 0 4058 6258; ppageno 0'>
   <div class='ocr_carea' id='block_1_1' title="bbox 323 329 424 384">
    <p class='ocr_par' dir='ltr' id='par_1_1' title="bbox 323 329 424 384">
     <span class='ocr_line' id='line_1_1' title="bbox 323 329 424 384; baseline 0.01 -1"><span class='ocrx_word' id='word_1_1' title='bbox 323 329 424 384; x_wconf 69' lang='lat'>231</span> 
     </span>
    </p>
   </div>
   <div class='ocr_carea' id='block_1_2' title="bbox 322 437 1910 512">
    <p class='ocr_par' dir='ltr' id='par_1_2' title="bbox 322 437 1910 512">
     <span class='ocr_line' id='line_1_2' title="bbox 322 437 1910 512; baseline 0 -20"><span class='ocrx_word' id='word_1_2' title='bbox 322 439 596 511; x_wconf 63' lang='grc' dir='ltr'>ἡμέτερον</span> <span class='ocrx_word' id='word_1_3' title='bbox 623 437 718 492; x_wconf 86' lang='grc' dir='ltr'>δύο</span> <span class='ocrx_word' id='word_1_4' title='bbox 755 443 927 494; x_wconf 75' lang='grc' dir='ltr'>ταῦτα</span> <span class='ocrx_word' id='word_1_5' title='bbox 968 444 1291 512; x_wconf 73' lang='grc' dir='ltr'>συγκροτεῖν</span> <span class='ocrx_word' id='word_1_6' title='bbox 1325 443 1482 496; x_wconf 79' lang='grc' dir='ltr'>εἴωθε</span> <span class='ocrx_word' id='word_1_7' title='bbox 1503 483 1518 510; x_wconf 93' lang='grc'>,</span> <span class='ocrx_word' id='word_1_8' title='bbox 1549 441 1620 495; x_wconf 82' lang='grc' dir='ltr'>τὰ</span> <span class='ocrx_word' id='word_1_9' title='bbox 1657 440 1910 494; x_wconf 87' lang='grc' dir='ltr'>πολιτικά</span> 
     </span>
    </p>
   </div>
   <div class='ocr_carea' id='block_1_3' title="bbox 321 521 1912 596">
    <p class='ocr_par' dir='ltr' id='par_1_3' title="bbox 321 521 1912 596">
     <span class='ocr_line' id='line_1_3' title="bbox 321 521 1912 596; baseline 0 -22"><span class='ocrx_word' id='word_1_10' title='bbox 321 523 416 575; x_wconf 75' lang='grc' dir='ltr'>καὶ</span> <span class='ocrx_word' id='word_1_11' title='bbox 444 521 688 576; x_wconf 76' lang='grc' dir='ltr'>ἰδιωτικὰ</span> <span class='ocrx_word' id='word_1_12' title='bbox 721 523 1025 592; x_wconf 88' lang='grc' dir='ltr'>πράγματα</span> <span class='ocrx_word' id='word_1_13' title='bbox 1049 566 1063 590; x_wconf 94' lang='grc'>,</span> <span class='ocrx_word' id='word_1_14' title='bbox 1121 523 1311 577; x_wconf 85' lang='grc' dir='ltr'>διελὼν</span> <span class='ocrx_word' id='word_1_15' title='bbox 1341 525 1630 596; x_wconf 84' lang='grc' dir='ltr'>ἀμφότερα</span> <span class='ocrx_word' id='word_1_16' title='bbox 1677 523 1849 576; x_wconf 80' lang='grc' dir='ltr'>ταῦτα</span> <span class='ocrx_word' id='word_1_17' title='bbox 1883 525 1912 574; x_wconf 86' lang='grc' dir='ltr'>ὁ</span> 
     </span>
    </p>
   </div>
   <div class='ocr_carea' id='block_1_4' title="bbox 318 605 1909 678">
    <p class='ocr_par' dir='ltr' id='par_1_4' title="bbox 318 605 1909 678">
     <span class='ocr_line' id='line_1_4' title="bbox 318 605 1909 678; baseline 0.002 -23"><span class='ocrx_word' id='word_1_18' title='bbox 318 605 472 668; x_wconf 77' lang='grc' dir='ltr'>Θεὸς,</span> <span class='ocrx_word' id='word_1_19' title='bbox 491 605 664 676; x_wconf 84' lang='grc' dir='ltr'>ταύτῃ</span> <span class='ocrx_word' id='word_1_20' title='bbox 690 605 788 675; x_wconf 83' lang='grc' dir='ltr'>μὲν</span> <span class='ocrx_word' id='word_1_21' title='bbox 813 607 912 676; x_wconf 79' lang='grc' dir='ltr'>τὴν</span> <span class='ocrx_word' id='word_1_22' title='bbox 932 609 1031 677; x_wconf 83' lang='grc' dir='ltr'>τῆς</span> <span class='ocrx_word' id='word_1_23' title='bbox 1058 607 1236 670; x_wconf 79' lang='grc' dir='ltr'>οἰκίας</span> <span class='ocrx_word' id='word_1_24' title='bbox 1259 607 1596 678; x_wconf 86' lang='grc' dir='ltr'>προστασίαν</span> <span class='ocrx_word' id='word_1_25' title='bbox 1621 607 1909 675; x_wconf 81' lang='grc' dir='ltr'>ἀπένειμε,</span> 
     </span>
    </p>
   </div>
   <div class='ocr_carea' id='block_1_5' title="bbox 319 686 1909 761">
    <p class='ocr_par' dir='ltr' id='par_1_5' title="bbox 319 686 1909 761">
     <span class='ocr_line' id='line_1_5' title="bbox 319 686 1909 761; baseline 0.004 -24"><span class='ocrx_word' id='word_1_26' title='bbox 319 689 434 747; x_wconf 87' lang='grc' dir='ltr'>τοῖς</span> <span class='ocrx_word' id='word_1_27' title='bbox 473 686 532 738; x_wconf 83' lang='grc' dir='ltr'>δὲ</span> <span class='ocrx_word' id='word_1_28' title='bbox 560 686 785 756; x_wconf 81' lang='grc' dir='ltr'>ἀνδράσι</span> <span class='ocrx_word' id='word_1_29' title='bbox 819 688 886 740; x_wconf 75' lang='grc' dir='ltr'>τά</span> <span class='ocrx_word' id='word_1_30' title='bbox 929 688 1033 758; x_wconf 87' lang='grc' dir='ltr'>τῆς</span> <span class='ocrx_word' id='word_1_31' title='bbox 1072 689 1276 751; x_wconf 84' lang='grc' dir='ltr'>πόλεως</span> <span class='ocrx_word' id='word_1_32' title='bbox 1312 689 1525 742; x_wconf 77' lang='grc' dir='ltr'>ἅπαντα</span> <span class='ocrx_word' id='word_1_33' title='bbox 1571 689 1909 761; x_wconf 87' lang='grc' dir='ltr'>πράγματα,</span> 
     </span>
    </p>
   </div>
   <div class='ocr_carea' id='block_1_6' title="bbox 319 769 1908 844">
    <p class='ocr_par' dir='ltr' id='par_1_6' title="bbox 319 769 1908 844">
     <span class='ocr_line' id='line_1_6' title="bbox 319 769 1908 844; baseline 0.005 -24"><span class='ocrx_word' id='word_1_34' title='bbox 319 769 388 822; x_wconf 85' lang='grc' dir='ltr'>τά</span> <span class='ocrx_word' id='word_1_35' title='bbox 417 785 478 820; x_wconf 82' lang='grc' dir='ltr'>τε</span> <span class='ocrx_word' id='word_1_36' title='bbox 525 769 618 822; x_wconf 65' lang='grc' dir='ltr'>ἐπὶ</span> <span class='ocrx_word' id='word_1_37' title='bbox 665 769 768 838; x_wconf 84' lang='grc' dir='ltr'>τῆς</span> <span class='ocrx_word' id='word_1_38' title='bbox 817 771 1060 841; x_wconf 81' lang='grc' dir='ltr'>ἀγορᾶς,</span> <span class='ocrx_word' id='word_1_39' title='bbox 1108 771 1438 843; x_wconf 83' lang='grc' dir='ltr'>δικαστήρια</span> <span class='ocrx_word' id='word_1_40' title='bbox 1462 814 1477 838; x_wconf 93' lang='grc'>,</span> <span class='ocrx_word' id='word_1_41' title='bbox 1514 773 1868 844; x_wconf 78' lang='grc' dir='ltr'>βουλευτήρια</span> <span class='ocrx_word' id='word_1_42' title='bbox 1894 814 1908 838; x_wconf 95' lang='grc'>,</span> 
     </span>
    </p>
   </div>
   <div class='ocr_carea' id='block_1_7' title="bbox 321 851 1910 920">
    <p class='ocr_par' dir='ltr' id='par_1_7' title="bbox 321 851 1910 920">
     <span class='ocr_line' id='line_1_7' title="bbox 321 851 1910 920; baseline 0.006 -20"><span class='ocrx_word' id='word_1_43' title='bbox 321 851 680 920; x_wconf 75' lang='grc' dir='ltr'>στρατηγίας,</span> <span class='ocrx_word' id='word_1_44' title='bbox 729 851 796 904; x_wconf 69' lang='grc' dir='ltr'>τὰ</span> <span class='ocrx_word' id='word_1_45' title='bbox 831 852 968 906; x_wconf 84' lang='grc' dir='ltr'>ἄλλα</span> <span class='ocrx_word' id='word_1_46' title='bbox 995 855 1190 908; x_wconf 87' lang='grc' dir='ltr'>πάντα.</span> <span class='ocrx_word' id='word_1_47' title='bbox 1247 855 1322 908; x_wconf 88' lang='grc' dir='ltr'>Οὐ</span> <span class='ocrx_word' id='word_1_48' title='bbox 1367 855 1589 908; x_wconf 86' lang='grc' dir='ltr'>δύναται</span> <span class='ocrx_word' id='word_1_49' title='bbox 1631 857 1910 910; x_wconf 89' lang='grc' dir='ltr'>ἀκοντίσαι</span> 
     </span>
    </p>
   </div>
   <div class='ocr_carea' id='block_1_8' title="bbox 317 929 1912 1008">
    <p class='ocr_par' dir='ltr' id='par_1_8' title="bbox 317 929 1912 1008">
     <span class='ocr_line' id='line_1_8' title="bbox 317 929 1912 1008; baseline 0.007 -26"><span class='ocrx_word' id='word_1_50' title='bbox 317 929 471 1001; x_wconf 78' lang='grc' dir='ltr'>δόρυ,</span> <span class='ocrx_word' id='word_1_51' title='bbox 500 933 620 987; x_wconf 80' lang='grc' dir='ltr'>οὐδὲ</span> <span class='ocrx_word' id='word_1_52' title='bbox 643 935 860 1001; x_wconf 78' lang='grc' dir='ltr'>ἀφεῖναι</span> <span class='ocrx_word' id='word_1_53' title='bbox 893 935 1042 1005; x_wconf 84' lang='grc' dir='ltr'>βέλος</span> <span class='ocrx_word' id='word_1_54' title='bbox 1063 939 1096 1007; x_wconf 89' lang='grc' dir='ltr'><strong>ἡ</strong></span> <span class='ocrx_word' id='word_1_55' title='bbox 1126 939 1284 1007; x_wconf 87' lang='grc' dir='ltr'>γυνή·</span> <span class='ocrx_word' id='word_1_56' title='bbox 1311 939 1426 990; x_wconf 83' lang='grc' dir='ltr'>ἀλλ’</span> <span class='ocrx_word' id='word_1_57' title='bbox 1452 939 1732 1008; x_wconf 77' lang='grc' dir='ltr'>ἠλακάτην</span> <span class='ocrx_word' id='word_1_58' title='bbox 1753 939 1912 993; x_wconf 82' lang='grc' dir='ltr'>δύναο</span> 
     </span>
    </p>
   </div>
   <div class='ocr_carea' id='block_1_9' title="bbox 318 1016 1910 1088">
    <p class='ocr_par' dir='ltr' id='par_1_9' title="bbox 318 1016 1910 1088">
     <span class='ocr_line' id='line_1_9' title="bbox 318 1016 1910 1088; baseline 0.006 -20"><span class='ocrx_word' id='word_1_59' title='bbox 318 1033 409 1068; x_wconf 79' lang='grc' dir='ltr'>ται</span> <span class='ocrx_word' id='word_1_60' title='bbox 439 1016 642 1082; x_wconf 89' lang='grc' dir='ltr'>λαϐεῖν,</span> <span class='ocrx_word' id='word_1_61' title='bbox 679 1019 772 1070; x_wconf 68' lang='grc' dir='ltr'>καὶ</span> <span class='ocrx_word' id='word_1_62' title='bbox 802 1019 944 1072; x_wconf 79' lang='grc' dir='ltr'>ἰστὸν</span> <span class='ocrx_word' id='word_1_63' title='bbox 973 1021 1196 1088; x_wconf 76' lang='grc' dir='ltr'>ὐφᾶναι,</span> <span class='ocrx_word' id='word_1_64' title='bbox 1241 1022 1333 1073; x_wconf 70' lang='grc' dir='ltr'>καὶ</span> <span class='ocrx_word' id='word_1_65' title='bbox 1361 1022 1426 1073; x_wconf 79' lang='grc' dir='ltr'>τὰ</span> <span class='ocrx_word' id='word_1_66' title='bbox 1457 1021 1592 1074; x_wconf 86' lang='grc' dir='ltr'>ἀλλα</span> <span class='ocrx_word' id='word_1_67' title='bbox 1633 1023 1812 1075; x_wconf 84' lang='grc' dir='ltr'>πάντα</span> <span class='ocrx_word' id='word_1_68' title='bbox 1841 1023 1910 1077; x_wconf 80' lang='grc' dir='ltr'>τά</span> 
     </span>
    </p>
   </div>
   <div class='ocr_carea' id='block_1_10' title="bbox 321 1098 1910 1177">
    <p class='ocr_par' dir='ltr' id='par_1_10' title="bbox 321 1098 1910 1177">
     <span class='ocr_line' id='line_1_10' title="bbox 321 1098 1910 1177; baseline 0.005 -26"><span class='ocrx_word' id='word_1_69' title='bbox 321 1098 464 1151; x_wconf 85' lang='grc' dir='ltr'>κατά</span> <span class='ocrx_word' id='word_1_70' title='bbox 493 1099 590 1170; x_wconf 81' lang='grc' dir='ltr'>τὴν</span> <span class='ocrx_word' id='word_1_71' title='bbox 615 1101 788 1153; x_wconf 89' lang='grc' dir='ltr'>οἰκίαν</span> <span class='ocrx_word' id='word_1_72' title='bbox 811 1101 1072 1157; x_wconf 84' lang='grc' dir='ltr'>διαθεῖναι</span> <span class='ocrx_word' id='word_1_73' title='bbox 1097 1104 1298 1167; x_wconf 85' lang='grc' dir='ltr'>καλῶς.</span> <span class='ocrx_word' id='word_1_74' title='bbox 1327 1106 1398 1156; x_wconf 87' lang='grc' dir='ltr'>Οὐ</span> <span class='ocrx_word' id='word_1_75' title='bbox 1431 1103 1652 1158; x_wconf 88' lang='grc' dir='ltr'>δύναται</span> <span class='ocrx_word' id='word_1_76' title='bbox 1685 1105 1910 1177; x_wconf 81' lang='grc' dir='ltr'>γνώμην</span> 
     </span>
    </p>
   </div>
   <div class='ocr_carea' id='block_1_11' title="bbox 317 1182 1909 1260">
    <p class='ocr_par' dir='ltr' id='par_1_11' title="bbox 317 1182 1909 1260">
     <span class='ocr_line' id='line_1_11' title="bbox 317 1182 1909 1260; baseline 0.006 -28"><span class='ocrx_word' id='word_1_77' title='bbox 317 1182 726 1252; x_wconf 81' lang='grc' dir='ltr'>εἰσηγήσασθαι</span> <span class='ocrx_word' id='word_1_78' title='bbox 755 1185 812 1236; x_wconf 82' lang='grc' dir='ltr'>ὲν</span> <span class='ocrx_word' id='word_1_79' title='bbox 839 1183 1208 1256; x_wconf 77' lang='grc' dir='ltr'>βουλευτηρίῳ</span> <span class='ocrx_word' id='word_1_80' title='bbox 1233 1203 1244 1214; x_wconf 91' lang='grc'><strong>·</strong></span> <span class='ocrx_word' id='word_1_81' title='bbox 1279 1186 1413 1240; x_wconf 76' lang='grc' dir='ltr'>ἀλλὰ</span> <span class='ocrx_word' id='word_1_82' title='bbox 1437 1187 1657 1241; x_wconf 79' lang='grc' dir='ltr'>δύναται</span> <span class='ocrx_word' id='word_1_83' title='bbox 1685 1189 1909 1260; x_wconf 80' lang='grc' dir='ltr'>γνώμην</span> 
     </span>
    </p>
   </div>
   <div class='ocr_carea' id='block_1_12' title="bbox 319 1266 1906 1341">
    <p class='ocr_par' dir='ltr' id='par_1_12' title="bbox 319 1266 1906 1341">
     <span class='ocr_line' id='line_1_12' title="bbox 319 1266 1906 1341; baseline 0.005 -25"><span class='ocrx_word' id='word_1_84' title='bbox 319 1266 722 1334; x_wconf 79' lang='grc' dir='ltr'>εἰσηγήσασθαι</span> <span class='ocrx_word' id='word_1_85' title='bbox 755 1268 811 1318; x_wconf 81' lang='grc' dir='ltr'>ἐν</span> <span class='ocrx_word' id='word_1_86' title='bbox 841 1267 1006 1338; x_wconf 78' lang='grc' dir='ltr'>οἰκία,</span> <span class='ocrx_word' id='word_1_87' title='bbox 1041 1270 1134 1321; x_wconf 71' lang='grc' dir='ltr'>καὶ</span> <span class='ocrx_word' id='word_1_88' title='bbox 1163 1268 1424 1332; x_wconf 78' lang='grc' dir='ltr'>πολλάκις</span> <span class='ocrx_word' id='word_1_89' title='bbox 1450 1271 1593 1341; x_wconf 76' lang='grc' dir='ltr'>άπερ</span> <span class='ocrx_word' id='word_1_90' title='bbox 1623 1273 1860 1325; x_wconf 81' lang='grc' dir='ltr'>συνεῖδεν</span> <span class='ocrx_word' id='word_1_91' title='bbox 1881 1274 1906 1324; x_wconf 86' lang='grc' dir='ltr'>ὁ</span> 
     </span>
    </p>
   </div>
   <div class='ocr_carea' id='block_1_13' title="bbox 319 1345 1905 1424">
    <p class='ocr_par' dir='ltr' id='par_1_13' title="bbox 319 1345 1905 1424">
     <span class='ocr_line' id='line_1_13' title="bbox 319 1345 1905 1424; baseline 0.006 -27"><span class='ocrx_word' id='word_1_92' title='bbox 319 1345 460 1417; x_wconf 80' lang='grc' dir='ltr'>ἀνὴρ</span> <span class='ocrx_word' id='word_1_93' title='bbox 487 1346 596 1398; x_wconf 87' lang='grc' dir='ltr'>τῶν</span> <span class='ocrx_word' id='word_1_94' title='bbox 635 1348 777 1400; x_wconf 83' lang='grc' dir='ltr'>κατά</span> <span class='ocrx_word' id='word_1_95' title='bbox 803 1349 900 1418; x_wconf 76' lang='grc' dir='ltr'>τὴν</span> <span class='ocrx_word' id='word_1_96' title='bbox 947 1350 1145 1414; x_wconf 89' lang='grc' dir='ltr'>οἰκίαν,</span> <span class='ocrx_word' id='word_1_97' title='bbox 1201 1351 1410 1420; x_wconf 82' lang='grc' dir='ltr'>βέλτιον</span> <span class='ocrx_word' id='word_1_98' title='bbox 1459 1352 1598 1424; x_wconf 74' lang='grc' dir='ltr'>αὕτη</span> <span class='ocrx_word' id='word_1_99' title='bbox 1649 1354 1905 1406; x_wconf 82' lang='grc' dir='ltr'>συνεῖδεν.</span> 
     </span>
    </p>
   </div>
   <div class='ocr_carea' id='block_1_14' title="bbox 319 1427 1907 1500">
    <p class='ocr_par' dir='ltr' id='par_1_14' title="bbox 319 1427 1907 1500">
     <span class='ocr_line' id='line_1_14' title="bbox 319 1427 1907 1500; baseline 0.008 -24"><span class='ocrx_word' id='word_1_100' title='bbox 319 1429 400 1478; x_wconf 74' lang='grc' dir='ltr'>υύ</span> <span class='ocrx_word' id='word_1_101' title='bbox 434 1427 654 1480; x_wconf 84' lang='grc' dir='ltr'>δύναται</span> <span class='ocrx_word' id='word_1_102' title='bbox 689 1429 755 1482; x_wconf 84' lang='grc' dir='ltr'>τά</span> <span class='ocrx_word' id='word_1_103' title='bbox 785 1431 1017 1500; x_wconf 87' lang='grc' dir='ltr'>δημόσια</span> <span class='ocrx_word' id='word_1_104' title='bbox 1047 1432 1309 1486; x_wconf 89' lang='grc' dir='ltr'>διαθεῖναι</span> <span class='ocrx_word' id='word_1_105' title='bbox 1352 1433 1552 1497; x_wconf 88' lang='grc' dir='ltr'>καλῶς·</span> <span class='ocrx_word' id='word_1_106' title='bbox 1589 1435 1723 1488; x_wconf 84' lang='grc' dir='ltr'>ἀλλά</span> <span class='ocrx_word' id='word_1_107' title='bbox 1747 1435 1907 1488; x_wconf 81' lang='grc' dir='ltr'>δύνα-</span> 
     </span>
    </p>
   </div>
   <div class='ocr_carea' id='block_1_15' title="bbox 317 1510 1912 1587">
    <p class='ocr_par' dir='ltr' id='par_1_15' title="bbox 317 1510 1912 1587">
     <span class='ocr_line' id='line_1_15' title="bbox 317 1510 1912 1587; baseline 0.007 -27"><span class='ocrx_word' id='word_1_108' title='bbox 317 1526 412 1562; x_wconf 84' lang='grc' dir='ltr'>ται</span> <span class='ocrx_word' id='word_1_109' title='bbox 447 1510 632 1563; x_wconf 88' lang='grc' dir='ltr'>παιδία</span> <span class='ocrx_word' id='word_1_110' title='bbox 653 1510 940 1581; x_wconf 77' lang='grc' dir='ltr'>διαθρέψαι</span> <span class='ocrx_word' id='word_1_111' title='bbox 975 1514 1174 1578; x_wconf 90' lang='grc' dir='ltr'>καλῶς,</span> <span class='ocrx_word' id='word_1_112' title='bbox 1216 1515 1275 1568; x_wconf 87' lang='grc' dir='ltr'>τὸ</span> <span class='ocrx_word' id='word_1_113' title='bbox 1310 1516 1602 1585; x_wconf 85' lang='grc' dir='ltr'>κεφάλαιον</span> <span class='ocrx_word' id='word_1_114' title='bbox 1641 1517 1747 1570; x_wconf 88' lang='grc' dir='ltr'>τῶν</span> <span class='ocrx_word' id='word_1_115' title='bbox 1777 1535 1912 1587; x_wconf 86' lang='grc' dir='ltr'>κτη-</span> 
     </span>
    </p>
   </div>
   <div class='ocr_carea' id='block_1_16' title="bbox 323 1591 1907 1668">
    <p class='ocr_par' dir='ltr' id='par_1_16' title="bbox 323 1591 1907 1668">
     <span class='ocr_line' id='line_1_16' title="bbox 323 1591 1907 1668; baseline 0.006 -26"><span class='ocrx_word' id='word_1_116' title='bbox 323 1593 514 1660; x_wconf 83' lang='grc' dir='ltr'>μάτων</span> <span class='ocrx_word' id='word_1_117' title='bbox 539 1608 550 1620; x_wconf 95' lang='grc'><strong>·</strong></span> <span class='ocrx_word' id='word_1_118' title='bbox 587 1591 811 1646; x_wconf 85' lang='grc' dir='ltr'>δύναται</span> <span class='ocrx_word' id='word_1_119' title='bbox 843 1594 1240 1666; x_wconf 88' lang='grc' dir='ltr'>θεραπαινίδων</span> <span class='ocrx_word' id='word_1_120' title='bbox 1269 1597 1604 1668; x_wconf 86' lang='grc' dir='ltr'>κακουργίας</span> <span class='ocrx_word' id='word_1_121' title='bbox 1645 1599 1907 1661; x_wconf 85' lang='grc' dir='ltr'>συνιδεῖν,</span> 
     </span>
    </p>
   </div>
   <div class='ocr_carea' id='block_1_17' title="bbox 317 1669 1954 1752">
    <p class='ocr_par' dir='ltr' id='par_1_17' title="bbox 317 1669 1954 1752">
     <span class='ocr_line' id='line_1_17' title="bbox 317 1669 1954 1752; baseline 0.005 -28"><span class='ocrx_word' id='word_1_122' title='bbox 317 1675 414 1725; x_wconf 81' lang='grc' dir='ltr'>καὶ</span> <span class='ocrx_word' id='word_1_123' title='bbox 446 1674 802 1744; x_wconf 74' lang='grc' dir='ltr'>σωφροσύνης</span> <span class='ocrx_word' id='word_1_124' title='bbox 852 1677 1249 1749; x_wconf 79' lang='grc' dir='ltr'>ἐπιμεληθῆναι</span> <span class='ocrx_word' id='word_1_125' title='bbox 1296 1680 1404 1732; x_wconf 90' lang='grc' dir='ltr'>τῶν</span> <span class='ocrx_word' id='word_1_126' title='bbox 1438 1680 1870 1752; x_wconf 83' lang='grc' dir='ltr'>διακονουμένων</span> <span class='ocrx_word' id='word_1_127' title='bbox 1891 1719 1907 1744; x_wconf 93' lang='grc'>,</span> <span class='ocrx_word' id='word_1_128' title='bbox 1927 1669 1954 1700; x_wconf 28' lang='grc' dir='ltr'>κ’</span> 
     </span>
    </p>
   </div>
   <div class='ocr_carea' id='block_1_18' title="bbox 316 1755 1906 1834">
    <p class='ocr_par' dir='ltr' id='par_1_18' title="bbox 316 1755 1906 1834">
     <span class='ocr_line' id='line_1_18' title="bbox 316 1755 1906 1834; baseline 0.023 -29"><span class='ocrx_word' id='word_1_129' title='bbox 316 1756 420 1824; x_wconf 79' lang='grc' dir='ltr'>τὴν</span> <span class='ocrx_word' id='word_1_130' title='bbox 455 1755 620 1826; x_wconf 84' lang='grc' dir='ltr'>ἄλλην</span> <span class='ocrx_word' id='word_1_131' title='bbox 652 1758 868 1810; x_wconf 71' lang='grc' dir='ltr'>ἃπασαν</span> <span class='ocrx_word' id='word_1_132' title='bbox 915 1758 994 1828; x_wconf 83' lang='grc' dir='ltr'>τῷ</span> <span class='ocrx_word' id='word_1_133' title='bbox 1047 1761 1382 1815; x_wconf 75' lang='grc' dir='ltr'>συνοικοῦντι</span> <span class='ocrx_word' id='word_1_134' title='bbox 1410 1763 1668 1834; x_wconf 76' lang='grc' dir='ltr'>παρέχειν</span> <span class='ocrx_word' id='word_1_135' title='bbox 1693 1766 1906 1827; x_wconf 49' lang='lat' dir='ltr'>nam”</span> 
     </span>
    </p>
   </div>
   <div class='ocr_carea' id='block_1_19' title="bbox 317 1841 1910 1918">
    <p class='ocr_par' dir='ltr' id='par_1_19' title="bbox 317 1841 1910 1918">
     <span class='ocr_line' id='line_1_19' title="bbox 317 1841 1910 1918; baseline 0.006 -26"><span class='ocrx_word' id='word_1_136' title='bbox 317 1841 419 1892; x_wconf 74' lang='grc' dir='ltr'>καὶ</span> <span class='ocrx_word' id='word_1_137' title='bbox 455 1841 633 1910; x_wconf 84' lang='grc' dir='ltr'>πάσης</span> <span class='ocrx_word' id='word_1_138' title='bbox 683 1842 848 1895; x_wconf 82' lang='grc' dir='ltr'>αὐτὸν</span> <span class='ocrx_word' id='word_1_139' title='bbox 893 1844 1151 1913; x_wconf 78' lang='grc' dir='ltr'>τοιαύτης</span> <span class='ocrx_word' id='word_1_140' title='bbox 1197 1846 1504 1911; x_wconf 78' lang='grc' dir='ltr'>ἀπαλλάξαι</span> <span class='ocrx_word' id='word_1_141' title='bbox 1547 1847 1825 1918; x_wconf 78' lang='grc' dir='ltr'>φροντίδος</span> <span class='ocrx_word' id='word_1_142' title='bbox 1853 1849 1910 1902; x_wconf 79' lang='grc' dir='ltr'>ὲν</span> 
     </span>
    </p>
   </div>
   <div class='ocr_carea' id='block_1_20' title="bbox 316 1923 1908 2001">
    <p class='ocr_par' dir='ltr' id='par_1_20' title="bbox 316 1923 1908 2001">
     <span class='ocr_line' id='line_1_20' title="bbox 316 1923 1908 2001; baseline 0.005 -27"><span class='ocrx_word' id='word_1_143' title='bbox 316 1923 512 1984; x_wconf 73' lang='grc' dir='ltr'>οἴκοις,</span> <span class='ocrx_word' id='word_1_144' title='bbox 544 1923 830 1992; x_wconf 82' lang='grc' dir='ltr'>ταμιείων,</span> <span class='ocrx_word' id='word_1_145' title='bbox 869 1926 1183 1998; x_wconf 81' lang='grc' dir='ltr'>ἐριουργίας</span> <span class='ocrx_word' id='word_1_146' title='bbox 1206 1969 1220 1993; x_wconf 96' lang='grc'>,</span> <span class='ocrx_word' id='word_1_147' title='bbox 1275 1931 1496 1999; x_wconf 81' lang='grc' dir='ltr'>ἀρίστου</span> <span class='ocrx_word' id='word_1_148' title='bbox 1527 1931 1908 2001; x_wconf 76' lang='grc' dir='ltr'>παρασκευῆς,</span> 
     </span>
    </p>
   </div>
   <div class='ocr_carea' id='block_1_21' title="bbox 319 2005 1912 2082">
    <p class='ocr_par' dir='ltr' id='par_1_21' title="bbox 319 2005 1912 2082">
     <span class='ocr_line' id='line_1_21' title="bbox 319 2005 1912 2082; baseline 0.006 -28"><span class='ocrx_word' id='word_1_149' title='bbox 319 2005 560 2072; x_wconf 52' lang='grc' dir='ltr'>ἱματίων</span> <span class='ocrx_word' id='word_1_150' title='bbox 592 2006 1001 2078; x_wconf 77' lang='grc' dir='ltr'>εὐσχημοσύνης</span> <span class='ocrx_word' id='word_1_151' title='bbox 1029 2051 1040 2068; x_wconf 94' lang='grc'>,</span> <span class='ocrx_word' id='word_1_152' title='bbox 1075 2010 1182 2062; x_wconf 89' lang='grc' dir='ltr'>τῶν</span> <span class='ocrx_word' id='word_1_153' title='bbox 1217 2011 1390 2064; x_wconf 82' lang='grc' dir='ltr'>ἄλλων</span> <span class='ocrx_word' id='word_1_154' title='bbox 1431 2013 1685 2066; x_wconf 80' lang='grc' dir='ltr'>ἁπάντων</span> <span class='ocrx_word' id='word_1_155' title='bbox 1715 2015 1912 2082; x_wconf 78' lang='grc' dir='ltr'>ἐπιμε-</span> 
     </span>
    </p>
   </div>
   <div class='ocr_carea' id='block_1_22' title="bbox 311 2085 1911 2165">
    <p class='ocr_par' dir='ltr' id='par_1_22' title="bbox 311 2085 1911 2165">
     <span class='ocr_line' id='line_1_22' title="bbox 311 2085 1911 2165; baseline 0.007 -28"><span class='ocrx_word' id='word_1_156' title='bbox 311 2085 578 2157; x_wconf 71' lang='grc' dir='ltr'>λουμένῃ,</span> <span class='ocrx_word' id='word_1_157' title='bbox 611 2089 750 2160; x_wconf 71' lang='grc' dir='ltr'>άπερ</span> <span class='ocrx_word' id='word_1_158' title='bbox 781 2091 936 2162; x_wconf 75' lang='grc' dir='ltr'>ἀνδρὶ</span> <span class='ocrx_word' id='word_1_159' title='bbox 988 2091 1112 2146; x_wconf 84' lang='grc' dir='ltr'>οὐτε</span> <span class='ocrx_word' id='word_1_160' title='bbox 1160 2095 1475 2165; x_wconf 82' lang='grc' dir='ltr'>εὐπρεπὲς,</span> <span class='ocrx_word' id='word_1_161' title='bbox 1521 2095 1643 2148; x_wconf 83' lang='grc' dir='ltr'>οὐτε</span> <span class='ocrx_word' id='word_1_162' title='bbox 1690 2095 1911 2150; x_wconf 73' lang='grc' dir='ltr'>εὔκολον</span> 
     </span>
    </p>
   </div>
   <div class='ocr_carea' id='block_1_23' title="bbox 321 2170 1912 2248">
    <p class='ocr_par' dir='ltr' id='par_1_23' title="bbox 321 2170 1912 2248">
     <span class='ocr_line' id='line_1_23' title="bbox 321 2170 1912 2248; baseline 0.009 -31"><span class='ocrx_word' id='word_1_163' title='bbox 321 2170 812 2241; x_wconf 79' lang='grc' dir='ltr'>μεταχειρίσασθαί</span> <span class='ocrx_word' id='word_1_164' title='bbox 846 2190 998 2236; x_wconf 85' lang='grc' dir='ltr'>ποτε,</span> <span class='ocrx_word' id='word_1_165' title='bbox 1019 2175 1122 2227; x_wconf 66' lang='grc' dir='ltr'>κᾶν</span> <span class='ocrx_word' id='word_1_166' title='bbox 1152 2178 1322 2246; x_wconf 87' lang='grc' dir='ltr'>μυρία</span> <span class='ocrx_word' id='word_1_167' title='bbox 1349 2178 1649 2248; x_wconf 77' lang='grc' dir='ltr'>φιλονεικῇ.</span> <span class='ocrx_word' id='word_1_168' title='bbox 1676 2179 1785 2231; x_wconf 76' lang='grc' dir='ltr'>Καὶ</span> <span class='ocrx_word' id='word_1_169' title='bbox 1807 2178 1912 2248; x_wconf 75' lang='grc' dir='ltr'>γὰρ</span> 
     </span>
    </p>
   </div>
   <div class='ocr_carea' id='block_1_24' title="bbox 317 2251 1910 2332">
    <p class='ocr_par' dir='ltr' id='par_1_24' title="bbox 317 2251 1910 2332">
     <span class='ocr_line' id='line_1_24' title="bbox 317 2251 1910 2332; baseline 0.008 -30"><span class='ocrx_word' id='word_1_170' title='bbox 317 2251 600 2306; x_wconf 77' lang='grc' dir='ltr'>καὶτοῦτο</span> <span class='ocrx_word' id='word_1_171' title='bbox 625 2255 730 2324; x_wconf 82' lang='grc' dir='ltr'>τῆς</span> <span class='ocrx_word' id='word_1_172' title='bbox 755 2255 848 2309; x_wconf 90' lang='grc' dir='ltr'>τοῦ</span> <span class='ocrx_word' id='word_1_173' title='bbox 879 2257 1015 2310; x_wconf 88' lang='grc' dir='ltr'>Θεοῦ</span> <span class='ocrx_word' id='word_1_174' title='bbox 1047 2259 1356 2331; x_wconf 79' lang='grc' dir='ltr'>φιλοτιμίας</span> <span class='ocrx_word' id='word_1_175' title='bbox 1385 2263 1478 2315; x_wconf 78' lang='grc' dir='ltr'>καὶ</span> <span class='ocrx_word' id='word_1_176' title='bbox 1507 2262 1700 2331; x_wconf 71' lang='grc' dir='ltr'>σοφίας</span> <span class='ocrx_word' id='word_1_177' title='bbox 1729 2262 1910 2332; x_wconf 77' lang='grc' dir='ltr'>ἔργον,</span> 
     </span>
    </p>
   </div>
   <div class='ocr_carea' id='block_1_25' title="bbox 321 2337 1912 2426">
    <p class='ocr_par' dir='ltr' id='par_1_25' title="bbox 321 2337 1912 2426">
     <span class='ocr_line' id='line_1_25' title="bbox 321 2337 1912 2426; baseline 0.008 -38"><span class='ocrx_word' id='word_1_178' title='bbox 321 2337 420 2388; x_wconf 71' lang='grc' dir='ltr'>τὸν</span> <span class='ocrx_word' id='word_1_179' title='bbox 449 2338 508 2388; x_wconf 81' lang='grc' dir='ltr'>ἐν</span> <span class='ocrx_word' id='word_1_180' title='bbox 545 2340 656 2400; x_wconf 80' lang='grc' dir='ltr'>τοῖς</span> <span class='ocrx_word' id='word_1_181' title='bbox 692 2341 904 2409; x_wconf 80' lang='grc' dir='ltr'>μείζοσι</span> <span class='ocrx_word' id='word_1_182' title='bbox 928 2345 1218 2413; x_wconf 83' lang='grc' dir='ltr'>χρήσιμον,</span> <span class='ocrx_word' id='word_1_183' title='bbox 1248 2349 1305 2398; x_wconf 85' lang='grc' dir='ltr'>ἐν</span> <span class='ocrx_word' id='word_1_184' title='bbox 1339 2349 1450 2426; x_wconf 78' lang='grc' dir='ltr'>τρῖς</span> <span class='ocrx_word' id='word_1_185' title='bbox 1473 2347 1716 2400; x_wconf 76' lang='grc' dir='ltr'>ἐλάττοσι</span> <span class='ocrx_word' id='word_1_186' title='bbox 1743 2365 1912 2400; x_wconf 80' lang='grc' dir='ltr'>κατα-</span> 
     </span>
    </p>
   </div>
   <div class='ocr_carea' id='block_1_26' title="bbox 317 2419 1912 2502">
    <p class='ocr_par' dir='ltr' id='par_1_26' title="bbox 317 2419 1912 2502">
     <span class='ocr_line' id='line_1_26' title="bbox 317 2419 1912 2502; baseline 0.009 -32"><span class='ocrx_word' id='word_1_187' title='bbox 317 2419 606 2490; x_wconf 86' lang='grc' dir='ltr'>δεέστερον</span> <span class='ocrx_word' id='word_1_188' title='bbox 633 2423 726 2475; x_wconf 72' lang='grc' dir='ltr'>καὶ</span> <span class='ocrx_word' id='word_1_189' title='bbox 751 2425 1022 2496; x_wconf 78' lang='grc' dir='ltr'>ἄχρηστον</span> <span class='ocrx_word' id='word_1_190' title='bbox 1051 2423 1210 2490; x_wconf 78' lang='grc' dir='ltr'>εἰναι,</span> <span class='ocrx_word' id='word_1_191' title='bbox 1254 2429 1342 2482; x_wconf 83' lang='grc' dir='ltr'>ἴνα</span> <span class='ocrx_word' id='word_1_192' title='bbox 1369 2419 1652 2498; x_wconf 70' lang='grc' dir='ltr'>ἀναγκαία</span> <span class='ocrx_word' id='word_1_193' title='bbox 1685 2431 1912 2502; x_wconf 86' lang='grc' dir='ltr'>γένηται</span> 
     </span>
    </p>
   </div>
   <div class='ocr_carea' id='block_1_27' title="bbox 316 2503 1912 2586">
    <p class='ocr_par' dir='ltr' id='par_1_27' title="bbox 316 2503 1912 2586">
     <span class='ocr_line' id='line_1_27' title="bbox 316 2503 1912 2586; baseline 0.009 -33"><span class='ocrx_word' id='word_1_194' title='bbox 316 2503 422 2586; x_wconf 67' lang='grc' dir='ltr'>τῆς</span> <span class='ocrx_word' id='word_1_195' title='bbox 460 2505 720 2586; x_wconf 78' lang='grc' dir='ltr'>γυναικὸς</span> <span class='ocrx_word' id='word_1_196' title='bbox 747 2507 780 2576; x_wconf 86' lang='grc' dir='ltr'>ἡ</span> <span class='ocrx_word' id='word_1_197' title='bbox 816 2508 995 2578; x_wconf 90' lang='grc' dir='ltr'>χρεία.</span> <span class='ocrx_word' id='word_1_198' title='bbox 1031 2511 1094 2562; x_wconf 84' lang='grc' dir='ltr'>Εἰ</span> <span class='ocrx_word' id='word_1_199' title='bbox 1117 2511 1226 2582; x_wconf 88' lang='grc' dir='ltr'>γὰρ</span> <span class='ocrx_word' id='word_1_200' title='bbox 1253 2513 1311 2564; x_wconf 81' lang='grc' dir='ltr'>ἐν</span> <span class='ocrx_word' id='word_1_201' title='bbox 1335 2513 1666 2582; x_wconf 73' lang='grc' dir='ltr'>ἀμφοτέροις</span> <span class='ocrx_word' id='word_1_202' title='bbox 1693 2515 1912 2586; x_wconf 79' lang='grc' dir='ltr'>ἐποίησε</span> 
     </span>
    </p>
   </div>
   <div class='ocr_carea' id='block_1_28' title="bbox 316 2585 1914 2666">
    <p class='ocr_par' dir='ltr' id='par_1_28' title="bbox 316 2585 1914 2666">
     <span class='ocr_line' id='line_1_28' title="bbox 316 2585 1914 2666; baseline 0.009 -31"><span class='ocrx_word' id='word_1_203' title='bbox 316 2585 414 2636; x_wconf 80' lang='grc' dir='ltr'>τὸν</span> <span class='ocrx_word' id='word_1_204' title='bbox 457 2585 624 2656; x_wconf 83' lang='grc' dir='ltr'>ἄνδρα</span> <span class='ocrx_word' id='word_1_205' title='bbox 652 2589 959 2658; x_wconf 80' lang='grc' dir='ltr'>ἐπιτήδειον</span> <span class='ocrx_word' id='word_1_206' title='bbox 1005 2588 1164 2657; x_wconf 78' lang='grc' dir='ltr'>εἶναι,</span> <span class='ocrx_word' id='word_1_207' title='bbox 1213 2595 1692 2666; x_wconf 85' lang='grc' dir='ltr'>εὐκαταφρόνητον</span> <span class='ocrx_word' id='word_1_208' title='bbox 1742 2597 1808 2650; x_wconf 86' lang='grc' dir='ltr'>ἂν</span> <span class='ocrx_word' id='word_1_209' title='bbox 1838 2585 1914 2650; x_wconf 76' lang='grc' dir='ltr'>τὸ</span> 
     </span>
    </p>
   </div>
   <div class='ocr_carea' id='block_1_29' title="bbox 317 2667 1914 2750">
    <p class='ocr_par' dir='ltr' id='par_1_29' title="bbox 317 2667 1914 2750">
     <span class='ocr_line' id='line_1_29' title="bbox 317 2667 1914 2750; baseline 0.011 -32"><span class='ocrx_word' id='word_1_210' title='bbox 317 2667 434 2720; x_wconf 76' lang='grc' dir='ltr'>τῶν</span> <span class='ocrx_word' id='word_1_211' title='bbox 460 2669 736 2736; x_wconf 82' lang='grc' dir='ltr'>γυναικῶν</span> <span class='ocrx_word' id='word_1_212' title='bbox 774 2673 990 2742; x_wconf 78' lang='grc' dir='ltr'>ἐγένετο</span> <span class='ocrx_word' id='word_1_213' title='bbox 1019 2677 1193 2745; x_wconf 89' lang='grc' dir='ltr'>γένος·</span> <span class='ocrx_word' id='word_1_214' title='bbox 1227 2678 1410 2742; x_wconf 86' lang='grc' dir='ltr'>πάλιν,</span> <span class='ocrx_word' id='word_1_215' title='bbox 1439 2681 1487 2732; x_wconf 91' lang='grc' dir='ltr'>εἰ</span> <span class='ocrx_word' id='word_1_216' title='bbox 1510 2679 1570 2732; x_wconf 86' lang='grc' dir='ltr'>τὸ</span> <span class='ocrx_word' id='word_1_217' title='bbox 1599 2681 1786 2750; x_wconf 79' lang='grc' dir='ltr'>μεῖζον</span> <span class='ocrx_word' id='word_1_218' title='bbox 1821 2683 1914 2735; x_wconf 78' lang='grc' dir='ltr'>καὶ</span> 
     </span>
    </p>
   </div>
   <div class='ocr_carea' id='block_1_30' title="bbox 317 2752 1913 2832">
    <p class='ocr_par' dir='ltr' id='par_1_30' title="bbox 317 2752 1913 2832">
     <span class='ocr_line' id='line_1_30' title="bbox 317 2752 1913 2832; baseline 0.008 -30"><span class='ocrx_word' id='word_1_219' title='bbox 317 2752 736 2825; x_wconf 84' lang='grc' dir='ltr'>χρησιμώτερον</span> <span class='ocrx_word' id='word_1_220' title='bbox 764 2757 1027 2829; x_wconf 76' lang='grc' dir='ltr'>ἐπέτρεψε</span> <span class='ocrx_word' id='word_1_221' title='bbox 1059 2763 1124 2831; x_wconf 73' lang='grc' dir='ltr'>τῇ</span> <span class='ocrx_word' id='word_1_222' title='bbox 1159 2762 1416 2828; x_wconf 78' lang='grc' dir='ltr'>γυναικὶ,</span> <span class='ocrx_word' id='word_1_223' title='bbox 1460 2761 1660 2832; x_wconf 83' lang='grc' dir='ltr'>πολλῆς</span> <span class='ocrx_word' id='word_1_224' title='bbox 1713 2763 1778 2815; x_wconf 81' lang='grc' dir='ltr'>ἂν</span> <span class='ocrx_word' id='word_1_225' title='bbox 1827 2765 1913 2815; x_wconf 82' lang='grc' dir='ltr'>ὲν-</span> 
     </span>
    </p>
   </div>
   <div class='ocr_carea' id='block_1_31' title="bbox 317 2835 1911 2912">
    <p class='ocr_par' dir='ltr' id='par_1_31' title="bbox 317 2835 1911 2912">
     <span class='ocr_line' id='line_1_31' title="bbox 317 2835 1911 2912; baseline 0.009 -25"><span class='ocrx_word' id='word_1_226' title='bbox 317 2835 530 2904; x_wconf 80' lang='grc' dir='ltr'>ἑπλησε</span> <span class='ocrx_word' id='word_1_227' title='bbox 565 2837 664 2900; x_wconf 79' lang='grc' dir='ltr'>τὰς</span> <span class='ocrx_word' id='word_1_228' title='bbox 694 2843 959 2906; x_wconf 89' lang='grc' dir='ltr'>γυναῖκας</span> <span class='ocrx_word' id='word_1_229' title='bbox 1001 2843 1100 2912; x_wconf 82' lang='grc' dir='ltr'>τῆς</span> <span class='ocrx_word' id='word_1_230' title='bbox 1125 2844 1403 2907; x_wconf 88' lang='grc' dir='ltr'>ἀπονοίας.</span> <span class='ocrx_word' id='word_1_231' title='bbox 1439 2844 1540 2896; x_wconf 84' lang='grc' dir='ltr'>Διὰ</span> <span class='ocrx_word' id='word_1_232' title='bbox 1589 2845 1746 2898; x_wconf 84' lang='grc' dir='ltr'>τοῦτο</span> <span class='ocrx_word' id='word_1_233' title='bbox 1788 2846 1911 2901; x_wconf 81' lang='grc' dir='ltr'>οὔτε</span> 
     </span>
    </p>
   </div>
   <div class='ocr_carea' id='block_1_32' title="bbox 318 2917 1910 3000">
    <p class='ocr_par' dir='ltr' id='par_1_32' title="bbox 318 2917 1910 3000">
     <span class='ocr_line' id='line_1_32' title="bbox 318 2917 1910 3000; baseline 0.009 -33"><span class='ocrx_word' id='word_1_234' title='bbox 318 2917 612 3000; x_wconf 85' lang='grc' dir='ltr'>ἀμφότερα</span> <span class='ocrx_word' id='word_1_235' title='bbox 654 2920 734 2973; x_wconf 77' lang='grc' dir='ltr'>ένὶ</span> <span class='ocrx_word' id='word_1_236' title='bbox 781 2921 1001 2988; x_wconf 78' lang='grc' dir='ltr'>ἔδωκεν,</span> <span class='ocrx_word' id='word_1_237' title='bbox 1052 2924 1139 2977; x_wconf 84' lang='grc' dir='ltr'>ἵνα</span> <span class='ocrx_word' id='word_1_238' title='bbox 1179 2926 1254 2998; x_wconf 83' lang='grc' dir='ltr'>μὴ</span> <span class='ocrx_word' id='word_1_239' title='bbox 1299 2927 1362 2980; x_wconf 84' lang='grc' dir='ltr'>τὸ</span> <span class='ocrx_word' id='word_1_240' title='bbox 1405 2927 1592 2996; x_wconf 79' lang='grc' dir='ltr'>ἓτερον</span> <span class='ocrx_word' id='word_1_241' title='bbox 1635 2926 1910 3000; x_wconf 80' lang='grc' dir='ltr'>ἐλαττωθῇ</span> 
     </span>
    </p>
   </div>
   <div class='ocr_carea' id='block_1_33' title="bbox 321 2999 1916 3081">
    <p class='ocr_par' dir='ltr' id='par_1_33' title="bbox 321 2999 1916 3081">
     <span class='ocr_line' id='line_1_33' title="bbox 321 2999 1916 3081; baseline 0.009 -31"><span class='ocrx_word' id='word_1_242' title='bbox 321 2999 502 3078; x_wconf 81' lang='grc' dir='ltr'>γένος,</span> <span class='ocrx_word' id='word_1_243' title='bbox 535 3001 628 3053; x_wconf 80' lang='grc' dir='ltr'>καὶ</span> <span class='ocrx_word' id='word_1_244' title='bbox 661 3003 913 3074; x_wconf 87' lang='grc' dir='ltr'>περιττὸν</span> <span class='ocrx_word' id='word_1_245' title='bbox 937 3001 1074 3059; x_wconf 75' lang='grc' dir='ltr'>εἶναι</span> <span class='ocrx_word' id='word_1_246' title='bbox 1099 3007 1252 3079; x_wconf 79' lang='grc' dir='ltr'>δοκῇ·</span> <span class='ocrx_word' id='word_1_247' title='bbox 1273 3008 1396 3062; x_wconf 83' lang='grc' dir='ltr'>οὔτε</span> <span class='ocrx_word' id='word_1_248' title='bbox 1419 3008 1601 3079; x_wconf 83' lang='grc' dir='ltr'>ὲξίσης</span> <span class='ocrx_word' id='word_1_249' title='bbox 1630 2999 1916 3081; x_wconf 77' lang='grc' dir='ltr'>ἀμφότερα</span> 
     </span>
    </p>
   </div>
   <div class='ocr_carea' id='block_1_34' title="bbox 322 3083 1915 3162">
    <p class='ocr_par' dir='ltr' id='par_1_34' title="bbox 322 3083 1915 3162">
     <span class='ocr_line' id='line_1_34' title="bbox 322 3083 1915 3162; baseline 0.006 -28"><span class='ocrx_word' id='word_1_250' title='bbox 322 3083 573 3154; x_wconf 81' lang='grc' dir='ltr'>ἑκατέρῳ</span> <span class='ocrx_word' id='word_1_251' title='bbox 620 3085 887 3156; x_wconf 83' lang='grc' dir='ltr'>διένειμεν</span> <span class='ocrx_word' id='word_1_252' title='bbox 909 3128 924 3151; x_wconf 95' lang='grc'>,</span> <span class='ocrx_word' id='word_1_253' title='bbox 977 3088 1065 3141; x_wconf 79' lang='grc' dir='ltr'>ἵνα</span> <span class='ocrx_word' id='word_1_254' title='bbox 1100 3090 1174 3160; x_wconf 82' lang='grc' dir='ltr'>μὴ</span> <span class='ocrx_word' id='word_1_255' title='bbox 1210 3090 1373 3144; x_wconf 89' lang='grc' dir='ltr'>πάλιν</span> <span class='ocrx_word' id='word_1_256' title='bbox 1402 3091 1467 3144; x_wconf 83' lang='grc' dir='ltr'>ἐκ</span> <span class='ocrx_word' id='word_1_257' title='bbox 1501 3091 1600 3160; x_wconf 84' lang='grc' dir='ltr'>τῆς</span> <span class='ocrx_word' id='word_1_258' title='bbox 1647 3092 1915 3162; x_wconf 78' lang='grc' dir='ltr'>ἰσοτιμίας</span> 
     </span>
    </p>
   </div>
   <div class='ocr_carea' id='block_1_35' title="bbox 323 3163 1915 3247">
    <p class='ocr_par' dir='ltr' id='par_1_35' title="bbox 323 3163 1915 3247">
     <span class='ocr_line' id='line_1_35' title="bbox 323 3163 1915 3247; baseline 0.009 -33"><span class='ocrx_word' id='word_1_259' title='bbox 323 3163 478 3235; x_wconf 84' lang='grc' dir='ltr'>μάχη</span> <span class='ocrx_word' id='word_1_260' title='bbox 501 3182 584 3227; x_wconf 87' lang='grc' dir='ltr'>τις</span> <span class='ocrx_word' id='word_1_261' title='bbox 603 3166 826 3237; x_wconf 84' lang='grc' dir='ltr'>γένηται</span> <span class='ocrx_word' id='word_1_262' title='bbox 847 3169 942 3220; x_wconf 72' lang='grc' dir='ltr'>καὶ</span> <span class='ocrx_word' id='word_1_263' title='bbox 969 3169 1292 3238; x_wconf 81' lang='grc' dir='ltr'>φιλονεικία,</span> <span class='ocrx_word' id='word_1_264' title='bbox 1311 3173 1411 3243; x_wconf 84' lang='grc' dir='ltr'>τῆς</span> <span class='ocrx_word' id='word_1_265' title='bbox 1432 3174 1604 3243; x_wconf 84' lang='grc' dir='ltr'>αὐτῆς</span> <span class='ocrx_word' id='word_1_266' title='bbox 1625 3176 1915 3247; x_wconf 79' lang='grc' dir='ltr'>προεδρίας</span> 
     </span>
    </p>
   </div>
   <div class='ocr_carea' id='block_1_36' title="bbox 321 3247 1911 3325">
    <p class='ocr_par' dir='ltr' id='par_1_36' title="bbox 321 3247 1911 3325">
     <span class='ocr_line' id='line_1_36' title="bbox 321 3247 1911 3325; baseline 0.009 -27"><span class='ocrx_word' id='word_1_267' title='bbox 321 3247 440 3308; x_wconf 87' lang='grc' dir='ltr'>τοῖς</span> <span class='ocrx_word' id='word_1_268' title='bbox 475 3248 700 3318; x_wconf 80' lang='grc' dir='ltr'>ἀνδράσι</span> <span class='ocrx_word' id='word_1_269' title='bbox 729 3249 1146 3317; x_wconf 86' lang='grc' dir='ltr'>φιλονεικουσῶν</span> <span class='ocrx_word' id='word_1_270' title='bbox 1174 3253 1454 3318; x_wconf 80' lang='grc' dir='ltr'>ἀξιοῦσθαι</span> <span class='ocrx_word' id='word_1_271' title='bbox 1487 3258 1592 3310; x_wconf 87' lang='grc' dir='ltr'>τῶν</span> <span class='ocrx_word' id='word_1_272' title='bbox 1613 3259 1911 3325; x_wconf 87' lang='grc' dir='ltr'>γυναικῶν·</span> 
     </span>
    </p>
   </div>
   <div class='ocr_carea' id='block_1_37' title="bbox 325 3329 1918 3410">
    <p class='ocr_par' dir='ltr' id='par_1_37' title="bbox 325 3329 1918 3410">
     <span class='ocr_line' id='line_1_37' title="bbox 325 3329 1918 3410; baseline 0.009 -31"><span class='ocrx_word' id='word_1_273' title='bbox 325 3329 444 3380; x_wconf 85' lang='grc' dir='ltr'>ἀλλ’</span> <span class='ocrx_word' id='word_1_274' title='bbox 478 3329 616 3399; x_wconf 90' lang='grc' dir='ltr'>ὁμοῦ</span> <span class='ocrx_word' id='word_1_275' title='bbox 641 3333 734 3384; x_wconf 72' lang='grc' dir='ltr'>καὶ</span> <span class='ocrx_word' id='word_1_276' title='bbox 753 3333 852 3402; x_wconf 75' lang='grc' dir='ltr'>τῆς</span> <span class='ocrx_word' id='word_1_277' title='bbox 876 3335 1098 3404; x_wconf 84' lang='grc' dir='ltr'>εἰρήνης</span> <span class='ocrx_word' id='word_1_278' title='bbox 1133 3337 1395 3407; x_wconf 85' lang='grc' dir='ltr'>προνοῶν,</span> <span class='ocrx_word' id='word_1_279' title='bbox 1425 3339 1523 3391; x_wconf 76' lang='grc' dir='ltr'>καὶ</span> <span class='ocrx_word' id='word_1_280' title='bbox 1551 3338 1648 3409; x_wconf 82' lang='grc' dir='ltr'>τὴν</span> <span class='ocrx_word' id='word_1_281' title='bbox 1676 3341 1918 3410; x_wconf 63' lang='grc' dir='ltr'>πρέπουδ</span> 
     </span>
    </p>
   </div>
   <div class='ocr_carea' id='block_1_38' title="bbox 326 3413 1916 3486">
    <p class='ocr_par' dir='ltr' id='par_1_38' title="bbox 326 3413 1916 3486">
     <span class='ocr_line' id='line_1_38' title="bbox 326 3413 1916 3486; baseline 0.008 -23"><span class='ocrx_word' id='word_1_282' title='bbox 326 3427 430 3464; x_wconf 88' lang='grc' dir='ltr'>σαν</span> <span class='ocrx_word' id='word_1_283' title='bbox 477 3413 692 3482; x_wconf 79' lang='grc' dir='ltr'>ἑκάστῳ</span> <span class='ocrx_word' id='word_1_284' title='bbox 746 3414 897 3478; x_wconf 83' lang='grc' dir='ltr'>τάξιν</span> <span class='ocrx_word' id='word_1_285' title='bbox 931 3417 1226 3486; x_wconf 85' lang='grc' dir='ltr'>διατηρῶν,</span> <span class='ocrx_word' id='word_1_286' title='bbox 1261 3421 1342 3482; x_wconf 85' lang='grc' dir='ltr'>εἰς</span> <span class='ocrx_word' id='word_1_287' title='bbox 1374 3419 1466 3473; x_wconf 87' lang='grc' dir='ltr'>δύο</span> <span class='ocrx_word' id='word_1_288' title='bbox 1507 3421 1678 3474; x_wconf 87' lang='grc' dir='ltr'>ταῦτα</span> <span class='ocrx_word' id='word_1_289' title='bbox 1729 3422 1916 3477; x_wconf 85' lang='grc' dir='ltr'>διελὼν</span> 
     </span>
    </p>
   </div>
   <div class='ocr_carea' id='block_1_39' title="bbox 323 3493 1914 3576">
    <p class='ocr_par' dir='ltr' id='par_1_39' title="bbox 323 3493 1914 3576">
     <span class='ocr_line' id='line_1_39' title="bbox 323 3493 1914 3576; baseline 0.009 -32"><span class='ocrx_word' id='word_1_290' title='bbox 323 3493 487 3563; x_wconf 74' lang='grc' dir='ltr'>ἡμῶν</span> <span class='ocrx_word' id='word_1_291' title='bbox 519 3496 617 3566; x_wconf 85' lang='grc' dir='ltr'>τὴν</span> <span class='ocrx_word' id='word_1_292' title='bbox 644 3494 888 3565; x_wconf 79' lang='grc' dir='ltr'>ζωὴν,τὸ</span> <span class='ocrx_word' id='word_1_293' title='bbox 915 3500 1012 3566; x_wconf 84' lang='grc' dir='ltr'>μὲν</span> <span class='ocrx_word' id='word_1_294' title='bbox 1043 3501 1471 3571; x_wconf 84' lang='grc' dir='ltr'>ἀναγκαιότερον</span> <span class='ocrx_word' id='word_1_295' title='bbox 1499 3503 1593 3554; x_wconf 77' lang='grc' dir='ltr'>καὶ</span> <span class='ocrx_word' id='word_1_296' title='bbox 1623 3505 1914 3576; x_wconf 86' lang='grc' dir='ltr'>χρησιμώ-</span> 
     </span>
    </p>
   </div>
   <div class='ocr_carea' id='block_1_40' title="bbox 323 3579 1916 3658">
    <p class='ocr_par' dir='ltr' id='par_1_40' title="bbox 323 3579 1916 3658">
     <span class='ocr_line' id='line_1_40' title="bbox 323 3579 1916 3658; baseline 0.007 -29"><span class='ocrx_word' id='word_1_297' title='bbox 323 3593 487 3648; x_wconf 82' lang='grc' dir='ltr'>τερον</span> <span class='ocrx_word' id='word_1_298' title='bbox 526 3579 605 3648; x_wconf 84' lang='grc' dir='ltr'>τῷ</span> <span class='ocrx_word' id='word_1_299' title='bbox 643 3579 834 3650; x_wconf 78' lang='grc' dir='ltr'>ἀνδρὶ,</span> <span class='ocrx_word' id='word_1_300' title='bbox 885 3581 947 3633; x_wconf 81' lang='grc' dir='ltr'>τὸ</span> <span class='ocrx_word' id='word_1_301' title='bbox 990 3581 1048 3634; x_wconf 84' lang='grc' dir='ltr'>δὲ</span> <span class='ocrx_word' id='word_1_302' title='bbox 1103 3583 1322 3636; x_wconf 79' lang='grc' dir='ltr'>ἔλαττον</span> <span class='ocrx_word' id='word_1_303' title='bbox 1370 3583 1466 3636; x_wconf 77' lang='grc' dir='ltr'>καὶ</span> <span class='ocrx_word' id='word_1_304' title='bbox 1497 3587 1916 3658; x_wconf 88' lang='grc' dir='ltr'>καταδεέστερον</span> 
     </span>
    </p>
   </div>
   <div class='ocr_carea' id='block_1_41' title="bbox 323 3659 1915 3741">
    <p class='ocr_par' dir='ltr' id='par_1_41' title="bbox 323 3659 1915 3741">
     <span class='ocr_line' id='line_1_41' title="bbox 323 3659 1915 3741; baseline 0.008 -29"><span class='ocrx_word' id='word_1_305' title='bbox 323 3659 526 3712; x_wconf 78' lang='grc' dir='ltr'>δέδωκε</span> <span class='ocrx_word' id='word_1_306' title='bbox 555 3663 620 3733; x_wconf 86' lang='grc' dir='ltr'>τῇ</span> <span class='ocrx_word' id='word_1_307' title='bbox 652 3663 870 3730; x_wconf 86' lang='grc' dir='ltr'>γυναικί</span> <span class='ocrx_word' id='word_1_308' title='bbox 899 3679 912 3692; x_wconf 89' lang='grc'><strong>·</strong></span> <span class='ocrx_word' id='word_1_309' title='bbox 961 3665 1028 3720; x_wconf 79' lang='grc' dir='ltr'>ἵν’</span> <span class='ocrx_word' id='word_1_310' title='bbox 1061 3667 1090 3718; x_wconf 87' lang='grc' dir='ltr'>ὁ</span> <span class='ocrx_word' id='word_1_311' title='bbox 1127 3667 1225 3735; x_wconf 85' lang='grc' dir='ltr'>μὲν</span> <span class='ocrx_word' id='word_1_312' title='bbox 1253 3665 1341 3719; x_wconf 81' lang='grc' dir='ltr'>διὰ</span> <span class='ocrx_word' id='word_1_313' title='bbox 1377 3667 1440 3720; x_wconf 84' lang='grc' dir='ltr'>τὸ</span> <span class='ocrx_word' id='word_1_314' title='bbox 1482 3669 1779 3735; x_wconf 85' lang='grc' dir='ltr'>ἀναγκαῖον</span> <span class='ocrx_word' id='word_1_315' title='bbox 1815 3671 1915 3741; x_wconf 77' lang='grc' dir='ltr'>τῆς</span> 
     </span>
    </p>
   </div>
   <div class='ocr_carea' id='block_1_42' title="bbox 327 3743 1916 3822">
    <p class='ocr_par' dir='ltr' id='par_1_42' title="bbox 327 3743 1916 3822">
     <span class='ocr_line' id='line_1_42' title="bbox 327 3743 1916 3822; baseline 0.009 -28"><span class='ocrx_word' id='word_1_316' title='bbox 327 3743 520 3812; x_wconf 79' lang='grc' dir='ltr'>χρείας</span> <span class='ocrx_word' id='word_1_317' title='bbox 550 3746 1013 3814; x_wconf 78' lang='grc' dir='ltr'>περισπούδαστος</span> <span class='ocrx_word' id='word_1_318' title='bbox 1061 3750 1193 3818; x_wconf 84' lang='grc' dir='ltr'>ἡμῖν</span> <span class='ocrx_word' id='word_1_319' title='bbox 1237 3745 1312 3822; x_wconf 84' lang='grc' dir='ltr'>ᾗ,</span> <span class='ocrx_word' id='word_1_320' title='bbox 1359 3753 1392 3820; x_wconf 84' lang='grc' dir='ltr'>ἡ</span> <span class='ocrx_word' id='word_1_321' title='bbox 1435 3749 1491 3802; x_wconf 82' lang='grc' dir='ltr'>δὲ</span> <span class='ocrx_word' id='word_1_322' title='bbox 1527 3751 1616 3804; x_wconf 85' lang='grc' dir='ltr'>διά</span> <span class='ocrx_word' id='word_1_323' title='bbox 1656 3752 1717 3804; x_wconf 75' lang='grc' dir='ltr'>τὸ</span> <span class='ocrx_word' id='word_1_324' title='bbox 1747 3770 1916 3808; x_wconf 82' lang='grc' dir='ltr'>κατα·</span> 
     </span>
    </p>
   </div>
   <div class='ocr_carea' id='block_1_43' title="bbox 325 3825 1915 3901">
    <p class='ocr_par' dir='ltr' id='par_1_43' title="bbox 325 3825 1915 3901">
     <span class='ocr_line' id='line_1_43' title="bbox 325 3825 1915 3901; baseline 0.008 -25"><span class='ocrx_word' id='word_1_325' title='bbox 325 3825 614 3896; x_wconf 81' lang='grc' dir='ltr'>δεέστερον</span> <span class='ocrx_word' id='word_1_326' title='bbox 637 3828 734 3897; x_wconf 83' lang='grc' dir='ltr'>τῆς</span> <span class='ocrx_word' id='word_1_327' title='bbox 764 3827 1038 3892; x_wconf 81' lang='grc' dir='ltr'>διακονίας</span> <span class='ocrx_word' id='word_1_328' title='bbox 1063 3832 1136 3901; x_wconf 78' lang='grc' dir='ltr'>μὴ</span> <span class='ocrx_word' id='word_1_329' title='bbox 1175 3831 1622 3895; x_wconf 82' lang='grc' dir='ltr'>κατεξανιστᾶται</span> <span class='ocrx_word' id='word_1_330' title='bbox 1662 3835 1756 3887; x_wconf 86' lang='grc' dir='ltr'>τοῦ</span> <span class='ocrx_word' id='word_1_331' title='bbox 1791 3853 1915 3888; x_wconf 89' lang='grc' dir='ltr'>συν-</span> 
     </span>
    </p>
   </div>
   <div class='ocr_carea' id='block_1_44' title="bbox 325 3924 628 3972">
    <p class='ocr_par' dir='ltr' id='par_1_44' title="bbox 325 3924 628 3972">
     <span class='ocr_line' id='line_1_44' title="bbox 325 3924 628 3972; baseline 0.02 -14"><span class='ocrx_word' id='word_1_332' title='bbox 325 3924 628 3972; x_wconf 88' lang='grc' dir='ltr'>οικουντος.</span> 
     </span>
    </p>
   </div>
   <div class='ocr_carea' id='block_1_45' title="bbox 402 3987 1916 4070">
    <p class='ocr_par' dir='ltr' id='par_1_45' title="bbox 402 3987 1916 4070">
     <span class='ocr_line' id='line_1_45' title="bbox 402 3987 1916 4070; baseline 0.007 -26"><span class='ocrx_word' id='word_1_333' title='bbox 402 3991 568 4044; x_wconf 82' lang='grc' dir='ltr'>Ταῦτ’</span> <span class='ocrx_word' id='word_1_334' title='bbox 613 3987 705 4045; x_wconf 73' lang='grc' dir='ltr'>οὖν</span> <span class='ocrx_word' id='word_1_335' title='bbox 745 3993 981 4057; x_wconf 76' lang='grc' dir='ltr'>ἅπαντες</span> <span class='ocrx_word' id='word_1_336' title='bbox 1028 3995 1265 4062; x_wconf 84' lang='grc' dir='ltr'>εἰδότες,</span> <span class='ocrx_word' id='word_1_337' title='bbox 1318 3994 1376 4048; x_wconf 83' lang='grc' dir='ltr'>ἒν</span> <span class='ocrx_word' id='word_1_338' title='bbox 1431 3998 1591 4068; x_wconf 83' lang='grc' dir='ltr'>μόνον</span> <span class='ocrx_word' id='word_1_339' title='bbox 1631 3999 1916 4070; x_wconf 75' lang='grc' dir='ltr'>ζητῶμεν,</span> 
     </span>
    </p>
   </div>
   <div class='ocr_carea' id='block_1_46' title="bbox 329 4073 1916 4157">
    <p class='ocr_par' dir='ltr' id='par_1_46' title="bbox 329 4073 1916 4157">
     <span class='ocr_line' id='line_1_46' title="bbox 329 4073 1916 4157; baseline 0.009 -33"><span class='ocrx_word' id='word_1_340' title='bbox 329 4073 760 4157; x_wconf 37' lang='grc' dir='ltr'>ψυχῆς-ἀρετὴν</span> <span class='ocrx_word' id='word_1_341' title='bbox 809 4077 904 4129; x_wconf 76' lang='grc' dir='ltr'>καὶ</span> <span class='ocrx_word' id='word_1_342' title='bbox 960 4077 1239 4145; x_wconf 87' lang='grc' dir='ltr'>εὐγένειαν</span> <span class='ocrx_word' id='word_1_343' title='bbox 1285 4079 1523 4149; x_wconf 87' lang='grc' dir='ltr'>τρόπων,</span> <span class='ocrx_word' id='word_1_344' title='bbox 1561 4083 1648 4136; x_wconf 81' lang='grc' dir='ltr'>ἵνα</span> <span class='ocrx_word' id='word_1_345' title='bbox 1697 4085 1916 4157; x_wconf 85' lang='grc' dir='ltr'>εἰρήνης</span> 
     </span>
    </p>
   </div>
   <div class='ocr_carea' id='block_1_47' title="bbox 327 4155 1916 4240">
    <p class='ocr_par' dir='ltr' id='par_1_47' title="bbox 327 4155 1916 4240">
     <span class='ocr_line' id='line_1_47' title="bbox 327 4155 1916 4240; baseline 0.009 -32"><span class='ocrx_word' id='word_1_346' title='bbox 327 4155 720 4226; x_wconf 85' lang='grc' dir='ltr'>ἀπολαύωμεν,</span> <span class='ocrx_word' id='word_1_347' title='bbox 764 4159 849 4210; x_wconf 83' lang='grc' dir='ltr'>ἵνα</span> <span class='ocrx_word' id='word_1_348' title='bbox 883 4160 1240 4232; x_wconf 83' lang='grc' dir='ltr'>ὲντρυφῶμεν</span> <span class='ocrx_word' id='word_1_349' title='bbox 1264 4163 1322 4215; x_wconf 83' lang='grc' dir='ltr'>ἐν</span> <span class='ocrx_word' id='word_1_350' title='bbox 1343 4165 1564 4236; x_wconf 73' lang='grc' dir='ltr'>ὁμονοίᾳ</span> <span class='ocrx_word' id='word_1_351' title='bbox 1604 4169 1698 4221; x_wconf 79' lang='grc' dir='ltr'>καὶ</span> <span class='ocrx_word' id='word_1_352' title='bbox 1729 4155 1916 4240; x_wconf 82' lang='grc' dir='ltr'>ἀγάπῃ</span> 
     </span>
    </p>
   </div>
   <div class='ocr_carea' id='block_1_48' title="bbox 329 4240 1919 4318">
    <p class='ocr_par' dir='ltr' id='par_1_48' title="bbox 329 4240 1919 4318">
     <span class='ocr_line' id='line_1_48' title="bbox 329 4240 1919 4318; baseline 0.011 -29"><span class='ocrx_word' id='word_1_353' title='bbox 329 4240 592 4304; x_wconf 86' lang='grc' dir='ltr'>διηνεκεῖ.</span> <span class='ocrx_word' id='word_1_354' title='bbox 642 4240 700 4292; x_wconf 81' lang='grc'>’0</span> <span class='ocrx_word' id='word_1_355' title='bbox 731 4241 830 4310; x_wconf 83' lang='grc' dir='ltr'>μὲν</span> <span class='ocrx_word' id='word_1_356' title='bbox 868 4241 976 4314; x_wconf 83' lang='grc' dir='ltr'>γάρ</span> <span class='ocrx_word' id='word_1_357' title='bbox 1014 4241 1249 4316; x_wconf 75' lang='grc' dir='ltr'>εὔπορον</span> <span class='ocrx_word' id='word_1_358' title='bbox 1297 4245 1476 4300; x_wconf 86' lang='grc' dir='ltr'>λαϐὼν</span> <span class='ocrx_word' id='word_1_359' title='bbox 1532 4253 1796 4318; x_wconf 77' lang='grc' dir='ltr'>γυναῖκα,</span> <span class='ocrx_word' id='word_1_360' title='bbox 1831 4253 1919 4305; x_wconf 85' lang='grc' dir='ltr'>δέ-</span> 
     </span>
    </p>
   </div>
   <div class='ocr_carea' id='block_1_49' title="bbox 333 4321 1922 4405">
    <p class='ocr_par' dir='ltr' id='par_1_49' title="bbox 333 4321 1922 4405">
     <span class='ocr_line' id='line_1_49' title="bbox 333 4321 1922 4405; baseline 0.01 -33"><span class='ocrx_word' id='word_1_361' title='bbox 333 4337 564 4374; x_wconf 84' lang='grc' dir='ltr'>σποιναν</span> <span class='ocrx_word' id='word_1_362' title='bbox 606 4321 808 4390; x_wconf 77' lang='grc' dir='ltr'>μᾶλλον</span> <span class='ocrx_word' id='word_1_363' title='bbox 830 4323 1024 4377; x_wconf 83' lang='grc' dir='ltr'>ἔλαϐεν</span> <span class='ocrx_word' id='word_1_364' title='bbox 1051 4325 1083 4396; x_wconf 80' lang='grc' dir='ltr'>ἦ</span> <span class='ocrx_word' id='word_1_365' title='bbox 1115 4331 1369 4393; x_wconf 85' lang='grc' dir='ltr'>γυναῖκα.</span> <span class='ocrx_word' id='word_1_366' title='bbox 1411 4331 1471 4382; x_wconf 84' lang='grc' dir='ltr'>Εἰ</span> <span class='ocrx_word' id='word_1_367' title='bbox 1517 4333 1646 4402; x_wconf 83' lang='grc' dir='ltr'>γὰρ,</span> <span class='ocrx_word' id='word_1_368' title='bbox 1685 4335 1780 4386; x_wconf 77' lang='grc' dir='ltr'>καὶ</span> <span class='ocrx_word' id='word_1_369' title='bbox 1812 4353 1922 4405; x_wconf 86' lang='grc' dir='ltr'>χω-</span> 
     </span>
    </p>
   </div>
   <div class='ocr_carea' id='block_1_50' title="bbox 333 4405 1922 4488">
    <p class='ocr_par' dir='ltr' id='par_1_50' title="bbox 333 4405 1922 4488">
     <span class='ocr_line' id='line_1_50' title="bbox 333 4405 1922 4488; baseline 0.009 -33"><span class='ocrx_word' id='word_1_370' title='bbox 333 4405 422 4476; x_wconf 76' lang='grc' dir='ltr'>ρὶς</span> <span class='ocrx_word' id='word_1_371' title='bbox 453 4405 643 4456; x_wconf 87' lang='grc' dir='ltr'>τούτου</span> <span class='ocrx_word' id='word_1_372' title='bbox 663 4447 678 4470; x_wconf 96' lang='grc'>,</span> <span class='ocrx_word' id='word_1_373' title='bbox 709 4409 1056 4478; x_wconf 86' lang='grc' dir='ltr'>φρονήματός</span> <span class='ocrx_word' id='word_1_374' title='bbox 1085 4411 1222 4462; x_wconf 86' lang='grc' dir='ltr'>εἰσιν</span> <span class='ocrx_word' id='word_1_375' title='bbox 1251 4412 1307 4463; x_wconf 88' lang='grc' dir='ltr'>αἰ</span> <span class='ocrx_word' id='word_1_376' title='bbox 1341 4415 1597 4479; x_wconf 89' lang='grc' dir='ltr'>γυναῖκες</span> <span class='ocrx_word' id='word_1_377' title='bbox 1636 4417 1922 4488; x_wconf 68' lang='grc' dir='ltr'>ἐμπεπλη-</span> 
     </span>
    </p>
   </div>
   <div class='ocr_carea' id='block_1_51' title="bbox 335 4487 1923 4564">
    <p class='ocr_par' dir='ltr' id='par_1_51' title="bbox 335 4487 1923 4564">
     <span class='ocr_line' id='line_1_51' title="bbox 335 4487 1923 4564; baseline 0.009 -25"><span class='ocrx_word' id='word_1_378' title='bbox 335 4487 533 4558; x_wconf 83' lang='grc' dir='ltr'>σμέναι</span> <span class='ocrx_word' id='word_1_379' title='bbox 555 4529 570 4546; x_wconf 88' lang='grc'>,</span> <span class='ocrx_word' id='word_1_380' title='bbox 617 4489 708 4542; x_wconf 78' lang='grc' dir='ltr'>καὶ</span> <span class='ocrx_word' id='word_1_381' title='bbox 739 4491 874 4560; x_wconf 80' lang='grc' dir='ltr'>πρὸς</span> <span class='ocrx_word' id='word_1_382' title='bbox 903 4491 1062 4562; x_wconf 79' lang='grc' dir='ltr'>δόξης</span> <span class='ocrx_word' id='word_1_383' title='bbox 1097 4492 1277 4564; x_wconf 76' lang='grc' dir='ltr'>ἔρωτα</span> <span class='ocrx_word' id='word_1_384' title='bbox 1315 4494 1652 4564; x_wconf 88' lang='grc' dir='ltr'>εὐέμπτωτοι</span> <span class='ocrx_word' id='word_1_385' title='bbox 1673 4540 1688 4563; x_wconf 88' lang='grc'>,</span> <span class='ocrx_word' id='word_1_386' title='bbox 1727 4499 1793 4552; x_wconf 84' lang='grc' dir='ltr'>ἂν</span> <span class='ocrx_word' id='word_1_387' title='bbox 1829 4487 1923 4553; x_wconf 77' lang='grc' dir='ltr'>καὶ</span> 
     </span>
    </p>
   </div>
   <div class='ocr_carea' id='block_1_52' title="bbox 331 4569 1922 4656">
    <p class='ocr_par' dir='ltr' id='par_1_52' title="bbox 331 4569 1922 4656">
     <span class='ocr_line' id='line_1_52' title="bbox 331 4569 1922 4656; baseline 0.007 -30"><span class='ocrx_word' id='word_1_388' title='bbox 331 4569 542 4642; x_wconf 74' lang='grc' dir='ltr'>ταύτην</span> <span class='ocrx_word' id='word_1_389' title='bbox 555 4572 914 4656; x_wconf 82' lang='grc' dir='ltr'>προσλάϐωσι</span> <span class='ocrx_word' id='word_1_390' title='bbox 930 4576 1029 4644; x_wconf 81' lang='grc' dir='ltr'>τήν</span> <span class='ocrx_word' id='word_1_391' title='bbox 1054 4576 1390 4646; x_wconf 79' lang='grc' dir='ltr'>προσθήκην,</span> <span class='ocrx_word' id='word_1_392' title='bbox 1409 4578 1526 4643; x_wconf 86' lang='grc' dir='ltr'>πῶς</span> <span class='ocrx_word' id='word_1_393' title='bbox 1541 4579 1752 4634; x_wconf 80' lang='grc' dir='ltr'>ἔσονται</span> <span class='ocrx_word' id='word_1_394' title='bbox 1774 4582 1922 4656; x_wconf 76' lang='grc'>[218]</span> 
     </span>
    </p>
   </div>
   <div class='ocr_carea' id='block_1_53' title="bbox 335 4655 1925 4736">
    <p class='ocr_par' dir='ltr' id='par_1_53' title="bbox 335 4655 1925 4736">
     <span class='ocr_line' id='line_1_53' title="bbox 335 4655 1925 4736; baseline 0.009 -32"><span class='ocrx_word' id='word_1_395' title='bbox 335 4655 574 4736; x_wconf 77' lang='grc' dir='ltr'>φορηταί</span> <span class='ocrx_word' id='word_1_396' title='bbox 610 4656 724 4718; x_wconf 81' lang='grc' dir='ltr'>τοῖς</span> <span class='ocrx_word' id='word_1_397' title='bbox 764 4656 1108 4710; x_wconf 78' lang='grc' dir='ltr'>συνοικοῦσιν</span> <span class='ocrx_word' id='word_1_398' title='bbox 1147 4659 1372 4724; x_wconf 87' lang='grc' dir='ltr'>αὐταῖς;</span> <span class='ocrx_word' id='word_1_399' title='bbox 1418 4661 1476 4714; x_wconf 88' lang='lat'>&#39;0</span> <span class='ocrx_word' id='word_1_400' title='bbox 1507 4661 1564 4715; x_wconf 84' lang='grc' dir='ltr'>δὲ</span> <span class='ocrx_word' id='word_1_401' title='bbox 1603 4667 1860 4734; x_wconf 76' lang='grc' dir='ltr'>ὁμότιμον</span> 
     </span>
    </p>
   </div>
   <div class='ocr_carea' id='block_1_54' title="bbox 335 4735 1926 4818">
    <p class='ocr_par' dir='ltr' id='par_1_54' title="bbox 335 4735 1926 4818">
     <span class='ocr_line' id='line_1_54' title="bbox 335 4735 1926 4818; baseline 0.011 -33"><span class='ocrx_word' id='word_1_402' title='bbox 335 4735 672 4806; x_wconf 72' lang='grc' dir='ltr'>ιτε-ιεστέραν</span> <span class='ocrx_word' id='word_1_403' title='bbox 711 4737 890 4790; x_wconf 81' lang='grc' dir='ltr'>λαϐὼν</span> <span class='ocrx_word' id='word_1_404' title='bbox 935 4743 1166 4807; x_wconf 87' lang='grc' dir='ltr'>γυναῖκα</span> <span class='ocrx_word' id='word_1_405' title='bbox 1191 4783 1206 4806; x_wconf 87' lang='grc'>,</span> <span class='ocrx_word' id='word_1_406' title='bbox 1253 4741 1446 4814; x_wconf 85' lang='grc' dir='ltr'>βοηθὸν</span> <span class='ocrx_word' id='word_1_407' title='bbox 1491 4745 1587 4798; x_wconf 72' lang='grc' dir='ltr'>καί¹</span> <span class='ocrx_word' id='word_1_408' title='bbox 1639 4735 1926 4818; x_wconf 90' lang='grc' dir='ltr'>σύμμαχον</span> 
     </span>
    </p>
   </div>
   <div class='ocr_carea' id='block_1_55' title="bbox 335 4819 1924 4898">
    <p class='ocr_par' dir='ltr' id='par_1_55' title="bbox 335 4819 1924 4898">
     <span class='ocr_line' id='line_1_55' title="bbox 335 4819 1924 4898; baseline 0.01 -29"><span class='ocrx_word' id='word_1_409' title='bbox 335 4819 524 4880; x_wconf 77' lang='grc' dir='ltr'>ἔλαϐε,</span> <span class='ocrx_word' id='word_1_410' title='bbox 556 4820 650 4871; x_wconf 77' lang='grc' dir='ltr'>καὶ</span> <span class='ocrx_word' id='word_1_411' title='bbox 684 4821 858 4872; x_wconf 85' lang='grc' dir='ltr'>πάντα</span> <span class='ocrx_word' id='word_1_412' title='bbox 887 4823 966 4885; x_wconf 89' lang='grc' dir='ltr'>εἰς</span> <span class='ocrx_word' id='word_1_413' title='bbox 995 4823 1090 4893; x_wconf 87' lang='grc' dir='ltr'>τὴν</span> <span class='ocrx_word' id='word_1_414' title='bbox 1123 4825 1298 4877; x_wconf 87' lang='grc' dir='ltr'>οἰκίαν</span> <span class='ocrx_word' id='word_1_415' title='bbox 1325 4827 1586 4898; x_wconf 81' lang='grc' dir='ltr'>εἰσήγαγε</span> <span class='ocrx_word' id='word_1_416' title='bbox 1623 4829 1692 4882; x_wconf 80' lang='grc' dir='ltr'>τά</span> <span class='ocrx_word' id='word_1_417' title='bbox 1725 4831 1924 4898; x_wconf 84' lang='grc' dir='ltr'>ἀγαθά.</span> 
     </span>
    </p>
   </div>
   <div class='ocr_carea' id='block_1_56' title="bbox 345 4901 1929 4985">
    <p class='ocr_par' dir='ltr' id='par_1_56' title="bbox 345 4901 1929 4985">
     <span class='ocr_line' id='line_1_56' title="bbox 345 4901 1929 4985; baseline 0.011 -34"><span class='ocrx_word' id='word_1_418' title='bbox 345 4901 556 4985; x_wconf 44' lang='grc' dir='ltr'>’ξι-γάρ</span> <span class='ocrx_word' id='word_1_419' title='bbox 601 4907 700 4985; x_wconf 61' lang='grc' dir='ltr'>τῇς</span> <span class='ocrx_word' id='word_1_420' title='bbox 737 4905 925 4985; x_wconf 72' lang='grc' dir='ltr'>πενίας</span> <span class='ocrx_word' id='word_1_421' title='bbox 954 4906 1168 4977; x_wconf 82' lang='grc' dir='ltr'>ἀνάγκη</span> <span class='ocrx_word' id='word_1_422' title='bbox 1204 4906 1528 4980; x_wconf 83' lang='grc' dir='ltr'>θεραπεύειν</span> <span class='ocrx_word' id='word_1_423' title='bbox 1569 4913 1738 4984; x_wconf 85' lang='grc' dir='ltr'>αὐτὴν</span> <span class='ocrx_word' id='word_1_424' title='bbox 1792 4915 1929 4985; x_wconf 86' lang='grc' dir='ltr'>μετά</span> 
     </span>
    </p>
   </div>
   <div class='ocr_carea' id='block_1_57' title="bbox 338 4978 1930 5064">
    <p class='ocr_par' dir='ltr' id='par_1_57' title="bbox 338 4978 1930 5064">
     <span class='ocr_line' id='line_1_57' title="bbox 338 4978 1930 5064; baseline 0.012 -35"><span class='ocrx_word' id='word_1_425' title='bbox 338 4978 542 5048; x_wconf 81' lang='grc' dir='ltr'>πολλῆς</span> <span class='ocrx_word' id='word_1_426' title='bbox 590 4981 690 5048; x_wconf 75' lang='grc' dir='ltr'>τῆς</span> <span class='ocrx_word' id='word_1_427' title='bbox 742 4984 1057 5052; x_wconf 79' lang='grc' dir='ltr'>ἐπιμελείας</span> <span class='ocrx_word' id='word_1_428' title='bbox 1108 4978 1393 5041; x_wconf 83' lang='grc' dir='ltr'>ἀναπείθει</span> <span class='ocrx_word' id='word_1_429' title='bbox 1443 4990 1534 5044; x_wconf 84' lang='grc' dir='ltr'>τὸν</span> <span class='ocrx_word' id='word_1_430' title='bbox 1573 4978 1804 5064; x_wconf 34' lang='grc' dir='ltr'>ἄνδρα(</span> <span class='ocrx_word' id='word_1_431' title='bbox 1835 4995 1930 5048; x_wconf 70' lang='grc' dir='ltr'>καὶ</span> 
     </span>
    </p>
   </div>
   <div class='ocr_carea' id='block_1_58' title="bbox 339 5061 1931 5146">
    <p class='ocr_par' dir='ltr' id='par_1_58' title="bbox 339 5061 1931 5146">
     <span class='ocr_line' id='line_1_58' title="bbox 339 5061 1931 5146; baseline 0.013 -35"><span class='ocrx_word' id='word_1_432' title='bbox 339 5061 526 5114; x_wconf 82' lang='grc' dir='ltr'>πάντα</span> <span class='ocrx_word' id='word_1_433' title='bbox 569 5064 738 5114; x_wconf 80' lang='grc' dir='ltr'>εἴκειν</span> <span class='ocrx_word' id='word_1_434' title='bbox 789 5065 882 5116; x_wconf 75' lang='grc' dir='ltr'>καὶ</span> <span class='ocrx_word' id='word_1_435' title='bbox 942 5067 1244 5135; x_wconf 87' lang='grc' dir='ltr'>πείθεσθαι,</span> <span class='ocrx_word' id='word_1_436' title='bbox 1301 5073 1395 5124; x_wconf 82' lang='grc' dir='ltr'>καὶ</span> <span class='ocrx_word' id='word_1_437' title='bbox 1449 5073 1622 5145; x_wconf 77' lang='grc' dir='ltr'>ἔριδος</span> <span class='ocrx_word' id='word_1_438' title='bbox 1673 5061 1792 5146; x_wconf 75' lang='grc' dir='ltr'>μὲν,</span> <span class='ocrx_word' id='word_1_439' title='bbox 1837 5079 1931 5131; x_wconf 82' lang='grc' dir='ltr'>καὶ</span> 
     </span>
    </p>
   </div>
   <div class='ocr_carea' id='block_1_59' title="bbox 342 5145 1932 5231">
    <p class='ocr_par' dir='ltr' id='par_1_59' title="bbox 342 5145 1932 5231">
     <span class='ocr_line' id='line_1_59' title="bbox 342 5145 1932 5231; baseline 0.011 -35"><span class='ocrx_word' id='word_1_440' title='bbox 342 5145 550 5215; x_wconf 80' lang='grc' dir='ltr'>μάχης,</span> <span class='ocrx_word' id='word_1_441' title='bbox 577 5147 982 5231; x_wconf 68' lang='grc' dir='ltr'>καὶάπονοίας,</span> <span class='ocrx_word' id='word_1_442' title='bbox 1003 5152 1095 5203; x_wconf 77' lang='grc' dir='ltr'>καὶ</span> <span class='ocrx_word' id='word_1_443' title='bbox 1123 5151 1333 5223; x_wconf 78' lang='grc' dir='ltr'>ὕϐρεως</span> <span class='ocrx_word' id='word_1_444' title='bbox 1363 5157 1542 5210; x_wconf 77' lang='grc' dir='ltr'>πᾶσαν</span> <span class='ocrx_word' id='word_1_445' title='bbox 1565 5145 1778 5229; x_wconf 82' lang='grc' dir='ltr'>ἀναιρεῖ</span> <span class='ocrx_word' id='word_1_446' title='bbox 1799 5161 1932 5231; x_wconf 86' lang='grc' dir='ltr'>πρό-</span> 
     </span>
    </p>
   </div>
   <div class='ocr_carea' id='block_1_60' title="bbox 339 5229 1930 5309">
    <p class='ocr_par' dir='ltr' id='par_1_60' title="bbox 339 5229 1930 5309">
     <span class='ocr_line' id='line_1_60' title="bbox 339 5229 1930 5309; baseline 0.012 -30"><span class='ocrx_word' id='word_1_447' title='bbox 339 5243 508 5294; x_wconf 80' lang='grc' dir='ltr'>φασιν</span> <span class='ocrx_word' id='word_1_448' title='bbox 534 5243 546 5256; x_wconf 90' lang='grc'><strong>·</strong></span> <span class='ocrx_word' id='word_1_449' title='bbox 575 5229 799 5298; x_wconf 79' lang='grc' dir='ltr'>εἰρήνης</span> <span class='ocrx_word' id='word_1_450' title='bbox 843 5231 930 5294; x_wconf 84' lang='grc' dir='ltr'>δὲ,</span> <span class='ocrx_word' id='word_1_451' title='bbox 967 5236 1060 5287; x_wconf 74' lang='grc' dir='ltr'>καὶ</span> <span class='ocrx_word' id='word_1_452' title='bbox 1088 5237 1370 5305; x_wconf 86' lang='grc' dir='ltr'>ὁμονοίας,</span> <span class='ocrx_word' id='word_1_453' title='bbox 1421 5242 1516 5293; x_wconf 72' lang='grc' dir='ltr'>καὶ</span> <span class='ocrx_word' id='word_1_454' title='bbox 1561 5241 1803 5309; x_wconf 89' lang='grc' dir='ltr'>ἀγάπης,</span> <span class='ocrx_word' id='word_1_455' title='bbox 1839 5229 1930 5298; x_wconf 69' lang='grc' dir='ltr'>καὶ</span> 
     </span>
    </p>
   </div>
   <div class='ocr_carea' id='block_1_61' title="bbox 343 5310 1934 5395">
    <p class='ocr_par' dir='ltr' id='par_1_61' title="bbox 343 5310 1934 5395">
     <span class='ocr_line' id='line_1_61' title="bbox 343 5310 1934 5395; baseline 0.01 -33"><span class='ocrx_word' id='word_1_456' title='bbox 343 5310 673 5395; x_wconf 56' lang='grc' dir='ltr'>συμφωνίας</span> <span class='ocrx_word' id='word_1_457' title='bbox 699 5313 906 5378; x_wconf 89' lang='grc' dir='ltr'>γίνεται</span> <span class='ocrx_word' id='word_1_458' title='bbox 953 5315 1268 5388; x_wconf 88' lang='grc' dir='ltr'>σύνδεσμος.</span> <span class='ocrx_word' id='word_1_459' title='bbox 1303 5321 1394 5391; x_wconf 84' lang='grc' dir='ltr'><strong>Μὴ</strong></span> <span class='ocrx_word' id='word_1_460' title='bbox 1435 5323 1614 5375; x_wconf 88' lang='grc' dir='ltr'>τοίνυν</span> <span class='ocrx_word' id='word_1_461' title='bbox 1642 5325 1797 5378; x_wconf 88' lang='grc' dir='ltr'>τοῦτο</span> <span class='ocrx_word' id='word_1_462' title='bbox 1837 5325 1934 5395; x_wconf 81' lang='grc' dir='ltr'>ζη-</span> 
     </span>
    </p>
   </div>
   <div class='ocr_carea' id='block_1_62' title="bbox 341 5392 1930 5479">
    <p class='ocr_par' dir='ltr' id='par_1_62' title="bbox 341 5392 1930 5479">
     <span class='ocr_line' id='line_1_62' title="bbox 341 5392 1930 5479; baseline 0.013 -37"><span class='ocrx_word' id='word_1_463' title='bbox 341 5392 532 5479; x_wconf 70' lang='grc' dir='ltr'>τῶμεν</span> <span class='ocrx_word' id='word_1_464' title='bbox 579 5394 728 5479; x_wconf 77' lang='grc' dir='ltr'>δπως</span> <span class='ocrx_word' id='word_1_465' title='bbox 773 5399 1030 5469; x_wconf 87' lang='grc' dir='ltr'>χρήματα</span> <span class='ocrx_word' id='word_1_466' title='bbox 1061 5399 1292 5471; x_wconf 77' lang='grc' dir='ltr'>ἔχωμεν,</span> <span class='ocrx_word' id='word_1_467' title='bbox 1343 5403 1457 5456; x_wconf 86' lang='grc' dir='ltr'>ἀλλ’</span> <span class='ocrx_word' id='word_1_468' title='bbox 1487 5407 1634 5469; x_wconf 83' lang='grc' dir='ltr'>ὅπως</span> <span class='ocrx_word' id='word_1_469' title='bbox 1687 5392 1930 5479; x_wconf 78' lang='grc' dir='ltr'>εἰρήνην,</span> 
     </span>
    </p>
   </div>
   <div class='ocr_carea' id='block_1_63' title="bbox 343 5476 1933 5559">
    <p class='ocr_par' dir='ltr' id='par_1_63' title="bbox 343 5476 1933 5559">
     <span class='ocr_line' id='line_1_63' title="bbox 343 5476 1933 5559; baseline 0.011 -31"><span class='ocrx_word' id='word_1_470' title='bbox 343 5476 504 5559; x_wconf 76' lang='grc' dir='ltr'>ὅπως</span> <span class='ocrx_word' id='word_1_471' title='bbox 537 5477 734 5550; x_wconf 80' lang='grc' dir='ltr'>ἡδονῆς</span> <span class='ocrx_word' id='word_1_472' title='bbox 761 5481 1146 5554; x_wconf 78' lang='grc' dir='ltr'>ἀπολαύωμενο</span> <span class='ocrx_word' id='word_1_473' title='bbox 1181 5486 1269 5537; x_wconf 75' lang='grc' dir='ltr'>διὰ</span> <span class='ocrx_word' id='word_1_474' title='bbox 1296 5485 1454 5538; x_wconf 87' lang='grc' dir='ltr'>τοῦτο</span> <span class='ocrx_word' id='word_1_475' title='bbox 1481 5489 1684 5558; x_wconf 84' lang='grc' dir='ltr'>γάμος,</span> <span class='ocrx_word' id='word_1_476' title='bbox 1719 5476 1816 5559; x_wconf 77' lang='grc' dir='ltr'>οὐχ</span> <span class='ocrx_word' id='word_1_477' title='bbox 1846 5476 1933 5546; x_wconf 80' lang='grc' dir='ltr'>ἵνα</span> 
     </span>
    </p>
   </div>
   <div class='ocr_carea' id='block_1_64' title="bbox 345 5557 1934 5642">
    <p class='ocr_par' dir='ltr' id='par_1_64' title="bbox 345 5557 1934 5642">
     <span class='ocr_line' id='line_1_64' title="bbox 345 5557 1934 5642; baseline 0.011 -34"><span class='ocrx_word' id='word_1_478' title='bbox 345 5557 588 5628; x_wconf 67' lang='grc' dir='ltr'>πολέμου</span> <span class='ocrx_word' id='word_1_479' title='bbox 621 5564 716 5614; x_wconf 80' lang='grc' dir='ltr'>καὶ</span> <span class='ocrx_word' id='word_1_480' title='bbox 761 5563 940 5632; x_wconf 82' lang='grc' dir='ltr'>μάχης</span> <span class='ocrx_word' id='word_1_481' title='bbox 968 5567 1067 5629; x_wconf 75' lang='grc' dir='ltr'>τὰς</span> <span class='ocrx_word' id='word_1_482' title='bbox 1098 5569 1273 5630; x_wconf 86' lang='grc' dir='ltr'>οἰκίας</span> <span class='ocrx_word' id='word_1_483' title='bbox 1303 5557 1688 5640; x_wconf 81' lang='grc' dir='ltr'>ἐμπιπλῶμεν,</span> <span class='ocrx_word' id='word_1_484' title='bbox 1717 5557 1816 5642; x_wconf 74' lang='grc' dir='ltr'>οὐχ</span> <span class='ocrx_word' id='word_1_485' title='bbox 1847 5575 1934 5627; x_wconf 81' lang='grc' dir='ltr'>ἵνα</span> 
     </span>
    </p>
   </div>
   <div class='ocr_carea' id='block_1_65' title="bbox 346 5641 1932 5726">
    <p class='ocr_par' dir='ltr' id='par_1_65' title="bbox 346 5641 1932 5726">
     <span class='ocr_line' id='line_1_65' title="bbox 346 5641 1932 5726; baseline 0.011 -34"><span class='ocrx_word' id='word_1_486' title='bbox 346 5641 500 5726; x_wconf 57' lang='grc' dir='ltr'>ἕρεις</span> <span class='ocrx_word' id='word_1_487' title='bbox 523 5645 616 5696; x_wconf 76' lang='grc' dir='ltr'>καὶ</span> <span class='ocrx_word' id='word_1_488' title='bbox 650 5647 980 5714; x_wconf 83' lang='grc' dir='ltr'>φιλονεικίας</span> <span class='ocrx_word' id='word_1_489' title='bbox 1013 5649 1246 5721; x_wconf 77' lang='grc' dir='ltr'>ἔχωμεν,</span> <span class='ocrx_word' id='word_1_490' title='bbox 1273 5652 1370 5723; x_wconf 88' lang='grc' dir='ltr'>οὐχ</span> <span class='ocrx_word' id='word_1_491' title='bbox 1406 5652 1490 5706; x_wconf 81' lang='grc' dir='ltr'>ἵνα</span> <span class='ocrx_word' id='word_1_492' title='bbox 1514 5653 1650 5724; x_wconf 81' lang='grc' dir='ltr'>πρὸς</span> <span class='ocrx_word' id='word_1_493' title='bbox 1671 5641 1932 5726; x_wconf 87' lang='grc' dir='ltr'>ἀλλήλους</span> 
     </span>
    </p>
   </div>
   <div class='ocr_carea' id='block_1_66' title="bbox 347 5725 1926 5808">
    <p class='ocr_par' dir='ltr' id='par_1_66' title="bbox 347 5725 1926 5808">
     <span class='ocr_line' id='line_1_66' title="bbox 347 5725 1926 5808; baseline 0.011 -31"><span class='ocrx_word' id='word_1_494' title='bbox 347 5725 844 5808; x_wconf 72' lang='grc' dir='ltr'>ϊιαστασιάζωμεν,</span> <span class='ocrx_word' id='word_1_495' title='bbox 868 5731 962 5783; x_wconf 73' lang='grc' dir='ltr'>καὶ</span> <span class='ocrx_word' id='word_1_496' title='bbox 986 5733 1217 5786; x_wconf 83' lang='grc' dir='ltr'>ἀϐίωτον</span> <span class='ocrx_word' id='word_1_497' title='bbox 1245 5735 1334 5787; x_wconf 82' lang='grc' dir='ltr'>τὸν</span> <span class='ocrx_word' id='word_1_498' title='bbox 1357 5735 1470 5804; x_wconf 75' lang='grc' dir='ltr'>βίον</span> <span class='ocrx_word' id='word_1_499' title='bbox 1501 5737 1763 5808; x_wconf 87' lang='grc' dir='ltr'>ποιῶμεν,</span> <span class='ocrx_word' id='word_1_500' title='bbox 1794 5725 1926 5795; x_wconf 82' lang='grc' dir='ltr'>ἀλλά</span> 
     </span>
    </p>
   </div>
   <div class='ocr_carea' id='block_1_67' title="bbox 355 5805 1933 5888">
    <p class='ocr_par' dir='ltr' id='par_1_67' title="bbox 355 5805 1933 5888">
     <span class='ocr_line' id='line_1_67' title="bbox 355 5805 1933 5888; baseline 0.013 -30"><span class='ocrx_word' id='word_1_501' title='bbox 355 5808 441 5862; x_wconf 78' lang='grc' dir='ltr'>ἵνα</span> <span class='ocrx_word' id='word_1_502' title='bbox 481 5805 730 5880; x_wconf 81' lang='grc' dir='ltr'>βοηθείας</span> <span class='ocrx_word' id='word_1_503' title='bbox 778 5811 1168 5884; x_wconf 81' lang='grc' dir='ltr'>ἀπολαύωμεν,</span> <span class='ocrx_word' id='word_1_504' title='bbox 1215 5817 1308 5870; x_wconf 72' lang='grc' dir='ltr'>καὶ</span> <span class='ocrx_word' id='word_1_505' title='bbox 1349 5817 1540 5887; x_wconf 83' lang='grc' dir='ltr'>λιμένα</span> <span class='ocrx_word' id='word_1_506' title='bbox 1591 5805 1802 5888; x_wconf 80' lang='grc' dir='ltr'>ἔχωμεν</span> <span class='ocrx_word' id='word_1_507' title='bbox 1841 5825 1933 5878; x_wconf 74' lang='grc' dir='ltr'>καὶ</span> 
     </span>
    </p>
   </div>
   <div class='ocr_carea' id='block_1_68' title="bbox 1275 329 2608 398">
    <p class='ocr_par' dir='ltr' id='par_1_68' title="bbox 1275 329 2608 398">
     <span class='ocr_line' id='line_1_68' title="bbox 1275 329 2608 398; baseline -0.002 -9"><span class='ocrx_word' id='word_1_508' title='bbox 1275 330 1550 398; x_wconf 82' lang='lat' dir='ltr'>QUALES</span> <span class='ocrx_word' id='word_1_509' title='bbox 1585 329 1928 387; x_wconf 68' lang='lat' dir='ltr'>DUCEND:E</span> <span class='ocrx_word' id='word_1_510' title='bbox 1968 329 2121 386; x_wconf 79' lang='lat' dir='ltr'>SINT</span> <span class='ocrx_word' id='word_1_511' title='bbox 2178 331 2478 388; x_wconf 79' lang='lat' dir='ltr'>UXORES.</span> <span class='ocrx_word' id='word_1_512' title='bbox 2521 333 2608 388; x_wconf 91' lang='grc'><strong>111.</strong></span> 
     </span>
    </p>
   </div>
   <div class='ocr_carea' id='block_1_69' title="bbox 3495 320 3604 374">
    <p class='ocr_par' dir='ltr' id='par_1_69' title="bbox 3495 320 3604 374">
     <span class='ocr_line' id='line_1_69' title="bbox 3495 320 3604 374; baseline -0.018 0"><span class='ocrx_word' id='word_1_513' title='bbox 3495 320 3604 374; x_wconf 66' lang='lat'>332</span> 
     </span>
    </p>
   </div>
   <div class='ocr_carea' id='block_1_70' title="bbox 2017 429 3596 510">
    <p class='ocr_par' dir='ltr' id='par_1_70' title="bbox 2017 429 3596 510">
     <span class='ocr_line' id='line_1_70' title="bbox 2017 429 3596 510; baseline -0.004 -19"><span class='ocrx_word' id='word_1_514' title='bbox 2017 438 2364 510; x_wconf 82' lang='grc' dir='ltr'>καταφυγὴν,</span> <span class='ocrx_word' id='word_1_515' title='bbox 2389 439 2482 492; x_wconf 71' lang='grc' dir='ltr'>καὶ</span> <span class='ocrx_word' id='word_1_516' title='bbox 2509 434 2860 508; x_wconf 84' lang='grc' dir='ltr'>παραμυθίαν</span> <span class='ocrx_word' id='word_1_517' title='bbox 2877 431 2985 495; x_wconf 86' lang='grc' dir='ltr'>τῶν</span> <span class='ocrx_word' id='word_1_518' title='bbox 3005 429 3362 499; x_wconf 74' lang='grc' dir='ltr'>ἐπικειμένων</span> <span class='ocrx_word' id='word_1_519' title='bbox 3391 432 3596 484; x_wconf 60' lang='grc' dir='ltr'>κακῶν.</span> 
     </span>
    </p>
   </div>
   <div class='ocr_carea' id='block_1_71' title="bbox 2018 513 3600 594">
    <p class='ocr_par' dir='ltr' id='par_1_71' title="bbox 2018 513 3600 594">
     <span class='ocr_line' id='line_1_71' title="bbox 2018 513 3600 594; baseline -0.006 -20"><span class='ocrx_word' id='word_1_520' title='bbox 2018 521 2104 575; x_wconf 83' lang='grc' dir='ltr'>ῖνα</span> <span class='ocrx_word' id='word_1_521' title='bbox 2170 522 2288 593; x_wconf 88' lang='grc' dir='ltr'>μεθ’</span> <span class='ocrx_word' id='word_1_522' title='bbox 2333 522 2533 594; x_wconf 79' lang='grc' dir='ltr'>ἡδονῆς</span> <span class='ocrx_word' id='word_1_523' title='bbox 2585 523 2649 592; x_wconf 81' lang='grc' dir='ltr'>τῇ</span> <span class='ocrx_word' id='word_1_524' title='bbox 2708 518 2928 587; x_wconf 74' lang='grc' dir='ltr'>γυναικὶ</span> <span class='ocrx_word' id='word_1_525' title='bbox 2985 513 3378 583; x_wconf 78' lang='grc' dir='ltr'>διαλεγώμεθα.</span> <span class='ocrx_word' id='word_1_526' title='bbox 3440 515 3600 566; x_wconf 66' lang='grc' dir='ltr'>[Ιὸσηι</span> 
     </span>
    </p>
   </div>
   <div class='ocr_carea' id='block_1_72' title="bbox 2015 597 3601 670">
    <p class='ocr_par' dir='ltr' id='par_1_72' title="bbox 2015 597 3601 670">
     <span class='ocr_line' id='line_1_72' title="bbox 2015 597 3601 670; baseline -0.006 -14"><span class='ocrx_word' id='word_1_527' title='bbox 2015 604 2392 670; x_wconf 81' lang='grc' dir='ltr'>πλουτοῦντες,</span> <span class='ocrx_word' id='word_1_528' title='bbox 2420 607 2684 670; x_wconf 84' lang='grc' dir='ltr'>γυναῖκας</span> <span class='ocrx_word' id='word_1_529' title='bbox 2703 601 2956 664; x_wconf 81' lang='grc' dir='ltr'>λαϐόντες</span> <span class='ocrx_word' id='word_1_530' title='bbox 2986 599 3270 668; x_wconf 78' lang='grc' dir='ltr'>εὐπόρους,</span> <span class='ocrx_word' id='word_1_531' title='bbox 3293 597 3390 667; x_wconf 85' lang='grc' dir='ltr'>τὴν</span> <span class='ocrx_word' id='word_1_532' title='bbox 3414 598 3601 649; x_wconf 77' lang='grc' dir='ltr'>οὐσίαν</span> 
     </span>
    </p>
   </div>
   <div class='ocr_carea' id='block_1_73' title="bbox 2015 679 3597 757">
    <p class='ocr_par' dir='ltr' id='par_1_73' title="bbox 2015 679 3597 757">
     <span class='ocr_line' id='line_1_73' title="bbox 2015 679 3597 757; baseline -0.007 -18"><span class='ocrx_word' id='word_1_533' title='bbox 2015 687 2369 757; x_wconf 85' lang='grc' dir='ltr'>αὐξήσαντες,</span> <span class='ocrx_word' id='word_1_534' title='bbox 2391 686 2491 757; x_wconf 81' lang='grc' dir='ltr'>τὴν</span> <span class='ocrx_word' id='word_1_535' title='bbox 2521 686 2713 756; x_wconf 81' lang='grc' dir='ltr'>ἡδονὴν</span> <span class='ocrx_word' id='word_1_536' title='bbox 2746 685 2836 737; x_wconf 73' lang='grc' dir='ltr'>καὶ</span> <span class='ocrx_word' id='word_1_537' title='bbox 2863 683 2960 753; x_wconf 73' lang='grc' dir='ltr'>τὴν</span> <span class='ocrx_word' id='word_1_538' title='bbox 2987 681 3237 751; x_wconf 85' lang='grc' dir='ltr'>ὁμόνοιαν</span> <span class='ocrx_word' id='word_1_539' title='bbox 3271 679 3597 742; x_wconf 76' lang='grc' dir='ltr'>κατέλυσαν,</span> 
     </span>
    </p>
   </div>
   <div class='ocr_carea' id='block_1_74' title="bbox 2014 761 3598 840">
    <p class='ocr_par' dir='ltr' id='par_1_74' title="bbox 2014 761 3598 840">
     <span class='ocr_line' id='line_1_74' title="bbox 2014 761 3598 840; baseline -0.006 -19"><span class='ocrx_word' id='word_1_540' title='bbox 2014 770 2388 840; x_wconf 71' lang='grc' dir='ltr'>καθημερινάς</span> <span class='ocrx_word' id='word_1_541' title='bbox 2425 769 2603 838; x_wconf 88' lang='grc' dir='ltr'>μάχας</span> <span class='ocrx_word' id='word_1_542' title='bbox 2645 770 2738 820; x_wconf 71' lang='grc' dir='ltr'>ἐπὶ</span> <span class='ocrx_word' id='word_1_543' title='bbox 2781 767 2878 835; x_wconf 80' lang='grc' dir='ltr'>τῆς</span> <span class='ocrx_word' id='word_1_544' title='bbox 2907 763 3188 836; x_wconf 78' lang='grc' dir='ltr'>τραπέζης</span> <span class='ocrx_word' id='word_1_545' title='bbox 3244 761 3598 832; x_wconf 83' lang='grc' dir='ltr'>ποιούμενοι,</span> 
     </span>
    </p>
   </div>
   <div class='ocr_carea' id='block_1_75' title="bbox 2015 841 3603 917">
    <p class='ocr_par' dir='ltr' id='par_1_75' title="bbox 2015 841 3603 917">
     <span class='ocr_line' id='line_1_75' title="bbox 2015 841 3603 917; baseline -0.003 -18"><span class='ocrx_word' id='word_1_546' title='bbox 2015 847 2347 916; x_wconf 87' lang='grc' dir='ltr'>φιλονεικίας</span> <span class='ocrx_word' id='word_1_547' title='bbox 2389 847 2634 917; x_wconf 82' lang='grc' dir='ltr'>ἔχοντες;</span> <span class='ocrx_word' id='word_1_548' title='bbox 2685 847 2842 898; x_wconf 82' lang='grc' dir='ltr'>πόσοι</span> <span class='ocrx_word' id='word_1_549' title='bbox 2875 846 3105 914; x_wconf 83' lang='grc' dir='ltr'>πένητες</span> <span class='ocrx_word' id='word_1_550' title='bbox 3148 843 3479 912; x_wconf 82' lang='grc' dir='ltr'>πενεστέρας</span> <span class='ocrx_word' id='word_1_551' title='bbox 3508 841 3603 894; x_wconf 92' lang='grc' dir='ltr'>λα-</span> 
     </span>
    </p>
   </div>
   <div class='ocr_carea' id='block_1_76' title="bbox 2013 919 3600 997">
    <p class='ocr_par' dir='ltr' id='par_1_76' title="bbox 2013 919 3600 997">
     <span class='ocr_line' id='line_1_76' title="bbox 2013 919 3600 997; baseline -0.003 -23"><span class='ocrx_word' id='word_1_552' title='bbox 2013 923 2231 988; x_wconf 87' lang='grc' dir='ltr'>ϐόντες,</span> <span class='ocrx_word' id='word_1_553' title='bbox 2281 926 2502 997; x_wconf 84' lang='grc' dir='ltr'>εἰρήνης</span> <span class='ocrx_word' id='word_1_554' title='bbox 2554 923 2905 982; x_wconf 84' lang='grc' dir='ltr'>ἀπολαύουσι,</span> <span class='ocrx_word' id='word_1_555' title='bbox 2957 923 3051 974; x_wconf 75' lang='grc' dir='ltr'>καὶ</span> <span class='ocrx_word' id='word_1_556' title='bbox 3107 921 3222 990; x_wconf 71' lang='grc' dir='ltr'>μετ’</span> <span class='ocrx_word' id='word_1_557' title='bbox 3263 919 3600 990; x_wconf 81' lang='grc' dir='ltr'>εὐφροσύνης</span> 
     </span>
    </p>
   </div>
   <div class='ocr_carea' id='block_1_77' title="bbox 2014 997 3598 1074">
    <p class='ocr_par' dir='ltr' id='par_1_77' title="bbox 2014 997 3598 1074">
     <span class='ocr_line' id='line_1_77' title="bbox 2014 997 3598 1074; baseline -0.003 -21"><span class='ocrx_word' id='word_1_558' title='bbox 2014 1001 2214 1071; x_wconf 84' lang='grc' dir='ltr'>πολλῆς</span> <span class='ocrx_word' id='word_1_559' title='bbox 2247 1001 2337 1054; x_wconf 80' lang='grc' dir='ltr'>τὸν</span> <span class='ocrx_word' id='word_1_560' title='bbox 2376 1001 2527 1072; x_wconf 81' lang='grc' dir='ltr'>ἥλιον</span> <span class='ocrx_word' id='word_1_561' title='bbox 2569 1001 2757 1056; x_wconf 91' lang='grc' dir='ltr'>τοῦτον</span> <span class='ocrx_word' id='word_1_562' title='bbox 2813 1002 3098 1074; x_wconf 82' lang='grc' dir='ltr'>βλέπουσιν</span> <span class='ocrx_word' id='word_1_563' title='bbox 3154 1001 3206 1052; x_wconf 72' lang='grc' dir='ltr'>οἰ</span> <span class='ocrx_word' id='word_1_564' title='bbox 3239 998 3294 1050; x_wconf 83' lang='grc' dir='ltr'>δὲ</span> <span class='ocrx_word' id='word_1_565' title='bbox 3338 997 3598 1068; x_wconf 66' lang='grc' dir='ltr'>εϐποροι,</span> 
     </span>
    </p>
   </div>
   <div class='ocr_carea' id='block_1_78' title="bbox 2014 1079 3599 1154">
    <p class='ocr_par' dir='ltr' id='par_1_78' title="bbox 2014 1079 3599 1154">
     <span class='ocr_line' id='line_1_78' title="bbox 2014 1079 3599 1154; baseline -0.005 -18"><span class='ocrx_word' id='word_1_566' title='bbox 2014 1084 2350 1154; x_wconf 87' lang='grc' dir='ltr'>πανταχόθεν</span> <span class='ocrx_word' id='word_1_567' title='bbox 2401 1087 2584 1148; x_wconf 86' lang='grc' dir='ltr'>αὐτοῖς</span> <span class='ocrx_word' id='word_1_568' title='bbox 2622 1084 3012 1154; x_wconf 83' lang='grc' dir='ltr'>περικειμένης</span> <span class='ocrx_word' id='word_1_569' title='bbox 3059 1082 3304 1150; x_wconf 66' lang='grc' dir='ltr'>τρυφῆς.</span> <span class='ocrx_word' id='word_1_570' title='bbox 3357 1079 3445 1131; x_wconf 74' lang='grc' dir='ltr'>διὰ</span> <span class='ocrx_word' id='word_1_571' title='bbox 3498 1079 3599 1142; x_wconf 83' lang='grc' dir='ltr'>τὰς</span> 
     </span>
    </p>
   </div>
   <div class='ocr_carea' id='block_1_79' title="bbox 2011 1164 3601 1240">
    <p class='ocr_par' dir='ltr' id='par_1_79' title="bbox 2011 1164 3601 1240">
     <span class='ocr_line' id='line_1_79' title="bbox 2011 1164 3601 1240; baseline -0.004 -18"><span class='ocrx_word' id='word_1_572' title='bbox 2011 1172 2277 1236; x_wconf 86' lang='grc' dir='ltr'>γυναῖκας</span> <span class='ocrx_word' id='word_1_573' title='bbox 2297 1169 2529 1240; x_wconf 72' lang='grc' dir='ltr'>ηὔξαντο</span> <span class='ocrx_word' id='word_1_574' title='bbox 2573 1170 2830 1232; x_wconf 85' lang='grc' dir='ltr'>πολλάκις</span> <span class='ocrx_word' id='word_1_575' title='bbox 2857 1167 3164 1225; x_wconf 79' lang='grc' dir='ltr'>ἀποθανεῖν,</span> <span class='ocrx_word' id='word_1_576' title='bbox 3207 1164 3299 1216; x_wconf 72' lang='grc' dir='ltr'>καλ⁸</span> <span class='ocrx_word' id='word_1_577' title='bbox 3329 1166 3424 1233; x_wconf 74' lang='grc' dir='ltr'>τῆς</span> <span class='ocrx_word' id='word_1_578' title='bbox 3461 1182 3601 1234; x_wconf 90' lang='grc' dir='ltr'>παρ-</span> 
     </span>
    </p>
   </div>
   <div class='ocr_carea' id='block_1_80' title="bbox 2012 1247 3596 1322">
    <p class='ocr_par' dir='ltr' id='par_1_80' title="bbox 2012 1247 3596 1322">
     <span class='ocr_line' id='line_1_80' title="bbox 2012 1247 3596 1322; baseline -0.004 -18"><span class='ocrx_word' id='word_1_579' title='bbox 2012 1253 2179 1322; x_wconf 87' lang='grc' dir='ltr'>ούσης</span> <span class='ocrx_word' id='word_1_580' title='bbox 2223 1253 2609 1322; x_wconf 82' lang='grc' dir='ltr'>ἀπαλλαγῆναι</span> <span class='ocrx_word' id='word_1_581' title='bbox 2654 1253 2832 1322; x_wconf 73' lang='grc' dir='ltr'>ζωῆςς</span> <span class='ocrx_word' id='word_1_582' title='bbox 2888 1250 3060 1312; x_wconf 74' lang='grc' dir='ltr'>οὕτως</span> <span class='ocrx_word' id='word_1_583' title='bbox 3109 1248 3258 1300; x_wconf 81' lang='grc' dir='ltr'>οὐδὲν</span> <span class='ocrx_word' id='word_1_584' title='bbox 3301 1247 3596 1316; x_wconf 78' lang='grc' dir='ltr'>χρημάτων</span> 
     </span>
    </p>
   </div>
   <div class='ocr_carea' id='block_1_81' title="bbox 2011 1329 3598 1404">
    <p class='ocr_par' dir='ltr' id='par_1_81' title="bbox 2011 1329 3598 1404">
     <span class='ocr_line' id='line_1_81' title="bbox 2011 1329 3598 1404; baseline -0.004 -18"><span class='ocrx_word' id='word_1_585' title='bbox 2011 1335 2222 1402; x_wconf 76' lang='grc' dir='ltr'>ὄφελος,</span> <span class='ocrx_word' id='word_1_586' title='bbox 2255 1336 2383 1388; x_wconf 83' lang='grc' dir='ltr'>ὅταν</span> <span class='ocrx_word' id='word_1_587' title='bbox 2415 1335 2594 1404; x_wconf 77' lang='grc' dir='ltr'>ψυχῆς</span> <span class='ocrx_word' id='word_1_588' title='bbox 2629 1335 2703 1404; x_wconf 78' lang='grc' dir='ltr'>μὴ</span> <span class='ocrx_word' id='word_1_589' title='bbox 2748 1331 3198 1401; x_wconf 85' lang='grc' dir='ltr'>ὲπιτυγχάνωμεν</span> <span class='ocrx_word' id='word_1_590' title='bbox 3229 1329 3456 1397; x_wconf 85' lang='grc' dir='ltr'>ἀγαθῆς.</span> <span class='ocrx_word' id='word_1_591' title='bbox 3488 1329 3598 1380; x_wconf 55' lang='grc' dir='ltr'>Καὶ⁵</span> 
     </span>
    </p>
   </div>
   <div class='ocr_carea' id='block_1_82' title="bbox 2009 1407 3596 1486">
    <p class='ocr_par' dir='ltr' id='par_1_82' title="bbox 2009 1407 3596 1486">
     <span class='ocr_line' id='line_1_82' title="bbox 2009 1407 3596 1486; baseline 0.009 -21"><span class='ocrx_word' id='word_1_592' title='bbox 2009 1417 2062 1466; x_wconf 89' lang='grc' dir='ltr'>τί</span> <span class='ocrx_word' id='word_1_593' title='bbox 2092 1417 2196 1486; x_wconf 85' lang='grc' dir='ltr'>χρὴ</span> <span class='ocrx_word' id='word_1_594' title='bbox 2221 1416 2397 1483; x_wconf 87' lang='grc' dir='ltr'>λέγειν</span> <span class='ocrx_word' id='word_1_595' title='bbox 2429 1418 2554 1486; x_wconf 77' lang='grc' dir='ltr'>περὶ</span> <span class='ocrx_word' id='word_1_596' title='bbox 2584 1418 2801 1486; x_wconf 77' lang='grc' dir='ltr'>εἰρήνης</span> <span class='ocrx_word' id='word_1_597' title='bbox 2828 1407 2919 1467; x_wconf 47' lang='grc' dir='ltr'>κάλ</span> <span class='ocrx_word' id='word_1_598' title='bbox 2946 1415 3226 1482; x_wconf 53' lang='grc' dir='ltr'>ὁμονοίας</span> <span class='ocrx_word' id='word_1_599' title='bbox 3259 1411 3365 1463; x_wconf 60' lang='grc' dir='ltr'>καὶ</span> <span class='ocrx_word' id='word_1_600' title='bbox 3389 1410 3496 1479; x_wconf 69' lang='grc' dir='ltr'>γὰρ</span> <span class='ocrx_word' id='word_1_601' title='bbox 3517 1411 3596 1472; x_wconf 65' lang='grc' dir='ltr'>είς</span> 
     </span>
    </p>
   </div>
   <div class='ocr_carea' id='block_1_83' title="bbox 2011 1493 3594 1568">
    <p class='ocr_par' dir='ltr' id='par_1_83' title="bbox 2011 1493 3594 1568">
     <span class='ocr_line' id='line_1_83' title="bbox 2011 1493 3594 1568; baseline -0.003 -20"><span class='ocrx_word' id='word_1_602' title='bbox 2011 1498 2182 1566; x_wconf 78' lang='grc' dir='ltr'>αὐτὴν</span> <span class='ocrx_word' id='word_1_603' title='bbox 2211 1498 2318 1550; x_wconf 85' lang='grc' dir='ltr'>τῶν</span> <span class='ocrx_word' id='word_1_604' title='bbox 2361 1499 2658 1568; x_wconf 86' lang='grc' dir='ltr'>χρημάτων</span> <span class='ocrx_word' id='word_1_605' title='bbox 2697 1499 2794 1566; x_wconf 79' lang='grc' dir='ltr'>τὴν</span> <span class='ocrx_word' id='word_1_606' title='bbox 2830 1497 3023 1566; x_wconf 81' lang='grc' dir='ltr'>κτῆσιν</span> <span class='ocrx_word' id='word_1_607' title='bbox 3055 1494 3312 1555; x_wconf 85' lang='grc' dir='ltr'>πολλάκις</span> <span class='ocrx_word' id='word_1_608' title='bbox 3339 1493 3400 1544; x_wconf 83' lang='grc' dir='ltr'>τὸ</span> <span class='ocrx_word' id='word_1_609' title='bbox 3433 1493 3594 1544; x_wconf 89' lang='grc' dir='ltr'>πλου-</span> 
     </span>
    </p>
   </div>
   <div class='ocr_carea' id='block_1_84' title="bbox 2013 1575 3597 1650">
    <p class='ocr_par' dir='ltr' id='par_1_84' title="bbox 2013 1575 3597 1650">
     <span class='ocr_line' id='line_1_84' title="bbox 2013 1575 3597 1650; baseline -0.001 -20"><span class='ocrx_word' id='word_1_610' title='bbox 2013 1580 2276 1650; x_wconf 84' lang='grc' dir='ltr'>σιωτέραν</span> <span class='ocrx_word' id='word_1_611' title='bbox 2299 1579 2482 1633; x_wconf 86' lang='grc' dir='ltr'>λαϐεῖν</span> <span class='ocrx_word' id='word_1_612' title='bbox 2509 1582 2655 1650; x_wconf 79' lang='grc' dir='ltr'>ἡμᾶς</span> <span class='ocrx_word' id='word_1_613' title='bbox 2682 1599 2754 1632; x_wconf 85' lang='grc' dir='ltr'>πα</span> <span class='ocrx_word' id='word_1_614' title='bbox 2765 1577 3050 1648; x_wconf 72' lang='grc' dir='ltr'>ρέϐλαψεν.</span> <span class='ocrx_word' id='word_1_615' title='bbox 3080 1578 3248 1628; x_wconf 85' lang='grc' dir='ltr'>Ὅταν</span> <span class='ocrx_word' id='word_1_616' title='bbox 3273 1575 3380 1645; x_wconf 81' lang='grc' dir='ltr'>γάρ</span> <span class='ocrx_word' id='word_1_617' title='bbox 3405 1577 3482 1638; x_wconf 84' lang='grc' dir='ltr'>εἰς</span> <span class='ocrx_word' id='word_1_618' title='bbox 3507 1575 3597 1628; x_wconf 74' lang='grc' dir='ltr'>τὸν</span> 
     </span>
    </p>
   </div>
   <div class='ocr_carea' id='block_1_85' title="bbox 2008 1657 3596 1733">
    <p class='ocr_par' dir='ltr' id='par_1_85' title="bbox 2008 1657 3596 1733">
     <span class='ocr_line' id='line_1_85' title="bbox 2008 1657 3596 1733; baseline -0.005 -18"><span class='ocrx_word' id='word_1_619' title='bbox 2008 1662 2108 1730; x_wconf 78' lang='grc' dir='ltr'>τῆς</span> <span class='ocrx_word' id='word_1_620' title='bbox 2132 1663 2358 1733; x_wconf 75' lang='grc' dir='ltr'>προικὸς</span> <span class='ocrx_word' id='word_1_621' title='bbox 2391 1663 2547 1730; x_wconf 89' lang='grc' dir='ltr'>λόγον</span> <span class='ocrx_word' id='word_1_622' title='bbox 2577 1664 2791 1716; x_wconf 76' lang='grc' dir='ltr'>ἃπασαν</span> <span class='ocrx_word' id='word_1_623' title='bbox 2837 1661 2936 1731; x_wconf 76' lang='grc' dir='ltr'>τὴν</span> <span class='ocrx_word' id='word_1_624' title='bbox 2978 1658 3296 1730; x_wconf 81' lang='grc' dir='ltr'>περιουσίαν</span> <span class='ocrx_word' id='word_1_625' title='bbox 3339 1657 3556 1717; x_wconf 77' lang='grc' dir='ltr'>ἐπιδοὺς</span> <span class='ocrx_word' id='word_1_626' title='bbox 3579 1695 3596 1719; x_wconf 94' lang='grc'>,</span> 
     </span>
    </p>
   </div>
   <div class='ocr_carea' id='block_1_86' title="bbox 2011 1739 3598 1815">
    <p class='ocr_par' dir='ltr' id='par_1_86' title="bbox 2011 1739 3598 1815">
     <span class='ocr_line' id='line_1_86' title="bbox 2011 1739 3598 1815; baseline -0.004 -19"><span class='ocrx_word' id='word_1_627' title='bbox 2011 1739 2128 1797; x_wconf 83' lang='grc' dir='ltr'>εἶτα</span> <span class='ocrx_word' id='word_1_628' title='bbox 2155 1746 2336 1814; x_wconf 87' lang='grc' dir='ltr'>ἀώρου</span> <span class='ocrx_word' id='word_1_629' title='bbox 2355 1745 2661 1815; x_wconf 88' lang='grc' dir='ltr'>συμϐάντος</span> <span class='ocrx_word' id='word_1_630' title='bbox 2683 1744 2938 1805; x_wconf 81' lang='grc' dir='ltr'>θανάτου,</span> <span class='ocrx_word' id='word_1_631' title='bbox 2969 1742 3294 1795; x_wconf 81' lang='grc' dir='ltr'>καταϐαλεῖν</span> <span class='ocrx_word' id='word_1_632' title='bbox 3316 1741 3464 1811; x_wconf 86' lang='grc' dir='ltr'>παρά</span> <span class='ocrx_word' id='word_1_633' title='bbox 3491 1739 3598 1791; x_wconf 90' lang='grc' dir='ltr'>τῶν</span> 
     </span>
    </p>
   </div>
   <div class='ocr_carea' id='block_1_87' title="bbox 2011 1823 3597 1898">
    <p class='ocr_par' dir='ltr' id='par_1_87' title="bbox 2011 1823 3597 1898">
     <span class='ocr_line' id='line_1_87' title="bbox 2011 1823 3597 1898; baseline -0.004 -18"><span class='ocrx_word' id='word_1_634' title='bbox 2011 1828 2286 1897; x_wconf 82' lang='grc' dir='ltr'>κηδεστῶν</span> <span class='ocrx_word' id='word_1_635' title='bbox 2307 1828 2686 1898; x_wconf 77' lang='grc' dir='ltr'>ἀναγκάζηται</span> <span class='ocrx_word' id='word_1_636' title='bbox 2712 1829 2811 1897; x_wconf 82' lang='grc' dir='ltr'>τὴν</span> <span class='ocrx_word' id='word_1_637' title='bbox 2843 1829 3044 1897; x_wconf 87' lang='grc' dir='ltr'>προῖκα</span> <span class='ocrx_word' id='word_1_638' title='bbox 3077 1824 3310 1878; x_wconf 83' lang='grc' dir='ltr'>ἆπασαν·</span> <span class='ocrx_word' id='word_1_639' title='bbox 3342 1823 3597 1892; x_wconf 88' lang='grc' dir='ltr'>καθάπερ</span> 
     </span>
    </p>
   </div>
   <div class='ocr_carea' id='block_1_88' title="bbox 2011 1904 3598 1979">
    <p class='ocr_par' dir='ltr' id='par_1_88' title="bbox 2011 1904 3598 1979">
     <span class='ocr_line' id='line_1_88' title="bbox 2011 1904 3598 1979; baseline -0.002 -18"><span class='ocrx_word' id='word_1_640' title='bbox 2011 1912 2058 1961; x_wconf 88' lang='grc' dir='ltr'>οί</span> <span class='ocrx_word' id='word_1_641' title='bbox 2092 1911 2346 1977; x_wconf 85' lang='grc' dir='ltr'>ναυάγιον</span> <span class='ocrx_word' id='word_1_642' title='bbox 2381 1911 2742 1979; x_wconf 87' lang='grc' dir='ltr'>ὑπομένοντες</span> <span class='ocrx_word' id='word_1_643' title='bbox 2777 1910 2869 1962; x_wconf 78' lang='grc' dir='ltr'>ἐπὶ</span> <span class='ocrx_word' id='word_1_644' title='bbox 2911 1909 3010 1976; x_wconf 87' lang='grc' dir='ltr'>τῆς</span> <span class='ocrx_word' id='word_1_645' title='bbox 3036 1907 3312 1973; x_wconf 86' lang='grc' dir='ltr'>θαλάσσης</span> <span class='ocrx_word' id='word_1_646' title='bbox 3342 1906 3402 1956; x_wconf 80' lang='grc' dir='ltr'>τὸ</span> <span class='ocrx_word' id='word_1_647' title='bbox 3438 1904 3598 1974; x_wconf 81' lang='grc' dir='ltr'>σῶμα</span> 
     </span>
    </p>
   </div>
   <div class='ocr_carea' id='block_1_89' title="bbox 2009 1984 3600 2062">
    <p class='ocr_par' dir='ltr' id='par_1_89' title="bbox 2009 1984 3600 2062">
     <span class='ocr_line' id='line_1_89' title="bbox 2009 1984 3600 2062; baseline -0.003 -18"><span class='ocrx_word' id='word_1_648' title='bbox 2009 1991 2330 2057; x_wconf 79' lang='grc' dir='ltr'>διασώζουσι</span> <span class='ocrx_word' id='word_1_649' title='bbox 2367 1995 2548 2062; x_wconf 88' lang='grc' dir='ltr'>μόνον,</span> <span class='ocrx_word' id='word_1_650' title='bbox 2600 1991 2742 2045; x_wconf 74' lang='grc' dir='ltr'>οὕτω</span> <span class='ocrx_word' id='word_1_651' title='bbox 2771 1992 2833 2062; x_wconf 85' lang='grc' dir='ltr'>δὴ</span> <span class='ocrx_word' id='word_1_652' title='bbox 2868 1992 2961 2043; x_wconf 85' lang='grc' dir='ltr'>καὶ</span> <span class='ocrx_word' id='word_1_653' title='bbox 2993 1984 3177 2053; x_wconf 73' lang='grc' dir='ltr'>οὗτος,</span> <span class='ocrx_word' id='word_1_654' title='bbox 3218 1989 3355 2058; x_wconf 84' lang='grc' dir='ltr'>μετὰ</span> <span class='ocrx_word' id='word_1_655' title='bbox 3400 1987 3600 2050; x_wconf 82' lang='grc' dir='ltr'>πολλάς</span> 
     </span>
    </p>
   </div>
   <div class='ocr_carea' id='block_1_90' title="bbox 2014 2071 3598 2145">
    <p class='ocr_par' dir='ltr' id='par_1_90' title="bbox 2014 2071 3598 2145">
     <span class='ocr_line' id='line_1_90' title="bbox 2014 2071 3598 2145; baseline -0.003 -19"><span class='ocrx_word' id='word_1_656' title='bbox 2014 2074 2370 2143; x_wconf 84' lang='grc' dir='ltr'>φιλονεικίας,</span> <span class='ocrx_word' id='word_1_657' title='bbox 2406 2076 2498 2128; x_wconf 76' lang='grc' dir='ltr'>καὶ</span> <span class='ocrx_word' id='word_1_658' title='bbox 2538 2075 2738 2145; x_wconf 89' lang='grc' dir='ltr'>μάχας,</span> <span class='ocrx_word' id='word_1_659' title='bbox 2763 2075 2857 2126; x_wconf 71' lang='grc' dir='ltr'>καὶ</span> <span class='ocrx_word' id='word_1_660' title='bbox 2880 2073 3088 2142; x_wconf 77' lang='grc' dir='ltr'>ὐϐρεις,</span> <span class='ocrx_word' id='word_1_661' title='bbox 3124 2073 3218 2124; x_wconf 75' lang='grc' dir='ltr'>καὶ</span> <span class='ocrx_word' id='word_1_662' title='bbox 3249 2071 3598 2140; x_wconf 81' lang='grc' dir='ltr'>δικαστήρια,</span> 
     </span>
    </p>
   </div>
   <div class='ocr_carea' id='block_1_91' title="bbox 2015 2153 3600 2228">
    <p class='ocr_par' dir='ltr' id='par_1_91' title="bbox 2015 2153 3600 2228">
     <span class='ocr_line' id='line_1_91' title="bbox 2015 2153 3600 2228; baseline -0.003 -19"><span class='ocrx_word' id='word_1_663' title='bbox 2015 2158 2166 2226; x_wconf 89' lang='grc' dir='ltr'>μόλις</span> <span class='ocrx_word' id='word_1_664' title='bbox 2186 2159 2243 2210; x_wconf 86' lang='grc' dir='ltr'>τὸ</span> <span class='ocrx_word' id='word_1_665' title='bbox 2267 2159 2424 2227; x_wconf 88' lang='grc' dir='ltr'>σῶμα</span> <span class='ocrx_word' id='word_1_666' title='bbox 2439 2157 2720 2228; x_wconf 79' lang='grc' dir='ltr'>ἐλεύθερον</span> <span class='ocrx_word' id='word_1_667' title='bbox 2741 2158 2880 2228; x_wconf 73' lang='grc' dir='ltr'>ἔχων</span> <span class='ocrx_word' id='word_1_668' title='bbox 2899 2156 3156 2227; x_wconf 83' lang='grc' dir='ltr'>ὲξέρχετα</span> <span class='ocrx_word' id='word_1_669' title='bbox 3167 2173 3201 2208; x_wconf 86' lang='grc' dir='ltr'>ι.</span> <span class='ocrx_word' id='word_1_670' title='bbox 3223 2155 3328 2207; x_wconf 65' lang='grc' dir='ltr'>Καὶ</span> <span class='ocrx_word' id='word_1_671' title='bbox 3349 2153 3600 2223; x_wconf 84' lang='grc' dir='ltr'>καθάπερ</span> 
     </span>
    </p>
   </div>
   <div class='ocr_carea' id='block_1_92' title="bbox 2011 2236 3598 2311">
    <p class='ocr_par' dir='ltr' id='par_1_92' title="bbox 2011 2236 3598 2311">
     <span class='ocr_line' id='line_1_92' title="bbox 2011 2236 3598 2311; baseline -0.002 -20"><span class='ocrx_word' id='word_1_672' title='bbox 2011 2242 2060 2292; x_wconf 86' lang='grc' dir='ltr'>οἰ</span> <span class='ocrx_word' id='word_1_673' title='bbox 2095 2241 2201 2292; x_wconf 86' lang='grc' dir='ltr'>τῶν</span> <span class='ocrx_word' id='word_1_674' title='bbox 2229 2241 2484 2311; x_wconf 77' lang='grc' dir='ltr'>ἐμπόρων</span> <span class='ocrx_word' id='word_1_675' title='bbox 2509 2240 2800 2309; x_wconf 82' lang='grc' dir='ltr'>ἄπληστοι,</span> <span class='ocrx_word' id='word_1_676' title='bbox 2833 2239 3042 2310; x_wconf 87' lang='grc' dir='ltr'>μυρίων</span> <span class='ocrx_word' id='word_1_677' title='bbox 3063 2239 3161 2308; x_wconf 81' lang='grc' dir='ltr'>τὴν</span> <span class='ocrx_word' id='word_1_678' title='bbox 3194 2237 3327 2290; x_wconf 91' lang='grc' dir='ltr'>ναῦν</span> <span class='ocrx_word' id='word_1_679' title='bbox 3355 2236 3598 2306; x_wconf 78' lang='grc' dir='ltr'>πλήσαν-</span> 
     </span>
    </p>
   </div>
   <div class='ocr_carea' id='block_1_93' title="bbox 2012 2320 3600 2394">
    <p class='ocr_par' dir='ltr' id='par_1_93' title="bbox 2012 2320 3600 2394">
     <span class='ocr_line' id='line_1_93' title="bbox 2012 2320 3600 2394; baseline -0.006 -16"><span class='ocrx_word' id='word_1_680' title='bbox 2012 2341 2104 2387; x_wconf 87' lang='grc' dir='ltr'>τες</span> <span class='ocrx_word' id='word_1_681' title='bbox 2133 2325 2390 2394; x_wconf 89' lang='grc' dir='ltr'>φορτίων,</span> <span class='ocrx_word' id='word_1_682' title='bbox 2424 2325 2518 2379; x_wconf 76' lang='grc' dir='ltr'>καὶ</span> <span class='ocrx_word' id='word_1_683' title='bbox 2544 2325 2705 2377; x_wconf 83' lang='grc' dir='ltr'>πλέον</span> <span class='ocrx_word' id='word_1_684' title='bbox 2733 2324 2834 2393; x_wconf 82' lang='grc' dir='ltr'>τῆς</span> <span class='ocrx_word' id='word_1_685' title='bbox 2856 2323 3142 2391; x_wconf 86' lang='grc' dir='ltr'>δυνάμεως</span> <span class='ocrx_word' id='word_1_686' title='bbox 3167 2320 3256 2374; x_wconf 76' lang='grc' dir='ltr'>τὸν</span> <span class='ocrx_word' id='word_1_687' title='bbox 3283 2320 3446 2386; x_wconf 80' lang='grc' dir='ltr'>δγκον</span> <span class='ocrx_word' id='word_1_688' title='bbox 3481 2321 3600 2370; x_wconf 79' lang='grc' dir='ltr'>ἐπι·-</span> 
     </span>
    </p>
   </div>
   <div class='ocr_carea' id='block_1_94' title="bbox 2015 2401 3596 2476">
    <p class='ocr_par' dir='ltr' id='par_1_94' title="bbox 2015 2401 3596 2476">
     <span class='ocr_line' id='line_1_94' title="bbox 2015 2401 3596 2476; baseline -0.002 -19"><span class='ocrx_word' id='word_1_689' title='bbox 2015 2406 2218 2470; x_wconf 85' lang='grc' dir='ltr'>οέντες,</span> <span class='ocrx_word' id='word_1_690' title='bbox 2256 2408 2556 2460; x_wconf 83' lang='grc' dir='ltr'>κατέδυσαν</span> <span class='ocrx_word' id='word_1_691' title='bbox 2579 2407 2640 2460; x_wconf 87' lang='grc' dir='ltr'>τὸ</span> <span class='ocrx_word' id='word_1_692' title='bbox 2671 2407 2905 2476; x_wconf 86' lang='grc' dir='ltr'>σκάφος,</span> <span class='ocrx_word' id='word_1_693' title='bbox 2943 2405 3036 2458; x_wconf 74' lang='grc' dir='ltr'>καὶ</span> <span class='ocrx_word' id='word_1_694' title='bbox 3062 2404 3242 2458; x_wconf 87' lang='grc' dir='ltr'>πάντα</span> <span class='ocrx_word' id='word_1_695' title='bbox 3270 2401 3557 2456; x_wconf 83' lang='grc' dir='ltr'>ἀπώλεσαν</span> <span class='ocrx_word' id='word_1_696' title='bbox 3583 2417 3596 2430; x_wconf 93' lang='grc'><strong>·</strong></span> 
     </span>
    </p>
   </div>
   <div class='ocr_carea' id='block_1_95' title="bbox 2013 2483 3596 2559">
    <p class='ocr_par' dir='ltr' id='par_1_95' title="bbox 2013 2483 3596 2559">
     <span class='ocr_line' id='line_1_95' title="bbox 2013 2483 3596 2559; baseline 0.003 -17"><span class='ocrx_word' id='word_1_697' title='bbox 2013 2487 2156 2542; x_wconf 79' lang='grc' dir='ltr'>οὕτω</span> <span class='ocrx_word' id='word_1_698' title='bbox 2181 2489 2244 2559; x_wconf 87' lang='grc' dir='ltr'>δὴ</span> <span class='ocrx_word' id='word_1_699' title='bbox 2272 2491 2364 2542; x_wconf 74' lang='grc' dir='ltr'>καὶ</span> <span class='ocrx_word' id='word_1_700' title='bbox 2391 2483 2538 2542; x_wconf 76' lang='grc' dir='ltr'>οὗτοι</span> <span class='ocrx_word' id='word_1_701' title='bbox 2567 2489 2692 2552; x_wconf 82' lang='grc' dir='ltr'>τοὺς</span> <span class='ocrx_word' id='word_1_702' title='bbox 2713 2489 3056 2558; x_wconf 84' lang='grc' dir='ltr'>ὑπερόγκους</span> <span class='ocrx_word' id='word_1_703' title='bbox 3077 2485 3336 2555; x_wconf 84' lang='grc' dir='ltr'>ἀγόμενοι</span> <span class='ocrx_word' id='word_1_704' title='bbox 3367 2485 3596 2553; x_wconf 74' lang='grc' dir='ltr'>γάμουςν</span> 
     </span>
    </p>
   </div>
   <div class='ocr_carea' id='block_1_96' title="bbox 2017 2565 3602 2642">
    <p class='ocr_par' dir='ltr' id='par_1_96' title="bbox 2017 2565 3602 2642">
     <span class='ocr_line' id='line_1_96' title="bbox 2017 2565 3602 2642; baseline -0.004 -19"><span class='ocrx_word' id='word_1_705' title='bbox 2017 2571 2239 2642; x_wconf 71' lang='grc' dir='ltr'>μείζονα</span> <span class='ocrx_word' id='word_1_706' title='bbox 2283 2571 2543 2642; x_wconf 84' lang='grc' dir='ltr'>πολλάκις</span> <span class='ocrx_word' id='word_1_707' title='bbox 2579 2571 2828 2642; x_wconf 78' lang='grc' dir='ltr'>δόξαντες</span> <span class='ocrx_word' id='word_1_708' title='bbox 2867 2567 3258 2642; x_wconf 71' lang='grc' dir='ltr'>περιϐαλέσθαι</span> <span class='ocrx_word' id='word_1_709' title='bbox 3285 2565 3602 2642; x_wconf 30' lang='grc' dir='ltr'>ρύσίανΑδιά</span> 
     </span>
    </p>
   </div>
   <div class='ocr_carea' id='block_1_97' title="bbox 2013 2635 3604 2710">
    <p class='ocr_par' dir='ltr' id='par_1_97' title="bbox 2013 2635 3604 2710">
     <span class='ocr_line' id='line_1_97' title="bbox 2013 2635 3604 2710; baseline -0.003 -17"><span class='ocrx_word' id='word_1_710' title='bbox 2013 2635 2110 2710; x_wconf 77' lang='grc' dir='ltr'>τῆς</span> <span class='ocrx_word' id='word_1_711' title='bbox 2131 2642 2410 2707; x_wconf 76' lang='grc' dir='ltr'>γυναικὸς,</span> <span class='ocrx_word' id='word_1_712' title='bbox 2441 2641 2536 2695; x_wconf 77' lang='grc' dir='ltr'>καὶ</span> <span class='ocrx_word' id='word_1_713' title='bbox 2557 2641 2656 2710; x_wconf 84' lang='grc' dir='ltr'>τῆς</span> <span class='ocrx_word' id='word_1_714' title='bbox 2681 2639 2844 2710; x_wconf 84' lang='grc' dir='ltr'>οὐσης</span> <span class='ocrx_word' id='word_1_715' title='bbox 2862 2635 3139 2710; x_wconf 72' lang='grc' dir='ltr'>ἐξέπεσον·</span> <span class='ocrx_word' id='word_1_716' title='bbox 3165 2638 3258 2710; x_wconf 64' lang='grc' dir='ltr'>καί</span> <span class='ocrx_word' id='word_1_717' title='bbox 3274 2635 3461 2710; x_wconf 76' lang='grc' dir='ltr'>ὥσπερ</span> <span class='ocrx_word' id='word_1_718' title='bbox 3487 2637 3604 2710; x_wconf 76' lang='grc' dir='ltr'>ἐκεῖ</span> 
     </span>
    </p>
   </div>
   <div class='ocr_carea' id='block_1_98' title="bbox 2015 2705 3603 2782">
    <p class='ocr_par' dir='ltr' id='par_1_98' title="bbox 2015 2705 3603 2782">
     <span class='ocr_line' id='line_1_98' title="bbox 2015 2705 3603 2782; baseline -0.001 -18"><span class='ocrx_word' id='word_1_719' title='bbox 2015 2705 2257 2782; x_wconf 74' lang='grc' dir='ltr'>κύματος</span> <span class='ocrx_word' id='word_1_720' title='bbox 2310 2711 2515 2782; x_wconf 80' lang='grc' dir='ltr'>ἐμϐολὴ</span> <span class='ocrx_word' id='word_1_721' title='bbox 2569 2705 2824 2782; x_wconf 37' lang='grc' dir='ltr'>βραχεῖα.</span> <span class='ocrx_word' id='word_1_722' title='bbox 2855 2707 3172 2782; x_wconf 76' lang='grc' dir='ltr'>ἐμπεσοῦσα</span> <span class='ocrx_word' id='word_1_723' title='bbox 3232 2705 3483 2775; x_wconf 82' lang='grc' dir='ltr'>βαπτίζει</span> <span class='ocrx_word' id='word_1_724' title='bbox 3541 2705 3603 2762; x_wconf 79' lang='grc' dir='ltr'>τὸ</span> 
     </span>
    </p>
   </div>
   <div class='ocr_carea' id='block_1_99' title="bbox 2017 2778 3604 2860">
    <p class='ocr_par' dir='ltr' id='par_1_99' title="bbox 2017 2778 3604 2860">
     <span class='ocr_line' id='line_1_99' title="bbox 2017 2778 3604 2860; baseline -0.004 -29"><span class='ocrx_word' id='word_1_725' title='bbox 2017 2781 2255 2860; x_wconf 74' lang='grc' dir='ltr'>σκάφος,</span> <span class='ocrx_word' id='word_1_726' title='bbox 2307 2778 2460 2860; x_wconf 53' lang='grc' dir='ltr'>οὐτώ</span> <span class='ocrx_word' id='word_1_727' title='bbox 2497 2778 2871 2860; x_wconf 66' lang='grc' dir='ltr'>καῖ’ὲνταῦθα</span> <span class='ocrx_word' id='word_1_728' title='bbox 2905 2778 3152 2860; x_wconf 27' lang='grc' dir='ltr'>*θάνιατος</span> <span class='ocrx_word' id='word_1_729' title='bbox 3208 2783 3384 2860; x_wconf 64' lang='grc' dir='ltr'>ἀωρος</span> <span class='ocrx_word' id='word_1_730' title='bbox 3436 2791 3604 2860; x_wconf 66' lang='grc' dir='ltr'>προσ;</span> 
     </span>
    </p>
   </div>
   <div class='ocr_carea' id='block_1_100' title="bbox 2015 2847 3602 2922">
    <p class='ocr_par' dir='ltr' id='par_1_100' title="bbox 2015 2847 3602 2922">
     <span class='ocr_line' id='line_1_100' title="bbox 2015 2847 3602 2922; baseline -0.003 -22"><span class='ocrx_word' id='word_1_731' title='bbox 2015 2849 2195 2922; x_wconf 69' lang='grc' dir='ltr'>πεσών</span> <span class='ocrx_word' id='word_1_732' title='bbox 2229 2851 2366 2917; x_wconf 87' lang='grc' dir='ltr'>μετά</span> <span class='ocrx_word' id='word_1_733' title='bbox 2399 2851 2498 2922; x_wconf 83' lang='grc' dir='ltr'>τῆς</span> <span class='ocrx_word' id='word_1_734' title='bbox 2531 2849 2793 2918; x_wconf 84' lang='grc' dir='ltr'>γυναικὸς</span> <span class='ocrx_word' id='word_1_735' title='bbox 2834 2848 2928 2902; x_wconf 76' lang='grc' dir='ltr'>καὶ</span> <span class='ocrx_word' id='word_1_736' title='bbox 2965 2849 3142 2901; x_wconf 90' lang='grc' dir='ltr'>πάντα</span> <span class='ocrx_word' id='word_1_737' title='bbox 3167 2847 3234 2899; x_wconf 85' lang='grc' dir='ltr'>τά</span> <span class='ocrx_word' id='word_1_738' title='bbox 3267 2847 3396 2899; x_wconf 77' lang='grc' dir='ltr'>ὄντα</span> <span class='ocrx_word' id='word_1_739' title='bbox 3433 2847 3602 2898; x_wconf 89' lang='grc' dir='ltr'>αὐτοῦ</span> 
     </span>
    </p>
   </div>
   <div class='ocr_carea' id='block_1_101' title="bbox 2019 2919 2294 2971">
    <p class='ocr_par' dir='ltr' id='par_1_101' title="bbox 2019 2919 2294 2971">
     <span class='ocr_line' id='line_1_101' title="bbox 2019 2919 2294 2971; baseline 0.004 -1"><span class='ocrx_word' id='word_1_740' title='bbox 2019 2921 2124 2971; x_wconf 69' lang='lat' dir='ltr'>dcas</span> <span class='ocrx_word' id='word_1_741' title='bbox 2135 2919 2294 2971; x_wconf 88' lang='grc' dir='ltr'>ίλετο.</span> 
     </span>
    </p>
   </div>
   <div class='ocr_carea' id='block_1_102' title="bbox 2061 2935 3598 3055">
    <p class='ocr_par' dir='ltr' id='par_1_102' title="bbox 2061 2935 3598 3055">
     <span class='ocr_line' id='line_1_102' title="bbox 2102 2935 2294 2971; baseline 0.016 -3"><span class='ocrx_word' id='word_1_742' title='bbox 2102 2935 2294 2971; x_wconf 77' lang='grc' dir='ltr'>ειΑετο.</span> 
     </span>
     <span class='ocr_line' id='line_1_103' title="bbox 2061 2935 3598 3055; baseline -0.004 -16"><span class='ocrx_word' id='word_1_743' title='bbox 2061 2935 2146 3040; x_wconf 70' lang='grc' dir='ltr'>φε⁹.</span> <span class='ocrx_word' id='word_1_744' title='bbox 2184 2988 2346 3040; x_wconf 81' lang='grc' dir='ltr'>Ταῦτ’</span> <span class='ocrx_word' id='word_1_745' title='bbox 2361 2983 2454 3042; x_wconf 81' lang='grc' dir='ltr'>οὖν</span> <span class='ocrx_word' id='word_1_746' title='bbox 2470 2987 2684 3041; x_wconf 67' lang='grc' dir='ltr'>ἅπαντα</span> <span class='ocrx_word' id='word_1_747' title='bbox 2717 2985 3044 3049; x_wconf 80' lang='grc' dir='ltr'>ἐννοοῦντες,</span> <span class='ocrx_word' id='word_1_748' title='bbox 3064 2986 3136 3055; x_wconf 85' lang='grc' dir='ltr'>μὴ</span> <span class='ocrx_word' id='word_1_749' title='bbox 3162 2984 3266 3055; x_wconf 90' lang='grc' dir='ltr'>χρή</span> <span class='ocrx_word' id='word_1_750' title='bbox 3277 2999 3420 3053; x_wconf 89' lang='grc' dir='ltr'>ματα</span> <span class='ocrx_word' id='word_1_751' title='bbox 3441 2999 3598 3052; x_wconf 84' lang='grc' dir='ltr'>περι-</span> 
     </span>
    </p>
   </div>
   <div class='ocr_carea' id='block_1_103' title="bbox 2016 3065 3606 3140">
    <p class='ocr_par' dir='ltr' id='par_1_103' title="bbox 2016 3065 3606 3140">
     <span class='ocr_line' id='line_1_104' title="bbox 2016 3065 3606 3140; baseline -0.003 -19"><span class='ocrx_word' id='word_1_752' title='bbox 2016 3071 2324 3140; x_wconf 86' lang='grc' dir='ltr'>σκοπῶμεν,</span> <span class='ocrx_word' id='word_1_753' title='bbox 2339 3070 2476 3124; x_wconf 83' lang='grc' dir='ltr'>ἀλλά</span> <span class='ocrx_word' id='word_1_754' title='bbox 2494 3069 2708 3140; x_wconf 88' lang='grc' dir='ltr'>τρόπων</span> <span class='ocrx_word' id='word_1_755' title='bbox 2729 3068 3050 3133; x_wconf 72' lang='grc' dir='ltr'>ἐπιείκειαν,</span> <span class='ocrx_word' id='word_1_756' title='bbox 3070 3067 3162 3120; x_wconf 70' lang='grc' dir='ltr'>καὶ</span> <span class='ocrx_word' id='word_1_757' title='bbox 3180 3065 3484 3136; x_wconf 79' lang='grc' dir='ltr'>σεμνότητα</span> <span class='ocrx_word' id='word_1_758' title='bbox 3512 3065 3606 3117; x_wconf 80' lang='grc' dir='ltr'>καὶ</span> 
     </span>
    </p>
   </div>
   <div class='ocr_carea' id='block_1_104' title="bbox 2015 3148 3606 3224">
    <p class='ocr_par' dir='ltr' id='par_1_104' title="bbox 2015 3148 3606 3224">
     <span class='ocr_line' id='line_1_105' title="bbox 2015 3148 3606 3224; baseline -0.003 -20"><span class='ocrx_word' id='word_1_759' title='bbox 2015 3152 2388 3224; x_wconf 86' lang='grc' dir='ltr'>σωφροσύνην.</span> <span class='ocrx_word' id='word_1_760' title='bbox 2424 3153 2564 3222; x_wconf 88' lang='grc' dir='ltr'>Γυνὴ</span> <span class='ocrx_word' id='word_1_761' title='bbox 2593 3153 2698 3224; x_wconf 80' lang='grc' dir='ltr'>γάρ</span> <span class='ocrx_word' id='word_1_762' title='bbox 2727 3150 2979 3220; x_wconf 88' lang='grc' dir='ltr'>σώφρων,</span> <span class='ocrx_word' id='word_1_763' title='bbox 3005 3152 3099 3204; x_wconf 67' lang='grc' dir='ltr'>καιί¹</span> <span class='ocrx_word' id='word_1_764' title='bbox 3117 3150 3369 3218; x_wconf 81' lang='grc' dir='ltr'>ἐπιεικής</span> <span class='ocrx_word' id='word_1_765' title='bbox 3390 3148 3485 3200; x_wconf 77' lang='grc' dir='ltr'>καὶ</span> <span class='ocrx_word' id='word_1_766' title='bbox 3508 3163 3606 3217; x_wconf 86' lang='grc' dir='ltr'>με-</span> 
     </span>
    </p>
   </div>
   <div class='ocr_carea' id='block_1_105' title="bbox 2012 3231 3604 3306">
    <p class='ocr_par' dir='ltr' id='par_1_105' title="bbox 2012 3231 3604 3306">
     <span class='ocr_line' id='line_1_106' title="bbox 2012 3231 3604 3306; baseline -0.003 -21"><span class='ocrx_word' id='word_1_767' title='bbox 2012 3234 2158 3305; x_wconf 83' lang='grc' dir='ltr'>τρία,</span> <span class='ocrx_word' id='word_1_768' title='bbox 2173 3235 2277 3288; x_wconf 87' lang='grc' dir='ltr'>κᾶν</span> <span class='ocrx_word' id='word_1_769' title='bbox 2295 3235 2460 3306; x_wconf 82' lang='grc' dir='ltr'>πένης</span> <span class='ocrx_word' id='word_1_770' title='bbox 2477 3231 2531 3306; x_wconf 85' lang='grc' dir='ltr'>ᾖ,</span> <span class='ocrx_word' id='word_1_771' title='bbox 2545 3235 2643 3304; x_wconf 81' lang='grc' dir='ltr'>τὴν</span> <span class='ocrx_word' id='word_1_772' title='bbox 2661 3234 2854 3287; x_wconf 88' lang='grc' dir='ltr'>πενίαν</span> <span class='ocrx_word' id='word_1_773' title='bbox 2871 3232 3102 3286; x_wconf 86' lang='grc' dir='ltr'>πλούτου</span> <span class='ocrx_word' id='word_1_774' title='bbox 3128 3231 3333 3303; x_wconf 84' lang='grc' dir='ltr'>βέλτιον</span> <span class='ocrx_word' id='word_1_775' title='bbox 3344 3231 3604 3282; x_wconf 76' lang='grc' dir='ltr'>διαθεῖναι</span> 
     </span>
    </p>
   </div>
   <div class='ocr_carea' id='block_1_106' title="bbox 2013 3313 3605 3390">
    <p class='ocr_par' dir='ltr' id='par_1_106' title="bbox 2013 3313 3605 3390">
     <span class='ocr_line' id='line_1_107' title="bbox 2013 3313 3605 3390; baseline -0.004 -20"><span class='ocrx_word' id='word_1_776' title='bbox 2013 3317 2298 3389; x_wconf 83' lang='grc' dir='ltr'>δυνήσεται</span> <span class='ocrx_word' id='word_1_777' title='bbox 2320 3335 2334 3350; x_wconf 78' lang='grc'><em>’</em></span> <span class='ocrx_word' id='word_1_778' title='bbox 2367 3318 2554 3390; x_wconf 83' lang='grc' dir='ltr'>ὥσπερ</span> <span class='ocrx_word' id='word_1_779' title='bbox 2577 3321 2610 3388; x_wconf 86' lang='grc' dir='ltr'>ή</span> <span class='ocrx_word' id='word_1_780' title='bbox 2636 3317 3030 3389; x_wconf 80' lang='grc' dir='ltr'>διεφθαρμένη,</span> <span class='ocrx_word' id='word_1_781' title='bbox 3063 3317 3158 3370; x_wconf 80' lang='grc' dir='ltr'>καὶ</span> <span class='ocrx_word' id='word_1_782' title='bbox 3173 3315 3488 3378; x_wconf 88' lang='grc' dir='ltr'>ἀκόλαστος,</span> <span class='ocrx_word' id='word_1_783' title='bbox 3511 3313 3605 3365; x_wconf 74' lang='grc' dir='ltr'>καὶ</span> 
     </span>
    </p>
   </div>
   <div class='ocr_carea' id='block_1_107' title="bbox 2015 3397 3604 3473">
    <p class='ocr_par' dir='ltr' id='par_1_107' title="bbox 2015 3397 3604 3473">
     <span class='ocr_line' id='line_1_108' title="bbox 2015 3397 3604 3473; baseline -0.003 -21"><span class='ocrx_word' id='word_1_784' title='bbox 2015 3401 2245 3470; x_wconf 88' lang='grc' dir='ltr'>φίλερις,</span> <span class='ocrx_word' id='word_1_785' title='bbox 2267 3401 2370 3454; x_wconf 67' lang='grc' dir='ltr'>κᾶν</span> <span class='ocrx_word' id='word_1_786' title='bbox 2390 3403 2618 3472; x_wconf 90' lang='grc' dir='ltr'>μυρίους</span> <span class='ocrx_word' id='word_1_787' title='bbox 2639 3401 2777 3473; x_wconf 78' lang='grc' dir='ltr'>εὕρῃ</span> <span class='ocrx_word' id='word_1_788' title='bbox 2799 3400 3107 3471; x_wconf 78' lang='grc' dir='ltr'>θησαυροὺς</span> <span class='ocrx_word' id='word_1_789' title='bbox 3129 3399 3278 3454; x_wconf 73' lang='grc' dir='ltr'>ἔνδον</span> <span class='ocrx_word' id='word_1_790' title='bbox 3297 3397 3604 3467; x_wconf 87' lang='grc' dir='ltr'>κειμένους,</span> 
     </span>
    </p>
   </div>
   <div class='ocr_carea' id='block_1_108' title="bbox 2015 3481 3607 3554">
    <p class='ocr_par' dir='ltr' id='par_1_108' title="bbox 2015 3481 3607 3554">
     <span class='ocr_line' id='line_1_109' title="bbox 2015 3481 3607 3554; baseline -0.004 -18"><span class='ocrx_word' id='word_1_791' title='bbox 2015 3485 2214 3554; x_wconf 88' lang='grc' dir='ltr'>ἀνέμου</span> <span class='ocrx_word' id='word_1_792' title='bbox 2248 3486 2448 3546; x_wconf 85' lang='grc' dir='ltr'>παντὸς</span> <span class='ocrx_word' id='word_1_793' title='bbox 2482 3485 2668 3554; x_wconf 88' lang='grc' dir='ltr'>τάχιον</span> <span class='ocrx_word' id='word_1_794' title='bbox 2697 3485 2894 3546; x_wconf 79' lang='grc' dir='ltr'>αὐτοὺς</span> <span class='ocrx_word' id='word_1_795' title='bbox 2925 3484 3311 3550; x_wconf 79' lang='grc' dir='ltr'>ὲκφυσήσασα,</span> <span class='ocrx_word' id='word_1_796' title='bbox 3341 3481 3436 3532; x_wconf 80' lang='grc' dir='ltr'>καὶ</span> <span class='ocrx_word' id='word_1_797' title='bbox 3467 3495 3607 3548; x_wconf 90' lang='grc' dir='ltr'>συμ-</span> 
     </span>
    </p>
   </div>
   <div class='ocr_carea' id='block_1_109' title="bbox 2017 3560 3603 3638">
    <p class='ocr_par' dir='ltr' id='par_1_109' title="bbox 2017 3560 3603 3638">
     <span class='ocr_line' id='line_1_110' title="bbox 2017 3560 3603 3638; baseline -0.004 -19"><span class='ocrx_word' id='word_1_798' title='bbox 2017 3569 2210 3638; x_wconf 87' lang='grc' dir='ltr'>φοραῖς</span> <span class='ocrx_word' id='word_1_799' title='bbox 2229 3567 2450 3636; x_wconf 85' lang='grc' dir='ltr'>μυρίαις</span> <span class='ocrx_word' id='word_1_800' title='bbox 2471 3567 2608 3636; x_wconf 80' lang='grc' dir='ltr'>μετά</span> <span class='ocrx_word' id='word_1_801' title='bbox 2630 3566 2730 3634; x_wconf 85' lang='grc' dir='ltr'>τῆς</span> <span class='ocrx_word' id='word_1_802' title='bbox 2753 3565 2943 3628; x_wconf 86' lang='grc' dir='ltr'>πενίας</span> <span class='ocrx_word' id='word_1_803' title='bbox 2962 3563 3281 3633; x_wconf 86' lang='grc' dir='ltr'>περιϐάλλει</span> <span class='ocrx_word' id='word_1_804' title='bbox 3299 3562 3390 3615; x_wconf 80' lang='grc' dir='ltr'>τὸν</span> <span class='ocrx_word' id='word_1_805' title='bbox 3413 3560 3603 3631; x_wconf 84' lang='grc' dir='ltr'>ἀνδρα.</span> 
     </span>
    </p>
   </div>
   <div class='ocr_carea' id='block_1_110' title="bbox 2017 3643 3608 3720">
    <p class='ocr_par' dir='ltr' id='par_1_110' title="bbox 2017 3643 3608 3720">
     <span class='ocr_line' id='line_1_111' title="bbox 2017 3643 3608 3720; baseline -0.006 -16"><span class='ocrx_word' id='word_1_806' title='bbox 2017 3649 2110 3720; x_wconf 82' lang='grc' dir='ltr'>Μὴ</span> <span class='ocrx_word' id='word_1_807' title='bbox 2131 3651 2308 3702; x_wconf 90' lang='grc' dir='ltr'>τοίνυν</span> <span class='ocrx_word' id='word_1_808' title='bbox 2357 3648 2590 3701; x_wconf 87' lang='grc' dir='ltr'>πλοῦτον</span> <span class='ocrx_word' id='word_1_809' title='bbox 2635 3646 2911 3718; x_wconf 84' lang='grc' dir='ltr'>ζητῶμεν,</span> <span class='ocrx_word' id='word_1_810' title='bbox 2957 3646 3094 3701; x_wconf 88' lang='grc' dir='ltr'>ἀλλά</span> <span class='ocrx_word' id='word_1_811' title='bbox 3133 3647 3232 3717; x_wconf 79' lang='grc' dir='ltr'>τὴν</span> <span class='ocrx_word' id='word_1_812' title='bbox 3263 3643 3608 3717; x_wconf 85' lang='grc' dir='ltr'>χρησομένην</span> 
     </span>
    </p>
   </div>
   <div class='ocr_carea' id='block_1_111' title="bbox 2027 3727 2514 3796">
    <p class='ocr_par' dir='ltr' id='par_1_111' title="bbox 2027 3727 2514 3796">
     <span class='ocr_line' id='line_1_112' title="bbox 2027 3727 2514 3796; baseline 0.002 -12"><span class='ocrx_word' id='word_1_813' title='bbox 2027 3732 2208 3795; x_wconf 84' lang='grc' dir='ltr'>καλῶς</span> <span class='ocrx_word' id='word_1_814' title='bbox 2235 3735 2348 3796; x_wconf 86' lang='grc' dir='ltr'>τοῖς</span> <span class='ocrx_word' id='word_1_815' title='bbox 2377 3727 2514 3786; x_wconf 83' lang='grc' dir='ltr'>οὖσι.</span> 
     </span>
    </p>
   </div>
   <div class='ocr_carea' id='block_1_112' title="bbox 2089 3832 3608 3907">
    <p class='ocr_par' dir='ltr' id='par_1_112' title="bbox 2089 3832 3608 3907">
     <span class='ocr_line' id='line_1_113' title="bbox 2089 3832 3608 3907; baseline -0.001 -19"><span class='ocrx_word' id='word_1_816' title='bbox 2089 3837 2361 3907; x_wconf 83' lang='grc' dir='ltr'>Πρότερον</span> <span class='ocrx_word' id='word_1_817' title='bbox 2404 3837 2564 3906; x_wconf 87' lang='grc' dir='ltr'>μάθε,</span> <span class='ocrx_word' id='word_1_818' title='bbox 2601 3835 2686 3900; x_wconf 89' lang='grc' dir='ltr'>τίς</span> <span class='ocrx_word' id='word_1_819' title='bbox 2719 3833 2874 3906; x_wconf 86' lang='grc' dir='ltr'>ήτοῦ</span> <span class='ocrx_word' id='word_1_820' title='bbox 2919 3835 3098 3905; x_wconf 86' lang='grc' dir='ltr'>γάμου</span> <span class='ocrx_word' id='word_1_821' title='bbox 3137 3833 3308 3897; x_wconf 88' lang='grc' dir='ltr'>αἰτία,</span> <span class='ocrx_word' id='word_1_822' title='bbox 3347 3833 3439 3886; x_wconf 74' lang='grc' dir='ltr'>καὶ</span> <span class='ocrx_word' id='word_1_823' title='bbox 3462 3832 3608 3896; x_wconf 85' lang='grc' dir='ltr'>τίνος</span> 
     </span>
    </p>
   </div>
   <div class='ocr_carea' id='block_1_113' title="bbox 2019 3915 3605 3990">
    <p class='ocr_par' dir='ltr' id='par_1_113' title="bbox 2019 3915 3605 3990">
     <span class='ocr_line' id='line_1_114' title="bbox 2019 3915 3605 3990; baseline -0.001 -19"><span class='ocrx_word' id='word_1_824' title='bbox 2019 3919 2202 3972; x_wconf 74' lang='grc' dir='ltr'>ἕνεκεν</span> <span class='ocrx_word' id='word_1_825' title='bbox 2235 3922 2314 3982; x_wconf 86' lang='grc' dir='ltr'>εἰς</span> <span class='ocrx_word' id='word_1_826' title='bbox 2347 3919 2438 3972; x_wconf 75' lang='grc' dir='ltr'>τὸν</span> <span class='ocrx_word' id='word_1_827' title='bbox 2475 3917 2586 3988; x_wconf 86' lang='grc' dir='ltr'>βίον</span> <span class='ocrx_word' id='word_1_828' title='bbox 2605 3921 2978 3990; x_wconf 83' lang='grc' dir='ltr'>εἰσενήνεκται</span> <span class='ocrx_word' id='word_1_829' title='bbox 3013 3918 3106 3970; x_wconf 86' lang='grc' dir='ltr'>τὸν</span> <span class='ocrx_word' id='word_1_830' title='bbox 3135 3915 3288 3988; x_wconf 67' lang='grc'>[219]</span> <span class='ocrx_word' id='word_1_831' title='bbox 3311 3915 3605 3986; x_wconf 83' lang='grc' dir='ltr'>ἡμέτερον,</span> 
     </span>
    </p>
   </div>
   <div class='ocr_carea' id='block_1_114' title="bbox 2021 3996 3608 4072">
    <p class='ocr_par' dir='ltr' id='par_1_114' title="bbox 2021 3996 3608 4072">
     <span class='ocr_line' id='line_1_115' title="bbox 2021 3996 3608 4072; baseline -0.001 -18"><span class='ocrx_word' id='word_1_832' title='bbox 2021 4001 2114 4054; x_wconf 75' lang='grc' dir='ltr'>καὶ</span> <span class='ocrx_word' id='word_1_833' title='bbox 2144 4003 2308 4072; x_wconf 79' lang='grc' dir='ltr'>μηδὲν</span> <span class='ocrx_word' id='word_1_834' title='bbox 2340 4001 2500 4054; x_wconf 86' lang='grc' dir='ltr'>πλέον</span> <span class='ocrx_word' id='word_1_835' title='bbox 2530 4001 2772 4054; x_wconf 85' lang='grc' dir='ltr'>ἀπαίτει.</span> <span class='ocrx_word' id='word_1_836' title='bbox 2815 4002 2915 4063; x_wconf 68' lang='lat' dir='ltr'>Tia;</span> <span class='ocrx_word' id='word_1_837' title='bbox 2951 3996 3046 4054; x_wconf 85' lang='grc' dir='ltr'>οὖν</span> <span class='ocrx_word' id='word_1_838' title='bbox 3076 4001 3109 4069; x_wconf 85' lang='grc' dir='ltr'><strong>ἡ</strong></span> <span class='ocrx_word' id='word_1_839' title='bbox 3141 4000 3236 4052; x_wconf 91' lang='grc' dir='ltr'>τοῦ</span> <span class='ocrx_word' id='word_1_840' title='bbox 3269 3999 3448 4068; x_wconf 89' lang='grc' dir='ltr'>γάμου</span> <span class='ocrx_word' id='word_1_841' title='bbox 3477 3999 3608 4070; x_wconf 87' lang='grc' dir='ltr'>πρό-</span> 
     </span>
    </p>
   </div>
   <div class='ocr_carea' id='block_1_115' title="bbox 2021 4081 3605 4152">
    <p class='ocr_par' dir='ltr' id='par_1_115' title="bbox 2021 4081 3605 4152">
     <span class='ocr_line' id='line_1_116' title="bbox 2021 4081 3605 4152; baseline -0.003 -15"><span class='ocrx_word' id='word_1_842' title='bbox 2021 4101 2219 4152; x_wconf 84' lang='grc' dir='ltr'>φασις,</span> <span class='ocrx_word' id='word_1_843' title='bbox 2275 4085 2368 4138; x_wconf 58' lang='grc' dir='ltr'>καὶ¹</span> <span class='ocrx_word' id='word_1_844' title='bbox 2429 4083 2574 4146; x_wconf 83' lang='grc' dir='ltr'>τίνος</span> <span class='ocrx_word' id='word_1_845' title='bbox 2630 4084 2816 4137; x_wconf 77' lang='grc' dir='ltr'>ἕνεκεν</span> <span class='ocrx_word' id='word_1_846' title='bbox 2871 4083 3069 4136; x_wconf 81' lang='grc' dir='ltr'>ἔδωκεν</span> <span class='ocrx_word' id='word_1_847' title='bbox 3133 4083 3296 4135; x_wconf 86' lang='grc' dir='ltr'>αὐτὸν</span> <span class='ocrx_word' id='word_1_848' title='bbox 3357 4085 3385 4135; x_wconf 86' lang='grc' dir='ltr'>ὁ</span> <span class='ocrx_word' id='word_1_849' title='bbox 3435 4081 3605 4147; x_wconf 87' lang='grc' dir='ltr'>Θεὸς;</span> 
     </span>
    </p>
   </div>
   <div class='ocr_carea' id='block_1_116' title="bbox 2026 4166 3612 4236">
    <p class='ocr_par' dir='ltr' id='par_1_116' title="bbox 2026 4166 3612 4236">
     <span class='ocr_line' id='line_1_117' title="bbox 2026 4166 3612 4236; baseline -0.001 -16"><span class='ocrx_word' id='word_1_850' title='bbox 2026 4169 2291 4220; x_wconf 75' lang='grc' dir='ltr'>’Ἄκουσον</span> <span class='ocrx_word' id='word_1_851' title='bbox 2335 4167 2429 4220; x_wconf 90' lang='grc' dir='ltr'>τοῦ</span> <span class='ocrx_word' id='word_1_852' title='bbox 2475 4166 2689 4220; x_wconf 88' lang='grc' dir='ltr'>Παύλου</span> <span class='ocrx_word' id='word_1_853' title='bbox 2735 4167 3017 4236; x_wconf 89' lang='grc' dir='ltr'>λέγοντος·</span> <span class='ocrx_word' id='word_1_854' title='bbox 3074 4167 3178 4220; x_wconf 88' lang='grc' dir='ltr'>Διὰ</span> <span class='ocrx_word' id='word_1_855' title='bbox 3223 4166 3292 4218; x_wconf 79' lang='grc' dir='ltr'>δὲ</span> <span class='ocrx_word' id='word_1_856' title='bbox 3321 4167 3428 4232; x_wconf 86' lang='grc' dir='ltr'>τὰς</span> <span class='ocrx_word' id='word_1_857' title='bbox 3474 4181 3612 4233; x_wconf 81' lang='grc' dir='ltr'>πορ-</span> 
     </span>
    </p>
   </div>
   <div class='ocr_carea' id='block_1_117' title="bbox 2023 4249 3608 4318">
    <p class='ocr_par' dir='ltr' id='par_1_117' title="bbox 2023 4249 3608 4318">
     <span class='ocr_line' id='line_1_118' title="bbox 2023 4249 3608 4318; baseline -0.002 -14"><span class='ocrx_word' id='word_1_858' title='bbox 2023 4252 2188 4316; x_wconf 78' lang='grc' dir='ltr'>νείας</span> <span class='ocrx_word' id='word_1_859' title='bbox 2219 4251 2474 4316; x_wconf 78' lang='grc' dir='ltr'>ἕκαστος</span> <span class='ocrx_word' id='word_1_860' title='bbox 2517 4249 2631 4318; x_wconf 79' lang='grc' dir='ltr'>τὴν</span> <span class='ocrx_word' id='word_1_861' title='bbox 2679 4249 2898 4303; x_wconf 80' lang='grc' dir='ltr'>ἑαυτοῦ</span> <span class='ocrx_word' id='word_1_862' title='bbox 2949 4249 3207 4318; x_wconf 71' lang='grc' dir='ltr'>γυναῖκα</span> <span class='ocrx_word' id='word_1_863' title='bbox 3253 4249 3438 4318; x_wconf 79' lang='grc' dir='ltr'>ἐχέτω</span> <span class='ocrx_word' id='word_1_864' title='bbox 3494 4249 3608 4302; x_wconf 89' lang='grc' dir='ltr'>Οὐκ</span> 
     </span>
    </p>
   </div>
   <div class='ocr_carea' id='block_1_118' title="bbox 2023 4328 3608 4406">
    <p class='ocr_par' dir='ltr' id='par_1_118' title="bbox 2023 4328 3608 4406">
     <span class='ocr_line' id='line_1_119' title="bbox 2023 4328 3608 4406; baseline -0.003 -21"><span class='ocrx_word' id='word_1_865' title='bbox 2023 4328 2172 4394; x_wconf 81' lang='grc' dir='ltr'>εἷπε,</span> <span class='ocrx_word' id='word_1_866' title='bbox 2214 4331 2311 4386; x_wconf 82' lang='grc' dir='ltr'>Διὰ</span> <span class='ocrx_word' id='word_1_867' title='bbox 2344 4329 2400 4382; x_wconf 85' lang='grc' dir='ltr'>δὲ</span> <span class='ocrx_word' id='word_1_868' title='bbox 2437 4331 2533 4400; x_wconf 83' lang='grc' dir='ltr'>τὴν</span> <span class='ocrx_word' id='word_1_869' title='bbox 2572 4333 2668 4402; x_wconf 82' lang='grc' dir='ltr'>τῆς</span> <span class='ocrx_word' id='word_1_870' title='bbox 2699 4333 2893 4396; x_wconf 86' lang='grc' dir='ltr'>πενίας</span> <span class='ocrx_word' id='word_1_871' title='bbox 2935 4331 3277 4401; x_wconf 81' lang='grc' dir='ltr'>ἀπαλλαγὴν,</span> <span class='ocrx_word' id='word_1_872' title='bbox 3330 4331 3479 4406; x_wconf 80' lang='grc' dir='ltr'>ἣΔιά</span> <span class='ocrx_word' id='word_1_873' title='bbox 3511 4331 3608 4401; x_wconf 76' lang='grc' dir='ltr'>τὴν</span> 
     </span>
    </p>
   </div>
   <div class='ocr_carea' id='block_1_119' title="bbox 2021 4414 3611 4486">
    <p class='ocr_par' dir='ltr' id='par_1_119' title="bbox 2021 4414 3611 4486">
     <span class='ocr_line' id='line_1_120' title="bbox 2021 4414 3611 4486; baseline 0 -18"><span class='ocrx_word' id='word_1_874' title='bbox 2021 4417 2119 4486; x_wconf 84' lang='grc' dir='ltr'>τῆς</span> <span class='ocrx_word' id='word_1_875' title='bbox 2148 4417 2406 4485; x_wconf 85' lang='grc' dir='ltr'>εὐπορίας</span> <span class='ocrx_word' id='word_1_876' title='bbox 2433 4417 2626 4484; x_wconf 81' lang='grc' dir='ltr'>κτῆσιν</span> <span class='ocrx_word' id='word_1_877' title='bbox 2651 4432 2664 4446; x_wconf 90' lang='grc'><strong>·</strong></span> <span class='ocrx_word' id='word_1_878' title='bbox 2696 4417 2833 4469; x_wconf 87' lang='grc' dir='ltr'>ἀλλά</span> <span class='ocrx_word' id='word_1_879' title='bbox 2874 4417 2958 4476; x_wconf 78' lang='grc' dir='ltr'>τίς</span> <span class='ocrx_word' id='word_1_880' title='bbox 2992 4417 3111 4468; x_wconf 84' lang='grc' dir='ltr'>Ἵνα</span> <span class='ocrx_word' id='word_1_881' title='bbox 3144 4415 3400 4486; x_wconf 88' lang='grc' dir='ltr'>πορνείας</span> <span class='ocrx_word' id='word_1_882' title='bbox 3427 4414 3611 4482; x_wconf 84' lang='grc' dir='ltr'>φύγω-</span> 
     </span>
    </p>
   </div>
   <div class='ocr_carea' id='block_1_120' title="bbox 2027 4497 3608 4570">
    <p class='ocr_par' dir='ltr' id='par_1_120' title="bbox 2027 4497 3608 4570">
     <span class='ocr_line' id='line_1_121' title="bbox 2027 4497 3608 4570; baseline -0.001 -19"><span class='ocrx_word' id='word_1_883' title='bbox 2027 4517 2146 4570; x_wconf 89' lang='grc' dir='ltr'>μεν,</span> <span class='ocrx_word' id='word_1_884' title='bbox 2181 4499 2267 4551; x_wconf 81' lang='grc' dir='ltr'>ἴνα</span> <span class='ocrx_word' id='word_1_885' title='bbox 2291 4499 2391 4568; x_wconf 80' lang='grc' dir='ltr'>τὴν</span> <span class='ocrx_word' id='word_1_886' title='bbox 2437 4499 2730 4567; x_wconf 80' lang='grc' dir='ltr'>ἐπιθυμίαν</span> <span class='ocrx_word' id='word_1_887' title='bbox 2773 4497 3237 4568; x_wconf 87' lang='grc' dir='ltr'>καταστείλωμεν,</span> <span class='ocrx_word' id='word_1_888' title='bbox 3276 4497 3361 4548; x_wconf 84' lang='grc' dir='ltr'>ῖνα</span> <span class='ocrx_word' id='word_1_889' title='bbox 3395 4514 3608 4567; x_wconf 83' lang='grc' dir='ltr'>σωφρο-</span> 
     </span>
    </p>
   </div>
   <div class='ocr_carea' id='block_1_121' title="bbox 2028 4577 3611 4652">
    <p class='ocr_par' dir='ltr' id='par_1_121' title="bbox 2028 4577 3611 4652">
     <span class='ocr_line' id='line_1_122' title="bbox 2028 4577 3611 4652; baseline -0.002 -17"><span class='ocrx_word' id='word_1_890' title='bbox 2028 4582 2162 4652; x_wconf 85' lang='grc' dir='ltr'>σύνῃ</span> <span class='ocrx_word' id='word_1_891' title='bbox 2208 4581 2553 4650; x_wconf 76' lang='grc' dir='ltr'>συζήσωμεν,</span> <span class='ocrx_word' id='word_1_892' title='bbox 2590 4581 2677 4632; x_wconf 78' lang='grc' dir='ltr'>ἵνα</span> <span class='ocrx_word' id='word_1_893' title='bbox 2724 4581 3182 4650; x_wconf 87' lang='grc' dir='ltr'>εὐαρεστήσωμεν</span> <span class='ocrx_word' id='word_1_894' title='bbox 3229 4577 3369 4648; x_wconf 80' lang='grc' dir='ltr'>Θεῷ,</span> <span class='ocrx_word' id='word_1_895' title='bbox 3413 4581 3482 4648; x_wconf 84' lang='grc' dir='ltr'>τῇ</span> <span class='ocrx_word' id='word_1_896' title='bbox 3531 4581 3611 4632; x_wconf 62' lang='grc' dir='ltr'>οἰκ</span> 
     </span>
    </p>
   </div>
   <div class='ocr_carea' id='block_1_122' title="bbox 2025 4639 3608 4734">
    <p class='ocr_par' dir='ltr' id='par_1_122' title="bbox 2025 4639 3608 4734">
     <span class='ocr_line' id='line_1_123' title="bbox 2025 4639 3608 4734; baseline -0.002 -17"><span class='ocrx_word' id='word_1_897' title='bbox 2025 4639 2502 4734; x_wconf 53' lang='grc' dir='ltr'>κείξάρκούμενοι</span> <span class='ocrx_word' id='word_1_898' title='bbox 2533 4639 2769 4734; x_wconf 82' lang='grc' dir='ltr'>γαμετῇ.</span> <span class='ocrx_word' id='word_1_899' title='bbox 2797 4639 3094 4714; x_wconf 47' lang='grc' dir='ltr'>ἸζοῦτοΙτοῦ</span> <span class='ocrx_word' id='word_1_900' title='bbox 3117 4661 3298 4731; x_wconf 86' lang='grc' dir='ltr'>γάμου</span> <span class='ocrx_word' id='word_1_901' title='bbox 3415 4639 3608 4731; x_wconf 85' lang='grc' dir='ltr'>δῶρον,</span> 
     </span>
    </p>
   </div>
   <div class='ocr_carea' id='block_1_123' title="bbox 2025 4741 3608 4814">
    <p class='ocr_par' dir='ltr' id='par_1_123' title="bbox 2025 4741 3608 4814">
     <span class='ocr_line' id='line_1_124' title="bbox 2025 4741 3608 4814; baseline -0.003 -16"><span class='ocrx_word' id='word_1_902' title='bbox 2025 4741 2180 4808; x_wconf 73' lang='grc' dir='ltr'>οὗτος</span> <span class='ocrx_word' id='word_1_903' title='bbox 2203 4745 2230 4796; x_wconf 88' lang='grc' dir='ltr'>ὁ</span> <span class='ocrx_word' id='word_1_904' title='bbox 2262 4745 2493 4814; x_wconf 85' lang='grc' dir='ltr'>καρπὸς,</span> <span class='ocrx_word' id='word_1_905' title='bbox 2525 4745 2683 4796; x_wconf 81' lang='grc' dir='ltr'>τοῦτο</span> <span class='ocrx_word' id='word_1_906' title='bbox 2721 4745 2780 4797; x_wconf 81' lang='grc' dir='ltr'>τὸ</span> <span class='ocrx_word' id='word_1_907' title='bbox 2819 4744 3029 4814; x_wconf 86' lang='grc' dir='ltr'>κέρδος.</span> <span class='ocrx_word' id='word_1_908' title='bbox 3063 4743 3154 4814; x_wconf 83' lang='grc' dir='ltr'>Μὴ</span> <span class='ocrx_word' id='word_1_909' title='bbox 3189 4743 3367 4796; x_wconf 87' lang='grc' dir='ltr'>τοίνυν</span> <span class='ocrx_word' id='word_1_910' title='bbox 3395 4744 3463 4796; x_wconf 84' lang='grc' dir='ltr'>τὰ</span> <span class='ocrx_word' id='word_1_911' title='bbox 3495 4744 3608 4814; x_wconf 87' lang='grc' dir='ltr'>μεί-</span> 
     </span>
    </p>
   </div>
   <div class='ocr_carea' id='block_1_124' title="bbox 2028 4826 3612 4898">
    <p class='ocr_par' dir='ltr' id='par_1_124' title="bbox 2028 4826 3612 4898">
     <span class='ocr_line' id='line_1_125' title="bbox 2028 4826 3612 4898; baseline -0.003 -16"><span class='ocrx_word' id='word_1_912' title='bbox 2028 4831 2155 4894; x_wconf 80' lang='grc' dir='ltr'>ζονα</span> <span class='ocrx_word' id='word_1_913' title='bbox 2179 4829 2358 4897; x_wconf 84' lang='grc' dir='ltr'>ἀφεὶς,</span> <span class='ocrx_word' id='word_1_914' title='bbox 2405 4827 2470 4880; x_wconf 81' lang='grc' dir='ltr'>τὰ</span> <span class='ocrx_word' id='word_1_915' title='bbox 2513 4828 2772 4882; x_wconf 84' lang='grc' dir='ltr'>ἐλάττονα</span> <span class='ocrx_word' id='word_1_916' title='bbox 2807 4827 2977 4898; x_wconf 75' lang='grc' dir='ltr'>ζήτεν</span> <span class='ocrx_word' id='word_1_917' title='bbox 3020 4827 3153 4880; x_wconf 77' lang='grc' dir='ltr'>πολὺ</span> <span class='ocrx_word' id='word_1_918' title='bbox 3188 4828 3296 4897; x_wconf 84' lang='grc' dir='ltr'>γάρ</span> <span class='ocrx_word' id='word_1_919' title='bbox 3335 4826 3612 4896; x_wconf 86' lang='grc' dir='ltr'>σωφροσύ-</span> 
     </span>
    </p>
   </div>
   <div class='ocr_carea' id='block_1_125' title="bbox 2028 4909 3609 4980">
    <p class='ocr_par' dir='ltr' id='par_1_125' title="bbox 2028 4909 3609 4980">
     <span class='ocr_line' id='line_1_126' title="bbox 2028 4909 3609 4980; baseline -0.001 -18"><span class='ocrx_word' id='word_1_920' title='bbox 2028 4929 2125 4980; x_wconf 89' lang='grc' dir='ltr'>νης</span> <span class='ocrx_word' id='word_1_921' title='bbox 2152 4909 2388 4962; x_wconf 83' lang='grc' dir='ltr'>ἐλάττων</span> <span class='ocrx_word' id='word_1_922' title='bbox 2436 4911 2465 4962; x_wconf 88' lang='grc' dir='ltr'>ὁ</span> <span class='ocrx_word' id='word_1_923' title='bbox 2507 4909 2756 4973; x_wconf 88' lang='grc' dir='ltr'>πλοῦτος.</span> <span class='ocrx_word' id='word_1_924' title='bbox 2789 4909 2865 4962; x_wconf 86' lang='grc' dir='ltr'>Δι’</span> <span class='ocrx_word' id='word_1_925' title='bbox 2907 4909 2962 4962; x_wconf 83' lang='grc' dir='ltr'>ἓν</span> <span class='ocrx_word' id='word_1_926' title='bbox 2995 4909 3100 4980; x_wconf 84' lang='grc' dir='ltr'>γὰρ</span> <span class='ocrx_word' id='word_1_927' title='bbox 3133 4909 3290 4960; x_wconf 89' lang='grc' dir='ltr'>τοῦτο</span> <span class='ocrx_word' id='word_1_928' title='bbox 3316 4909 3474 4978; x_wconf 86' lang='grc' dir='ltr'>μόνον</span> <span class='ocrx_word' id='word_1_929' title='bbox 3503 4910 3609 4980; x_wconf 84' lang='grc' dir='ltr'>χρὴ</span> 
     </span>
    </p>
   </div>
   <div class='ocr_carea' id='block_1_126' title="bbox 2029 4992 3610 5064">
    <p class='ocr_par' dir='ltr' id='par_1_126' title="bbox 2029 4992 3610 5064">
     <span class='ocr_line' id='line_1_127' title="bbox 2029 4992 3610 5064; baseline -0.001 -19"><span class='ocrx_word' id='word_1_930' title='bbox 2029 4993 2327 5064; x_wconf 88' lang='grc' dir='ltr'>λαμϐάνειν</span> <span class='ocrx_word' id='word_1_931' title='bbox 2356 4995 2611 5060; x_wconf 87' lang='grc' dir='ltr'>γυναῖκα,</span> <span class='ocrx_word' id='word_1_932' title='bbox 2651 4993 2736 5044; x_wconf 78' lang='grc' dir='ltr'>ἵνα</span> <span class='ocrx_word' id='word_1_933' title='bbox 2763 4993 2862 5064; x_wconf 79' lang='grc' dir='ltr'>τὴν</span> <span class='ocrx_word' id='word_1_934' title='bbox 2893 4993 3170 5064; x_wconf 85' lang='grc' dir='ltr'>ἁμαρτίαν</span> <span class='ocrx_word' id='word_1_935' title='bbox 3200 4992 3480 5062; x_wconf 88' lang='grc' dir='ltr'>φύγωμεν,</span> <span class='ocrx_word' id='word_1_936' title='bbox 3525 4993 3610 5045; x_wconf 89' lang='grc' dir='ltr'>ῖνα</span> 
     </span>
    </p>
   </div>
   <div class='ocr_carea' id='block_1_127' title="bbox 2031 5075 3611 5148">
    <p class='ocr_par' dir='ltr' id='par_1_127' title="bbox 2031 5075 3611 5148">
     <span class='ocr_line' id='line_1_128' title="bbox 2031 5075 3611 5148; baseline -0.003 -18"><span class='ocrx_word' id='word_1_937' title='bbox 2031 5077 2284 5148; x_wconf 86' lang='grc' dir='ltr'>πορνείας</span> <span class='ocrx_word' id='word_1_938' title='bbox 2314 5077 2534 5146; x_wconf 84' lang='grc' dir='ltr'>ἁπάσης</span> <span class='ocrx_word' id='word_1_939' title='bbox 2565 5075 2971 5146; x_wconf 83' lang='grc' dir='ltr'>ἀπαλλαγῶμεν</span> <span class='ocrx_word' id='word_1_940' title='bbox 2995 5094 3007 5106; x_wconf 92' lang='grc'><strong>·</strong></span> <span class='ocrx_word' id='word_1_941' title='bbox 3047 5076 3183 5146; x_wconf 83' lang='grc' dir='ltr'>πρὸς</span> <span class='ocrx_word' id='word_1_942' title='bbox 3219 5075 3375 5128; x_wconf 85' lang='grc' dir='ltr'>τοῦτο</span> <span class='ocrx_word' id='word_1_943' title='bbox 3397 5076 3500 5145; x_wconf 86' lang='grc' dir='ltr'>χρὴ</span> <span class='ocrx_word' id='word_1_944' title='bbox 3520 5075 3611 5128; x_wconf 81' lang='grc' dir='ltr'>τὸν</span> 
     </span>
    </p>
   </div>
   <div class='ocr_carea' id='block_1_128' title="bbox 2029 5157 3611 5230">
    <p class='ocr_par' dir='ltr' id='par_1_128' title="bbox 2029 5157 3611 5230">
     <span class='ocr_line' id='line_1_129' title="bbox 2029 5157 3611 5230; baseline -0.004 -16"><span class='ocrx_word' id='word_1_945' title='bbox 2029 5161 2206 5230; x_wconf 84' lang='grc' dir='ltr'>γάμον</span> <span class='ocrx_word' id='word_1_946' title='bbox 2235 5159 2596 5213; x_wconf 85' lang='grc' dir='ltr'>καθίστασθαι</span> <span class='ocrx_word' id='word_1_947' title='bbox 2631 5159 2830 5223; x_wconf 86' lang='grc' dir='ltr'>πάντα,</span> <span class='ocrx_word' id='word_1_948' title='bbox 2867 5160 2954 5212; x_wconf 81' lang='grc' dir='ltr'>ἵνα</span> <span class='ocrx_word' id='word_1_949' title='bbox 2987 5161 3067 5222; x_wconf 90' lang='grc' dir='ltr'>εἰς</span> <span class='ocrx_word' id='word_1_950' title='bbox 3101 5157 3456 5230; x_wconf 78' lang='grc' dir='ltr'>σωφροσύνην</span> <span class='ocrx_word' id='word_1_951' title='bbox 3481 5161 3611 5228; x_wconf 82' lang='grc' dir='ltr'>ἡμῖν</span> 
     </span>
    </p>
   </div>
   <div class='ocr_carea' id='block_1_129' title="bbox 2033 5237 3612 5314">
    <p class='ocr_par' dir='ltr' id='par_1_129' title="bbox 2033 5237 3612 5314">
     <span class='ocr_line' id='line_1_130' title="bbox 2033 5237 3612 5314; baseline -0.004 -18"><span class='ocrx_word' id='word_1_952' title='bbox 2033 5243 2380 5314; x_wconf 87' lang='grc' dir='ltr'>συμπράττῃ·</span> <span class='ocrx_word' id='word_1_953' title='bbox 2413 5241 2566 5294; x_wconf 79' lang='grc' dir='ltr'>ἔσται</span> <span class='ocrx_word' id='word_1_954' title='bbox 2588 5241 2644 5294; x_wconf 83' lang='grc' dir='ltr'>δὲ</span> <span class='ocrx_word' id='word_1_955' title='bbox 2673 5241 2850 5303; x_wconf 88' lang='grc' dir='ltr'>τοῦτο,</span> <span class='ocrx_word' id='word_1_956' title='bbox 2897 5242 2992 5293; x_wconf 77' lang='grc' dir='ltr'>ἐὰν</span> <span class='ocrx_word' id='word_1_957' title='bbox 3041 5241 3297 5302; x_wconf 87' lang='grc' dir='ltr'>τοιαύτας</span> <span class='ocrx_word' id='word_1_958' title='bbox 3348 5237 3612 5308; x_wconf 86' lang='grc' dir='ltr'>ἀγώμεθα</span> 
     </span>
    </p>
   </div>
   <div class='ocr_carea' id='block_1_130' title="bbox 2030 5319 3612 5395">
    <p class='ocr_par' dir='ltr' id='par_1_130' title="bbox 2030 5319 3612 5395">
     <span class='ocr_line' id='line_1_131' title="bbox 2030 5319 3612 5395; baseline -0.004 -19"><span class='ocrx_word' id='word_1_959' title='bbox 2030 5324 2266 5395; x_wconf 86' lang='grc' dir='ltr'>νύμφας,</span> <span class='ocrx_word' id='word_1_960' title='bbox 2327 5324 2384 5376; x_wconf 85' lang='grc' dir='ltr'>αῖ</span> <span class='ocrx_word' id='word_1_961' title='bbox 2443 5323 2645 5394; x_wconf 78' lang='grc' dir='ltr'>πολλὴν</span> <span class='ocrx_word' id='word_1_962' title='bbox 2680 5323 2779 5392; x_wconf 86' lang='grc' dir='ltr'>μὲν</span> <span class='ocrx_word' id='word_1_963' title='bbox 2829 5322 3137 5385; x_wconf 87' lang='grc' dir='ltr'>εὐλάϐειαν,</span> <span class='ocrx_word' id='word_1_964' title='bbox 3187 5321 3389 5389; x_wconf 78' lang='grc' dir='ltr'>πολλὴν</span> <span class='ocrx_word' id='word_1_965' title='bbox 3415 5319 3473 5371; x_wconf 83' lang='grc' dir='ltr'>δὲ</span> <span class='ocrx_word' id='word_1_966' title='bbox 3509 5335 3612 5371; x_wconf 86' lang='grc' dir='ltr'>σω-</span> 
     </span>
    </p>
   </div>
   <div class='ocr_carea' id='block_1_131' title="bbox 2032 5403 3611 5478">
    <p class='ocr_par' dir='ltr' id='par_1_131' title="bbox 2032 5403 3611 5478">
     <span class='ocr_line' id='line_1_132' title="bbox 2032 5403 3611 5478; baseline -0.004 -18"><span class='ocrx_word' id='word_1_967' title='bbox 2032 5407 2327 5478; x_wconf 86' lang='grc' dir='ltr'>φροσύνην,</span> <span class='ocrx_word' id='word_1_968' title='bbox 2363 5407 2564 5476; x_wconf 76' lang='grc' dir='ltr'>πολλὴν</span> <span class='ocrx_word' id='word_1_969' title='bbox 2593 5407 2648 5459; x_wconf 81' lang='grc' dir='ltr'>δὲ</span> <span class='ocrx_word' id='word_1_970' title='bbox 2689 5405 2994 5458; x_wconf 76' lang='grc' dir='ltr'>ἐπιείκειαν</span> <span class='ocrx_word' id='word_1_971' title='bbox 3023 5407 3154 5475; x_wconf 81' lang='grc' dir='ltr'>ἡμῖν</span> <span class='ocrx_word' id='word_1_972' title='bbox 3181 5405 3492 5470; x_wconf 85' lang='grc' dir='ltr'>εἰσαγαγεῖν</span> <span class='ocrx_word' id='word_1_973' title='bbox 3519 5403 3611 5455; x_wconf 89' lang='grc' dir='ltr'>δύ-</span> 
     </span>
    </p>
   </div>
   <div class='ocr_carea' id='block_1_132' title="bbox 2032 5485 3610 5559">
    <p class='ocr_par' dir='ltr' id='par_1_132' title="bbox 2032 5485 3610 5559">
     <span class='ocr_line' id='line_1_133' title="bbox 2032 5485 3610 5559; baseline -0.004 -16"><span class='ocrx_word' id='word_1_974' title='bbox 2032 5507 2240 5544; x_wconf 84' lang='grc' dir='ltr'>νανται.</span> <span class='ocrx_word' id='word_1_975' title='bbox 2277 5490 2341 5542; x_wconf 86' lang='grc' dir='ltr'><strong>Ἦ</strong></span> <span class='ocrx_word' id='word_1_976' title='bbox 2379 5490 2476 5558; x_wconf 87' lang='grc' dir='ltr'>μὲν</span> <span class='ocrx_word' id='word_1_977' title='bbox 2507 5489 2617 5559; x_wconf 84' lang='grc' dir='ltr'>γὰρ</span> <span class='ocrx_word' id='word_1_978' title='bbox 2646 5487 2740 5541; x_wconf 90' lang='grc' dir='ltr'>τοῦ</span> <span class='ocrx_word' id='word_1_979' title='bbox 2774 5487 3022 5558; x_wconf 87' lang='grc' dir='ltr'>σώματος</span> <span class='ocrx_word' id='word_1_980' title='bbox 3051 5485 3340 5557; x_wconf 85' lang='grc' dir='ltr'>εὐμορφία,</span> <span class='ocrx_word' id='word_1_981' title='bbox 3377 5486 3503 5538; x_wconf 82' lang='grc' dir='ltr'>ὅταν</span> <span class='ocrx_word' id='word_1_982' title='bbox 3535 5485 3610 5556; x_wconf 82' lang='grc' dir='ltr'>μὴ</span> 
     </span>
    </p>
   </div>
   <div class='ocr_carea' id='block_1_133' title="bbox 2036 5566 3610 5642">
    <p class='ocr_par' dir='ltr' id='par_1_133' title="bbox 2036 5566 3610 5642">
     <span class='ocr_line' id='line_1_134' title="bbox 2036 5566 3610 5642; baseline -0.003 -18"><span class='ocrx_word' id='word_1_983' title='bbox 2036 5571 2468 5642; x_wconf 82' lang='grc' dir='ltr'>συνεζευγμένην</span> <span class='ocrx_word' id='word_1_984' title='bbox 2496 5571 2592 5641; x_wconf 74' lang='grc' dir='ltr'>ἔχῃ</span> <span class='ocrx_word' id='word_1_985' title='bbox 2621 5571 2720 5640; x_wconf 82' lang='grc' dir='ltr'>τὴν</span> <span class='ocrx_word' id='word_1_986' title='bbox 2750 5569 2850 5638; x_wconf 79' lang='grc' dir='ltr'>τῆς</span> <span class='ocrx_word' id='word_1_987' title='bbox 2879 5569 3058 5638; x_wconf 66' lang='grc' dir='ltr'>ψυχῆς</span> <span class='ocrx_word' id='word_1_988' title='bbox 3083 5569 3302 5640; x_wconf 86' lang='grc' dir='ltr'>ἀρετὴν,</span> <span class='ocrx_word' id='word_1_989' title='bbox 3322 5566 3417 5620; x_wconf 72' lang='grc' dir='ltr'>καὶ</span> <span class='ocrx_word' id='word_1_990' title='bbox 3439 5569 3610 5620; x_wconf 75' lang='grc' dir='ltr'>εἰκοσι</span> 
     </span>
    </p>
   </div>
   <div class='ocr_carea' id='block_1_134' title="bbox 2037 5650 3610 5726">
    <p class='ocr_par' dir='ltr' id='par_1_134' title="bbox 2037 5650 3610 5726">
     <span class='ocr_line' id='line_1_135' title="bbox 2037 5650 3610 5726; baseline -0.004 -15"><span class='ocrx_word' id='word_1_991' title='bbox 2037 5657 2129 5711; x_wconf 74' lang='grc' dir='ltr'>καὶ</span> <span class='ocrx_word' id='word_1_992' title='bbox 2157 5657 2450 5726; x_wconf 88' lang='grc' dir='ltr'>τριάκοντα</span> <span class='ocrx_word' id='word_1_993' title='bbox 2495 5653 2709 5724; x_wconf 79' lang='grc' dir='ltr'>ἡμέρας</span> <span class='ocrx_word' id='word_1_994' title='bbox 2745 5653 3029 5721; x_wconf 88' lang='grc' dir='ltr'>δυνήσεται</span> <span class='ocrx_word' id='word_1_995' title='bbox 3073 5651 3166 5704; x_wconf 80' lang='grc' dir='ltr'>τὸν</span> <span class='ocrx_word' id='word_1_996' title='bbox 3214 5651 3382 5722; x_wconf 81' lang='grc' dir='ltr'>ἄνδρα</span> <span class='ocrx_word' id='word_1_997' title='bbox 3431 5650 3570 5704; x_wconf 76' lang='grc' dir='ltr'>ἑλεῖν</span> <span class='ocrx_word' id='word_1_998' title='bbox 3595 5691 3610 5712; x_wconf 93' lang='grc'>,</span> 
     </span>
    </p>
   </div>
   <div class='ocr_carea' id='block_1_135' title="bbox 2038 5734 3610 5811">
    <p class='ocr_par' dir='ltr' id='par_1_135' title="bbox 2038 5734 3610 5811">
     <span class='ocr_line' id='line_1_136' title="bbox 2038 5734 3610 5811; baseline -0.005 -17"><span class='ocrx_word' id='word_1_999' title='bbox 2038 5738 2348 5811; x_wconf 87' lang='grc' dir='ltr'>περαιτέρω</span> <span class='ocrx_word' id='word_1_1000' title='bbox 2375 5738 2430 5790; x_wconf 85' lang='grc' dir='ltr'>δὲ</span> <span class='ocrx_word' id='word_1_1001' title='bbox 2458 5737 2520 5790; x_wconf 90' lang='grc' dir='ltr'>οὐ</span> <span class='ocrx_word' id='word_1_1002' title='bbox 2552 5735 2912 5808; x_wconf 86' lang='grc' dir='ltr'>προϐήσεται,</span> <span class='ocrx_word' id='word_1_1003' title='bbox 2943 5735 3080 5788; x_wconf 90' lang='grc' dir='ltr'>ἀλλά</span> <span class='ocrx_word' id='word_1_1004' title='bbox 3123 5734 3346 5801; x_wconf 81' lang='grc' dir='ltr'>δείξασα</span> <span class='ocrx_word' id='word_1_1005' title='bbox 3383 5735 3480 5806; x_wconf 79' lang='grc' dir='ltr'>τὴν</span> <span class='ocrx_word' id='word_1_1006' title='bbox 3513 5750 3610 5787; x_wconf 85' lang='grc' dir='ltr'>κα-</span> 
     </span>
    </p>
   </div>
   <div class='ocr_carea' id='block_1_136' title="bbox 2042 5814 3606 5890">
    <p class='ocr_par' dir='ltr' id='par_1_136' title="bbox 2042 5814 3606 5890">
     <span class='ocr_line' id='line_1_137' title="bbox 2042 5814 3606 5890; baseline -0.007 -14"><span class='ocrx_word' id='word_1_1007' title='bbox 2042 5824 2184 5887; x_wconf 87' lang='grc' dir='ltr'>κίαν,</span> <span class='ocrx_word' id='word_1_1008' title='bbox 2226 5823 2369 5877; x_wconf 76' lang='grc' dir='ltr'>ἅπαν</span> <span class='ocrx_word' id='word_1_1009' title='bbox 2399 5819 2692 5875; x_wconf 86' lang='grc' dir='ltr'>καταλύσει</span> <span class='ocrx_word' id='word_1_1010' title='bbox 2739 5818 2799 5872; x_wconf 78' lang='grc' dir='ltr'>τὸ</span> <span class='ocrx_word' id='word_1_1011' title='bbox 2828 5817 3080 5890; x_wconf 86' lang='grc' dir='ltr'>φίλτρον·</span> <span class='ocrx_word' id='word_1_1012' title='bbox 3123 5819 3178 5871; x_wconf 86' lang='grc' dir='ltr'>αἰ</span> <span class='ocrx_word' id='word_1_1013' title='bbox 3220 5817 3274 5870; x_wconf 75' lang='grc' dir='ltr'>δὲ</span> <span class='ocrx_word' id='word_1_1014' title='bbox 3315 5815 3393 5889; x_wconf 80' lang='grc' dir='ltr'>τῷ</span> <span class='ocrx_word' id='word_1_1015' title='bbox 3425 5814 3606 5869; x_wconf 71' lang='grc' dir='ltr'>κάλλει</span> 
     </span>
    </p>
   </div>
  </div>
