4058 6258
478 310 586 367 255

475 421 577 492 τῆς
619 420 794 492 ψυχῆς
846 418 1297 489 καταλάμπουσαι
1324 459 1340 484 ,
1400 421 1620 489 ὅσῳπερ
1665 417 1732 472 ἂν
1779 419 1808 472 0
1861 418 2050 490 χρόνος

479 502 664 575 προΐῃ,
700 502 792 555 καὶ
825 503 1019 571 πεῖραν
1055 502 1154 570 τῆς
1182 503 1391 565 οἰκείας
1418 503 1694 569 εὐγενείας
1729 501 2009 572 παρέχωσι
2032 540 2052 564 ,

476 584 714 653 τοσούτῳ
741 582 975 653 μάλιστα
1020 582 1353 654 θερμότερον
1403 587 1517 647 τοῖς
1569 584 1788 647 οἰκείοις
1828 583 2054 654 ἀνδράσι

479 665 690 720 ποιοῦσι
731 664 824 718 τὸν
853 663 1053 735 ἔρωτα,
1090 664 1186 717 καὶ
1223 665 1321 736 τὴν
1358 666 1494 737 πρὸς
1536 666 1696 719 αὐτὸν
1737 664 2055 730 ὲξάπτουσιν

478 750 718 820 ἀγάπην.
752 748 952 802 Τούτου
1000 748 1057 802 δὲ
1104 750 1278 812 ὄντος,
1316 748 1411 803 καὶ
1437 749 1616 818 φιλίας
1647 748 1850 819 μεταξὺ
1871 749 2058 818 κειμέ-

480 848 577 901 νης
598 830 807 902 θερμῆς
864 832 959 883 καὶ
990 831 1240 900 γνησίας,
1299 832 1443 885 ἆπαν
1504 831 1783 884 ἐλαύνεται
1804 831 2058 902 πορνείας

481 910 639 977 εἶδος,
680 914 773 966 καὶ
798 913 918 965 οὐδὲ
950 912 1126 967 ἔννοιά
1152 930 1237 976 τις
1268 913 1561 976 ἀκολασίας
1584 913 1662 982 τῷ
1688 912 1930 982 φιλοῦντι
1962 912 2059 983 τὴν

481 995 674 1048 ἑαυτοῦ
716 995 950 1063 γυναῖκά
992 1012 1122 1047 ποτε
1162 997 1504 1066 ἐμπεσεῖται,
1536 996 1672 1050 ἀλλά
1707 996 1857 1066 μένει
1883 995 2059 1064 διηνε-

482 1077 590 1140 κῶς
616 1079 713 1149 τὴν
742 1078 935 1131 ἑαυτοῦ
971 1078 1211 1148 στέργων
1232 1081 1326 1132 καὶ
1350 1078 1436 1131 διὰ
1460 1079 1557 1148 τῆς
1586 1076 1941 1150 σωφροσύνης
1969 1076 2061 1128 τὸν

480 1160 611 1211 Θεὸν
643 1159 1020 1228 ἐπισπώμενος
1046 1162 1124 1222 εἰς
1158 1160 1254 1229 τὴν
1282 1161 1380 1230 τῆς
1406 1160 1582 1223 οἰκίας
1606 1160 1822 1229 ἀπάσης
1850 1158 2061 1213 εὐνοιάν

480 1257 539 1292 τε
589 1243 682 1294 καὶ
736 1242 1087 1312 προστασίαν.
1146 1240 1332 1303 Οὑτως
1400 1241 1707 1311 ἐλάμϐανον
1739 1243 1787 1293 οἱ
1826 1242 2062 1309 γενναῖοι

481 1321 586 1375 τῶν
620 1323 862 1377 παλαιῶν
889 1321 1098 1394 ἀνδρῶν
1131 1325 1408 1390 γυναῖκας,
1432 1322 1610 1392 ψυχῆς
1640 1321 1917 1390 εὐγένειαν
1943 1324 2064 1374 ἑπι-

481 1405 786 1473 ζητοῦντες,
827 1405 921 1458 καὶ
980 1405 1081 1457 οὐκ
1127 1405 1387 1474 εὐπορίαν
1445 1406 1761 1474 χρημάτων.
1830 1405 1940 1457 Καὶ
1983 1404 2058 1457 ὅτι

480 1490 636 1543 τοῦτό
664 1493 809 1542 ἐστιν
839 1488 1056 1558 ἀληθὲς,
1092 1487 1535 1558 παραδείγματος
1570 1487 1775 1551 ἕνεκεν,
1811 1486 1929 1549 ἑνὸς
1947 1487 2067 1539 ὲπι-

485 1570 863 1641 μνησθήσομαι
888 1570 1067 1640 γάμου
1089 1585 1103 1599 ·
1139 1570 1248 1622 Καὶ
1291 1569 1536 1638 Ἀϐραὰμ
1565 1569 1964 1637 πρεσϐύτερος
1985 1563 2066 1639 ἦν

484 1654 973 1722 καὶπροϐεϐηκὼς
1019 1651 1274 1721 ἡμερῶν,
1313 1652 1467 1723 φησὶ,
1505 1653 1602 1706 καί
1628 1648 1759 1704 εἷπε
1787 1650 1868 1716 τῷ
1899 1650 2065 1705 παιδί

482 1737 670 1789 αὐτοῦ
708 1734 788 1800 τῷ
840 1736 1220 1803 πρεσϐυτέρῳ
1264 1733 1374 1801 τῆς
1407 1735 1597 1799 οἰκίας
1630 1734 1835 1798 αὐτοῦ,
1858 1732 1938 1798 τῷ
1963 1733 2069 1801 ἆρ-

484 1835 647 1887 χοντι
670 1816 789 1870 τῶν
824 1818 1010 1871 αὑτοῦ
1042 1816 1301 1871 πάντων·
1331 1815 1441 1881 Θὲς
1471 1815 1588 1883 τὴν
1615 1814 1783 1884 χεῖρὰ
1809 1832 1923 1869 σου
1947 1813 2066 1869 ὑπὸ

483 1902 591 1953 τὸν
615 1902 812 1968 μηρόν
851 1917 991 1968 μου,
1022 1900 1118 1954 καί
1149 1897 1399 1967 ἐξορκιῶ
1429 1913 1502 1951 σε
1529 1899 1747 1966 Κύριον
1774 1897 1883 1950 τὸν
1920 1897 2069 1950 Θεὸν

481 1982 590 2036 τοῦ
613 1982 874 2048 ούρανοῦ
920 1980 1021 2034 καί
1064 1979 1175 2047 τῆς
1216 1978 1349 2049 γῆς,
1374 1979 1565 2049 ἵναμὴ
1592 1978 1785 2051 λάϐῃς
1816 1979 2069 2048 γυναῖκα

483 2062 562 2129 τῷ
594 2061 700 2127 υίῷ
715 2082 833 2132 μου
882 2063 1078 2117 Ἰσαὰκ
1112 2061 1231 2115 ἀπὸ
1265 2060 1385 2114 τῶν
1423 2060 1758 2131 θυγατέρων
1802 2060 1920 2114 τῶν
1951 2062 2067 2113 Χα-

482 2147 761 2208 ναναίων,
791 2147 919 2214 μεθ’
966 2139 1054 2197 ὧν
1094 2145 1208 2213 ἐγὼ
1237 2142 1377 2197 οἰκῶ
1406 2143 1533 2212 μετ’
1569 2141 1786 2205 αὐτῶν,
1811 2141 1946 2196 ἀλλ’
1982 2143 2069 2206 εἰς

483 2227 599 2294 τὴν
624 2225 741 2297 γῆν
750 2244 870 2296 μου
915 2223 985 2281 οὗ
1010 2225 1370 2297 ἐγεννήθην,
1394 2227 1687 2293 πορεύσῃ.
1716 2224 1811 2278 καί
1841 2227 1930 2290 εἰς
1957 2223 2071 2291 τὴν

482 2309 690 2376 φυλήν
710 2325 851 2378 μου,
875 2310 971 2362 καὶ
992 2308 1167 2381 λήψῃ
1183 2308 1433 2377 γυναῖκα
1455 2306 1533 2372 τῷ
1556 2307 1665 2371 υἱῷ
1677 2324 1797 2376 μου
1817 2305 2067 2359 ἐκεῖθεν.

486 2388 644 2455 Εἶδες
666 2391 760 2444 τοῦ
784 2391 990 2446 δικαίου
1014 2392 1111 2462 τὴν
1135 2391 1355 2462 ἀρετὴν,
1380 2391 1551 2462 πόσην
1583 2390 1720 2462 ὑπὲρ
1740 2390 1920 2460 γάμου
1939 2389 2072 2459 πρό-

485 2490 634 2527 νοιαν
671 2475 1001 2544 ὲποιὴσατος
1045 2475 1119 2528 Οὑ
1178 2473 1289 2545 γάρ
1326 2474 1390 2545 δὴ
1441 2473 1807 2544 μαστρωποὺς
1836 2471 2071 2536 καλέσας

486 2561 771 2627 γυναῖκας,
801 2558 1052 2629 καθάπερ
1080 2559 1130 2611 οἱ
1178 2557 1295 2623 νῦν,
1331 2559 1451 2611 οὐδὲ
1486 2556 1922 2628 προμνηστρίας,
1951 2555 2071 2609 οὐδὲ

486 2640 708 2711 γραῖδια
764 2640 1086 2710 μυθεύοντα,
1130 2640 1265 2693 άλλά
1324 2640 1416 2692 τὸν
1447 2640 1662 2710 οἰκέτην
1704 2638 1796 2691 τὸν
1832 2638 2026 2690 ἑαυτοῦ
2050 2678 2064 2701 ,

486 2721 660 2793 τούτῳ
681 2720 741 2774 τὸ
772 2723 1003 2792 πρᾶγμα
1041 2722 1364 2792 ἐνεχείρισεν
1385 2736 1401 2752 ⁸
1441 2721 1470 2774 δ
1499 2722 1592 2774 καὶ
1630 2721 1761 2774 αὐτὸ
1783 2720 1881 2790 τῆς
1907 2721 2069 2772 εὐλα-

488 2806 640 2867 ϐείας
693 2805 788 2858 τοῦ
842 2806 1178 2877 πατριάρχου
1245 2804 1498 2875 μέγιστόν
1562 2805 1680 2858 ἐστι
1709 2806 1952 2874 σημεῖον,
1990 2804 2072 2855 ὅτι

486 2889 728 2941 τοιοῦτον
774 2887 1145 2940 κατεσκεύασε
1175 2886 1265 2939 τὸν
1294 2886 1531 2957 οἰκέτην,
1569 2885 1645 2949 ὡς
1701 2888 1795 2939 καὶ
1832 2884 2073 2937 τοιούτου

488 2970 813 3039 πράγματος
845 2970 1064 3040 νομίσαι
1110 2969 1419 3033 ἀξιόπιστον
1456 2966 1596 3022 εἶναι
1648 2968 1913 3022 διάκονον.
1942 2964 2075 3021 Εἶτα

488 3056 722 3119 γυναῖκα
751 3053 923 3123 ζητεῖ,
955 3054 1056 3107 οὐκ
1080 3052 1333 3124 εὔπορον,
1376 3052 1496 3105 οὐδὲ
1528 3050 1826 3124 εὔμορφον,
1849 3051 1964 3105 ἀλλ’
1985 3052 2076 3105 εύ-

490 3135 623 3204 γενῆ
640 3138 752 3198 τοῖς
788 3134 1032 3205 τρόποις,
1067 3136 1161 3188 καὶ
1186 3135 1275 3187 διὰ
1308 3133 1464 3187 τοῦτο
1499 3132 1766 3204 τοσαύτην
1801 3133 1919 3187 ὁδὸν
1938 3134 2074 3186 ἀποο

490 3217 689 3287 δημίας
716 3215 1051 3284 προπέμπει.
1082 3217 1226 3286 Ὅρα
1270 3215 1329 3267 δὲ
1369 3215 1462 3267 καὶ
1496 3214 1589 3268 τοῦ
1626 3215 1839 3267 οἰκέτου
1867 3214 1965 3285 τὴν
1990 3216 2078 3267 εὐ-

490 3296 880 3368 γνωμοσύνην·
933 3296 1053 3348 οὐδὲ
1099 3298 1208 3367 γάρ
1253 3293 1397 3358 εἰπε,
1433 3296 1498 3350 Τί
1536 3314 1664 3350 ποτε
1704 3296 1859 3350 τοῦτό
1891 3299 2076 3364 ἑστιν;

492 3382 621 3452 ἔθνη
659 3380 897 3433 τοσαῦτα
946 3377 1174 3448 πλησίον
1201 3377 1351 3451 [220]
1376 3378 1553 3450 ἡμῶν,
1582 3379 1834 3451 εὐπόρων
1868 3381 2079 3453 ἀνδρῶν

491 3463 791 3533 Θυγατέρες
820 3460 1102 3527 τοσαῦται,
1149 3462 1436 3532 ἐπισήμων
1471 3463 1566 3515 καὶ
1611 3463 1925 3532 περιφανῶν
1950 3479 1963 3492 ·
2014 3465 2078 3517 οὐ

493 3549 550 3602 δὲ
574 3550 655 3611 εἰς
683 3546 901 3617 μακρὰν
950 3544 1093 3598 οὑτω
1129 3544 1375 3613 πέμπεις
1422 3545 1544 3615 γῆν,
1588 3545 1724 3617 πρὸς
1760 3545 2080 3615 ἀνθρώπους

492 3632 771 3696 ἀγνῶταςο
804 3629 910 3681 τίνι
953 3627 1302 3697 διαλέξομαις
1334 3627 1419 3690 τίς
1463 3646 1528 3698 με
1568 3630 1806 3695 εῖσεταις
1836 3628 1985 3694 τίδὲ,
2014 3628 2081 3682 ἂν

491 3715 642 3769 δόλον
675 3731 765 3784 μοι
790 3712 1057 3783 ῥάψωσιν,
1086 3712 1152 3764 ἂν
1169 3711 1389 3781 ἀπάτην
1409 3710 1751 3780 ἐργάσωνται
1772 3729 1786 3777 ;
1808 3711 1957 3764 οὐδὲν
1972 3711 2081 3783 γάρ

492 3795 665 3858 οὑτως
686 3795 1116 3866 εὐεπιχείρητον,
1160 3792 1235 3855 ὡς
1268 3791 1434 3856 ξένος.
1465 3792 1630 3845 Οὐδὲν
1664 3792 1870 3846 τούτων
1905 3789 2079 3857 εἶπεν,

490 3877 629 3933 ἀλλά
645 3877 816 3931 ταῦτα
846 3878 1062 3930 ἅπαντα
1094 3872 1357 3946 παριδὼν,
1393 3874 1421 3927 δ
1450 3874 1687 3945 μάλιστά
1716 3877 1862 3928 ἐστιν
1896 3876 2081 3929 ὑπιδέ-

495 3960 636 4026 σθαι,
661 3959 817 4013 τοῦτο
854 3957 1126 4023 ὑπείδετο,
1161 3955 1271 4009 ἀπὸ
1303 3956 1403 4026 μὲν
1451 3958 1546 4011 τοῦ
1577 3958 1743 4029 μηδὲν
1763 3959 1956 4029 ἐκείνῳ
1984 3959 2081 4011 άν-

493 4045 703 4097 τειπεῖν
730 4042 828 4112 τὴν
858 4039 1105 4109 ὑπακοὴν
1145 4038 1608 4107 ἐπιδεικνύμενος,
1641 4040 1749 4094 ἀπὸ
1784 4041 1841 4093 δὲ
1869 4041 1961 4093 τοῦ
1988 4042 2081 4111 μόι

493 4145 583 4180 νον
610 4127 785 4178 ἐκεῖνο
828 4122 1070 4193 ἐρέσθαι,
1093 4120 1122 4172 ὃ
1167 4120 1399 4189 μάλιστα
1439 4121 1653 4175 πάντων
1682 4121 1912 4193 ζητῆσαι
1951 4123 2077 4191 ἔδει,

491 4213 592 4283 τὴν
625 4211 840 4264 σύνεσιν
884 4209 983 4276 τὴν
1020 4207 1184 4262 αὐτοῦ
1220 4208 1313 4261 καὶ
1347 4206 1600 4278 πρόνοιαν
1640 4205 1832 4277 δηλῶν.
1863 4208 1927 4260 Τί
1964 4219 2081 4262 ποτ’

491 4290 587 4347 οὖν
613 4295 730 4344 ἐστι
765 4290 961 4355 τοῦτο;
1005 4289 1099 4342 καὶ
1125 4289 1180 4341 τί
1208 4292 1299 4341 τὸν
1334 4286 1599 4356 δεσπότην
1643 4288 1804 4358 ἡρετο
1837 4287 1927 4341 τὸν
1955 4289 2082 4341 ἐαυ-

368 4415 384 4424 .
494 4375 625 4438 τοῦς
671 4374 804 4426 Ἐὰν
834 4372 903 4426 δὲ
923 4370 1009 4442 μὴ
1043 4369 1350 4440 βουληθῇ,
1390 4369 1576 4439 φησὶν,
1616 4371 1654 4437 ἠ
1688 4370 1844 4438 γυνὴ
1867 4386 2080 4439 πορευο

492 4456 669 4524 θῆναι
698 4458 823 4525 μετ’
848 4454 1014 4523 ἐμοῦ,
1041 4453 1401 4521 ἀποστρέψαι
1420 4451 1527 4506 τὸν
1554 4454 1688 4506 υἰείν
1717 4468 1833 4505 σου
1863 4456 1949 4518 εἰς
1970 4453 2083 4521 τὴν

493 4538 634 4608 γῆν,
669 4539 807 4592 ὅθεν
822 4535 1114 4604 ἐξῆλθεςς
1148 4531 1326 4589 Εἶταὸ
1367 4534 1644 4603 ’Λϐραάμο
1678 4533 1773 4601 Μὴ
1801 4534 2083 4603 ἀποστρέ-

493 4626 655 4690 ψῃςει
677 4621 783 4674 τὸν
805 4621 939 4674 υίόν
956 4637 1074 4689 μου
1122 4618 1263 4673 ἐκεῖ.
1290 4619 1503 4686 Κύριος
1528 4621 1561 4671 ὁ
1602 4617 1740 4682 Θεὸς
1760 4618 1867 4671 τοῦ
1906 4620 2082 4686 οὐρα-

494 4704 604 4757 νοῦ
629 4703 724 4756 καί
754 4700 862 4769 τῆς
882 4700 1012 4771 γῆς,
1039 4700 1107 4765 ὃς
1135 4700 1314 4754 ἔλαϐέ
1334 4718 1411 4768 με
1437 4700 1505 4752 ἐκ
1530 4698 1636 4751 τοῦ
1649 4700 1817 4752 οἴκου
1844 4700 1949 4753 τοῦ
1974 4717 2084 4753 πα-

497 4788 633 4856 τρός
654 4803 794 4855 μου,
823 4786 921 4839 καί
950 4786 1018 4838 ἐκ
1046 4783 1157 4852 τῆς
1180 4783 1311 4854 τῆς,
1360 4780 1436 4853 ἧς
1468 4783 1822 4853 ἐγεννήθην,
1853 4782 1921 4846 ὃς
1941 4783 2080 4837 ἑλά-

492 4867 649 4938 .ἰησέ
669 4886 770 4938 μοι
796 4867 892 4922 καί
916 4866 1113 4935 ὤμοσέ
1139 4885 1242 4936 μοι
1261 4865 1475 4935 λέγων·
1510 4865 1611 4919 Σοί
1638 4864 1811 4919 δώσω
1837 4865 1951 4931 τὴν
1968 4862 2083 4934 γῆν

493 4954 722 5017 ταύτην
762 4950 857 5003 καί
898 4948 978 5013 τῷ
1031 4948 1327 5017 σπέρματί
1367 4966 1505 5012 σου,
1543 4947 1725 5013 αὐτὸς
1759 4947 2090 5002 ἀποστελεῖ

494 5035 602 5087 τόν
642 5034 901 5102 ἁγγελον
944 5032 1131 5086 αὐτοῦ
1180 5032 1521 5100 ἔμπροσθέν
1569 5046 1706 5094 σου,
1747 5031 1842 5084 καί
1883 5048 2084 5085 κατευ-

493 5115 707 5171 οόώσει
727 5115 842 5182 τὴν
865 5115 1009 5170 ὀδόν
1046 5129 1183 5169 σου.
1201 5116 1364 5186 Ὁρᾷς
1389 5115 1569 5169 πίστιν
1597 5114 1816 5185 ἀνδρός;
1838 5115 1911 5168 Οὐ
1944 5133 2082 5186 παρ-

493 5197 719 5253 εκάλεσε
750 5196 955 5265 φίλους,
985 5196 1018 5269 ἢ
1044 5200 1348 5266 συγγενεῖς,
1380 5198 1480 5251 οὐκ
1508 5197 1665 5252 ἄλλον
1697 5197 1910 5255 οὐδένα.
1945 5198 2082 5251 ἀλλά

492 5282 583 5336 τὸν
602 5282 733 5335 Θεὸν
747 5281 948 5336 ἔδωκεν
974 5281 1123 5353 αὐτῷ
1155 5282 1380 5354 μεσίτην
1406 5277 1497 5336 καὶ
1529 5281 1921 5351 συνοδοιπόρον.
1951 5276 2081 5334 Εἶτα

493 5365 816 5436 βουλόμενος
863 5365 1285 5437 παραθαρσῦναι
1338 5365 1429 5419 τὸν
1475 5365 1715 5437 οἰκέτην,
1763 5366 1861 5435 οὐχ
1897 5364 2083 5428 ἁπλῶς

492 5443 634 5512 511:5,
675 5447 878 5519 Κύριος
913 5450 942 5501 0
973 5448 1104 5512 Θεὸς
1138 5448 1231 5502 τοῦ
1271 5449 1501 5521 οὑρανοῦ
1548 5449 1642 5502 καὶ
1678 5450 1777 5519 τῆς
1800 5450 1923 5520 γῆς,
1948 5448 2084 5502 ἀλλὰ

495 5529 868 5600 προστίθησιν,
909 5532 1003 5593 Ὃς
1037 5530 1198 5603 ἔλαϐέ
1236 5549 1304 5603 με
1343 5535 1407 5586 ὲκ
1435 5532 1527 5586 τοῦ
1567 5532 1715 5585 οἴκου
1750 5532 1841 5585 τοῦ
1877 5533 2083 5600 πατρός

495 5627 618 5679 μου.
675 5600 1302 5686 Ἀναμνήσθητι,’φησὶ,
1366 5616 1483 5681 πῶς
1540 5614 1810 5687 τοσαύτην
1845 5614 2082 5688 ἡλθομεν

558 5721 585 5751 ⁸
606 5720 715 5770 Ι)οο
735 5732 851 5771 mss.
877 5722 1209 5787 ἀποστρέψεις.

1171 326 1229 383 S.
1270 320 1554 383 JOANNIS
1581 325 2072 383 CHRYSOSTOMI
2100 321 2420 381 ARCIIIEP.
2458 318 3020 378 CONS’I‘ANTINOP.

3617 303 3723 359 230

2153 415 2478 487 ἀποδημίαν,
2503 415 2617 479 πῶς
2636 416 2732 488 τὴν
2750 420 2956 473 οἰκείαν
2975 418 3201 488 ἀφέντες
3222 416 3315 470 ἐπὶ
3334 416 3431 488 τῆς
3451 417 3735 489 ἀλλοτρίας

2153 498 2394 560 πλείονος
2436 498 2822 570 ἀπελαύσαμεν
2871 501 3193 572 εὐημερίας,
3242 499 3357 563 πῶς
3390 500 3459 553 τά
3503 500 3735 555 ἀδύνατα

2153 580 2342 648 γέγονε
2361 579 2579 632 δυνατά.
2616 583 2691 635 Οὐ
2728 582 2886 635 τοῦτο
2929 583 2986 636 δὲ
3027 583 3185 653 μόνον
3217 582 3544 652 βουλόμενος
3571 583 3738 653 δηλῶ-

2156 679 2247 715 σαι
2284 661 2491 730 ἔλεγεν,
2527 664 2624 729 ’ος
2650 662 2829 717 ἔλαϐέ
2848 682 2925 733 με
2955 666 3022 718 ἐκ
3042 664 3151 718 τοῦ
3179 664 3353 718 οῖκου
3379 664 3487 717 τοῦ
3517 669 3739 733 πατρός

2150 762 2290 813 μου,
2318 743 2430 797 ἀλλ’
2454 744 2537 797 ὅτι
2554 746 2649 798 καὶ
2668 747 2951 816 ὀφειλέτην
2993 746 3107 816 ἔχει
3135 747 3227 799 τὸν
3248 746 3400 801 Θεόν.
3424 747 3737 817 Χρεώσιι-ης,

2157 828 2344 898 φησὶν,
2401 829 2533 898 ἡμῖν
2570 830 2716 882 ἐστιν
2738 844 2753 861 ⁸
2800 829 2960 893 αὐτὸς
3006 826 3149 890 εἷπε,
3192 829 3285 881 Σοὶ
3323 828 3483 881 δώσω
3513 829 3612 898 τὴν
3638 828 3742 899 γῆν

2158 908 2361 979 ταύτην
2400 910 2492 962 καὶ
2512 908 2592 980 τῷ
2635 911 2908 982 σπέρματί
2978 927 3089 964 σου.
3117 910 3280 963 Ὠστε
3336 911 3385 962 εἰ
3441 910 3538 962 καὶ
3583 912 3742 980 ἡμεῖς

2158 990 2389 1059 ἀνάξιοι,
2437 990 2524 1044 διὰ
2556 991 2686 1060 γοῦν
2726 994 2825 1065 τὴν
2866 993 3157 1063 ὑπόσχεσιν
3192 992 3351 1054 αὐτὸς
3379 992 3479 1060 τὴν
3531 991 3737 1047 ἑαυτοῦ.

2160 1075 2256 1127 καὶ
2284 1074 2371 1127 ἵνα
2425 1074 2596 1145 αὐτὴν
2637 1077 2718 1138 εἰς
2744 1077 2896 1140 τέλος
2928 1077 3130 1147 ἀγάγῃ,
3181 1074 3603 1145 συμπαρέσται,
3650 1077 3745 1127 καὶ

2162 1155 2478 1227 ὲξευμαριεῖ
2524 1157 2590 1209 τὰ
2637 1161 2971 1229 προκείμενα
3001 1160 3237 1224 ἅπαντα,
3268 1161 3362 1212 καὶ
3381 1159 3536 1222 τέλος
3556 1158 3744 1229 ὲπιθὴ-

2164 1257 2244 1294 σει
2283 1240 2471 1293 τούτου
2497 1234 2669 1312 οὗπερ
2694 1242 2984 1314 εὐχόμεθα.
3014 1241 3200 1296 Ταῦτα
3227 1242 3397 1295 εἰπὼν
3422 1241 3637 1312 ἔπεμψε
3652 1241 3742 1293 τὸν

2164 1324 2346 1377 παῖδα.

2233 1416 2367 1475 Εἶτα
2396 1421 2564 1474 ἐλθὼν
2598 1423 2805 1483 ἐκεῖνος
2837 1423 2915 1484 εἰς
2934 1422 3034 1489 τὴν
3051 1420 3232 1492 χώραν
3256 1419 3489 1488 ἐκείνην,
3510 1420 3570 1469 οὐ
3588 1434 3744 1488 προσ-

2163 1502 2294 1573 ῆλθέ
2322 1520 2428 1556 τινι
2459 1504 2565 1556 τῶν
2591 1504 2689 1574 τὴν
2728 1504 2882 1555 πόλιν
2930 1503 3241 1567 οἰκούντων,
3275 1504 3336 1555 οὐ
3377 1498 3625 1570 διελέχθη
3651 1501 3748 1554 ἀν-

2167 1583 2424 1656 θρώποις,
2451 1587 2550 1639 οὐκ
2601 1585 2825 1638 ἐκάλεσε
2875 1587 3137 1653 γυναῖκας
3157 1602 3170 1615 ·
3205 1584 3318 1637 ἀλλ’
3350 1585 3453 1654 ὅρα
3502 1583 3619 1645 πῶς
3652 1581 3748 1635 καὶ

2168 1667 2373 1730 ἐκεῖνος
2422 1668 2609 1730 πιστὸς
2641 1667 2737 1732 ὢν,
2790 1667 2881 1720 τὸν
2928 1667 3175 1737 μεσίτην,
3227 1667 3286 1718 δν
3336 1666 3546 1729 ἐλαϐεν,
3588 1664 3748 1716 αὐτὸν

2168 1753 2438 1819 κατεῖχεν,
2492 1749 2640 1820 αὑτῷ
2677 1750 2949 1817 διελέγετο
3004 1750 3170 1819 μόνῳ,
3214 1750 3309 1802 καὶ
3351 1748 3483 1811 στάς
3527 1747 3748 1816 ηὔξατο,

2169 1833 2321 1901 φησί,
2374 1833 2485 1885 Καὶ
2541 1830 2693 1895 εἶπε,
2737 1834 2915 1900 Κύριε
2954 1836 2987 1887 ὁ
3029 1832 3174 1897 Θεὸς
3221 1831 3326 1885 τοῦ
3380 1831 3589 1897 κυρίου
3629 1845 3750 1899 μου

2181 1913 2445 1982 Ἀϐραὰμ,
2503 1915 2808 1968 εὐόδωσον
2854 1915 3131 1968 ἐναντίον
3160 1931 3278 1983 μου
3319 1912 3619 1981 σήμερον·
3657 1911 3753 1965 καὶ

2167 1996 2268 2050 οὐκ
2297 1992 2440 2060 511:5,
2477 1996 2647 2068 Κύριε
2684 1998 2712 2050 0
2745 1996 2877 2060 Θεός
2919 2014 3041 2067 μου,
3070 1996 3205 2050 ἀλλὰ
3231 1997 3322 2061 τί;
3356 1995 3584 2064 Κύριεό
3608 1993 3754 2058 Θεὸς

2167 2078 2275 2133 τοῦ
2313 2079 2525 2147 κυρίου
2557 2096 2678 2147 μου
2730 2079 3003 2148 Ἀϐραάμ.
3051 2079 3113 2131 Εἰ
3143 2078 3237 2131 καὶ
3270 2077 3380 2145 ἐγὼ
3412 2076 3636 2145 εὐτελὴς
3657 2076 3755 2128 καὶ

2170 2161 2599 2231 ἀπερῤιμμένος,
2649 2163 2832 2232 φησὶν,
2865 2160 3002 2214 άλλά
3043 2160 3134 2213 τὸν
3164 2160 3429 2228 δεσπότην
3458 2156 3755 2229 119060110-

2173 2260 2272 2314 μαι
2300 2242 2390 2296 τὸν
2414 2244 2546 2311 ἐμόν
2575 2260 2589 2273 ’
2617 2244 2679 2296 οὐ
2704 2245 2814 2313 γάρ
2863 2243 3104 2314 ἐμαυτῷ,
3139 2242 3253 2295 ἀλλ’
3273 2243 3466 2311 ἐκείνῳ
3498 2239 3757 2295 διακονῶν

2169 2326 2315 2396 ἥκω·
2344 2325 2553 2379 ἐκείνου
2599 2324 2777 2379 τοίνυν
2807 2325 3071 2389 αἰδεσθεὶς
3103 2326 3203 2396 τὴν
3227 2324 3451 2395 ἀρετὴν,
3482 2323 3757 2392 συγκατά-

2171 2407 2379 2478 πραξόν
2415 2425 2505 2479 μοι
2530 2408 2589 2461 τὸ
2619 2408 2978 2478 προκείμενον
3010 2408 3177 2461 άπαν.

2243 2506 2317 2564 ς’.
2336 2495 2467 2552 E110
2490 2500 2576 2553 ἵνα
2601 2501 2675 2570 μὴ
2697 2500 2925 2572 νομίσῃς
2940 2501 3019 2553 ὅτι
3046 2499 3121 2562 ὡς
3141 2498 3298 2570 χρέος
3326 2496 3567 2560 ἀπαιτεῖ,
3597 2496 3758 2551 ἄκω-

2172 2598 2264 2634 σον
2311 2582 2404 2634 καὶ
2443 2581 2550 2633 τῶν
2585 2582 2745 2652 ἑξῆς·
2792 2583 2902 2635 Καὶ
2942 2582 3203 2648 ποίησον
3256 2578 3431 2645 ἔλεος
3456 2578 3607 2648 μετὰ
3648 2577 3756 2631 τοῦ

2172 2662 2381 2731 κυρίου
2419 2679 2537 2732 μου
2587 2663 2854 2733 Ἁϐραάμ.
2891 2663 3009 2716 Κᾶν
3042 2663 3211 2733 μυρία
3237 2657 3408 2732 ὦμεν,
3436 2662 3593 2731 φησὶ,
3623 2675 3760 2713 κατ-

2171 2743 2514 2813 ωρθωκότες,
2565 2744 2826 2817 ἀξιοῦμεν
2864 2747 3049 2817 χάριτι
3086 2746 3345 2815 σωθῆναι,
3377 2743 3474 2797 καὶ
3504 2743 3612 2797 ἀπὸ
3642 2742 3759 2811 φιλ-

2173 2825 2485 2897 ανθρωπίας
2512 2827 2670 2881 τοῦτο
2711 2827 2915 2892 λαϐεῖν,
2945 2828 3045 2881 οὐκ
3096 2828 3153 2893 ἐξ
3202 2827 3423 2897 όφειλῆς
3473 2842 3619 2887 τινος
3664 2823 3763 2878 καὶ

2170 2910 2386 2980 χρέους.
2417 2910 2481 2962 Τί
2513 2911 2694 2964 τοίνυν
2721 2910 2935 2980 βούλει·
2982 2910 3126 2964 Ἰδοὺ
3163 2910 3411 2978 ἕστηκα,
3452 2910 3638 2980 φησὶν,
3659 2908 3758 2961 ἐπι

2174 2992 2281 3061 τῆς
2305 2992 2504 3063 πηγῆς
2537 2994 2643 3047 τοῦ
2676 2995 2896 3060 ὕδατος
2915 3012 2929 3024 ·
2975 2998 3036 3048 αἰ
3064 2995 3134 3047 δὲ
3174 2994 3496 3064 θυγατέρες
3538 2992 3657 3047 τῶν
3685 2995 3763 3047 ol-

2175 3078 2446 3131 κούντων
2475 3079 2588 3144 τὴν
2610 3080 2790 3132 πόλιν
2820 3076 2967 3149 [221]
3002 3078 3424 3146 ἐκπορεύονται
3460 3074 3760 3143 ἀντλῆσαι

2175 3158 2331 3226 ὕδωρ
2351 3176 2369 3192 ο
2420 3160 2519 3212 καί
2562 3160 2734 3214 ἔσται
2784 3160 2823 3226 ἠ
2872 3159 3199 3226 παρθένος,
3243 3153 3283 3230 ᾖ
3308 3160 3386 3213 ἀν
3432 3158 3549 3229 ἐγὼ
3592 3159 3761 3219 almo,

2173 3241 2519 3298 Ἐπίκλινόν
2532 3260 2632 3313 μοι
2655 3244 2770 3311 τὴν
2796 3242 3007 3311 ὑδρίαν
3028 3259 3165 3304 σου,
3187 3243 3288 3296 ἵνα
3307 3243 3440 3306 πίω,
3468 3240 3568 3295 καί
3595 3243 3761 3310 statu.

2178 3326 2282 3379 Πίε
2318 3326 2416 3379 καί
2455 3327 2558 3391 σὺ,
2592 3318 2817 3389 καὶτὰς
2838 3324 3149 3393 καμήλους
3183 3339 3301 3378 σου
3332 3322 3663 3391 ποτιῶ,ἒως
3687 3322 3766 3378 ἀν

2179 3406 2524 3460 παύσωνται
2560 3404 2750 3463 πᾶσαι
2802 3410 3110 3474 πίνουσαι,
3158 3408 3385 3474 ταύτην
3431 3407 3769 3476 ἡτοίμασας

2178 3487 2259 3554 τῷ
2282 3487 2449 3540 παιδί
2488 3503 2603 3542 σου
2637 3490 2860 3550 Ἰσαὰκ,
2895 3489 2993 3543 καί
3022 3490 3092 3543 ἐν
3128 3491 3317 3556 τούτῳ
3348 3488 3647 3560 γνώσομαι
3673 3489 3767 3543 ὅτι

2177 3571 2471 3636 ἐποίησας
2496 3570 2668 3636 ἔλεος
2691 3571 2771 3636 τῷ
2819 3572 3003 3639 κυρίῳ
3024 3589 3145 3640 μου
3183 3572 3428 3640 Ἀϐραάμ
3497 3573 3638 3643 Ὅρα
3677 3589 3772 3626 σο-

2181 3652 2309 3721 φίαν
2327 3652 2560 3712 οἰκέτου,
2583 3644 2694 3705 οἷον
2712 3651 2891 3724 τίθησι
2913 3655 3154 3723 σημεῖον.
3172 3652 3286 3707 Οὐκ
3306 3650 3477 3719 εἶπεν,
3502 3653 3628 3708 Ἐάν
3643 3671 3770 3708 τινα.

2182 3735 2277 3788 ἴδω
2297 3735 2391 3787 ἐπὶ
2410 3734 2649 3805 ἡμιόνων
2672 3736 3001 3807 φερομένην,
3014 3736 3118 3788 ’ἐπὶ
3140 3735 3415 3806 ὀχήματος
3441 3737 3768 3809 ὀχουμένην,

2180 3818 2448 3887 εὐνούχων
2475 3816 2532 3869 δὲ
2556 3816 2723 3887 ἐσμὸν
2745 3817 3169 3889 ὲπισυρομένην.
3189 3817 3391 3889 πολλὴν
3420 3819 3647 3889 ἔχουσαν
3673 3818 3769 3872 θε-

2183 3901 2438 3973 ραπείαν,
2478 3898 2753 3971 εὑμορφον
2789 3900 2884 3954 καὶ
2913 3900 3342 3971 ἀπολάμπουσαν
3369 3902 3511 3956 κατά
3553 3902 3652 3974 τὴν
3670 3903 3772 3955 τοῦ

2183 3982 2433 4054 σώματος
2465 3982 2636 4053 ὥραν,
2663 3982 2867 4053 ταύτην
2881 3983 3181 4054 ἡτοίμασας
3198 3984 3278 4054 τῷ
3303 3985 3452 4038 παιδί
3475 4002 3569 4038 σου
3591 4000 3608 4016 ⁸
3629 3986 3773 4041 ἀλλά

2180 4066 2234 4118 τί
2253 4083 2267 4130 ;
2299 4060 2376 4136 ’ᾟ
2393 4066 2459 4118 ἂν
2490 4064 2601 4133 ἐγὼ
2613 4067 2771 4118 εῖπω·
2791 4066 3130 4120 Ἐπίκλινόν
3139 4083 3243 4136 μοι
3268 4065 3385 4135 τὴν
3404 4067 3772 4135 ὑδρίανσουι

2182 4150 2283 4201 ἵνα
2298 4148 2503 4201 πίω.Τί
2522 4151 2718 4210 ποιεῖς,
2736 4147 2993 4218 ἄνθρωπε
3015 4166 3031 4215 ;
3047 4147 3220 4212 οὑτως
3235 4149 3428 4220 εὐτελῆ
3444 4153 3676 4219 γυναῖκα
3691 4151 3776 4221 τῷ

2181 4229 2417 4302 δεσπότῃ
2440 4247 2534 4283 σου
2567 4230 2768 4300 ζητεῖς,
2799 4229 3222 4302 ὑδροφοροῦσαν,
3245 4230 3340 4284 καί
3373 4248 3455 4286 σοι
3481 4232 3771 4305 διαλεχθῆ-

2182 4330 2269 4365 ναι
2294 4312 2627 4382 δυναμένην;
2648 4313 2775 4377 Ναὶ,
2799 4312 2991 4384 φησιν’
3018 4314 3080 4366 οὑ
3119 4314 3231 4385 γάρ
3257 4314 3471 4386 ἔπεμψέ
3522 4333 3593 4387 με
3634 4333 3777 4389 χρη-

2187 4394 2370 4463 μάτων
2418 4395 2672 4464 εὐπορίαν
2693 4433 2708 4459 ,
2751 4394 2872 4448 οὐδὲ
2927 4396 3119 4464 γένους
3178 4396 3573 4468 λαμπρότητα,
3634 4399 3776 4454 ἀλλὰ

2181 4476 2358 4546 ψυχῆς
2383 4476 2661 4543 εὐγένειαν
2688 4477 3110 4549 ὲπιζητὴσοντα.
3150 4479 3349 4533 Πολλαὶ
3378 4481 3637 4547 πολλάκις
3662 4482 3776 4535 τῶν

2184 4560 2593 4631 ὑδροφορουσῶν
2616 4559 2820 4614 τούτων
2840 4561 3131 4634 ὀλόκληρον
3168 4563 3382 4634 ἔχουσιν
3414 4567 3639 4639 ἀρετὴν,
3672 4566 3775 4622 ἀλ-

2101 4684 2110 4700 .
2183 4642 2272 4695 λαι
2298 4642 2355 4696 δὲ
2397 4645 2454 4696 ὲν
2481 4643 2651 4706 οῖκοις
2699 4644 2973 4715 λαμπροῖς
3027 4645 3356 4716 καθήμεναι,
3401 4649 3622 4703 πάντων
3664 4649 3777 4703 εἰσὶ

2184 4724 2399 4795 χείρους
2450 4727 2543 4779 καὶ
2580 4726 2928 4798 φαυλότεραι.
2966 4725 3097 4782 E110
3143 4730 3240 4782 καὶ
3272 4730 3437 4785 πόθεν
3478 4732 3661 4793 τοῦτο.
3688 4735 3776 4788 ὅτι

2184 4808 2434 4887 ἐνάρετός
2459 4811 2606 4862 ἐστιν
2633 4813 2666 4879 ἡ
2709 4812 2883 4881 γονης
2931 4810 3063 4864 Ἀπὸ
3088 4810 3181 4865 τοῦ
3211 4814 3460 4884 σημείου,
3492 4817 3680 4887 φησὶν,
3705 4812 3779 4872 οὗ

2184 4885 2325 4944 511:5.
2364 4892 2475 4945 Καὶ
2504 4895 2655 4945 ποῖον
2697 4892 2857 4946 τοῦτο
2888 4893 2949 4947 τὸ
2979 4897 3202 4964 σημεῖον
3228 4895 3429 4967 ἀρετῆς
3454 4913 3469 4961 ;
3497 4885 3780 4966 Μέγιστον

2183 4975 2276 5028 καὶ
2298 4975 2799 5046 ἀναμφισϐήτητον.
2829 4977 3136 5043 Φιλοξενίας
3172 4977 3282 5050 γάρ
3311 4979 3472 5033 τοῦτο
3502 4979 3647 5050 μέγά
3677 4998 3782 5053 ση-

2187 5058 2336 5129 μεῖόν
2368 5057 2535 5121 ἐστιν,
2598 5058 2739 5113 ὥστε
2799 5062 2978 5113 πᾶσαν
3010 5063 3315 5131 παρασχεῖν
3366 5063 3666 5131 ἀπόδειξιν.
3702 5068 3777 5117 Ὅ

2182 5139 2359 5192 τοίνυν
2412 5139 2559 5208 λέγει
2606 5141 2846 5195 τοιοῦτόν
2878 5143 3045 5205 ἐστιν,
3084 5145 3132 5196 εἰ
3159 5144 3253 5197 καὶ
3292 5144 3367 5216 μὴ
3400 5145 3573 5198 ταῦτα
3601 5145 3779 5217 φθέγο

2183 5239 2339 5291 γεται
2364 5223 2431 5276 τὰ
2465 5226 2685 5294 ῥήματα
2705 5240 2719 5254 ⁸
2752 5225 2997 5298 Ἐκείνην
3021 5226 3167 5300 ζητῶ
3190 5227 3288 5300 τὴν
3333 5227 3623 5298 παρθένον,
3652 5229 3780 5299 ἥτις

2184 5303 2327 5358 οὑτω
2359 5305 2631 5374 φιλόξενός
2674 5309 2842 5372 ἐστιν,
2868 5307 2943 5370 ώς
2975 5310 3154 5362 πᾶσαν
3193 5313 3495 5380 παρασχεῖν
3515 5312 3574 5365 ὲν
3600 5307 3682 5375 οἷς
3706 5313 3781 5365 ἂν

2182 5387 2404 5457 δύνηται
2442 5388 2759 5458 θεραπείαν.
2815 5391 2924 5442 Καὶ
2967 5392 3065 5460 οὐχ
3131 5392 3318 5456 ἅπλῶς
3351 5393 3510 5446 τοῦτο
3550 5395 3736 5466 ἐζήτει
3761 5403 3780 5419 ⁵

2184 5470 2300 5523 ἀλλ’
2332 5471 2520 5542 ἐπειδὴ
2542 5472 2795 5542 τοιαύτης
2820 5474 2998 5537 οἰκίας
3021 5471 3108 5545 ἡν,
3139 5476 3198 5527 ἐν
3315 5476 3551 5546 μάλιστα
3585 5476 3654 5532 τά
3675 5478 3780 5548 τῆς

2187 5553 2490 5621 φιλοξενίας
2523 5554 2675 5624 ἤνθει
2709 5555 3127 5628 κατορθώματα,
3160 5560 3317 5613 τοῦτο
3341 5562 3447 5631 πρὸ
3470 5560 3579 5613 τῶν
3599 5561 3780 5619 ἀλλων

2185 5636 2467 5707 ἐζήτησεν,
2519 5639 2821 5709 όμότροπον
2850 5644 2962 5707 τοῖς
2998 5644 3192 5697 ἑαυτοῦ
3240 5644 3531 5708 δεσπόταις
3564 5646 3775 5701 λαϐεῖν.

2189 5717 2282 5782 Εἰς
2302 5720 2478 5775 οἰκίαν
2511 5722 2681 5794 αὐτὴν
2708 5724 2993 5798 μέλλομεν,
3026 5728 3190 5798 φησὶν
3230 5730 3571 5798 εἰσαγαγεῖν,
3603 5728 3778 5795 ξένοις
