4058 6258
304 356 394 387 δτι-τ

289 365 399 411 ’255

281 471 392 524 litia
425 485 439 535 ;
469 477 526 524 at
549 483 669 540 qua:
698 467 860 522 animi
892 465 1092 536 pollent
1118 465 1512 535 pulchritudine
1533 507 1548 530 ,
1573 481 1678 535 quo
1703 465 1870 534 magis

285 561 548 631 temporis
593 575 844 631 processu
893 559 1300 630 generositatem
1346 573 1495 611 suam
1536 556 1868 626 approbant.

285 661 439 707 tanto
475 651 673 706 acriori
703 649 915 705 flamma
946 658 1106 704 urunt
1136 650 1448 704 maritorum
1498 663 1730 717 peetora.
1762 649 1871 701 Hoc

282 753 442 812 pacto
474 742 560 796 ubi
591 741 792 796 fervida
834 750 888 796 et
917 755 1168 810 germana
1214 740 1507 794 innascitur
1551 739 1872 794 benevolen-

280 836 377 896 tia,
409 849 570 888 omne
593 832 762 902 stupri
791 847 961 902 genus
985 832 1214 894 exsulat,
1241 840 1295 885 et
1320 832 1398 886 sic
1421 830 1619 884 amanti
1649 845 1866 883 uxorem

280 939 352 978 ne
395 925 450 978 in
495 933 729 978 mentem
759 922 973 991 quidem
1002 923 1145 976 venit
1171 921 1414 991 voluptas
1455 922 1554 974 nisi
1601 921 1867 989 legitima,

282 1013 592 1068 immanenti
624 1013 895 1067 amoribus
925 1013 1187 1082 propriis,
1229 1021 1281 1066 et
1315 1027 1406 1080 per
1437 1011 1736 1079 pudicitiam
1777 1025 1864 1062 ea-

281 1106 450 1172 ptanti
495 1104 732 1159 favorem
763 1105 993 1158 caelestis
1033 1105 1302 1169 numinis,
1335 1103 1485 1172 cujus
1527 1103 1776 1172 auspiciis
1815 1114 1870 1158 et

283 1195 654 1251 benevolentia
685 1197 826 1251 inter
849 1197 1102 1266 conjuges
1132 1196 1199 1250 sit
1229 1204 1504 1264 perpetua,
1540 1205 1593 1249 et
1622 1195 1736 1264 ejus
1767 1211 1869 1264 ope

277 1289 684 1344 administretur
710 1304 796 1342 res
825 1288 1138 1342 domestica.
1165 1287 1255 1342 Sic
1281 1302 1479 1341 uxores
1518 1286 1618 1340 sibi
1662 1303 1869 1356 quau-e-

277 1381 404 1434 haut
450 1381 608 1450 prisci
643 1380 715 1434 illi
743 1381 938 1435 virtute
969 1379 1209 1442 nobiles,
1243 1379 1554 1448 przeclaram
1595 1377 1756 1432 animi
1790 1378 1867 1431 in-

276 1471 457 1524 tlolem
501 1471 552 1524 in
596 1471 675 1524 eis
714 1478 1054 1539 spectantes,
1108 1484 1212 1523 non
1259 1469 1598 1537 pecuniarum
1636 1469 1864 1535 c0piam,

277 1561 422 1630 quod
457 1561 525 1614 ita
553 1575 674 1615 esse
707 1569 766 1613 ut
793 1560 900 1614 dixi
935 1575 1040 1614 uno
1068 1560 1313 1628 exemplo
1340 1559 1676 1614 indicabitur.
1705 1560 1866 1612 Abra-

277 1653 462 1706 hamus
477 1652 593 1721 jam
619 1652 788 1705 senior
817 1660 1159 1720 provectteque
1181 1650 1344 1703 astatis
1369 1650 1497 1702 dixit
1520 1665 1662 1702 servo
1683 1650 1868 1719 majori

274 1743 461 1796 domus
483 1759 608 1808 sum,
631 1744 718 1812 qui
739 1752 951 1812 praeerat
973 1743 1081 1812 ejus
1101 1741 1332 1795 onmibus
1356 1741 1696 1812 facultatibus,
1730 1741 1868 1794 I’one

275 1849 486 1886 manum
532 1843 671 1886 tuam
706 1833 874 1886 subter
912 1837 1078 1903 femur
1121 1849 1322 1894 meum,
1351 1843 1404 1885 ut
1431 1833 1660 1900 adiurem
1700 1843 1747 1886 te
1777 1851 1869 1903 per

277 1923 556 1976 Dominum
580 1920 745 1976 Deum
767 1923 878 1976 εωΙὶ
905 1932 951 1976 et
983 1933 1129 1976 term
1147 1963 1163 1988 ,
1197 1932 1252 1975 ut
1281 1939 1379 1976 non
1410 1923 1632 1990 accipias
1659 1939 1866 1976 uxorem

278 2017 394 2084 ﬁlio
433 2031 544 2068 meo
583 2013 734 2068 Isaac
776 2017 839 2069 de
867 2016 1070 2083 ﬁliabus
1097 2015 1502 2068 Chanana’orum
1526 2056 1541 2080 ,
1573 2015 1704 2068 inter
1743 2032 1865 2084 quos

275 2107 471 2173 habito,
493 2107 581 2160 sed
599 2107 666 2159 ad
686 2116 868 2159 terram
884 2122 1045 2160 meam
1063 2105 1146 2158 ubi
1162 2115 1308 2159 natus
1323 2122 1452 2167 sum,
1469 2114 1514 2159 et
1528 2105 1596 2158 ad
1609 2108 1866 2175 cognatio-

273 2213 391 2250 nem
419 2213 581 2249 nteant
603 2197 959 2266 proﬁciscaris,
981 2205 1026 2249 et
1052 2196 1168 2248 inde
1188 2212 1395 2249 uxorem
1410 2196 1518 2263 [ilio
1542 2211 1652 2249 meo
1685 2194 1866 2262 capias

275 2289 295 2357 (
324 2287 453 2342 Gen.
479 2287 571 2341 24.
606 2289 703 2342 1-4
724 2286 768 2358 ).
798 2287 985 2341 Viden‘
1007 2287 1135 2356 justi
1166 2286 1322 2356 hujus
1351 2286 1600 2340 virtutem
1623 2327 1637 2352 ,
1669 2296 1865 2355 quanta

273 2393 405 2432 cura
453 2377 652 2447 nuptiis
697 2378 1062 2447 prospexerit?
1087 2377 1204 2431 Non
1233 2378 1376 2432 enim
1407 2377 1646 2431 adhibuit
1675 2377 1866 2446 perdu-

271 2467 474 2522 etriees
506 2468 850 2522 mulierculas
871 2510 884 2532 ,
913 2477 968 2522 ut
999 2484 1137 2522 nttnc
1168 2467 1254 2533 fit,
1287 2483 1460 2538 neque
1483 2467 1750 2536 pronubas
1774 2477 1864 2522 aut

271 2579 410 2615 anus
440 2563 706 2634 garrulas,
735 2561 831 2620 sed
868 2561 1074 2617 mutulo
1101 2577 1200 2621 suo
1229 2561 1500 2616 commisit
1552 2560 1652 2614 hoc
1697 2576 1861 2630 nego-

273 2664 410 2715 tium
436 2680 449 2716 :
475 2661 616 2731 quod
642 2677 815 2730 ipsum
839 2676 1090 2732 magnum
1124 2661 1336 2731 pietatis
1363 2654 1678 2730 patriarcha!
1706 2673 1866 2730 argu-

271 2763 516 2806 mentum
545 2762 662 2816 est,
691 2753 831 2822 quod
875 2762 982 2807 tam
1029 2752 1166 2807 bene
1197 2751 1424 2806 instituit
1467 2751 1720 2806 famulum
1748 2791 1762 2812 ,
1807 2761 1864 2806 ut

271 2847 468 2914 dignus
495 2845 667 2910 fieret,
691 2845 776 2900 cui
797 2845 1107 2900 crederetur
1131 2845 1238 2899 tale
1263 2844 1635 2899 ministerium.
1664 2843 1863 2898 Deinde

273 2938 554 2992 mulierem
592 2939 782 3006 qua-rit
813 2953 917 2991 non
952 2939 1240 2991 formosam
1272 2946 1364 2990 aut
1391 2935 1630 3000 divitem,
1655 2935 1745 2988 sed
1773 2950 1864 3005 ge-

274 3030 485 3084 nerosis
527 3029 768 3084 moribus
799 3029 1070 3098 praeditam
1105 3047 1117 3080 :
1151 3039 1204 3083 et
1234 3028 1334 3083 hac
1371 3028 1438 3082 de
1480 3042 1637 3081 causa
1686 3028 1860 3080 homi-

273 3135 400 3175 nem
443 3119 595 3189 jubet
638 3130 746 3174 tam
793 3120 1133 3190 longinquam
1179 3118 1657 3188 peregrinationem
1695 3117 1864 3171 susei-

275 3225 424 3280 pere.
451 3209 605 3264 Nnnc
623 3210 989 3280 contemplare
1013 3219 1070 3265 et
1093 3209 1272 3262 famuli
1301 3219 1530 3262 mentem
1557 3209 1857 3277 egregiam:

273 3317 384 3354 non
411 3301 556 3356 enim
595 3300 766 3354 dixit:
797 3301 933 3366 Quid
977 3299 1082 3354 hoc
1111 3301 1184 3354 rei
1217 3301 1338 3352 est?
1372 3307 1447 3351 tot
1475 3309 1602 3352 sunt
1641 3298 1860 3368 prOpin-

273 3408 397 3463 qua:
439 3402 662 3462 gentes,
715 3402 791 3445 tot
834 3393 884 3445 in
926 3391 1003 3445 eis
1040 3391 1160 3444 filia:
1191 3389 1444 3444 nobilium
1474 3399 1528 3444 et
1557 3389 1856 3454 illustrium,

273 3483 542 3552 simulque
570 3482 936 3552 prmdivitum;
966 3492 1020 3533 et
1048 3494 1100 3534 tu
1133 3495 1222 3535 me
1253 3480 1418 3534 mittis
1450 3481 1500 3532 in
1531 3489 1726 3534 terram
1757 3488 1860 3532 tam

276 3576 435 3642 longe
463 3572 724 3635 dissitam,
759 3573 823 3626 ad
847 3573 1059 3642 ignotos
1086 3571 1330 3625 homines
1357 3589 1368 3624 ε
1392 3586 1550 3639 quem
1583 3570 1690 3624 illic
1711 3585 1860 3623 com-

277 3663 524 3732 pellabo?
559 3662 678 3731 quis
727 3677 812 3715 me
861 3660 1153 3730 agnoscet?
1192 3659 1318 3730 quid
1369 3659 1412 3713 si
1467 3659 1683 3712 insidias
1732 3659 1860 3713 mihi

275 3755 533 3811 struant?
560 3753 683 3823 quid
712 3753 757 3806 si
783 3760 1041 3806 conentur
1083 3751 1365 3820 decipere?
1406 3749 1533 3803 nihil
1580 3749 1720 3803 enim
1762 3749 1861 3802 ho-

275 3849 419 3918 Spite
445 3848 614 3915 magis
655 3845 867 3914 injuriis
895 3844 1215 3914 expositum.
1246 3843 1386 3896 Nihil
1423 3843 1526 3896 tale
1569 3842 1701 3896 dixit
1729 3859 1742 3895 :
1768 3842 1862 3896 sed

278 3941 457 3994 missis
480 3937 672 3991 talibus
691 3934 1120 4005 cogitationibus,
1146 3933 1286 4003 quod
1307 3933 1538 3987 maxime
1557 3941 1862 4001 suspectum

276 4045 400 4083 esse
423 4037 651 4097 poterat,
683 4027 981 4096 suSpicatus
1010 4034 1114 4092 est,
1143 4026 1259 4080 sine
1286 4025 1708 4079 contradictione
1731 4023 1863 4078 obe-

277 4121 470 4183 dieus,
524 4119 828 4172 necessaria
884 4129 1059 4172 tamen
1120 4118 1535 4186 interrogatione
1586 4115 1865 4170 declarans

276 4228 430 4266 suam
479 4209 832 4278 prudentiam.
859 4209 995 4274 Quid
1037 4209 1194 4279 igitur
1230 4217 1312 4262 est
1350 4207 1489 4277 quod
1523 4207 1866 4276 interrogavit

278 4301 595 4356 dominum?
623 4299 684 4356 Si
724 4299 942 4354 noluerit
961 4340 976 4365 ,
1006 4299 1208 4369 inquit,
1237 4299 1418 4353 mulier
1443 4299 1610 4352 venire
1633 4314 1862 4363 mecum,

279 4395 529 4464 numquid
566 4393 803 4447 reducere
838 4393 991 4448 debeo
1030 4393 1196 4462 ﬁlium
1233 4401 1374 4445 tuum
1420 4391 1488 4444 ad
1526 4391 1777 4461 regionem
1805 4405 1869 4443 ea:

277 4503 378 4554 qua
407 4501 635 4555 egressus
659 4501 712 4539 es
741 4483 893 4551 (Gen.
918 4484 1006 4537 24.
1039 4483 1143 4554 5)?
1172 4482 1466 4552 Respondit
1493 4480 1864 4535 Ahrahamus:

281 4577 413 4630 flave
456 4575 720 4645 nequando
760 4576 972 4628 reducas
1014 4575 1178 4643 ﬁlium
1216 4589 1382 4626 meum
1424 4571 1566 4625 illuc.
1617 4571 1868 4624 Daminus

279 4668 424 4721 Deus
453 4669 563 4721 cwli
593 4678 638 4720 et
667 4676 834 4730 teme,
862 4667 948 4736 qui
971 4666 1086 4719 tulit
1115 4681 1194 4718 me
1222 4665 1285 4717 de
1313 4664 1464 4716 domo
1495 4662 1652 4731 patris
1676 4662 1793 4726 mei,
1823 4671 1868 4714 et

281 4760 346 4811 de
375 4771 511 4812 terra
541 4757 816 4811 nativitatis
846 4772 990 4818 mete,
1019 4756 1102 4824 qui
1129 4756 1368 4825 loquutus
1395 4762 1464 4807 est
1493 4752 1619 4804 mihi
1647 4761 1692 4805 et
1712 4753 1868 4820 jura-

282 4851 385 4914 rit,
421 4849 593 4902 dicens
611 4890 624 4911 ,
655 4847 769 4901 Tibi
798 4849 927 4901 dabo
957 4857 1139 4899 terram
1167 4847 1298 4898 hanc
1332 4855 1378 4898 et
1405 4845 1580 4897 semini
1609 4853 1694 4896 tuo
1714 4883 1728 4906 ,
1761 4844 1870 4912 ipse

283 4940 449 4992 mittet
469 4939 705 5009 angelum
726 4955 874 4992 suum
899 4955 1070 4991 coram
1096 4951 1161 5001 te,
1185 4937 1271 5006 qui
1295 4936 1388 4988 iter
1413 4945 1553 4988 tuum
1575 4951 1870 5006 prosperum

285 5031 440 5099 faciet
468 5027 573 5096 (Ib.
605 5043 652 5081 υ.
682 5029 736 5083 6.
770 5028 850 5098 7).
883 5027 1067 5083 Viden‘
1095 5027 1192 5080 viri
1225 5026 1425 5080 fidem?
1453 5024 1567 5078 Non
1597 5025 1873 5080 advocavit

284 5121 528 5183 amicos,
566 5129 657 5174 ant
694 5129 987 5191 cognatos,
1034 5134 1138 5173 non
1177 5119 1337 5172 alium
1381 5132 1735 5188 quemquam,
1778 5116 1869 5170 sed

287 5211 459 5264 Deum
503 5211 742 5280 adjunxit
780 5211 830 5266 ei
873 5221 1209 5280 sequestrum
1253 5217 1307 5264 et
1351 5211 1643 5264 comitem:
1675 5217 1729 5262 et
1768 5223 1874 5278 quo

285 5300 458 5369 magis
486 5302 723 5354 animum
754 5301 972 5355 adderet
994 5298 1211 5364 famulo,
1242 5314 1345 5352 non
1374 5299 1684 5368 simpliciter
1703 5297 1870 5354 dixit:

285 5391 542 5444 Dominus
572 5390 711 5445 Deus
739 5393 848 5445 cazli
877 5401 922 5445 et
951 5402 1096 5444 terra!
1118 5406 1136 5442 :
1160 5389 1253 5444 sed
1281 5389 1574 5458 subjttnxit.
1605 5389 1705 5456 Qui
1731 5405 1872 5444 sum-

286 5484 386 5549 psit
416 5499 495 5536 me
521 5483 710 5536 edomo
733 5486 891 5552 patris
922 5484 1034 5536 mei.
1057 5481 1378 5543 Recordare,
1395 5481 1585 5549 inquit,
1608 5481 1876 5549 quomodo

287 5582 492 5626 tantam
527 5575 1006 5642 peregrinationem
1031 5573 1379 5642 suscepimus,
1401 5571 1669 5640 quomodo
1689 5571 1876 5624 relicto

285 5664 409 5717 solo
440 5665 614 5733 patrio
644 5665 902 5733 majorem
930 5665 1068 5734 apud
1103 5674 1316 5718 exteros
1339 5662 1644 5718 felicitatem
1671 5660 1876 5715 iuveni-

287 5772 410 5811 mus
441 5775 453 5810 :
487 5759 756 5826 quomodo
803 5774 922 5828 qua:
966 5757 1310 5829 impossibilia
1358 5757 1693 5822 videbantur,
1741 5754 1876 5808 facta

1327 350 1602 418 QUALES
1643 350 1988 406 ϋυΟΕΝυτΕ
2027 353 2178 409 SINT
2221 355 2514 413 UXORES.
2556 359 2645 414 Ill.

3463 377 3565 432 ’ἐπί

1981 478 2099 521 sunt
2125 470 2419 536 possibilia.
2443 471 2550 528 Nec
2574 473 2676 528 hoc
2701 475 2874 530 Solum
2903 477 2958 532 in
2979 489 3211 537 mentem
3234 484 3282 538 ei
3309 501 3566 545 revocans

1978 556 2130 623 dixit,
2180 557 2279 625 Qui
2313 564 2525 631 sumpsit
2551 580 2629 618 me
2666 580 2696 616 e
2737 565 2885 620 domo
2921 571 3080 638 patris
3107 573 3237 641 mei,
3266 577 3360 632 sed
3403 581 3564 634 etiam

1977 648 2118 716 quod
2158 649 2453 706 debitorem
2501 654 2666 708 Deum
2710 657 2922 713 habeat.
2967 659 3230 733 Obligavit
3271 681 3332 722 se
3375 671 3567 735 nobis,

1979 738 2180 808 inquit;
2214 740 2327 811 ipse
2359 743 2622 810 pollicitus
2649 756 2728 800 est
2763 756 2957 804 terram
2990 751 3125 807 hanc
3154 756 3285 811 mihi
3316 774 3376 814 se
3404 761 3562 815 datu-

1978 845 2092 931 rum
2123 843 2176 886 et
2207 849 2330 888 meo
2381 837 2592 890 semini.
2623 839 2960 910 QuaprOpter
2986 847 3196 902 etiamsi
3227 866 3326 906 nos
3366 854 3566 926 indigni

1977 929 2164 988 simus,
2196 933 2342 979 certe
2374 941 2441 980 ne
2475 929 2758 994 promissio
2787 932 2874 985 fiat
2900 933 3068 1001 irrita,
3102 940 3255 994 nobis
3279 943 3477 1010 aderit,
3511 959 3566 1002 et

1976 1025 2166 1068 cuncta
2212 1032 2330 1086 qua:
2371 1018 2760 1076 destinavimus
2807 1026 2995 1081 reddet
3034 1028 3236 1097 facilia,
3265 1043 3318 1088 et
3342 1037 3406 1091 ad
3431 1040 3563 1095 clleo

1975 1111 2155 1244 lctum,
2203 1108 2412 1175 qualem
2466 1119 2746 1179 Optamus,
2794 1116 3064 1184 perducet.
3099 1121 3188 1175 llis
3225 1125 3381 1180 dictis
3421 1131 3562 1186 misit

1994 1194 2251 1244 amulum.

1994 1194 2251 1248 amulum.

2058 1282 2267 1339 Famuli
2318 1287 2536 1344 Abrahte
2595 1292 2842 1347 laudatio.
2918 1296 3256 1368 llospitalitas
3318 1307 3559 1364 bonorum

1972 1393 2143 1430 causa.
2168 1410 2238 1420 -—
2265 1381 2360 1437 llle
2389 1385 2474 1437 ubi
2508 1390 2751 1454 pervenit
2787 1391 2944 1457 illuc,
2983 1410 3087 1448 non
3117 1398 3243 1452 adiit
3285 1402 3449 1456 ullum
3494 1421 3559 1459 ex

1972 1467 2197 1532 civibus,
2227 1488 2332 1525 non
2359 1473 2663 1543 alloqnutus
2684 1490 2762 1532 est
2794 1480 3058 1548 homines,
3085 1503 3189 1540 non
3216 1494 3560 1560 compellavit

1973 1557 2220 1613 mulieres
2253 1579 2267 1615 :
2295 1563 2389 1616 sed
2424 1564 2544 1618 vide
2573 1581 2730 1634 quam
2761 1569 2897 1624 bona
2927 1573 3052 1637 fide,
3084 1592 3240 1644 quem
3277 1557 3561 1653 acceperat

1971 1659 2341 1717 sequestrum,
2385 1655 2637 1720 retinnit,
2671 1669 2866 1724 praeter
2902 1678 3023 1715 eum
3060 1667 3346 1734 appellavit
3385 1675 3559 1727 nemi-

1973 1754 2126 1806 nem;
2160 1749 2215 1794 et
2243 1752 2390 1796 stans
2419 1747 2612 1809 oravit,
2640 1746 2705 1800 Et
2734 1751 2825 1816 ait,
2851 1750 3061 1807 Domine
3084 1756 3224 1811 Deus
3252 1761 3444 1816 domini
3464 1767 3560 1818 mei

1973 1830 2251 1924 fibra-hami
2277 1873 2292 1895 ,
2324 1835 2392 1887 sis
2422 1837 2546 1889 mihi
2573 1837 2723 1891 hodie
2761 1857 2981 1908 prazsens
3009 1862 3069 1898 ac
3109 1851 3355 1918 propitius
3388 1852 3555 1924 (Gen.

1971 1917 2060 2012 24.
2099 1921 2184 1990 l2)
2217 1939 2360 2012 :nec
2386 1924 2559 1990 dixit,
2609 1927 2829 1984 Domine
2876 1932 3013 1987 Deus
3055 1917 3241 1992 meus;
3267 1941 3361 1995 sed
3391 1917 3558 2012 quid?

1975 2008 2190 2064 Domine
2217 2011 2352 2067 Deus
2377 2015 2568 2069 domini
2595 2019 2688 2070 mei
2714 2020 3006 2076 Abrahumi.
3041 2025 3262 2083 Etiamsi
3290 2046 3390 2100 ego
3408 2008 3560 2103 abje-

1971 2109 2090 2155 ctus
2115 2102 2238 2166 sim,
2271 2105 2459 2174 inquit,
2491 2119 2540 2162 et
2578 2108 2791 2165 humilis
2817 2154 2831 2177 ,
2861 2125 3007 2168 certe
3036 2115 3223 2172 herum
3254 2137 3430 2176 meum
3462 2102 3558 2194 pro

1971 2206 2057 2244 me
2104 2194 2313 2262 allego:
2345 2212 2449 2250 non
2495 2201 2636 2252 enim
2691 2201 2859 2266 mihi,
2908 2205 3000 2259 sed
3045 2207 3119 2260 illi
3165 2210 3558 2270 tninistraturus

1971 2283 2074 2338 huc
2103 2288 2220 2340 veni
2252 2305 2264 2338 :
2300 2288 2439 2344 illius
2472 2291 2631 2360 igitur
2663 2294 2871 2350 virtutis
2899 2311 3144 2368 respectu
3166 2312 3388 2360 conatus
3409 2323 3559 2364 meos

1971 2374 2053 2442 atlj
2063 2391 2180 2429 uva.

2040 2470 2092 2522 6.
2127 2468 2329 2526 Deinde
2365 2487 2433 2526 ne
2475 2483 2627 2542 putes
2657 2490 2777 2529 eum
2817 2485 3083 2548 tamquam
3120 2480 3358 2538 debitum
3400 2501 3558 2556 repe-

1971 2567 2104 2620 tcre,
2137 2560 2258 2612 audi
2289 2577 2406 2630 qua:
2431 2574 2726 2633 sequuntur
2759 2583 2771 2618 :
2805 2567 2869 2619 Et
2900 2572 2983 2637 [ac
3009 2571 3405 2627 misericordiam
3442 2593 3559 2630 cum

1970 2649 2172 2702 domino
2201 2667 2308 2703 meo
2339 2652 2591 2707 Abraham
2613 2654 2632 2726 (
2651 2654 2779 2709 Gen.
2805 2657 2893 2711 24.
2919 2657 3038 2728 i2).
3067 2659 3289 2716 Etiamsi
3330 2665 3557 2734 plurima

1967 2755 2272 2812 exstarent,
2304 2745 2501 2817 inquit,
2532 2755 2718 2800 nostra
2749 2750 2939 2804 merita
2961 2791 2975 2812 ,
3005 2769 3252 2823 rogamus
3293 2766 3468 2814 tamen
3499 2777 3555 2821 ιη

1970 2847 2054 2892 tua
2085 2854 2184 2893 nos
2213 2855 2397 2896 serves
2422 2843 2612 2911 gratia,
2647 2853 2812 2898 totum
2844 2857 2897 2900 ut
2924 2846 3247 2906 beneficium
3277 2861 3552 2920 acceptum

1972 2928 2226 2995 ferentes,
2260 2947 2363 2985 non
2394 2942 2450 2985 ut
2479 2933 2740 2987 debitum.
2767 2937 2828 2990 Et
2852 2939 2976 3007 quid
3008 2942 3101 2996 tibi
3128 2947 3404 3012 pastulas?
3431 2944 3560 2999 Ecce

1969 3037 2060 3090 ego
2093 3032 2188 3084 sto,
2225 3023 2424 3091 inquit,
2449 3042 2607 3094 prope
2639 3027 2828 3095 famtem
2857 3045 3034 3098 aqum,
3069 3042 3114 3084 et
3143 3034 3268 3100 [ilius
3303 3039 3556 3094 habitato-

1967 3130 2081 3166 rum
2108 3116 2320 3168 ciritatis
2345 3116 2662 3185 egrediuntur
2697 3119 2766 3170 ad
2805 3119 3134 3177 hauriendam
3161 3143 3364 3195 aquam.
3381 3128 3556 3198 Igitur

1968 3205 2136 3274 puella
2158 3207 2236 3258 cui
2267 3207 2440 3260 dixero
2466 3223 2484 3260 :
2506 3207 2682 3261 Prwbe
2702 3211 2934 3279 hydriam
2952 3224 3089 3266 tuam
3112 3225 3166 3268 ut
3188 3217 3374 3285 bibam,
3397 3230 3444 3273 et
3467 3223 3557 3274 illa

1965 3299 2298 3367 responderit,
2329 3299 2472 3365 Bibe,
2494 3301 2612 3368 quin
2633 3311 2680 3354 et
2701 3303 2902 3355 camelis
2923 3305 3021 3358 tuis
3041 3304 3170 3360 dabo
3196 3319 3368 3378 potum
3393 3327 3411 3364 .'
3439 3312 3554 3380 ipsa

1965 3399 2037 3441 est
2061 3405 2210 3457 quant
2233 3391 2532 3460 prteparasti
2557 3407 2697 3444 serva
2721 3402 2806 3445 tuo
2830 3391 2982 3448 Isaac
3000 3436 3014 3459 ,
3044 3406 3090 3450 et
3118 3416 3206 3467 per
3235 3400 3330 3452 hoc
3363 3418 3553 3472 cogno-

1965 3495 2122 3540 scam,
2141 3480 2277 3547 quod
2297 3481 2469 3550 feceris
2491 3481 2884 3536 misericordium
2901 3501 3018 3538 cum
3034 3487 3154 3540 hero
3174 3505 3282 3541 meo
3299 3491 3554 3546 Abraham

1971 3569 2122 3640 (Gen.
2143 3570 2231 3623 24.
2259 3572 2340 3626 I5.
2367 3569 2615 3640 M).Vide
2633 3572 2943 3641 sapientiam
2961 3575 3161 3642 famuli,
3177 3557 3332 3647 quale
3347 3582 3555 3650 signum

1969 3671 2148 3730 ponat.
2172 3660 2286 3714 Non
2307 3660 2460 3724 dixit,
2482 3661 2536 3715 Si
2559 3678 2716 3731 quam
2741 3665 2922 3719 videro
2943 3667 3103 3722 mulis
3137 3682 3456 3738 carpentove
3475 3673 3555 3728 in-

1969 3753 2110 3818 vehi,
2133 3755 2606 3822 eunuchormnque
2634 3769 2823 3823 agmen
2851 3765 2970 3824 post
2997 3771 3056 3812 se
3085 3759 3329 3829 trahere,
3362 3773 3416 3818 et
3457 3781 3558 3818 nu-

1969 3861 2234 3899 merosum
2268 3845 2599 3908 famulitium,
2628 3847 2853 3914 puellam
2883 3856 3038 3902 aetate
3059 3863 3121 3903 ac
3142 3849 3310 3904 forma
3341 3853 3552 3921 florida,

1968 3953 2084 3991 eam
2105 3939 2410 4007 prmparasti
2426 3947 2516 3992 tuo
2534 3937 2756 4002 famulo;
2771 3939 2862 3992 sed
2881 3940 3038 4009 quid?
3055 3941 3147 3995 Cui
3160 3944 3337 3996 dixero
3356 3945 3560 4002 :Prwbe

1969 4030 2205 4100 hydriant
2230 4040 2386 4096 tuam,
2419 4041 2471 4083 ut
2497 4031 2679 4084 bibant.
2709 4031 2846 4097 Quid
2872 4033 3002 4101 agis,
3035 4033 3172 4089 boue
3197 4036 3318 4089 vir?
3340 4038 3560 4094 Adeone

1968 4120 2126 4174 vilem
2156 4119 2287 4174 hero
2317 4131 2405 4173 tuo
2433 4123 2628 4190 quaeris
2658 4122 2936 4193 conjugem
2959 4165 2974 4189 ,
3019 4135 3267 4194 aquatum
3308 4129 3522 4184 missam
3541 4172 3556 4192 ,

1971 4219 2026 4264 et
2051 4227 2168 4280 qua:
2197 4221 2250 4265 te
2278 4211 2474 4280 alloqui
2507 4212 2711 4281 potest?
2739 4213 2934 4280 Etiam,
2967 4214 3169 4284 inquit:
3193 4218 3387 4272 missus
3415 4220 3563 4276 enim

1969 4315 2086 4354 smn
2115 4316 2218 4354 non
2247 4301 2586 4368 pecuniosam
2611 4312 2703 4356 aut
2730 4302 2996 4369 nobilem,
3026 4305 3118 4359 sed
3146 4306 3382 4363 moribus
3413 4309 3561 4379 inge-

1971 4391 2090 4445 nuis
2136 4391 2407 4459 prreditam
2452 4407 2712 4458 qttazrere.
2767 4393 2941 4447 Multa:
2981 4409 3123 4463 saepe
3165 4412 3230 4450 ex
3276 4398 3392 4452 istis
3438 4415 3560 4470 qua:

1970 4491 2220 4550 aquatum
2251 4481 2529 4534 mittuntur
2551 4523 2567 4546 ,
2620 4483 2670 4535 iu
2710 4483 2938 4538 solidum
2967 4485 3216 4540 virtutem
3246 4489 3557 4556 possident:

1972 4572 2091 4624 alia:
2119 4579 2300 4623 contra
2335 4571 2387 4624 in
2420 4571 2712 4641 magnificis
2737 4571 3043 4628 desidentes
3068 4576 3292 4644 uadibus,
3321 4579 3556 4648 ignavis-

1975 4662 2127 4714 sima:
2149 4670 2272 4714 sunt
2297 4671 2351 4714 et
2375 4661 2698 4715 deterrimae.
2727 4663 2792 4716 Et
2814 4663 2901 4731 qui
2931 4665 3038 4718 scis
3061 4665 3198 4720 hanc
3220 4682 3340 4723 esse
3367 4671 3562 4727 virtute

1980 4750 2292 4820 przeditam?
2320 4751 2362 4804 E
2387 4751 2573 4820 signo,
2607 4751 2776 4819 inquit
2801 4791 2814 4814 ,
2841 4753 2981 4821 quod
3013 4754 3140 4808 dixi.
3171 4755 3239 4810 Et
3276 4759 3432 4827 quale
3458 4759 3562 4817 hoc

1977 4843 2184 4895 virtutis
2215 4843 2419 4912 signum
2451 4843 2568 4896 est?
2615 4842 2970 4898 lndubitatum
3010 4855 3065 4898 et
3108 4850 3418 4904 maximum.
3464 4853 3560 4908 Est

1976 4936 2116 4988 enim
2149 4934 2526 5003 hospitalitatis
2565 4935 2772 5003 signum
2803 4937 3179 4992 certissimum.
3226 4941 3315 4995 Sic
3357 4942 3555 5012 igitur,

1977 5027 2076 5080 etsi
2110 5041 2214 5080 non
2245 5025 2445 5079 eisdem
2476 5025 2652 5078 verbis
2671 5065 2687 5090 ,
2719 5025 2948 5096 loquitur
2973 5044 2986 5079 :
3013 5027 3158 5082 Illam
3189 5046 3370 5098 quzero
3399 5033 3562 5102 virgi-

1980 5133 2138 5183 nem,
2180 5132 2299 5185 qua:
2327 5125 2431 5170 tam
2475 5115 2752 5184 hospitalis
2778 5124 2898 5181 est,
2937 5126 2996 5170 ut
3039 5118 3276 5184 nullum,
3307 5131 3564 5190 quantum

1983 5215 2174 5276 potest,
2210 5217 2418 5261 recuset
2447 5207 2821 5261 ministerium.
2855 5206 3018 5276 quue
3049 5224 3152 5262 non
3186 5219 3388 5266 temere
3414 5228 3564 5281 qua:-

1983 5300 2070 5360 rit,
2100 5297 2193 5351 sed
2221 5297 2342 5368 quia
2369 5298 2420 5351 in
2451 5297 2529 5352 eis
2560 5296 2732 5351 fuerat
2752 5297 3007 5352 educatus
3029 5298 3265 5366 adibus,
3295 5300 3348 5354 in
3371 5301 3565 5371 quibus

1983 5391 2213 5444 maxime
2263 5390 2536 5444 colebatur
2587 5389 3112 5460 hospitalitaszante
3155 5392 3332 5445 omnia
3387 5407 3566 5448 mores

1983 5483 2173 5550 qua-rit
2197 5482 2445 5536 berorum
2467 5497 2682 5554 suorum
2707 5482 2944 5535 moribus
2964 5483 3289 5548 consimiles,
3313 5483 3568 5538 ducturus

1984 5588 2233 5642 sponsam
2267 5573 2318 5626 in
2349 5573 2490 5626 mdes
2515 5582 2760 5643 patentes
2789 5573 3106 5642 hospitibus.
3146 5572 3234 5628 Sic
3274 5589 3400 5644 ergo
3425 5574 3570 5644 cogi-

1988 5663 2132 5717 tabat
2163 5679 2175 5715 :
2204 5678 2272 5716 ne
2299 5677 2400 5732 qua
2441 5663 2554 5716 rixa
2580 5662 2781 5715 oriatur
2811 5662 2949 5716 inter
2975 5661 3141 5732 ipsam
3169 5670 3223 5717 et
3246 5664 3562 5734 conjugcm,

1985 5754 2110 5809 dum
2142 5754 2366 5810 maritus
2385 5767 2480 5808 sua
2511 5751 2737 5824 benigne
2760 5753 3136 5821 communicat,
3166 5753 3218 5809 in
3243 5753 3346 5810 hoc
3363 5768 3392 5807 a
3415 5762 3565 5824 patro
