4058 6258
504 329 614 385 235

478 424 611 503 ἰιοιι
640 443 875 515 degener
898 483 913 507 ,
942 450 998 496 et
1026 439 1263 508 hospites
1290 439 1429 494 ultro
1453 439 1713 503 invitatis;
1754 437 1870 493 hac
1896 444 2083 491 contra

503 555 614 609 pro:
645 537 803 590 nimia
832 531 1154 602 parcimonia
1181 530 1232 585 id
1259 539 1424 597 vetat,
1452 539 1508 585 et
1537 546 1641 584 non
1666 529 1909 593 sustinet,
1944 537 2000 581 ut
2029 527 2087 580 lit

504 632 557 684 in
589 629 856 699 plerisque
883 624 1160 686 domibus;
1199 623 1310 692 jam
1356 637 1497 678 nunc
1524 622 1752 692 experiri
1780 621 1900 676 volo
1927 637 2086 691 quam

505 719 782 790 hospitalis
840 718 909 772 sit
950 734 966 774 :
1004 713 1432 785 quandoquidem
1489 712 1832 781 ltoSpitalitati
1871 726 2084 766 omnem

503 822 737 867 nostram
792 807 1094 862 felicitatem
1150 803 1430 859 debemus.
1486 803 1588 858 Per
1640 802 1778 857 hanc
1831 815 2086 871 sponsum

503 902 674 971 ipsum
705 899 866 953 herus
901 902 1263 964 consequutus
1290 904 1373 948 est
1395 935 1409 959 ,
1456 909 1552 963 per
1582 893 1719 946 hanc
1745 901 1894 963 pater
1920 891 2088 946 factus

501 1000 618 1056 est,
650 990 871 1043 vitulum
903 988 1185 1052 mactavit,
1232 996 1287 1040 et
1313 984 1520 1053 accepit
1563 984 1818 1049 liliuluttt,
1862 982 2085 1037 farinam

502 1080 834 1136 fermentavit
855 1120 870 1145 ,
902 1088 956 1132 et
984 1084 1177 1148 quanta
1205 1074 1478 1130 stellarum
1510 1082 1592 1128 est
1615 1114 1628 1137 ,
1665 1082 1864 1128 tantam
1908 1073 2089 1127 multi-

501 1172 736 1227 tudinem
768 1178 1017 1239 nepotum
1062 1167 1111 1220 ei
1147 1167 1284 1219 Dens
1312 1175 1393 1218 εει
1425 1163 1712 1232 pollicitus.
1744 1163 1966 1229 Quando
1993 1164 2088 1233 igi-

502 1275 589 1320 tur
614 1264 740 1318 hinc
765 1262 942 1316 omnia
969 1260 1106 1314 bona
1135 1257 1457 1312 inﬂuxerant
1479 1255 1530 1309 itt
1553 1265 1791 1309 nostram
1811 1255 2084 1322 familiam,

504 1356 640 1409 hanc
674 1355 924 1407 virtutem
966 1348 1180 1419 requiro
1222 1356 1347 1402 ante
1384 1346 1583 1399 omnia.
1632 1345 1749 1400 Non
1794 1345 1897 1401 hoc
1943 1345 2085 1400 enim
2114 1345 2155 1360 ’⁸⁸

500 1443 937 1505 consideremus,
985 1438 1123 1507 quod
1164 1437 1323 1490 homo
1352 1452 1542 1505 aquam
1576 1436 1960 1505 postulaverit,
1993 1434 2086 1490 sed

501 1533 643 1604 quod
682 1530 968 1586 admodum
998 1527 1274 1597 hospitalis
1303 1526 1372 1580 sit
1400 1526 1598 1591 animi,
1634 1541 1737 1579 non
1760 1525 1932 1580 solum
1958 1525 2088 1579 dare

499 1624 641 1695 quod
666 1623 893 1692 petitur,
930 1619 1024 1674 sed
1056 1619 1192 1671 ultro
1225 1617 1418 1671 offerre
1451 1616 1698 1685 amplius.
1746 1615 1816 1669 Et
1856 1616 2039 1670 accidit
2061 1655 2077 1681 ,

501 1714 706 1784 inquit,
751 1722 803 1765 ut
832 1711 1124 1781 priusquam
1152 1709 1195 1761 is
1221 1708 1372 1775 ﬁnem
1398 1706 1637 1774 loquendi
1663 1706 1877 1776 faceret,
1909 1707 2084 1777 prodi-

498 1814 574 1858 ret
614 1801 837 1858 Rebecca
877 1816 942 1853 ex
985 1797 1172 1869 Oppido
1209 1795 1378 1867 (Gen.
1408 1796 1497 1849 24.
1529 1796 1595 1849 15
1620 1794 1659 1865 ).
1702 1794 2085 1864 Prophetarum

500 1895 628 1951 illud
653 1894 740 1949 hic
769 1892 1040 1961 impletum
1061 1899 1144 1944 est
1167 1906 1179 1942 :
1204 1887 1383 1941 Adhuc
1408 1888 1640 1955 loquente
1662 1896 1710 1940 te
1735 1886 1922 1951 dicam,
1956 1885 2088 1940 Ecce

500 1989 679 2041 adsum
725 1982 878 2054 (Hes.
917 1982 1009 2037 58.
1059 1978 1136 2054 9).
1183 1978 1344 2035 Tales
1390 1989 1513 2032 sunt
1560 1978 1821 2032 bonorum
1868 1991 2083 2047 preces:

504 2088 630 2133 ante
658 2075 816 2130 linem
840 2087 1021 2129 earum
1053 2071 1292 2126 sentiunt
1317 2069 1568 2123 annuisse
1586 2068 1750 2121 Deum
1777 2067 2083 2136 prepitium.

502 2174 640 2242 Ergo
670 2181 723 2225 ιιι
767 2183 975 2241 quoque
1012 2181 1232 2220 uxorem
1276 2163 1532 2217 ducturus
1574 2177 1679 2215 non
1719 2158 1992 2229 confugias
2018 2158 2086 2213 ad

501 2246 763 2327 homines,
793 2269 884 2314 aut
898 2258 962 2312 ad
987 2256 1236 2311 mulieres
1252 2261 1513 2322 quaestum
1537 2251 1793 2306 facientes
1815 2266 1879 2306 ex
1900 2251 2087 2305 alienis

500 2352 836 2417 infortuniis,
889 2357 945 2404 et
990 2347 1124 2403 nihil
1168 2344 1311 2401 aliud
1350 2353 1651 2415 quarentes
1678 2357 1835 2411 quam
1868 2352 1922 2396 ut
1957 2341 2086 2411 ipsae

500 2459 677 2514 opera:
706 2436 1021 2496 mercedem
1068 2435 1436 2508 capiantzsed
1476 2436 1542 2488 ad
1587 2435 1752 2489 Deum
1795 2431 2080 2504 confugite.

499 2532 616 2588 Non
644 2529 947 2601 gravabitur
987 2543 1109 2583 esse
1150 2536 1272 2581 tuus
1312 2524 1604 2596 pronubas.
1646 2522 1816 2593 Ipsius
1843 2531 1928 2578 est
1955 2537 2086 2593 pro-

497 2625 682 2680 missio
707 2641 720 2677 :
748 2621 967 2691 Qnterite
1006 2635 1217 2690 regnum
1254 2617 1512 2682 calorum,
1551 2624 1599 2669 et
1624 2615 1732 2669 [nec
1755 2615 1926 2668 omnia
1946 2614 2086 2685 adji-

498 2715 690 2768 cientur
711 2711 846 2767 vobis
872 2709 1079 2781 (Matth.
1108 2708 1162 2762 6.
1184 2707 1295 2777 55).
1319 2705 1399 2761 Ne
1420 2704 1592 2771 dicas,
1619 2703 1888 2775 quomodo
1914 2703 2080 2758 Deum

496 2805 681 2860 videre
730 2799 984 2873 possunt?
1030 2798 1118 2868 qni
1162 2811 1375 2867 possum
1419 2793 1617 2849 habere
1655 2808 1776 2848 cum
1818 2807 1885 2848 eo
1910 2792 2082 2848 collo-

496 2894 679 2967 quium
705 2934 721 2960 ,
761 2903 816 2947 et
856 2892 1184 2959 interrogare
1212 2886 1493 2942 cominus?
1523 2884 1754 2940 lnlidelis
1783 2884 1899 2939 haec
1923 2884 2083 2939 verba

498 2994 623 3041 sunt
665 2984 880 3038 animat.
910 2980 1094 3035 Potest
1117 2977 1261 3033 enim
1290 2977 1428 3032 Deus
1456 2986 1513 3032 et
1553 2976 1751 3046 absque
1773 2990 1903 3029 voce
1926 2974 2083 3045 quid-

497 3077 623 3149 quid
643 3076 757 3130 vult
776 3091 807 3129 e
829 3072 1056 3143 vestigio
1074 3069 1521 3140 conficere:un
1545 3068 1634 3125 hic
1651 3083 1862 3140 quoque
1885 3067 2081 3122 factum

500 3176 602 3222 est.
632 3166 762 3220 Nam
788 3174 843 3218 et
868 3165 969 3218 iste
995 3176 1094 3217 nec
1123 3176 1312 3214 vocem
1338 3161 1497 3213 ullam
1523 3159 1751 3223 audivit,
1793 3174 1893 3213 nec
1921 3158 2083 3212 visio-

498 3273 622 3312 nem
652 3255 802 3318 vidit,
829 3254 922 3308 sed
946 3252 1013 3306 ad
1036 3252 1233 3306 fontem
1256 3258 1404 3305 stans
1423 3264 1487 3305 ae
1505 3260 1770 3319 precatus,
1801 3251 2082 3305 confestim

497 3346 610 3402 voti
640 3358 864 3413 compos
893 3341 1061 3396 factus
1088 3348 1191 3395 est.
1219 3338 1451 3403 Accidit,
1477 3338 1672 3408 inquit,
1702 3349 1757 3392 ut
1791 3340 2080 3409 priusquam

501 3437 653 3505 ﬁnem
683 3432 921 3504 loquendi
954 3431 1159 3501 faceret,
1193 3429 1417 3484 Rebecca
1454 3430 1677 3499 prodiret
1701 3439 1901 3501 gestans
1920 3447 2081 3500 aqua-

497 3530 599 3583 lem
616 3528 670 3581 in
691 3523 933 3588 humeris,
958 3523 1067 3593 ﬁlia
1092 3519 1353 3575 Bathuelis
1372 3536 1400 3575 e
1421 3519 1623 3574 Melclta
1651 3522 1915 3592 progeniti,
1943 3521 2082 3592 virgo

497 3619 646 3674 valde
680 3619 923 3688 formosa,
961 3615 1101 3685 virgo
1137 3624 1185 3668 et
1221 3614 1327 3667 viro
1365 3613 1623 3683 incognita
1692 3611 1843 3684 (Gen.
1866 3613 1958 3668 24.
1990 3614 2078 3669 15.

500 3709 612 3780 16).
642 3706 779 3776 Quid
820 3704 946 3761 mihi
987 3719 1173 3759 narras
1201 3702 1645 3774 pulchritudinem
1685 3703 1968 3773 corporis?
2014 3702 2082 3758 Ut

497 3801 674 3856 discas
699 3798 959 3867 insignem
985 3795 1100 3866 ejus
1128 3794 1454 3865 pudicitiam,
1489 3803 1547 3848 ut
1565 3795 1737 3849 discas
1763 3794 1926 3849 animi
1958 3795 2079 3864 pul-

496 3887 889 3967 chritudinem‘
910 3885 1257 3955 Suspicienda
1297 3899 1525 3954 namque
1556 3898 1645 3938 res
1671 3896 1751 3939 est
1782 3885 1892 3953 ipsa
1924 3884 2080 3954 pudi-

496 3981 620 4036 citia
644 4021 661 4045 ,
701 3977 797 4034 sed
841 3976 1011 4046 magis
1037 3975 1196 4030 etiam
1229 3974 1274 4028 si
1302 3973 1587 4042 conjuncta
1625 3974 1842 4028 sitcum
1872 3975 2081 4044 egregia

505 4073 704 4143 specie.
752 4070 890 4125 Hinc
927 4075 1012 4123 est
1049 4065 1190 4136 quod
1228 4065 1295 4118 de
1336 4064 1533 4133 .losejh
1580 4063 1732 4118 nobis
1776 4075 2081 4120 narraturus

504 4166 725 4233 ejusque
755 4157 1105 4229 temperantia
1126 4197 1142 4223 ,
1195 4154 1448 4225 prmfatus
1482 4164 1565 4209 est
1607 4154 1674 4209 de
1714 4155 1855 4209 illius
1890 4156 2080 4210 eximia

502 4251 892 4325 pulchritudine
911 4247 1172 4317 corporis,
1194 4246 1379 4301 dicens
1404 4245 1696 4299 formosum
1718 4245 1901 4311 fuisse,
1924 4260 2050 4314 aspe
2064 4275 2078 4286 -

500 4355 696 4415 ctuque
724 4350 929 4415 gratum
959 4350 1015 4396 et
1053 4339 1106 4394 in
1156 4340 1272 4409 ipso
1297 4337 1428 4393 ﬂore
1453 4335 1892 4407 pulchritudinis,
1922 4348 2081 4406 atque

504 4442 573 4494 ita
613 4439 827 4495 demum
865 4434 1138 4506 subiunxit
1165 4434 1231 4488 de
1252 4432 1462 4502 juvenis
1487 4431 1855 4501 temperantia,
1882 4430 2081 4486 ducens

501 4532 641 4603 quod
676 4531 862 4587 formas
899 4530 1093 4586 decore
1127 4542 1233 4582 non
1278 4527 1347 4581 sit
1383 4541 1511 4580 usus
1536 4526 1601 4580 ad
1631 4525 1899 4581 lasciviam
1926 4526 2077 4597 (Gen.

502 4625 588 4680 59.
633 4621 712 4695 6).
745 4621 1163 4691 Haudquaquam
1204 4618 1347 4672 enim
1378 4615 1715 4686 pulchritudo
1743 4616 2081 4671 seortationis

502 4729 662 4770 causa
694 4726 906 4781 semper
934 4719 1049 4776 est,
1079 4709 1216 4763 sicut
1259 4722 1359 4762 nec
1382 4704 1690 4762 deformitas
1717 4706 2076 4760 continentiae.

501 4804 677 4861 Multae
693 4802 834 4858 enim
854 4801 1089 4856 illustres
1106 4798 1295 4869 insigni
1313 4797 1494 4868 specie
1508 4798 1747 4866 corporis
1765 4797 2079 4852 illustriores

500 4899 653 4953 facta:
697 4906 818 4951 sunt
850 4909 956 4964 per
999 4891 1304 4962 pudicitiam
1338 4907 1352 4942 :
1384 4888 1503 4943 alite
1550 4888 1683 4943 facie
1732 4899 1913 4958 turpes
1963 4898 2078 4943 tur-

501 4991 705 5058 piorem
766 4985 997 5038 animam
1055 4980 1252 5050 stupris
1302 4979 1711 5034 sordidavernnt
1767 4979 2077 5033 innumeris.

502 5076 795 5144 Utrohiqne
822 5087 980 5127 causa
1011 5080 1095 5127 est
1134 5068 1464 5139 propositum
1506 5067 1704 5134 animi,
1750 5083 1855 5121 non
1893 5077 2077 5122 natura

496 5169 760 5238 corporis.

567 5262 619 5315 7.
635 5258 739 5315 Cur
760 5256 836 5314 bis
863 5255 1079 5327 appellet
1101 5252 1339 5322 virginem
1353 5249 1647 5305 Rebeccam.
1664 5280 1734 5290 —
1748 5251 1856 5306 Nec
1880 5261 2079 5306 temere

494 5367 613 5406 eam
648 5350 728 5404 bis
755 5346 988 5417 appellat
1030 5343 1312 5412 virginem.
1352 5340 1486 5394 Cum
1518 5341 1658 5394 enim
1682 5339 1790 5409 jam
1821 5339 2075 5404 dixisset,

507 5440 660 5510 Virgo
697 5447 840 5501 erat,
891 5433 1200 5503 snbjnnxit:
1233 5430 1388 5502 Virgo
1416 5439 1558 5494 erat,
1600 5443 1644 5485 et
1670 5432 1777 5484 viro
1802 5432 2076 5501 incognita.

495 5529 757 5598 Quoniam
801 5527 940 5583 enim
982 5525 1159 5578 multa:
1198 5523 1430 5592 virgines
1475 5535 1669 5590 corpus
1716 5521 2077 5590 incorruptnnt

496 5629 807 5683 servantes,
854 5617 1083 5671 animam
1130 5615 1326 5668 habent
1379 5613 1586 5683 plenam
1640 5613 2074 5681 intemperantia,

494 5716 743 5784 tutisque
777 5707 986 5762 turbam
1019 5713 1314 5759 amatorum
1345 5703 1644 5770 attrahunt,
1688 5715 1742 5759 et
1780 5703 2079 5758 inescantcs

1253 323 1309 379 S.
1349 320 1626 379 JOANNIS
1661 318 2133 377 CIIRYSOSTOMI
2174 320 2490 378 ARCHIEP.
2530 322 3061 381 (IONS'I'ANTINOP.

3672 334 3781 391 136

2198 437 2383 491 oculos
2402 438 2655 508 juvenntn
2686 441 2739 495 in
2770 440 2991 497 insidias
3025 458 3119 497 eos
3146 445 3383 510 trahunt,
3414 457 3573 515 atque
3598 451 3664 504 ad
3692 454 3781 505 ba-

2195 528 2373 581 rathra
2418 528 2723 597 pelliciunt,
2777 531 3067 588 ostendens
3108 534 3284 590 Moses
3327 538 3469 608 quod
3518 541 3636 595 haec
3676 557 3782 597 non

2195 620 2335 686 talis,
2364 620 2460 675 sed
2487 629 2593 675 tam
2619 622 2800 677 animo
2827 639 2986 693 quam
3007 638 3233 695 corpore
3256 628 3403 698 virgo
3424 629 3607 699 fuerit,
3629 632 3779 698 dixit,

2204 707 2358 781 Virgo
2384 721 2510 776 erat,
2545 721 2590 764 et
2620 712 2725 765 viro
2758 712 3033 784 incognita.
3067 715 3300 771 Tametsi
3333 720 3527 775 multas
3559 721 3786 776 habebat

2194 802 2504 857 occasiones
2525 843 2541 869 ,
2592 819 2688 873 per
2716 819 2847 874 quas
2875 821 2904 859 a
2933 808 3061 861 viris
3085 821 3496 879 cognosceretur
3518 831 3533 867 :
3558 816 3781 884 primum

2193 893 2436 962 corporis
2477 894 2956 962 pulchritudinem;
2992 896 3189 953 deinde
3220 901 3436 955 modum
3468 904 3782 970 ministerii,

2194 998 2300 1051 quo
2331 983 2568 1053 perfungi
2599 993 2682 1039 est
2700 986 2877 1041 solita.
2910 985 2964 1042 Si
2992 988 3135 1043 enim
3158 989 3210 1043 in
3234 989 3469 1046 thalamo
3492 994 3785 1050 desedisset

2193 1083 2483 1142 perpetuo,
2516 1075 2652 1129 sicut
2683 1078 2850 1131 nostri
2884 1079 3139 1148 temporis
3166 1080 3431 1150 virgines,
3477 1100 3579 1139 nec
3609 1084 3779 1140 forum

2194 1164 2445 1228 adiisset,
2494 1181 2592 1220 nec
2625 1166 2823 1222 exisset
2869 1176 3142 1237 paternam
3184 1171 3435 1238 domum,
3468 1176 3611 1228 nulla
3642 1189 3784 1230 esset

2195 1254 2343 1319 laus,
2385 1254 2431 1308 si
2457 1255 2727 1310 diceretur
2767 1258 2882 1312 viro
2923 1259 3206 1330 incognita.
3237 1262 3371 1316 Cum
3401 1272 3580 1319 autem
3604 1267 3786 1321 videas

2195 1357 2313 1397 eam
2346 1343 2517 1398 forum
2557 1355 2771 1413 petere,
2799 1349 3142 1419 quotidieque
3167 1351 3284 1421 cogi
3310 1363 3561 1422 aquatum
3594 1355 3671 1409 ire
3695 1371 3784 1410 se-

2196 1432 2327 1498 mel,
2359 1432 2440 1488 bis
2464 1442 2557 1489 aut
2582 1437 2805 1504 saepius,
2841 1447 2999 1508 atque
3039 1440 3109 1493 ita
3153 1457 3371 1496 manere
3399 1444 3515 1499 viro
3545 1445 3784 1515 incogni-

2196 1532 2300 1577 tam
2322 1564 2337 1590 ,
2385 1539 2448 1579 ea
2477 1540 2606 1579 vero
2635 1526 2751 1582 laus
2789 1537 2872 1582 est
2901 1544 3008 1584 non
3039 1532 3278 1586 minima.
3308 1533 3441 1587 Cum
3474 1537 3619 1590 enim
3652 1553 3786 1591 nono

2192 1628 2479 1683 numquam
2506 1617 2744 1682 accidat,
2790 1630 2845 1673 ut
2888 1636 3011 1673 raro
3050 1622 3217 1676 fortun
3251 1634 3436 1693 petens
3464 1627 3635 1697 Virgo,
3681 1644 3781 1683 nec

2192 1704 2425 1761 formosa
2450 1749 2465 1773 ,
2498 1717 2552 1761 et
2576 1710 2826 1764 comitata
2855 1712 3064 1767 ancillis
3090 1714 3309 1784 aliquot,
3341 1718 3550 1771 amittat
3577 1735 3782 1774 tuorum

2191 1796 2475 1864 puritatem
2504 1799 2556 1852 in
2584 1799 2847 1868 ejusmodi
2865 1804 3266 1873 evagationibus
3292 1808 3441 1862 :htec
3460 1824 3579 1879 quae
3603 1811 3783 1880 quoti-

2191 1886 2279 1942 die
2309 1889 2420 1942 sola
2449 1891 2675 1958 prodite
2697 1894 2933 1962 paternis
2957 1895 3181 1964 milibus,
3207 1896 3367 1969 idque
3391 1915 3497 1954 non
3527 1902 3578 1955 in
3606 1901 3779 1957 forum

2194 1986 2421 2047 tantum,
2453 1982 2546 2035 sed
2574 1993 2822 2052 aquatum
2853 1985 2919 2039 ad
2953 1986 3174 2052 fontem,
3204 2004 3312 2058 quo
3340 1999 3394 2043 et
3421 1990 3556 2046 alios
3586 1993 3783 2047 multos

2194 2072 2482 2126 convenire
2529 2083 2611 2126 est
2655 2090 2908 2137 necesse.
2955 2092 3022 2130 an
3064 2095 3167 2132 non
3200 2095 3389 2149 magna
3430 2082 3782 2139 admiratione

2192 2160 2348 2230 digna
2377 2162 2496 2215 est?
2523 2164 2717 2233 quippe
2737 2165 2890 2234 cujus
2914 2168 3157 2236 probitati
3182 2185 3352 2240 neque
3373 2173 3546 2227 crebri
3568 2188 3601 2228 c
3618 2174 3779 2228 domo

2190 2252 2385 2317 exitus,
2414 2267 2586 2321 neque
2612 2256 2821 2324 egregia
2848 2256 3024 2311 vultus
3053 2257 3244 2327 forma,
3275 2277 3447 2331 neque
3475 2262 3783 2332 frequentes

2187 2341 2445 2412 jnvcnum
2476 2358 2753 2412 occursus,
2778 2362 2952 2417 neque
2976 2350 3120 2405 aliud
3147 2352 3459 2423 quidquam,
3489 2355 3783 2411 detrimen-

2192 2443 2302 2490 tum
2345 2435 2506 2489 ullum
2549 2436 2735 2493 afferat
2762 2478 2779 2505 ,
2821 2439 2947 2495 dum
2992 2451 3098 2497 tam
3143 2447 3323 2499 animo
3368 2461 3526 2517 quam
3560 2463 3784 2520 corpore

2193 2537 2369 2583 servat
2395 2529 2698 2598 pudicitiam
2731 2531 3057 2602 diligentius,
3087 2550 3247 2606 quam
3273 2552 3394 2607 quae
3425 2555 3712 2610 numquam
3743 2554 3778 2595 e

2189 2635 2446 2690 gynzeeeo
2484 2634 2543 2673 se
2571 2621 2840 2691 proferunt
2866 2666 2881 2689 ,
2911 2626 3067 2695 plane
3096 2627 3214 2682 talis
3238 2629 3448 2698 qualem
3475 2630 3668 2686 Paulus
3696 2647 3785 2688 re-

2190 2712 2356 2781 quirit
2381 2710 2563 2766 dicens
2581 2752 2597 2777 ,
2636 2711 2703 2767 Ut
2731 2716 2795 2769 sit
2835 2728 3012 2770 sancta
3040 2733 3252 2787 corpore
3274 2729 3323 2773 et
3348 2721 3531 2791 spiritu
3557 2721 3633 2794 (l.
3656 2722 3780 2778 Cor.

2189 2802 2242 2855 7.
2269 2801 2401 2867 54)?
2429 2800 2555 2857 Cum
2582 2804 2737 2874 igitur
2761 2805 2830 2859 ad
2867 2810 3057 2878 fontem
3080 2807 3434 2875 descendisset,
3456 2812 3671 2882 jamque
3695 2828 3780 2865 re-

2193 2893 2329 2963 pleta
2354 2893 2537 2964 hydria
2560 2907 2905 2962 reverteretur,
2930 2915 3197 2955 occurrens
3222 2902 3269 2955 ei
3291 2918 3466 2958 smus
3485 2904 3587 2958 ait:
3602 2903 3784 2958 Pratbe

2188 2984 2313 3037 mihi
2341 2984 2629 3052 pauxillum
2663 2996 2808 3056 potus
2843 2989 2905 3042 de
2948 3000 3033 3043 tua
3071 2991 3273 3062 hydria.
3315 2992 3444 3057 Qua:
3483 2995 3778 3065 respondit,

2189 3072 2315 3127 Bibe
2341 3115 2357 3139 ,
2407 3072 2642 3141 domine;
2692 3079 3014 3150 celeriterque
3055 3081 3289 3150 deposuit
3339 3084 3577 3153 Itgdriant
3627 3102 3783 3155 super

2186 3164 2359 3218 ulnam
2401 3180 2546 3217 suam
2567 3205 2583 3227 ,
2636 3176 2684 3220 et
2734 3170 2950 3238 prtebuit
3001 3171 3046 3224 ei
3095 3172 3255 3226 donec
3298 3173 3548 3229 desineret
3591 3175 3778 3231 bibere.

2189 3254 2408 3324 Moxque
2435 3255 2537 3319 ait,
2570 3255 2740 3310 Etiam
2771 3260 2977 3313 camelis
3009 3262 3108 3314 tuis
3136 3262 3391 3328 hauriam,
3417 3264 3578 3319 donec
3605 3281 3781 3320 omnes

2186 3345 2375 3402 bibant.
2407 3349 2775 3418 Festinansque
2797 3349 2957 3416 eﬂ'usa
2987 3369 3120 3424 aqua
3142 3354 3193 3406 in
3218 3357 3415 3408 alveum
3443 3357 3580 3411 unde
3602 3367 3780 3425 potitus

2185 3452 2454 3509 sumerent,
2483 3443 2701 3497 accurrit
2731 3442 2799 3495 ad
2827 3453 3065 3512 puteum,
3103 3455 3158 3498 ut
3204 3446 3429 3500 hauriret
3461 3464 3645 3519 aquam
3683 3467 3781 3503 ca-

2190 3534 2333 3586 melis
2358 3534 2588 3588 omnibus
2615 3532 2765 3603 (Gen.
2796 3532 2883 3588 2i.
2911 3534 3115 3605 16-20).

2249 3622 2299 3676 Η
2305 3625 2584 3693 ospitalitas
2604 3634 2648 3677 ct
2670 3624 2911 3678 modestia
2928 3624 3182 3681 Rebeccte.
3212 3626 3329 3682 Non
3348 3645 3413 3683 ea:
3424 3639 3630 3699 sumptu
3643 3632 3783 3686 csti-

2184 3713 2373 3766 utanda
2427 3714 2764 3783 hospitalitas.
2789 3744 2862 3754 —-
2903 3714 3086 3785 Magna
3133 3717 3466 3789 hospitalitas
3507 3719 3716 3776 feminas
3752 3767 3773 3790 ,

2187 3818 2376 3874 magna
2417 3804 2675 3859 modestia
2697 3847 2712 3871 ,
2741 3812 2799 3858 ut
2834 3821 2898 3860 ex
2926 3805 3090 3874 ipsius
3114 3816 3221 3862 tam
3251 3808 3407 3864 dictis
3431 3826 3590 3881 quam
3618 3810 3780 3869 factis

2185 3905 2261 3949 est
2307 3896 2675 3964 conspicuum.
2701 3895 2886 3950 Viden‘
2914 3897 3182 3966 quomodo
3223 3914 3320 3954 nec
3360 3901 3637 3957 modestiae
3675 3903 3782 3958 ho—

2185 3987 2446 4054 Spitalitas
2498 3986 2706 4050 obfuit,
2756 4002 2857 4043 nec
2908 3987 3250 4059 hospitalitati
3297 3992 3591 4049 modestia?
3617 3995 3777 4062 Quod

2185 4076 2325 4129 enim
2355 4092 2459 4129 non
2491 4078 2634 4145 prior
2669 4078 2932 4142 occurrit,
2968 4093 3067 4134 nec
3094 4081 3394 4153 appellavit.
3417 4083 3589 4138 virum
3612 4127 3628 4152 ,
3669 4086 3780 4142 hoc

2186 4162 2283 4218 fuit
2304 4165 2581 4220 modestia:
2613 4183 2625 4219 :
2655 4181 2863 4221 rursum
2891 4168 3033 4238 quod
3057 4168 3123 4223 ad
3156 4172 3414 4239 postulata
3437 4189 3542 4229 non
3571 4177 3775 4242 renuit,

2186 4271 2357 4325 neque
2380 4257 2591 4325 negavit
2614 4271 2673 4311 se
2702 4256 2957 4311 facturam
2977 4298 2993 4325 ,
3026 4257 3128 4315 hoc
3153 4276 3359 4332 magna:
3392 4263 3778 4335 hospitalitatis

2183 4363 2248 4402 ac
2274 4348 2615 4404 humanitatis
2643 4350 2745 4404 fuit
2766 4350 3020 4407 officium.
3051 4352 3121 4408 Ut
3149 4354 3292 4410 enim
3319 4355 3657 4427 impudenter
3683 4359 3773 4414 fe-

2184 4440 2378 4505 cisset,
2408 4441 2450 4494 si
2497 4441 2640 4509 prior
2683 4443 3037 4510 occurrisset,
3066 4452 3121 4500 et
3146 4445 3288 4500 ultro
3322 4449 3642 4517 appellasset
3669 4450 3776 4504 ho-

2186 4528 2385 4583 minem
2415 4545 2430 4582 :
2464 4529 2533 4583 ita
2565 4529 2911 4586 inltumanum
2939 4543 3054 4587 erat
3082 4542 3136 4589 et
3165 4535 3470 4602 barbarum,
3499 4540 3544 4593 si
3577 4555 3774 4609 rogan-

2184 4619 2252 4672 tis
2285 4618 2444 4672 vt-rha
2486 4622 2786 4686 repulisset.
2825 4621 2976 4677 Nunc
3011 4640 3139 4679 vero
3175 4637 3419 4681 neutrum
3465 4629 3588 4684 fecit
3624 4651 3637 4685 :
3673 4647 3776 4687 nec

2185 4708 2458 4762 modestize
2482 4710 2659 4763 studio
2682 4711 3026 4781 hospitalitati
3051 4713 3240 4782 defuit,
3265 4733 3365 4773 nec
3393 4718 3779 4790 hospitalitatis

2183 4811 2307 4852 cura
2341 4798 2550 4853 laudem
2582 4802 2914 4856 verecundiae
2958 4804 3061 4858 sibi
3102 4806 3329 4870 minuit,
3364 4809 3459 4863 sed
3492 4819 3777 4881 utramque

2184 4890 2432 4943 virtutem
2469 4890 2726 4960 integram
2764 4891 3027 4958 obtinuit,
3051 4894 3378 4952 deelarando
3403 4914 3554 4953 suam
3586 4903 3779 4956 mode-

2183 4981 2338 5033 stiam
2364 5020 2378 5045 ,
2406 4980 2530 5033 dum
2565 4982 2737 5050 rogari
2762 4993 3033 5050 exspectat
3058 5001 3073 5047 ;
3103 4987 3290 5040 miram
3320 5004 3451 5042 vero
3483 4991 3775 5061 hospitali-

2185 5081 2379 5133 tatem,
2411 5072 2537 5126 dum
2582 5083 2762 5142 rogata
2807 5075 2922 5130 sine
2971 5091 3117 5130 mora
3171 5077 3501 5148 obsequitur.
3556 5082 3775 5136 Etenim

2182 5176 2405 5216 summa:
2436 5162 2808 5230 hospitalitatis
2846 5164 2975 5231 fttit,
3009 5181 3113 5220 non
3144 5167 3304 5222 modo
3329 5184 3449 5238 qua:
3474 5172 3777 5238 postulavit

2182 5252 2394 5307 dedisse
2417 5292 2434 5318 ,
2472 5251 2566 5306 sed
2613 5253 2771 5306 etiam
2804 5256 3077 5324 plusquam
3111 5258 3200 5312 ille
3242 5259 3394 5328 petiit
3432 5260 3773 5317 exhibuisse.

2183 5343 2290 5398 Nec
2335 5343 2497 5398 refert
2545 5343 2685 5412 quod
2747 5361 2883 5415 aqua
2926 5357 3041 5401 erat
3088 5365 3207 5416 quas
3253 5348 3581 5406 offerebatur
3611 5374 3626 5408 :
3658 5362 3775 5407 tum

2183 5433 2324 5486 enim
2376 5432 2513 5487 hanc
2550 5433 2715 5487 solam
2745 5433 2949 5491 habuit.
2979 5436 3281 5506 llosm'tales
3320 5450 3497 5495 autem
3541 5456 3646 5499 non
3698 5459 3773 5499 ex

2182 5532 2395 5591 sumptu
2421 5523 2671 5577 censendi
2702 5534 2823 5577 sunt
2850 5564 2866 5588 ,
2907 5526 2998 5580 sed
3037 5542 3103 5581 ex
3148 5526 3517 5594 facultatibus;
3556 5533 3779 5602 quando

2186 5615 2323 5668 Deus
2341 5630 2462 5669 eum
2503 5616 2662 5670 etiam
2701 5615 2917 5681 laudat,
2948 5620 3036 5688 qtti
3064 5620 3207 5676 dedit
3248 5622 3454 5692 frigidae
3479 5626 3736 5693 poculum
3755 5672 3774 5689 ,

2185 5713 2236 5757 et
2265 5719 2381 5759 eam
2399 5746 2413 5772 ,
2445 5720 2563 5776 quae
2588 5705 2721 5760 duos
2745 5720 2915 5762 aereos
2959 5711 3189 5765 minutos
3213 5711 3438 5781 obtulit,
3467 5716 3543 5768 ait
3575 5724 3774 5771 contu-
