4058 6258
290 253 402 312 255

291 381 648 457 ἀνεῳγμένην
671 401 684 416 ⁵
718 386 805 441 ἵνα
829 385 903 458 μὴ
932 382 1338 460 πόλεμοςκαὶ
1367 387 1534 460 μάχη,
1559 385 1653 442 τοῦ
1683 385 1874 460 ἀνδρὸς

291 470 621 542 προϊεμένου
637 469 862 535 τὰόντα,
880 473 974 534 καί
990 472 1080 525 τὸν
1103 474 1315 543 πατέρα
1339 473 1699 544 μιμουμένου,
1720 482 1759 518 Α
1782 471 1878 525 καὶ

287 557 418 619 τοὺς
445 554 627 620 ξένους
672 556 1064 628 ὑποδεχομένου
1090 575 1105 592 ο
1133 559 1338 630 ταύτης
1378 559 1435 612 δὲ
1483 559 1880 628 σμικρολογου-

292 637 464 708 μένης
491 654 552 690 τε
582 639 678 692 καὶ
710 639 784 708 μὴ
834 641 1150 713 ἀνεχούσης,
1197 643 1290 696 καὶ
1324 640 1661 711 κωλυούσης,
1692 640 1720 694 ὃ
1751 639 1880 692 πολ-

288 719 448 784 λάκις
484 723 542 774 ἐν
587 722 810 786 πολλαῖς
841 724 1042 788 οἰκίαις
1083 725 1240 780 εῖωθε
1289 725 1575 794 γίνεσθαι·
1631 723 1880 778 ἐντεῦθεν

287 804 395 874 ήδη
413 803 676 874 βούλομαι
691 805 882 876 μαθεῖν
895 809 943 860 εἰ
961 808 1233 876 φιλόξενός
1247 811 1384 861 ἐστι⁹
1405 807 1618 879 καὶγὰρ
1630 805 1880 860 ἐντεῦθεν

288 887 424 958 ἡμῖν
473 886 687 940 ἅπαντα
743 889 934 958 γέγονε
981 891 1051 943 τὰ
1092 891 1292 960 ἀγαθά.
1335 890 1494 944 Οὕτω
1529 891 1620 943 τὸν
1653 889 1881 960 νυμφίον

287 972 560 1042 ἐκτήσατο
600 973 630 1023 6
673 971 939 1042 δεσπότης
974 976 1002 1027 6
1035 976 1196 1043 ἐμός·
1237 973 1380 1027 οὕτω
1416 974 1600 1045 πατὴρ
1641 973 1878 1040 ἐγένετο,

291 1054 496 1123 μόσχον
522 1053 702 1118 ἔθυσε,
737 1055 832 1108 καὶ
855 1057 1068 1110 παιδίον
1093 1057 1308 1116 ἐλαϐεν.
1337 1056 1539 1126 ἄλευρα
1560 1055 1751 1128 ἐφυρε,
1789 1058 1883 1110 καὶ

287 1135 510 1190 κατὰτὸ
531 1135 732 1207 πλῆθος
758 1137 866 1190 τῶν
887 1138 1100 1210 ἄστρων
1126 1141 1248 1202 τοὺς
1289 1139 1546 1208 ἐκγόνους
1587 1138 1737 1210 αὐτῷ
1775 1140 1882 1192 ὐπ-

287 1219 484 1288 έσχετο
526 1217 720 1272 δώσειν
758 1220 786 1272 6
831 1219 983 1284 Θεός.
1037 1223 1188 1275 Ἐπεὶ
1218 1217 1311 1276 οὖν
1347 1221 1598 1276 ἐντεῦθεν
1629 1225 1760 1294 ἡμῖν
1789 1223 1885 1276 καὶ

286 1305 355 1372 τῇ
395 1301 544 1370 οἰκία
596 1301 815 1355 ἅπαντα
871 1304 1062 1372 γέγονε
1089 1305 1158 1359 τὰ
1204 1306 1404 1374 ἀγαθὰ,
1453 1308 1610 1360 τοῦτο
1640 1307 1747 1377 πρὸ
1775 1307 1884 1360 τῶν

287 1385 467 1440 ἄλλων
495 1385 759 1455 ἐπιζητῶ.
791 1386 881 1458 Μὴ
908 1388 1016 1458 γὰρ
1038 1388 1196 1442 τοῦτο
1234 1391 1451 1462 ἴδωμεν,
1478 1391 1560 1446 ὅτι
1580 1390 1725 1461 ὕδωρ
1752 1392 1882 1443 ἐπε-

288 1469 550 1540 ζήτησεν,
583 1469 700 1522 ἀλλ’
729 1473 907 1524 ἐκεῖνο
951 1475 1338 1544 σκοπήσωμεν,
1371 1477 1452 1528 ὅτι
1500 1475 1706 1546 σφόδρα
1734 1474 1880 1545 φιλο-

289 1553 443 1619 ξένου
472 1553 672 1630 ψυχῆς,
709 1552 784 1623 μὴ
817 1554 978 1623 μόνον
1014 1555 1195 1609 δοῦναι
1237 1557 1298 1610 τὸ
1340 1559 1581 1630 αἰτηθὲν,
1618 1558 1753 1613 ἀλλά
1790 1557 1885 1611 καὶ

287 1636 456 1689 πλέον
487 1629 561 1690 ὧν
594 1635 763 1707 ᾔτησε
795 1641 1120 1708 παρασχεῖν.
1153 1641 1261 1695 Καὶ
1286 1629 1544 1711 ἐγένετο,
1581 1643 1734 1713 φησί,
1771 1641 1884 1710 πρὸ

285 1717 397 1771 τοῦ
443 1715 808 1770 συντελέσαι
853 1719 1043 1773 αὐτὸν
1085 1722 1414 1787 λαλοῦντα,
1451 1724 1578 1777 ἰδοὺ
1617 1724 1887 1778 Ῥεϐέκκα

283 1801 698 1870 ἐξεπορεύετο,
758 1802 851 1857 καί
890 1803 950 1856 τὸ
971 1807 1310 1876 προφητικὸν
1339 1809 1516 1863 ἐκεῖνο
1544 1809 1844 1880 ἐπληροῦτο
1867 1826 1880 1840 ·

291 1880 418 1936 Ἔτι
464 1883 804 1949 λαλοῦντός
848 1900 967 1940 σου
991 1887 1125 1955 ἐρῶ,
1168 1887 1318 1944 ἰδοὺ
1341 1890 1602 1962 πάρειμι.
1628 1891 1885 1946 Τοιαῦται

285 1967 399 2021 τῶν
427 1967 687 2036 γενναίων
711 1969 922 2040 ἀνδρῶν
948 1972 1004 2024 αἰ
1043 1972 1234 2042 εὐχαί·
1275 1975 1382 2046 πρὸ
1413 1975 1508 2029 τοῦ
1551 1976 1740 2038 τέλους
1768 1975 1886 2029 πεί-

286 2048 444 2104 θουσι
489 2049 580 2104 τὸν
646 2049 780 2104 Θεὸν
842 2052 1129 2108 ἐπινεῦσαι
1165 2057 1276 2120 τοῖς
1319 2056 1651 2127 λεγομένοις.
1689 2058 1884 2112 Καίσύ

283 2135 491 2199 τοίνυν,
532 2135 754 2190 ἐπειδὰν
806 2137 1009 2210 μέλλῃς
1051 2143 1286 2208 γυναῖκα
1327 2141 1576 2210 ἄγεσθαι,
1625 2143 1699 2213 μὴ
1748 2143 1887 2212 πρὸς

284 2217 610 2288 ἀνθρώπους
667 2220 1018 2291 καταφύγης,
1070 2223 1205 2294 μηδὲ
1242 2224 1379 2295 πρὸς
1415 2229 1677 2294 γυναῖκας
1715 2227 1888 2297 ἐμπο-

288 2301 593 2371 ρευομένας
643 2301 744 2365 τὰς
783 2303 1072 2376 ἀλλοτρίας
1117 2309 1421 2376 συμφορὰς,
1489 2309 1582 2363 καὶ
1619 2308 1886 2380 ζητούσας

283 2381 346 2435 ἐν
394 2383 575 2452 μόνον,
620 2383 772 2457 [222]
807 2387 956 2450 ὅπως
999 2388 1384 2459 αὐταὶὶμισθὸν
1422 2391 1660 2446 λάϐωσιν
1683 2408 1697 2422 ⁸
1751 2391 1887 2445 ἀλλά

283 2466 573 2536 κατάφυγε
601 2468 696 2521 ἐπὶ
720 2469 810 2521 τὸν
844 2469 994 2524 θεόν.
1034 2473 1148 2526 Οὐκ
1181 2474 1572 2545 ἐπαισχύνεται
1601 2492 1695 2528 σου
1729 2474 1886 2543 γενέ-

285 2547 413 2602 σθαι
444 2552 832 2619 νυμφαγωγός.
887 2553 1058 2617 Αὐτὸς
1115 2554 1382 2626 ὑπέσχετο
1431 2559 1525 2611 καί
1565 2554 1687 2612 εῐπε
1710 2576 1723 2589 ·
1767 2563 1884 2628 Ζη-

280 2631 438 2687 τεῖτε
448 2633 564 2701 τὴν
581 2634 832 2698 βασιλεί
834 2652 912 2690 αν
923 2635 1040 2690 τῶν
1057 2639 1349 2707 οὐρανῶν,
1373 2641 1472 2694 καί
1488 2642 1674 2697 ταῦτα
1689 2644 1886 2698 πάντα

281 2718 765 2786 προστεθήσεται
808 2719 969 2788 ὑμῖν.
1030 2722 1142 2775 Καὶ
1198 2723 1274 2793 μὴ
1323 2723 1470 2793 λέγε,
1495 2726 1620 2788 Πῶς
1647 2726 1884 2798 δύναμαι

278 2800 379 2854 τὸν
404 2799 537 2853 Θεὸν
569 2801 699 2855 ἰδεῖν
725 2817 739 2867 ;
771 2803 844 2873 μὴ
888 2802 999 2872 γὰρ
1036 2804 1254 2872 ἀφεῖναί
1299 2823 1389 2876 μοι
1419 2807 1602 2878 φωνὴν
1632 2808 1765 2880 ἔχει,
1790 2815 1884 2866 καὶ

281 2881 630 2954 διαλεχθῆναι
656 2885 926 2955 φανερῶς,
955 2887 1041 2939 ἴνα
1067 2888 1378 2958 προσελθὼν
1399 2891 1660 2962 ἐρωτήσω
1685 2909 1701 2959 ;
1735 2893 1882 2947 Ἀπία

285 2985 417 3023 στου
443 2968 622 3022 ταῦτα
657 2969 856 3040 ψυχῆς.
898 2971 1008 3024 Καὶ
1047 2971 1156 3044 γάρ
1186 2972 1352 3039 ὀξέως
1380 2975 1475 3027 καί
1502 2976 1674 3046 χωρὶς
1700 2980 1885 3051 φωνῆς

284 3051 492 3116 πάντα,
521 3053 622 3105 ὅσα
651 3052 718 3106 ἂν
739 3053 889 3126 θέλῃ,
935 3051 1158 3109 δύναται
1199 3059 1628 3124 κατασκευάζειν
1656 3063 1684 3114 6
1712 3063 1844 3128 Θεός
1867 3082 1882 3099 ο

281 3136 314 3190 ὃ
339 3137 405 3206 δὴ
437 3138 531 3191 καί
556 3138 652 3190 ἐπὶ
679 3137 870 3191 τούτου
900 3139 1148 3207 γέγονεν.
1187 3140 1320 3194 Οὐδέ
1360 3141 1470 3214 γὰρ
1499 3145 1684 3216 φωνὴν
1712 3147 1881 3217 ήκου-

285 3238 403 3286 σεν,
437 3221 559 3274 οὐδὲ
582 3220 705 3291 ὄψιν
730 3221 851 3275 τινά
879 3219 1054 3275 εἶδενο
1109 3222 1222 3276 ἀλλ’
1259 3225 1352 3278 ἐπὶ
1392 3229 1541 3298 πηγῇ
1581 3229 1751 3293 ἑστὼς
1782 3229 1883 3300 ηὐ-

283 3308 437 3374 ξατο,
491 3305 587 3358 καὶ
626 3305 838 3376 ταχέως
895 3306 1178 3377 ἐπέτυχεν.
1221 3308 1487 3378 Ἐγένετο
1543 3310 1656 3380 γὰρ
1679 3311 1880 3382 πρὶν-ἢ

282 3389 656 3444 συντελέσαι
683 3389 994 3443 λαλοῦντα
1015 3391 1223 3458 αὑτὸν,
1265 3393 1420 3462 φησὶ,
1460 3393 1731 3449 Ῥεϐέκκα
1786 3396 1880 3461 ἐξ·

282 3474 601 3542 επορεύετο
647 3472 686 3538 ἠ
726 3471 1004 3542 τεχθεῖσα
1036 3474 1317 3543 Βαθουὴλ
1363 3474 1443 3540 τῷ
1472 3477 1580 3541 υἱῷ
1611 3478 1878 3548 Μελχᾶς,

282 3557 519 3628 ἔχουσα
549 3556 665 3621 τὴν
687 3555 903 3623 ὑδρίαν
921 3555 1152 3609 ἐπὶτῶν
1183 3557 1356 3626 ὤμων
1380 3571 1394 3586 ⁸
1421 3559 1461 3626 ἠ
1489 3558 1557 3611 δὲ
1581 3560 1879 3626 παρθένος

279 3636 364 3713 ἦν
399 3637 555 3707 καλὴ
574 3638 648 3706 τῇ
676 3637 813 3706 ὄψει
849 3638 1105 3708 σφόδρα,
1139 3639 1437 3708 παρθένος
1464 3638 1562 3712 ἦν,
1583 3641 1739 3710 ἀνὴρ
1767 3645 1878 3698 οὐκ

277 3722 438 3791 ἔγνω
458 3719 672 3788 αὐτήν.
696 3721 761 3774 Τί
781 3738 871 3792 μοι
899 3720 1079 3790 λέγεις
1099 3722 1196 3794 τὴν
1227 3723 1530 3796 εὐμορφίαν
1559 3724 1653 3778 τοῦ
1687 3723 1876 3796 σώμα-

279 3821 417 3870 τος;
467 3805 586 3858 Ἵνα
645 3803 825 3876 μάθῃς
864 3804 965 3875 τὴν
1002 3805 1308 3879 ὑπερϐολὴν
1350 3809 1449 3877 τῆς
1501 3809 1872 3880 σωφροσύνης,

280 3890 377 3944 ἵνα
410 3887 590 3959 μάθῃς
626 3888 688 3941 τὸ
724 3887 922 3950 κάλλος
941 3888 1002 3941 τὸ
1038 3889 1096 3941 ἐν
1128 3892 1195 3960 τῇ
1226 3891 1394 3961 ψυχῇ.
1423 3891 1748 3962 Θαυμαστὸν
1775 3893 1876 3962 μὲν

278 3973 392 4044 γὰρ
435 3971 498 4024 τὸ
553 3973 887 4043 σωφρονεῖν⁹
932 3971 1112 4042 πολλῷ
1146 3973 1203 4026 δὲ
1257 3972 1714 4047 θαυμαστότερον,
1749 3976 1875 4030 ὃταν

280 4057 402 4130 μετ’
479 4056 786 4128 εὐμορφίας
847 4055 1005 4109 τοῦτο
1067 4056 1302 4128 γίνηται.
1387 4057 1486 4112 Διὰ
1559 4059 1720 4113 τοῦτο
1782 4063 1876 4114 καὶ

277 4141 412 4212 περὶ
468 4139 563 4194 τοῦ
625 4139 824 4209 Ἰωσὴφ
876 4139 1084 4209 μέλλων
1119 4141 1250 4211 ἡμῖν
1303 4141 1609 4212 διηγεῖσθαι
1647 4147 1741 4199 καὶ
1773 4145 1874 4215 τῆς

277 4224 493 4278 ἐκείνου
560 4221 935 4292 σωφροσύνης,
991 4222 1256 4294 πρότερον
1302 4224 1402 4296 τὴν
1441 4226 1745 4298 εὐμορφίαν
1778 4228 1872 4282 τοῦ

278 4306 536 4378 σώματος
569 4304 832 4368 τέθεικεν,
887 4303 1087 4358 εἰπών’
1122 4305 1300 4369 Καλὸς
1343 4302 1412 4376 ἦν
1461 4307 1540 4379 τῷ
1587 4310 1746 4374 εῖδει,
1779 4311 1874 4365 καὶ

275 4391 482 4462 ὡραῖος
536 4391 601 4460 τῇ
661 4387 782 4457 ὕψει
805 4387 1010 4460 σφόδρα
1041 4403 1054 4417 ·
1087 4390 1182 4442 καὶ
1217 4388 1339 4442 τότε
1373 4389 1471 4460 τὴν
1517 4393 1872 4464 σωφροσύνην

278 4473 448 4529 αὐτοῦ
500 4473 798 4544 διηγήσατο
841 4471 1077 4536 δεικνὺς,
1135 4472 1217 4524 ὅτι
1250 4473 1311 4524 τὸ
1344 4473 1538 4537 κάλλος
1591 4477 1752 4530 αὐτὸν
1792 4479 1873 4542 είς

277 4555 567 4626 ἀσέλγειαν
625 4555 686 4608 οὐ
739 4555 1077 4625 προήγαγεν.
1107 4553 1243 4608 Οὔτε
1287 4555 1394 4625 γὰρ
1423 4555 1484 4609 τὸ
1517 4557 1713 4622 κάλλος
1739 4577 1873 4631 πορ-

277 4641 429 4703 νείας
469 4639 662 4704 αἴτιον,
713 4636 834 4691 οὐτε
882 4639 916 4707 ἡ
962 4637 1208 4709 ἀμορφία
1237 4640 1589 4711 σωφροσύνης
1630 4642 1866 4706 πάντως.

277 4726 486 4780 Πολλαὶ
514 4725 622 4798 γὰρ
671 4725 812 4778 κατά
863 4725 960 4795 τὴν
997 4724 1146 4796 ὥραν
1172 4724 1266 4778 τοῦ
1295 4725 1543 4796 σώματος
1564 4727 1867 4799 λάμψασαι,

280 4807 548 4880 μειζόνως
573 4807 715 4861 κατά
745 4809 844 4876 τὴν
887 4807 1240 4880 σωφροσύνην
1267 4807 1515 4880 ἔλαμψαν
1539 4826 1552 4839 °
1579 4811 1735 4867 ἄλλαι
1768 4814 1870 4869 πά-

276 4895 363 4947 λιν
391 4893 618 4964 αἰσχραί
675 4892 768 4946 καὶ
794 4891 1054 4956 δυσειδεῖς
1102 4888 1280 4958 οὖσαι,
1331 4894 1684 4967 αἰσχρότεραι
1727 4898 1870 4951 κατά

274 4979 379 5050 τὴν
403 4978 584 5047 ψυχὴν
628 4976 896 5044 ἐγένοντο,
931 4975 1152 5048 μυρίαις
1185 4976 1522 5045 ρυπωθεῖσαι
1567 4978 1864 5050 πορνείαις.

277 5063 356 5114 Οὐ
395 5061 507 5130 γάρ
533 5061 568 5130 η
601 5059 761 5128 φύσις
786 5057 882 5112 τοῦ
910 5059 1181 5129 σώματος,
1203 5059 1318 5112 ἀλλ’
1357 5061 1390 5130 ή
1433 5061 1750 5132 προαίρεσις
1769 5063 1868 5132 τῆς

273 5143 461 5216 ψυχῆς
489 5143 584 5196 καὶ
601 5141 788 5195 τούτου
813 5143 1066 5196 κάκείνου
1088 5143 1255 5198 αἰτία.

352 5229 422 5290 ζ’.
456 5226 569 5296 Οὐχ
600 5225 786 5289 ἀπλῶς
821 5226 879 5279 δὲ
913 5224 1162 5297 δεύτερον
1192 5226 1360 5297 αὐτὴν
1393 5227 1659 5298 παρθένον
1690 5223 1862 5281 εἶπεν.

275 5309 464 5364 Εἰπὼν
489 5311 618 5382 γὰρ.
650 5309 951 5379 Παρθένος
976 5305 1072 5380 ἦν,
1110 5311 1355 5382 ἐπήγαγε
1381 5327 1395 5341 ·
1436 5312 1736 5380 Παρθένος
1765 5309 1864 5384 ἦν,

273 5393 434 5462 ἀνὴρ
464 5395 576 5447 οὐκ
615 5393 767 5463 ἔγνω
801 5393 1012 5458 αὐτήν.
1067 5392 1282 5463 Ἐπειδὴ
1311 5393 1418 5464 γὰρ
1449 5394 1638 5449 πολλαί
1663 5397 1868 5467 παρθέ-

274 5492 385 5529 νων
404 5476 466 5529 τὺ
496 5475 654 5548 σῶμα
701 5475 1021 5547 ἀδιάφθορον
1068 5475 1350 5546 τηροῦσαι,
1390 5478 1488 5548 τὴν
1515 5478 1693 5548 ψυχὴν
1735 5480 1866 5533 πολ-

277 5556 375 5630 λῆς
409 5559 702 5623 ἀκολασίας
753 5558 1051 5630 πληροῦσι,
1094 5559 1595 5632 καλλωπιζόμεναι,
1643 5565 1868 5633 μυρίους

349 5695 367 5716 ⁸
397 5689 489 5742 Hic
509 5691 603 5741 loci
623 5687 884 5740 verborum
910 5690 1048 5744 ordo.
1087 5703 1147 5739 ex
1195 5690 1387 5742 Morelli
1417 5693 1635 5744 editione
1661 5697 1865 5746 restitu-

276 5756 380 5814 tus,
406 5749 634 5802 turbatus
647 5750 870 5801 exstabat
895 5752 1021 5814 apud
1047 5751 1214 5801 Monlf.
1241 5752 1372 5802 Enrr.

595 5843 865 5904 ΡΑτιιοι.
913 5843 1029 5904 Gn.
1079 5843 1177 5905 LI.

1269 278 1545 348 QUALES
1589 276 1937 337 DUCENDE
1977 274 2135 333 SINT
2168 271 2467 332 UXORES.
2516 267 2605 324 Ill.

1985 385 2320 456 πανταχόθεν
2350 382 2732 454 ἐπισπώμεναι
2763 381 3017 454 ἐραστὰς,
3043 381 3277 446 καὶτοὺς
3311 380 3419 435 τῶν
3442 383 3578 438 νέων

1983 470 2296 540 ὀφθαλμοὺς
2317 468 2734 540 ἀναπτεροῦσιν,
2758 467 2976 538 ἐνέδρας
3004 465 3235 519 τιθεῖσαι
3268 468 3360 519 καὶ
3404 465 3570 538 βάρα-

1985 553 2110 625 θρα,
2144 554 2360 618 δεικνὺς
2393 554 2423 605 6
2455 554 2695 623 Μωῦσῆς
2731 554 2814 606 ὅτι
2860 552 2961 605 οὐκ
3006 551 3144 622 αὐτὴ
3176 550 3420 620 τοιαύτη,
3461 548 3579 604 ἀλλ’

1985 637 2327 708 ἑκατέρωθεν
2369 631 2436 706 ἦν
2471 637 2758 709 παρθένος,
2817 635 2924 691 ἀπό
2983 653 3041 687 τε
3077 633 3348 704 σώματος,
3382 634 3488 687 ἀπό
3518 651 3579 688 τε

1984 719 2181 788 ψυχῆς,
2209 720 2362 788 φησὶ,
2390 721 2691 788 Παρθένος
2718 717 2816 790 ἦν,
2846 719 3002 787 ἀνὴρ
3027 720 3137 772 οὐκ
3177 717 3329 786 ἔγνω
3364 715 3574 782 αὑτήν.

1989 804 2179 857 Καίτοι
2213 820 2279 872 γε
2331 803 2534 867 πολλὰς
2586 800 2728 875 εἶχεν
2780 802 3034 874 ἀφορμὰς
3085 800 3180 855 τοῦ
3214 801 3579 873 γνωρισθῆναι

1987 886 2248 958 ἀνδράσι·
2271 887 2485 956 πρῶτον
2521 887 2640 958 μὲν,
2677 887 2737 939 τὺ
2784 887 2979 950 κάλλος
3013 885 3106 938 τοῦ
3144 886 3394 956 σώματος
3419 902 3432 916 ·
3461 884 3580 938 δεύ-

1987 985 2142 1040 τερον
2173 971 2252 1036 δὲ,
2283 972 2311 1024 ὁ
2335 971 2435 1040 τῆς
2461 970 2732 1034 διακονίας
2779 971 2997 1042 τρόπος.
3031 971 3094 1022 Εἰ
3137 969 3236 1038 μὲν
3259 969 3366 1040 γὰρ
3398 971 3454 1021 ἐν
3483 968 3578 1021 θα-

1989 1052 2147 1123 λάμῳ
2169 1053 2432 1123 διηνεκῶς
2481 1053 2747 1124 ἐκάθητο,
2797 1053 3046 1124 καθάπερ
3087 1054 3144 1104 αἰ
3171 1051 3265 1105 νῦν
3295 1051 3576 1122 παρθένοι,

1989 1138 2083 1190 καὶ
2120 1137 2388 1208 μηδέποτε
2444 1140 2523 1200 εἰς
2566 1138 2770 1208 ἀγορὰν
2817 1137 3088 1202 ἐνέϐαλεν,
3135 1136 3268 1207 μηδὲ
3304 1135 3451 1207 ἐξῄει
3478 1134 3578 1202 τὴν

1989 1220 2165 1273 οἰκίαν
2193 1219 2292 1291 τὴν
2321 1220 2600 1291 πατρῴαν,
2635 1221 2784 1274 οὐδὲν
2829 1221 3080 1274 τοσοῦτον
3107 1215 3174 1292 ἦν
3202 1222 3280 1282 εἰς
3306 1218 3577 1288 ἐγκώμιον

1989 1303 2241 1372 λέγεσθαι
2274 1306 2401 1376 περὶ
2430 1306 2621 1375 αὐτῆς,
2646 1307 2727 1359 ὅτι
2745 1307 2882 1378 ἀνὴρ
2915 1307 3013 1359 οὐκ
3041 1305 3183 1374 ἔγνω
3213 1303 3578 1374 αὐτήν.”οταν

1989 1387 2046 1441 δέ
2083 1387 2198 1460 ἴδῃς
2229 1389 2398 1459 αὐτὴν
2418 1389 2499 1451 εἰς
2514 1389 2720 1460 ἀγορὰν
2753 1389 3022 1454 ἐξιοῦσαν,
3049 1389 3169 1442 καθ’
3193 1388 3426 1458 ἑκάστην
3444 1387 3578 1458 ὴμέ-

1995 1488 2093 1542 ραν
2116 1472 2432 1543 ὑδροφορεῖν
2459 1472 2933 1542 ἀναγκαζομένην,
2962 1473 3055 1525 καὶ
3081 1470 3229 1534 ἅπαξ
3254 1471 3348 1523 καὶ
3374 1470 3454 1533 δὶς
3481 1469 3577 1522 καὶ

1992 1553 2287 1620 πολλάκις,
2335 1553 2454 1608 εἶτα
2491 1555 2682 1626 μηδενὶ
2715 1553 2993 1625 γνώριμον
3033 1550 3196 1607 οὖσαν
3240 1553 3414 1624 ἀνδρὶ,
3454 1553 3576 1606 τότε

1994 1637 2232 1708 μάλιστα
2254 1638 2424 1710 αὐτῆς
2452 1639 2656 1709 δυνήσῃ
2680 1638 2916 1691 κατιδεῖν
2947 1637 3008 1690 τὸ
3039 1636 3334 1708 ἐγκώμιον.
3371 1637 3434 1688 Εἰ
3467 1636 3576 1706 γὰρ

1990 1720 2237 1790 ὀλιγάκις
2279 1723 2361 1785 είς
2408 1723 2613 1793 ἀγορὰν
2665 1721 3096 1792 παραδάλλουσα
3139 1719 3432 1792 παρθένος,
3482 1721 3576 1771 καὶ

1991 1802 2240 1876 δυσειδὴς
2265 1800 2399 1858 οὖσα
2429 1807 2524 1859 καὶ⁹
2555 1805 2829 1876 ἄμορφος,
2871 1803 3081 1858 πολλῶν
3110 1803 3392 1875 ἑπομένων
3423 1802 3577 1873 θερα-

1992 1888 2274 1953 παινίδων,
2305 1889 2413 1942 ἀπὸ
2447 1887 2559 1942 τῶν
2591 1888 2784 1952 ἐξόδων
2813 1887 3019 1942 τούτων
3059 1887 3324 1959 διεφθάρη
3353 1885 3414 1940 τὸ
3442 1881 3573 1956 ἦθος

1992 1972 2286 2036 πολλάκις·
2324 1974 2358 2044 ἡ
2394 1972 2515 2026 καθ’
2549 1973 2789 2044 ἑκάστην
2825 1972 3041 2044 ἡμέραν
3079 1974 3143 2026 ἐκ
3176 1972 3276 2042 τῆς
3317 1969 3575 2040 πατρῴας

1992 2056 2170 2120 οἰκίας
2187 2054 2403 2120 ἐξιοῦσα
2428 2056 2584 2128 μόνη,
2607 2057 2704 2110 καί⁹
2727 2055 2828 2108 οὐκ
2852 2057 2932 2119 εἰς
2954 2055 3162 2126 ἀγορὰν
3187 2054 3397 2119 ἁπλῶς,
3423 2053 3574 2126 [225]

1993 2138 2106 2192 ἀλλ’
2137 2142 2216 2203 εἰς
2246 2140 2346 2210 τὴν
2376 2139 2560 2211 πηγὴν
2591 2139 2892 2194 ἀπαντῶσα
2927 2140 3022 2194 καὶ
3057 2138 3414 2212 ὑδρευομένη,
3444 2140 3575 2194 ἔνθα

1993 2222 2221 2286 πολλοὺς
2260 2223 2356 2276 καὶ
2399 2222 2618 2295 ἐτέρους
2663 2223 2904 2276 συνιέναι
2935 2223 3172 2294 ἀνάγκη,
3211 2222 3329 2287 πῶς
3364 2223 3465 2277 οὐκ
3509 2224 3577 2278 ἂν

1993 2307 2079 2376 εἴη
2106 2305 2313 2378 μυρίων
2335 2306 2463 2373 ἀξία
2491 2305 2808 2378 θαυμάτων,
2832 2305 2958 2360 οὐτε
2988 2306 3098 2361 ἀπὸ
3122 2305 3228 2360 τῶν
3255 2307 3449 2372 ἐξόδων
3469 2309 3576 2362 τῶν

1995 2389 2268 2460 συνεχῶν,
2309 2387 2434 2442 οὔτε
2478 2390 2586 2444 ἀπὸ
2617 2389 2714 2461 τῆς
2755 2389 2898 2445 κατά
2934 2390 3032 2462 τὴν
3071 2390 3195 2460 ὄψιν
3241 2391 3573 2463 εὐμορφίας,

1992 2471 2114 2527 οὐτε
2141 2473 2250 2527 ἀπὸ
2286 2473 2379 2528 τοῦ
2410 2473 2647 2546 πλήθους
2673 2475 2780 2528 τῶν
2811 2475 3302 2546 παραγινομένων,
3332 2473 3455 2528 οὐτε
3485 2475 3580 2528 ἄλ-

1992 2555 2146 2610 λοθεν
2177 2557 2475 2627 οὐδαμόθεν
2504 2558 2866 2629 διαφθαρεῖσα
2900 2557 2961 2612 τὸ
2979 2554 3130 2628 ἦθος,
3161 2557 3298 2611 ἁλλά
3324 2558 3385 2610 τὸ
3417 2557 3576 2628 σῶμα

1993 2641 2087 2694 καὶ
2115 2640 2214 2712 τὴν
2253 2639 2428 2712 ψυχὴν
2459 2641 2787 2712 ἀδιάφθορος
2818 2642 3071 2712 μείνασα,
3104 2641 3198 2696 καί
3233 2644 3332 2712 τὴν
3365 2659 3577 2712 σωφρο‹

1992 2725 2159 2793 σύνην
2179 2724 2288 2778 τῶν
2317 2725 2374 2777 ἐν
2402 2725 2803 2794 γυναικωνίτιδι
2829 2725 3156 2796 καθημένων
3185 2724 3575 2798 ἀκριϐέστερον

1990 2806 2400 2878 διατηρήσασα,
2437 2807 2534 2862 καὶ
2569 2807 2792 2878 τοιαύτη
2843 2811 3104 2878 φανεῖσα,
3137 2808 3257 2862 οἵαν
3294 2810 3322 2861 6
3365 2808 3575 2871 Παῦλος

1991 2889 2239 2960 ἐπιζητεῖ
2264 2890 2459 2960 λέγων,
2484 2892 2619 2944 Ἵνα
2643 2886 2684 2962 ᾖ
2709 2891 2848 2960 ἁγία
2875 2891 3104 2962 σώματι
3128 2890 3227 2944 καὶ
3248 2892 3571 2961 πνεύματα

1991 2974 2312 3028 Καταϐᾶσα
2361 2973 2572 3028 τοίνυν
2623 2974 2720 3028 ἐπὶ
2767 2973 2884 3042 τὴν
2918 2973 3126 3044 πηγὴν
3173 2973 3408 3043 ἔπλησε
3456 2974 3570 3042 τὴν

1989 3057 2203 3126 ὑδρίαν
2251 3056 2357 3111 τοῦ
2400 3056 2645 3124 ὕδατος,
2693 3057 2790 3110 καὶ
2834 3057 3017 3124 ἀνέϐη
3037 3072 3050 3087 ·
3093 3056 3192 3110 καί
3241 3057 3498 3128 ἔδραμεν
3540 3061 3573 3112 δ

1989 3141 2130 3208 παῖς
2158 3142 2245 3207 εὶς
2275 3141 2656 3208 συνάντησιν
2681 3138 2891 3208 αὐτῆς,
2917 3138 3191 3194 καὶεῖπεν
3212 3141 3470 3196 Πότισόν
3495 3159 3574 3211 με

1982 3223 2204 3295 μικρὸν
2229 3225 2297 3278 ἐκ
2323 3221 2432 3291 τῆς
2462 3223 2664 3292 ὑδρίας
2694 3238 2830 3292 σου.
2863 3224 2927 3278 Ἠ
2947 3223 3016 3276 δὲ
3041 3220 3172 3278 εἷπε
3194 3223 3344 3288 ’Πίε,
3370 3226 3534 3293 κύριε
3551 3243 3568 3259 ο

1988 3309 2087 3362 καί
2114 3307 2404 3372 ἔσπευσε,
2421 3307 2520 3361 καὶ
2543 3305 2781 3362 καθεῖλε
2796 3306 2911 3375 τὴν
2928 3305 3143 3376 ὑδρίαν
3168 3306 3267 3360 ἐπὶ
3295 3305 3403 3360 τὸν
3417 3310 3570 3378 βρα-

1987 3393 2165 3461 χίονα
2201 3391 2423 3461 αὐτῆς,
2457 3391 2554 3446 καὶ
2583 3392 2862 3446 ἐπότισεν
2903 3393 3092 3447 αὑτὸν
3121 3391 3233 3458 ἕως
3259 3393 3570 3450 ἐπαύσατο

1987 3476 2210 3529 πίνων·
2250 3475 2351 3529 καί
2390 3470 2554 3528 (eL—rs-
2588 3474 2697 3528 Καὶ
2721 3475 2850 3541 ταῖς
2883 3474 3177 3544 καμήλοις
3211 3489 3327 3530 σου
3361 3477 3569 3544 ὑδρεύ-

1985 3574 2188 3627 σομαι,
2230 3557 2340 3625 ἕως
2391 3556 2468 3612 ἂν
2504 3557 2694 3613 πᾶσαι
2741 3557 2940 3612 πίωσι.
2980 3556 3095 3611 Καὶ
3147 3558 3417 3613 ἔσπευσε
3467 3564 3570 3616 καὶ

1984 3641 2316 3706 ἐξεκένωσε
2354 3641 2470 3707 τὴν
2511 3639 2724 3707 ὑδρίαν
2767 3641 2853 3706 εἰς
2885 3639 2952 3694 τὸ
2994 3639 3418 3708 ποτιστήριον,
3467 3645 3565 3697 καί

1982 3729 2239 3798 ἔδραμεν
2265 3729 2365 3782 ὲπί
2391 3727 2458 3782 τὸ
2486 3727 2672 3798 φρέαρ
2701 3727 3001 3796 ἀντλῆσαι
3029 3727 3127 3781 καί
3159 3728 3567 3798 ὑδρεύσασθαι

1984 3813 2212 3877 πάσαις
2253 3813 2382 3878 ταῖς
2419 3812 2732 3882 καμήλοις.

2055 3909 2233 3981 Πολλὴ
2267 3910 2364 3980 μὲν
2391 3911 2492 3980 τῆς
2529 3907 2788 3978 γυναικὸς
2821 3909 2854 3979 ή
2896 3907 3189 3976 φιλοξενία,
3225 3909 3392 3980 πολλὴ
3427 3912 3485 3964 δὲ
3530 3914 3563 3983 ή

1985 3993 2331 4066 σωφροσύνη,
2363 3993 2458 4047 καὶ
2478 3991 2767 4062 ἀμφότερα
2785 3989 2963 4045 ταῦτα
2987 3991 3081 4044 καὶ
3103 3991 3198 4061 ἀφ’
3217 3985 3293 4046 ὧν
3317 3993 3560 4064 ἐποίησε,

1983 4079 2078 4132 καὶ
2111 4078 2213 4147 ’ἀφ’
2263 4069 2338 4129 ὧν
2380 4072 2537 4142 εἷπε,
2575 4074 2809 4144 μάλιστα
2860 4075 2974 4128 ἔστι
3006 4075 3367 4146 καταμαθεῖν.
3409 4073 3564 4141 Εἶδες

1983 4162 2101 4225 πῶς
2132 4159 2258 4215 οὐτε
2301 4160 2335 4230 η
2379 4157 2700 4230 σωφροσύνη
2734 4158 2834 4228 τὴν
2887 4155 3190 4226 φιλοξενίαν
3232 4158 3580 4231 ἐλυμήνατο,.

1981 4244 2106 4299 οὐτε
2139 4246 2173 4316 ή
2201 4243 2476 4314 φιλοξενία
2503 4241 2602 4313 τὴν
2634 4240 2988 4314 σωφροσύνην
3021 4240 3326 4313 διέφθειρε;
3361 4243 3434 4296 Τὸ
3461 4243 3563 4314 μέν

1981 4328 2091 4401 γὰρ
2131 4327 2208 4400 μὴ
2243 4326 2513 4398 προτέραν
2560 4325 2881 4397 ἐπιδραμεῖν
2902 4363 2916 4388 ,
2951 4325 3086 4395 μηδὲ
3122 4329 3440 4396 προσειπεῖν
3471 4326 3563 4380 τὸν

1980 4413 2172 4483 ἄνδρα,
2201 4406 2556 4480 σωφροσύνης
2581 4401 2678 4477 ἦν’
2708 4407 2768 4459 τὸ
2793 4407 2848 4458 δὲ
2876 4407 3192 4476 αἰτηθεῖσαν
3222 4407 3295 4479 μὴ
3336 4409 3562 4462 ἀνανεῦ-

1982 4515 2096 4560 σαι,
2131 4493 2267 4566 μηδὲ
2301 4489 2660 4564 ἀρνήσασθαι,
2697 4489 3000 4557 φιλοξενίας
3031 4489 3126 4544 καί
3152 4491 3560 4565 φιλανθρωπίας

1981 4580 2202 4650 πολλῆς.
2253 4576 2467 4644 Ὥσπερ
2518 4572 2627 4641 γὰρ
2671 4573 2720 4625 εἰ
2775 4571 3013 4643 προτέρα
3051 4574 3422 4646 προσέδραμε,
3467 4579 3561 4630 καί

1983 4663 2149 4736 μηδὲν
2173 4660 2378 4714 εἰπόντι
2406 4655 2674 4727 διελέχθη,
2713 4654 3034 4728 ἰταμότητος
3057 4652 3125 4727 ἦν
3151 4659 3244 4711 καὶ
3270 4658 3560 4730 ἀναισχυν-

1977 4749 2118 4812 τίας·
2151 4747 2346 4808 οὓτως,
2378 4744 2426 4796 εἰ
2450 4739 2910 4812 παρακαλέσαντα
2942 4740 3317 4811 διεκρούσατο,
3349 4743 3560 4815 ὠμότη-

1975 4849 2069 4895 τος
2105 4828 2172 4902 ἦν
2209 4827 2304 4882 καὶ
2337 4823 2754 4894 ἀπανθρωπίας.
2791 4822 2905 4875 Νῦν
2941 4823 2998 4876 δὲ
3031 4824 3311 4895 οὐδέτερον
3350 4825 3558 4880 τούτων

1978 4915 2262 4985 ἐποίησεν·
2297 4909 2421 4964 οὐτε
2458 4906 2548 4962 διὰ
2586 4908 2688 4977 τὴν
2732 4905 3088 4977 σωφροσύνην
3119 4908 3218 4978 τὴν
3252 4907 3556 4975 φιλοξενίαν

1978 4999 2068 5052 ἐλυ
2077 4998 2300 5068 μήνατο,
2316 4993 2424 5047 οὐδ’
2439 4989 2506 5046 αὖ
2528 4989 2689 5044 πάλιν
2707 4987 2797 5042 διὰ
2814 4988 2913 5059 τὴν
2930 4989 3234 5060 φιλοξενίαν
3250 4991 3312 5044 τὸ
3326 4991 3425 5063 τῆς
3450 5009 3555 5046 σω-

1978 5081 2254 5154 φροσύνης
2285 5074 2560 5147 ἐγκώμιον
2586 5073 2906 5142 ὐπετέμετο,
2940 5072 3056 5127 ἀλλ’
3084 5073 3377 5146 ὁλόκληρον
3433 5077 3557 5132 ἐκα·

1976 5165 2140 5237 τέραν
2161 5160 2472 5226 ἐπεδείξατο
2487 5157 2584 5229 τὴν
2607 5155 2910 5230 ἀρετὴν,τῷ
2934 5157 3030 5226 μὲν
3046 5158 3330 5228 ἀναμεῖναι
3355 5159 3453 5231 τὴν
3479 5161 3558 5212 αἴ·

1975 5265 2133 5321 τησιν
2149 5246 2247 5318 τὴν
2262 5241 2616 5315 σωφροσύνην
2628 5239 3073 5310 ἐπιδεικνυμένη,
3094 5241 3169 5311 τῷ
3180 5241 3236 5295 δὲ
3251 5245 3556 5315 παρασχεῖν

1980 5331 2117 5402 μετά
2131 5331 2228 5402 τὴν
2249 5328 2463 5399 αἴτησιν
2489 5325 2585 5397 τὴν
2608 5324 2915 5395 φιλοξενίαν
2943 5322 3041 5397 τὴν
3064 5324 3289 5393 ἄφατον.
3315 5327 3422 5379 Καὶ
3447 5323 3554 5395 γάρ

1974 5415 2182 5484 ἀφάτου
2201 5410 2505 5482 φιλοξενίας
2521 5405 2611 5480 ἦν,
2636 5407 2696 5460 τὺ
2720 5407 2793 5478 μὴ
2818 5407 2977 5478 μόνον
3004 5407 3140 5477 ὅπερ
3161 5407 3330 5478 ᾔτησε
3345 5407 3552 5468 δοῦναι,

1975 5497 2111 5550 ἀλλά
2145 5497 2239 5551 καί
2278 5494 2439 5556 πλέον
2467 5511 2519 5546 τι
2551 5492 2856 5561 παρασχεῖν
2886 5489 2995 5542 τῶν
3027 5489 3378 5559 αἰτηθέντων.
3410 5491 3472 5545 Εἰ
3495 5489 3554 5545 δὲ

1975 5581 2120 5650 ὕδωρ
2144 5575 2211 5651 ἦν
2239 5579 2299 5631 τὸ
2328 5578 2624 5646 διδόμενον,
2652 5571 2842 5626 τούτου
2870 5573 3035 5644 κυρία
3058 5569 3126 5644 ἦν
3154 5573 3296 5627 τότε.
3329 5573 3469 5636 Τοὺς
3495 5573 3554 5627 δὲ

1975 5662 2282 5731 φιλοξένους
2313 5662 2415 5714 οὐκ
2446 5657 2554 5712 ἀπὸ
2584 5660 2682 5728 τῆς
2711 5655 3062 5719 πολυτελείας
3098 5657 3209 5712 τῶν
3235 5657 3552 5729 διδομένων,

1975 5739 2089 5804 ἀλλ’
2121 5745 2228 5799 ἀπὸ
2247 5746 2343 5816 τῆς
2363 5743 2666 5814 δυνάμεως,
2687 5736 2753 5812 ἦς
2780 5745 3101 5814 παρέχουσι,
3129 5742 3334 5812 κρίνειν
3358 5739 3552 5797 εἰώθα·
3584 5767 3589 5773 -

3068 5849 3142 5910 15
