4058 6258
347 329 452 383 257

346 444 476 498 lisse
503 440 625 512 plus
654 445 925 511 ornttihus,
954 444 1077 514 quia
1109 451 1276 499 totum
1307 442 1447 511 quod
1481 440 1661 494 habuit
1687 438 1934 508 conjece-

351 540 432 587 rat
462 532 675 605 (Matth.
700 535 786 588 10.
816 534 921 599 42;
949 532 1075 587 Luc.
1102 533 1192 587 2|.
1214 533 1359 601 2-4).
1385 532 1472 586 Sic
1496 540 1551 586 et
1584 530 1680 584 ista
1729 528 1811 583 his
1837 529 1934 583 bo-

351 638 481 678 num
521 624 670 678 illum
707 626 878 678 virum
919 624 1129 693 excepit
1175 623 1365 685 xeniis,
1408 636 1526 690 qua:
1564 620 1675 674 sola
1720 628 1829 672 tum
1868 618 1935 671 ad

352 729 567 768 manum
614 714 856 767 aderant.
895 713 1004 767 Nec
1044 725 1245 768 temere
1273 711 1509 766 additum
1539 719 1619 765 est
1643 750 1658 772 ,
1690 708 1828 779 quod
1862 708 1936 761 fe-

350 804 556 858 stinans
579 804 837 867 cucurrit,
869 814 922 857 et
951 804 1165 869 similia,
1195 802 1288 857 sed
1320 812 1377 857 ut
1406 801 1668 870 intelligas
1693 815 1809 854 eam
1836 798 1939 851 ala-

350 898 517 950 criter
544 896 732 950 fecisse
758 896 935 949 omnia
958 937 971 959 ,
1001 912 1105 949 non
1136 911 1279 964 a-gre
1322 909 1384 948 ac
1408 894 1662 963 gravatim
1682 933 1696 956 ,
1729 906 1826 945 nec
1853 890 1936 944 in-

353 987 516 1040 vitam
558 998 611 1041 et
658 998 859 1041 coacta:
899 987 1148 1041 similem.
1178 986 1246 1039 Et
1288 1000 1356 1039 ne
1407 985 1460 1038 id
1509 998 1728 1052 parvum
1757 991 1934 1051 putes,

353 1092 501 1148 saepe
530 1078 758 1146 aliquem
790 1086 1198 1147 pra-tereuntem
1228 1075 1550 1146 rogavimus,
1580 1083 1638 1127 ut
1669 1073 1938 1142 paulisper

350 1168 576 1238 gradum
613 1169 859 1231 sisteret,
887 1168 1274 1235 smnmissaque
1308 1182 1403 1220 sua
1441 1166 1553 1220 lace
1584 1175 1818 1219 nostram
1848 1178 1940 1220 ac-

350 1261 627 1325 cenderet,
652 1271 742 1315 ant
764 1277 792 1314 a
821 1261 1092 1329 bajulante
1112 1275 1299 1329 aquam
1323 1260 1571 1329 petiimus
1591 1267 1648 1311 ut
1672 1257 1935 1311 tnodicum

356 1352 478 1405 inde
505 1352 686 1405 bibere
716 1352 902 1405 liceret
934 1369 946 1404 :
978 1367 1074 1405 nec
1103 1351 1153 1404 id
1185 1349 1360 1405 facere
1384 1349 1666 1413 sustinuit,
1696 1347 1790 1402 scd
1822 1347 1940 1401 tulit

354 1443 618 1510 graviter:
642 1441 757 1497 haec
784 1452 961 1496 autem
989 1457 1095 1495 non
1126 1442 1286 1495 modo
1314 1440 1579 1494 summisit
1597 1439 1645 1493 ei
1672 1438 1934 1510 hydriam,

354 1534 447 1587 sed
468 1534 685 1587 camelis
700 1533 859 1589 etiam
879 1534 1125 1587 omnibus
1139 1548 1326 1602 aquam
1347 1531 1521 1585 hausit
1535 1530 1749 1593 alfalim,
1775 1528 1938 1583 labori

356 1642 462 1678 non
496 1641 740 1693 parcens,
765 1635 819 1679 ct
838 1640 937 1680 suo
962 1640 1187 1693 corpore
1213 1625 1551 1694 hospitalitati
1575 1624 1796 1677 comiter
1816 1623 1941 1676 subâ€”

355 1717 595 1770 serviens
630 1733 642 1767 :
678 1732 781 1769 non
808 1716 952 1770 enim
983 1715 1176 1769 factum
1207 1715 1308 1769 hoc
1337 1716 1539 1780 soltnn,
1570 1730 1750 1768 verum
1776 1715 1938 1768 etiam

355 1806 605 1859 alacritas
649 1806 895 1873 adjunCIa
923 1807 1169 1859 virtutem
1200 1806 1386 1874 puella:
1424 1806 1656 1870 indicat,
1680 1822 1799 1875 qua:
1839 1806 1939 1859 ho-

356 1894 554 1948 minem
593 1896 826 1963 ignotum
875 1905 930 1950 ct
960 1906 1068 1950 tum
1109 1898 1335 1966 primum
1371 1898 1541 1951 visum
1586 1906 1739 1951 vocat
1765 1896 1941 1951 domi-

358 2000 506 2037 num.
542 1986 599 2038 Et
642 1986 778 2039 sicut
808 1986 1143 2040 Abrahamus
1184 1988 1349 2055 ipsius
1380 2002 1533 2043 socer
1559 1997 1942 2057 praetereuntes

357 2092 464 2129 non
494 2076 801 2146 interrogat,
835 2080 1050 2147 quinam
1084 2079 1191 2132 sint
1226 2089 1278 2133 et
1314 2079 1537 2147 cujates,
1568 2094 1741 2149 qnove
1766 2079 1867 2134 iter
1890 2088 1943 2133 et

357 2168 498 2220 unde
540 2168 768 2232 faciant,
800 2169 893 2222 sed
942 2170 1256 2238 simpliciter
1302 2168 1644 2239 hospitalitati
1683 2170 1775 2224 dat
1808 2186 1941 2239 ope-

356 2274 471 2312 ram
502 2275 516 2311 :
543 2259 611 2312 ita
637 2268 691 2313 et
715 2259 828 2313 haec
851 2274 954 2313 n0n
982 2261 1301 2324 sciscitatur,
1319 2259 1438 2329 quis
1467 2274 1528 2315 es
1550 2269 1603 2313 et
1631 2261 1770 2315 ttnde
1790 2261 1813 2313 ?
1834 2276 1939 2330 qua

358 2347 427 2404 de
454 2364 614 2404 causa
657 2351 849 2405 venis?
890 2351 983 2405 sed
1030 2352 1399 2419 hospitalitatis
1423 2367 1552 2422 opes
1579 2367 1939 2422 congregans,

361 2463 466 2502 non
491 2452 574 2503 est
589 2443 795 2504 curiosa
818 2452 1151 2505 eat-terarum.
1179 2444 1385 2504 Etenim
1412 2444 1689 2520 gennnarii
1717 2453 1767 2505 et
1791 2460 1945 2503 num-

360 2541 568 2595 mularii
610 2541 711 2595 hoc
749 2558 911 2595 unum
941 2550 1169 2609 curant,
1207 2551 1264 2596 ut
1307 2542 1509 2597 lucrum
1538 2540 1752 2611 capiant
1785 2555 1851 2596 ex
1880 2541 1945 2596 iis

360 2651 481 2688 eutn
514 2635 703 2704 quibus
732 2636 1101 2704 negotiantur,
1141 2650 1323 2704 parum
1354 2633 1562 2688 solliciti
1596 2632 1781 2703 quales
1824 2641 1944 2685 tan-

362 2725 483 2778 dem
516 2725 590 2779 illi
619 2726 725 2779 sint
757 2743 769 2779 :
805 2726 882 2780 sic
909 2725 1023 2780 hch
1049 2726 1221 2780 solum
1252 2725 1302 2779 id
1330 2725 1552 2794 quaerit,
1585 2734 1641 2779 ut
1666 2724 1944 2792 lt0$pitali-

364 2818 486 2870 tatis
532 2818 757 2870 fructum
787 2818 993 2885 capiat,
1023 2825 1184 2886 utque
1212 2815 1436 2870 solidam
1480 2815 1596 2884 ejus
1643 2815 1945 2870 mercedem

367 2908 644 2977 percipiat.
682 2907 823 2963 Bene
863 2908 1065 2961 sciebat
1106 2907 1368 2975 hospitem
1413 2906 1644 2960 maxime
1688 2919 1948 2959 verecun-

362 3001 489 3054 dum
512 3015 651 3064 esse,
682 3000 905 3070 ideoque
932 3014 1174 3069 magnam
1199 2999 1247 3053 ei
1270 2999 1573 3052 comitatem
1594 2997 1948 3051 exhibendam

361 3106 484 3145 esse
522 3099 575 3144 et
605 3090 918 3144 modestiam
959 3106 1065 3144 non
1090 3091 1355 3144 curiosam
1388 3107 1401 3143 :
1433 3088 1573 3159 quod
1604 3088 1647 3142 si
1681 3087 1748 3143 de
1792 3088 1949 3141 rebus

364 3182 482 3251 ejus
538 3193 909 3250 pcrcontemur
973 3181 1295 3245 immodice,
1332 3180 1668 3250 tergiversari
1722 3195 1842 3232 eum
1896 3191 1953 3234 et

365 3274 626 3342 gravatim
655 3272 934 3327 accedere.
964 3271 1299 3341 Quapropter
1322 3286 1495 3341 neque
1521 3270 1637 3325 haec
1660 3284 1720 3326 se
1754 3270 1823 3324 ita
1859 3286 1951 3340 ge-

366 3364 440 3418 rit
478 3379 602 3433 erga
642 3364 823 3431 illum,
852 3380 1024 3434 neque
1063 3364 1179 3432 ejus
1218 3379 1372 3418 socer
1396 3364 1662 3418 Abraham
1691 3378 1815 3434 erga
1856 3363 1953 3418 ho-

369 3457 567 3525 spites,
598 3474 665 3512 ne
698 3458 775 3511 sic
822 3458 1156 3512 venationem
1197 3472 1348 3511 suam
1372 3457 1667 3511 absterreat
1692 3472 1706 3509 :
1737 3456 1830 3511 sed
1855 3472 1953 3511 cu-

370 3549 501 3603 ratis
544 3550 973 3617 prmtercnntium
1017 3550 1331 3620 corporibus
1383 3558 1437 3604 et
1483 3548 1810 3619 obsequutus
1855 3565 1953 3606 suo

369 3640 571 3704 animo,
602 3642 679 3695 sic
704 3655 798 3695 eos
824 3640 1060 3695 dimittit.

444 3731 497 3784 8.
542 3731 655 3785 lloe
706 3741 858 3799 pacto
910 3732 1070 3785 etiam
1126 3732 1345 3803 angelos
1385 3732 1669 3802 aliquando
1711 3732 1952 3802 excepit,

370 3823 512 3876 eirra
543 3838 675 3890 quos
704 3822 747 3877 si
771 3823 956 3878 fuisset
977 3823 1270 3887 curiosior,
1294 3839 1399 3878 non
1422 3838 1608 3893 parum
1638 3823 1954 3877 decessisset

374 3916 608 3969 mercedi
634 3916 749 3983 ejus
775 3916 967 3970 debita:
988 3914 1139 3989 (Gen.
1166 3917 1276 3982 l8).
1309 3916 1649 3971 Admiramur
1668 3917 1807 3970 enim
1833 3932 1955 3970 eutn

376 4023 482 4060 non
509 4007 650 4076 quod
678 4008 951 4077 exceperit
976 4009 1195 4078 angelos
1217 4049 1230 4071 ,
1260 4008 1354 4062 sed
1392 4008 1533 4079 quod
1573 4010 1813 4064 nesciens
1838 4023 1959 4063 esse

375 4097 627 4165 angelos,
656 4099 950 4167 exceperit.
983 4098 1092 4153 Nec
1130 4099 1270 4152 enim
1312 4099 1609 4154 mirandum
1650 4099 1695 4152 si
1728 4098 1960 4168 prudens

376 4202 438 4240 ac
482 4188 657 4242 sciens
716 4197 992 4245 tractasset
1034 4205 1129 4244 eos
1169 4190 1429 4251 comiter.
1463 4206 1686 4259 quorum
1732 4189 1962 4260 dignitas

376 4279 717 4345 quantumvis
748 4279 978 4334 immane
1022 4288 1206 4348 peetus
1232 4294 1294 4333 ac
1320 4295 1538 4334 saxeum
1560 4281 1627 4335 ad
1655 4280 1957 4336 humanita-

383 4381 488 4423 Icm
514 4371 996 4441 benignitatemque
1019 4380 1197 4441 posset
1221 4387 1412 4443 cogere
1442 4390 1454 4427 :
1482 4373 1575 4427 sed
1604 4373 1705 4428 hoc
1724 4382 1963 4429 meretur

379 4461 821 4528 admirationem,
853 4461 997 4532 quod
1024 4464 1253 4517 viatores
1296 4464 1534 4533 vulgares
1567 4473 1712 4518 ratus
1758 4472 1960 4518 tantum

383 4552 606 4607 honoris
628 4554 706 4607 eis
730 4553 934 4609 habuit.
964 4554 1107 4608 Talis
1135 4565 1249 4608 erat
1277 4553 1390 4607 hmc
1418 4569 1627 4623 quoque
1651 4571 1664 4607 :
1692 4556 1965 4609 nesciebat

384 4643 653 4697 hominem
684 4646 926 4713 quisnam
957 4653 1120 4709 esset,
1146 4654 1237 4697 aut
1263 4659 1481 4698 eurnam
1509 4645 1762 4710 venisset,
1792 4659 1965 4714 neque

384 4734 525 4803 quod
552 4735 931 4790 conciliaturus
957 4745 1099 4790 esset
1128 4736 1292 4802 ipsius
1321 4734 1561 4803 nuptias,
1588 4734 1681 4788 sed
1708 4737 1963 4790 viatorem

384 4841 550 4880 unum
577 4826 806 4897 aliquem
838 4826 1055 4897 putabat
1097 4834 1153 4881 et
1191 4824 1476 4895 hospitem.
1508 4824 1711 4879 Idcirco
1756 4826 1969 4879 uberior

385 4919 434 4970 ci
471 4917 847 4987 hospitalitatis
877 4932 1082 4972 merces
1109 4917 1364 4986 contingit
1385 4960 1400 4981 ,
1426 4915 1565 4985 quod
1593 4916 1764 4969 modis
1790 4917 1967 4969 omni-

388 5007 487 5061 bus
514 5010 749 5075 ignottnn
782 5016 924 5062 tanta
953 5015 1273 5077 prosequuta
1301 5006 1371 5060 sit
1407 5005 1773 5060 benevolentia
1793 5047 1808 5068 ,
1850 5022 1969 5059 ser-

390 5108 513 5153 vata
554 5099 765 5153 interim
792 5109 845 5153 et
884 5099 1163 5153 modestia.
1192 5098 1373 5167 Neque
1401 5099 1542 5151 enim
1574 5097 1773 5151 effrena
1804 5106 1971 5151 teme-

388 5190 581 5255 ritate,
625 5205 799 5259 neque
843 5189 947 5244 vim
989 5188 1220 5243 aï¬‚â€˜crcns
1266 5199 1355 5242 aut
1391 5186 1841 5242 stomachabunda
1870 5186 1972 5241 hoc

392 5281 618 5337 faciebat
638 5323 652 5343 ,
679 5280 775 5336 sed
817 5296 937 5335 cum
973 5280 1170 5335 decoro
1211 5280 1281 5333 ita
1308 5289 1365 5333 ut
1394 5294 1487 5348 par
1516 5286 1651 5332 erat.
1691 5277 1800 5331 lloc
1829 5278 1969 5332 enim

392 5375 567 5443 ipsmn
598 5373 772 5429 Muses
810 5373 1104 5428 subindicat
1156 5371 1238 5425 his
1280 5372 1454 5426 verbis
1481 5389 1493 5423 :
1524 5370 1625 5424 Ille
1652 5381 1819 5424 autent
1847 5387 1969 5423 con-

393 5462 733 5533 templabatur
766 5479 879 5519 eam
907 5465 1086 5517 tacitus
1105 5503 1120 5525 ,
1144 5462 1271 5515 seire
1293 5463 1463 5515 volens
1492 5471 1660 5513 utrum
1680 5476 1974 5530 prosperum

394 5556 490 5607 iter
527 5571 674 5608 suum
722 5556 916 5624 fecisset
949 5554 1191 5608 Dominus
1226 5550 1390 5623 (Gen.
1420 5549 1511 5605 ÎµÎ¹.
1542 5550 1657 5621 21).
1682 5548 1820 5619 Quid
1858 5561 1938 5603 est
1958 5590 1973 5615 ,

395 5646 843 5715 Contemplabatur
857 5662 967 5700 eam
980 5645 1006 5699 .â€™
1024 5646 1087 5699 Et
1107 5642 1364 5707 habitum,
1382 5651 1436 5696 et
1455 5640 1740 5703 incessum,
1759 5649 1813 5693 et
1833 5653 1979 5709 aspe-

398 5748 565 5801 ctum,
589 5747 645 5795 et
668 5739 849 5801 verba,
873 5736 1048 5791 omnia
1070 5734 1295 5803 denique
1316 5734 1597 5805 diligenter
1617 5730 1972 5793 examinabat,

1325 327 1593 395 QUALES
1632 324 1973 381 DUCENDzE
2014 322 2164 378 SINT
2207 322 2499 378 UXORES.
2541 320 2627 377 Ill.

3514 323 3617 379 238

2044 450 2110 490 ex
2157 437 2397 505 corporis
2438 436 2676 506 gestibus
2727 434 3086 491 habitudinem
3138 437 3299 491 animi
3343 436 3615 508 colligens.

2042 526 2150 581 Nec
2176 527 2259 582 his
2296 537 2608 592 contentus,
2654 528 2877 581 altermn
2922 528 3344 598 experimentum
3378 528 3614 586 adhibet.

2042 621 2277 687 Accepto
2315 620 2457 674 enim
2501 620 2569 673 ab
2603 635 2664 674 ea
2704 630 2831 691 potu
2879 635 2985 674 non
3016 621 3255 685 destitit,
3287 622 3380 676 sed
3432 638 3619 693 rogare

2044 709 2246 778 pergit:
2275 708 2433 779 Cujus
2460 726 2511 764 es
2533 711 2674 778 ï¬lia,
2713 710 2883 764 indica
2912 711 3036 764 mihi
3062 726 3081 765 :
3106 720 3243 765 estne
3269 714 3321 765 in
3350 712 3499 764 domo
3527 729 3619 782 pa-

2042 801 2131 853 tris
2154 802 2225 853 tui
2248 799 2388 855 locus
2415 818 2511 869 quo
2542 803 2731 871 possim
2759 802 3003 856 divertere
3036 803 3189 873 (Gen.
3211 803 3301 858 24.
3327 802 3460 873 25)?
3483 802 3618 870 Quid

2041 891 2130 945 illa
2154 891 2221 945 ad
2253 892 2404 947 lucc?
2430 893 2695 947 Patienter
2720 910 2783 949 ac
2812 905 3086 949 mansuete
3112 911 3267 950 suum
3298 905 3500 966 patrem
3537 898 3619 951 in-

2041 982 2205 1037 dicat.
2235 982 2350 1037 Non
2382 983 2514 1037 dixit
2544 983 2935 1052 indignabunda
2964 1002 2976 1038 :
3010 985 3087 1038 Tu
3124 1000 3250 1039 vero
3275 986 3395 1055 quis
3427 1001 3485 1040 es
3514 994 3619 1041 tam

2041 1078 2284 1131 curiosus
2324 1086 2662 1144 percontator
2704 1076 2863 1131 etiam
2901 1077 2969 1132 de
3012 1078 3208 1132 nostris
3235 1078 3475 1144 :edibus;
3526 1080 3617 1133 sed

2040 1164 2207 1234 quid?
2236 1164 2374 1219 Filia
2397 1183 2509 1220 sum
2535 1166 2791 1220 Bal/melis
2816 1167 2912 1236 ï¬lii
2947 1166 3178 1227 Melo/tte.
3208 1186 3353 1239 quem
3391 1168 3620 1226 Narhori

2043 1257 2253 1326 peperit.
2292 1256 2568 1311 Palearttm
2607 1274 2802 1328 quoque
2825 1268 2870 1311 et
2896 1260 3015 1329 [mni
3043 1260 3181 1329 apud
3217 1276 3307 1313 nos
3333 1268 3403 1313 est
3446 1260 3619 1329 copia,

2042 1358 2087 1402 et
2131 1349 2271 1403 locus
2308 1349 2377 1402 ad
2419 1350 2763 1403 diuertendum
2797 1349 2919 1420 (Ib.
2948 1368 2998 1404 Ï….
3042 1350 3132 1405 24.
3160 1350 3273 1421 á¼“á½¸).
3303 1351 3452 1405 Sicut
3500 1359 3623 1404 ante

2042 1455 2232 1511 aquam
2274 1442 2471 1510 petenti
2504 1442 2777 1510 plusquam
2807 1452 3047 1511 posceret
3084 1442 3273 1496 obtulit
3304 1459 3318 1496 :
3352 1457 3469 1495 nam
3497 1456 3618 1495 cum

2043 1534 2134 1587 ille
2161 1542 2341 1599 potum
2369 1534 2467 1586 sibi
2491 1535 2587 1587 soli
2621 1533 2878 1602 petiisset,
2910 1534 3068 1586 etiam
3093 1533 3309 1587 camelis
3338 1548 3397 1587 se
3426 1531 3621 1602 praebi-

2045 1636 2215 1680 turam
2246 1635 2329 1680 est
2366 1626 2603 1697 pollicita
2624 1667 2637 1688 ,
2665 1635 2720 1679 et
2748 1627 2924 1695 utique
2950 1625 3173 1695 prmbnit
3201 1643 3214 1679 :
3246 1626 3322 1679 sic
3347 1626 3504 1679 etiam
3538 1624 3622 1678 hic

2043 1717 2332 1786 requirenti
2354 1717 2717 1770 tantummodo
2736 1716 3105 1780 diversorium,
3131 1716 3346 1784 insuper
3368 1715 3434 1769 de
3461 1715 3623 1784 paleis

2043 1821 2105 1860 ac
2134 1806 2275 1861 freno
2312 1807 2602 1877 prospicit,
2634 1806 2807 1875 deque
2844 1807 2959 1859 aliis
2995 1807 3173 1860 multis
3193 1849 3207 1871 ,
3237 1807 3476 1861 alliciens
3502 1821 3621 1859 eum

2044 1895 2127 1949 his
2153 1897 2422 1962 omnibus,
2451 1906 2504 1951 et
2540 1896 2756 1950 domum
2790 1894 3104 1964 pertrahens
3128 1938 3142 1961 ,
3173 1905 3228 1949 ut
3255 1895 3623 1964 hospitalitatis

2045 1986 2271 2041 fructum
2301 1997 2352 2042 et
2382 1988 2679 2043 mercedem
2708 1988 2898 2056 capiat.
2932 1987 3053 2041 llmc
3080 1997 3256 2042 autem
3297 2002 3400 2041 non
3430 1987 3620 2045 obiter.

2047 2094 2216 2148 neque
2256 2078 2583 2148 negligenter
2603 2079 2898 2142 audiamus,
2932 2077 3024 2132 sed
3065 2078 3423 2147 nosmetipsos
3449 2079 3624 2132 consi-

2046 2167 2326 2234 derantes,
2357 2167 2423 2222 ad
2466 2167 2569 2223 hoc
2609 2168 2910 2238 exemplum
2952 2167 3289 2224 conferamus
3321 2186 3335 2223 :
3368 2169 3445 2223 sic
3481 2167 3621 2221 enim

2048 2261 2403 2330 intelligemus
2423 2261 2674 2317 virtutem
2701 2261 2856 2331 hujus
2878 2261 3109 2315 feminas.
3136 2260 3510 2329 Smpenumero
3528 2274 3625 2313 no-

2048 2361 2129 2405 tos
2166 2351 2371 2419 aliquos
2411 2360 2465 2407 et
2492 2352 2820 2407 necessarios
2848 2352 3172 2421 excipientes
3198 2366 3338 2421 argve
3365 2348 3584 2405 ferimus
3608 2390 3621 2411 ,

2046 2455 2098 2503 et
2121 2460 2423 2518 gravamur,
2453 2448 2497 2502 si
2529 2462 2691 2503 unum
2732 2456 2824 2501 aut
2860 2447 3086 2500 alterum
3132 2446 3272 2500 diem
3313 2444 3623 2499 commorati

2046 2539 2246 2595 fuerint
2274 2556 2288 2605 ;
2323 2538 2437 2594 haec
2465 2547 2643 2593 autem
2669 2539 2904 2609 ignotum
2928 2547 2981 2592 et
3002 2537 3264 2605 hospitem
3298 2548 3483 2605 magna
3511 2533 3626 2586 ala-

2048 2634 2237 2687 critate
2265 2631 2481 2686 domum
2534 2628 2826 2700 pertraxit,
2873 2626 3171 2699 praesertim
3212 2639 3333 2679 eum
3377 2639 3483 2678 non
3528 2624 3627 2693 ipsi

2048 2726 2147 2779 Soli
2173 2768 2187 2792 ,
2210 2724 2304 2780 sed
2336 2730 2413 2778 tot
2436 2720 2657 2777 camelis
2684 2720 2842 2775 etiam
2863 2718 3077 2773 oli'erret
3103 2731 3284 2771 curam
3308 2723 3365 2770 et
3388 2714 3629 2768 ministe-

2049 2818 2207 2871 rium.
2235 2816 2519 2885 Postquam
2563 2822 2740 2869 autem
2795 2812 3149 2879 introgressus
3195 2817 3278 2863 est
3321 2805 3626 2875 hospitium,

2044 2909 2154 2977 jam
2178 2908 2342 2977 magis
2369 2905 2648 2960 considera
2675 2902 2812 2958 servi
2836 2900 3187 2971 prudentiam.
3213 2897 3465 2967 Apposita
3488 2895 3627 2950 enim

2051 3013 2232 3053 mensa
2252 3039 2267 3063 ,
2295 2997 2482 3066 inquit,
2513 2994 2634 3049 Non
2669 2995 2809 3062 prius
2836 2992 3001 3046 cibum
3032 2990 3229 3060 capiam
3262 3003 3412 3054 quam
3455 2985 3632 3054 loquar

2052 3091 2196 3146 verba
2217 3107 2329 3144 mea
2356 3088 2507 3157 (Gen.
2539 3088 2630 3142 24.
2655 3087 2769 3156 '53).
2797 3083 2932 3140 Vide
2958 3097 3116 3155 quam
3149 3080 3370 3151 vigilans
3395 3077 3550 3133 fuerit
3578 3086 3635 3131 et

2052 3181 2299 3237 sobrius?

2124 3272 2401 3326 Abraltami
2427 3271 2663 3342 potentia.
2692 3268 2818 3323 Cum
2852 3277 3042 3338 quanta
3083 3265 3329 3336 sapientia
3368 3280 3399 3316 a
3440 3263 3637 3332 [annuo

2054 3363 2304 3417 laudetur.
2359 3361 2462 3416 Deo
2508 3361 2711 3429 auspice
2748 3374 2861 3426 qua:
2902 3359 3033 3428 ï¬unt
3072 3357 3192 3411 bene
3233 3354 3523 3409 succedunt.
3562 3382 3631 3393 -â€”-

2058 3453 2257 3510 Deinde
2287 3463 2565 3524 postquam
2596 3452 2910 3521 permissum
2936 3458 3020 3505 est
3041 3447 3091 3504 ei
3115 3448 3293 3502 dicere
3317 3488 3332 3512 ,
3360 3446 3631 3500 videamus

2055 3544 2321 3616 quomodo
2346 3544 2462 3597 illos
2482 3541 2785 3612 alloquitur.
2803 3540 2940 3594 Num
2964 3539 3063 3594 ista
3081 3538 3238 3591 verba
3263 3535 3328 3590 ad
3348 3550 3443 3592 eos
3465 3535 3631 3592 dixit:

2057 3635 2252 3690 Herum
2277 3648 2337 3690 se
2361 3633 2558 3687 habere
2583 3632 2842 3686 illustrem
2867 3638 2921 3685 et
2947 3628 3301 3698 splendidum,
3321 3626 3633 3681 honoratum

2058 3727 2125 3783 ab
2149 3726 2416 3791 onmibus,
2442 3725 2613 3780 virum
2639 3737 2844 3792 magna:
2869 3720 3198 3775 auctoritatis
3221 3718 3359 3789 apud
3384 3720 3526 3774 cives
3546 3734 3634 3773 re-

2058 3818 2231 3888 gionis
2255 3857 2269 3880 ,
2302 3816 2353 3870 in
2378 3832 2482 3885 qua
2510 3827 2618 3869 tum
2648 3813 2903 3883 degeret?
2929 3810 3161 3866 Tametsi
3194 3820 3431 3880 poterat,
3462 3812 3507 3865 si
3538 3824 3634 3863 vo-

2065 3911 2289 3975 luisset,
2322 3910 2437 3962 luce
2461 3922 2588 3962 vero
2609 3906 2789 3961 dicere
2815 3921 2828 3957 :
2862 3904 3059 3959 etenim
3083 3913 3346 3971 tamquam
3376 3916 3463 3956 res
3488 3901 3635 3956 cole-

2062 4004 2215 4058 batur
2242 4001 2309 4054 ab
2332 3999 2448 4070 ejus
2472 3998 2701 4053 nationis
2732 3995 3050 4050 hominibus.
3096 3994 3340 4048 Attamen
3378 3993 3506 4047 nihil
3538 3993 3637 4047 ho-

2061 4111 2178 4149 rum
2205 4094 2377 4158 dixit,
2408 4091 2502 4147 sed
2530 4091 2742 4146 omissis
2771 4090 2905 4154 istis,
2931 4104 3051 4158 quce
3079 4086 3219 4157 apud
3249 4086 3492 4141 homines
3516 4093 3640 4140 sunt

2064 4189 2116 4243 in
2142 4187 2329 4258 pretio,
2352 4202 2381 4240 a
2404 4186 2584 4241 divino
2610 4199 2730 4238 eum
2762 4182 2939 4237 favore
2964 4178 3303 4235 commendat
3326 4176 3410 4233 his
3432 4176 3641 4232 verbis:

2067 4277 2179 4351 Ego
2207 4277 2430 4333 Abralne
2465 4292 2655 4332 servus.
2703 4274 2946 4328 Dominus
2992 4271 3242 4326 benedixit
3287 4269 3490 4323 domino
3535 4284 3650 4321 meo

2066 4369 2230 4436 valde,
2258 4368 2600 4436 exaltatuqu
2626 4374 2715 4427 est,
2746 4373 2791 4418 et
2819 4363 2955 4418 dedit
2981 4364 3025 4415 ei
3054 4379 3167 4416 oves
3196 4369 3243 4416 et
3270 4360 3437 4425 boves,
3463 4375 3650 4429 argen-

2068 4472 2170 4515 tum
2193 4469 2237 4513 et
2266 4473 2445 4511 aurum
2476 4456 2637 4524 (Gen.
2663 4456 2752 4508 24.
2777 4454 2864 4510 54.
2895 4453 2963 4507 55
2986 4452 3026 4521 ).
3059 4451 3275 4505 Divitias
3300 4450 3415 4519 ejus
3443 4464 3646 4503 metuo-

2070 4560 2187 4612 rat,
2215 4562 2321 4603 non
2348 4556 2403 4599 ut
2430 4544 2736 4613 epulentum
2762 4583 2778 4608 ,
2808 4541 2899 4596 sed
2939 4549 2996 4594 ut
3034 4540 3176 4609 pium
3206 4553 3326 4592 esse
3354 4537 3602 4591 ostendat
3627 4577 3640 4598 ,

2073 4642 2173 4695 hoc
2198 4637 2411 4692 nomine
2435 4634 2655 4689 laudans
2682 4630 2824 4703 quod
2853 4646 2881 4684 a
2928 4631 3035 4685 Deo
3062 4628 3177 4684 haec
3203 4627 3508 4696 acceperit,
3540 4642 3649 4679 non

2070 4729 2212 4800 quod
2241 4738 2501 4782 tantarum
2533 4738 2710 4779 rerum
2751 4722 2821 4776 sit
2859 4720 3130 4779 dominus.
3174 4718 3373 4773 Deinde
3417 4717 3649 4786 loquitur

2071 4823 2136 4875 tle
2163 4833 2361 4889 sponso
2389 4834 2402 4869 :
2433 4815 2499 4869 Et
2522 4813 2711 4885 peperit
2750 4811 2910 4872 Sara,
2962 4826 3091 4863 uxor
3115 4809 3306 4862 domini
3335 4807 3464 4871 mei,
3489 4807 3649 4873 ï¬lium

2073 4913 2275 4966 domino
2302 4926 2411 4962 meo
2426 4910 2537 4975 jam
2564 4904 2670 4959 seni
2695 4902 2849 4973 (Gen.
2876 4902 2965 4957 â€˜24.
2995 4902 3110 4972 56).
3139 4900 3235 4955 Hic
3256 4911 3310 4954 et
3334 4906 3515 4969 partus
3545 4912 3652 4949 mo-

2074 5006 2200 5059 dum
2228 5000 2546 5063 subindiCat,
2575 4998 2774 5052 docens
2798 4994 2937 5065 quod
2962 5002 3015 5051 et
3045 5001 3226 5062 partus
3248 4990 3296 5043 ei
3322 4989 3497 5043 divina
3528 5002 3655 5052 pro-

2078 5094 2307 5149 videntia
2336 5102 2623 5146 concessus
2662 5087 2771 5153 sit,
2813 5099 2917 5140 non
2955 5092 3156 5141 natura:
3192 5079 3398 5135 ordine.
3428 5078 3566 5146 Ergo
3599 5084 3656 5128 tu

2076 5199 2287 5256 quoque
2315 5181 2427 5237 sive
2460 5193 2736 5249 sponsum,
2764 5177 2876 5229 sive
2900 5187 3147 5242 sponsam
3178 5184 3407 5241 qumras,
3441 5167 3543 5222 hoc
3568 5166 3653 5222 in-

2077 5276 2228 5346 quire
2267 5282 2390 5327 ante
2436 5270 2611 5327 omnia
2637 5310 2652 5334 ,
2693 5268 2831 5325 sitne
2873 5264 3082 5346 amicus!
3107 5262 3263 5346 Deo,
3317 5275 3389 5346 an
3434 5257 3655 5346 multam

2080 5338 2290 5414 sursum
2321 5354 2561 5415 obtineat
2588 5349 3029 5407 benevolentiam.
3062 5344 3118 5400 Si
3148 5344 3287 5406 enim
3316 5341 3429 5405 haec
3457 5338 3654 5399 adsint.

2080 5457 2466 5520 consequenter
2504 5455 2556 5501 et
2591 5445 2694 5500 alia
2724 5460 2737 5497 :
2766 5443 2847 5497 sin
2885 5450 3062 5495 autem
3098 5436 3304 5500 desint,
3334 5431 3541 5488 etiamsi
3570 5446 3661 5486 ros

2084 5541 2352 5598 familiaris
2377 5538 2586 5593 abunde
2613 5539 2887 5604 suppetat,
2915 5529 3048 5587 nihil
3080 5524 3337 5599 proderit.
3368 5523 3567 5579 Deinde
3593 5539 3659 5577 ne

2084 5636 2262 5693 audiat
2281 5634 2348 5690 ab
2372 5633 2469 5693 eis,
2498 5630 2606 5685 Cur
2634 5630 2790 5699 igitur
2815 5624 3008 5679 nullam
3040 5619 3338 5689 indigenam
3362 5618 3414 5672 in
3440 5631 3656 5673 uxorem

2089 5728 2321 5800 accipit?
2355 5725 2614 5786 Adinrarit
2645 5737 2757 5780 me.
2788 5716 2996 5789 inquit,
3025 5713 3254 5767 dominus
3288 5729 3431 5767 meus
3458 5712 3659 5771 dicent.
