4058 6258
400 268 507 323 959

402 385 518 440 Non
542 387 757 457 accipies
779 401 983 441 uaorem
1003 387 1109 454 filio
1133 403 1240 440 meo
1260 403 1323 440 ea;
1340 388 1542 456 ﬁliabus
1557 388 1985 458 Chunameorum,

396 480 485 533 sed
508 479 576 534 ad
599 479 803 533 domum
829 479 987 544 patris
1010 495 1105 533 met
1137 480 1473 548 proﬁcisceris
1497 523 1511 543 ,
1545 493 1588 535 et
1615 484 1679 538 de
1710 485 1845 539 tribu
1875 501 1984 538 meo

389 570 608 638 accipies
634 585 843 624 uxorem
871 568 979 636 ﬁlio
1005 586 1114 624 meo
1143 570 1294 640 (Gen.
1313 570 1403 626 24.
1426 573 1514 627 57.
1545 573 1659 643 58).
1680 574 1785 630 Sed
1804 591 1871 629 ne
1899 585 1981 629 to-

398 671 505 714 tam
547 659 822 714 historiam
866 659 919 714 in
966 660 1198 715 medium
1234 661 1518 719 aﬂ‘crentes
1550 665 1767 720 molesti
1797 665 1982 720 vidca-

391 766 529 813 mur,
562 749 626 803 ad
652 750 809 809 tinent
841 759 1195 809 transeamus.
1220 750 1354 808 Cum
1374 754 1517 808 enim
1544 755 1829 819 retulisset,
1853 770 1984 825 quo-

392 844 551 899 modo
576 844 903 907 ,adlontem.
939 846 1202 901 adstiterit
1227 888 1240 906 .
1285 847 1411 916 quid
1440 862 1469 901 a
1510 849 1680 918 puella
1721 849 1931 917 petierit
1961 890 1977 917 ,

390 935 658 1003 quomodo
697 935 786 990 illa
829 937 947 1005 plus
988 952 1145 1006 quam
1180 939 1399 1006 petitum
1425 947 1567 994 esset
1593 938 1819 1004 dederit,
1845 954 1983 1009 quo-

393 1027 554 1080 modo
583 1028 720 1082 Deus
751 1028 1015 1083 mediator
1040 1029 1216 1096 fuerit,
1244 1043 1474 1100 cumque
1497 1030 1675 1084 omnia
1701 1030 1985 1100 diligenter

395 1117 711 1183 nuntiasset,
744 1120 1009 1173 sermonis
1039 1118 1196 1175 linem
1231 1119 1370 1175 fecit.
1401 1119 1493 1174 His
1517 1121 1765 1175 omnibus
1788 1120 1983 1177 auditis

394 1209 466 1275 illi
515 1225 620 1281 non
664 1212 893 1282 amplius
940 1211 1365 1277 dubitaverunt,
1415 1227 1588 1284 neque
1625 1212 1985 1283 neglexerunt

392 1314 529 1367 rem,
559 1301 650 1356 sed
691 1302 842 1369 quasi
869 1303 1125 1358 divinitus
1154 1303 1422 1369 instincti,
1455 1305 1573 1359 sine
1598 1318 1745 1358 mora
1774 1301 1825 1359 ei
1857 1319 1980 1374 pro-

396 1393 656 1448 miserunt
693 1395 876 1449 ﬁliam.
920 1395 1433 1466 Respondentcsque
1464 1395 1640 1450 Laban
1671 1404 1722 1452 et
1762 1395 1983 1452 Bathuel

394 1483 640 1540 dixerunt
672 1503 686 1540 :
721 1485 1027 1540 Mandatum
1063 1487 1159 1541 hoc
1196 1502 1450 1556 egressum
1490 1497 1560 1540 est
1603 1504 1636 1540 a
1674 1485 1783 1541 Deo
1810 1503 1831 1541 :
1859 1485 1984 1542 Ideo

395 1591 497 1635 non
529 1592 795 1645 possumus
836 1585 937 1631 tua:
981 1577 1306 1647 postulationi
1351 1577 1708 1632 contradicere.
1755 1576 1836 1632 En
1876 1576 1980 1633 Re—

393 1663 539 1718 becca
559 1707 574 1732 ,
603 1665 724 1720 tolle
744 1682 854 1721 eam
879 1675 924 1721 et
955 1683 1192 1738 propera,
1222 1677 1270 1722 et
1297 1668 1362 1724 sit
1392 1684 1522 1722 uxor
1545 1667 1738 1723 domini
1763 1669 1857 1736 tui,
1888 1670 1984 1724 sic-

388 1763 450 1806 τα
483 1755 715 1824 loquutus
739 1766 812 1811 cst
857 1756 1102 1812 Dotninus
1135 1755 1300 1829 (Gen.
1328 1759 1419 1813 ‘24.
1448 1759 1537 1814 50.
1564 1759 1624 1814 5|
1650 1757 1691 1831 ).
1720 1758 1850 1828 Quis
1878 1776 1981 1813 non

394 1848 831 1918 obstupesceret?
855 1851 976 1921 quis
1000 1866 1105 1905 non
1133 1850 1509 1919 admiraretur,
1536 1861 1734 1923 quanta
1762 1853 1985 1925 impedi?

401 1949 576 1998 noema
600 1939 754 1996 brevi
784 1942 1042 2012 temporis
1062 1952 1336 1998 momento
1362 1945 1567 2000 sublata
1591 1944 1743 2000 sint?
1769 1946 1981 2001 Etenim

397 2032 480 2086 vel
505 2034 644 2102 quod
668 2033 862 2105 hOSpes
883 2035 1128 2102 erat,'vel
1154 2035 1295 2104 quod
1323 2051 1530 2103 servus,
1559 2038 1642 2093 vel
1668 2037 1810 2108 quod
1835 2038 1985 2109 igno-

399 2133 487 2177 tus
509 2165 525 2188 ,
553 2123 637 2178 vel
665 2125 806 2193 quod
837 2125 1053 2197 longum
1081 2134 1228 2181 esset
1254 2125 1460 2182 itineris
1491 2128 1824 2184 intervallum
1850 2170 1866 2195 ,
1899 2130 1983 2186 vel

395 2213 537 2282 quod
566 2230 666 2271 nec
693 2230 870 2282 socer,
903 2232 1003 2273 nec
1032 2231 1262 2288 sponsus
1284 2259 1300 2283 ,
1341 2233 1515 2289 neque
1541 2219 1678 2274 alius
1701 2235 1767 2275 ex
1796 2235 1982 2276 eorum

397 2308 715 2364 necessariis
754 2319 913 2363 notus
953 2318 1069 2364 erat
1092 2352 1107 2378 ,
1137 2309 1325 2365 horum
1355 2312 1780 2382 unumquodque
1807 2329 1900 2383 per
1924 2328 1985 2369 se

394 2397 526 2453 satis
543 2410 659 2453 erat
680 2399 1068 2469 impedimenti,
1089 2402 1374 2471 quominus
1396 2402 1499 2457 hoc
1522 2402 1842 2459 connubium
1864 2418 1985 2458 suc-

398 2485 617 2543 cederet
651 2506 665 2542 :
696 2499 930 2545 attamen
959 2491 1074 2545 hare
1099 2492 1347 2548 universa
1376 2491 1552 2548 facilia
1578 2503 1703 2548 sunt
1733 2494 1939 2549 reddita
1962 2535 1978 2561 ,

395 2587 449 2630 et
479 2577 618 2633 haud
647 2594 803 2636 secus
826 2597 987 2651 quam
1018 2582 1062 2637 si
1091 2592 1250 2638 notus
1280 2594 1445 2649 esset,
1474 2584 1844 2657 babitaretque
1863 2601 1984 2657 pro-

398 2682 464 2736 pe
485 2709 499 2733 ,
529 2679 586 2723 et
613 2679 776 2726 totam
805 2680 1019 2728 tetatem
1049 2689 1171 2729 cum
1201 2675 1281 2730 eis
1307 2685 1550 2733 versatus
1579 2676 1804 2747 fuisset,
1831 2695 1983 2735 com-

397 2759 656 2819 miserunt
680 2776 933 2832 sponsam
955 2765 1073 2834 ejus
1100 2765 1256 2833 ﬁdei,
1284 2766 1385 2823 hac
1412 2767 1482 2823 de
1508 2784 1690 2837 causa,
1718 2772 1860 2841 quod
1889 2788 1976 2827 au-

397 2853 546 2922 spice
578 2853 689 2909 Deo
716 2870 805 2911 res
833 2858 1106 2928 agebatur.
1131 2858 1279 2915 Sicut
1302 2861 1445 2915 enim
1474 2862 1519 2915 si
1549 2861 1675 2932 quid
1701 2877 1766 2918 eo
1793 2878 1981 2934 parum

395 2943 609 3002 favente
634 2948 1028 3019 aggrediamur,
1050 2951 1256 3006 etiamsi
1275 2952 1451 3008 ornnia
1471 2954 1579 3009 sint
1604 2955 1755 3023 plana
1781 2963 1837 3010 et
1857 2953 1986 3011 faci-

400 3037 466 3091 lia
490 3080 505 3101 ,
541 3043 820 3110 voragines
846 3051 901 3097 et
926 3044 1168 3099 salebras
1192 3052 1248 3100 et
1275 3045 1580 3102 innumeras
1609 3046 1985 3105 frustrationes

396 3126 570 3182 obiter
592 3128 913 3185 attendimus
947 3149 960 3185 :
989 3132 1068 3187 sic
1092 3133 1280 3188 eodem
1308 3148 1570 3203 praesente
1595 3145 1648 3191 et
1677 3136 1980 3206 adjuvante,

395 3215 519 3269 licet
541 3218 720 3272 omuia
746 3234 867 3289 quae
895 3220 1152 3278 habemus
1175 3237 1287 3292 prus
1316 3226 1558 3279 manibus
1575 3265 1593 3292 ,
1621 3226 1730 3280 sint
1754 3225 1983 3297 inmedi-

395 3306 631 3371 tissima,
667 3310 819 3377 plana
849 3310 982 3366 ﬁunt
1008 3321 1063 3367 et
1100 3311 1296 3368 facilia.
1332 3314 1472 3370 Nihil
1515 3314 1786 3386 igitur'vel
1815 3320 1980 3374 facia-

398 3412 538 3462 mus,
569 3399 649 3453 vel
676 3400 947 3468 dicamus,
980 3405 1078 3459 nisi
1108 3405 1352 3462 invocato
1376 3407 1624 3476 Numine,
1653 3420 1710 3465 ut
1741 3426 1825 3467 res
1849 3426 1983 3483 quas

392 3498 695 3546 tractamus.
713 3494 906 3563 dirigat
924 3536 938 3560 ,
969 3506 1026 3550 ut
1051 3496 1141 3551 ille
1166 3495 1311 3552 fecit.

459 3581 519 3637 9.
559 3583 712 3640 Nune
774 3587 1069 3651 videamus,
1121 3600 1399 3660 postquam
1445 3608 1563 3648 eam
1605 3596 1831 3665 accepit,
1875 3611 1985 3665 quo

381 3683 551 3741 macto
584 3674 810 3732 adornet
843 3680 1071 3746 nuptias.
1113 3680 1249 3736 Num
1282 3684 1543 3753 cymbala,
1584 3685 1811 3752 fistulas,
1853 3687 1982 3741 cho-

378 3779 536 3831 reas,
570 3775 840 3838 tympana,
872 3769 1027 3825 tibias
1069 3786 1250 3828 secum
1288 3776 1466 3837 traxit,
1511 3776 1846 3846 reliquasque
1888 3792 1984 3846 ap—

378 3867 613 3926 paratus
637 3860 885 3928 species?
910 3861 1048 3917 Nihil
1078 3863 1289 3931 horum,
1327 3865 1421 3921 sed
1450 3867 1536 3921 illa
1566 3868 1677 3921 sola
1709 3877 1981 3936 assumpta

393 3947 540 4015 abiit,
574 3950 873 4009 deducentc
909 3964 965 4008 et
1001 3955 1290 4009 (-otnitaMe
1336 3957 1545 4026 angelo,
1591 3974 1751 4028 quem
1797 3959 1977 4026 herus,

388 4037 521 4094 dum
574 4040 826 4097 famulum
866 4058 898 4098 e
928 4044 1090 4098 domo
1125 4045 1436 4110 dimitteret,
1481 4063 1582 4101 una
1631 4049 1765 4104 mitti
1814 4065 1844 4104 a
1872 4051 1985 4105 Deo

391 4135 614 4204 supplex
667 4136 1063 4203 impetraverat.
1110 4139 1284 4205 Atque
1321 4137 1393 4193 ita
1437 4138 1730 4194 ducebatur
1781 4155 1978 4209 sponsa

394 4220 556 4277 nullis
584 4224 727 4279 tibiis
752 4233 806 4278 et
828 4224 1046 4278 citharis
1070 4225 1455 4291 occinentibus,
1503 4228 1598 4283 sed
1627 4230 1920 4286 innumeris
1948 4247 1979 4288 a

382 4315 509 4368 ‘Deo
532 4321 896 4381 eaputornata
929 4314 1405 4384 benedictionibus,
1450 4321 1564 4375 vice
1603 4334 1817 4376 corona:
1857 4337 1979 4392 pre-

381 4403 629 4457 ‘tiosioris
658 4404 845 4471 quovis
871 4403 1192 4460 diademate.
1214 4406 1526 4483 Ducebatur
1547 4418 1724 4467 autem
1753 4428 1977 4469 nouau-

389 4496 522 4550 ratis
557 4497 750 4551 amicta
782 4496 1039 4566 veStibus,
1070 4500 1161 4554 sed
1202 4511 1388 4555 ornata
1426 4503 1709 4570 modestia,
1758 4506 1974 4576 pietate,

393 4584 1382 4659 hospita!itate,c:rterisquevirtutibus
1393 4593 1659 4650 omnibus.
1678 4596 1978 4654 Ducebatur

389 4693 499 4733 non
527 4678 580 4733 in
603 4689 858 4749 carpento
893 4692 1182 4749 camerato,
1204 4692 1293 4738 aut
1317 4693 1570 4755 apparatu
1593 4685 1772 4757 aliquo
1790 4688 1971 4757 simili,

387 4767 484 4822 sed
524 4770 746 4824 .camelo
797 4770 1052 4825 insidens.
1098 4771 1229 4828 Nam
1271 4778 1469 4843 praeter
1508 4775 1731 4832 virtutes
1786 4780 1968 4847 animi,

391 4860 553 4915 etiam
583 4874 807 4931 corpora
846 4862 1109 4933 virginum
1140 4864 1267 4919 olim
1296 4864 1495 4933 optima
1521 4867 1739 4923 fuerunt
1768 4869 1971 4925 habitu-

385 4951 532 5006 dine.
564 4951 682 5007 Non
722 4953 865 5007 enim
912 4953 994 5009 sic
1017 4954 1380 5029 educabantur
1417 4971 1446 5010 a
1476 4958 1754 5025 matribus,
1805 4970 1863 5014 ut
1903 4960 1977 5016 iit

389 5044 570 5110 hodie,
599 5047 786 5101 crebra
814 5045 955 5101 inter
982 5059 1248 5118 unguenta
1276 5056 1332 5104 et
1354 5047 1563 5118 balnea,
1597 5049 1774 5106 fucum
1804 5060 1861 5107 et
1892 5053 1977 5122 pia

388 5143 626 5206 gmenta.
657 5135 710 5190 in
736 5136 985 5197 mollibus
1012 5138 1355 5207 indumentis,
1384 5141 1608 5210 aliisque
1636 5142 1970 5214 corruptela-

384 5226 531 5284 rum'
554 5227 729 5284 modis
775 5228 1072 5286 innumeris
1094 5273 1110 5297 ,
1153 5231 1348 5302 quibus
1369 5231 1497 5288 ﬁant
1518 5233 1792 5305 plusquam
1814 5235 1973 5291 decet

387 5318 672 5375 mollicula:
714 5336 736 5373 -:
796 5319 891 5375 sed
944 5320 1117 5377 modis
1162 5321 1409 5377 omnibus
1454 5321 1585 5377 dura
1629 5332 1741 5379 erat
1787 5339 1968 5380 earum

387 5408 653 5465 educatio.
703 5410 1065 5479 Quamobrem
1115 5420 1168 5467 et
1216 5413 1458 5482 corporis
1503 5413 1679 5469 nativa
1710 5413 1971 5471 ﬂorebant

392 5497 823 5569 pulchritudine,
862 5502 1029 5571 nullis
1062 5502 1257 5573 adjutus
1290 5504 1846 5561 externis-lenociniis
1867 5548 1881 5573 ,
1916 5517 1971 5563 et

390 5589 701 5647 valetudine
727 5582 879 5663 atque
909 5586 1044 5649 felici
1068 5610 1129 5650 ae
1156 5596 1320 5651 forma
1354 5586 1684 5660 intebantur,
1716 5599 1859 5653 nulla
1889 5600 1971 5655 in-

376 5682 610 5740 festante
645 5685 990 5755 mgritudiue.
1030 5687 1375 5759 ahlcgataque
1415 5689 1559 5744 omni
1592 5688 1833 5745 mollitie.
1863 5689 1966 5745 La-

1115 271 1171 324 S.
1213 270 1489 328 JOANNIS
1526 272 1997 351 CIIBYSOSTOMI
2043 271 2358 329 ARCHIEP.
2396 268 2932 329 CONSTANTINUP.

3566 270 3670 324 2m

2092 391 2253 448 bores
2299 391 2444 445 enim
2472 397 2528 444 et
2555 403 2720 459 Opera
2746 429 2761 452 ,
2803 388 2998 458 quibus
3031 389 3420 445 exercebantur
3442 426 3458 451 ,
3489 388 3629 439 varia
3654 426 3668 447 ,

2087 482 2399 551 languorem
2427 496 2641 537 omnem
2668 480 2962 549 pellebant,
2991 481 3156 547 robur
3179 488 3360 536 autem
3383 490 3438 534 et
3466 478 3668 533 sanita-

2090 583 2194 629 tem
2226 581 2390 627 tutam
2408 573 2487 628 eis
2512 572 2888 638 conciliabant,
2912 572 3313 643 reddebantque
3335 580 3484 626 tanto
3499 573 3665 641 magis

2088 667 2293 721 maritis
2311 674 2491 737 gratas
2519 674 2575 720 et
2600 665 2860 720 amabiles
2885 683 2899 721 :
2932 666 3009 720 sic
3035 666 3180 721 enim
3218 680 3322 719 non
3356 664 3531 719 solum
3551 678 3672 718 eor-

2089 771 2241 828 pora,
2298 756 2397 813 sed
2428 766 2483 813 et
2531 757 2693 810 animi
2750 756 2802 810 in
2854 756 3044 810 melius
3088 754 3456 826 proﬁciebant.
3513 752 3673 808 Vecta

2088 850 2248 919 igitur
2292 848 2500 903 camelo
2542 856 2826 918 postquam
2899 847 2965 901 ad
3027 846 3349 901 destinatam
3402 845 3673 915 regionem

2092 939 2354 1010 pervenit,
2373 939 2598 995 sublatis
2620 939 2804 1008 procul
2833 939 3001 993 oculis
3017 939 3149 994 vidit
3167 938 3426 1004 lsaacum,
3450 951 3678 1007 moxque

2085 1046 2115 1086 a
2144 1033 2352 1089 camelo
2383 1032 2603 1090 desiliit.
2638 1031 2804 1088 Vides
2829 1031 3037 1086 robur?
3065 1030 3215 1087 vides
3238 1031 3434 1087 bonam
3463 1028 3676 1087 habitu-

2088 1123 2386 1181 dinem‘lA
2417 1123 2626 1179 camelo
2671 1123 2888 1179 desiliit.
2930 1123 3158 1177 Tantum
3204 1122 3278 1177 illi
3322 1122 3517 1176 virium
3574 1136 3675 1174 una

2086 1230 2211 1271 cum
2242 1215 2499 1270 modestia
2530 1223 2830 1286 supererat.
2857 1214 2925 1269 Et
2952 1214 3024 1268 ait
3052 1213 3118 1268 ad
3149 1227 3360 1267 servum
3394 1230 3408 1265 :
3435 1210 3562 1275 Quis
3602 1221 3676 1263 est

2084 1306 2174 1362 ille
2219 1307 2369 1361 homo
2412 1307 2498 1377 qui
2540 1322 2835 1377 progressus
2871 1315 2945 1360 est
2989 1305 3044 1359 in
3079 1304 3361 1372 campum?
3394 1301 3672 1371 Respondit

2084 1413 2255 1452 servus
2281 1412 2303 1452 :
2328 1396 2451 1467 Ipse
2482 1407 2555 1452 est
2595 1397 2830 1450 dominus
2858 1412 3018 1451 meus.
3075 1394 3203 1448 Tum
3231 1394 3322 1448 illa
3350 1393 3522 1448 testivo
3550 1392 3669 1461 pal-

2093 1487 2215 1543 liolo
2242 1499 2444 1556 sutnpto
2471 1503 2524 1542 se
2558 1487 2791 1556 obnupsit
2809 1485 2960 1559 (Gen.
2986 1485 3076 1540 24.
3101 1483 3216 1555 65).
3240 1483 3475 1540 Observa
3500 1482 3673 1537 omnia

2087 1580 2267 1634 testari
2315 1578 2432 1649 ejus
2477 1577 2830 1646 modestiam,
2856 1592 3015 1649 quam
3053 1577 3257 1646 pudens
3284 1584 3397 1631 erat
3427 1590 3490 1630 ac
3520 1589 3676 1631 vere-

2084 1671 2280 1727 cunda.
2325 1671 2394 1726 Et
2448 1671 2640 1744 accepit
2685 1687 2797 1725 eam
2837 1687 3048 1726 uxorem
3103 1670 3274 1736 Isaac,
3320 1670 3590 1739 dilexitque
3622 1670 3679 1722 in

2087 1771 2281 1816 tantum
2332 1770 2389 1817 ut
2437 1762 2611 1816 leniret
2657 1762 2883 1816 dolorem
2908 1803 2923 1826 ,
2966 1763 3051 1832 qui
3097 1762 3176 1815 illi
3216 1778 3280 1816 ex
3307 1771 3467 1815 morte
3502 1759 3680 1816 Sarra:

2092 1854 2271 1908 matris
2300 1854 2552 1908 acciderat
2588 1853 2608 1924 (
2639 1852 2767 1908 Gen.
2797 1853 2886 1908 24.
2911 1853 2975 1908 67
2994 1855 3034 1923 ).
3067 1852 3192 1908 llaec
3220 1867 3324 1907 non
3368 1863 3568 1908 temere
3595 1853 3679 1906 di-

2086 1957 2298 2013 cuntur,
2327 1946 2466 2017 quod
2507 1946 2749 2002 dilexerit
2779 1960 2899 2001 eam
2930 1986 2945 2011 ,
2978 1945 3225 2016 quodque
3269 1959 3368 2016 pro
3416 1944 3678 2000 solamine

2091 2039 2268 2093 luctus
2294 2037 2559 2101 habuerit,
2590 2036 2683 2092 sed
2714 2044 2772 2091 ut
2796 2036 2992 2099 discas,
3019 2035 3214 2104 quibus
3241 2034 3402 2089 rebus
3434 2034 3524 2088 illa
3553 2048 3671 2087 ma-

2086 2129 2247 2183 ritum
2295 2129 2352 2183 in
2388 2135 2627 2182 amorem
2674 2127 2756 2182 sui
2801 2126 3077 2196 pellexerit
3102 2167 3116 2189 ,
3147 2138 3282 2195 quas
3307 2123 3467 2178 domo
3495 2137 3675 2177 secum

2089 2219 2363 2275 attulerat.
2396 2217 2528 2285 Quis
2548 2217 2691 2272 enim
2721 2217 2881 2272 talem
2933 2231 3041 2270 non
3088 2214 3361 2269 adamaret
3380 2255 3395 2280 ,
3425 2223 3533 2267 tam
3558 2227 3677 2267 mo-

2089 2309 2299 2364 destam
2319 2349 2334 2375 ,
2367 2317 2473 2363 tam
2502 2307 2805 2369 honestam,
2829 2316 2936 2360 tam
2977 2305 3295 2376 hospitalem
3319 2346 3335 2372 ,
3366 2305 3671 2367 humanam,

2090 2410 2146 2457 et
2173 2400 2483 2468 amabilem,
2511 2399 2701 2455 fortem
2724 2400 2904 2454 animo
2926 2408 2983 2453 et
3007 2396 3235 2451 validam
3255 2397 3519 2465 corpore?
3548 2394 3673 2449 [late

2088 2492 2243 2559 dixi,
2276 2501 2334 2547 ut
2363 2508 2470 2547 non
2510 2492 2735 2547 audiatis
2767 2499 2968 2545 tantum
2990 2531 3005 2556 ,
3036 2497 3128 2544 aut
3160 2488 3358 2543 auditis
3387 2488 3676 2558 applanda-

2087 2586 2157 2643 tis
2187 2627 2203 2652 ,
2235 2586 2332 2641 sed
2366 2594 2424 2641 ut
2449 2586 2607 2640 etiam
2630 2582 2976 2639 temulemini.
3009 2581 3079 2636 Et
3105 2590 3283 2651 patres
3310 2579 3523 2650 quidem
3546 2593 3673 2650 pro-

2092 2677 2385 2733 videntiam
2431 2675 2750 2747 patriarcha:
2794 2673 3096 2739 imitamini,
3152 2687 3255 2743 qua
3317 2686 3444 2727 usus
3490 2681 3572 2726 est
3618 2671 3675 2725 in

2093 2769 2329 2840 paranda
2365 2783 2534 2824 uxore
2557 2767 2788 2838 simplici
2813 2807 2829 2833 ,
2863 2781 2973 2821 non
2999 2765 3255 2835 pecunias
3278 2779 3546 2834 murreus,
3566 2779 3674 2818 non

2087 2860 2429 2931 splendorem
2471 2860 2685 2930 generis
2706 2899 2721 2925 ,
2753 2873 2859 2913 non
2906 2856 3354 2927 pulchritudinem
3390 2858 3632 2926 corporis
3654 2898 3673 2924 ,

2087 2966 2194 3007 non
2226 2950 2371 3006 aliud
2402 2949 2689 3022 quidquam
2721 2956 2920 3019 praeter
2937 2947 3354 3018 generositatem
3378 2947 3564 3000 animi.

2160 3040 2428 3107 Quomodo
2458 3040 2746 3097 erudienda
2771 3041 2896 3109 [ilia
2918 3056 2951 3093 α
2976 3038 3239 3093 matribus.
3271 3067 3345 3079 -—
3363 3036 3474 3092 Vos
3497 3047 3673 3093 autem

2087 3144 2285 3190 matres
2312 3173 2329 3202 ,
2358 3133 2480 3190 date
2524 3142 2741 3203 operam
2787 3142 2842 3187 ut
2874 3131 2941 3186 ad
2990 3131 3131 3184 hunc
3169 3129 3383 3184 modum
3431 3129 3672 3185 educetis

2087 3235 2295 3282 vestras
2339 3224 2495 3279 tilias.
2545 3223 2715 3283 Porro
2754 3222 2937 3293 sponsi
2988 3220 3079 3292 qui
3140 3234 3235 3274 eas
3275 3219 3488 3274 ducturi
3526 3231 3671 3283 sunt,

2086 3318 2284 3373 ducant
2313 3332 2436 3372 cum
2463 3317 2744 3371 honestate
2782 3315 2941 3370 simili
2967 3357 2982 3379 ,
3009 3313 3428 3369 exterminantes
3458 3314 3625 3367 risum
3650 3355 3665 3378 ,

2085 3409 2314 3465 choreas
2337 3450 2353 3476 ,
2384 3407 2762 3478 turpiloqnium
2788 3447 2803 3471 ,
2853 3406 3058 3462 ﬁstulas
3082 3444 3099 3471 ,
3122 3404 3278 3461 tibias
3302 3443 3318 3469 ,
3349 3403 3669 3459 diabolicum

2088 3503 2235 3557 illum
2271 3509 2583 3572 apparatum
2619 3508 2677 3556 et
2713 3499 2919 3569 reliqua
2961 3496 3266 3568 hnjusmodi
3292 3538 3307 3563 ,
3352 3511 3670 3568 semperque

2087 3597 2396 3651 invocantes
2430 3594 2594 3649 Deum
2620 3633 2635 3658 ,
2677 3600 2735 3647 ut
2784 3591 3051 3647 mediator
3092 3589 3233 3645 adsit
3275 3588 3542 3644 actionum
3574 3604 3672 3643 uo-

2085 3695 2320 3739 strarum
2364 3683 2629 3738 omnium.
2681 3681 2737 3735 Si
2793 3681 2934 3736 enim
2989 3693 3078 3734 res
3121 3688 3332 3733 nostras
3372 3676 3476 3732 hoc
3517 3687 3668 3746 pacto

2085 3773 2527 3845 disposuerimus,
2554 3771 2758 3826 nullum
2786 3770 3076 3825 divortium
3103 3772 3223 3831 erit,
3251 3767 3397 3821 nulla
3421 3766 3669 3821 adulterii

2087 3864 2341 3934 suspicio,
2364 3872 2456 3917 aut
2484 3862 2696 3916 occasio
2726 3860 3028 3931 zelotypia',
3076 3874 3182 3912 non
3226 3859 3360 3921 rixa,
3393 3871 3501 3911 non
3541 3871 3667 3909 con-

2088 3955 2276 4020 tentio,
2299 3954 2393 4009 sed
2417 3953 2579 4010 multa
2606 3951 2848 4006 fruemur
2868 3966 3027 4021 pace,
3053 3951 3325 4020 multaque
3359 3948 3664 4013 concordia,

2083 4060 2113 4098 a
2140 4044 2333 4115 quibus
2378 4058 2487 4099 non
2533 4042 2760 4098 aberunt
2805 4041 3028 4096 virtutes
3073 4051 3304 4095 caeteras.
3344 4038 3497 4094 Sicut
3522 4038 3662 4093 enim

2085 4151 2252 4191 uxore
2285 4151 2316 4191 a
2361 4136 2553 4190 marito
2581 4133 2879 4191 dissidente
2923 4132 3054 4187 nihil
3097 4131 3212 4188 sani
3236 4140 3320 4187 est
3347 4132 3400 4186 in
3429 4131 3663 4204 aedibus,

2083 4227 2290 4282 etiamsi
2318 4226 2551 4297 alioquin
2583 4240 2672 4281 res
2713 4238 2898 4280 eorum
2946 4222 3184 4278 secundo
3210 4220 3456 4278 ferantur
3490 4220 3611 4275 ﬂatu
3639 4239 3658 4277 :

2084 4318 2155 4374 ita
2198 4317 2325 4373 dum
2372 4332 2474 4387 pax
2519 4315 2787 4372 constabit
2835 4324 2888 4370 et
2926 4312 3215 4369 concordia
3241 4353 3256 4379 ,
3289 4312 3421 4367 nihil
3443 4313 3544 4368 erit
3582 4312 3661 4366 in-

2082 4424 2266 4477 suave,
2296 4408 2503 4464 etiamsi
2546 4406 2785 4479 qu0tidie
2825 4412 3179 4475 tempestates
3221 4403 3469 4459 accidant
3495 4403 3659 4473 pluri-

2083 4517 2206 4557 nue.
2253 4501 2311 4556 Si
2358 4502 2462 4556 hoc
2507 4499 2668 4556 modo
2709 4498 3136 4554 conciliabuntur
3164 4499 3388 4567 nuptiae,
3417 4496 3662 4566 perfacile

2082 4593 2376 4663 poterimus
2421 4591 2488 4645 ad
2516 4592 2767 4646 virtutem
2806 4589 3036 4668 educare
3100 4590 3319 4645 liberos.
3374 4589 3477 4645 Ubi
3521 4591 3659 4644 enim

2079 4690 2253 4738 mater
2277 4692 2385 4737 tam
2415 4681 2642 4738 honesta
2682 4680 2866 4744 fuerit,
2918 4694 2982 4736 ac
3030 4679 3213 4735 Sobria
3234 4719 3252 4745 ,
3283 4680 3535 4749 omnique
3558 4680 3662 4732 vir-

2080 4786 2192 4833 tute
2231 4775 2472 4846 praedita,
2500 4773 2741 4844 profecto
2778 4773 3029 4829 maritum
3056 4771 3325 4828 desiderio
3363 4773 3448 4826 sui
3490 4772 3662 4840 capiet

2077 4882 2140 4922 ac
2165 4865 2465 4931 devinciet;
2494 4874 2654 4934 atque
2684 4865 2756 4919 ita
2785 4862 3003 4918 habebit
3043 4877 3167 4917 eum
3192 4861 3427 4916 alacrem
3456 4861 3659 4931 adjuto-

2075 4972 2189 5012 rem
2218 4956 2269 5009 in
2300 4954 2550 5009 curandis
2577 4963 2737 5024 atque
2760 4951 3099 5008 instituendis
3118 4950 3497 5006 communibus
3524 4950 3659 5006 libe-

2077 5048 2153 5104 ris
2179 5064 2194 5115 ;
2217 5045 2482 5117 simulque
2520 5047 2685 5100 Deum
2708 5044 2779 5101 ad
2821 5042 3253 5114 prospiciendum
3277 5043 3359 5098 eis
3382 5041 3615 5098 attrahat
3639 5060 3655 5096 :

2076 5155 2184 5212 quo
2210 5139 2480 5211 aspirante
2520 5147 2627 5192 tam
2654 5137 2896 5193 honesta:
2920 5135 3367 5191 administrationi
3406 5133 3659 5190 domesti-

2075 5247 2176 5298 cm,
2200 5241 2254 5287 et
2279 5238 2569 5286 exercente
2613 5242 2902 5300 puerorum
2952 5229 3184 5295 animos,
3231 5227 3409 5282 omnia
3441 5226 3658 5297 posthac

2071 5320 2305 5394 jucunda
2335 5327 2496 5376 erunt
2521 5327 2578 5374 et
2608 5319 2798 5384 felicia,
2831 5318 2992 5374 rebus
3022 5328 3128 5373 tam
3158 5318 3299 5373 bene
3321 5316 3655 5388 compositis,

2073 5424 2129 5471 et
2168 5413 2234 5469 iis
2257 5413 2349 5484 qui
2371 5420 2607 5483 pratsunt
2643 5411 2724 5468 sic
2750 5410 2955 5467 affectis
2986 5428 3001 5466 :
3041 5411 3346 5481 poteritque
3370 5409 3655 5479 unusquis-

2074 5521 2175 5577 que
2200 5521 2305 5561 una
2342 5520 2466 5561 cum
2504 5518 2602 5560 sua
2647 5503 2830 5571 domo,
2871 5502 3121 5560 videlicet
3162 5517 3362 5568 uxore,
3393 5502 3575 5557 liberis
3595 5514 3655 5553 ac

2074 5596 2307 5663 famulis,
2332 5603 2389 5652 et
2418 5602 2734 5666 praesentem
2769 5595 2932 5650 vitam
2974 5607 3164 5651 secure
3194 5607 3450 5664 peragere
3470 5634 3485 5657 ,
3514 5602 3569 5647 et
3588 5590 3651 5646 ad

2076 5688 2329 5745 catlorum
2361 5702 2582 5761 regnum
2608 5687 2931 5760 pervenire:
2957 5701 3076 5757 quae
3102 5685 3254 5743 nobis
3283 5684 3530 5741 omnibus
3558 5695 3653 5753 per
