4058 6258
421 381 521 437 ω
1075 405 1129 456 s.
1170 401 1454 460 JOANNIS
1491 393 1980 456 Ct-IRYSOS'I‘OMI
2009 392 2330 450 ARCHIEP.
2366 387 2914 449 CONSTANTINOP.
3563 363 3670 422 9-"

427 515 515 553 σαι
549 495 683 564 βίον,
730 494 822 548 καὶ
867 495 946 558 εἰς
991 493 1088 562 τὴν
1135 492 1241 550 τῶν
1279 492 1527 565 οὐρανῶν
1570 490 1845 562 βασιλείαν
1881 491 1995 544 είσ-
2097 483 2161 546 οῖ)
2187 491 2266 563 τῷ
2291 489 2466 562 Πατρὶ
2487 489 2634 555 δόξα,
2666 489 2760 542 καὶ
2787 487 3010 560 κράτος,
3039 486 3134 538 σὺν
3156 483 3232 554 τῷ
3263 476 3523 565 ἁγίῳ-καὶ
3547 477 3671 565 Caio-

424 562 619 634 ελθεῖν·
647 577 714 651 ἦς
731 578 936 646 γένοιτο
955 576 1162 639 πάντας
1191 577 1335 645 ἡμᾶς
1350 562 1660 645 ἐπιτυχεῖν,
1693 575 1876 646 χάριτι
1899 574 1994 627 καὶ
2100 562 2246 644 ποιῷ
2266 573 2566 643 Πνεύματι,
2589 572 2683 625 νῦν
2709 571 2805 626 καὶ
2834 570 2941 632 ἀεὶ,
2973 569 3070 622 καὶ
3091 570 3172 631 είς
3193 569 3315 628 τοὺς
3345 562 3548 625 αἰῶνας
3565 562 3672 616 τῶν

426 661 802 734 φιλανθρωπίᾳ
824 659 920 714 τοῦ
944 660 1147 731 Κυρίου
1187 659 1344 730 ἡμῶν
1387 659 1562 729 Ἰησοῦ
1587 657 1844 725 Χριστοῦ,
1873 656 1993 728 μεθ’
2102 656 2330 711 αἰώνων.
2375 657 2567 726 Ἀμήν.

448 891 3646 926 ἔπ’-Μ

1315 1193 1695 1255 MONITUM
1739 1193 1847 1253 AD
1893 1191 2314 1256 HOMILIAM
2368 1193 2450 1255 IN
2500 1193 2770 1270 ILLUD,

503 1397 576 1453 De
601 1413 746 1454 anno
765 1413 875 1470 quo
899 1399 1014 1455 haec
1047 1399 1229 1455 habita
1257 1409 1341 1457 est
1367 1401 1562 1456 concio
1585 1401 1723 1456 nihil
1751 1400 2012 1456 habemus
2039 1418 2052 1456 :
2087 1411 2276 1458 aestate
2305 1402 2488 1458 solum
2523 1402 2962 1474 pronuntiatam,
3006 1414 3061 1460 et
3111 1403 3200 1461 die
3232 1413 3358 1475 post
3387 1403 3678 1462 Bomiliam

430 1515 486 1568 in
518 1521 766 1568 sanctum
798 1511 1048 1567 Barlanm
1081 1511 1405 1582 insequente
1431 1530 1498 1570 ex
1526 1513 1905 1585 Chrysostomi
1934 1515 2096 1572 dictis
2129 1515 2363 1570 eruitur.
2395 1514 2514 1571 Sub
2543 1517 2761 1572 initium
2795 1532 3030 1589 namque
3055 1517 3170 1572 ait:
3211 1515 3299 1572 Ita
3337 1527 3389 1573 et
3424 1536 3517 1590 ego
3543 1520 3678 1575 hanc

430 1621 558 1674 anni
599 1629 957 1689 tempestatem
988 1623 1217 1676 maxime
1249 1621 1454 1694 diligo;
1484 1640 1587 1678 non
1620 1625 1744 1695 quia
1772 1623 1986 1680 liberati
2019 1641 2200 1681 sumus
2229 1627 2420 1696 hieme,
2462 1645 2553 1683 nec
2593 1629 2734 1700 quod
2779 1638 2961 1684 a'state
3003 1631 3376 1701 perfruantur;
3414 1631 3507 1686 sea'
3550 1636 3678 1703 quia

429 1739 622 1791 adsunt
652 1738 962 1808 spirituales
997 1751 1202 1808 portus,
1233 1740 1325 1810 qui
1357 1755 1450 1793 nos
1507 1741 1806 1812 frequenter
1849 1743 2137 1814 excipiunt,
2179 1745 2304 1813 [esti
2335 1761 2515 1814 nempe
2545 1754 2848 1798 sanctorum
2878 1755 3172 1816 martyrum
3200 1745 3331 1800 dies.
3376 1744 3442 1800 Et
3489 1749 3679 1818 paucis

430 1851 768 1921 interpositis
797 1871 810 1907 :
852 1853 1054 1908 Horum
1086 1856 1318 1909 omnium
1347 1872 1434 1912 vos
1457 1867 1611 1912 testes
1639 1860 1783 1926 estis,
1815 1861 1906 1930 qui
1929 1861 1984 1914 in
2008 1861 2386 1918 certaminibus
2418 1863 2557 1918 beati
2593 1861 2855 1918 Barlaam
2883 1863 2995 1916 lteri
3022 1863 3268 1917 Oblectati
3289 1903 3304 1929 ,
3334 1872 3382 1917 et
3410 1880 3527 1917 cum
3556 1880 3674 1916 ma-

428 1985 531 2040 gna
567 1971 954 2042 tranquillitate
993 1975 1044 2028 in
1086 1976 1200 2040 eius
1239 1987 1448 2046 portum
1487 1979 1829 2048 festinantes,
1867 1980 2206 2036 saecularium
2247 1998 2499 2037 curarum
2539 1981 2859 2053 salsuginem
2899 1981 3157 2036 abluistis.
3206 1981 3508 2038 Antiochia:
3545 1997 3672 2036 vero

453 2251 652 2264 ...διο-α
669 2255 956 2268 ..—.-.—-

1220 2467 1393 2555 ΕΙΣ
1429 2467 1578 2552 ΤΟ
1613 2460 2429 2553 ΑΠΟΣΤΟΛΙΚΟΝ
2483 2470 2890 2557 ΡΗΤΟΝ⁸

418 2638 505 2692 οὐ
536 2636 688 2695 θέλω
723 2633 878 2707 ὑμᾶς
909 2632 1169 2704 ἀγνοεῖν,
1204 2633 1474 2704 ἀδελφοὶ,
1515 2631 1603 2686 δτι
1645 2634 1698 2685 ot
1743 2629 2013 2718 πατέρες
2037 2629 2208 2698 ἡμῶν
2228 2634 2448 2702 πάντες
2477 2638 2594 2718 om;
2628 2637 2742 2708 τὴν
2770 2638 3034 2710 νεφέλην
3060 2635 3243 2710 ἦσαν,
3299 2641 3397 2694 καὶ
3440 2641 3657 2710 πάντες

1603 2724 1700 2778 διὰ
1729 2721 1839 2791 τῆς
1863 2717 2185 2788 θαλάσσης
2212 2723 2482 2794 διῆλθον.

2091 2980 2435 3054 ἀκαθάρτων,
2483 2984 2759 3056 λογισμῶν
2791 2986 3030 3052 ἀτόπων,
3069 2985 3267 3056 πολλῆς
3296 2987 3396 3056 τῆς
3427 2990 3485 3041 ἓν
3513 2990 3654 3062 ψυχῇ

2089 3068 2380 3137 γινομένης
2401 3067 2587 3139 ζάλης,
2614 3070 2646 3138 ἡ
2673 3068 2778 3121 τῶν
2799 3068 2967 3137 ἀγίων
2993 3069 3178 3139 μνήμη
3198 3070 3404 3122 τούτων
3429 3071 3658 3143 ἐξαρπά-

484 2997 552 3046 α’.
587 2990 650 3045 Οί
675 2987 867 3042 ναῦται
892 2985 1048 3041 τοῦτο
1088 2982 1320 3056 μάλιστα
1345 2984 1556 3054 φιλοῦσι
1593 2982 1686 3036 τοῦ
1717 2963 1989 3048 πελάγους

414 3077 475 3130 τὸ
503 3073 682 3146 μέρος,
699 3074 835 3142 ὅπερ
863 3070 927 3124 ἂν
957 3068 1139 3138 λιμέσι
1171 3069 1393 3131 πυκνοῖς
1423 3067 1516 3121 καὶ
1541 3068 1725 3136 νήσοις
1747 3064 1914 3135 διειλη
1923 3080 1991 3133 μ-

417 3159 576 3228 μένον
694 3155 767 3207 To
793 3155 888 3224 μὲν
911 3152 1016 3223 γὰρ
1047 3152 1300 3220 ἀλίμενον
1337 3151 1591 3218 πέλαγος,
1623 3147 1724 3202 κᾶν
1751 3147 1989 3228 γαλήνην

414 3227 532 3312 ἔχῃ,
576 3227 740 3290 πολὺν
769 3233 998 3304 παρέχει
1027 3235 1139 3295 τοῖς
1178 3232 1401 3286 πλέουσι
1441 3232 1534 3285 τὸν
1572 3232 1770 3301 τρόμον
1794 3244 1808 3258 ·
1861 3227 1989 3312 ἔνθα

413 3324 470 3374 δὲ
490 3311 562 3375 ἂν
592 3313 726 3372 ὦσιν
754 3317 932 3385 ὅρμοι,
970 3315 1065 3367 καὶ
1097 3315 1284 3378 ἀκταὶ,
1327 3315 1423 3368 καὶ
1449 3312 1689 3382 αἰγιαλοὶ
1718 3311 1980 3381 πανταχό.

414 3405 507 3457 θεν
528 3401 895 3470 ἐκτεταμένοι,
923 3397 1062 3466 μετά
1085 3396 1284 3466 πολλῆς
1306 3397 1525 3450 πλέουσι
1550 3397 1649 3467 τῆς
1670 3394 1984 3463 ἀσφαλείας.

417 3484 534 3539 Κᾶν
562 3483 671 3556 γὰρ
697 3481 866 3554 βραχὺ
901 3479 1267 3550 διεγερθεῖσαν
1292 3481 1390 3550 τὴν
1413 3479 1685 3533 θάλασσαν
1718 3476 1886 3543 ἴδωσι,
1919 3475 1985 3528 δι’

413 3569 593 3636 ὀλίγου
620 3567 720 3638 τὴν
741 3562 1063 3634 καταφυγὴν
1093 3562 1325 3633 ἔχοντες,
1358 3562 1620 3633 ταχίστην
1648 3562 1741 3615 καὶ
1766 3559 1985 3613 εὔκολον

413 3652 520 3706 τῶν
543 3649 900 3718 ἐπικειμένων
924 3646 1106 3700 κακῶν
1127 3645 1443 3716 ἀπαλλαγὴν
1469 3645 1734 3718 εὖρασθαι
1755 3644 1985 3698 δύναιντ’

413 3737 498 3789 ἄν.
552 3735 648 3786 Διὰ
687 3732 750 3803 δὴ
787 3731 978 3795 ταῦτα,
1009 3731 1108 3801 ούχ
1135 3731 1262 3783 ὅταν
1293 3731 1520 3801 πλησίον
1557 3729 1774 3800 λιμένος
1826 3726 1987 3780 ἐλαύ-

414 3833 545 3870 νωσι
581 3817 760 3886 μόνον,
790 3814 922 3868 ἀλλά
950 3813 1054 3868 κᾶν
1077 3813 1358 3884 πόρρωθεν
1387 3807 1510 3877 ῶσι,
1543 3812 1743 3882 πολλὴν
1766 3811 1858 3865 καὶ
1880 3809 1986 3862 ἀπὸ

412 3901 511 3970 τῆς
548 3899 719 3969 ὅψεως
747 3897 949 3969 ταύτης
993 3898 1334 3969 παράκλησιν
1360 3897 1621 3966 δέχονται.
1665 3896 1738 3948 Ού
1768 3895 1877 3965 γὰρ
1911 3891 1987 3956 ὡς

413 3989 600 4055 ἔτυχεν
653 3983 831 4037 αὐτῶν
869 3982 967 4044 τὰς
1023 3981 1200 4050 ψυχάς
1250 3979 1585 4033 ἀνακτᾶσθαι
1643 3978 1852 4047 πέφυκε
1891 3976 1986 4029 καὶ

412 4068 571 4138 ὅρους
597 4066 807 4138 κορυφὴ
839 4064 1135 4134 φαινομένη
1167 4061 1468 4131 πόρρωθεν,
1499 4061 1591 4113 καὶ
1625 4061 1830 4122 καπνὸς
1862 4060 1986 4111 ἀνα-

413 4147 696 4220 θρώσκων,
722 4149 815 4201 καὶ
839 4146 1123 4214 προϐάτων
1157 4145 1379 4214 ποίμνια
1402 4143 1554 4212 παρὰ
1583 4142 1679 4212 τὴν
1709 4141 1985 4211 ὑπώρειαν

411 4232 705 4302 νεμόμενα.
753 4228 1000 4283 Ἐπειδὰν
1039 4228 1096 4280 δὲ
1134 4227 1228 4280 καὶ
1256 4227 1335 4289 εἰς
1371 4225 1503 4278 αὐτὸ
1539 4224 1633 4278 τοῦ
1673 4224 1888 4295 λιμένος
1925 4223 1985 4275 τὸ

413 4314 591 4384 στόμα
622 4313 870 4377 ἔλθωσιν,
908 4309 1198 4381 ὁλόκληρον
1233 4308 1568 4380 καρποῦνται
1600 4307 1698 4378 τὴν
1728 4306 1987 4377 εὐφροσύ-

412 4414 532 4466 νην.
564 4393 715 4467 [229]
743 4394 876 4448 Τότε
909 4393 1018 4463 γὰρ
1049 4393 1141 4447 καὶ¹
1179 4391 1371 4461 κώπην
1404 4390 1770 4451 ἀποτίθενται,
1796 4389 1890 4441 καὶ
1915 4386 1985 4440 τὰ

414 4479 642 4550 σώματα
664 4478 767 4532 ὑπὸ
791 4479 888 4548 τῆς
911 4477 1088 4548 ἅλμης
1109 4473 1536 4548 τεταριχευμένα
1559 4475 1809 4543 ποτίμοις
1833 4489 1982 4542 περι-

410 4563 696 4628 κλύζουσιν
731 4563 904 4624 ὓδασι,
929 4563 1020 4615 καὶ
1051 4564 1129 4624 εἰς
1153 4561 1242 4614 τὸν
1268 4560 1512 4629 αἰγιαλὸν
1542 4558 1868 4623 ἐξελθόντες,
1892 4557 1984 4610 καὶ

410 4650 475 4718 τῇ
511 4649 582 4717 γῇ
637 4647 828 4717 μικρὸν
878 4646 1234 4715 ὁμιλήσαντες
1291 4646 1518 4715 γυμνοῖς
1561 4645 1673 4706 τοῖς
1728 4640 1979 4710 σώμασι,

413 4732 592 4783 πᾶσαν
621 4727 714 4796 τὴε
748 4728 856 4782 ἀπὸ
891 4729 988 4799 τῆς
1021 4728 1295 4792 ναυτιλίας
1327 4727 1674 4783 ἀποτίθενται
1702 4725 1981 4778 ταλαιπω-

413 4815 554 4884 ρίαν.
594 4813 802 4883 Ὥσπερ
829 4809 921 4866 οὖν
961 4816 1157 4866 ἐκεῖνοι
1196 4812 1353 4867 τοῦτο
1384 4811 1619 4884 μάλιστα
1659 4810 1758 4879 τῆς
1784 4807 1982 4861 θαλάσς-

412 4915 510 4968 σης
536 4897 867 4962 ἀσπάζονται
904 4897 965 4949 τὸ
991 4897 1155 4968 μέρος
1189 4896 1275 4948 διὰ
1297 4895 1395 4958 τὰς
1422 4895 1632 4956 πυκνὰς
1660 4892 1861 4954 ταύτας
1887 4892 1983 4943 καὶ

410 4983 653 5049 συνεχεῖς
687 4982 1050 5042 ἀναπαύσεις·
1106 4979 1246 5032 οὕτω
1286 4978 1350 5049 δὴ
1375 4979 1468 5031 καὶ
1498 4976 1609 5046 ἐγὼ
1635 4975 1838 5045 ταύτην
1875 4974 1980 5043 μά·

407 5061 565 5116 λιστα
593 5063 729 5132 φιλῶ
758 5069 857 5134 τὴν
889 5063 1059 5134 ὥραν,
1091 5064 1191 5116 οὐκ
1223 5061 1409 5132 ἐπειδὴ
1439 5061 1706 5132 χειμῶνος
1735 5059 1980 5130 ἀπηλλά-

407 5145 609 5216 γμεθα,
641 5145 761 5198 οὐδὲ
797 5147 984 5218 ἐπειδὴ
1031 5146 1222 5217 θέρους
1247 5145 1611 5216 ἀπολαύομεν,
1638 5143 1874 5214 ζεφύρου
1903 5142 1982 5194 λι-

408 5229 552 5301 γυρά
586 5229 861 5293 πνέοντος,
892 5229 1008 5284 ἀλλ’
1062 5229 1249 5300 ἐπειδὴ
1291 5229 1416 5291 τοὺς
1460 5228 1862 5298 πνευματικοὺς
1898 5225 1982 5278 λι-

410 5314 578 5382 μένας
633 5314 828 5385 ἔχομεν
874 5313 1113 5384 συνεχῶς
1160 5311 1571 5381 διαδεχομένους
1625 5311 1772 5380 ἡμᾶς
1797 5347 1811 5372 ,
1873 5308 1980 5363 τῶν

408 5397 578 5464 ἁγίων
613 5398 906 5469 μαρτύρων
937 5397 1080 5466 λέγω
1118 5396 1218 5461 τὰς
1255 5397 1610 5467 πανηγύρεις.
1653 5393 1730 5447 Οὐ
1762 5393 1868 5464 γὰρ
1893 5393 1982 5448 οὖ-

404 5497 513 5545 τως
546 5483 594 5535 οί
631 5481 846 5552 λιμένες
889 5482 1200 5553 πλωτῆρας,
1233 5480 1308 5544 ὡς
1351 5479 1407 5532 αἱ
1439 5478 1547 5531 τῶν
1575 5478 1747 5547 ἀγίων
1774 5477 1978 5531 τούτων

405 5566 591 5630 ἑορταὶ
636 5567 761 5628 τοὺς
790 5567 1015 5628 πιστοὺς
1051 5565 1390 5620 ἀνακτᾶσθαι
1427 5563 1754 5632 πεφύκασιν.
1807 5561 1979 5615 Ἐκεῖ-

407 5665 530 5711 νους
555 5648 652 5718 μὲν
670 5649 777 5720 γὰρ
799 5649 1096 5704 θαλαττίων
1116 5650 1374 5720 κυμάτων
1392 5647 1623 5718 ἐμϐολῆς
1650 5647 1743 5700 καὶ
1763 5646 1978 5717 ἐρεσίας

405 5733 626 5803 μακρᾶς
656 5732 1053 5786 ἀπαλλάττουσι
1079 5733 1313 5803 λιμένες·
1349 5733 1474 5795 τοὺς
1500 5732 1544 5786 δ’
1571 5732 1652 5794 είς
1672 5731 1978 5802 πανήγυριν

409 5814 700 5887 μαρτύρων
763 5815 1118 5875 ἀπαντῶντας
1179 5814 1500 5884 πνευμάτων
1567 5813 1816 5880 πονηρῶν
1884 5813 1973 5866 καὶ

2091 3148 2204 3212 ζειν
2232 3149 2410 3204 εἴωθε.
2465 3151 2583 3204 Κᾶν
2614 3153 2677 3203 ἐκ
2708 3151 2817 3203 τῶν
2856 3150 3164 3212 πολιτικῶν,
3197 3151 3300 3204 κάν
3332 3153 3397 3204 ὲκ
3438 3153 3546 3207 τῶν
3584 3159 3659 3208 oi-

2091 3231 2298 3284 κιακῶν
2331 3233 2668 3303 πραγμάτων
2698 3233 2936 3302 ἀθυμίαν
2969 3233 3090 3287 τινὰ
3125 3235 3520 3306 ἐπισυρόμενος
3545 3239 3656 3290 siu-

2089 3315 2238 3387 έλθῃ,
2277 3317 2455 3367 πᾶσαν
2504 3317 2672 3386 αὐτὴν
2712 3316 3066 3385 ἀποθέμενος,
3113 3315 3284 3379 οὕτως
3326 3317 3532 3381 ἄπεισι,
3565 3322 3658 3373 καὶ

2091 3400 2236 3470 ῥᾴων
2263 3400 2470 3468 γίνεται
2497 3401 2593 3453 καὶ
2620 3405 2944 3471 κουφότερος
2964 3439 2979 3461 ,
3025 3399 3144 3470 οὐχὶ
3174 3399 3365 3471 κώπην
3403 3403 3660 3456 ἀποτιθέο

2092 3498 2272 3551 μενος,
2313 3481 2432 3534 οὐδὲ
2478 3482 2678 3536 οἰάκων
2719 3482 3155 3552 ἐξανιστάμενος.
3196 3481 3334 3535 ἀλλὰ
3359 3484 3420 3536 τὸ
3461 3485 3659 3539 δυσϐάσ-

2091 3579 2318 3616 στακτον
2363 3565 2458 3618 καὶ
2506 3563 2745 3618 ποικίλον
2788 3565 2885 3635 τῆς
2933 3563 3190 3634 βιωτικῆς
3227 3563 3403 3635 λύπης
3442 3567 3660 3637 φορτίον

2087 3647 2354 3713 διαλύων,
2405 3649 2498 3702 καὶ
2543 3647 2746 3719 πολλὴν
2789 3651 2855 3718 τῇ
2903 3647 3047 3718 ψυχῇ
3098 3646 3383 3717 δεχόμενος
3422 3649 3522 3719 τὴν
3568 3650 3656 3703 εὔ-

2089 3731 2378 3800 φροσύνην.
2430 3732 2540 3785 Καὶ
2582 3730 2786 3784 τούτων
2813 3730 3064 3783 ἁπάντων
3093 3732 3367 3802 μάρτυρες
3397 3733 3572 3802 ὑμεῖς,
3605 3737 3655 3788 οἱ

2085 3815 2198 3875 τοῖς
2251 3813 2435 3876 ἄθλοις
2488 3815 2582 3867 τοῦ
2643 3813 2912 3884 μακαρίου
2969 3811 3234 3882 Βαρλαάμ
3296 3813 3423 3883 χθὲς
3471 3817 3658 3886 ὲντρυκ-

2088 3897 2373 3965 φήσαντες,
2399 3897 2491 3950 καὶ
2521 3895 2656 3965 μετὰ
2684 3895 2883 3966 πολλῆς
2901 3894 2999 3966 τῆς
3021 3895 3201 3958 ἀδείας
3229 3897 3309 3958 είς
3336 3897 3426 3948 τὸν
3447 3900 3653 3953 ἐκείνου

2088 3979 2474 4050 σκιρτήσαντες
2514 3979 2705 4050 λιμένα
2728 3991 2754 4019 ιι
2781 4019 2795 4042 ,
2841 3979 2935 4032 καὶ⁵
2989 3978 3087 4049 τὴν
3119 3978 3296 4049 ἅλμην
3336 3980 3446 4033 τῶν
3479 3981 3655 4051 βιωτι-

2087 4058 2200 4114 κῶν
2250 4062 2544 4131 φροντίδων
2590 4062 3042 4130 ἀπολουσάμενοι,
3090 4062 3185 4113 καὶ
3231 4061 3425 4131 κοῦφοι
3474 4064 3652 4117 οἶκαδε

2085 4141 2194 4194 ἀπὸ
2234 4143 2343 4196 τῶν
2372 4144 2580 4197 ἐκείνου
2611 4143 2965 4214 διηγημάτων
3001 4144 3476 4214 ἀναχωρήσαντες.
3516 4145 3653 4198 Ἀλλ’

2090 4223 2198 4276 ἰδοὺ
2237 4225 2330 4277 καὶ
2357 4226 2559 4294 ἐτέρων
2587 4225 2879 4297 μαρτύρων
2908 4225 3260 4296 προσελαύνει
3293 4227 3454 4280 πάλιν
3483 4230 3650 4296 πανήο

2085 4321 2261 4377 γυρις.
2299 4309 2442 4370 Ἕως
2464 4306 2528 4361 ἀν
2547 4304 2640 4361 οὖν
2667 4310 2746 4371 εἰς
2767 4308 2856 4361 τὸν
2875 4307 3096 4362 ἐκείνων
3121 4308 3312 4378 λιμένα
3337 4309 3649 4380 φθάσωμεν,

2085 4390 2216 4458 φέρε
2253 4391 2316 4462 δὴ
2353 4390 2719 4462 μιμησώμεθα
2756 4391 2886 4454 τοὺς
2915 4391 3238 4462 πλωτῆραςο
3272 4392 3366 4445 καὶ
3401 4394 3654 4465 καθάπερ

2083 4474 2277 4527 ἐκεῖνοι
2309 4475 2370 4527 τὸ
2409 4475 2641 4544 πέλαγος
2673 4474 2925 4538 πλέοντες
2956 4474 3159 4545 ᾅδουσι,
3192 4477 3258 4545 τῇ
3296 4475 3406 4546 ᾠδῇ
3438 4477 3532 4530 τὸν
3559 4479 3653 4530 πό-

2083 4575 2171 4611 νον
2205 4558 2703 4629 παραμυθούμενοιο
2728 4557 2870 4611 οὓτω
2895 4558 2958 4629 δὴ
2989 4558 3084 4610 καὶ
3116 4559 3295 4628 ἡμεῖς,
3331 4559 3438 4622 ἕως
3462 4561 3541 4623 είς
3565 4561 3652 4614 τὸν

2083 4640 2305 4695 ἐκείνων
2327 4640 2618 4711 φθάσωμεν
2637 4641 2850 4712 λιμένα,
2867 4640 3057 4708 λόγους
3079 4641 3230 4703 τινας
3253 4644 3652 4712 πνευματικοὺς

2081 4723 2217 4794 πρὸς
2244 4722 2505 4794 ἀλλήλους
2537 4725 2868 4794 κινήσωμεν,
2899 4722 2992 4775 τὸν
3021 4723 3288 4793 μακάριον
3319 4724 3534 4779 Παῦλον
3554 4727 3651 4796 τῆς

2081 4806 2250 4877 καλῆς
2293 4805 2498 4876 ταύτης
2543 4806 2758 4877 ὁμιλίας
2809 4805 3052 4876 ἡγεμόνα
3107 4807 3498 4878 ποιησάμενοι,
3560 4811 3653 4862 καὶ

2079 4890 2255 4959 ἥνπερ
2290 4888 2355 4942 ἂν
2398 4887 2559 4951 αὐτὸς
2593 4889 2820 4961 κελεύῃ,
2863 4888 3068 4960 ταύτην
3111 4889 3367 4959 ἑπόμενοι
3387 4891 3437 4946 δ.
3489 4892 3652 4945 Ποίαν

2079 4968 2171 5024 οὖν
2199 4971 2422 5026 ἕπεσθαι
2458 4971 2698 5036 κελεύει;
2748 4972 2859 5042 Τὴν
2889 4971 2974 5024 διὰ
3000 4972 3100 5042 τῆς
3142 4973 3368 5043 ἐρήμου.
3416 4975 3511 5027 καὶ
3545 4974 3652 5026 τῶν

2079 5055 2196 5106 ἐκεῖ
2233 5053 2556 5124 συμϐάντων
2585 5054 2878 5124 θαυμάτων
2913 5054 3049 5108 ὀδόν.
3097 5056 3206 5108 Καὶ
3245 5055 3354 5126 γὰρ
3379 5057 3650 5125 ἠκούσατε

2081 5139 2319 5210 σήμερον
2353 5139 2517 5192 αὐτοῦ
2549 5138 2798 5209 βοῶντος,
2838 5139 2931 5192 καὶ
2963 5139 3244 5209 λέγοντος⁶
3289 5143 3372 5195 Οὐ
3411 5141 3563 5194 θέλω
3583 5141 3647 5194 δὲ

2081 5221 2228 5289 ὑμᾶς
2264 5221 2536 5291 ἀγνοεῖν,
2589 5221 2869 5290 ἀδελφοί,
2921 5221 3011 5275 ὅτι
3061 5226 3116 5276 οι
3173 5222 3426 5290 πατέρες
3485 5219 3652 5292 ἡμῶν

2079 5302 2300 5369 πάντες
2329 5302 2448 5357 ὑπὸ
2497 5303 2610 5371 τὴν
2644 5304 2911 5373 νεφέλην
2953 5299 3134 5375 ἦσαν,
3177 5305 3278 5359 καί
3303 5303 3526 5370 πάντες
3555 5303 3649 5357 διὰ

2078 5386 2186 5453 τῆς
2207 5387 2526 5453 θαλάσσης
2553 5385 2826 5454 διῆλθον,
2850 5388 2948 5442 καὶ
2976 5388 3198 5454 πάντες
3221 5391 3310 5454 είς
3336 5389 3445 5441 τὸν
3477 5386 3647 5441 Haut)-

2080 5470 2206 5538 σῆν
2243 5471 2641 5524 ἐϐαπτίσαντο
2665 5510 2679 5533 ,
2725 5469 2830 5523 παὶ
2871 5471 3094 5536 πάντες
3145 5470 3210 5524 τὸ
3250 5470 3399 5524 αὐτὸ
3441 5471 3648 5538 βρῶμα

2080 5553 2483 5623 πνευματικὸν
2512 5555 2755 5622 ἔφαγον,
2806 5555 2904 5608 καί
2944 5554 3166 5621 πάντες
3203 5554 3268 5608 τὸ
3315 5556 3460 5609 αὐτὸ
3493 5556 3647 5622 ,πόμα

2142 5697 2168 5725 ⁸
2193 5695 2301 5745 Duo
2322 5708 2438 5743 mss.
2485 5695 2666 5757 λιμένα,
2697 5693 2826 5744 Editi
2866 5696 3088 5757 λειμῶνα.
3126 5695 3346 5745 Priorem
3388 5695 3646 5745 lectionem

2079 5757 2333 5821 postulare
2358 5757 2518 5805 series
2534 5757 2756 5821 _vi_detur_.

2141 5818 2169 5860 δ
2192 5819 2296 5870 Duo
2330 5829 2444 5866 mss.
2471 5818 2548 5863 καὶ
2575 5817 2695 5879 ἤπερ
2727 5819 2839 5865 ἂν...
2861 5817 3006 5880 ταύτῃ
3037 5817 3270 5879 ἑπόμενοι.
