4058 6258
296 400 394 458 2H

298 526 548 586 gratiam.
575 515 974 584 benignitatem,
1004 522 1055 567 et
1092 514 1509 568 misericordiam
1553 530 1701 569 suam
1752 528 1884 566 con-

296 607 453 662 cedat
484 607 743 662 Dominus
774 614 953 660 noster
972 604 1124 659 Jcsus
1141 605 1407 669 Christus,
1426 621 1545 659 cum
1578 619 1683 673 quo
1701 603 1842 657 Patri
1867 643 1882 667 ,

299 696 569 765 simulque
592 695 812 764 Spiritui
843 693 1050 749 vivitico
1080 704 1134 748 et
1158 704 1345 748 sancto
1365 693 1553 764 gloria,
1575 692 1885 761 imperium,

1082 403 1169 456 ,ΙΝ
1211 401 1464 459 DICTUM
1505 400 1729 466 PAULI,
1770 399 1948 455 NOLO
1990 397 2117 454 VOS
2156 397 2525 463 lGNOllARE,
2568 393 2713 451 ETC.

3464 382 3569 435 2‘2

1996 525 2048 569 et
2094 515 2283 579 honor,
2315 527 2452 566 nunc
2479 520 2532 565 et
2560 524 2791 578 semper,
2816 517 2865 560 et
2894 507 2943 560 iu
2986 502 3178 560 szccula
3222 491 3563 557 saeculoan

1996 607 2187 660 Amen.

327 934 2546 965 Μ

1862 940 3537 963 mm,

1026 1265 1244 1326 Νοιο
1289 1265 1443 1327 vos
1484 1263 1930 1339 IGNORARE,
1981 1264 2380 1336 FRATRES,
2426 1228 2680 1336 QUOD,
2726 1278 2860 1324 mc.

320 1474 562 1527 habitam
598 1471 768 1527 fuisse
785 1471 871 1525 vel
904 1470 1027 1526 inde
1060 1472 1250 1540 liquet,
1283 1472 1431 1542 quod
1466 1472 1609 1527 dicta
1644 1473 1717 1528 sit
1752 1484 1874 1543 post
1908 1472 2105 1529 festum
2137 1475 2313 1529 sancti
2349 1473 2639 1538 Barlaami,
2670 1470 2970 1527 Antiochiae
3003 1471 3264 1528 celebrari
3304 1473 3520 1527 solitum
3545 1505 3561 1534 ,

320 1597 383 1639 ut
420 1585 603 1641 videas
629 1585 683 1639 in
718 1583 920 1639 Monito
946 1584 1013 1639 ad
1048 1584 1338 1640 Homiliam
1368 1589 1420 1641 in
1456 1596 1705 1644 sanctum
1735 1587 2081 1644 Barlaamttm
2117 1588 2277 1643 Tom.
2316 1591 2382 1643 ll.
2418 1587 2791 1661 Chrysostomi
2831 1601 3028 1657 scopus
3060 1594 3139 1641 est
3168 1586 3567 1651 demonstrare,

321 1716 414 1757 res
442 1702 494 1755 in
543 1701 712 1757 veteri
742 1700 881 1773 Lege
910 1712 1062 1758 actas
1090 1703 1394 1758 futurarum
1431 1720 1612 1759 rerum
1648 1706 2093 1775 praedictionibus
2126 1707 2285 1762 ﬁdem
2320 1705 2496 1760 facere
2524 1723 2537 1759 :
2568 1718 2797 1774 esseque
2830 1702 2951 1757 illas
2987 1716 3170 1756 rerum
3223 1699 3345 1755 novi
3372 1699 3567 1754 Testa-

320 1815 492 1867 menti
519 1823 703 1885 typum
724 1824 778 1869 et
803 1817 1072 1871 umbram.
1106 1815 1460 1882 Marcionem,
1494 1817 1849 1872 Manichaeum
1894 1828 1948 1872 ct
1987 1818 2214 1873 Paulum
2254 1816 2669 1873 Samosatenum
2713 1816 2887 1871 obiter
2921 1814 3266 1885 perstringit,
3296 1823 3349 1867 et
3378 1820 3569 1882 postu-

322 1930 453 1985 latis
484 1931 535 1983 in
563 1930 668 1986 line
697 1941 1011 1987 sanctorum
1048 1932 1302 2002 precibus
1334 1933 1612 1988 homiliam
1655 1935 1878 1989 claudit.

399 2040 595 2096 Incerti
627 2040 1129 2110 interpretationem
1158 2042 1427 2107 Latinam,
1465 2051 1652 2111 utpote
1681 2058 1788 2099 non
1819 2051 2148 2105 accuratam,
2180 2040 2489 2113 rejecimus,
2519 2054 2825 2104 novamque
2852 2039 3189 2109 paravimus.

312 2266 1565 2293 Μ

1246 2690 1355 2761 ΙΝ
1397 2688 2146 2763 APOSTOLICUM
2196 2688 2635 2776 DICTUM,

305 2856 470 2899 110ιο
517 2856 625 2899 νοῦ
669 2858 1012 2911 IGNORARE,
1058 2859 1364 2913 FRATRES,
1411 2858 1580 2910 QUOD
1613 2858 1847 2902 PATRES
1890 2859 2110 2903 NOSTRI
2154 2860 2361 2903 OMNES
2407 2860 2522 2903 SUB
2556 2859 2717 2900 NUBE
2752 2856 3065 2908 FUEBUNT,
3115 2857 3192 2897 ΕΤ
3220 2856 3425 2898 OMNES
3458 2856 3571 2896 νει.

1224 2958 1398 3001 manu
1448 2958 1891 3001 'I‘RANSIERUNT
1936 2940 2192 3021 (t.Cor.
2244 2942 2339 3000 10.
2390 2940 2473 3019 1⁸)
2523 2939 2631 3018 (ti).

381 3167 432 3221 l.
475 3165 659 3220 Nauta:
688 3184 805 3220 eam
834 3169 995 3222 maris
1020 3178 1221 3237 partem
1253 3169 1503 3224 libentius
1526 3169 1883 3241 frequentant,

304 3273 425 3327 qua:
455 3259 639 3313 multis
668 3260 905 3328 portibus
927 3261 1219 3333 insulisque
1245 3263 1498 3317 instructa
1530 3273 1631 3318 est.
1666 3264 1890 3334 Pelagus

305 3348 452 3402 enim
474 3349 729 3417 portubus
758 3352 1091 3413 destitutum,
1119 3352 1277 3406 etiam
1312 3353 1598 3421 tranquillo
1622 3362 1885 3423 tempore,

308 3439 535 3494 multum
580 3440 767 3495 incutit
805 3443 1172 3511 navigantibus
1218 3452 1501 3498 tremorem
1532 3462 1545 3497 :
1577 3445 1667 3499 ubi
1708 3454 1886 3501 autem

307 3541 499 3601 portus
527 3542 582 3587 et
609 3533 783 3588 littora
813 3535 1181 3605 undecumque
1210 3545 1409 3603 patent,
1431 3552 1553 3591 cum
1580 3552 1770 3607 magna
1800 3553 1887 3592 se-

307 3623 534 3676 curitate
556 3625 818 3694 navigant.
856 3625 1071 3680 Etiamsi
1097 3627 1237 3681 enim
1264 3644 1408 3681 mare
1430 3629 1759 3696 aliquantum
1787 3644 1887 3683 sa:-

307 3715 421 3768 vire
476 3715 711 3783 videant,
769 3732 890 3772 cum
939 3719 993 3771 in
1036 3720 1280 3789 proximo
1330 3720 1586 3791 refugium
1639 3721 1887 3788 habeant,

310 3814 556 3874 prompte
587 3806 844 3876 facileque
868 3819 1089 3877 possunt
1111 3811 1179 3865 ab
1208 3810 1524 3866 instantibus
1550 3814 1801 3882 periculis
1828 3815 1890 3867 li-

310 3894 503 3948 berari.
538 3895 834 3967 Eapropter
854 3914 959 3954 non
988 3900 1146 3954 modo
1171 3918 1290 3956 cum
1320 3918 1482 3971 prope
1510 3912 1718 3973 portum
1741 3916 1887 3972 sunt,

306 3984 401 4037 sed
431 3985 639 4039 etiamsi
684 3989 868 4056 procul
912 3991 1039 4056 sint,
1085 4005 1115 4044 a
1157 3992 1273 4046 solo
1300 4003 1482 4061 portus
1521 4006 1737 4063 aspectu
1779 4012 1892 4049 ma-

304 4089 469 4142 gnam
490 4077 906 4133 consolationem
934 4081 1219 4150 accipiunt.
1253 4082 1367 4136 Non
1389 4085 1529 4137 enim
1562 4101 1744 4153 parum
1772 4085 1890 4141 illos

306 4181 556 4220 recreare
603 4170 779 4223 solent
819 4172 1075 4225 montium
1117 4174 1389 4228 cacumina
1421 4176 1601 4243 procul
1648 4177 1777 4242 visa,
1810 4177 1891 4231 fu-

306 4273 431 4311 mus
460 4258 735 4325 exsiliens,
785 4270 841 4315 et
886 4264 1062 4316 ovium
1088 4279 1277 4333 greges
1321 4264 1386 4318 ad
1415 4265 1562 4319 littus
1587 4276 1886 4335 pascentes.

308 4348 511 4403 Verum
552 4350 639 4404 ubi
676 4352 740 4404 ad
780 4362 964 4421 portus
1009 4355 1301 4424 ingressum
1331 4357 1683 4425 devenerunt,
1733 4360 1888 4429 plena

308 4440 563 4494 fruuntur
593 4441 795 4495 lmtitia.
824 4442 973 4497 Tunc
1000 4445 1141 4498 enim
1171 4454 1226 4500 et
1267 4461 1474 4501 remum
1501 4448 1795 4520 deponunt,
1837 4459 1891 4504 et

305 4546 537 4599 corpora
602 4533 868 4602 salsugine
940 4534 1181 4589 confecta
1239 4537 1554 4605 potabilibus
1621 4539 1892 4594 oblectant

306 4625 481 4693 aquis.
514 4633 567 4679 et
592 4624 659 4677 ad
700 4626 847 4679 littus
883 4628 1104 4697 egressi,
1136 4627 1186 4681 in
1217 4642 1462 4697 terraque
1505 4629 1659 4683 nudis
1695 4646 1889 4699 corpo-

309 4716 463 4769 ribus
491 4717 819 4785 aliquantum
849 4730 1145 4782 versantes,
1176 4719 1445 4773 nauticum
1486 4735 1644 4775 omne
1676 4723 1887 4777 tmdium

306 4808 605 4874 deponunt.
636 4807 1094 4873 Quemadmodum
1128 4811 1283 4878 igitur
1306 4810 1376 4863 illi
1415 4826 1532 4865 eam
1576 4812 1737 4865 maris
1767 4827 1888 4880 par-

310 4908 421 4952 tem
450 4898 700 4953 libentius
739 4902 1129 4970 amplexantur,
1162 4903 1230 4957 ob
1255 4903 1556 4972 frequentes
1584 4904 1699 4958 illas
1728 4915 1781 4959 ct
1804 4921 1890 4959 as-

307 4989 495 5044 siduas
531 4992 892 5047 recreationes
922 5008 935 5046 :
968 4993 1037 5047 ita
1075 5002 1129 5048 et
1161 5009 1260 5064 ego
1285 4992 1424 5049 hanc
1448 4995 1572 5049 anni
1604 5006 1891 5065 tempesta-

309 5094 420 5138 tem
458 5084 689 5140 maxime
716 5085 899 5155 diligo,
937 5102 1041 5139 non
1070 5089 1192 5156 quia
1235 5087 1439 5142 liberati
1479 5103 1663 5143 sumus
1693 5088 1889 5155 hieme,

307 5189 411 5230 nec
428 5176 573 5245 quod
608 5185 795 5231 testate
833 5175 1070 5230 fruamur
1101 5178 1336 5247 zephyro
1380 5178 1614 5233 suaviter
1650 5178 1888 5245 afllante,

306 5265 402 5320 sed
432 5266 553 5335 quia
581 5265 774 5320 adsunt
792 5267 1093 5335 spirituales
1120 5277 1322 5336 portus,
1353 5268 1441 5338 qui
1469 5284 1562 5323 nos
1590 5270 1894 5338 frequenter

307 5360 618 5428 excipiunt,
666 5360 783 5413 festi
829 5375 1020 5428 nempe
1062 5368 1371 5414 sanctorum
1412 5371 1708 5430 martyrum
1752 5360 1888 5417 dies.

306 5449 423 5502 Non
464 5448 607 5503 enim
655 5460 844 5518 portus
887 5448 1107 5518 perinde
1156 5458 1360 5514 nautas,
1411 5459 1569 5518 atque
1620 5450 1733 5503 dies
1775 5451 1891 5504 festi

305 5560 616 5605 sanctorum
635 5549 826 5604 horum
855 5549 1043 5604 ﬁdeles
1064 5563 1307 5604 recreare
1331 5547 1521 5601 solent.
1549 5547 1671 5602 Illos
1694 5549 1889 5616 quippe

306 5656 335 5693 a
380 5638 636 5694 fluctuum
696 5641 895 5710 impetu
942 5648 997 5694 et
1034 5639 1282 5692 diuturna
1323 5638 1667 5706 remigatioue
1708 5648 1890 5707 portus

308 5732 570 5796 liberant;
600 5731 698 5786 hos
725 5741 904 5784 autem
934 5730 998 5783 ad
1043 5739 1333 5799 martyrum
1376 5728 1767 5784 solemnitatem
1800 5744 1885 5783 ac-

370 5847 447 5907 (a)
483 5846 654 5896 collata
680 5859 789 5896 cum
813 5854 916 5895 Mss.
942 5843 1230 5895 colbertinis
1249 5844 1340 5893 970
1367 5849 1417 5892 ct
1438 5843 1581 5893 3058.

2000 3169 2271 3230 cedentes,
2309 3184 2337 3221 a
2370 3168 2597 3222 violenta
2631 3183 2723 3236 per
2751 3167 3013 3237 malignos
3045 3168 3387 3237 impurosque
3416 3164 3573 3235 spiri-

1998 3268 2099 3320 tus,
2134 3273 2331 3328 perque
2374 3259 2631 3313 abSurdas
2660 3259 3009 3328 cogitationes
3050 3259 3101 3311 in
3143 3257 3322 3311 animo
3346 3256 3572 3311 excitata

1998 3359 2338 3419 tempestate,
2373 3358 2679 3403 sanctorum
2718 3349 2972 3403 memoria
3002 3348 3186 3417 eripit.
3214 3346 3340 3401 Sive
3367 3345 3486 3415 quis
3507 3361 3567 3399 ex

1997 3442 2239 3509 publicis,
2270 3440 2383 3494 sive
2427 3456 2490 3493 ex
2520 3441 2737 3508 privatis
2780 3440 3006 3509 negotiis
3046 3453 3277 3494 mcerore
3302 3447 3575 3491 contracto

1996 3533 2098 3588 huc
2153 3532 2510 3603 ingrediatur,
2565 3531 2655 3585 illo
2697 3545 2915 3599 prorsus
2965 3530 3207 3599 deposito
3254 3530 3571 3589 revertitur,

1994 3636 2152 3695 atque
2181 3624 2483 3694 expeditior
2504 3623 2772 3691 leviorque
2797 3622 2927 3687 abit,
2953 3637 3057 3675 non
3088 3622 3258 3689 posito
3285 3634 3451 3682 remo,
3478 3633 3574 3672 nec

1996 3718 2192 3773 relictis
2220 3716 2616 3786 gubernaculis,
2647 3714 2738 3768 sed
2766 3728 2990 3768 excussa
3017 3714 3103 3767 illa
3133 3727 3357 3767 onerosa
3392 3712 3569 3764 varia-

1993 3824 2098 3879 que
2142 3808 2411 3864 saecularis
2455 3808 2682 3862 tristitia:
2732 3806 2958 3870 sarcina,
3014 3804 3288 3874 multaque
3333 3801 3569 3871 repletus

1995 3903 2155 3956 animi
2202 3902 2402 3955 laetitia.
2440 3901 2640 3954 llorum
2689 3898 2924 3952 omnium
2959 3912 3052 3951 vos
3095 3906 3259 3951 testes
3288 3897 3438 3958 estis,
3479 3897 3567 3962 qui

1996 3994 2048 4049 in
2077 3994 2460 4048 certaminibus
2501 3992 2640 4046 beati
2685 3990 2924 4045 Barlaam
2971 3988 3084 4043 heri
3116 3987 3192 4058 (α)
3224 3986 3493 4050 Oblectati,
3522 3995 3576 4038 et

1995 4101 2114 4141 cum
2152 4100 2340 4155 magna
2374 4085 2756 4153 tranquillitate
2783 4083 2832 4135 in
2862 4083 2978 4150 ejus
3002 4088 3210 4150 portum
3238 4078 3566 4138 festinantes,

1996 4178 2326 4233 srecularium
2366 4190 2614 4230 curarum
2658 4174 2977 4244 salsuginem
3005 4172 3268 4236 abluistis,
3297 4181 3455 4240 atque
3481 4185 3575 4223 au-

1993 4269 2119 4324 ditis
2145 4269 2213 4323 de
2261 4270 2352 4323 illo
2394 4269 2753 4333 sermonibus,
2802 4267 2949 4320 leves
2992 4272 3046 4319 et
3085 4263 3315 4333 expediti
3357 4263 3572 4316 domum

1996 4361 2314 4415 recessistis.
2347 4362 2415 4413 At
2438 4374 2567 4414 ecce
2594 4360 2696 4413 alia
2729 4367 3020 4429 martyrum
3060 4356 3265 4411 accedit
3289 4356 3571 4409 festivitas.

1998 4450 2176 4504 Donec
2205 4449 2364 4517 igitur
2383 4447 2448 4501 ad
2470 4449 2681 4501 illorum
2708 4457 2917 4516 portum
2943 4447 3289 4515 appellamus,
3322 4458 3420 4514 age
3441 4460 3571 4498 nau-

1998 4552 2076 4597 tas
2106 4542 2406 4606 imitemur;
2438 4549 2494 4596 et
2520 4541 2654 4595 sicut
2698 4540 2771 4594 illi
2814 4539 3120 4608 navigantes
3154 4540 3205 4591 in
3236 4537 3425 4607 pelago
3448 4551 3574 4591 cau-

1997 4642 2130 4700 tam,
2165 4642 2321 4687 cantu
2351 4633 2584 4687 laborem
2632 4631 2878 4685 sedantes
2908 4647 2920 4683 :
2955 4629 3024 4683 ita
3065 4636 3121 4683 et
3158 4642 3257 4682 nos
3297 4626 3470 4682 donec
3506 4626 3574 4680 ad

1998 4723 2209 4778 illorqu
2238 4732 2448 4792 portum
2477 4721 2829 4791 appellamus,
2868 4720 3170 4789 spirituales
3198 4717 3453 4787 quosdam
3487 4718 3570 4771 in-

1999 4825 2080 4870 ter
2133 4831 2229 4869 nos
2272 4814 2609 4870 conferamus
2652 4827 2949 4875 sermones,
2996 4812 3153 4866 beato
3204 4811 3370 4866 Paulo
3413 4810 3569 4879 hujus

1999 4905 2198 4975 pulchri
2236 4905 2481 4973 colloquii
2510 4905 2645 4957 duce
2672 4902 2980 4969 constituto,
3015 4909 3073 4955 ut
3099 4916 3241 4965 eum,
3273 4916 3373 4969 qua
3399 4900 3573 4967 jusse-

1997 4996 2066 5050 rit
2084 4995 2175 5050 ille
2201 4995 2306 5057 via,
2329 5009 2633 5063 sequamur.
2657 4993 2894 5057 Quanam
2922 5006 3084 5061 porro
3108 4991 3258 5060 sequi
3281 4990 3361 5043 ria
3382 4989 3570 5059 jubet?

1998 5088 2100 5143 Per
2131 5087 2396 5143 desertum
2424 5096 2480 5141 et
2513 5102 2605 5154 per
2630 5084 2904 5148 miracula,
2937 5098 3055 5153 qua:
3081 5081 3186 5137 illic
3210 5082 3563 5151 contigerunt.

1999 5178 2207 5234 Etenim
2233 5178 2453 5234 audistis
2483 5179 2630 5232 illum
2660 5177 2817 5231 hodie
2838 5176 2916 5230 sic
2935 5177 3251 5230 clamantem
3283 5191 3296 5228 :
3328 5172 3465 5227 Nolo
3487 5189 3571 5228 vos

1997 5271 2248 5340 ignorare,
2290 5270 2493 5339 fratres,
2528 5268 2663 5336 quod
2707 5278 2875 5337 patres
2907 5268 3065 5321 nostri
3100 5283 3270 5320 onmes
3314 5266 3405 5319 sub
3445 5268 3573 5318 nube

1998 5362 2218 5431 fuerunt,
2261 5371 2307 5414 et
2335 5376 2507 5414 omnes
2546 5377 2634 5431 per
2682 5376 2820 5412 mare
2849 5359 3174 5422 transierunt,
3220 5368 3267 5411 et
3312 5372 3482 5410 autne:
3523 5358 3573 5407 in

2000 5453 2225 5523 Moysen:
2257 5454 2496 5522 baptizati
2524 5461 2661 5518 sunt,
2693 5462 2739 5505 et
2763 5468 2934 5506 antae:
2966 5450 3190 5504 eamdem
3226 5465 3391 5503 escam
3418 5448 3571 5517 spiri-

1998 5544 2183 5596 tualem
2228 5543 2567 5606 comederunt,
2624 5551 2672 5595 et
2721 5557 2895 5595 onmes
2937 5541 3165 5594 eumdem
3214 5548 3386 5609 potum
3420 5539 3571 5607 spiri—

1998 5635 2182 5689 tualem
2210 5634 2456 5689 biberunt.
2486 5634 2725 5687 Bibebant
2775 5634 2906 5686 enim
2955 5634 3018 5686 de
3069 5632 3322 5700 spirituali
3349 5643 3574 5700 sequente

1999 5738 2175 5797 petra;
2202 5738 2342 5796 petra
2367 5735 2532 5779 autem
2569 5736 2677 5780 erat
2703 5725 2949 5780 Christus.
2985 5724 3090 5780 Sed
3128 5741 3229 5777 non
3264 5725 3321 5778 in
3344 5724 3572 5793 pluribus

2060 5842 2135 5907 (a)
2166 5844 2251 5896 Die
2274 5843 2568 5907 [incedenti
2589 5843 2653 5894 de
2678 5847 2823 5893 Beato
2845 5842 3055 5894 Barlaam
3072 5841 3233 5895 fuerat
3246 5832 3569 5894 wnctonatu's.
