4058 6258
436 396 548 458 245
1145 395 1181 452 S

430 521 610 564 eorum
659 508 1018 578 boneplacitum
1048 511 1144 580 fuit
1193 511 1298 565 Dea
1324 525 1343 564 :
1369 509 1608 581 prostrati
1651 509 1780 563 enim
1821 517 1934 562 sunt
1969 508 2022 560 in

445 599 658 654 deserto.
707 595 827 652 Iltec
865 609 1032 651 autem
1059 599 1240 670 ﬁgura:
1278 601 1438 654 nostri
1466 603 1627 670 fuere,
1657 607 1712 652 ut
1741 615 1844 652 non
1869 598 2024 651 simus

450 689 851 757 concupiscentes
876 691 1144 758 mulorum,
1166 693 1294 746 sicut
1319 701 1366 746 et
1385 692 1462 746 illi
1487 691 1915 758 concupiverunt;
1941 705 2027 744 ne-

449 797 544 848 que
566 780 854 836 idololatra:
877 783 1054 850 simus,
1086 783 1212 839 sicut
1242 784 1448 853 quidam
1486 781 1710 844 illorum,
1743 782 1872 835 sicut
1896 779 2024 835 scri-

457 886 605 942 ptum
636 885 712 928 est
735 889 751 926 :
779 874 922 930 Sedit
949 875 1173 943 populus
1201 873 1521 928 manducare
1545 881 1593 926 et
1626 872 1817 938 bibere,
1836 880 1886 926 et
1917 887 2032 925 sur-

461 973 708 1016 rexerunt
743 963 940 1017 ludere.
974 961 1156 1031 Neque
1184 962 1525 1032 fornicemur,
1557 963 1692 1015 sicut
1721 962 1934 1030 quidam
1963 963 2036 1016 il-

459 1054 630 1106 lorum
650 1053 900 1122 fornicati
923 1063 1068 1113 sunt,
1084 1064 1131 1107 et
1157 1053 1454 1107 ceciderunt
1472 1071 1576 1107 uno
1599 1055 1702 1118 die,
1726 1053 1910 1123 viginti
1931 1055 2036 1106 tria

457 1145 652 1200 millia.
673 1143 850 1214 Neque
869 1153 1120 1198 tentemus
1141 1144 1425 1206 Christum,
1445 1146 1579 1198 sicut
1595 1143 2032 1214 quidamillorum

458 1245 806 1298 tentaverunt,
828 1245 876 1289 et
898 1253 929 1289 a
946 1235 1270 1307 serpentibus
1290 1237 1575 1306 perierunt.
1603 1234 1782 1305 Neque
1801 1250 2034 1288 murmu-

456 1342 653 1390 remus,
673 1328 808 1381 sicut
831 1327 1048 1397 quidam
1070 1327 1285 1380 illorum
1303 1337 1783 1389 murmuraverunt,
1801 1335 1849 1379 et
1871 1326 2034 1395 perie-

454 1429 578 1472 runt
606 1417 672 1471 ab
699 1419 1102 1473 exterminatore
1123 1417 1168 1490 (Ι
1199 1418 1321 1472 Cor.
1350 1419 1436 1474 l0.
1458 1420 1616 1484 i-lO;
1653 1417 1821 1472 Exod.
1847 1417 1933 1471 52.
1949 1415 2026 1487 6).

460 1510 723 1564 Videntur
739 1509 960 1580 quidem
993 1510 1105 1563 hate
1126 1510 1414 1564 manifesta
1451 1525 1604 1577 esse;
1625 1511 1718 1564 sed
1741 1511 2032 1582 diligenter

459 1599 862 1656 adverteutibus
909 1600 1292 1656 dubitationem
1333 1599 1558 1656 afferunt
1604 1616 1711 1656 non
1749 1601 2042 1671 vulgarem.

462 1689 674 1748 Etenim
703 1692 873 1762 primo
901 1693 1182 1763 quzeritur,
1208 1707 1303 1748 cur
1331 1700 1540 1747 veteres
1578 1702 1841 1748 memoret
1876 1692 2046 1747 histo-

461 1783 569 1836 rias
595 1799 608 1837 :
638 1792 694 1836 et
733 1797 836 1852 qua
873 1783 1271 1853 consequentia,
1311 1798 1433 1836 cum
1479 1782 1548 1838 de
1599 1783 1663 1836 iis
1703 1781 2045 1852 disputasset,

460 1886 580 1940 quae
608 1871 763 1926 idolis
791 1880 913 1926 sunt
939 1872 1230 1938 immolata,
1262 1872 1316 1926 in
1345 1871 1482 1925 hanc
1519 1871 1763 1926 inciderit
1786 1872 2048 1928 narratio-

464 1977 610 2029 nem,
638 1977 699 2017 ea
727 1962 954 2018 atierens
978 1963 1029 2018 in
1059 1963 1312 2030 medium,
1342 1978 1461 2033 quae
1488 1964 1538 2016 in
1571 1963 1786 2018 deserto
1815 1963 2051 2033 contige-

464 2062 607 2108 runt.
636 2052 819 2124 Neque
845 2055 990 2109 enim
1032 2063 1234 2110 temere
1269 2054 1354 2109 vel
1405 2053 1624 2109 fortuito
1660 2067 1787 2108 casu
1837 2062 2051 2110 sanctus

465 2146 558 2200 ille
582 2146 835 2216 loquitur,
873 2146 967 2202 sed
1002 2162 1122 2201 cum
1155 2163 1345 2218 magna
1371 2147 1772 2217 consequentia,
1811 2155 1866 2202 et
1889 2161 2052 2202 accu-

464 2246 634 2292 ratam
680 2253 894 2306 semper
945 2246 1121 2293 servat
1168 2238 1434 2293 dictorum
1479 2239 1904 2292 consonantiam.
1948 2238 2056 2292 Cur

465 2345 594 2402 ergo
632 2338 686 2386 et
723 2330 866 2386 unde
899 2330 950 2384 in
995 2330 1132 2386 hanc
1161 2331 1346 2386 incidit
1396 2329 1709 2386 historiam?
1744 2329 2057 2400 lncrepabat

467 2444 581 2497 eos,
599 2431 690 2499 qui
716 2435 916 2483 temere
947 2435 1001 2481 et
1023 2426 1139 2481 sine
1155 2429 1400 2481 examine
1423 2424 1488 2479 ad
1512 2424 1650 2479 idola
1680 2423 2053 2494 ingredieban-

471 2532 577 2590 tur,
611 2520 785 2590 deque
825 2523 1024 2592 polluta
1061 2536 1248 2578 mensa
1272 2517 1649 2590 degustabant,
1697 2525 1855 2586 atque
1883 2515 2055 2570 idolo-

471 2613 621 2686 thyla
669 2615 1047 2685 contingebant
1073 2634 1086 2669 :
1114 2625 1167 2670 et
1211 2631 1332 2670 cum
1379 2610 1700 2670 ostendisset
1737 2611 1886 2682 ipsos
1922 2608 2060 2667 .binc

471 2703 670 2772 duplici
688 2703 884 2758 damno
912 2704 1074 2773 afﬁci,
1105 2721 1224 2760 cum
1253 2713 1308 2760 et
1353 2705 1576 2759 infirmis
1622 2703 1939 2760 offendicula
1968 2720 2056 2760 es-

474 2803 612 2860 sent,
646 2803 700 2850 et
725 2796 824 2866 ipsi
857 2796 1157 2852 da'mouum
1183 2796 1466 2867 participes
1491 2804 1672 2851 essent
1697 2809 1712 2849 :
1737 2805 1790 2850 et
1817 2811 1937 2851 cum
1966 2811 2062 2865 per

473 2885 726 2955 praedicta
771 2888 901 2942 satis
929 2888 1136 2943 illorum
1149 2889 1358 2942 animos
1384 2888 1731 2954 coercuisset,
1755 2889 2055 2944 docuisset-

473 2991 598 3044 que,
629 2986 879 3047 0p0rtere
904 2979 1113 3034 ﬁdelem
1143 2995 1248 3034 non
1291 2995 1386 3034 sua
1415 2989 1614 3034 tantum
1642 2981 1930 3050 respicere,
1967 2980 2060 3034 sed

475 3066 634 3120 etiam
670 3082 755 3131 ea,
784 3084 902 3136 qua:
947 3069 1176 3124 aliorum
1216 3071 1506 3125 multorum
1543 3083 1684 3137 sunt,
1719 3072 1905 3126 volens
1933 3071 2061 3140 ipsis

479 3157 725 3212 timorem
747 3159 966 3224 addere,
995 3169 1204 3215 veteres
1229 3160 1479 3216 historias
1500 3171 1902 3217 commemorat.
1929 3162 2062 3230 Quia

479 3251 622 3305 enim
649 3250 722 3304 illi
747 3252 910 3306 altum
936 3253 1233 3322 sapiebant,
1261 3261 1445 3322 utpote
1471 3253 1678 3319 fideles,
1712 3261 1766 3307 ct
1788 3254 1856 3308 ah
1881 3269 2064 3310 errore

481 3340 712 3404 liberati,
754 3349 914 3411 atque
957 3343 1233 3397 scientiam
1280 3345 1571 3412 assequuti,
1619 3353 1675 3399 et
1717 3343 2060 3399 ineffabilium

483 3432 855 3503 mysteriorum
896 3433 1182 3502 participes
1218 3433 1412 3497 effecti,
1450 3433 1518 3488 ad
1548 3449 1878 3505 regnumque
1902 3436 2067 3492 cmic-

483 3538 601 3577 rum
628 3524 798 3579 vocati
831 3541 846 3579 :
877 3524 1154 3580 declarare
1172 3525 1355 3580 volens
1379 3540 1564 3581 eorum
1595 3527 1794 3580 nullam
1824 3543 1944 3584 esse
1965 3529 2071 3583 uti-

485 3615 702 3678 litatem,
753 3615 852 3669 nisi
893 3615 1107 3670 adesset
1151 3616 1257 3671 vita
1291 3625 1450 3672 tanta:
1493 3619 1678 3689 gratiae
1717 3633 1974 3686 consona,
2002 3633 2068 3675 ex

486 3709 652 3764 veteri
684 3708 900 3764 historia
925 3710 1069 3778 ipsos
1096 3711 1290 3764 erudit.

560 3797 616 3853 2.
644 3797 748 3854 Cur
774 3798 970 3854 Paulus
1009 3800 1072 3855 de
1109 3801 1268 3871 paem's
1297 3812 1617 3872 peccatorum
1641 3802 1847 3873 loquens
1883 3802 2071 3858 Veteris

491 3887 792 3946 Testamenti
832 3893 991 3947 verbis
1032 3902 1205 3946 utatur
1235 3895 1401 3964 potius
1436 3911 1588 3966 quam
1617 3893 1770 3948 Novi.
1796 3892 2069 3949 Prwtcrita

485 3989 623 4050 gesta
642 3982 928 4052 futurorum
956 3984 1362 4053 praedictionibus
1386 3984 1536 4052 [idem
1560 3986 1770 4055 faciunt.
1789 4014 1861 4025 —
1880 3987 1948 4040 At
1970 3985 2070 4040 hoc

490 4071 658 4136 ipsum
709 4074 904 4128 multas
949 4074 1322 4144 complectitur
1366 4076 1707 4143 qumstiones.
1740 4074 1846 4129 Cur
1869 4089 1973 4129 non
2004 4091 2068 4129 ex

488 4162 665 4217 verbis
689 4163 885 4217 Christi
904 4166 958 4220 in
979 4166 1268 4238 Evangelio
1289 4164 1474 4233 positis
1494 4179 1616 4219 cum
1643 4164 1770 4232 ipsis
1790 4163 2026 4233 disputet
2048 4165 2073 4219 ‘l

490 4267 587 4306 cur
609 4265 714 4306 non
734 4251 1033 4322 gehennam
1061 4263 1341 4316 memoret,
1370 4268 1474 4308 non
1494 4251 1740 4308 tenebras
1756 4256 2069 4322 exteriores,

494 4355 599 4394 non
625 4351 944 4396 venenatum
971 4358 1201 4398 vermem
1220 4383 1236 4408 ,
1278 4361 1383 4399 non
1416 4345 1622 4400 vincula
1647 4355 1902 4418 perpetua
1922 4388 1937 4411 ,
1966 4361 2072 4402 non

493 4434 667 4501 ignem
696 4441 935 4502 paratum
961 4432 1172 4488 diabolo
1197 4443 1252 4489 et
1277 4435 1480 4505 angelis
1499 4436 1634 4506 ejus,
1651 4452 1758 4490 non
1783 4435 2074 4492 stridorem

493 4523 730 4579 dentium
751 4565 766 4588 ,
796 4534 848 4579 et
874 4525 975 4579 alia
1003 4525 1375 4580 incnarrabilia
1399 4527 1695 4597 supplicia?
1719 4527 1775 4582 Si
1801 4527 1940 4582 enim
1971 4535 2075 4582 ter-

494 4629 614 4671 rere
638 4615 829 4680 voluit,
857 4631 885 4669 a
913 4617 1244 4686 gravioribus
1269 4617 1320 4671 id
1349 4617 1646 4672 faciendum
1676 4619 1941 4688 oportuit,
1967 4633 2073 4672 non

495 4713 672 4760 autem
699 4705 767 4760 ab
794 4706 857 4760 iis
876 4746 891 4771 ,
917 4721 1036 4775 qua:
1079 4707 1132 4760 in
1162 4707 1377 4762 deserto
1400 4709 1754 4778 contigerunt.
1784 4707 1866 4763 Ilii
1895 4708 2037 4762 enim
2057 4748 2074 4775 ,

491 4797 703 4853 etiamsi
734 4798 873 4867 plcxi
903 4799 1041 4863 sint,
1073 4804 1129 4852 at
1169 4799 1380 4854 mitiore
1430 4809 1484 4854 et
1523 4809 1864 4869 temporanea
1887 4812 2072 4870 poena,

491 4899 650 4958 atque
678 4903 779 4943 una
809 4897 1009 4944 tantum
1037 4889 1122 4944 die
1141 4905 1155 4954 ;
1175 4889 1227 4943 hi
1259 4899 1438 4946 autem
1457 4891 1738 4946 immortali
1759 4905 1823 4946 ac
1841 4890 2072 4961 graviori

493 4989 618 5036 sunt
643 4979 906 5050 supplicio
932 4981 1218 5049 plectendi.
1259 4981 1368 5037 Cur
1385 4997 1513 5053 ergo
1541 4983 1660 5037 illos
1691 4999 1795 5036 non
1826 4999 1889 5036 ex
1928 4983 2073 5038 hisce

494 5071 715 5136 terruit,
746 5085 918 5140 neque
942 5070 1141 5125 Christi
1179 5071 1318 5127 dicta
1361 5073 1846 5128 commemoravit?
1866 5073 2080 5128 Poterat

495 5163 639 5217 enim
670 5161 776 5216 illis
816 5161 1030 5229 dicere,
1077 5163 1212 5218 Nolo
1240 5179 1336 5219 vos
1381 5165 1625 5234 ignorare
1645 5208 1659 5231 ,
1693 5164 1880 5220 fratres
1904 5204 1919 5230 ,
1949 5179 2080 5234 quas

497 5255 641 5325 leges
671 5252 916 5310 Christus
941 5255 1178 5326 posuerit
1206 5255 1290 5322 iis,
1331 5256 1420 5326 qui
1468 5271 1589 5312 cum
1619 5257 1776 5313 tidem
1819 5256 2002 5310 habeat
2027 5262 2076 5320 t,

495 5346 656 5401 vitam
707 5355 886 5402 tamen
939 5346 1196 5416 optimam
1245 5361 1350 5400 non
1397 5345 1671 5402 exhibent.
1733 5346 1941 5401 Etenim
1986 5359 2078 5400 eos

495 5436 688 5500 etiam,
737 5438 827 5507 qui
877 5437 1131 5494 miracula
1183 5436 1467 5506 patrabant
1503 5447 1558 5492 et
1602 5436 1894 5508 prophetia:
1936 5437 2080 5490 dono

499 5527 803 5597 fulgebant,
835 5529 1062 5584 exclusit
1087 5545 1118 5584 a
1162 5544 1328 5601 regno
1348 5529 1601 5586 etclorum
1621 5572 1636 5596 ,
1663 5529 1848 5585 dicens
1881 5547 1896 5584 :
1927 5528 2079 5583 Multi

495 5621 661 5675 dicent
682 5622 806 5674 milii
829 5623 884 5675 in
903 5623 986 5676 die
1003 5621 1128 5690 illa,
1160 5622 1407 5690 Domine,
1437 5623 1682 5688 Domine,
1712 5639 1878 5677 nonne
1901 5623 1954 5675 in
1983 5638 2076 5674 no-

501 5713 634 5764 mine
656 5721 740 5765 tuo
763 5713 1010 5767 daemonia
1030 5713 1267 5784 ejccimus
1287 5755 1301 5776 ,
1327 5724 1372 5768 et
1399 5717 1452 5769 in
1472 5717 1674 5769 nomine
1695 5726 1780 5767 tuo
1804 5715 2077 5784 praplteta-

499 5804 690 5866 rimus,
711 5811 758 5854 et
795 5802 1009 5857 virtutes
1042 5804 1235 5858 multos
1250 5802 1513 5871 fecimus?
1544 5806 1609 5860 Et
1638 5815 1758 5860 tunc
1789 5805 2073 5876 conﬁtebor

1241 391 1522 453 JOANNIS
1558 389 2031 450 CHRYSOSTOMI
2070 394 2390 457 ARCBIEP.
2429 393 2976 454 CONSTANTINOP.

3597 389 3704 446 2M

2129 515 2224 580 eis,
2246 511 2485 567 Recedite
2505 529 2536 566 a
2555 528 2653 571 me,
2676 527 2779 564 non
2802 510 2920 563 novi
2950 524 3062 572 vos,
3085 510 3176 578 qui
3200 505 3496 577 operamini
3511 504 3702 558 iniam.

2136 613 2295 659 tatem
2332 604 2542 672 (Matth.
2569 601 2729 658 7.22.
2751 600 2864 668 25).
2900 597 2964 651 Ει
2986 598 3228 668 virgines
3247 610 3469 668 quoque
3501 610 3607 648 non
3637 593 3705 649 de

2129 696 2234 750 ﬁde
2255 705 2307 750 et
2327 694 2675 765 dogmatibus
2699 707 2956 764 arguens.
2977 690 3072 748 sed
3107 689 3176 744 de
3209 702 3467 760 perversa
3499 687 3632 749 vita,
3652 696 3705 742 et

2127 787 2531 842 inhumanitate
2553 794 2607 840 et
2630 785 2979 848 crudelitate,
3001 781 3238 837 exclusit
3269 796 3300 835 e
3329 781 3572 834 thalamo
3601 794 3703 831 uu-

2125 880 2278 951 ptiali
2298 877 2518 952 (Matth.
2537 877 2631 931 25.
2659 875 2881 944 10-12);
2908 875 3062 928 illum
3086 887 3216 928 vero
3236 872 3328 940 qui
3351 869 3592 925 sordidis
3619 869 3707 923 in-

2135 972 2296 1027 dutus
2325 978 2443 1025 erat
2466 969 2702 1023 vestibus
2721 1008 2736 1032 ,
2779 968 2900 1023 ideo
2928 968 3162 1023 vinctum
3202 965 3359 1037 ejecit
3391 963 3607 1036 (Matth.
3630 962 3722 1018 22.

2137 1063 2194 1115 Η
2229 1090 2258 1101 -
2286 1060 2378 1129 l5)
2411 1076 2424 1113 :
2454 1074 2561 1114 non
2585 1058 2726 1128 quod
2753 1058 3002 1129 dogmata
3023 1066 3168 1113 recta
3205 1072 3313 1112 non
3367 1065 3603 1121 teneret,
3632 1054 3726 1109 sed

2137 1151 2279 1220 quod
2300 1151 2462 1205 vitam
2494 1149 2764 1205 sordidam
2790 1160 2843 1205 et
2873 1151 3134 1219 impuram
3160 1149 3387 1219 egisset;
3417 1148 3537 1202 illos
3564 1147 3688 1200 item
3709 1187 3727 1211 ,

2137 1257 2274 1312 quos
2302 1241 2496 1296 abduci
2518 1241 2679 1311 jussit
2705 1241 2756 1294 in
2786 1241 2962 1311 ignem
2997 1249 3238 1311 paratum
3265 1238 3476 1294 diabolo
3501 1247 3554 1292 et
3578 1251 3731 1306 ange-

2141 1333 2207 1388 lis
2250 1333 2366 1401 ejus
2407 1330 2620 1401 (Matth.
2651 1331 2744 1387 25.
2801 1331 2917 1402 Μ),
2970 1345 3076 1384 non
3109 1339 3386 1398 propterea
3417 1327 3509 1382 illo
3553 1326 3728 1390 misit,

2143 1424 2286 1494 quod
2324 1438 2357 1479 a
2406 1423 2512 1482 fide
2555 1422 2916 1487 excidissent,
2957 1420 3051 1476 sed
3079 1419 3219 1490 quod
3262 1418 3457 1474 nullius
3483 1431 3734 1486 umquam

2145 1515 2354 1572 miserti
2383 1525 2585 1570 essent.
2622 1514 2748 1569 Hmc
2791 1513 2972 1567 omnia
3010 1519 3066 1567 et
3090 1509 3282 1566 similia
3309 1520 3738 1564 commemorare

2147 1616 2376 1678 poterat,
2404 1621 2467 1661 ac
2489 1605 2669 1662 dicere
2688 1647 2703 1669 ,
2733 1603 2869 1659 Nolo
2915 1618 3014 1657 vos
3061 1603 3308 1671 ignorare
3332 1641 3348 1665 ,
3381 1599 3606 1663 fratres,
3640 1597 3738 1652 bos

2148 1712 2337 1754 omnes
2364 1697 2685 1769 baptismum
2709 1709 2828 1750 esse
2865 1701 3222 1764 consequutos
3259 1698 3313 1746 et
3360 1690 3738 1761 mysteriorum

2152 1788 2436 1860 participes
2459 1786 2709 1851 effectos,
2737 1786 2958 1840 multam
3001 1781 3314 1839 exhibuisse
3338 1780 3498 1835 ﬁdem
3517 1821 3533 1846 ,
3561 1779 3741 1834 scicn-

2153 1883 2281 1937 tiam
2309 1882 2560 1937 habuisse
2589 1878 2916 1950 perfectam;
2939 1876 3032 1930 sed
3059 1876 3181 1946 quia
3209 1875 3370 1928 vitam
3401 1871 3744 1927 fideiconso-

2156 1993 2277 2033 nam
2309 1991 2415 2031 non
2444 1976 2818 2040 instituerunt,
2844 1988 2876 2028 a
2905 1986 3071 2042 regno
3091 1969 3380 2032 exclusos,
3410 1976 3466 2022 et
3492 1964 3600 2036 igni
3632 1975 3742 2018 tra-

2154 2070 2293 2124 ditos
2325 2068 2504 2123 fuisse.
2545 2066 2655 2122 Cur
2693 2080 2821 2135 ergo
2851 2063 2967 2118 haec
3003 2076 3110 2116 non
3137 2060 3296 2124 dixit,
3330 2057 3426 2114 sed
3454 2057 3538 2111 his
3565 2053 3747 2110 missis

2156 2158 2407 2214 omnibus
2428 2200 2443 2224 ,
2475 2156 2555 2212 sic
2580 2157 2831 2227 loquutus
2860 2163 2974 2208 est:
3010 2150 3148 2205 Nolo
3173 2158 3339 2202 autem
3363 2163 3449 2201 vos
3477 2147 3744 2216 ignorare,

2157 2255 2362 2320 fratres,
2390 2247 2527 2320 quod
2552 2256 2720 2317 patres
2746 2243 2904 2298 nostri
2928 2257 3100 2296 omnes
3135 2240 3227 2295 sub
3267 2239 3396 2292 nube
3422 2241 3656 2308 fuerunt,
3689 2243 3746 2289 et.

2159 2357 2219 2396 ea
2253 2351 2712 2402 commemorans,
2740 2350 2860 2404 qua:
2890 2333 2956 2388 ad
2984 2331 3222 2403 Moysem
3251 2327 3596 2399 spectabant,
3626 2339 3751 2395 qua:

2161 2433 2228 2488 ad
2255 2432 2478 2504 gratiam
2507 2427 2850 2499 pertinebant
2877 2425 3044 2482 tacuit
3066 2425 3090 2479 ‘l
3115 2423 3233 2479 Non
3261 2432 3467 2478 temere
3495 2435 3593 2475 nec
3629 2420 3751 2473 sine

2163 2535 2325 2575 causa
2353 2521 2432 2575 sic
2455 2520 2596 2587 agit;
2630 2517 2796 2572 multa
2833 2515 3031 2587 quippe
3072 2513 3332 2584 sapientia
3379 2512 3568 2579 plenus
3613 2517 3749 2565 erat.

2161 2611 2267 2668 Sed
2298 2626 2391 2665 cur
2414 2646 2429 2671 ,
2452 2619 2535 2690 ,ει
2568 2618 2797 2690 propter
2816 2606 2942 2677 quid
2977 2606 3000 2659 Ἰ
3031 2605 3244 2660 Duabus
3266 2603 3416 2658 hisce
3444 2601 3512 2657 de
3536 2601 3750 2665 causis;

2165 2713 2221 2763 ut
2248 2703 2504 2763 viden“;
2532 2690 2653 2754 imis
2682 2706 2950 2769 tangeret,
2979 2694 3253 2762 simulque
3276 2690 3610 2760 ostenderet,
3638 2707 3757 2754 ma-

2162 2813 2322 2870 gnam
2345 2810 2466 2852 esse
2496 2793 2870 2865 cognationem
2898 2792 3063 2847 Vetus
3089 2790 3229 2846 inter
3246 2799 3300 2846 et
3330 2789 3534 2844 Novum
3563 2789 3757 2843 Testa-

2167 2897 2428 2944 mentum.
2459 2886 2721 2954 Quoniam
2747 2884 2892 2939 enim
2924 2882 3077 2936 multi
3105 2891 3259 2946 sunt,
3303 2881 3394 2950 qui
3433 2895 3533 2934 nec
3557 2879 3760 2949 gehen-

2169 2997 2290 3036 nam
2314 2995 2414 3034 nec
2432 2977 2750 3049 supplicium
2769 2990 2891 3030 esse
2917 2981 3134 3044 putant,
3162 2971 3255 3027 sed
3283 2981 3562 3026 autumant
3588 2970 3756 3025 Deum

2169 3072 2519 3142 simpliciter,
2563 3079 2624 3125 ut
2663 3079 2865 3124 metum
2895 3075 2949 3121 et
3001 3064 3407 3136 temperantiam
3449 3063 3758 3126 induceret,

2170 3162 2286 3218 haec
2310 3165 2688 3216 comminatum
2713 3173 2833 3214 esse
2850 3199 2864 3223 ,
2891 3171 3129 3212 vermem
3160 3155 3515 3209 immortalem
3535 3196 3551 3220 ,
3583 3155 3761 3225 ignem

2171 3251 2690 3321 inexstinguibilem;
2721 3250 2970 3305 tenebras
2997 3247 3328 3314 exteriores,
3362 3245 3456 3301 sed
3483 3261 3589 3300 non
3638 3259 3767 3314 pos-

2170 3351 2294 3400 sunt
2340 3341 2626 3413 prmteritis
2683 3340 2842 3396 ﬁdem
2871 3355 3089 3411 negare.
3120 3338 3252 3393 Nam
3273 3354 3392 3408 qua:
3433 3337 3570 3391 facta
3601 3348 3721 3392 sunt
3744 3378 3764 3402 ,

2172 3453 2279 3508 quo
2327 3446 2481 3508 pacto
2535 3434 2654 3505 quis
2710 3433 2891 3489 dicere
2930 3432 3103 3503 possit
3148 3447 3256 3486 non
3302 3430 3438 3485 facta
3480 3429 3651 3484 esse?
3694 3429 3768 3483 lis

2172 3532 2369 3602 quippe
2398 3545 2516 3599 qum
2546 3543 2653 3584 non
2685 3527 2820 3594 visa,
2851 3541 2949 3581 nec
2975 3526 3026 3580 in
3058 3538 3193 3594 opus
3223 3523 3410 3578 educta
3428 3531 3582 3583 sunt,
3608 3522 3764 3575 multi

2174 3639 2278 3676 non
2307 3620 2568 3685 credunt;
2597 3620 2662 3674 iis
2689 3629 2865 3673 autem
2891 3633 3008 3688 qum
3038 3615 3174 3671 facta
3212 3623 3371 3680 sunt,
3418 3624 3473 3668 et
3499 3613 3566 3667 ad
3601 3613 3765 3666 finem

2174 3713 2421 3778 deducta,
2455 3709 2793 3782 quantumvis
2819 3722 3104 3779 perversus
3133 3715 3188 3762 et
3211 3705 3484 3775 improbus
3508 3704 3629 3775 quis
3651 3702 3771 3758 fue-

2175 3807 2274 3873 rit,
2308 3821 2376 3861 ne
2413 3803 2628 3876 quidem
2657 3804 2701 3858 si
2726 3803 2888 3869 velit,
2919 3801 3115 3872 poterit
3148 3801 3307 3855 fidem
3333 3813 3549 3868 negare.
3594 3797 3675 3852 Ab
3701 3797 3771 3851 iis

2177 3914 2304 3969 ergo
2324 3939 2338 3964 ,
2384 3913 2502 3968 qua:
2529 3899 2581 3951 in
2611 3894 2860 3952 confesso
2897 3893 3035 3964 apud
3063 3907 3251 3948 oumes
3288 3899 3443 3956 sunt,
3476 3897 3662 3960 utpote
3691 3887 3773 3942 fa-

2177 3997 2262 4044 cta
2287 4031 2300 4051 ,
2327 4003 2549 4058 quorum
2587 3986 2745 4041 etiam
2774 3985 3009 4053 reliquis:
3039 3991 3289 4047 manent,
3333 3981 3446 4035 vult
3471 3995 3564 4035 eos
3589 3978 3658 4034 de
3683 3994 3770 4033 re-

2177 4088 2265 4134 cto
2297 4079 2386 4133 Dei
2423 4079 2622 4148 judicio
2649 4075 2765 4130 ﬁeri
2796 4075 3089 4137 certiores;
3118 4089 3182 4128 ac
3210 4073 3254 4127 si
3281 4071 3486 4127 diceret
3521 4087 3534 4122 :
3577 4068 3632 4124 Si
3661 4085 3770 4123 non

2179 4180 2333 4242 putas
2352 4185 2471 4226 esse
2493 4168 2790 4240 gehennam
2807 4209 2820 4232 ,
2868 4180 3040 4237 neque
3067 4180 3276 4234 poenam
3297 4204 3312 4228 ,
3361 4177 3535 4233 neque
3564 4159 3773 4230 supplic

2181 4262 2321 4318 cium
2341 4303 2358 4328 ,
2389 4260 2482 4316 sed
2511 4261 2678 4313 Deum
2709 4257 2904 4313 frustra
2928 4256 3309 4311 comminutum
3331 4269 3450 4308 esse
3467 4294 3482 4321 ,
3503 4251 3772 4322 praeterita

2180 4365 2461 4426 repetens,
2510 4352 2699 4407 futuris
2743 4352 2904 4406 etiam
2951 4349 3132 4405 crede.
3167 4347 3224 4403 Si
3251 4348 3395 4402 enim
3441 4347 3486 4400 is
3530 4346 3647 4414 ipse
3690 4352 3774 4398 est

2183 4447 2356 4512 Deus,
2387 4445 2475 4516 qui
2505 4453 2559 4499 et
2593 4443 2860 4512 pneterita
2896 4449 2950 4495 et
2975 4439 3254 4510 pra-scotia
3282 4437 3590 4506 diSpeusat;
3622 4437 3774 4490 item-

2183 4553 2286 4609 que
2315 4553 2377 4593 ea
2405 4551 2521 4606 qua:
2549 4535 2647 4590 sub
2673 4533 2855 4588 Veteri
2890 4532 3050 4602 Lege,
3081 4539 3134 4585 et
3161 4546 3221 4584 ea
3250 4543 3368 4599 qua:
3401 4528 3453 4580 in
3480 4536 3620 4581 statu
3650 4541 3773 4594 gra-

2184 4632 2272 4687 tia:
2291 4672 2306 4696 ,
2338 4630 2475 4684 sicut
2515 4642 2700 4682 revera
2745 4626 2884 4680 idem
2913 4633 2964 4678 et
2993 4623 3106 4694 ipse
3127 4631 3205 4676 est
3228 4661 3244 4686 ,
3275 4635 3378 4690 qua
3415 4618 3626 4672 ratione
3655 4616 3777 4670 illos

2185 4721 2406 4794 quidem
2459 4728 2743 4789 peccantes
2767 4715 3044 4785 castigavit
3072 4723 3126 4768 et
3169 4711 3342 4781 pomis
3370 4708 3629 4776 subjecit,
3678 4721 3777 4760 nos

2184 4831 2312 4870 vero
2333 4813 2418 4882 qui
2442 4811 2619 4882 paria,
2641 4810 2748 4864 imo
2779 4808 2946 4862 multo
2973 4805 3214 4875 graviora
3247 4800 3564 4855 admisimus
3583 4840 3600 4865 ,
3633 4797 3778 4851 inul-

2188 4914 2271 4961 tos
2295 4904 2526 4960 dimittet
2543 4903 2567 4955 ’ἶ
2583 4903 2775 4968 Quaero
2797 4900 2976 4972 igitur,
3001 4913 3178 4951 annon
3200 4894 3367 4950 Judtei
3387 4891 3632 4946 fornicati
3654 4898 3781 4944 sunt

2186 5008 2240 5055 ct
2282 4997 2421 5068 plexi
2463 4995 2630 5050 sunt?
2656 5009 2832 5047 annon
2877 4993 3380 5051 murmuraverunt,
3417 4993 3475 5039 et
3516 4981 3780 5052 supplicio

2186 5099 2312 5147 sunt
2337 5087 2510 5145 allecti
2535 5087 2560 5142 ?
2583 5085 2639 5142 Id
2671 5083 2912 5141 conﬁteri
2955 5095 3176 5135 necesse
3201 5086 3301 5133 est.
3343 5073 3624 5142 Quomodo
3649 5087 3781 5140 ergo

2185 5184 2275 5256 qui
2307 5183 2429 5237 illos
2473 5179 2649 5234 affecit
2673 5193 2826 5248 poena
2849 5218 2863 5242 ,
2893 5185 2944 5230 te
2976 5175 3122 5245 paria
3143 5185 3331 5225 ausum
3354 5165 3648 5238 prmteribit
3675 5163 3775 5218 ?ld

2188 5292 2315 5332 sane
2339 5289 2443 5330 non
2475 5281 2558 5327 est
2588 5271 2776 5326 rationi
2827 5283 3121 5323 consonum
3143 5266 3180 5318 ί.
3215 5265 3284 5317 At
3334 5262 3421 5316 hic
3450 5276 3554 5314 non
3584 5257 3780 5312 dedisti

2190 5365 2424 5436 pinnas?
2462 5362 2587 5418 ideo
2635 5361 2868 5416 maxime
2909 5357 3068 5412 crede
3119 5353 3420 5426 gehennam
3471 5364 3592 5405 esse
3619 5358 3780 5416 atque

2187 5458 2508 5528 supplicium
2531 5497 2544 5522 ,
2579 5455 2699 5525 quia
2745 5452 2831 5506 hic
2870 5467 2977 5506 non
3033 5447 3226 5505 dedisti
3259 5461 3464 5516 poenas.
3499 5442 3611 5498 Nisi
3634 5440 3776 5496 enim

2190 5551 2414 5622 posthac
2455 5547 2668 5619 aliquod
2715 5543 3035 5615 supplicium
3083 5541 3316 5596 futurum
3357 5546 3541 5602 esset,
3576 5546 3779 5604 nequa-

2253 5687 2272 5718 ί
2305 5686 2447 5750 savh.
2473 5696 2523 5733 tu
2544 5684 2768 5746 margine
2789 5681 2898 5731 haec
2919 5675 3217 5750 addinnitlos
3239 5674 3778 5750 quidemgmlffgff;

2189 5753 2296 5796 cato
2306 5730 2783 5810 'ﬁté'c'tei’é.7z§s”iieio
2803 5730 3022 5806 quamvis
3053 5730 3368 5800 illorum'qua’
3387 5730 3536 5784 multo
3549 5730 3787 5796 'graeiora

2189 5816 2295 5860 sunt
2321 5806 2429 5859 reos
2452 5820 2544 5858 non
2566 5806 2792 5871 plectere.
3398 5816 3418 5824 -
3593 5835 3595 5837 .
