4058 6258
312 441 482 497 ⁸243-

313 553 718 624 πνευματικὸν
741 553 932 610 ἔπιον.
977 555 1226 610 Ἕπινον
1245 556 1357 626 τὰρ
1385 559 1454 612 ἐκ
1489 559 1887 628 πνευματικῆς

308 637 772 706 ἀκολουθούσης
799 636 1038 706 πέτρας,
1064 637 1103 706 ὴ
1131 639 1200 692 δὲ
1226 639 1412 708 πέτρα
1442 637 1523 711 ἦν
1551 645 1582 695 ό
1615 643 1888 711 Χριστός.

323 721 478 774 Ἀλλ’
504 721 614 774 οὐκ
646 720 716 772 ἐν
749 719 875 787 τοῖς
913 723 1196 776 πλείοσιν
1231 721 1430 776 αὐτῶν
1476 723 1812 792 εὐδόκησεν
1859 727 1892 779 d

311 805 460 868 Θεός
479 821 490 834 ·
519 801 1020 870 κατεστρώθησαν
1047 805 1154 874 Ιγὰρ
1181 803 1250 858 ἐν
1269 803 1345 873 τῇ
1371 805 1585 876 ἐρήμῳ.
1617 807 1808 860 Ταῦτα
1826 807 1894 860 δὲ

309 886 486 939 τύποι
530 883 700 954 ’ἡμῶν
739 884 1137 954 ἐγενήθησαν,
1186 889 1274 954 είς
1313 887 1379 941 τὸ
1421 887 1508 957 μὴ
1542 883 1696 942 εἶναι
1735 888 1894 957 ἡμᾶς

307 966 679 1036 ἐπιθυμητὰς
711 966 932 1032 κακῶν,
967 969 1160 1034 καθὼς
1191 970 1456 1024 κάκεῖνοι
1480 971 1887 1039 ἐπεθύμησαν·

303 1049 464 1118 μηδέ
481 1048 916 1117 εὶόωλολάτρας
953 1045 1244 1118 τίνεσθαι,
1270 1051 1460 1118 καθώς
1485 1071 1642 1117 τινες
1669 1055 1890 1116 αὐτῶν,

305 1131 514 1201 ὥσπερ
555 1132 904 1202 γέγραπται·
959 1132 1274 1188 Ἐκάθισεν
1297 1137 1331 1188 ό
1361 1136 1508 1202 λαὸς
1533 1137 1764 1206 φαγεῖν,
1793 1135 1891 1190 καί

305 1213 662 1282 ἀνέστησαν
679 1215 786 1268 τοῦ
815 1215 924 1267 παί
925 1212 1060 1275 ζειν.
1093 1213 1260 1282 Μηδὲ
1282 1219 1680 1286 πορνεύωμεν,
1702 1219 1892 1285 καθώς

305 1313 470 1364 τινες
493 1295 694 1351 αὐτῶν
723 1295 878 1368 [250]
903 1297 1304 1366 ἐπόρνευσαν,
1329 1301 1426 1354 καὶ
1448 1300 1676 1355 ἔπεσον
1696 1301 1766 1354 ἐν
1783 1300 1892 1370 μιᾷ

303 1379 521 1448 ⁴ιἐμέρςι,
552 1379 902 1448 εἰκοσιτρεῖς
931 1380 1218 1450 χιλιάδες.
1264 1382 1433 1450 Μηδέ
1463 1382 1893 1452 ἐκπειράζωμεν

309 1465 418 1517 τὸν
437 1460 716 1531 Χριστὸν,
757 1461 950 1527 καθώς
979 1479 1138 1530 τινες
1181 1464 1378 1519 αὐτῶν
1409 1466 1760 1534 ἐπείρασαν,
1790 1467 1890 1520 καὶ

305 1546 432 1603 ὑπὸ
469 1545 589 1600 τῶν
648 1545 842 1614 ὄφεων
884 1545 1217 1602 ἀπώλοντο.
1285 1548 1450 1618 Μηδέ
1501 1549 1887 1620 τογγύζωμεν,

305 1628 504 1696 καθώς
527 1645 686 1693 τινες
705 1625 903 1682 αὐτῶν
923 1628 1286 1700 ἐγόγγυσαν,
1313 1631 1410 1685 καὶ
1440 1633 1749 1686 ἀπώλοντο
1770 1631 1890 1687 ὑπὸ

305 1714 420 1769 τοῦ
451 1711 829 1781 ὀλοθρευτοῦ.
861 1712 972 1766 Καὶ
999 1713 1146 1766 δοκεῖ
1175 1715 1271 1784 μὲν
1300 1711 1438 1768 εἶναι
1471 1713 1618 1786 σαφῆ
1648 1716 1715 1768 τὰ
1743 1713 1906 1784 λἐγόέ

307 1815 474 1866 μενα,
501 1795 730 1866 παρέχει
760 1795 817 1847 δέ
859 1811 982 1848 τινα
1027 1795 1350 1868 διαπόρησιν
1395 1798 1455 1850 οὐ
1496 1797 1592 1869 τὴν
1620 1797 1890 1868 τυχοῦσαν

302 1883 422 1944 τοῖς
456 1879 802 1950 προσέχουσι.
852 1877 962 1931 Καὶ⁵
1007 1879 1114 1952 γὰρ
1162 1881 1310 1945 ἄξιον
1355 1881 1586 1952 ζητῆσαι
1631 1881 1846 1952 πρῶτον
1872 1921 1886 1946 ,

301 1963 456 2026 τίνος
511 1963 698 2015 ἐνεκεν
745 1961 845 2026 τάς
890 1961 1126 2026 παλαιὰς
1191 1964 1355 2027 αὐτὸς
1427 1965 1830 2036 ἐμνημόνευσεν
1861 1977 1888 2005 ι

309 2044 574 2116 ἱστορίας,
603 2047 668 2097 ἐκ
694 2045 852 2107 ποίας
885 2039 1204 2111 ἀκολουθίας
1233 2048 1362 2122 περὶ¹
1390 2047 1751 2102 εἰδωλοθύτων
1779 2048 1894 2101 δια-

303 2129 601 2199 λεγόμενος
647 2129 728 2190 εἱς
765 2127 972 2198 ταύτην
1013 2129 1234 2182 ἐνέπεσε
1265 2131 1362 2200 τὴν
1395 2129 1664 2202 διήγησιν,
1693 2131 1761 2184 τά
1799 2132 1904 2184 ἐπὶ.Δ

303 2215 412 2284 τῆς
444 2213 654 2283 ἐρήμου
698 2211 880 2283 φέρων
922 2214 1003 2276 εἰς
1046 2213 1229 2283 μέσον.
1286 2213 1362 2267 Οὐ
1391 2215 1500 2286 γάρ
1526 2214 1730 2280 ἁπλῶς,
1767 2215 1890 2268 οὐδὲ

301 2298 386 2362 ὡς
419 2295 628 2366 ἔτυχεν,
653 2298 681 2349 ὁ
718 2297 986 2366 μακάριος
1018 2298 1225 2360 ἐκεῖνος
1251 2297 1566 2366 φθέγγεται,
1597 2298 1733 2351 ἀλλά
1756 2298 1892 2370 μετά

305 2379 512 2450 πολλῆς
533 2379 634 2448 τῆς
663 2378 987 2442 ἀκολουθίας
1025 2380 1120 2433 καὶ
1152 2380 1357 2452 ἀκριϐῆ
1389 2381 1659 2452 διατηρῶν
1691 2396 1894 2434 παντα-

307 2461 410 2535 χοῦ
443 2463 552 2516 τῶν
575 2461 668 2516 ὑπ’
700 2461 866 2516 αὑτοῦ
895 2461 1201 2532 λεγομένων
1230 2463 1328 2534 τὴν
1364 2463 1700 2532 συμφωνίαν.
1735 2464 1893 2526 Τίνος

305 2543 405 2602 οὖν
444 2547 651 2606 ἕνεκεν,
693 2545 785 2598 καὶ¹
821 2543 982 2598 πόθεν
1012 2548 1092 2608 είς
1119 2545 1324 2617 ταύτην
1358 2545 1581 2600 ἐνέπεσε
1612 2547 1709 2619 τὴν
1746 2548 1908 2600 ίστοσ·

309 2631 469 2703 ρίαν;
516 2628 777 2700 Ἐπετίμα
809 2631 920 2692 τοῖς
947 2628 1134 2694 ἁπλῶς
1176 2631 1268 2683 καὶ
1310 2630 1678 2696 ἀνεξετάστως
1717 2633 1797 2694 είς
1825 2630 1893 2684 τὰ

305 2714 505 2768 εῐδωλα
530 2712 779 2780 εἰσιοῦσι,
803 2714 896 2765 καὶ
921 2714 1118 2782 μιαρᾶς
1142 2713 1564 2781 ἀπογευομένοις
1589 2715 1890 2785 τραπέζης,

305 2800 406 2852 καὶ
441 2795 806 2851 εἰδωλοθύτων
836 2796 1183 2866 ἁπτομένοις·
1221 2798 1315 2850 καὶ
1352 2795 1551 2861 δείξας,
1586 2799 1669 2850 ὅτι
1697 2797 1891 2866 διπλῆν

306 2881 420 2936 ἀπὸ
467 2879 560 2933 τοῦ
615 2881 940 2949 πράγματος
989 2878 1320 2949 ὑπομένουσι
1370 2878 1609 2952 βλάϐην,
1659 2879 1782 2943 τούς
1833 2897 1891 2932 τε

305 2964 558 3026 ἀσθενεῖς
601 2964 948 3034 πλήττοντες,
984 2963 1078 3016 καὶ¹
1128 2962 1282 3016 αὐτοὶ
1329 2964 1577 3018 κοινωνοὶ
1619 2963 1891 3034 δαιμόνων

306 3050 606 3120 γινόμενοι,
629 3047 724 3101 καὶ
756 3046 1112 3110 καταστείλας
1140 3046 1320 3100 αὐτῶν
1355 3048 1555 3112 ἱκανῶς
1587 3047 1656 3102 τὰ
1687 3048 1890 3118 φρονή-

309 3150 458 3203 ματα
486 3129 574 3184 διὰ
601 3129 708 3182 τῶν
743 3127 1048 3199 ἔμπροσθεν
1083 3131 1408 3200 εἰρημένων,
1449 3131 1544 3184 καὶ
1573 3129 1888 3192 παιδεύσας,

303 3217 392 3269 ὃτι
419 3215 502 3268 δεῖ
529 3213 618 3266 τὸν
655 3209 843 3264 πιστὸν
875 3210 948 3282 μὴ
975 3213 1035 3264 τὸ
1061 3211 1256 3265 ἐαυτοῦ
1289 3211 1506 3282 βλέπειν
1541 3214 1720 3284 μόνον,
1758 3213 1892 3266 ἀλλά

307 3299 405 3354 καλ¹
439 3297 498 3350 τὸ
527 3297 638 3348 τῶν
666 3293 897 3356 πολλῶν,
935 3293 1259 3365 βουλόμενος
1285 3297 1469 3359 αὐτοῖς
1502 3297 1767 3350 ἐπιτεῖναι
1803 3297 1893 3348 τὸν

305 3381 508 3450 φόϐον,
546 3377 793 3432 παλαιῶν
831 3377 1028 3440 αὐτοὺς
1061 3379 1468 3449 ἀναμιμνήσκει
1513 3379 1890 3450 διηγημάτων.

316 3463 540 3534 Ἐπειδὴ
579 3461 688 3532 γὰρ
724 3463 920 3514 ἐκεῖνοι
956 3460 1098 3530 μέγα
1129 3461 1410 3533 ἐφρόνουν,
1445 3461 1520 3526 ὡς
1549 3464 1752 3522 πιστοὶ,
1797 3463 1893 3516 καὶ

301 3547 519 3616 πλάνης
548 3542 974 3610 ἀπαλλαγέντες,
1005 3543 1098 3596 καὶ
1137 3543 1389 3612 γνώσεως
1438 3544 1902 3622 καταξιωθέντες,-

303 3629 404 3683 καὶ¹
434 3629 542 3680 τῶν
591 3627 919 3696 ἀπορρήτων
955 3629 1384 3698 κοινωνήσαντες
1429 3627 1764 3698 μυστηρίων,
1797 3629 1892 3680 καλ¹

302 3713 448 3784 πρὸς
481 3709 756 3782 βασιλείαν
784 3709 1027 3778 οὐρανῶν
1055 3711 1365 3780 κληθέντες,
1395 3711 1563 3779 δεῖξαι
1597 3711 1786 3772 θέλων,
1810 3713 1890 3766 ὅτι

299 3795 514 3849 τούτων
553 3793 744 3862 ὄφελος
777 3793 954 3852 οὐδὲν,
988 3792 1052 3846 ἂν
1104 3795 1178 3866 μὴ
1231 3794 1474 3848 πολιτεία
1523 3797 1699 3866 προσῇ
1753 3813 1892 3866 συμ-

301 3877 561 3948 φωνοῦσα
591 3878 658 3946 τῇ
684 3874 921 3948 τοσαύτῃ
951 3875 1154 3947 χάριτι,
1188 3877 1254 3931 ἐκ
1279 3877 1512 3942 παλαιᾶς
1537 3878 1732 3942 αὐτοὺς
1761 3895 1890 3930 -παι-

297 3959 450 4014 δεύει
485 3959 744 4030 ἱστορίας.
1545 4027 1550 4032 Α

377 4042 448 4114 β’.
465 4041 624 4094 ’Λλλά
657 4042 750 4094 καὶ
775 4039 929 4096 τοῦτο
958 4039 1088 4094 αὐτὸ
1119 4039 1280 4094 πάλιν
1309 4041 1508 4110 πολλῆς
1533 4037 1694 4112 γέμει
1723 4040 1891 4114 ζητή-

301 4144 467 4188 σεως.
503 4126 659 4188 Τίνος
693 4125 877 4178 ἕνεκεν
915 4125 1014 4177 οὐκ
1047 4123 1156 4178 ἀπὸ
1181 4124 1290 4177 τῶν
1314 4125 1408 4177 τοῦ
1437 4124 1672 4196 Χριστοῦ
1709 4125 1888 4196 ῥημά-

299 4227 416 4261 των
458 4209 640 4272 αὐτοῖς
667 4207 973 4276 διαλέγεται
1015 4207 1120 4260 τῶν
1155 4209 1212 4260 ἐν
1237 4207 1557 4278 Εὐαγγελίῳ
1596 4207 1886 4277 κειμένων,

299 4291 428 4346 οὺδέ
454 4291 673 4362 γεέννης
703 4293 898 4356 αὐτοὺς
929 4293 1354 4362 ἀναμιμνήσκει,
1387 4293 1480 4346 καὶ
1507 4292 1729 4355 σκότους
1760 4291 1891 4356 ἐξω-

300 4376 488 4448 τέρου.
525 4375 616 4427 καὶ
649 4373 928 4444 σκώληκος
960 4375 1190 4438 ἱοϐόλου,
1226 4377 1321 4428 καὶ
1344 4373 1558 4445 δεσμῶν
1582 4375 1886 4441 ἀθανάτων,

303 4459 402 4512 καὶ¹
453 4458 622 4528 πυρὸς
668 4455 762 4511 τοῦ
797 4457 1201 4529 ἡτοιμασμένου
1251 4456 1329 4526 τῷ
1373 4457 1602 4528 διαϐόλῳ
1653 4457 1747 4510 καὶ
1776 4461 1894 4536 τοῖς⁸

301 4543 558 4612 ἀγγέλοις
588 4541 775 4606 αὑτοῦ,
805 4544 898 4595 καὶ
938 4542 1033 4595 τοῦ
1089 4540 1336 4611 βρυγμοῦ
1378 4541 1488 4594 τῶν
1517 4541 1764 4605 ὀδόντων,
1797 4543 1890 4594 καὶ

301 4627 416 4679 τῶν
441 4625 612 4678 ἀλλων
635 4625 738 4678 τῶν
755 4625 1082 4698 ἀπορρήτων
1101 4624 1372 4676 κολάσεων
1392 4639 1406 4688 ;
1437 4625 1500 4676 El
1523 4624 1631 4694 γάρ
1653 4624 1890 4693 φοϐῆσαι

303 4707 580 4770 ἐϐούλετο,
621 4707 727 4760 ἀπὸ
761 4711 867 4760 τῶν
901 4709 1162 4778 μειζόνων
1188 4706 1346 4758 τοῦτο
1375 4706 1600 4775 ποιῆσαι
1629 4707 1755 4772 ἔδει,
1788 4708 1888 4760 οὐκ

303 4791 418 4845 ἀπὸ
437 4791 548 4844 τῶν
577 4793 634 4843 ἐν
663 4793 729 4862 τῇ
761 4793 972 4864 ἐρήμῳ.
1015 4793 1244 4844 Ἐκεῖνοι
1276 4790 1375 4860 μὲν
1409 4789 1538 4859 γὰρ,
1575 4793 1622 4842 εί
1652 4791 1746 4844 καὶ
1769 4793 1890 4843 ἐκο-

301 4874 605 4945 λάσθησαν,
639 4875 754 4928 ἀλλ’
783 4873 1131 4946 ἡμερώτερον
1171 4876 1264 4927 καὶ
1299 4874 1670 4944 προσκαίρως,
1701 4873 1796 4927 καὶ
1830 4875 1888 4926 ἐν

299 4958 494 5030 ήμέρᾳ
524 4960 621 5028 μιᾷ
641 4975 653 4989 ·
705 4953 850 5012 οὗτοι
885 4959 941 5010 δὲ
970 4957 1214 5012 ἀθάνατα
1245 4957 1497 5026 μέλλουσι
1529 4955 1885 5028 τιμωρεῖσθαι

299 5043 402 5096 καὶ
444 5041 820 5112 χαλεπώτερα.
873 5041 1030 5104 Τίνος
1071 5037 1162 5093 οὖν
1203 5041 1386 5093 ἕνεκεν
1436 5040 1642 5093 ἐκεῖθεν
1690 5041 1888 5105 αὐτοὺς

299 5123 595 5194 ἐφόϐησεν,
625 5123 746 5177 οὐδέ
773 5123 1046 5194 ἀνέμνησε
1075 5123 1180 5177 τῶν
1207 5123 1300 5176 τοῦ
1327 5125 1560 5189 Χριστοῦ
1588 5124 1884 5194 ρημάτωνς

301 5207 416 5260 Καὶ
446 5207 556 5278 γὰρ
602 5205 834 5276 ἠδύνατο
883 5205 1062 5274 λέγειν
1109 5206 1244 5276 πρὸς
1279 5208 1476 5270 αὐτούς
1498 5225 1511 5238 ·
1551 5207 1625 5260 Οὐ
1662 5207 1798 5283 θέλω
1830 5207 1886 5260 δὲ

300 5290 447 5359 ὑμᾶς
481 5291 718 5358 ἀγνοεῖν,
763 5288 1001 5358 ἀδελφοὶ,
1052 5290 1193 5351 οἵους
1239 5289 1266 5340 ὁ
1311 5289 1540 5363 Χριστὸς
1587 5289 1750 5360 ἔθηκε
1796 5289 1886 5342 νό-

303 5389 442 5442 μους
469 5374 597 5444 περὶ
625 5373 732 5426 τῶν
765 5373 947 5425 πίστιν
977 5373 1074 5441 μὲν
1104 5371 1336 5442 ἐχόντων
1361 5411 1375 5434 ,
1415 5371 1528 5442 βίον
1571 5371 1626 5424 δέ
1668 5371 1886 5444 ἄριστον

297 5457 403 5507 οὐκ
441 5455 924 5524 ἐπιδεικνυμένων.
967 5455 1080 5510 Καὶ
1117 5453 1225 5525 γὰρ
1264 5453 1516 5524 θαύματα
1554 5457 1888 5526 ποιήσαντας

301 5537 646 5609 ἀνθρώπους,
679 5539 774 5592 καὶ
805 5537 1139 5609 προφητείαν
1169 5537 1640 5606 ἐπιδεικνυμένους
1667 5535 1884 5601 ἐξέϐαλε

297 5621 400 5688 τῆς
432 5621 710 5691 βασιλείας
742 5622 850 5674 τῶν
881 5621 1146 5692 οὐρανῶν,
1175 5620 1382 5690 λέγων·
1417 5619 1642 5675 Πολλοὶ
1678 5621 1886 5687 ἐροῦσι

293 5721 400 5772 μοι
430 5706 501 5758 ἐν
525 5705 728 5774 ἐκείνῃ
763 5703 837 5772 τῇ
859 5705 1067 5772 θήμέρᾳ,
1111 5705 1308 5774 Κύριε,
1341 5706 1536 5772 Κύριε,
1577 5707 1647 5759 οὐ
1680 5702 1761 5770 τῷ
1796 5703 1887 5770 σῷ

298 5785 550 5854 ὀνόματι
574 5787 852 5858 δαιμόνια
871 5785 1256 5857 ἐξεϐάλομεν,
1279 5787 1378 5841 καὶ
1407 5785 1487 5852 τῷ
1525 5787 1614 5852 σῷ
1641 5789 1884 5858 ὀνόματι

361 5897 388 5929 ⁸
413 5890 522 5942 Duo
541 5905 655 5943 mss.
679 5897 761 5950 τῆς
781 5891 986 5948 παλαιᾶς
1013 5891 1182 5947 αὐτοὺς
1203 5892 1480 5954 ἀνέμνησεν.

1168 445 1239 506 ,ΙΝ
1265 447 1525 507 DICTUM
1557 445 1784 517 PAULI,
1813 445 1998 503 ΝΟΜ)
2033 447 2168 507 VOS
2205 451 2580 524 IGNORARE,
2611 455 2794 514 ETC.‘

3467 455 3570 508 ΞΗ

1997 563 2545 632 προεφητεύσαμεν,
2581 565 2677 618 καὶ
2711 563 2996 634 δυνάμεις
3021 563 3255 630 πολλὰς
3285 563 3577 632 ἐποιήσα-

1989 657 2142 711 μεν;
2173 645 2283 697 Καὶ
2318 645 2452 699 τότε
2490 648 2846 717 ὁμολογήσω
2887 647 3110 714 αὐτοῖς,
3147 647 3432 716 Ὑπάγετε
3469 649 3572 704 ἀπ’

1993 726 2163 794 ἐμοῦ,
2188 730 2298 780 οὐκ
2320 725 2452 782 οῖδα
2478 729 2653 798 ὑμᾶς,
2679 733 2732 784 οί
2753 731 3122 800 ἐργαζόμενοι
3145 729 3260 798 τὴν
3292 733 3567 801 ἀνομίαν.

1995 810 2105 862 Καὶ
2131 811 2230 873 τὰς
2251 811 2550 881 παρθένους
2571 813 2625 866 δὲ
2652 815 2748 882 οὐχ
2771 815 2910 888 ὑπὲρ
2939 814 3184 880 πίστεως¹
3208 814 3452 882 ἐγκαλῶν
3476 817 3571 872 καὶ

1992 891 2298 964 δογμάτων,
2338 893 2453 947 ἀλλ’
2501 896 2641 965 ὑπὲρ
2693 895 2842 968 [231]
2899 898 3014 969 βίου
3047 897 3446 970 διεφθαρμένου
3479 903 3574 954 καὶ

1993 976 2389 1046 ἀπανθρωπίας
2449 979 2544 1031 καὶ
2596 979 2910 1050 ὠμότητος,
2955 981 3248 1034 ἀπέκλεισε
3293 980 3388 1036 τοῦ
3435 1001 3570 1052 νυμ-

1993 1059 2204 1127 φῶνος·
2241 1055 2336 1116 καὶ
2369 1061 2460 1116 τὸν
2491 1063 2561 1116 τά
2597 1063 2819 1134 ῥυπαρά
2863 1065 3208 1136 ἐνδεδυμένον
3255 1065 3465 1135 ἱμάτια,
3486 1065 3574 1118 διά

1991 1141 2150 1202 τοῦτο
2195 1144 2477 1216 δεδεμένον
2509 1144 2785 1210 ἐξέϐαλεν,
2834 1149 2933 1201 οὐκ
2968 1147 3153 1218 ἐπειδὴ
3199 1147 3442 1218 δόγματα
3475 1149 3574 1202 οὐκ

1993 1219 2136 1296 εἶχεν
2164 1225 2318 1296 ὀρθὰ,
2352 1227 2466 1280 ἀλλ’
2495 1229 2680 1300 ἐπειδὴ
2711 1229 2826 1298 βίον
2852 1229 3095 1300 ῥυπαρὸν
3127 1232 3217 1284 καὶ
3241 1231 3569 1302 ἀκάθαρτον·

1994 1310 2086 1360 καὶ
2127 1309 2221 1374 οὓς
2269 1309 2553 1364 ἐκέλευσεν
2584 1311 2664 1374 εἰς
2690 1311 2752 1365 τὺ
2797 1311 2904 1382 πῦρ
2948 1311 3310 1382 ἀπενεχθῆναι
3337 1315 3399 1366 τὸ
3423 1316 3572 1385 ήτοι-

1996 1390 2272 1461 μασμένον
2317 1393 2394 1464 τῷ
2435 1392 2665 1463 διαϐόλῳ
2709 1395 2802 1446 καὶ
2829 1397 2941 1454 τοῖς
2973 1395 3224 1464 ἀγγέλοις
3274 1395 3459 1462 αὑτοῦ,
3509 1397 3571 1450 οὐ

1991 1473 2080 1525 διά
2121 1473 2279 1527 τοῦτο
2327 1473 2570 1546 ἐπεμψεν
2613 1477 2750 1536 ἐκεῖ,
2787 1476 2974 1546 ἐπειδὴ
3018 1477 3116 1546 τῆς
3165 1479 3401 1542 πίστεως
3430 1474 3590 1550 ἦσαν’

1993 1555 2430 1619 ἐκπεπτωκότες,
2455 1556 2570 1610 ἀλλ’
2602 1556 2792 1626 ἐπειδὴ
2816 1557 3070 1610 οὐδέποτε
3096 1559 3284 1612 οὐδένα
3311 1560 3569 1630 ἠλέησαν.

1993 1637 2208 1692 Τούτων
2235 1639 2452 1694 πάντων
2483 1641 2575 1693 καὶ
2597 1641 2707 1695 τῶν
2751 1640 3006 1694 τοιούτων
3032 1643 3223 1706 αὐτοὺς
3261 1645 3572 1715 ἀναμνῆσαι

1991 1722 2219 1791 ἠδύνατο
2245 1767 2259 1791 ,
2310 1725 2404 1776 καὶ
2447 1726 2654 1777 εἰπεῖν·
2705 1724 2778 1777 Οὐ
2833 1724 2970 1777 θέλω
3019 1725 3076 1778 δὲ.
3127 1725 3272 1796 ὑμᾶς
3319 1727 3590 1795 ἀγνοεῖν,

1992 1806 2214 1876 ἀδελφοὶ
2235 1849 2248 1870 ,
2296 1808 2377 1860 ὃτι
2412 1801 2557 1860 οὗτοι
2590 1807 2787 1872 πάντες
2822 1809 2915 1861 καὶ¹
2945 1807 3320 1880 βαπτίσματος
3357 1811 3568 1882 ἔτυχον,

1991 1888 2087 1941 καὶ
2143 1881 2454 1962 μυστηρίων
2513 1883 2921 1961 ἐκοινώνησαν,
2983 1891 3077 1944 καὶ
3135 1893 3317 1946 πίστιν
3373 1881 3572 1965 πολλὴν

1991 1971 2349 2037 ἐπεδείξαντο,
2381 1975 2476 2026 καὶ
2529 1971 2730 2041 γνῶσιν
2773 1969 2918 2044 εἶχον
2960 1974 3406 2046 ἀπηρτισμένην·
3456 1975 3570 2030 ἀλλ’

1993 2054 2178 2125 ἐπειδὴ
2221 2057 2334 2126 βίον
2367 2057 2426 2108 οὐ
2463 2055 2736 2126 παρέσχον
2767 2060 2835 2128 τῇ
2887 2057 3066 2110 πίστει
3103 2059 3568 2128 συνᾴδοντα,’τῆς

1995 2134 2268 2205 βασιλείας
2301 2137 2702 2209 ἐξεϐλήθησαν,
2739 2140 2834 2192 καὶ
2876 2138 2954 2208 τῷ
2989 2139 3122 2209 πυρὶ
3169 2141 3568 2212 παρεδόθησαν.

1993 2221 2148 2285 Τίνος
2177 2217 2268 2275 οὖν
2294 2222 2482 2274 ἕνεκεν
2527 2222 2586 2274 οὐ
2621 2219 2794 2274 ταῦτα
2827 2219 2998 2281 εἶπεν,
3030 2221 3165 2278 ἀλλά
3193 2225 3365 2278 ταῦτα
3394 2225 3572 2280 πάντα

1992 2303 2170 2370 ἀφεὶς,
2203 2303 2344 2357 οὕτω
2371 2303 2488 2368 πώς
2523 2321 2706 2376 φησιν·
2743 2307 2826 2358 Οὐ
2850 2307 3002 2360 θέλω
3028 2305 3096 2358 δὲ
3123 2306 3277 2374 ὑμᾶς
3305 2307 3569 2376 ἀγνοεῖν,

1992 2385 2276 2454 ἀδελφοὶ,
2325 2385 2413 2440 ὅτι
2459 2389 2514 2441 οἱ
2547 2387 2799 2455 πατέρες
2850 2387 3020 2456 ήμῶν
3054 2387 3280 2454 πάντες
3307 2389 3428 2450 ὑπὸ
3455 2389 3572 2458 τὴν

1991 2469 2256 2538 νεφέλην
2281 2467 2460 2539 ἦσαν,
2493 2471 2588 2523 καὶ
2613 2471 2722 2524 τῶν
2745 2472 3024 2535 Μωῦσέως
3047 2473 3243 2535 αὐτοὺς
3269 2475 3574 2546 ἀναμιμνή-

1995 2571 2160 2620 σκων,
2182 2556 2250 2607 τά
2272 2555 2366 2607 ἐπὶ
2392 2555 2490 2624 τῆς
2520 2555 2894 2625 χάριτος-τέως
2923 2558 3182 2624 σιγήσαςς
3221 2557 3333 2626 Οὐχ
3361 2557 3568 2623 ἁπλῶς,

1991 2635 2112 2689 οὐδὲ
2149 2637 2276 2690 ἄνευ
2329 2637 2486 2704 λόγου
2531 2637 2674 2698 τινὸς
2706 2637 2864 2688 τοῦτο
2893 2640 3066 2690 ποιεῖ·
3117 2637 3317 2708 πολλῆς
3343 2639 3450 2710 γὰρ
3481 2655 3572 2692 σο-

1993 2719 2120 2787 φίας
2139 2715 2208 2789 ἦν
2234 2719 2664 2790 πεπληρωμένος
2683 2758 2696 2772 .
2738 2718 2900 2772 Ἀλλά
2921 2719 2975 2772 τί
3001 2719 3222 2789 δήποτε,
3250 2722 3343 2773 καὶ
3367 2721 3456 2775 διά
3479 2722 3567 2787 τίς

1993 2803 2148 2852 Δυοῖν
2171 2801 2334 2853 ἕνεκα
2352 2799 2583 2854 τούτων·
2617 2800 2752 2870 ὁμοῦ
2774 2817 2832 2853 τε
2861 2801 3038 2854 αὐτῶν
3080 2801 3398 2872 βουλόμενος
3437 2805 3572 2858 καθ-

1994 2881 2230 2951 ἅψασθαι
2269 2881 2487 2952 μᾶλλον,
2522 2884 2617 2956 καὶ
2655 2884 2825 2958 δεῖξαι
2871 2883 2974 2958 τῆς.
3013 2884 3253 2948 Παλαιᾶς
3299 2885 3572 2957 Διαθήκης

1994 2963 2130 3034 πρὸς
2181 2965 2279 3033 τὴν
2325 2965 2529 3034 Καινὴν
2589 2966 2786 3037 πολλὴν
2852 2961 3016 3018 οὖσαν
3069 2967 3170 3037 τὴν
3229 2969 3568 3036 συγγένειαν.

2007 3046 2222 3117 Ἐπειδὴ
2251 3047 2360 3118 γὰρ
2389 3048 2572 3100 πολλοὶ
2598 3048 2707 3100 τῶν
2736 3047 3056 3118 ἀνθρώπων,
3085 3051 3134 3102 οἱ
3164 3049 3262 3118 μὲν
3282 3052 3348 3122 τῇ
3377 3050 3571 3124 γεέννῃ

1993 3129 2358 3194 διαπιστοῦσι,
2388 3132 2484 3184 καὶ
2509 3131 2628 3184 οὐδὲ
2660 3127 2800 3184 εἶναι
2829 3131 3047 3184 κόλασιν
3075 3132 3405 3202 νομίζουσιν,
3435 3135 3572 3190 ἀλλὰ

1992 3213 2085 3266 τὸν
2113 3213 2246 3267 Θεὸν
2274 3213 2461 3276 ἁπλῶς
2489 3215 2674 3266 ἕνεκεν
2697 3215 2860 3288 φόϐου
2889 3215 2985 3266 καὶ
3015 3215 3394 3285 σωφρονισμοῦ
3417 3216 3570 3271 ταῦτ’

1994 3296 2374 3368 ἠπειληκέναι,
2421 3297 2678 3370 σκώληκα
2720 3297 2812 3350 τὸν
2857 3297 3228 3366 ἀτελεύτητον,
3272 3299 3334 3352 τὸ
3366 3299 3478 3371 πῦρ
3511 3300 3572 3354 τὺ

1994 3381 2274 3446 ἄσϐεστον,
2309 3381 2370 3434 τὸ
2413 3381 2601 3444 σκότος
2633 3381 2694 3434 τὸ
2725 3379 3007 3452 ἐξώτερον,
3039 3385 3149 3444 τοῖς
3185 3383 3242 3435 δὲ
3273 3383 3574 3454 παρελθοῦ-

1996 3481 2080 3516 σιν
2105 3464 2206 3516 οὺκ
2234 3464 2448 3532 ἔχουσιν
2480 3464 2795 3533 ἀπιστῆσαι.
2845 3464 2926 3515 Τὰ
2957 3464 3062 3533 γὰρ
3090 3465 3429 3534 γεγενημένα
3455 3465 3571 3530 πῶς

1993 3546 2058 3597 ἄν
2089 3561 2172 3608 τις
2217 3545 2432 3597 δύναιτο
2480 3544 2656 3610 λέγειν
2712 3545 2785 3614 μὴ
2838 3545 3124 3612 γενέσθαι;
3179 3547 3301 3608 Τοῖς
3333 3547 3434 3616 μὲν
3461 3545 3571 3619 γάρ

1992 3621 2202 3680 ούδέπω
2227 3619 2493 3695 φανεῖσιν,
2525 3627 2645 3680 οὐδὲ
2679 3629 2756 3690 είς
2789 3627 2947 3697 ἔργον
2973 3627 3277 3692 ἐξελθοῦσίν
3303 3631 3408 3683 είσι
3441 3631 3572 3683 πολ-

1993 3709 2076 3764 λοὶ
2107 3713 2157 3763 οἱ
2183 3711 2608 3772 διαπιστοῦντες,
2652 3713 2765 3772 τοῖς
2797 3709 2852 3762 δὲ
2879 3711 3266 3780 γεγενημένοις
3301 3713 3394 3766 καὶ⁸
3419 3714 3572 3778 τέλος

1991 3793 2258 3864 εἰληφόσι,
2285 3794 2387 3847 κᾶν
2412 3793 2666 3864 μυριάκις
2683 3810 2767 3855 τις
2790 3789 3129 3867 ἀνεύθυνος
3160 3795 3254 3848 καὶ
3277 3795 3566 3867 ἀγνώμων,

1991 3875 2136 3938 οὔτε,
2168 3878 2216 3929 εί
2254 3875 2556 3947 βουληθείη,
2607 3875 2890 3945 δυνήσεταί
2927 3892 3056 3928 ποτε
3111 3877 3378 3932 ἀπιστεῖν.
3436 3881 3572 3934 ’Δπὺ

1990 3961 2099 4012 τῶν
2131 3959 2336 4028 σφόδρα
2374 3957 2824 4028 ὡμολογημένων,
2867 3957 2962 4010 καὶ
2998 3957 3149 4021 τέλος
3189 3959 3443 4028 ἐχόντων,
3473 3965 3584 4016 καὶ.

1992 4038 2066 4097 ὧν
2105 4043 2276 4096 πολλὰ
2307 4043 2460 4108 μένει
2487 4041 2556 4093 τά
2582 4040 2828 4110 λείψανα,
2863 4041 3107 4110 βούλεται
3140 4043 3336 4106 αὐτοὺς
3362 4044 3568 4098 πιστώ-

1993 4125 2186 4180 σασθαι
2215 4126 2346 4196 περὶ
2381 4124 2479 4194 τῆς
2521 4123 2616 4176 τοῦ
2653 4124 2787 4176 Θεοῦ
2827 4123 3242 4195 δικαιοκρισίας,
3285 4128 3570 4198 μονονουχὶ

1991 4209 2195 4277 λέγων·
2230 4210 2295 4262 Εἰ
2325 4206 2399 4278 μὴ
2425 4207 2662 4278 νομίζεις
2691 4201 2828 4259 εἶναι
2860 4208 3101 4274 γέενναν,
3137 4208 3272 4279 μηδὲ
3297 4210 3564 4279 τιμωρίαν

1991 4293 2090 4347 καὶ
2129 4292 2348 4345 κόλασιν
2369 4331 2383 4356 ,
2425 4291 2538 4343 ἀλλ’
2571 4291 2756 4352 ἅπλῶς
2787 4292 2876 4344 τὸν
2919 4291 3050 4344 Θεὸν
3089 4291 3468 4362 ἠπειληκέναι,
3497 4291 3568 4346 τὰ

1991 4375 2330 4446 παρελθόντα
2359 4374 2852 4443 ἀναλογισάμενος,
2899 4375 3132 4435 καὶτοῖς
3171 4376 3420 4444 μέλλουσι
3472 4376 3567 4432 πί-

1992 4477 2166 4514 στευε.
2215 4459 2278 4510 El
2301 4457 2411 4527 γὰρ
2449 4459 2477 4510 ό
2515 4457 2678 4519 αὑτός
2719 4459 2834 4508 ἐστι
2875 4455 3026 4518 Θεὸς,
3054 4459 3081 4509 ό
3109 4459 3199 4510 καὶ
3229 4459 3296 4512 τὰ
3329 4460 3566 4530 πρότερα

1991 4544 2086 4596 καὶ
2113 4541 2184 4594 τὰ
2207 4541 2302 4594 νῦν
2331 4539 2650 4609 οἰκονομῶν,
2682 4541 2776 4590 καὶ
2813 4537 2880 4588 τὰ
2923 4541 3015 4590 ἐπὶ
3048 4540 3144 4608 τῆς
3171 4539 3435 4603 Παλαιᾶς,
3473 4545 3566 4600 καὶ

1989 4625 2058 4679 τά
2087 4627 2179 4678 ἐπὶ
2218 4625 2317 4694 τῆς
2359 4623 2604 4694 χάριτος,
2647 4621 2838 4689 ὥσπερ
2877 4617 2970 4672 οὖν
3013 4621 3105 4674 καὶ
3138 4621 3284 4674 ἐστιν
3315 4625 3344 4674 ό
3382 4625 3562 4692 αὐτὸς,

1991 4711 2142 4762 ποῖον
2172 4708 2238 4762 ἂν
2265 4709 2376 4778 ἐχοι
2404 4706 2592 4773 λόγον,
2632 4703 2872 4766 ἐκείνους
2909 4703 3005 4773 μὲν
3035 4706 3440 4775 ἁμαρτάνοντας
3469 4727 3564 4762 κον

1989 4792 2150 4847 λάσαι
2187 4793 2282 4845 καὶ
2315 4787 2764 4860 τιμωρήσασθαι,
2794 4788 2940 4856 ἡμᾶς
2965 4787 3024 4842 δὲ
3049 4789 3236 4851 ταῦτα,
3261 4793 3354 4843 καὶ
3387 4792 3566 4862 πολλῷ

1989 4874 2343 4945 χαλεπώτερα
2361 4871 2584 4924 ἐκείνων
2605 4869 2894 4930 πταίοντας
2913 4871 3289 4941 ἀτιμωρήτους
3313 4875 3526 4942 ἀφεῖναι
3543 4895 3562 4942 ι

2002 4955 2222 5028 Ἐρωτῶ
2241 4955 2454 5008 τοίνυν·
2485 4953 2815 5023 ἐπόρνευσαν
2863 4952 2913 5004 οῖ
2964 4953 3224 5016 Ἰουδαῖοι,
3253 4957 3346 5007 καὶ
3377 4958 3566 5016 ἐκολά..

1992 5037 2230 5110 cenam;
2291 5037 2595 5105 ἐγόγγυσαν
2623 5075 2636 5094 ,
2689 5035 2784 5086 καὶ
2827 5035 3282 5105 ἐτιμωρήθησαν;
3327 5038 3562 5112 Ἀνάγκη

1989 5123 2138 5176 πᾶσα
2158 5120 2506 5190 ὁμολογῆσαι.
2531 5117 2653 5180 Πῶς
2675 5113 2766 5169 οὖν
2785 5119 2813 5170 ὁ
2829 5119 3279 5188 τιμωρησάμενος
3299 5122 3561 5186 ἐκείνους,

1991 5205 2052 5257 σέ
2079 5203 2151 5256 τὰ
2189 5204 2328 5256 αὺτά
2358 5200 2640 5271 τολμῶντα
2687 5199 3024 5270 παρόψεται;
3079 5202 3194 5258 Οὐκ
3237 5203 3304 5256 ἂν
3339 5203 3450 5276 ἔχοι
3479 5205 3566 5258 λά..

1988 5305 2082 5356 γον
2105 5287 2153 5342 b.
2215 5285 2353 5338 Ἀλλ’
2395 5285 2496 5337 οὐκ
2531 5281 2737 5344 ἔδωκας
2777 5281 2930 5351 δίκην
2962 5282 3226 5350 ἐνταῦθα;
3273 5287 3371 5339 Διά
3407 5288 3566 5340 τοῦτο

1937 5393 1950 5412 ι
1991 5367 2225 5437 μάλιστα
2252 5365 2472 5417 πίστευε
2499 5362 2722 5430 γέενναν
2755 5356 2895 5413 εἶναι
2939 5360 3033 5413 καὶ
3083 5361 3336 5426 κόλασιν,
3376 5365 3564 5438 ἐπειδή

1987 5449 2142 5520 δίκην
2187 5447 2421 5501 ἐνταῦθα
2453 5449 2554 5498 οὐκ
2599 5443 2824 5507 ἔδωκας.
2879 5442 2939 5495 El
2979 5441 3085 5514 γὰρ
3117 5443 3191 5515 μή
3233 5444 3428 5515 ἔμελλέ
3478 5463 3564 5510 τις

1987 5531 2310 5586 ἀποκεῖσθαι
2357 5528 2494 5600 μετά
2523 5527 2696 5580 ταῦτα
2723 5525 2982 5596 τιμωρία,
3022 5527 3122 5580 οὐκ
3164 5527 3230 5582 ἂν
3269 5529 3338 5582 τὰ
3379 5531 3562 5584 αὐτάο

2047 5648 2078 5688 ι’
2109 5645 2334 5720 εαξη-,ἱππ
2353 5659 2505 5715 πιπτε-
2533 5640 2666 5720 ads“?
2700 5641 2903 5720 έκεέῖοέις
2943 5643 3026 5720 μὲν
3043 5644 3394 5720 ἐμαρτάγοντας
3418 5647 3566 5720 ’φλά-

1986 5727 2088 5788 agt,
2259 5711 2311 5758 δέ
2328 5705 2499 5766 ταῦτα,
2531 5705 2688 5753 καίτοι
2707 5705 2870 5767 πολλῷ
2909 5705 3196 5770 αἰσχρότερα
3221 5707 3566 5772 ὦργασαμένους

1986 5776 2334 5882 ωθιῗὲἷῗζά.
2348 5829 2428 5880 Sic
2440 5834 2586 5892 _recte
2603 5826 2711 5892 god.
2727 5841 2870 5890 unus,
2887 5828 3026 5890 cujus
3045 5825 3334 5891 scripturam
3353 5831 3563 5892 vulgata:

1986 5895 2198 5952 τοιαῦτα,
2221 5889 2580 5944 substituimus.
2609 5885 2736 5940 Εοιτ.
