4058 6258
218 460 334 516 2η

220 594 383 652 quam
411 578 597 637 eadem
616 594 734 652 quae
754 578 825 633 illi
849 578 1051 648 priores
1076 594 1257 641 ausus,
1284 579 1482 632 inultus
1501 579 1808 633 mansisses.

222 674 305 728 'l‘u
342 688 472 745 ergo
510 672 554 727 si
580 671 883 743 quempiam
913 669 1330 739 deprehenderis
1359 670 1572 724 mollem
1592 712 1606 734 ,
1636 669 1813 723 disso-

224 765 431 828 lutum,
461 763 790 832 multamque
840 760 1113 816 lasciviam
1145 761 1526 827 exhibentem,
1557 760 1644 831 qui
1674 760 1817 815 dicat

225 855 353 921 tibi,
406 854 531 909 Haec
573 863 699 907 sunt
748 852 973 919 fabulas;
1018 868 1124 907 non
1154 862 1238 909 est
1265 853 1614 923 supplicium,
1646 866 1816 921 neque

224 949 507 1018 gehenna,
539 946 633 1002 sed
666 947 806 1001 Deus
850 946 964 1001 lucc
991 946 1184 1001 frustm
1219 945 1447 1001 terrendi
1479 959 1636 1000 causa
1665 960 1817 999 com-

226 1041 460 1095 minatus
488 1047 602 1104 est,
649 1039 914 1110 responde
957 1039 1031 1093 illi
1063 1056 1076 1093 :
1109 1039 1314 1104 Homo,
1341 1054 1445 1091 non
1471 1038 1646 1092 credis
1676 1038 1816 1091 littu-

223 1133 303 1187 ris
322 1173 339 1199 ,
380 1133 504 1202 quia
533 1146 638 1186 non
671 1139 957 1201 apparent,
985 1145 1156 1200 neque
1182 1130 1232 1183 in
1259 1128 1436 1184 medio
1458 1129 1541 1183 vel
1568 1128 1666 1184 sub
1687 1144 1817 1184 ocu-

228 1223 296 1278 lis
326 1232 450 1278 sunt
479 1221 763 1277 constituta
793 1237 807 1275 :
833 1236 958 1275 num
987 1230 1139 1291 potes
1168 1219 1325 1275 ﬁdem
1354 1234 1547 1290 negare
1569 1219 1633 1274 iis
1653 1261 1667 1284 ,
1700 1235 1818 1290 qua:

227 1314 368 1369 facta
399 1314 665 1383 finemque
694 1313 881 1367 sortita
911 1313 1080 1366 sunt?
1104 1311 1289 1382 Cogita
1319 1311 1606 1367 Sodomam
1633 1320 1686 1366 et
1713 1312 1820 1368 Go-

229 1404 496 1460 Inmham.
520 1404 686 1475 Regio
714 1405 802 1459 illa
850 1405 993 1459 nulla
1023 1403 1123 1458 alia
1149 1404 1217 1459 de
1255 1421 1413 1459 causa
1462 1415 1636 1459 tantas
1675 1405 1820 1459 dedit

230 1510 451 1565 lunas,
474 1510 635 1565 quam
664 1494 803 1565 quod
834 1495 1023 1549 incola:
1044 1495 1160 1565 ejus
1192 1496 1402 1551 illicitos
1449 1498 1622 1551 coitus
1668 1496 1820 1550 indu-

228 1595 421 1639 xerunt
447 1626 463 1653 ,
488 1586 896 1656 illegitimosque
925 1601 1157 1652 amores,
1188 1602 1250 1641 ac
1279 1595 1481 1641 natura:
1509 1588 1651 1656 leges
1680 1588 1821 1642 radi-

225 1677 367 1729 citus
404 1674 799 1731 snbverlerum.
845 1677 955 1743 Qua
986 1676 1143 1746 igitur
1173 1678 1380 1733 ratione
1411 1677 1521 1733 fieri
1554 1680 1721 1748 possit
1765 1689 1822 1733 ut

228 1768 375 1822 Deus
414 1767 553 1823 idem
583 1768 697 1838 ipse
730 1782 871 1823 nunc
917 1768 1006 1838 qui
1050 1777 1174 1823 tunc
1218 1779 1365 1834 erat,
1392 1769 1512 1824 illos
1540 1781 1822 1840 peccantes

224 1859 351 1914 sine
389 1857 540 1913 venia
596 1859 864 1927 punierit,
910 1867 960 1915 te
1009 1876 1135 1914 vero
1175 1862 1261 1931 qui
1292 1870 1408 1931 post
1440 1861 1557 1916 illos
1589 1861 1820 1932 peccasti

227 1961 284 2004 et
325 1950 530 2020 majore
566 1950 756 2021 dignus
795 1967 855 2007 es
892 1952 1123 2015 ultione.
1166 1954 1286 2021 quia
1325 1953 1545 2021 gratiam
1602 1953 1822 2008 sortitus

227 2058 311 2107 es,
334 2056 505 2112 neque
532 2042 741 2096 illorum
764 2043 1024 2112 supplicio
1044 2043 1375 2110 emendatus,
1398 2045 1622 2098 inttltum
1644 2045 1783 2099 sinat
1799 2044 1821 2085 7

304 2136 357 2189 5.
391 2134 645 2188 Probatur
665 2136 894 2190 eumdem
916 2153 1024 2190 esse
1054 2135 1187 2190 Novi
1213 2154 1274 2189 ac
1305 2136 1493 2192 Veteris
1523 2137 1823 2192 Testamenti

230 2224 420 2279 Deum.
449 2256 522 2265 —
552 2226 781 2296 Ideoque
813 2226 1007 2281 Paulus
1027 2269 1039 2291 ,
1074 2227 1331 2282 nihildum
1370 2228 1437 2282 de
1461 2229 1702 2298 gehenna
1746 2230 1823 2282 lo-

229 2328 433 2387 quutus
454 2359 468 2380 ,
516 2318 637 2388 quia
686 2319 857 2374 futura
901 2334 929 2371 a
960 2319 1143 2373 multis
1175 2335 1277 2371 non
1308 2320 1629 2384 creduntur,
1662 2319 1729 2373 ab
1759 2321 1823 2374 iis

230 2426 353 2478 quae
379 2409 489 2478 jam
513 2412 877 2479 contigerant,
910 2418 964 2464 et
1006 2409 1197 2478 quibus
1225 2411 1298 2463 illi
1330 2410 1484 2464 fidem
1518 2409 1819 2477 habebant,

232 2501 382 2570 ipsos
403 2500 618 2555 erudire
648 2501 784 2555 vult.
825 2500 1047 2556 Etiamsi
1096 2500 1238 2555 enim
1270 2499 1443 2554 futura
1502 2500 1820 2555 terribiliora

230 2592 368 2658 sint,
398 2591 743 2662 popularibus
784 2599 964 2646 tamen
1006 2590 1271 2661 prieterita
1303 2599 1427 2645 sunt
1451 2590 1818 2657 credihiliora,

230 2692 285 2737 et
312 2683 429 2738 hare
457 2684 576 2753 plus
601 2699 759 2753 quam
790 2682 880 2737 illa
905 2683 1096 2737 terrori
1117 2692 1241 2737 sunt
1264 2683 1411 2753 ipsis.
1431 2680 1646 2769 Idcirco
1671 2699 1737 2737 ex
1761 2684 1825 2737 iis

231 2784 608 2843 argumentum
639 2783 931 2840 mutuatur,
954 2773 1147 2842 quibus
1176 2789 1243 2827 ne
1270 2771 1690 2843 impudentiores
1710 2774 1826 2843 qni-

230 2865 355 2919 dem
376 2864 533 2919 fidem
553 2880 746 2934 negare
767 2873 1022 2933 possunt:
1047 2864 1205 2918 simul
1222 2872 1397 2917 autem
1415 2872 1469 2918 et
1490 2863 1742 2918 Marcioni
1771 2873 1827 2918 ct

232 2956 529 3012 llanichteo
555 2968 610 3012 et
638 2958 701 3012 iis
730 2957 820 3027 qui
848 2957 958 3026 pari
1002 2956 1190 3010 morbo
1239 2955 1585 3020 laborabant,
1614 2955 1824 3010 letalem

236 3049 430 3119 inﬂigit
455 3050 680 3119 plagam.
704 3051 759 3105 Si
790 3051 932 3105 enim
957 3066 1062 3104 non
1089 3058 1170 3105 est
1198 3048 1334 3103 idem
1361 3049 1568 3103 Veteris
1588 3050 1676 3120 qui
1694 3048 1823 3103 Novi

236 3141 570 3199 Testamenti
600 3143 739 3198 Deus
760 3185 773 3207 ,
799 3142 887 3213 qui
911 3154 967 3197 et
994 3142 1079 3197 illa
1102 3143 1324 3205 monuit,
1354 3153 1407 3197 et
1431 3142 1569 3197 hanc
1600 3142 1823 3196 formam

242 3234 535 3290 traditurus
575 3244 725 3302 erat,
757 3236 954 3290 frustra
982 3235 1109 3290 mihi
1143 3236 1243 3290 hoc
1281 3236 1443 3300 dicis,
1477 3251 1510 3291 ο
1550 3234 1742 3300 Paule,
1774 3246 1829 3291 et

235 3327 445 3381 nullum
467 3326 803 3381 auditoribus
824 3327 1070 3381 timorem
1096 3327 1308 3382 incutis.
1331 3326 1463 3382 Nam
1484 3338 1655 3397 potest
1677 3329 1721 3381 is
1737 3329 1827 3397 qui

234 3417 389 3472 audit
420 3417 605 3472 dicere
646 3435 659 3470 :
693 3416 748 3473 Si
776 3418 912 3472 alius
942 3418 1063 3484 ille,
1093 3419 1229 3473 alius
1286 3419 1371 3473 hic
1412 3419 1550 3472 Dens
1581 3429 1661 3474 est
1696 3436 1708 3472 :
1746 3421 1830 3474 hic

237 3520 391 3566 certe
418 3525 523 3563 non
556 3510 849 3565 secundum
887 3510 1028 3565 illius
1051 3510 1370 3565 sententiam
1409 3510 1701 3578 jndicabit,
1732 3528 1828 3565 ne-

236 3617 347 3671 que
394 3600 581 3655 iisdem
615 3601 1002 3671 obtemperabit
1048 3602 1269 3672 legibus.
1298 3601 1432 3670 Quid
1470 3603 1612 3657 enim
1645 3603 1689 3656 si
1724 3604 1830 3657 Deo

240 3691 458 3745 Veteris
488 3692 645 3762 Legis
673 3694 842 3747 visum
873 3703 959 3748 est
1001 3708 1189 3748 omnes
1232 3695 1453 3763 punire,
1494 3709 1627 3764 quas
1656 3695 1832 3749 larvas

239 3782 479 3852 profers,
503 3786 628 3854 quid
660 3796 830 3839 terres
856 3783 1076 3839 ?Alium
1106 3783 1279 3840 habeo
1297 3784 1605 3850 Dominum,
1631 3785 1719 3856 qui
1749 3801 1833 3841 me

235 3874 575 3946 judicaturus
597 3886 699 3931 est.
726 3876 907 3947 Itaque
929 3877 973 3931 si
1020 3877 1152 3932 alius
1182 3875 1369 3931 fuisset
1411 3876 1652 3943 Veteris,
1697 3877 1834 3931 alius

246 3967 416 4023 Novae
442 3967 601 4039 Legis
620 4012 634 4034 ,
662 3968 857 4023 Paulus
882 3980 1067 4025 contra
1089 4011 1103 4035 ,
1127 3983 1285 4039 quam
1315 3967 1557 4034 volebat,
1580 3967 1793 4023 fecisset
1817 3986 1829 4020 :

241 4077 353 4115 non
383 4062 543 4115 modo
570 4062 711 4117 enim
742 4078 845 4117 non
876 4062 1151 4117 terruisset
1176 4061 1472 4116 auditorem
1491 4102 1507 4127 ,
1538 4060 1635 4116 sed
1661 4061 1825 4116 etiam

240 4157 311 4212 ab
330 4158 475 4211 omni
502 4158 743 4227 angustia
767 4166 822 4212 et
850 4165 993 4210 metu
1016 4156 1319 4221 liberasset,
1337 4155 1477 4226 quod
1500 4171 1656 4210 nemo
1677 4170 1834 4223 quan-

243 4251 368 4305 tivis
396 4252 584 4322 pretii,
617 4253 776 4307 etiam
822 4251 1079 4321 insipiens
1124 4250 1344 4313 fecerit,
1393 4249 1586 4303 nedum
1639 4248 1837 4303 Paulus

245 4357 393 4398 tanta
434 4346 622 4413 plenus
643 4344 921 4414 sapientia.
956 4343 1108 4399 Unde
1139 4343 1310 4413 palam
1337 4350 1420 4397 est
1444 4340 1689 4396 emudem
1717 4355 1838 4395 esse

247 4437 449 4501 Deum,
483 4435 570 4504 qui
596 4445 649 4489 ct
682 4434 897 4490 Judzros
923 4434 975 4489 in
1003 4448 1185 4489 eremo
1208 4433 1526 4503 prostravit,
1556 4443 1611 4486 et
1649 4430 1716 4486 de
1738 4447 1835 4485 uo-

245 4529 329 4582 bis
369 4543 467 4582 eos
494 4527 704 4583 ulturus
748 4537 859 4593 est,
901 4526 990 4597 qui
1040 4524 1397 4595 peccaverint.
1443 4523 1626 4592 Neque
1655 4522 1835 4587 enim,

248 4619 349 4673 nisi
384 4631 521 4671 unus
549 4626 694 4673 esset
724 4616 798 4689 (id
827 4618 1019 4671 iterum
1047 4615 1214 4684 dico),
1245 4630 1341 4683 per
1384 4629 1447 4668 ea
1484 4628 1605 4684 qua:
1652 4612 1778 4667 olim
1808 4627 1837 4663 a

247 4725 309 4765 se
335 4718 485 4780 gesta
513 4718 667 4776 sunt,
699 4710 764 4764 de
803 4709 994 4763 futuris
1041 4708 1201 4763 etiam
1252 4721 1350 4760 nos
1407 4715 1665 4768 terreret;
1717 4703 1838 4774 quia

246 4813 432 4859 autem
474 4802 615 4857 idem
647 4804 761 4872 ipse
795 4811 878 4856 est
900 4841 916 4866 ,
948 4800 1192 4869 supplicii
1221 4798 1672 4868 exspectationem
1696 4836 1709 4859 ,
1754 4794 1841 4849 cui

246 4896 545 4952 contradici
567 4896 782 4966 nequit,
814 4894 946 4965 ipsis
977 4891 1221 4958 induxit,
1266 4889 1556 4946 ostendens
1595 4898 1840 4943 metuen-

244 4990 377 5045 dum
406 4988 907 5058 formidandumque
931 5002 1071 5043 esse.
1101 4985 1201 5053 Qui
1250 4984 1391 5039 enim
1423 4992 1602 5053 patres
1631 4993 1843 5037 nostros

249 5094 543 5155 peccantes
570 5084 712 5138 ultus
740 5091 862 5148 est,
893 5096 997 5135 non
1044 5080 1228 5149 utique
1272 5077 1424 5132 nobis
1467 5083 1645 5146 parcet
1698 5074 1843 5143 paria

249 5176 621 5247 peceaintibus.
667 5175 786 5230 Jam
825 5188 1006 5245 operae
1054 5172 1283 5243 pretium
1325 5169 1484 5225 fuerit
1526 5168 1843 5239 principium

248 5269 580 5323 narrationis
607 5276 853 5337 repetere
873 5308 888 5332 ,
915 5276 970 5321 et
994 5265 1133 5320 dicta
1165 5265 1369 5334 singula
1394 5279 1517 5317 cum
1560 5262 1709 5317 omni
1752 5275 1843 5315 ac-

247 5360 535 5415 curatione
559 5359 887 5414 examinare.
910 5356 963 5410 Ν
968 5356 1050 5410 alo
1071 5366 1236 5409 autem
1257 5371 1341 5408 vos
1364 5358 1622 5424 ignorare,
1640 5356 1843 5423 fratres.

252 5450 557 5520 Discipulos
585 5461 743 5506 vocat
764 5450 958 5505 fratres
979 5466 993 5513 ;
1018 5463 1123 5502 non
1151 5445 1423 5516 dignitatis
1442 5486 1457 5511 ,
1486 5444 1579 5499 sed
1611 5442 1848 5498 caritatis

251 5542 477 5597 nomine
528 5543 675 5611 ipsos
718 5540 1067 5610 compellans.
1122 5537 1337 5595 Sciebat
1393 5536 1573 5599 enim,
1606 5534 1847 5603 apprime

252 5634 440 5700 utique
458 5633 696 5699 sciebat,
726 5634 848 5688 huic
869 5632 1212 5703 appellationi
1234 5629 1443 5698 uvquale
1466 5627 1597 5682 nihil
1620 5641 1773 5691 esse,
1795 5635 1849 5682 et

252 5725 546 5779 maximam
568 5724 842 5795 dignitatis
870 5724 1099 5791 speciem
1123 5762 1138 5787 ,
1179 5721 1409 5791 speciem
1441 5734 1560 5773 esse
1585 5718 1844 5773 caritatis.

256 5815 371 5869 Iloc
397 5825 574 5869 autem
608 5816 755 5885 prius
783 5826 834 5870 ct
866 5830 965 5868 nos
1016 5812 1308 5867 imitemur.
1364 5810 1584 5864 Etiamsi
1630 5808 1847 5879 quidam

258 5916 505 5961 nostrum
535 5907 689 5962 valde
741 5906 1021 5960 inferiores
1050 5903 1187 5969 sint,
1222 5903 1365 5975 ipsos
1412 5901 1690 5957 ministerii
1747 5917 1841 5956 no-

1082 459 1146 515 IN
1184 459 1439 518 DICTUM
1480 460 1703 518 PAULI.
1732 460 1915 517 ΝΟΜ)
1951 462 2079 519 VOS
2118 464 2489 531 ICNOIHRE,
2532 467 2683 522 ETC.

3398 471 3504 526 “2&6

1925 580 2067 635 mine
2093 584 2491 652 eonipellemus,
2513 599 2615 637 non
2646 585 2816 638 solum
2846 584 3060 648 liberos,
3090 585 3183 639 sed
3212 586 3368 638 etiam
3395 598 3506 639 ser-

1922 684 2047 734 vos;
2076 686 2179 725 non
2209 674 2378 726 solum
2399 673 2609 742 divites,
2633 675 2725 730 sed
2747 687 2903 729 etiam
2934 691 3191 746 pauperes
3219 694 3230 729 :
3261 675 3501 745 quando-

1922 761 2135 830 quidem
2184 771 2238 817 et
2284 762 2479 819 Paulus
2518 780 2623 819 non
2654 766 2824 819 solum
2854 764 3250 821 Corinthiorum
3279 766 3504 831 divites,

1923 853 2121 909 liberos
2150 864 2201 909 et
2228 858 2545 927 conspicuos
2573 868 2627 912 et
2656 859 2895 925 nobiles,
2925 861 3019 915 sed
3064 861 3223 915 etiam
3278 862 3508 926 privatos

1923 945 2345 1015 etdomesticos,
2368 960 2421 1005 et
2444 966 2634 1006 omnes
2663 952 3121 1007 indiscriminatim
3152 955 3247 1008 hac
3264 956 3505 1024 appella-

1926 1036 2067 1089 tione
2116 1036 2411 1094 honoravit.
2464 1040 2593 1094 Nam
2620 1041 2670 1095 in
2719 1041 2933 1095 Christo
2958 1042 3082 1097 Jesu
3122 1058 3292 1112 neque
3323 1060 3508 1098 servus

1924 1139 2097 1196 neque
2127 1127 2277 1193 liber,
2302 1145 2406 1182 non
2432 1130 2683 1185 barbarus
2701 1172 2715 1196 ,
2737 1148 2840 1186 non
2872 1133 3066 1204 Scytha
3093 1175 3110 1201 ,
3134 1150 3237 1187 non
3259 1135 3494 1202 sapiens,

1928 1233 2101 1288 neque
2128 1220 2382 1290 insipiens
2405 1221 2548 1292 (Gal.
2574 1225 2628 1278 5.
2656 1224 2726 1278 28
2754 1225 2795 1295 ),
2825 1225 2917 1279 sed
2946 1225 3121 1279 omnis
3143 1226 3410 1280 saecularis
3428 1226 3510 1279 di-

1924 1310 2140 1377 gnitatis
2196 1311 2525 1381 inmqnalitas
2563 1315 2768 1368 sublata
2826 1326 2921 1371 est.
2974 1316 3176 1386 Ecquid
3222 1316 3411 1370 mirum
3455 1318 3500 1372 si

1926 1399 2122 1454 Paulus
2145 1416 2434 1456 conservos
2460 1405 2537 1458 sic
2566 1406 2927 1475 appellavrrit,
2946 1408 3156 1476 quando
3179 1417 3233 1461 ct
3260 1408 3523 1462 Dominus.

1925 1492 2038 1560 ejus
2056 1502 2297 1546 naturam
2329 1503 2561 1548 nostram
2592 1497 2668 1549 sic
2686 1498 2909 1560 vocavit,
2938 1497 3019 1549 his
3041 1497 3216 1550 verbis
3241 1518 3253 1551 :
3275 1495 3514 1550 Narrabo

1929 1600 2111 1637 nomen
2142 1594 2283 1637 tuum
2312 1586 2554 1654 fratribus
2582 1588 2723 1650 meis,
2752 1588 2803 1640 in
2835 1588 2997 1641 medio
3025 1586 3266 1641 Ecclesia:
3295 1587 3513 1641 laudabo

1926 1687 1974 1730 te
2000 1676 2169 1745 (I’sal.
2191 1678 2281 1731 2|.
2311 1678 2402 1749 25)
2430 1680 2457 1717 ‘l
2488 1678 2670 1747 Neque
2703 1690 2903 1734 tantum
2946 1695 3042 1734 nos
3074 1680 3264 1735 fratres
3284 1680 3513 1743 vocavit,

1926 1769 2018 1823 sed
2046 1778 2099 1822 et
2120 1769 2233 1838 ipse
2264 1768 2427 1824 frater
2464 1786 2585 1824 esse
2608 1780 2787 1825 noster
2810 1771 2975 1825 voluit
2993 1812 3006 1835 ,
3036 1782 3088 1826 et
3116 1787 3237 1825 vere
3266 1768 3361 1824 fuit
3388 1785 3511 1824 cum

1927 1875 2143 1915 carnem
2196 1872 2430 1915 nostram
2488 1863 2691 1928 induit,
2740 1878 2796 1918 et
2825 1872 3032 1917 naturm
3064 1871 3258 1918 nostrze
3295 1877 3518 1916 consors

1929 1953 2099 2006 factus
2149 1964 2249 2008 est.
2303 1954 2455 2019 Quod
2507 1955 2675 2023 ipsum
2705 1955 2977 2011 admirans
3021 1956 3214 2011 Paulus
3261 1954 3514 2009 dicebat:

1932 2042 2051 2099 Non
2081 2047 2213 2100 enim
2236 2048 2441 2117 angelos
2470 2050 2802 2117 apprehendit
2825 2048 2997 2115 Deus,
3024 2050 3111 2105 sed
3150 2065 3319 2104 semen
3358 2048 3521 2101 Abra-

1928 2134 2008 2188 hte
2029 2137 2394 2207 apprehendit;
2426 2140 2560 2191 unde
2597 2139 2767 2192 debuit
2812 2157 2901 2211 per
2927 2141 3095 2193 omnia
3122 2140 3361 2211 fratribus
3387 2139 3518 2192 assi-

1928 2229 2099 2282 milari
2123 2230 2141 2301 (
2162 2228 2317 2283 Hebr.
2350 2230 2404 2283 2.
2448 2230 2533 2286 I6.
2580 2232 2704 2300 I7).
2734 2231 2801 2285 Et
2830 2248 3041 2286 rursum
3068 2249 3081 2287 :
3119 2232 3371 2299 Quoniam
3405 2245 3520 2283 vero

1928 2319 2074 2389 pueri
2100 2321 2525 2389 participaverunt
2553 2322 2694 2374 carni
2718 2332 2765 2374 et
2784 2323 3021 2392 sanguini
3040 2363 3059 2389 ,
3078 2320 3311 2377 similiter
3345 2331 3390 2375 et
3412 2320 3519 2389 ipse

1929 2411 2247 2480 participavit
2275 2412 2450 2465 iisdem
2467 2414 2591 2477 ipsis
2622 2412 2781 2481 (Ibid.
2806 2428 2854 2465 υ.
2883 2413 2991 2481 14).

2006 2499 2234 2554 Proximi
2258 2501 2459 2555 honeste
2483 2501 2840 2572 compellendi.
2861 2500 3126 2556 Transitus
3154 2519 3241 2571 per
3258 2517 3394 2554 mare
3419 2501 3522 2555 Ilu-

1929 2591 2072 2645 brum
2102 2590 2337 2661 baptismi
2359 2603 2528 2662 typus.
2560 2622 2631 2633 ——
2662 2592 2786 2647 llam
2818 2607 2981 2661 porro
3015 2593 3192 2645 omnia
3218 2592 3520 2655 audientes,

1928 2683 2284 2752 arrogantiam
2310 2724 2324 2743 ,
2356 2682 2545 2738 fastum
2570 2693 2623 2738 et
2666 2683 2968 2752 superbiam
2996 2683 3286 2752 quamlibet
3309 2697 3373 2737 ex
3409 2684 3523 2735 ani-

1932 2772 2034 2826 mis
2063 2772 2257 2827 nostris
2284 2773 2621 2828 eliminemus
2671 2791 2685 2827 :
2716 2773 2767 2828 id
2810 2788 3019 2827 summo
3049 2772 3224 2826 studio
3252 2786 3524 2834 cnreums,

1931 2858 2254 2932 ut‘obsequii
2286 2872 2340 2917 et
2386 2863 2608 2918 honoris
2660 2864 2966 2918 nominibus
3016 2864 3285 2932 proximos
3312 2870 3524 2916 nostros

1930 2953 2335 3021 compellemns.
2362 2953 2511 3009 Licet
2540 2955 2682 3009 enim
2705 2955 2806 3009 hoc
2832 2954 3064 3009 officium
3099 2954 3242 3023 parvi
3264 2953 3519 3006 momenti

1931 3058 2051 3097 esse
2081 3043 2343 3108 videatur,
2376 3059 2562 3114 magna
2606 3054 2779 3099 tamen
2808 3044 2947 3113 parit
2973 3044 3109 3098 bona
3140 3061 3152 3096 :
3179 3042 3525 3113 quemadmo-

1932 3135 2057 3189 dum
2086 3145 2140 3189 et
2165 3137 2466 3205 Oppositum
2490 3137 2681 3190 multas
2711 3136 3037 3201 inimicitias,
3071 3134 3190 3190 lites
3219 3144 3272 3189 et
3302 3146 3523 3188 comen-

1936 3228 2107 3284 tiones
2136 3229 2448 3299 plerumque
2475 3229 2697 3298 peperit.
2731 3227 2913 3298 Neque
2943 3227 3043 3281 hoc
3068 3225 3405 3282 solummodo
3433 3224 3519 3278 di-

1932 3331 2097 3387 ctum,
2130 3320 2223 3376 sed
2252 3321 2412 3375 etiam
2441 3320 2569 3375 illud
2613 3319 2755 3390 quod
2786 3321 3046 3387 sequitur,
3087 3334 3275 3388 magna
3297 3332 3518 3371 accura-

1936 3415 2082 3470 tione
2134 3416 2465 3470 excutiamus
2523 3431 2538 3469 :
2598 3429 2769 3483 neque
2824 3413 2968 3466 cnim
3027 3411 3153 3465 illud
3206 3412 3321 3465 sine
3366 3424 3525 3463 causa

1936 3506 2132 3576 posuit.
2161 3505 2294 3559 Cum
2324 3505 2467 3559 enim
2485 3504 2727 3568 dixisset,
2758 3502 2895 3556 Nolo
2922 3517 3008 3555 vos
3031 3503 3285 3572 ignorare,
3307 3504 3527 3568 fratres;

1935 3596 2148 3667 adjecit,
2203 3597 2354 3662 Quod
2401 3607 2568 3666 patres
2610 3595 2763 3648 nostri
2794 3610 2963 3648 omnes
2996 3608 3139 3647 :non
3190 3592 3343 3657 dixit,
3386 3591 3526 3659 quod

1936 3692 2128 3755 Judaei,
2162 3707 2335 3761 neque
2371 3690 2424 3755 ii,
2455 3689 2543 3759 qui
2575 3704 2638 3742 cx
2670 3686 2903 3758 {Egypto
2929 3686 3129 3756 egressi
3154 3683 3399 3747 fuerant;
3430 3681 3524 3737 sed

1937 3783 2097 3854 quid?
2124 3781 2307 3837 Patres
2334 3782 2493 3835 nostri
2537 3797 2742 3844 omnes;
2774 3778 2930 3833 simul
2959 3792 3107 3830 suam
3138 3776 3395 3831 exhibens
3428 3775 3527 3827 Ιιιιο

1939 3873 2239 3937 utilitatem,
2269 3886 2389 3927 cum
2426 3886 2610 3925 eorum
2655 3870 3024 3939 eiignationcm
3059 3882 3163 3920 non
3211 3865 3530 3934 dedignatus

1939 3972 2039 4030 est,
2062 3964 2163 4018 etsi
2189 3970 2393 4016 tantum
2436 3963 2679 4029 superior
2704 3960 2896 4013 virtute
2921 3975 2936 4024 ;
2964 3944 3406 4026 ctimpudentem
3434 3969 3531 4007 co-

1939 4073 2057 4113 rum
2078 4056 2311 4126 linguam
2339 4070 2618 4119 coercens,
2641 4053 2731 4122 qui
2766 4052 3005 4107 Veterem
3028 4050 3222 4121 Legem
3244 4047 3533 4102 criminan-

1943 4161 2049 4205 tur.
2090 4149 2274 4219 Neque
2312 4148 2455 4202 enim
2486 4148 2532 4202 si
2584 4146 2787 4201 odisset
2832 4146 2996 4209 illam,
3052 4141 3533 4197 honorabilioribus

1942 4244 2086 4297 illaut
2116 4241 2418 4298 nominibus
2453 4248 2950 4302 commemorasset,
2978 4251 3097 4291 cum
3128 4236 3205 4290 illi
3228 4250 3416 4289 omnes
3442 4235 3531 4303 qni

1945 4343 2068 4389 tunc
2120 4334 2362 4387 vixerant
2415 4329 2770 4386 criminationi
2819 4340 3002 4385 essent
3050 4326 3287 4383 obnoxii.
3327 4326 3534 4380 Omnes.

1943 4427 2125 4497 Neque
2146 4424 2274 4480 illud
2305 4433 2505 4478 temere
2539 4422 2733 4491 posuit,
2767 4419 2973 4485 Omnes,
3014 4435 3189 4489 neque
3213 4433 3532 4487 supervaca-

1946 4534 2067 4580 nee,
2100 4516 2194 4571 sed
2240 4528 2429 4584 magna
2467 4527 2588 4567 cum
2631 4512 2914 4581 sapientia.
2959 4509 3141 4580 Neque
3196 4524 3316 4563 cum
3369 4509 3536 4562 semel

1947 4610 2189 4674 dixisset,
2233 4605 2283 4660 id
2334 4613 2515 4676 postea
2567 4603 2760 4668 tacuit;
2792 4602 2883 4657 Sed
2910 4610 2965 4657 et
3002 4601 3084 4655 bis
3108 4610 3161 4655 et
3195 4610 3274 4655 ter
3301 4609 3356 4654 et
3393 4615 3537 4667 sa-pe

1949 4698 2348 4773 pronuntiavit,L
2372 4706 2431 4751 ut
2471 4695 2680 4750 ediscas
2720 4694 2865 4747 illum
2894 4708 2999 4746 non
3033 4690 3388 4762 perfunctorie
3435 4689 3535 4743 hoc

1948 4793 2253 4865 protulisse.
2286 4789 2418 4843 Cum
2443 4787 2667 4842 dixisset
2686 4784 2848 4847 enim,
2874 4782 3025 4850 Quod
3054 4792 3221 4853 patres
3242 4780 3401 4834 nostri
3421 4796 3533 4832 om-

1949 4904 2035 4941 nes
2057 4884 2148 4940 sub
2177 4882 2306 4937 nube
2333 4886 2560 4952 fuerunt,
2605 4876 2820 4945 adjecit,
2851 4874 2916 4929 Et
2955 4890 3126 4927 omnes
3149 4889 3238 4944 per
3266 4888 3404 4924 mare
3428 4869 3537 4924 Ru-

1951 4978 2097 5032 brum
2119 4974 2444 5035 transierunt,
2472 4980 2518 5025 et
2543 4986 2713 5024 omnes
2737 4969 2791 5021 in
2824 4966 3053 5037 Moysem
3073 4964 3315 5034 baptizati
3331 4972 3465 5026 sunt,
3490 4971 3539 5015 et

1951 5086 2122 5123 omnes
2147 5066 2371 5121 canalem
2396 5079 2561 5117 escam
2588 5060 2899 5130 spiritualem
2923 5056 3268 5122 comederunt,
3294 5065 3337 5109 et
3362 5070 3536 5108 omnes

1951 5161 2176 5216 eumdem
2210 5168 2381 5229 potum
2402 5154 2717 5227 spiritualem
2758 5153 3002 5206 biberunt.
3035 5149 3239 5205 Audisti
3276 5147 3542 5218 quomodo

1936 5240 2096 5324 Vsatpe
2127 5250 2275 5316 illud,
2312 5248 2519 5313 Omnes,
2551 5243 2828 5316 posuerit?
2857 5242 3007 5310 Quod
3032 5256 3365 5310 nequaquam
3390 5239 3541 5293 fecis-

1952 5355 2055 5410 set,
2082 5343 2181 5397 nisi
2224 5354 2472 5410 magnum
2498 5336 2621 5403 quid
2659 5345 2712 5390 et
2743 5333 2984 5389 mirabile
3014 5333 3322 5404 mysterium
3353 5329 3541 5382 subin-

1953 5441 2132 5496 dicarc
2162 5436 2434 5491 voluisset.
2470 5432 2524 5487 Si
2573 5432 2713 5485 enim
2746 5427 3055 5495 simpliciter
3094 5422 3383 5496 posuisset,
3410 5421 3541 5474 satis

1953 5542 2069 5590 erat
2116 5532 2165 5586 id
2206 5527 2369 5584 semel
2414 5526 2612 5579 dictum
2661 5532 2841 5591 postea
2870 5528 3067 5583 tacere,
3120 5525 3176 5571 et
3202 5516 3281 5570 sic
3313 5512 3539 5568 dicere:

1954 5624 2105 5693 Quod
2158 5634 2334 5692 patres
2364 5616 2528 5671 nostri
2558 5627 2746 5667 omnes
2782 5610 2880 5664 sub
2915 5609 3053 5663 nube
3093 5607 3323 5664 fuerunt.
3369 5611 3422 5659 et
3449 5617 3545 5672 per

1955 5730 2102 5771 mare
2147 5711 2493 5770 transierunt,
2533 5715 2586 5759 et
2632 5704 2682 5757 iu
2711 5702 2945 5772 Moysem
3004 5696 3251 5766 baptizati
3291 5702 3458 5761 sunt,
3489 5702 3541 5746 et

1956 5807 2199 5863 eamdem
2227 5816 2405 5859 escam
2458 5795 2782 5868 Spiritualem
2813 5789 3181 5852 comederunt,
3210 5796 3266 5841 et
3295 5785 3541 5841 eumdem

1961 5908 2140 5970 potum
2162 5892 2489 5966 spiritualem
2507 5888 2770 5946 bilnrunt.
2798 5883 2945 5940 Nunc
2965 5891 3141 5939 autem
3164 5895 3270 5936 non
3298 5879 3369 5933 ita
3388 5875 3539 5936 disit.
