4058 6258
524 391 631 448 247

517 511 612 564 sed
660 508 727 563 ad
762 507 967 578 singula
1016 515 1167 573 gesta
1211 505 1359 570 illud,
1407 504 1615 571 Omnes,
1658 503 1935 569 adjiciens,
1993 516 2098 554 non

518 612 736 668 parvam
762 594 918 651 nobis
943 594 1221 650 sententia:
1249 609 1359 650 suae
1381 593 1598 663 ianuam
1644 592 1872 662 aperuit,
1902 600 1957 643 ut
1985 590 2102 657 ejus

514 674 826 759 sapientiam
850 671 1273 751 coasideremus,
1304 670 1414 740 Cur
1438 669 1568 753 ergo
1589 682 1727 737 hanc
1764 695 1952 735 vocem
1999 678 2105 733 fre-

515 789 739 848 quenter
766 778 996 846 repetit?
1024 776 1093 833 Ut
1120 775 1365 831 ostendat
1389 788 1634 846 magnam
1670 788 1791 828 esse
1816 770 1972 840 Legis
1999 768 2103 824 Ve-

519 868 648 924 teris
674 883 793 923 cum
839 868 983 922 Nova
1036 866 1431 937 cognationem,
1489 874 1543 920 et
1571 863 1661 918 illa
1710 860 1871 916 fuisse
1915 861 2103 914 horum

518 958 738 1028 ﬁguram
763 1000 777 1022 ,
810 966 866 1012 et
897 958 1197 1013 futurorum
1226 956 1490 1011 umbram.
1526 954 1698 1023 Atque
1726 953 1949 1022 primum
1980 949 2105 1005 hinc

517 1051 920 1105 consonantiam
972 1048 1225 1104 oStendit.
1273 1038 1515 1123 Volebat“
1545 1046 1685 1101 enim
1740 1044 2108 1099 demonstrare

516 1138 678 1209 quod,
709 1128 1155 1217 quemadmodum
1188 1122 1238 1191 in
1268 1122 1505 1192 Ecclesia
1535 1151 1642 1190 non
1691 1145 1772 1191 est
1817 1133 2106 1188 discrimen

518 1228 657 1284 inter
676 1211 891 1285 servum
920 1211 1250 1290 et'liberum,
1280 1243 1454 1297 neque
1500 1227 1641 1280 inter
1671 1227 2009 1296 peregrinum
2056 1230 2110 1278 et

518 1320 708 1382 civem,
736 1335 920 1375 senem
952 1327 1007 1374 et
1035 1320 1312 1389 juvenem,
1343 1319 1637 1388 sapientem
1661 1325 1715 1371 et
1747 1317 2106 1388 insipientem,

521 1410 786 1480 privatum
816 1421 871 1466 et
899 1410 1217 1480 principem,
1249 1411 1524 1464 mulierem
1552 1420 1606 1463 et
1643 1409 1834 1476 virum,
1867 1407 1960 1462 sed
1990 1423 2107 1461 om-

521 1494 605 1555 nis
630 1499 1302 1573 actasetdignitas,_atque
1342 1506 1566 1568 uterque
1595 1514 1754 1552 sexus
1782 1496 2027 1551 similiter
2058 1497 2107 1550 in

526 1571 941 1645 eamdemﬁillam
969 1571 1226 1659 aquarum
1250 1587 1884 1659 piScinamdescendunt,
1914 1601 1979 1641 ac
2000 1586 2113 1641 sise

526 1693 622 1734 rex
636 1677 749 1733 sive
774 1677 1053 1733 mendicus
1073 1677 1260 1733 eadem
1282 1664 1584 1747 expiatione
1600 1675 1873 1731 fruunturi
1895 1674 1955 1731 id
1970 1675 2111 1758 quod

524 1780 606 1826 est
659 1771 945 1825 maximum
977 1779 1175 1824 nostra:
1220 1769 1510 1825 nobilitatis
1536 1778 1927 1839 argumentum,
1972 1767 2112 1839 quod

526 1860 685 1915 simili
716 1852 876 1915 modo
915 1852 1217 1916 mendicum
1246 1876 1310 1916 ac
1340 1876 1571 1931 purpura
1602 1861 1847 1914 vestitum
1896 1860 1961 1914 ad
1993 1875 2110 1930 my-

523 1953 687 2008 steria
739 1940 1078 2009 admittamus
1108 1994 1124 2019 ,
1178 1962 1336 2022 atque
1383 1951 1434 2021 in
1485 1952 1880 2028 mysteriorum,
1908 1953 2115 2028 ratione

529 2041 660 2095 nihil
683 2040 770 2096 hic
797 2041 916 2111 plus
942 2042 1031 2095 illo
1058 2041 1253 2096 habeat
1282 2059 1296 2096 :
1326 2041 1405 2096 sic
1424 2030 1474 2096 et
1511 2041 1564 2094 in
1598 2026 1933 2110 VeteriLege
1961 2026 2110 2109 illud,

531 2131 737 2197 Omnes,
769 2131 1078 2203 frequenter
1106 2133 1297 2202 posuit.
1342 2130 1524 2202 Neque
1560 2132 1699 2187 enim
1723 2130 1902 2186 dicere
1929 2142 2102 2201 potes,

528 2222 761 2294 Moysem
788 2238 885 2293 per
919 2222 1160 2297 aridam,
1195 2221 1411 2277 Judzeos
1453 2236 1581 2276 vero
1628 2237 1722 2291 per
1748 2237 1895 2277 mare
1938 2229 2114 2275 trans-

529 2305 723 2382 ivisse;
747 2330 921 2386 neque
944 2303 1236 2385 opulentos
1258 2298 1353 2384 per
1382 2307 1520 2369 hanc
1547 2314 1706 2380 viam,
1739 2326 2000 2384 pauperes
2022 2329 2117 2383 per

528 2408 712 2475 aliam,
735 2422 909 2477 neque
933 2408 1182 2463 mulieres
1217 2407 1316 2461 sub
1343 2394 1486 2474 aere,
1510 2408 1654 2461 viros
1692 2406 1791 2460 sub
1817 2406 1988 2472 nube;
2021 2405 2116 2461 sed

529 2512 717 2552 omnes
739 2512 840 2567 per
869 2514 1035 2567 mare,
1059 2500 1158 2553 sub
1185 2499 1325 2553 nube
1341 2513 1550 2563 omnes,
1574 2509 1627 2552 et
1658 2500 1710 2552 in
1733 2498 1969 2570 Muysem
2002 2515 2118 2552 om-

536 2604 652 2644 nes.
697 2582 1144 2657 Quoniam'enim
1191 2586 1440 2644 transitus
1479 2591 1566 2645 ilie
1592 2590 1752 2645 i‘uturi
1784 2590 2116 2660 baptismatis

533 2692 688 2752 typus
718 2690 834 2736 erat
855 2722 871 2747 ,
917 2681 1019 2736 hoc
1052 2684 1280 2753 primum
1310 2696 1403 2751 per
1431 2680 1650 2752 ﬁguram
1680 2682 1911 2751 exprimi
1954 2697 2118 2752 opor-

532 2772 647 2837 tuit,
677 2787 868 2842 nempe
893 2788 1079 2829 omnes
1097 2773 1404 2829 eorumdem
1425 2783 1699 2828 consortes
1727 2773 1910 2840 fuisse,
1927 2790 2116 2845 qumo-

521 2858 815 2919 admodum
845 2865 1014 2921 et‘hic
1042 2860 1229 2921 omnes
1250 2853 1447 2921 eadem.
1463 2863 1736 2937 aequaliter
1777 2850 2115 2939 participant.

535 2954 606 3009 Et
650 2954 918 3024 quomodo
940 2966 1136 3025 potest,
1191 2956 1419 3027 inquies,
1467 2956 1594 3011 illud
1636 2959 1971 3027 pra-sontium
2002 2973 2121 3014 esse

532 3046 728 3118 typus?
750 3046 803 3103 Si
833 3048 981 3117 prius
1002 3048 1251 3104 didiceris
1278 3049 1403 3119 quid
1430 3051 1501 3105 sit
1531 3060 1706 3120 typus,
1736 3050 1861 3121 quid
1894 3050 2116 3118 veritas,

535 3145 659 3190 tunc
688 3137 777 3189 tibi
803 3136 1024 3217 hujusce
1050 3138 1125 3192 rei
1147 3138 1407 3217 rationem
1436 3139 1678 3216 reddam.
1763 3213 1771 3217 _
1968 3210 1973 3215 ἡ

530 3224 539 3229 ⁴
605 3212 980 3281 4.’1)ἰδενὶἠιέη
1035 3229 1166 3282 inter
1220 3229 1451 3282 umbram
1494 3240 1542 3284 et
1584 3213 1859 3284 veritatem.
1890 3212 2119 3301 —Qnid

536 3316 693 3385 igitur
733 3324 815 3371 est
861 3319 1068 3384 umbra,
1108 3328 1162 3373 et
1194 3320 1321 3390 quid
1373 3320 1603 3375 veritas?
1633 3324 1764 3392 Age,
1814 3338 2118 3379 sermonem

536 3407 601 3462 ad
632 3408 885 3479 imagines
927 3410 1333 3479 transferamus,
1379 3428 1511 3483 quas
1561 3415 1791 3483 pictores
1829 3414 2116 3471 delincant.

538 3499 724 3555 Vidisti
753 3516 899 3572 saepe
918 3502 1315 3589 ‘imperatoriam
1338 3505 1622 3591 imaginem
1643 3507 1873 3591 czprulco
1903 3507 2118 3587 tinctam

526 3588 752 3676 Icolore;
783 3583 975 3648 deinde
1000 3609 1130 3649 vero
1152 3580 1410 3669 pictarem
1436 3580 1584 3650 albas
1608 3580 1779 3651 lineas
1816 3580 2119 3665 (lucentem,

539 3690 597 3734 et
620 3681 1003 3750 imperatorem
1046 3683 1443 3755 depingentem,
1493 3694 1549 3741 et
1591 3687 1783 3742 solium
1831 3688 2119 3757 imperato-

540 3773 698 3839 rium,
724 3783 778 3829 et
798 3789 964 3845 equos
998 3775 1291 3843 adstantes,
1329 3786 1384 3833 et
1424 3778 1680 3833 satellites
1708 3788 1761 3833 et
1786 3780 1991 3834 vinctos
2021 3781 2122 3834 ho-

539 3871 649 3918 stes
676 3871 833 3934 atque
873 3864 1140 3921 subactos.
1189 3866 1440 3922 Attamen
1479 3870 1615 3922 cum
1642 3868 1790 3922 vides
1812 3868 1935 3924 ‘hzec
1986 3869 2123 3925 deli-

542 3962 695 4008 neata
729 3963 781 4010 et
821 3946 1152 4022 adtnnhrata,
1197 3944 1563 4027 neque'totum
1594 3944 1720 4025 scis,
1749 3944 1922 4030 neque
1957 3946 2122 4016 totum

542 4046 801 4116 ignoras:
847 4037 941 4103 sed
973 4028 1242 4104 hominem
1294 4051 1433 4120 pingi
1465 4059 1518 4104 et
1545 4066 1737 4121 equum
1765 4053 1989 4107 obscure
2032 4069 2123 4107 co-

521 4131 786 4208 gnoscis;
839 4141 1008 4208 qualis
1034 4155 1162 4196 vero
1207 4140 1277 4195 sit
1306 4141 1596 4209 imperator
1629 4150 1684 4197 et
1726 4143 1896 4212 qu.lis
1933 4143 2119 4213 histis,

544 4245 650 4282 non
685 4230 756 4283 ita
790 4232 1062 4299 perspicue
1092 4233 1387 4302 cognoscis,
1411 4233 1581 4289 donec
1601 4225 1859 4291 accedens
1884 4221 2122 4293 colorum

543 4318 738 4371 veritas
752 4318 920 4373 visum
938 4308 1215 4376 ecrIiOrem
1245 4312 1580 4378 faciat.Sicut
1600 4314 1757 4394 igitur
1794 4326 1843 4379 in
1868 4312 1957 4381 illa
1986 4317 2122 4382 ima-

542 4408 667 4478 gine
695 4400 798 4464 non
820 4411 988 4481 exigis
1015 4419 1182 4467 totum
1212 4424 1336 4468 ante
1361 4415 1599 4469 colorum
1622 4417 1932 4484 veritatem;
1965 4419 2058 4473 sed
2080 4420 2125 4474 si

548 4498 830 4554 obscuram
852 4502 1131 4570 quamdam
1164 4505 1238 4558 rei
1279 4504 1634 4574 cognitionem
1665 4507 1944 4579 percipias,
1995 4510 2126 4565 satis

520 4590 840 4644 ‘ahsolutam
887 4590 1301 4649 delineatiancm
1346 4588 1775 4653 csse'arbitraris
1809 4617 1822 4653 :
1854 4601 1933 4655 sic
1978 4610 2031 4656 et
2060 4602 2128 4657 de
2220 4606 2223 4613 ’

551 4677 732 4734 Veteri
757 4689 809 4735 et
843 4681 915 4736 de
935 4681 1081 4737 Novo
1107 4683 1448 4740 Tesmmcnto
1471 4676 1670 4744 sentias
1724 4706 1739 4743 :
1793 4704 1965 4760 neque
2013 4706 2127 4745 om-

546 4770 813 4827 nimodam
846 4773 895 4826 in
929 4782 1052 4845 typo
1077 4775 1315 4831 veritatis
1340 4780 1736 4834 accurationem
1779 4796 1809 4834 a
1838 4796 1922 4835 me
1946 4783 2128 4852 requi-

545 4876 671 4926 ras;
705 4872 919 4934 tumque
950 4863 1212 4934 pot’crote
1249 4866 1464 4935 ducere,
1515 4884 1620 4941 quo
1647 4880 1802 4940 pacto
1847 4875 2128 4944 quamdam

522 4953 861 5010 ‘afiinitatem
885 4954 1131 5012 habuerit
1158 4958 1317 5015 Vetus
1347 4976 1465 5015 cum
1491 4952 1661 5029 Novo,
1684 4973 1738 5018 et
1766 4964 1858 5020 ille
1880 4968 2130 5023 transitus

522 5046 670 5098 ‘cum
700 5046 963 5113 baptismo
985 5055 1186 5103 nostro.
1220 5050 1329 5105 lliic
1373 5067 1507 5123 aqua
1530 5063 1583 5108 et
1609 5054 1694 5109 hic
1720 5071 1854 5125 aqua
1887 5076 1901 5111 :
1940 5058 2025 5114 hic
2055 5061 2132 5129 pi-

550 5135 722 5197 scina,
753 5135 858 5189 illic
884 5137 1100 5209 pela’gus
1134 5157 1147 5192 :
1178 5140 1264 5196 hic
1288 5157 1475 5197 omnes
1504 5144 1554 5198 in
1600 5160 1788 5216 aquam
1822 5147 2129 5219 ingrediun-

552 5232 658 5291 tur,
687 5223 796 5280 illic
817 5227 940 5281 item
968 5220 1217 5284 omnes":
1266 5233 1561 5293 secundum
1610 5234 1712 5292 hoc
1737 5237 1990 5294 afﬁnitas.
2043 5240 2132 5296 Vis

550 5315 764 5373 demum
790 5317 997 5376 discere
1033 5320 1271 5375 colorum
1314 5314 1773 5385 veritatemi'lllic
1803 5330 1872 5385 ab
1901 5330 2133 5403 Egypto

555 5418 650 5477 per
670 5412 817 5465 mare
837 5410 1217 5480 liberabantur,
1251 5412 1337 5468 hic
1384 5415 1451 5470 ab
1491 5416 1829 5474 idololatria:
1866 5421 1974 5476 illic
1993 5422 2133 5477 Pha-

554 5512 649 5553 rao
672 5498 1081 5572 demergebatur
1100 5545 1115 5569 ,
1156 5503 1243 5560 hic
1274 5504 1516 5563 diabolus
1545 5526 1560 5562 :
1590 5509 1697 5565 illic
1728 5510 1965 5585 Egyptii
1997 5528 2132 5584 prae-

558 5587 887 5658 iocabantur,
935 5592 1023 5647 hic’
1057 5602 1211 5650 vetus
1238 5597 1397 5651 homo
1429 5600 1657 5667 peccatis
1683 5613 1905 5657 onustus
1925 5604 2135 5658 defodi-

556 5689 665 5732 tur.
719 5681 786 5735 Et
824 5683 944 5739 vide
988 5674 1355 5758 cognationem
1393 5684 1737 5762 liguraz'cum
1787 5698 2027 5762 veritate,
2074 5713 2137 5755 ac

524 5796 527 5799 -
559 5769 798 5825 veritatis
828 5786 935 5840 prae
958 5783 1081 5844 typo
1106 5779 1499 5835 excellentiam.
1547 5781 1730 5851 Neque
1754 5784 1892 5839 enim
1919 5788 2134 5841 omnino

626 5886 659 5893 -τηι

1240 394 1298 449 3.
1338 391 1618 448 .IOANNIS
1654 386 2123 447 CHRYSOSTOMI
2155 388 2471 447 ARCHIEP.
2508 386 3047 466 CONSIANTINOP.

3695 391 3798 447 248

2214 500 2446 554 alienum
2473 510 2687 569 oportet
2707 515 2828 557 esse
2856 512 3094 573 typuma
3121 503 3366 572 veritate,
3395 504 3632 575 alioquin
3657 505 3800 560 enim

2212 599 2365 660 typus
2390 604 2495 643 non
2519 598 2663 645 esset
2689 607 2703 644 :
2733 604 2904 660 neque
2952 606 3165 647 rursum
3198 607 3291 662 par
3314 603 3397 648 est
3416 595 3685 664 exaequari
3724 605 3799 667 ty-

2212 695 2337 749 pum
2364 681 2611 746 veritati;
2652 681 2886 751 alioquin
2921 692 3077 754 typus
3117 683 3230 753 ipsa
3261 686 3458 739 veritas
3484 693 3631 740 esset
3662 703 3678 742 :
3708 686 3799 740 sed

2210 767 2265 823 in
2299 785 2398 825 suo
2429 772 2590 825 modo
2621 778 2833 826 maneat
2856 780 3088 841 oportet,
3139 787 3312 844 neque
3351 774 3531 829 omnia
3586 773 3799 840 habeat,

2211 878 2330 932 quae
2358 863 2548 918 veritas
2572 862 2753 931 habet,
2778 879 2958 933 neque
2991 879 3024 919 a
3051 873 3164 919 toto
3194 864 3424 920 excidat.
3464 865 3520 921 Si
3550 866 3696 922 enim
3726 876 3803 922 to-

2215 963 2324 1008 tum
2353 953 2572 1008 haberet
2591 995 2605 1017 ,
2649 954 2763 1023 ipsa
2801 955 2999 1009 veritas
3021 963 3202 1021 esset;
3235 956 3278 1012 si
3306 971 3336 1009 a
3367 965 3481 1012 toto
3504 956 3799 1024 excideret,

2212 1059 2319 1099 non
2347 1051 2530 1114 posset
2553 1059 2674 1099 esse
2703 1054 2888 1117 typus;
2913 1045 3008 1100 sed
3034 1055 3244 1115 oportet
3270 1056 3325 1100 ut
3350 1056 3554 1116 partem
3588 1046 3798 1114 habeat,

2214 1143 2419 1203 partem
2445 1134 2656 1190 veritati
2685 1122 2941 1190 reservet.
2988 1134 3068 1191 Ne
3094 1136 3254 1206 igitur
3291 1137 3345 1192 in
3371 1136 3551 1193 Veteri
3580 1147 3747 1192 totum
3771 1155 3800 1192 a

2214 1237 2303 1279 me
2328 1223 2567 1293 requiras
2599 1223 2730 1279 :sed
2773 1224 2820 1280 si
2851 1239 2956 1295 qua
2990 1238 3149 1295 parva
3180 1236 3234 1281 et
3275 1226 3501 1282 obscura
3531 1228 3804 1296 acceperis

2215 1314 2515 1387 genigmata,
2541 1322 2714 1369 tecum
2747 1315 2883 1370 bene
2910 1326 3088 1370 actum
3136 1330 3256 1371 esse
3302 1327 3446 1387 puta.
3477 1316 3580 1374 Ubi
3626 1319 3803 1388 itaque

2218 1419 2299 1457 est
2328 1404 2574 1473 cognatio
2603 1405 2711 1476 typi
2737 1420 2858 1459 cum
2897 1406 3158 1460 veritate?
3188 1405 3244 1460 in
3280 1421 3346 1461 eo
3371 1406 3514 1477 quod
3542 1407 3653 1462 illic
3685 1422 3801 1461 om-

2219 1509 2333 1558 nes,
2363 1494 2449 1550 hic
2475 1494 2598 1549 item
2637 1510 2826 1550 omnes
2854 1512 2868 1548 :
2903 1495 3011 1550 illic
3040 1510 3133 1566 per
3150 1512 3363 1566 aquam,
3397 1496 3486 1552 hic
3513 1499 3678 1561 etiam
3705 1513 3800 1573 per

2217 1599 2406 1655 aquam
2442 1603 2455 1639 :
2485 1586 2617 1640 illia
2642 1586 2897 1641 servitute
2922 1588 3131 1643 liberati
3171 1596 3316 1656 sunt,
3370 1598 3425 1644 et
3468 1603 3568 1645 nos
3607 1590 3735 1645 item
3770 1607 3803 1644 a

2217 1674 2472 1731 'scrvitute
2501 1677 2728 1744 liberati,
2764 1677 2858 1732 sed
2879 1693 2985 1732 non
3012 1678 3082 1732 ab
3108 1678 3294 1734 eadem
3327 1697 3341 1734 :
3370 1695 3493 1735 nam
3522 1680 3651 1734 illia
3679 1695 3799 1735 ser-

2217 1767 2385 1821 vitute
2413 1765 2804 1838 Egyptiorum,
2836 1783 2931 1847 nos
2957 1784 2988 1822 a
3008 1768 3271 1847 servitute
3288 1769 3593 1824 dtemonum
3625 1788 3638 1824 :
3670 1770 3801 1825 illia

2220 1860 2475 1912 servitute
2506 1847 2885 1935 Barbarorum,
2917 1846 3015 1914 nos
3045 1875 3073 1911 a
3096 1858 3353 1935 servitute
3382 1852 3610 1931 peccati.
3634 1861 3713 1917 Ad
3744 1862 3809 1914 li-

2215 1936 2482 2024 bertatem
2508 1932 2711 2005 reducti
2739 1961 2862 2005 sunt
2902 1951 2996 2017 illi,
3046 1962 3100 2006 et
3142 1932 3238 2005 nos
3270 1954 3455 2017 etiam,
3485 1953 3577 2007 sed
3606 1968 3710 2007 non
3737 1953 3807 2008 ad

2220 2041 2485 2107 eamdem,
2530 2040 2622 2096 scd
2653 2040 2721 2096 ad
2752 2042 2918 2097 multo
2968 2042 3381 2113 splendidiorem
3416 2059 3533 2100 nos.
3569 2043 3722 2112 Quod
3760 2046 3811 2099 si

2225 2134 2425 2203 majora
2446 2134 2558 2189 suis
2587 2142 2766 2188 nostra
2798 2144 2850 2188 et
2905 2134 3307 2202 excellentiora,
3335 2151 3405 2191 ne
3428 2145 3664 2206 stupeas.
3695 2135 3813 2190 Hoc

2221 2222 2363 2280 enim
2386 2224 2615 2280 maxime
2634 2224 2873 2280 veritatis
2901 2234 3004 2293 est,
3035 2225 3176 2296 quod
3198 2228 3266 2280 sit
3288 2240 3412 2300 typo
3438 2228 3593 2298 longe
3620 2227 3815 2282 excel-

2221 2317 2436 2381 lentior,
2467 2331 2643 2386 neque
2669 2325 2847 2371 tamen
2885 2316 2959 2371 illi
3007 2316 3308 2372 adversaria
3339 2319 3430 2384 sit,
3460 2326 3515 2373 ct
3555 2333 3674 2372 cum
3708 2318 3809 2372 illo

2223 2417 2438 2479 pugnet.
2472 2407 2607 2474 Quid
2645 2416 2822 2462 autem
2852 2417 2953 2474 est,
2985 2406 3171 2462 Omnes
3199 2407 3252 2462 in
3292 2407 3521 2480 Hoysem
3557 2409 3816 2479 baptizati

2222 2499 2383 2554 sunt?
2402 2497 2564 2553 Forte
2607 2498 2892 2553 obscurum
2923 2499 2940 2530 ι
2970 2507 3054 2554 est
3085 2498 3226 2569 quod
3245 2498 3439 2554 dicitur
3459 2518 3474 2568 ;
3496 2499 3587 2556 sed
3609 2500 3822 2554 clarius

2223 2590 2438 2648 efficere
2466 2590 2720 2646 conabor.
2755 2590 2899 2646 Mare
2924 2601 3048 2646 tunc
3070 2602 3181 2646 erat
3202 2591 3449 2648 diﬂ'usum
3478 2600 3598 2648 ante
3623 2593 3823 2648 oculos

2223 2666 2409 2738 eorum
2436 2691 2490 2736 et
2513 2670 2834 2751 jubebantur
2874 2683 3102 2737 transire
3146 2697 3244 2753 per
3276 2691 3583 2738 extraneam
3621 2698 3825 2752 quam-

2223 2772 2347 2830 dam
2377 2783 2431 2829 et
2455 2772 2818 2828 admirabilem
2848 2773 3008 2827 viam.
3051 2772 3220 2828 Nemo
3249 2788 3496 2843 umquam
3528 2775 3603 2829 sic
3634 2782 3826 2830 trans-

2226 2867 2378 2921 ierat.
2405 2864 2803 2921 Cunctabantur
2840 2872 2895 2920 et
2924 2866 3259 2932 recusabant,
3307 2877 3467 2936 atque
3490 2882 3628 2937 aegre
3667 2866 3825 2922 fere-

2225 2957 2373 3012 bant.
2425 2956 2693 3012 Transivit
2734 2956 2943 3027 Moyses
2993 2957 3217 3027 primus,
3262 2966 3316 3011 et
3344 2968 3398 3010 ut
3423 2972 3605 3012 omnes
3657 2958 3829 3014 facile

2225 3058 2575 3118 sequerentur
2615 3045 2812 3102 effecit.
2847 3046 2958 3101 iioc
3002 3047 3103 3101 sibi
3144 3048 3255 3102 vult
3294 3046 3447 3113 illud,
3476 3045 3540 3101 In
3582 3047 3829 3119 Moysem

2226 3139 2467 3210 baptizati
2493 3145 2645 3202 sunt;
2663 3152 2782 3193 cum
2811 3136 2884 3191 illi
2905 3135 3279 3203 credidissent,
3316 3138 3509 3192 tuncin
3534 3152 3701 3207 aquas
3722 3138 3831 3193 illo

2226 3218 2361 3285 duCe
2388 3222 2590 3300 ipsique
2611 3228 2833 3284 ﬁdentes
2855 3229 3057 3300 ingredi
3078 3229 3193 3283 ausi
3214 3238 3356 3285 sunt.
3381 3230 3491 3285 Hoc
3506 3240 3558 3284 et
3574 3231 3623 3283 in
3648 3228 3829 3285 Chri-

2226 3329 2309 3375 sto
2329 3320 2520 3375 accidit
2551 3336 2565 3373 :
2598 3334 2721 3373 cum
2752 3321 2896 3373 enim
2928 3334 3028 3374 nos
3072 3318 3373 3375 reduxisset
3398 3319 3466 3375 ab
3505 3335 3715 3384 errore,
3770 3331 3835 3375 et

2226 3412 2295 3465 ab
2315 3410 2574 3466 idolorum
2601 3409 2745 3464 cultu
2775 3408 3075 3476 liberasset,
3108 3420 3162 3465 et
3193 3410 3247 3464 in
3280 3426 3499 3482 regnum
3528 3424 3625 3465 nos
3650 3425 3835 3465 manu

2226 3501 2467 3568 duceret,
2499 3501 2612 3570 ipse
2642 3501 2845 3570 primus
2883 3501 3024 3555 viam
3055 3501 3283 3572 aperuit,
3330 3502 3525 3572 primus
3553 3502 3604 3555 in
3650 3502 3835 3557 cicios

2218 3588 2484 3649 ascendit.
2522 3592 2987 3681 Quemadmodum
3019 3594 3180 3663 igitur
3221 3593 3296 3648 illi
3345 3592 3509 3666 Moysi
3558 3592 3831 3662 ﬁdentes,

2228 3686 2330 3740 iter
2356 3685 2628 3754 suscipere
2666 3691 2790 3739 sunt
2816 3684 2970 3749 ausi,
2998 3684 3069 3738 ita
3095 3695 3149 3739 et
3175 3700 3273 3739 nos
3310 3684 3518 3739 Christo
3557 3681 3832 3749 ﬁdentes,

2229 3774 2367 3829 hanc
2390 3775 2873 3844 peregrinationem
2907 3774 3132 3830 ﬁdentes
3160 3775 3497 3844 suscipimus.
3525 3772 3678 3841 Quod
3716 3789 3835 3828 ωι-

2229 3875 2335 3920 tem
2369 3866 2420 3920 id
2451 3865 2549 3921 sibi
2593 3865 2722 3921 velit
2763 3866 2890 3920 illud
2940 3864 3005 3919 In
3032 3863 3260 3945 Moqsem
3302 3865 3537 3937 baptizati
3560 3875 3700 3930 sunt,
3759 3883 3836 3923 ex

2232 3956 2450 4010 historia
2484 3955 2656 4024 palam
2682 3965 2784 4009 est.
2814 3954 2928 4009 Non
2950 3954 3094 4011 enim
3122 3955 3172 4009 in
3204 3970 3397 4010 nomen
3416 3954 3608 4027 Moysis
3634 3954 3834 4024 bapti-

2228 4047 2331 4101 zati
2363 4044 2506 4100 sunt.
2539 4046 2597 4101 Si
2640 4061 2795 4115 porro
2846 4061 2944 4101 nos
2990 4062 3095 4101 non
3144 4047 3303 4101 modo
3328 4045 3508 4102 Jesum
3534 4046 3729 4101 ducem
3766 4064 3836 4104 ac

2229 4141 2521 4210 principem
2543 4138 2821 4204 habemus,
2852 4138 2947 4193 sed
2969 4124 3126 4194 etiam
3157 4140 3208 4193 in
3239 4128 3431 4193 nomen
3451 4138 3561 4208 ejus
3581 4138 3837 4208 baptiza-

2218 4238 2369 4298 'mur,
2398 4232 2521 4286 licet
2552 4232 2625 4286 ilii
2677 4247 2780 4285 non
2810 4231 3144 4302 baptizentur
3182 4233 3236 4286 in
3264 4247 3459 4287 nomen
3489 4232 3703 4303 Moysis,
3764 4249 3834 4289 ne

2230 4321 2351 4377 ideo
2401 4323 2627 4377 turbt-ris
2661 4341 2673 4377 :
2705 4323 2812 4377 dixi
2862 4338 3089 4392 namque
3117 4335 3363 4393 oportere
3387 4333 3444 4379 ut
3486 4325 3682 4379 veritas
3728 4328 3833 4380 ali-

2229 4427 2386 4482 quam
2430 4413 2694 4484 ingentem
2739 4421 2795 4469 et
2837 4412 3159 4469 incii‘abilem
3211 4414 3581 4470 excellentiam
3627 4414 3832 4472 habeat

2231 4515 2389 4572 supra
2419 4502 2660 4571 figuram.
3198 4526 3201 4529 λ

2306 4592 2484 4648 Mensa
2500 4598 2559 4647 et
2575 4588 2820 4664 Mysteria
2865 4610 3013 4649 sacra
3038 4595 3089 4648 in
3128 4586 3304 4650 Veteri
3328 4597 3464 4667 Lege
3489 4596 3830 4659 adumbrata;

2232 4678 2434 4740 Paulus
2478 4684 2841 4740 Samosatam:
2887 4686 3154 4755 refellitur.
3183 4716 3255 4726 —
3280 4685 3521 4740 Vitlistin‘
3546 4686 3600 4741 in
3648 4688 3829 4756 bapti-

2233 4791 2351 4832 smo
2375 4778 2462 4847 qui
2493 4777 2565 4832 sit
2589 4788 2764 4849 typus,
2803 4793 2921 4846 quae
2953 4779 3148 4834 veritas
3167 4778 3193 4832 τ
3237 4779 3368 4848 Age,
3396 4778 3672 4833 ostendam
3738 4780 3828 4833 tibi

2233 4877 2289 4923 et
2317 4883 2554 4922 mensam
2593 4877 2648 4923 et
2676 4868 3048 4940 mysteriorum
3096 4870 3554 4940 participationem
3583 4870 3692 4925 illic
3730 4871 3832 4925 ad-

2218 4961 2534 5014 umbratam
2561 4957 2745 5020 fuisse,
2791 4960 2835 5011 si
2888 4973 2993 5011 non
3035 4966 3205 5013 totum
3242 4973 3599 5016 rursusame
3646 4972 3829 5029 petas,

2235 5050 2330 5105 sed
2355 5050 2434 5105 sic
2462 5056 2524 5105 ea
2550 5064 2669 5118 qnte
2711 5057 2859 5118 gesta
2886 5058 3010 5104 sunt
3051 5050 3345 5116 examines,
3377 5060 3562 5123 utpar
3587 5062 3672 5106 est
3697 5066 3831 5107 um-

2238 5142 2359 5196 bras
2386 5151 2440 5196 et
2469 5141 2684 5211 figuras.
2712 5139 2845 5195 Nam
2874 5154 2996 5195 cum
3026 5141 3249 5197 dixisset
3283 5141 3350 5197 de
3376 5144 3529 5208 mari,
3563 5138 3633 5197 de
3659 5144 3831 5209 nube,

2236 5234 2410 5305 deque
2432 5233 2633 5305 Moyse,
2656 5231 2931 5304 subjunxit
2957 5247 2972 5286 :
3002 5232 3067 5286 Et
3087 5247 3256 5288 omnes
3275 5233 3500 5287 eamdem
3520 5249 3687 5288 escam
3727 5235 3837 5303 spi-

2236 5327 2471 5381 ritualem
2518 5325 2861 5380 comederunt.
2911 5324 3371 5391 Quemadmodum
3421 5334 3498 5388 tu,
3531 5324 3730 5396 inquit,
3764 5342 3829 5379 cx

2242 5417 2445 5489 piscina
2471 5430 2725 5486 aquarum
2752 5413 3067 5482 ascendens,
3117 5415 3183 5470 ad
3224 5430 3464 5470 mensam
3504 5415 3682 5471 curris
3712 5415 3834 5471 :sic

2240 5519 2292 5565 ct
2318 5510 2390 5565 illi
2415 5524 2482 5564 ex
2509 5509 2642 5563 mari
2666 5507 3040 5572 ascendentes,
3063 5505 3131 5561 ad
3158 5520 3395 5561 mensam
3424 5521 3617 5561 novam
3639 5517 3695 5562 et
3728 5507 3830 5561 mi-

2244 5603 2465 5657 rabilem
2487 5604 2767 5665 venerunt,
2795 5599 2863 5654 de
2889 5612 3083 5653 manna
3111 5598 3322 5668 loquor.
3343 5599 3662 5653 Ae'rursum
3688 5598 3830 5652 sicut

2306 5746 2320 5776 ι
2352 5743 2409 5809 in
2445 5741 2605 5809 Editis
2642 5744 2844 5805 legitur,
2882 5741 3070 5793 clarum
3099 5710 3526 5809 (cqyélLSavilu
3568 5744 3827 5809 mrem:

2244 5803 2778 5869 (aeaqsclﬁnmargine
2792 5803 3111 5867 posuerat,et
3133 5803 3221 5855 nos
3240 5803 3454 5871 legimus
3476 5821 3503 5857 e
3524 5803 3685 5856 codice
