4058 6258
226 279 335 334 249

229 404 287 445 ιιι
320 393 619 451 mirabilem
674 403 858 465 potum
898 395 1087 463 babes,
1128 398 1437 469 sanguinem
1493 400 1782 454 Salvatoris
1814 418 1827 454 ι

231 485 313 539 sic
336 495 391 539 et
420 486 492 541 illi
527 486 829 543 mirabilem
857 488 1091 544 habuere
1118 502 1274 559 potus
1302 502 1580 558 naturam;
1617 508 1720 547 non
1749 493 1831 546 iu-

232 586 500 631 venerunt
539 576 738 643 fontes,
778 594 882 633 non
932 579 1144 645 ﬂuvios,
1183 582 1276 636 sed
1308 598 1374 637 ex
1406 592 1553 652 petra
1602 583 1735 638 dura
1779 593 1833 637 et

232 667 491 737 inaquosa
539 684 784 740 magnam
854 670 1172 727 ﬂuentorum
1217 676 1422 744 copiam
1488 686 1830 744 acceperunt.

232 759 361 813 Ideo
391 768 573 829 potum
607 761 780 828 illum,
809 763 1135 831 spiritualem
1164 766 1402 831 vocavit;
1432 783 1537 819 non
1564 766 1704 836 quod
1734 782 1832 821 na-

232 860 353 903 tura
388 851 506 905 talis
534 860 699 917 esset,
726 853 820 907 sed
844 854 985 924 quod
1014 870 1077 909 ex
1109 856 1288 919 modo,
1318 872 1425 927 quo
1453 857 1832 926 suppeditaba-

232 950 344 1004 tur,
376 942 500 995 talis
529 944 699 995 fieret.
731 942 914 1014 Neque
943 945 1085 999 enim
1114 946 1406 1000 secundum
1432 956 1637 1001 naturae
1670 948 1835 1001 ratio-

234 1049 359 1087 nem
388 1034 518 1103 ipsis
543 1033 791 1102 dabatur,
820 1036 912 1090 sed
936 1037 1228 1092 secundum
1258 1039 1371 1104 Dei,
1401 1039 1547 1108 ipsos
1567 1039 1831 1109 ducentis,

234 1128 632 1194 operationem.
664 1127 814 1195 Quod
849 1130 934 1183 ille
977 1131 1041 1184 ad
1081 1142 1284 1186 rectum
1319 1148 1537 1188 sensum
1562 1133 1834 1189 deducens

236 1217 475 1273 dicebat.
506 1218 638 1274 Cum
662 1221 805 1275 enim
836 1221 1080 1287 dixisset,
1119 1222 1188 1277 Et
1218 1241 1389 1278 omnes
1411 1230 1637 1279 eumdem
1658 1236 1836 1296 potum

236 1309 557 1377 spiritualem
583 1311 829 1376 biberunt,
866 1327 1003 1383 aqua
1025 1323 1203 1369 autem
1236 1324 1354 1369 erat
1382 1331 1501 1386 qua:
1530 1316 1831 1383 bibebatur,

240 1408 297 1453 ut
318 1400 627 1456 ostenderet
652 1417 711 1457 se
744 1402 863 1457 ideo
886 1404 1220 1475 Spiritualem
1250 1407 1470 1471 dixisse,
1505 1423 1614 1463 non
1643 1407 1713 1463 ob
1736 1424 1834 1462 na-

240 1501 416 1546 turam
439 1508 608 1562 aqum,
640 1494 733 1548 sed
765 1495 835 1550 ob
861 1496 1099 1561 modum,
1126 1514 1233 1568 quo
1260 1499 1713 1568 suppeditabatur,
1742 1498 1837 1553 ad-

236 1582 366 1652 jecit
394 1601 411 1637 :
434 1582 669 1639 Bibebant
698 1586 832 1639 enim
855 1586 918 1641 de
933 1587 1188 1659 spirituali
1204 1600 1531 1660 consequente
1552 1607 1634 1644 eos
1657 1599 1798 1660 petra
1816 1607 1836 1645 :

241 1686 389 1746 petra
408 1687 577 1731 autem
600 1688 706 1732 erat
736 1677 987 1734 Christus.
1014 1680 1350 1752 Non,inqnit,
1389 1693 1575 1738 natura
1620 1683 1833 1754 lapidis,

241 1768 339 1822 sed
362 1770 632 1838 opervmtis
666 1771 754 1825 Dei
788 1773 955 1826 virtus
984 1772 1159 1828 fontes
1188 1775 1307 1828 illos
1337 1776 1634 1831 emittebat.

316 1860 372 1915 5.
415 1861 477 1915 Et
500 1862 585 1917 hic
610 1863 754 1917 Pauli
775 1864 1105 1921 Samosateni
1134 1867 1376 1922 haeresim
1405 1868 1660 1924 radicitus
1680 1868 1823 1923 evel-

251 1949 336 2004 lit.
379 1951 435 2006 Si
461 1954 602 2008 enim
629 1954 870 2010 Christus
894 1956 981 2010 illa
1004 1959 1183 2012 omnia
1209 1960 1547 2028 operabatur,
1570 1961 1838 2029 quomodo

247 2040 426 2109 ipsum
458 2043 583 2098 hinc
600 2046 830 2116 ccepisse
856 2047 1058 2115 dicunt,
1088 2065 1210 2103 cum
1238 2051 1395 2104 Maria
1424 2051 1595 2121 ipsum
1624 2051 1839 2121 genuit?

241 2131 386 2187 Cum
414 2134 559 2189 enim
590 2151 653 2191 ea
678 2154 797 2208 qua:
834 2138 884 2192 in
926 2138 1142 2194 deserto
1188 2150 1338 2209 gesta
1389 2152 1532 2205 sunt,
1559 2152 1684 2197 ante
1724 2142 1838 2197 Ma—

245 2225 388 2279 riam
440 2225 575 2282 facta
618 2229 747 2293 sint,
787 2238 845 2284 et
881 2230 1126 2286 Christus
1150 2233 1446 2287 secundum
1478 2233 1622 2288 Pauli
1652 2249 1837 2289 vocem

246 2317 341 2371 illa
371 2319 547 2372 omnia
589 2319 794 2387 fecerit,
830 2338 1050 2378 necesse
1086 2336 1168 2379 est
1208 2326 1357 2379 illiilli
1398 2336 1453 2381 et
1476 2335 1600 2381 ante
1630 2337 1837 2398 partum

244 2417 305 2461 et
329 2419 455 2463 ante
477 2410 887 2478 parturitionem
908 2414 1067 2469 fuisse
1097 2433 1108 2468 :
1139 2417 1469 2486 nequeenim
1498 2423 1588 2489 qui
1617 2436 1721 2473 non
1742 2435 1840 2475 ex-

252 2501 502 2564 stitisset,
542 2512 646 2556 tam
688 2505 950 2560 mirabilia
994 2518 1153 2575 atque
1193 2509 1523 2565 incredibilia
1560 2527 1721 2581 opera
1748 2528 1840 2582 pa-

248 2598 468 2645 trasset.
492 2591 638 2646 Sicut
655 2604 832 2650 autem
856 2611 977 2651 cum
998 2596 1152 2663 dixit,
1177 2614 1366 2654 oumes
1393 2616 1487 2670 per
1502 2617 1649 2657 mare
1675 2612 1842 2657 trans-

245 2681 445 2747 ivisse,
482 2683 738 2739 Ecclesia:
765 2686 1093 2742 nobilitatem
1139 2689 1228 2743 diu
1282 2699 1407 2745 ante
1454 2697 1593 2763 typis
1616 2709 1839 2763 expres-

244 2786 365 2826 sam
398 2773 694 2830 declaravit
726 2795 738 2831 :
769 2779 847 2832 sic
871 2794 992 2832 cum
1015 2780 1166 2846 dixit,
1192 2797 1377 2835 omnes
1398 2785 1638 2837 eamdem
1662 2800 1837 2840 escam

243 2866 923 2938 spiritualemcumedisse,
959 2872 1184 2941 idipsnm
1230 2875 1419 2929 iterum
1463 2876 1837 2932 subiudicavit.

250 2958 717 3022 Quemadmodum
746 2963 889 3015 enim
941 2963 992 3016 in
1038 2964 1272 3019 Ecclesia
1320 2981 1424 3019 non
1464 2966 1606 3020 aliud
1648 2981 1841 3035 corpus

249 3048 427 3113 dives,
455 3051 596 3104 aliud
638 3067 860 3121 pauper,
896 3069 995 3109 nec
1016 3055 1176 3109 alium
1205 3058 1517 3125 sanguinem
1550 3058 1653 3123 hic,
1676 3058 1839 3113 alium

256 3141 350 3195 ille
368 3141 563 3211 accipit
588 3160 600 3196 :
632 3145 710 3198 sic
732 3154 785 3198 et
807 3145 897 3199 illo
918 3156 1156 3215 tempore
1177 3164 1281 3201 non
1304 3149 1445 3203 aliud
1474 3149 1622 3205 dives
1647 3166 1841 3207 manna

251 3235 483 3302 accepit,
513 3234 656 3289 aliud
703 3251 935 3306 pauper;
984 3255 1083 3293 nec
1108 3240 1331 3295 alterius
1363 3241 1453 3298 ille
1482 3242 1664 3308 fontis,
1711 3246 1842 3301 alte-

253 3324 371 3378 rius
394 3324 480 3379 hic
509 3337 563 3380 et
587 3327 954 3398 indigentioris
978 3332 1245 3404 particeps
1272 3333 1368 3388 fuit
1399 3334 1531 3390 :scd
1546 3335 1680 3391 sicut
1702 3353 1843 3393 nunc

250 3414 444 3470 eadem
495 3417 605 3486 ipsa
657 3436 864 3486 mensa,
918 3422 1142 3493 idipsnm
1195 3427 1465 3494 poculum,
1513 3428 1651 3484 idem
1691 3430 1842 3485 cibus

255 3508 506 3563 omnibus
531 3509 635 3565 huc
664 3510 1082 3582 ingredientibus
1122 3516 1343 3572 offertur
1378 3536 1391 3573 :
1420 3518 1489 3572 ila
1520 3528 1574 3574 et
1602 3529 1728 3574 tunc
1756 3521 1836 3575 id-

258 3600 436 3667 ipsnm
488 3617 717 3668 manna,
770 3605 908 3660 idem
959 3605 1079 3661 fons
1126 3610 1375 3663 omnibus
1421 3612 1837 3681 proponebatur.

253 3692 517 3762 Quodque
562 3697 881 3766 stupendum
909 3699 1390 3773 admirandamque
1432 3714 1533 3769 est,
1569 3715 1840 3763 tentavcre

254 3786 475 3854 quidam
506 3787 597 3841 illo
623 3799 862 3859 tempore
884 3793 1022 3861 plus,
1055 3810 1212 3864 quam
1242 3811 1375 3865 opus
1404 3807 1537 3862 erat,
1567 3798 1840 3870 colligere,

252 3879 491 3949 nihilque
538 3882 730 3949 profuit
764 3885 870 3938 illis
899 3882 1142 3940 ava'ritia.
1195 3888 1390 3943 Verum
1421 3891 1594 3947 donec
1624 3894 1839 3962 u'qttalio

260 3982 424 4026 tatem
456 3973 764 4042 servabant,
795 3993 988 4032 manna
1033 3980 1281 4035 manebat
1324 3999 1552 4050 manna;
1598 3986 1682 4039 tibi
1715 4003 1843 4040 vero

255 4062 378 4130 plus
407 4064 651 4134 accipere
687 4068 992 4135 studebant,
1038 4072 1256 4125 avaritia
1292 4090 1483 4127 manna
1528 4076 1578 4130 in
1630 4093 1840 4133 vermes

258 4156 501 4210 mutabat
536 4175 549 4212 :
580 4162 822 4227 quamvis
851 4161 952 4218 hoc
980 4180 1084 4217 non
1115 4180 1235 4219 cum
1263 4167 1587 4223 detrimento
1616 4170 1840 4224 aliorum

254 4243 530 4300 faciebant
560 4265 573 4301 :
602 4264 705 4303 non
747 4252 890 4305 enim
932 4256 1161 4325 proximi
1207 4272 1385 4311 eseam
1426 4260 1682 4333 rapiendo
1727 4262 1842 4331 plus

253 4337 622 4407 colligebant,
671 4351 907 4398 attamen
970 4348 1089 4416 quia
1164 4349 1281 4417 plus
1347 4352 1843 4422 concepiseebant,

255 4429 494 4484 damnati
524 4441 666 4487 sunt.
700 4435 848 4491 Licet
877 4439 1019 4493 enim
1067 4440 1367 4509 proximum
1412 4460 1514 4499 non
1564 4446 1839 4512 lazderent,

252 4521 356 4574 sibi
390 4531 568 4578 tamen
611 4528 899 4582 maximum
952 4530 1205 4585 damnum
1236 4532 1549 4601 alferebant,
1590 4551 1710 4590 cum
1744 4538 1844 4593 hoc

252 4613 547 4684 colligendi
567 4617 724 4673 modo
741 4621 978 4675 avaritia:
1002 4633 1395 4680 assuescerent.
1417 4626 1598 4696 Itaque
1616 4628 1841 4697 idipsnm

252 4704 412 4759 simul
445 4716 499 4760 et
526 4724 649 4764 esca
680 4722 791 4765 erat
823 4722 877 4767 et
906 4714 999 4768 Dei
1025 4716 1343 4786 cognitionis
1372 4718 1612 4773 doctrina
1648 4721 1843 4777 :sininl

252 4810 486 4866 corpora
530 4803 817 4870 nutriebat,
849 4815 903 4859 et
930 4807 1208 4862 erudiebat
1244 4810 1515 4875 animum;
1546 4828 1721 4882 neque
1751 4830 1846 4868 nu-

254 4887 451 4942 triebat
479 4898 705 4954 tantum.
737 4895 831 4949 sed
864 4896 1026 4951 etiam
1054 4913 1085 4953 a
1115 4899 1296 4955 labore
1332 4902 1621 4960 eximebat.
1661 4906 1845 4977 Neque

250 4980 399 5032 enim
433 4996 568 5051 opus
593 4994 707 5040 erat
728 4985 955 5057 jungere
998 4989 1185 5056 boves,
1234 5004 1470 5049 aratrum
1502 4997 1732 5066 trahere,
1759 5001 1843 5055 vel

254 5081 456 5127 terram
481 5075 715 5144 sulcare,
736 5081 818 5134 vel
853 5098 947 5151 per
966 5098 1163 5139 annum
1186 5099 1532 5157 exspectare;
1556 5092 1648 5147 sed
1670 5093 1846 5149 subito

251 5166 555 5234 appositam
607 5168 873 5226 hauebant
919 5190 1178 5243 mensam,
1224 5190 1519 5249 recentem,
1569 5200 1760 5239 novam
1791 5196 1847 5241 et

248 5254 619 5321 quotidianam
648 5278 661 5313 :
686 5261 950 5333 rebusque
993 5266 1120 5335 ipsis
1163 5268 1441 5325 discebant
1474 5277 1842 5343 evangelicum

252 5346 385 5399 illud
428 5360 784 5419 perceptum,
835 5370 938 5409 non
983 5357 1180 5412 debere
1210 5363 1516 5431 quempiam
1561 5365 1843 5421 sollicitum

250 5450 377 5491 esse
422 5439 474 5491 in
504 5443 795 5497 crastinum
854 5445 1064 5518 (Matth.
1093 5447 1146 5502 6.
1188 5449 1280 5520 54)
1311 5468 1324 5503 :
1358 5451 1497 5507 nulla
1526 5456 1721 5525 quippe
1746 5457 1846 5510 uti-

252 5528 381 5584 litas
402 5546 468 5585 ex
500 5530 598 5587 hac
643 5535 1004 5593 sollicitudine
1041 5542 1488 5611 consequebatur.
1521 5546 1673 5611 Quod
1702 5549 1843 5605 enim

256 5620 377 5688 plus
406 5623 675 5692 quispiam
706 5626 1013 5697 colligebat,
1064 5633 1505 5702 corrumpebatur
1531 5645 1586 5691 et
1616 5639 1842 5707 peribat,

256 5723 419 5783 atque
450 5728 821 5787 argumentum
868 5723 1102 5778 avaritize
1132 5725 1304 5780 solum
1344 5730 1610 5785 manebat.
1645 5734 1842 5789 Deinde

1058 283 1122 340 IN
1162 282 1413 341 DICTUM
1455 286 1679 355 PAULI,
1721 286 1902 341 Νοιο
1945 287 2074 344 γωδ
2116 290 2486 359 IGNORARE,
2530 297 2686 353 E'l'C.

3419 307 3521 358 130

1946 422 2012 461 ue
2061 419 2307 477 putarent
2349 411 2571 466 imbrem
2616 414 2759 468 illum
2797 429 2860 469 ex
2903 425 3102 472 natura:
3138 422 3524 475 consuetudine

1942 517 2181 563 manare,
2217 505 2266 556 in
2300 505 2383 557 die
2430 506 2640 561 sabbati
2682 505 2813 561 nihil
2856 507 3163 577 hujnsmodi
3202 512 3380 577 fiebat,
3417 513 3525 568 Deo

1946 592 2060 648 haec
2091 605 2314 665 utraque
2346 597 2489 666 ipsos
2517 598 2780 665 docente;
2824 602 2965 671 quod
2994 603 3201 657 scilicet
3233 606 3345 673 ipse
3388 622 3524 675 pra--

1941 689 2111 741 teritis
2140 689 2328 743 diebus
2350 691 2488 746 hanc
2514 690 2810 748 mirabilem
2833 695 3065 765 pluviam
3086 707 3340 765 operatus
3360 708 3525 760 esset,

1941 788 1995 833 et
2020 781 2160 849 quod
2196 780 2289 834 illo
2315 782 2401 837 die
2430 785 2661 852 pluviam
2706 786 2827 841 ideo
2848 786 3142 851 cohiberet,
3178 799 3230 841 ut
3267 788 3347 843 vel
3379 790 3527 843 inviti

1939 869 2211 926 discerent
2241 872 2331 926 illo
2370 873 2455 927 die
2485 873 2685 929 feriari.
2723 876 2906 946 Neque
2937 894 3001 931 ex
3023 879 3142 933 cibo
3173 888 3403 945 tantum,
3430 881 3525 934 sed

1940 963 2099 1016 etiam
2125 978 2191 1016 ex
2220 965 2554 1019 vestimentis
2581 974 2635 1020 et
2660 968 3035 1022 calceamentis
3054 980 3184 1024 etes
3209 972 3329 1025 aliis
3348 972 3528 1025 cinni-

1940 1053 2062 1118 bus,
2090 1053 2271 1109 videre
2289 1065 2406 1110 erat
2433 1056 2622 1111 tradita
2647 1059 2907 1127 apostolis
2930 1060 3175 1114 mandata
3198 1061 3371 1130 reipsa
3392 1077 3532 1116 com-

1940 1147 2104 1216 pleta.
2148 1147 2332 1218 Neque
2356 1149 2495 1203 enim
2533 1149 2752 1205 domum
2782 1149 3073 1218 habebant,
3126 1170 3235 1208 non
3267 1170 3527 1221 mensam,

1941 1254 2046 1291 non
2078 1237 2298 1307 lectum,
2332 1256 2437 1294 non
2469 1253 2670 1295 vestem
2702 1245 3063 1309 mutatoriam,
3103 1261 3275 1315 neque
3297 1246 3527 1308 Calceus,

1943 1329 2054 1385 Deo
2084 1332 2163 1385 sic
2203 1332 2573 1401 dispensante.
2603 1333 2739 1390 Vide
2768 1346 2962 1406 quanta
2994 1339 3065 1392 sit
3107 1337 3314 1393 Veteris
3342 1339 3531 1395 Testa-

1946 1425 2111 1478 menti
2141 1440 2261 1478 cum
2287 1424 2437 1479 Novo
2454 1425 2702 1481 affinitas.
2725 1426 3184 1495 Quemadmodum
3207 1432 3350 1485 enim
3376 1430 3531 1485 Chri-

1941 1524 2055 1568 stus
2094 1517 2368 1585 apostolos
2404 1515 2619 1570 deiuum
2670 1517 2737 1571 ad
2776 1533 2839 1572 ea
2880 1535 2997 1588 qua:
3038 1521 3339 1575 necessaria
3378 1532 3532 1576 erant

1944 1605 2274 1667 informavit,
2311 1609 2392 1663 sic
2416 1618 2470 1662 et
2501 1608 2605 1662 illis
2631 1609 2755 1662 vita:
2801 1609 2995 1665 modus
3037 1611 3317 1679 adaptatus
3346 1621 3447 1679 est,
3478 1624 3532 1666 et

1942 1700 2117 1751 omnis
2132 1709 2378 1754 creatura
2402 1699 2467 1754 ad
2493 1700 2850 1755 ministerium
2872 1717 3058 1757 eorum
3080 1711 3372 1773 prmparata
3393 1713 3528 1758 erat.

1942 1789 2010 1843 Et
2033 1804 2149 1853 cur,
2184 1790 2411 1860 inquies,
2441 1790 2555 1845 hiec
2578 1792 2712 1845 facta
2741 1794 2906 1846 sunt?
2935 1793 3082 1863 Ipsos
3109 1793 3160 1846 in
3191 1809 3355 1847 unum
3378 1794 3526 1848 orbis

1945 1881 2118 1935 locum
2140 1883 2490 1937 conclusurus
2511 1894 2644 1947 erat,
2666 1894 2720 1939 et
2746 1885 3093 1941 mandaturus
3112 1887 3189 1939 eis
3210 1897 3265 1940 ut
3284 1887 3384 1941 sibi
3406 1903 3525 1956 per-

1945 1982 2106 2040 petuo
2142 1974 2250 2028 illic
2278 1975 2664 2039 ministrarent,
2690 1991 2752 2030 ac
2778 1993 2949 2047 neque
2978 1979 3230 2048 templum
3255 1980 3336 2034 vel
3364 1979 3532 2034 altare

1943 2066 2068 2120 alibi
2102 2082 2196 2135 per
2222 2069 2406 2122 orbem
2439 2079 2851 2134 cousuuerent;
2892 2070 2990 2127 sed
3039 2072 3335 2126 oblationes
3364 2081 3419 2126 et
3448 2087 3532 2126 sa-

1943 2158 2143 2212 crificia
2172 2172 2267 2213 sua
2295 2158 2423 2213 illuc
2450 2160 2724 2226 afferrent,
2755 2160 2886 2216 festa
2919 2162 3270 2227 celebrarent,
3296 2164 3532 2235 legerent

1947 2248 2139 2317 legem,
2170 2258 2224 2304 et
2245 2264 2433 2305 omnes
2454 2251 2590 2305 alios
2616 2252 3053 2308 sanctificationis
3080 2255 3223 2308 illius
3251 2255 3385 2309 ritus
3415 2271 3533 2323 per-

1946 2336 2186 2393 licerent.
2211 2338 2288 2393 Ne
2314 2341 2472 2409 igitur
2493 2357 2555 2396 ex
2581 2340 2800 2397 deﬁnito
2822 2344 3100 2399 ministerii
3124 2346 3225 2399 ritu
3249 2346 3533 2416 providen-

1946 2431 2072 2482 tiam
2101 2445 2252 2483 suam
2285 2432 2392 2485 illic
2416 2433 2660 2487 concludi
2694 2444 2961 2503 putarent,
3010 2451 3172 2505 seque
3220 2438 3382 2491 Deum
3407 2432 3533 2507 par-

1950 2522 2225 2577 ticularem
2260 2524 2401 2577 illius
2430 2525 2532 2578 loci
2559 2527 2861 2589 crederent,
2906 2528 3051 2596 prius
3090 2528 3339 2583 virtutem
3383 2544 3531 2583 suam

1947 2613 2000 2667 in
2028 2614 2204 2668 aliena
2236 2624 2376 2669 terra
2405 2616 2666 2680 exhibuit,
2707 2617 2759 2671 in
2807 2616 3061 2688 Egypto,
3096 2619 3147 2671 in
3177 2618 3411 2684 deserto,
3443 2620 3533 2674 ubi

1947 2721 2108 2760 nemo
2146 2707 2234 2776 qui
2263 2724 2320 2761 se
2348 2708 2568 2774 coleret,
2602 2724 2761 2763 nemo
2802 2719 2915 2763 erat
2943 2711 3031 2780 qui
3074 2726 3132 2765 se
3157 2710 3407 2765 adorat-ct
3439 2727 3451 2762 :
3480 2722 3534 2764 et

1945 2800 2231 2852 contrariis
2261 2800 2417 2853 rebus
2443 2810 2688 2854 creatura
2721 2802 3008 2868 serviebat,
3046 2801 3295 2870 operibus
3316 2802 3424 2855 suis
3451 2802 3532 2855 vel

1947 2888 2238 2942 incredulis
2280 2890 2532 2956 suadens,
2574 2900 2633 2945 ut
2674 2892 3003 2947 creationem
3050 2894 3118 2947 ab
3163 2894 3313 2946 initio
3342 2894 3409 2947 ab
3444 2894 3535 2947 illo

1948 2978 2138 3033 factam
2184 2990 2550 3049 agnoscerent.
2605 2981 2811 3035 Etenim
2864 2999 3010 3037 mare
3055 2983 3188 3036 alios
3232 2982 3531 3045 suffocavit,

1942 3071 2078 3125 alios
2119 3073 2383 3137 servavit;
2427 3089 2521 3127 aer
2567 3089 2709 3129 nunc
2745 3074 3090 3143 grandinem,
3132 3088 3240 3144 quo
3279 3074 3536 3129 barbaros

1951 3165 2221 3234 perderet,
2257 3180 2396 3220 nunc
2437 3181 2651 3233 manna,
2686 3174 2744 3221 ut
2770 3167 2982 3222 Judasos
3018 3168 3206 3233 aleret,
3236 3168 3529 3222 emittebat.

1947 3257 2185 3313 Rursum
2215 3268 2375 3324 terra,
2405 3274 2548 3314 nunc
2575 3259 2845 3328 sciniphes
2869 3260 2934 3313 ad
2967 3259 3299 3315 ulciscendos
3330 3261 3533 3326 hostes,

1949 3367 2091 3407 nunc
2119 3353 2445 3406 coturnicem
2489 3353 2556 3406 ad
2596 3353 2821 3407 salutem
2854 3368 3072 3406 suorum
3114 3351 3386 3407 etTerebat.
3428 3352 3537 3406 Illis

1950 3440 2181 3495 interdiu
2213 3443 2469 3505 tenebrat,
2503 3442 2584 3495 his
2612 3452 2772 3497 noctu
2802 3442 2892 3495 lux
2933 3443 3138 3497 aderat.
3191 3442 3420 3515 [Egyptii
3448 3442 3555 3495 in-

1953 3532 2286 3587 terlluentem
2315 3533 2573 3587 habentes
2598 3532 2797 3595 Nilum,
2826 3533 2910 3586 siti
2939 3541 2993 3586 et
3011 3533 3250 3586 siccitate
3274 3532 3532 3601 peribant;

1949 3624 2001 3679 hi
2031 3635 2207 3679 autem
2254 3625 2305 3678 in
2346 3624 2557 3679 deserto
2606 3624 2755 3678 arido
2774 3633 2829 3679 et
2854 3628 2997 3678 sicco
3034 3633 3207 3678 castra
3236 3633 3497 3679 metantes
3518 3666 3532 3688 ,

1946 3718 2113 3773 multa
2154 3716 2467 3772 fruebantur
2505 3733 2761 3786 aquarum
2804 3717 2956 3785 cepia
3000 3734 3012 3769 :
3056 3725 3111 3771 et
3160 3717 3276 3770 illos
3318 3716 3533 3785 quidem

1951 3823 2091 3861 rana:
2110 3806 2504 3877 oppugnabant,
2540 3807 2640 3861 ltos
2667 3819 2842 3861 autem
2872 3822 2937 3861 ne
2955 3807 3193 3877 gigantes
3216 3807 3425 3877 quidem
3451 3822 3538 3859 ca-

1951 3917 2076 3971 pere
2109 3909 2375 3971 poterant.

2022 3992 2074 4047 6.
2115 3991 2221 4047 Sed
2251 4007 2347 4047 cur
2371 3992 2485 4047 hazc
2508 3993 2661 4046 nobis
2691 4001 3075 4047 commemorat
3102 3991 3289 4045 beatus
3312 3989 3539 4044 Paulus?

1949 4085 2031 4139 0b
2058 4100 2175 4139 eam
2207 4100 2443 4149 causam,
2489 4100 2647 4155 quam
2688 4074 3035 4139 initio'vobis
3078 4085 3187 4139 dixi
3222 4102 3234 4137 :
3265 4094 3323 4138 ut
3365 4083 3539 4137 discas

1952 4193 2127 4247 neque
2178 4176 2521 4245 baptismum,
2556 4192 2733 4246 neque
2774 4185 3113 4246 peccatorum
3144 4176 3534 4235 remissionem,

1952 4284 2056 4322 non
2078 4268 2377 4334 scientiam,
2400 4283 2505 4322 non
2529 4268 2904 4338 mysteriorum
2928 4268 3411 4338 participationem,
3431 4282 3536 4321 non

1951 4374 2191 4414 mensam
2228 4374 2455 4423 sacram,
2487 4374 2593 4413 non
2621 4360 2860 4428 corporis
2909 4358 3237 4420 frnitionem,
3282 4375 3387 4412 non
3416 4375 3541 4413 san-

1950 4450 2126 4519 guinis
2150 4449 2612 4517 participationem
2646 4488 2661 4512 ,
2687 4465 2786 4504 nec
2810 4449 2953 4502 aliud
2981 4449 3252 4519 quidpiam
3288 4450 3541 4517 prodesse

1953 4540 2126 4604 nobis,
2152 4539 2250 4594 nisi
2273 4540 2433 4593 vitam
2466 4548 2691 4603 rectam,
2721 4539 3041 4605 mirabilem,
3072 4549 3126 4593 et
3152 4540 3297 4593 omni
3321 4549 3540 4609 peccato

1951 4632 2174 4687 liberam
2203 4632 2480 4686 ducamus.
2512 4630 2665 4698 Quod
2693 4631 2834 4686 enim
2865 4630 2981 4685 haec
3011 4630 3130 4685 ideo
3155 4645 3542 4686 commemora-

1952 4725 2088 4778 verit
2128 4723 2380 4789 ostendit,
2428 4738 2549 4777 cum
2597 4732 2878 4793 postquam
2928 4732 3273 4779 recensuerat
3316 4724 3538 4778 formam

1954 4816 2202 4886 baptismi
2234 4832 2330 4885 per
2373 4830 2519 4869 mare
2560 4826 2614 4870 et
2652 4831 2747 4885 per
2790 4816 3008 4881 nubem,
3060 4818 3541 4887 mysteriorumque

1957 4918 2138 4979 typum
2171 4925 2264 4977 per
2292 4923 2484 4963 manna
2509 4917 2562 4963 et
2595 4925 2690 4978 per
2719 4919 2922 4980 petram
2953 4909 3004 4962 in
3031 4908 3211 4963 Veteri
3235 4908 3373 4979 Lege
3400 4924 3540 4978 pra:-

1957 5002 2238 5071 liguratum
2286 5001 2661 5071 descripserat,
2713 5017 2775 5056 ac
2823 5002 3048 5069 dixerat,
3090 5002 3275 5056 Omnes
3313 5002 3538 5056 eamdem

1955 5111 2120 5147 escam
2150 5094 2464 5162 spiritualem
2485 5095 2826 5157 comederunt,
2857 5102 2903 5145 et
2929 5093 3159 5146 eumdem
3190 5102 3360 5162 polum
3385 5093 3540 5163 spiri-

1958 5184 2149 5238 tualem
2170 5184 2438 5246 biberunt;
2468 5184 2663 5253 adjecit
2694 5182 2879 5237 dicens
2904 5201 2917 5237 :
2946 5180 3053 5237 Sed
3094 5200 3192 5235 non
3232 5183 3283 5235 in
3313 5182 3541 5251 pluribus

1954 5292 2127 5328 eorum
2169 5274 2537 5343 beneplncitum
2563 5285 2634 5328 est
2664 5273 2791 5328 Deo.
2839 5274 2964 5328 Post
2996 5282 3075 5327 tot
3102 5282 3350 5342 tantaque
3378 5273 3541 5325 mira-

1954 5369 2094 5434 cola,
2124 5369 2313 5439 inquit,
2347 5383 2451 5421 non
2492 5367 2677 5422 dilexit
2712 5382 2806 5421 eos
2840 5368 2999 5421 Deus.
3049 5365 3154 5420 Sed
3196 5364 3360 5434 quid?
3411 5363 3539 5419 ιντο.

1953 5459 2102 5513 strati
2128 5469 2247 5513 sunt
2285 5460 2339 5513 in
2382 5459 2597 5513 deserto.
2631 5459 2735 5513 Cur
2767 5458 2942 5527 itaque
2979 5457 3092 5511 haec
3130 5455 3303 5520 nobis,
3353 5455 3537 5520 Paule,

1956 5552 2183 5607 narras?
2218 5550 2339 5605 Haec
2367 5561 2532 5622 mitem
2576 5552 2629 5604 in
2656 5552 2821 5620 ﬁgura
2851 5553 2988 5620 facta
3013 5558 3132 5602 sunt
3174 5547 3333 5612 nobis,
3361 5558 3412 5602 ut
3440 5564 3540 5603 nos

1955 5645 2112 5697 simus
2145 5644 2552 5711 concupiscentes
2593 5643 2863 5705 mulorum,
2912 5642 3043 5695 sicut
3082 5641 3230 5695 etilli
3273 5642 3540 5708 conmpie-

1956 5745 2073 5790 runt
2117 5751 2135 5789 :
2172 5750 2327 5805 neque
2369 5733 2657 5789 idololatra!
2705 5734 2968 5806 eliciuntur
2994 5773 3011 5800 ,
3059 5735 3184 5788 sicut
3232 5731 3437 5803 quidam
3472 5748 3536 5787 ea:
