4058 6258
515 283 614 340 iiii

513 401 683 466 ipsis;
720 401 1156 470 quemadmodum
1202 403 1456 472 scriptum
1499 414 1577 460 est
1621 422 1637 462 :
1683 405 1832 462 Sedit
1866 410 2089 478 populus

512 492 840 546 manducare
876 502 924 545 et
970 493 1172 556 bibere,
1217 505 1265 550 et
1311 507 1652 552 surrexerunt
1703 500 1899 555 ludere.
1954 504 2089 559 Vide

509 581 664 635 Pauli
713 582 1079 652 prudentiam.
1131 585 1270 640 Dixit
1312 600 1634 655 peccatum,
1679 590 1819 645 dixit
1863 608 2084 648 causam

514 679 740 746 peccati,
786 679 918 735 dixit
958 697 1174 753 pmnam
1217 693 1434 756 propter
1473 697 1743 754 peccatum
1784 687 2033 742 inﬂictam
2077 704 2092 742 :

517 766 602 820 his
630 783 727 822 nos
755 769 1024 835 erudiens,
1057 783 1113 827 ut
1137 789 1203 826 ne
1232 775 1350 833 illos
1373 776 1859 832 iniitomur.~Causa
1893 779 2094 846 peccati

517 857 612 909 fuit
639 859 758 926 gula
787 877 800 912 :
837 860 981 914 Sedit
1011 863 1232 931 populus
1275 867 1582 919 manducare
1609 877 1655 920 et
1692 866 1872 921 bibere.
1900 869 2094 922 Pecca-

517 958 648 1012 tum,
684 949 796 1018 ipse
821 951 990 1006 lusus.
1041 953 1242 1009 Deinde
1271 970 1446 1024 pcena,
1478 955 1735 1014 Prostrati
1771 968 1888 1012 sunt
1926 959 1979 1011 in
2005 959 2094 1012 de-

509 1052 658 1095 serto.
695 1043 886 1098 lterum
930 1060 1075 1110 vero,
1122 1046 1204 1100 Ne
1236 1049 1543 1118 fornicemur
1577 1090 1590 1114 ,
1621 1051 1748 1104 sicut
1773 1051 1976 1120 quidam
2009 1066 2102 1103 eo-

509 1149 624 1186 rum
649 1134 886 1202 fornicati
929 1148 1062 1211 eluit.
1083 1139 1192 1202 llic
1216 1155 1429 1194 causam
1459 1141 1821 1196 fornicationis
1851 1151 1959 1196 non
1996 1158 2096 1212 po-

512 1225 639 1292 suit,
686 1226 780 1281 sed
825 1243 1057 1297 pomum.
1105 1230 1273 1297 Quam
1306 1246 1440 1287 vero
1464 1233 1644 1286 illam?
1674 1232 1969 1287 Ceciderunt
1997 1250 2101 1287 una

514 1315 597 1368 die
643 1318 823 1388 viginti
874 1321 971 1374 tria
1009 1322 1191 1375 millia.
1240 1324 1346 1376 Cur
1398 1335 1573 1377 autem
1615 1327 1948 1381 occasionem
1993 1341 2099 1382 non

520 1406 674 1470 dixit.
707 1425 772 1464 ex
819 1427 925 1480 qua
956 1411 1238 1466 fornicatio
1279 1423 1393 1468 orta
1417 1416 1532 1470 est?
1562 1416 1826 1476 Studiosis
1863 1418 2100 1488 reliquit,

517 1507 574 1551 ut
600 1497 881 1554 historiam
910 1501 1140 1568 adirent,
1169 1513 1222 1558 et
1252 1505 1482 1560 radicem
1507 1508 1637 1562 mali
1679 1509 1965 1565 discerent.
2005 1511 2106 1566 llie

516 1590 906 1668 estintedicinte
933 1593 1142 1662 modus,
1171 1595 1353 1656 dicere
1393 1614 1584 1667 nempe
1625 1601 1765 1655 unde
1807 1613 2103 1657 nascantur

521 1681 716 1748 morbi,
757 1695 813 1738 et
858 1686 1091 1741 remedia
1144 1689 1399 1744 adbibere
1446 1693 1772 1748 vulneribus.
1818 1694 2101 1764 Propterea

518 1777 649 1831 dicit
679 1796 692 1830 :
724 1777 848 1832 ﬂare
885 1789 1052 1834 autem
1085 1784 1257 1836 omnia
1304 1785 1354 1836 in
1395 1786 1564 1854 ﬁgura
1599 1787 1950 1858 contingebant
1978 1789 2102 1853 illis,

518 1869 710 1937 scripta
737 1881 855 1924 sunt
903 1883 1070 1926 autem
1109 1874 1177 1926 ad
1218 1877 1590 1944 correptionem
1638 1889 1883 1931 nostram.
1924 1878 2106 1949 itaque

521 1960 610 2030 qui
637 1959 763 2016 fecit
793 1962 901 2028 illa,
931 1972 985 2018 et
1014 1965 1283 2043 improbos
1310 1967 1449 2030 ultus
1477 1979 1582 2032 est,
1611 1969 1674 2024 is.
1693 1967 1984 2038 ipsenunc
2008 1985 2105 2034 nos

521 2052 808 2120 admonet,
838 2043 970 2110 non
994 2059 1170 2111 verbis
1208 2068 1432 2126 tantum,
1478 2059 1571 2116 sed
1611 2060 1769 2116 rebus
1821 2063 1986 2131 ipsis;
2015 2063 2106 2133 qui

527 2145 790 2200 maximus
821 2156 904 2201 est
930 2147 1310 2204 admonitionis
1337 2151 1544 2206 modus.
1572 2152 1815 2207 Vidistin’
1839 2154 2108 2222 quomodo

523 2236 592 2292 iis
612 2238 696 2308 qui
728 2238 778 2292 in
809 2240 978 2308 gratia
1008 2249 1147 2307 sunt,
1173 2258 1313 2307 eum,
1351 2243 1440 2311 qui
1470 2243 1521 2297 in
1559 2243 1732 2298 Veteri
1764 2243 1866 2298 hoc
1885 2243 2106 2310 fecerat,

523 2329 832 2398 magistrum
859 2331 1166 2398 instituerit,
1197 2334 1486 2393 ostendens
1513 2335 1761 2389 eumdem
1795 2336 1967 2404 ipsum
1990 2351 2111 2390 esse

527 2418 615 2487 qui
639 2427 692 2472 ct
719 2419 805 2474 illa
821 2419 1050 2488 iecerat,
1075 2430 1129 2476 et
1157 2424 1267 2478 haec
1292 2439 1384 2493 per
1404 2425 1576 2494 ipsum
1605 2425 1957 2494 loquebatur?
1979 2427 2109 2480 Nam

528 2511 573 2564 si
599 2512 806 2566 alienus
829 2513 1034 2580 fuisset,
1063 2531 1396 2586 nequaquam
1424 2518 1508 2572 illa
1535 2517 1723 2573 borum
1748 2519 1989 2588 ﬁgurant,
2011 2534 2113 2574 nec

529 2600 596 2654 ad
626 2603 1018 2671 correptiouem
1060 2616 1294 2659 nostram
1338 2623 1399 2661 ea
1439 2608 1634 2677 scripta
1677 2609 1837 2664 fuisse
1867 2608 2110 2676 dixisset,

537 2708 708 2763 neque
738 2696 1049 2765 magistrum
1077 2699 1229 2752 nobis
1257 2701 1590 2767 instituisset,
1619 2715 1774 2770 quem
1805 2716 1910 2770 non
1935 2710 2115 2771 putas?

529 2793 614 2839 set
633 2800 754 2854 esse
785 2786 986 2842 Deum:
1016 2804 1188 2858 neque
1218 2790 1284 2851 ab
1315 2790 1542 2860 iis..qu:e
1572 2801 1698 2846 tunc
1721 2790 1859 2846 facta
1881 2791 2110 2857 fuerant,

527 2890 628 2930 nos
683 2880 998 2945 terruisset,
1039 2882 1190 2950 quasi
1232 2883 1282 2935 in
1336 2883 1476 2937 illius
1531 2899 1718 2938 manus
1767 2883 2112 2939 deventuros.

534 2966 684 3022 Nunc
711 2979 888 3024 autem
915 2972 1205 3027 ostendens
1224 2988 1321 3027 nos
1344 2975 1396 3027 in
1423 2973 1564 3028 illius
1590 2990 1778 3029 manus
1804 2975 1998 3030 iterum
2019 2974 2116 3029 de-

533 3057 777 3130 lapsuros
799 3079 916 3120 esse
932 3097 948 3123 .
969 3075 1126 3136 atque
1146 3077 1426 3138 utrumque
1453 3069 1725 3139 populum,
1755 3069 1899 3124 illum
1923 3084 2118 3139 nempe

1190 290 1248 347 S.
1289 290 1570 348 JOANNIS
1606 293 2089 353 CHRYSOSTOMI
2138 298 2452 360 AllCHlEl’.
2492 291 3024 368 CONSTANTINOP.

3674 319 3780 372 25'!

2197 425 2250 471 et
2300 417 2636 489 hodiernum,
2686 424 2827 478 illius
2866 425 3146 494 gubernari
3178 427 3416 498 legibus,
3468 433 3645 488 omnia
3692 436 3784 491 illa

2195 515 2665 580 commemoravit,
2713 529 2775 568 ac
2819 510 2977 581 dixit,
3025 517 3107 570 Ad
3143 529 3368 574 nostram
3419 525 3785 590 correptione":

2194 601 2385 670 scripta
2411 611 2546 657 sunt.
2578 603 2702 659 Haec
2732 605 2891 674 igitur
2909 622 3029 661 cum
3057 608 3311 676 sciamus,
3341 621 3396 666 et
3429 615 3710 680 pmteritis
3733 627 3787 669 et

2199 691 2391 746 futuris
2417 693 2718 749 credamus.
2766 696 2822 751 Si
2849 712 2980 752 vero
3019 701 3250 770 quipiam
3294 703 3420 768 sint,
3467 707 3556 774 qui
3599 705 3788 760 futuris

2202 797 2306 836 nou
2335 784 2574 849 credant,
2605 801 2633 839 a
2659 789 2945 855 prteteritis
2975 805 3068 845 cos
3094 791 3157 845 ad
3188 793 3398 848 virtutis
3427 796 3662 850 studium
3687 799 3788 850 de-

2201 874 2478 942 ducamus,
2526 878 2611 932 illa
2657 890 2937 936 narrantes
2977 897 3096 951 quae
3141 884 3430 940 Sodomitis
3457 887 3788 951 acciderunt,

2201 980 2318 1034 qua:
2352 967 2400 1019 in
2429 966 2628 1023 diluvio
2657 969 2807 1035 item,
2836 986 2954 1039 qua:
2993 971 3053 1026 in
3097 972 3331 1044 Egypto
3358 990 3787 1031 commemoran-

2203 1065 2312 1122 tes;
2342 1065 2397 1110 ut
2422 1056 2646 1112 aliorum
2689 1061 2860 1128 poenis
2893 1061 2958 1115 ad
2995 1063 3268 1117 meliorem
3300 1063 3506 1133 frugem
3559 1067 3784 1127 reducti.

2186 1145 2474 1216 'vitamque
2496 1158 2718 1217 agentes
2742 1151 3016 1219 optimam,
3040 1152 3336 1208 doctrinam
3365 1156 3578 1211 demum
3605 1163 3670 1212 de
3698 1172 3787 1227 ge-

2205 1235 2382 1290 benna
2413 1246 2467 1291 et
2495 1238 2564 1293 de
2592 1241 2987 1298 resurrectione
3018 1244 3318 1299 admittant.
3349 1245 3788 1317 Quandoquidem

2203 1334 2258 1378 et
2287 1341 2430 1380 nunc
2453 1331 2541 1397 qui
2561 1329 2818 1398 judicium
2843 1333 2947 1386 non
2974 1333 3216 1399 credunt,
3252 1337 3461 1390 nonnisi
3486 1353 3514 1389 a
3538 1345 3789 1407 corrupta

2203 1418 2386 1473 vitaet
2417 1435 2580 1489 prava
2609 1425 2934 1478 conscientia
2986 1425 3065 1479 sic
3107 1426 3284 1480 aﬂ‘ecti
3332 1437 3476 1483 sunt.
3523 1428 3703 1498 Itaque
3744 1429 3789 1482 si

2209 1517 2421 1577 peccata
2452 1511 2714 1580 eluamus,
2746 1523 2798 1567 et
2843 1525 2986 1568 metu
3037 1518 3427 1585 prmteritorum
3455 1534 3551 1572 nos
3577 1517 3794 1573 erudia-

2207 1612 2350 1666 mus,
2381 1602 2540 1655 etiam
2585 1602 2882 1658 doctrinam
2912 1605 2980 1660 de
3018 1604 3209 1660 futuris
3233 1605 3515 1663 admittere
3542 1609 3797 1664 suadebi—

2208 1706 2346 1744 mus.
2379 1691 2834 1758 Quemadmodum
2865 1695 3006 1748 enlnt
3040 1711 3200 1764 prava
3230 1696 3473 1766 dogmata
3498 1700 3654 1753 vitam
3684 1699 3796 1752 im-

2212 1797 2397 1849 puram
2453 1781 2708 1838 inducere
2761 1785 2954 1850 solent,
3005 1787 3082 1841 sic
3123 1793 3180 1840 et
3224 1798 3470 1858 corrupta
3497 1789 3600 1842 vita
3628 1803 3798 1857 prava

2211 1873 2458 1944 dogmata
2501 1875 2814 1946 plerumque
2863 1879 3084 1946 peperit.
3131 1879 3285 1946 Quod
3325 1895 3392 1934 ne
3428 1882 3700 1950 contingat
3740 1891 3808 1935 et

2215 1964 2369 2018 nobis
2396 1965 2545 2033 ipsis,
2574 1974 2628 2019 et
2647 1967 2785 2030 aliis,
2811 1968 2928 2022 hare
2951 1969 3303 2024 vociferantes
3330 1971 3491 2024 verba
3514 1981 3567 2025 et
3592 1980 3806 2026 rectam

2215 2055 2371 2110 [idem
2411 2065 2792 2123 servemus,‘et
2846 2058 2970 2111 vita:
3019 2059 3316 2114 institutum
3359 2063 3612 2137 Optimum
3642 2061 3806 2116 exhi-

2217 2148 2457 2216 beatuus,
2507 2149 2934 2220 quandoquidem
2971 2166 2997 2203 a
3039 2152 3193 2206 nobis
3223 2168 3289 2206 ex
3317 2153 3461 2207 omni
3505 2162 3653 2222 parte
3696 2151 3814 2207 de-

2216 2249 2568 2295 monstratum
2609 2250 2710 2306 est,
2740 2242 2855 2296 sine
2895 2242 3059 2311 proba
3087 2241 3192 2296 vita
3233 2243 3432 2296 uellant
3477 2244 3588 2298 fore
3616 2252 3818 2298 recto-

2216 2347 2334 2387 rum
2374 2332 2682 2402 dogmatum
2713 2333 3014 2388 utilitatem.
3047 2334 3163 2388 Fiat
3192 2344 3372 2390 autem
3401 2335 3644 2404 precibus
3673 2349 3820 2389 san—

2216 2431 2446 2491 ctorum,
2475 2433 2528 2479 et
2556 2421 2839 2494 prtcsulum
2868 2425 3128 2490 omnium,
3161 2434 3218 2479 ut
3257 2433 3313 2480 et
3339 2436 3481 2480 recta
3523 2425 3818 2494 dogmata,

2217 2529 2339 2584 quae
2367 2530 2397 2568 a
2423 2514 2716 2582 majoribus
2743 2515 2869 2569 olim
2897 2517 3223 2582 accepimus,
3255 2531 3386 2586 pura
3410 2530 3717 2578 servemus;
3757 2527 3830 2570 et

2220 2607 2382 2660 vitam
2413 2607 2543 2676 ipsis
2570 2616 2951 2676 congruentem
2979 2607 3314 2676 adjiciamus,
3346 2617 3402 2662 ut
3423 2609 3679 2677 promissa
3704 2608 3830 2662 bo-

2224 2713 2290 2750 na
2313 2712 2723 2767 consequamur,
2757 2701 2922 2768 gratia
2953 2707 3007 2752 et
3044 2698 3365 2768 benignitate
3399 2697 3603 2752 Domini
3632 2701 3833 2752 nostri

2219 2789 2348 2847 alesu
2375 2790 2596 2854 Christi,
2621 2792 2834 2860 quicum
2869 2790 3006 2844 Patri
3045 2791 3305 2859 simulque
3340 2799 3525 2844 saneto
3563 2788 3831 2860 Spiritui,

2221 2885 2414 2955 gloria,
2445 2883 2751 2954 imperium,
2782 2883 2976 2948 honor,
3024 2897 3166 2937 nunc
3190 2889 3244 2938 et
3271 2895 3504 2952 semper,
3542 2891 3595 2936 et
3619 2881 3676 2934 in
3705 2894 3836 2936 sa:-

2222 2980 2343 3036 cula
2365 2978 2708 3034 smeulorum.
2737 2977 2932 3031 Amen.

1433 3749 1815 3812 MONITUM
1862 3748 1972 3811 AD
2025 3747 2446 3812 HOMILIAM
2483 3749 2875 3827 INJLLUD,

609 3934 666 3991 Id
703 3953 870 3994 unum
905 3941 1053 3995 circa
1090 3949 1410 4011 praesentem
1451 3935 1772 3994 concionem
1810 3938 2080 4008 expiscari
2116 3954 2432 4009 possumus,
2469 3939 2668 3993 dictam
2707 3950 2902 4007 nempe
2941 3935 3111 3991 fuisse
3151 3947 3438 4008 postquam
3477 3938 3534 3993 in
3570 3953 3794 4008 prazce-

533 4053 683 4110 denti
718 4056 939 4111 bomilia
966 4056 1362 4127 Jerosolymam
1390 4056 1731 4111 calamitates
1755 4071 1884 4112 suas
1915 4055 1988 4108 ita
2009 4055 2328 4126 παθητικῶς
2350 4055 2719 4124 deplorantem
2740 4053 3029 4108 induxerat
3049 4053 3491 4124 Chrysostomus,
3510 4061 3569 4107 ut
3588 4051 3796 4120 hujus-

537 4168 680 4224 modi
705 4178 1012 4224 acroamate
1038 4170 1296 4224 commoti
1320 4185 1513 4226 onmes
1543 4171 1634 4240 qui
1661 4171 1907 4236 aderant,
1943 4187 2068 4241 mox
2103 4174 2156 4228 in
2191 4172 2350 4227 ﬂetus
2377 4183 2432 4226 et
2481 4171 2714 4242 gemitus
2747 4171 2996 4239 erupturi
3033 4180 3238 4235 essent,
3273 4170 3377 4224 nisi
3423 4169 3648 4226 sedandi
3689 4170 3785 4222 lu-

536 4291 657 4336 ctus
682 4297 849 4336 causa
880 4297 1184 4337 sermonem
1213 4283 1321 4338 alio
1355 4283 1723 4337 transtulisset
1749 4291 1950 4336 orator.
2006 4282 2079 4337 De
2116 4299 2260 4337 anno
2307 4290 2489 4336 autem
2524 4281 2621 4336 vel”
2653 4290 2995 4350 tempestate,
3032 4281 3268 4348 itemque
3305 4280 3680 4335 Antiochiame
3714 4297 3788 4334 an

535 4393 1006 4465 Constantinopoli
1043 4395 1182 4452 hanc
1230 4397 1481 4451 habuerit
1531 4395 1835 4461 homiliam,
1897 4411 1964 4448 ne
2011 4397 2365 4469 conjectando
2408 4395 2625 4465 quidem
2666 4395 2774 4449 dici
2821 4401 3019 4465 potest.
3061 4391 3187 4448 llaec
3226 4407 3351 4446 vero
3395 4392 3662 4462 praecipue
3696 4391 3790 4447 hic

534 4513 958 4569 demonstranda
1003 4515 1271 4586 suscipit:
1325 4529 1519 4570 vocem
1564 4513 1646 4568 δεῖ
1694 4529 1792 4570 seu
1853 4523 2054 4591 oportet
2104 4514 2193 4570 hic
2236 4529 2344 4568 non
2393 4513 2752 4584 praecipientis
2797 4521 2892 4566 aut
2923 4511 3256 4568 consulentis
3303 4526 3446 4576 esse,
3472 4513 3567 4568 sed
3599 4513 3784 4567 futura

535 4633 971 4702 praenuntiantis,
995 4633 1454 4704 quemadmodum
1485 4641 1539 4690 et
1574 4633 1630 4688 in
1661 4632 1924 4688 aliissnon
1954 4633 2142 4703 paucis
2177 4631 2475 4702 Scriptura:
2503 4631 2638 4686 locis
2677 4632 3038 4699 observatur;
3077 4631 3318 4701 itemque
3347 4631 3607 4697 haereses,
3637 4645 3784 4701 quas

1385 5178 1496 5249 IN
1533 5177 1961 5248 DICTUM
2009 5118 2324 5246 iLLUD
2363 5177 2910 5262 APOSTOLI,

433 5363 439 5370 ~
507 5347 794 5390 OPORTET
838 5348 918 5389 ET
963 5348 1255 5392 amnases
1301 5347 1448 5390 esse
1480 5343 1543 5388 IN
1588 5345 1792 5400 voms,
1839 5345 1922 5388 UT
1951 5344 2057 5395 QUI
2090 5344 2356 5387 meum
2400 5345 2580 5400 sum,
2614 5343 2950 5388 MANIFESTI
3001 5342 3190 5385 eum
3239 5321 3306 5401 (ι.
3336 5322 3489 5383 Cor.
3537 5321 3632 5380 11.
3673 5319 3806 5395 19).

581 5560 632 5612 ί.
675 5557 814 5613 Salis
851 5572 1022 5626 nuper
1065 5555 1167 5610 hoc
1211 5555 1485 5624 spirituale
1526 5554 1795 5629 theatrum
1843 5555 2104 5621 incaluit,

513 5665 634 5704 cum
663 5649 1054 5719 Jerosolymam
1092 5649 1335 5703 oratione
1380 5648 1529 5702 vobis
1572 5648 1873 5703 iuducercm
1905 5661 1958 5703 ct
1987 5650 2102 5717 plo-

514 5747 718 5794 rantem
743 5780 756 5800 .
785 5748 838 5793 et
877 5741 1117 5807 proprias
1159 5740 1487 5794 calamitates
1524 5742 1945 5794 atmuntiantetn.
1979 5742 2093 5795 Vidi

2217 5557 2359 5609 enim
2385 5553 2572 5608 oculos
2616 5560 2822 5605 vestros
2863 5550 3214 5618 lacrymarum
3245 5545 3459 5599 ﬂumina
3491 5542 3753 5613 parturire
3793 5558 3809 5592 :

2211 5649 2317 5701 vidi
2359 5664 2422 5701 ex
2464 5647 2658 5700 alicctu
2695 5653 2877 5697 vestro
2916 5640 3241 5711 singulorum
3278 5639 3483 5692 animos
3511 5634 3811 5705 gemitihm

2204 5741 2445 5809 oppletos
2467 5748 2622 5808 atque
2649 5735 2907 5790 turbatos.
2943 5732 3068 5788 Ideo
3094 5733 3274 5787 statim
3296 5741 3452 5798 atque
3479 5727 3531 5781 id
3560 5725 3801 5781 animad~
