4058 6258
277 399 378 456 25'!

276 511 577 578 λολάτρας
623 512 912 580 γίνεσθαι,
948 516 1140 584 καθώς
1183 535 1348 587 ¹τινες
1389 521 1606 586 αὐτῶν,
1649 521 1850 592 ὥσπερ

277 596 621 664 γέποαπται·
665 596 972 652 Ἐκάθισεν
1012 603 1046 653 ό
1083 602 1234 668 λαὸς
1280 605 1494 674 φαγεῖν
1530 604 1630 659 καὶ
1672 605 1848 672 πιεῖν,

276 679 375 732 καὶ
415 679 765 759 ἀνέστησαν
813 681 1060 742 παίζειν.
1124 686 1263 756 Ὅρα
1317 687 1412 740 τοῦ
1478 689 1690 742 Παύλου
1723 683 1851 759 ’τὴν

276 759 514 843 σύνεσιν.
532 757 661 814 Εἶπε
679 765 772 832 τὴν
794 766 1084 834 ἁμαρτίαν,
1102 764 1222 820 εἷπε
1248 769 1345 841 τὴν
1367 772 1544 826 αἰτίαν
1559 773 1655 842 τῆς
1671 757 1850 843 ἁμαρ-

271 842 418 906 τίας,
448 841 566 897 εἷπε
588 843 683 916 τὴν
723 847 940 900 κόλασιν
968 849 1063 920 τὴν
1097 852 1189 903 ἐπὶ
1212 855 1276 922 τῇ
1305 855 1568 926 ἁμαρτίᾳ,
1597 841 1684 908 διὰ
1718 841 1851 908 πάν-

275 940 385 976 των
416 926 561 996 ἡμᾶς
613 927 879 981 παιδεύων
919 930 1141 999 φεύγειν
1194 936 1291 1004 τὴν
1337 936 1556 988 ἐκείνων
1597 937 1846 1006 μίμησιν.

275 1007 438 1059 Αἰτία
483 1011 582 1078 τῆς
627 1010 900 1080 ἁμαρτίας
943 1015 974 1082 ἡ
1011 1015 1315 1086 ἀδηφαγία·
1363 1016 1635 1070 Ἐκάθισε
1681 1018 1790 1088 γὰρ
1819 1021 1852 1070 ὁ

273 1091 428 1170 λαός
449 1091 660 1159 φαγεῖν
681 1093 776 1146 καὶ
801 1095 976 1148 πιεῖν.
996 1099 1058 1148 Ἡ
1081 1099 1348 1170 ἁμαρτία,
1377 1100 1505 1152 αὐτὸ
1531 1100 1590 1152 τὸ
1618 1099 1846 1165 παίζειν.

275 1168 411 1223 Εἶτα
440 1176 472 1242 ἠ
504 1175 758 1246 τιμωρία,
788 1177 868 1230 ὅτι
888 1168 1398 1248 Κατεστρώθησαν
1424 1183 1496 1235 ἐν
1529 1183 1604 1251 τῇ
1633 1185 1847 1252 ἐρήμῳ.

275 1255 468 1318 Πάλιν,
529 1257 697 1323 Μηδὲ
746 1263 1157 1330 πορνεύωμεν,
1210 1266 1402 1328 καθὼς
1451 1283 1610 1331 τινες
1655 1265 1850 1319 αὐτῶν

273 1337 676 1405 ἐπόρνευσαν.
723 1342 983 1396 Ἐνταῦοα
1010 1345 1108 1415 τὴν
1135 1347 1313 1398 αἰτίαν
1342 1349 1438 1418 τῆς
1474 1349 1726 1418 πορνείας
1753 1349 1850 1401 οὐκ

273 1419 495 1488 ἔθηκεν,
535 1423 670 1475 ἀλλὰ
701 1424 800 1494 τὴν
827 1429 1114 1498 τιμωρίαν.
1141 1429 1308 1481 Ποίαν
1335 1430 1392 1482 δὲ
1415 1429 1648 1501 ταύτην;
1685 1432 1853 1484 Ἔπε-

275 1517 398 1554 (for
422 1504 492 1556 ἐν
513 1503 620 1572 μιᾷ
665 1505 852 1573 ἡμέρῃ
899 1510 1248 1578 εἰκοσιτρεῖς
1292 1512 1576 1580 χιλιάδες.
1609 1513 1761 1574 Τίνος
1795 1513 1850 1565 δὲ

277 1583 441 1636 ἕνεκα
465 1584 565 1654 τὴν
607 1589 874 1657 πρόφασιν
907 1593 1004 1643 οὐκ
1029 1590 1201 1654 εἶπεν,
1227 1595 1320 1661 ἀφ’
1349 1589 1415 1664 ἧς
1453 1596 1484 1664 ἡ
1513 1595 1735 1666 πορνεία
1759 1595 1852 1662 γέ-

275 1682 401 1730 γονε
425 1686 438 1732 ;
475 1671 598 1732 Τοῖς
617 1671 920 1738 φιλοπόνοις
951 1674 1124 1738 διδοὺς
1152 1677 1242 1727 ἐπὶ
1267 1677 1364 1744 τὴν
1393 1678 1629 1747 ἱστορίαν
1656 1677 1846 1740 ἐλθεῖν,

275 1750 374 1802 καὶ
410 1751 599 1820 μαθεῖν
633 1753 724 1805 τοῦ
750 1754 919 1807 κακοῦ
950 1757 1049 1826 τὴν
1082 1757 1255 1828 ῥίζαν.
1283 1753 1446 1820 Οὗτος
1475 1759 1581 1830 γὰρ
1611 1759 1850 1830 ἰατρείας

273 1833 498 1903 τρόπος,
534 1835 593 1888 τὸ
639 1835 816 1903 λέγειν
851 1835 910 1900 ἐξ
943 1833 1016 1891 ὧν
1050 1840 1294 1892 τίκτεται
1326 1840 1394 1892 τὰ
1424 1843 1722 1910 νοσήματα,
1756 1842 1850 1894 καὶ

274 1917 546 1986 φάρμακα
577 1919 869 1971 ἐπιτιθέναι
899 1923 1012 1983 τοῖς
1045 1921 1340 1992 τραύμασι.
1369 1921 1466 1973 Διὰ
1497 1922 1653 1974 τοῦτό
1682 1940 1846 1993 φησι·

277 2001 474 2054 Ἰαῦτα
519 2000 588 2052 δὲ
643 2001 838 2054 πάντα
885 2005 1058 2057 τύποι
1103 2006 1465 2057 συνέϐαινον
1495 2017 1522 2043 ει
1573 2005 1844 2070 ἐκείνοις,

274 2081 504 2150 ἐγράφη
539 2085 606 2135 δὲ
635 2085 784 2151 πρὸς
811 2087 1135 2140 νουθεσίαν
1166 2085 1353 2155 ἡμῶν.
1382 2087 1542 2139 Ὥστε
1568 2089 1594 2139 ό
1621 2089 1850 2157 ποιήσας

272 2165 482 2228 ἐκεῖνα,
533 2167 626 2218 καὶ
675 2167 908 2229 κολάσας
951 2169 1076 2230 τοὺς
1125 2169 1636 2239 ἁγνωμονήσαντας,
1698 2165 1846 2233 οὗτος

271 2249 426 2316 ἡμᾶς
464 2249 703 2301 νουθετεί
735 2249 850 2310 νῦν,
877 2251 938 2302 οὐ
974 2250 1062 2304 διὰ
1092 2251 1351 2320 ῥημάτων
1393 2251 1571 2321 μόνον,
1598 2251 1730 2304 ἀλλὰ
1757 2254 1850 2304 καὶ

269 2331 344 2382 δι’
376 2331 554 2384 αὐτῶν
589 2334 697 2385 τῶν
735 2335 1094 2403 πραγμάτων,
1121 2335 1256 2406 ὅπερ
1285 2334 1540 2404 μέγιστός
1577 2338 1692 2388 ἐστι
1728 2352 1841 2387 νου-

274 2417 464 2480 θεσίας
505 2419 724 2488 τρόπος.
760 2415 912 2482 Εἶδες
942 2419 1058 2482 πῶς
1083 2423 1195 2482 τοῖς
1233 2424 1289 2472 ἐν
1339 2423 1400 2490 τῇ
1435 2421 1618 2490 χάριτι.
1663 2421 1752 2474 τὸν
1791 2425 1848 2474 ἐν

269 2507 342 2574 τῇ
373 2504 585 2575 Παλαιᾷ
626 2505 800 2559 ταῦτα
849 2509 1147 2576 ποιήσαντα
1189 2505 1504 2558 διδάσκαλον
1556 2506 1844 2578 ἐπέστησε,

270 2589 492 2648 δεικνὺς
522 2589 602 2640 ὅτι
630 2583 708 2651 εἷς
749 2591 863 2640 ἐστι
897 2590 988 2642 καὶ
1019 2589 1047 2641 ὁ
1073 2589 1255 2652 αὐτὸς,
1284 2591 1312 2641 ὁ
1351 2591 1445 2642 καὶ
1479 2590 1660 2643 ἐκεῖνα
1690 2593 1848 2661 ποιή-

274 2687 400 2732 σας,
428 2671 714 2724 καὶταῦτα
751 2672 816 2724 δι’
851 2671 1015 2724 αὐτοῦ
1044 2671 1448 2741 φθεγγόμενος;
1471 2673 1534 2724 Εἰ
1559 2672 1667 2744 γὰρ
1697 2673 1850 2726 ἀλλό-

271 2771 424 2822 τριος
448 2748 534 2826 ἦν,
559 2755 658 2806 οὐκ
689 2755 870 2808 ἐκεῖνα
898 2754 1102 2807 τούτων
1125 2755 1326 2816 τύπους
1355 2755 1631 2820 ἐκάλεσεν,
1661 2756 1761 2808 οὐκ
1783 2755 1848 2809 ἂν

273 2837 360 2899 εἰς
400 2836 676 2890 νουθεσίαν
705 2837 860 2907 ἡμῶν
898 2837 1035 2890 αὐτὰ
1072 2838 1378 2908 γεγράφθαι
1423 2834 1596 2900 εἶπεν,
1645 2840 1746 2892 οὐκ
1784 2839 1849 2894 ἃν

273 2917 596 2971 διδάσκαλον
638 2921 768 2988 ἡμῖν
810 2919 1129 2988 ἐπέστησεν,
1178 2919 1235 2972 ὃν
1275 2921 1374 2974 οὐκ
1426 2921 1672 2990 ἐνόμιζεν
1712 2918 1848 2974 εἶναι

273 3001 431 3066 Θεὸν,
471 3003 571 3055 οὐκ
609 3001 675 3054 ἂν
707 3002 814 3054 ἀπὸ
846 3001 954 3054 τῶν
994 3002 1084 3053 ὑπ’
1132 3002 1340 3055 ἐκείνου
1383 3004 1688 3072 γενομένων
1728 3003 1848 3055 τότε

275 3085 426 3152 ἡμᾶς
441 3085 726 3153 ἐφόϐησεν,
747 3083 821 3146 ὡς
839 3083 988 3155 [259]
1007 3085 1084 3145 εἰς
1107 3083 1206 3148 τὰς
1221 3084 1428 3136 ἐκείνου
1445 3084 1605 3136 πάλιν
1625 3085 1845 3153 μέλλον-

273 3185 376 3230 τας
413 3169 704 3237 ἐμπίπτειν
745 3170 948 3236 χεῖρας.
981 3166 1094 3218 Νῦν
1135 3167 1192 3218 δὲ
1235 3167 1466 3228 δεικνὺς,
1501 3168 1579 3219 ὅτι
1629 3169 1708 3230 εἰς
1751 3167 1848 3232 τὰς

275 3249 490 3302 ἐκείνου
525 3249 790 3320 μέλλομεν
809 3249 1102 3319 ἐμπίπτειν
1126 3248 1286 3302 πάλιν
1313 3251 1517 3319 χεῖρας,
1544 3250 1636 3302 καὶ
1657 3249 1848 3304 ἑκάτε-

341 3353 371 3381 ⁴¹
395 3349 495 3400 Διίί
514 3349 668 3400 πάντα
693 3351 830 3398 τύποι
855 3351 1140 3398 συνέϐαινον.
1163 3349 1218 3397 In
1242 3349 1352 3398 aliis
1373 3349 1511 3399 τύποι
1532 3352 1692 3400 deest.

1127 419 1198 475 IN
1235 420 1490 480 DIC'I'UM
1523 423 1748 488 PAULI,
1781 419 2103 478 OPORTET
2145 375 2486 482 lliERESES
2527 422 2720 480 ESSE.

1955 541 2047 595 ’ρος
2065 525 2098 579 ’δ
2129 525 2273 590 λαὸς,
2289 525 2537 588 κάκεῖνος
2559 525 2653 579 καὶ
2680 519 2852 590 οὗτος,
2888 527 2999 588 τοῖς
3033 521 3236 577 ἐκείνου
3267 523 3524 578 διοικοῦνο

1953 625 2042 659 ται
2093 607 2297 678 νόμοις,
2335 607 2605 676 ἀνέμνησε
2663 607 2878 660 πάντων
2920 607 3160 670 ἐκείνων,
3198 607 3291 659 καὶ
3348 604 3521 674 εἶπεν,

1954 690 2036 742 ὅτι
2065 690 2214 756 Πρὸς
2243 689 2566 742 νουθεσίαν
2597 687 2766 756 ’ἡμῶν
2790 688 3037 757 ἐγράφη.
3075 688 3254 741 Ταῦτα
3279 685 3370 742 οὖν
3399 689 3526 742 εἰδό·

1953 789 2063 834 τες,
2093 775 2205 833 τοῖς
2237 788 2296 823 τε
2339 769 2686 841 παρελθοῦσι,
2715 773 2828 834 τοῖς
2861 789 2921 823 τε
2964 770 3214 841 μέλλουσι
3255 771 3524 824 πιστεύω-

1957 873 2075 926 μεν.
2111 855 2209 906 Ἂν
2237 854 2294 906 δέ
2321 871 2462 916 τινες
2489 847 2620 906 ὦσιν
2643 856 2695 905 οἱ
2717 857 2830 916 τοῖς
2861 855 3140 924 μέλλουσιν
3161 855 3220 906 οὐ
3247 856 3526 907 πιστεύον-

1951 955 2062 1000 τες,
2095 937 2202 990 ἁπὸ
2233 937 2340 990 τῶν
2380 936 2754 1007 παρελθόντων
2785 937 2978 999 αὐτοὺς
3004 937 3284 1006 ἐνάγωμεν
3319 939 3396 1000 εἰς
3425 937 3524 1008 τὴν

1951 1020 2051 1088 τῆς
2097 1020 2300 1089 ἀρετῆς
2342 1019 2654 1088 ἐπιμέλειαν
2691 1018 2760 1070 τὰ
2783 1018 2924 1071 κατὰ
2948 1019 3073 1082 τοὺς
3113 1018 3406 1088 Σοδομίτας
3443 1020 3523 1074 δι-

1947 1101 2259 1172 ηγούμενοι,
2305 1100 2372 1152 τὰ
2417 1101 2556 1153 κατὰ
2577 1100 2669 1153 τὸν
2719 1101 3101 1170 κατακλυσμὸν
3141 1101 3408 1169 λέγοντες,
3456 1103 3525 1154 τὰ

1953 1184 2091 1236 κατὰ
2123 1184 2150 1222 δ
2184 1184 2282 1252 τὴν
2303 1183 2574 1249 Αἴγυπτον
2604 1184 3126 1253 ἀναμιμνήσκοντες,
3158 1184 3244 1236 ἶνα
3269 1187 3392 1248 ’ταῖς
3415 1185 3524 1236 ’ἐτέο

1957 1285 2062 1336 ρων
2099 1265 2551 1336 σωφρονισθέντες
2577 1266 2848 1330 κολάσεσι,
2883 1267 2976 1318 καὶ
3013 1265 3124 1334 βίον
3157 1265 3378 1336 ἄριστον
3405 1269 3524 1320 ἐπι-

1951 1348 2272 1418 δειξάμενοι,
2323 1349 2416 1398 καὶ
2443 1349 2533 1399 τὸν
2560 1349 2685 1418 περὶ
2717 1349 2814 1417 τῆς
2855 1349 3078 1417 γεέννης
3116 1348 3208 1400 καὶ
3249 1349 3349 1418 τῆς
3389 1350 3523 1401 ἀνα-

1954 1431 2192 1493 στάσεως
2220 1429 2474 1494 δέξωνται.
2507 1429 2681 1496 λόγον.
2729 1429 2880 1481 Ἑπεὶ
2913 1431 3006 1482 καὶ
3035 1429 3129 1482 νῦν
3158 1431 3272 1482 ὅσοι
3300 1435 3362 1502 τῇ
3406 1433 3524 1500 κρί-

1955 1529 2034 1565 σει
2063 1511 2451 1572 διαπιστοῦσιν,
2482 1511 2778 1581 οὐδαμόθεν
2811 1511 3093 1583 ἑτέρωθεν,
3121 1512 3234 1563 ἀλλ’
3266 1514 3375 1565 ἀπὸ
3407 1513 3522 1582 βίου

1951 1595 2342 1665 διεφθαρμένου
2379 1594 2474 1646 καί¹
2507 1594 2744 1663 πονηροῦ
2775 1593 3071 1656 συνειδότος
3101 1594 3260 1646 τοῦτο
3288 1595 3525 1664 πάσχου-

1953 1695 2056 1730 σιν.
2094 1679 2256 1729 Ὢστε
2284 1677 2377 1730 ἐὰν
2424 1676 2818 1745 ἐκκαθάρωμεν
2846 1676 3052 1729 ἑαυτῶν
3085 1675 3183 1740 τὰς
3230 1677 3520 1746 ἁμαρτίας,

1953 1761 2046 1814 καὶ
2083 1761 2160 1829 τῷ
2209 1760 2358 1829 φόϐῳ
2417 1757 2526 1811 τῶν
2575 1759 2948 1828 παρελθόντων
2991 1759 3386 1830 παιδεύσωμεν,
3433 1760 3525 1814 καὶ

1955 1861 2022 1896 πε
2031 1847 2082 1913 ρὶ
2113 1844 2218 1897 τῶν
2245 1843 2540 1912 μελλόντων
2558 1843 2816 1912 πείσομεν
2834 1842 3084 1905 δέξασθαι
3106 1843 3279 1910 λόγον.
3314 1844 3522 1915 Ὥσπερ

1951 1926 2059 1995 γὰρ
2082 1927 2326 1995 δόγματα
2349 1927 2556 1995 πονηρὰ
2580 1925 2691 1994 βίον
2721 1926 3026 1996 ἀκάθαρτον
3052 1928 3287 1994 εἰσάγειν
3311 1926 3519 1986 εἴωθεν,

1951 2007 2092 2060 οὕτω
2127 2009 2218 2060 καὶ
2239 2007 2628 2077 διεφθαρμένος
2656 2007 2766 2076 βίος
2801 2009 3063 2077 πονηρίαν
3086 2008 3368 2076 δογμάτων
3397 2007 3524 2060 πολ-

1951 2090 2106 2153 λάκις
2145 2090 2348 2143 ἔτεκεν.
2387 2091 2561 2154 Ὅπερ
2608 2091 2692 2142 ἵνα
2734 2089 2807 2159 μὴ
2845 2088 3090 2158 γένηται,
3127 2091 3220 2142 καὶ
3257 2091 3385 2159 ἡμῖν
3421 2090 3519 2143 αὐ·-

1949 2177 2081 2238 τοίς,
2111 2175 2204 2227 καὶ
2233 2175 2340 2236 τοῖς
2368 2171 2546 2236 ἄλλοις
2567 2173 2736 2225 ταῦτα
2769 2173 3160 2243 κατεπᾴδοντες
3184 2171 3250 2224 τὰ
3285 2173 3520 2242 ῥήματα,

1950 2259 2050 2327 τήν
2081 2273 2140 2309 τε
2181 2255 2344 2326 ὀρθὴν
2376 2256 2556 2308 πίστιν
2585 2255 2923 2325 διαμένωμεν
2973 2254 3206 2324 ἔχοντες,
3241 2254 3336 2306 καὶ
3368 2253 3522 2306 πολι-

1949 2339 2098 2392 τείαν
2123 2339 2351 2408 ἀρίστην
2379 2337 2790 2407 ἐπιδειξώμεθα,
2816 2335 3002 2406 ἐπειδὴ
3037 2334 3369 2404 πανταχόθεν
3391 2336 3525 2405 ἡμῖν

1949 2425 1978 2476 ό
2015 2422 2168 2488 λόγος
2218 2419 2516 2484 ἀπέδειξεν,
2545 2421 2626 2473 ὅτι
2675 2419 2878 2491 ταύτης
2925 2419 3095 2489 χωρὶς
3139 2419 3288 2471 οὐδὲν
3331 2417 3522 2485 ὄφελος

1949 2507 2081 2575 ἡμῖν
2102 2502 2276 2572 ὀρθῶν
2303 2503 2607 2573 δογμάτων.
2642 2503 2856 2555 Γένοιτο
2893 2501 2952 2554 δέ
2981 2501 3166 2569 εὐχαῖς
3196 2500 3303 2550 τῶν
3327 2499 3519 2566 ἁγίων,

1951 2589 2046 2640 καὶ
2088 2586 2197 2638 τῶν
2239 2585 2514 2658 προέδρων
2551 2585 2824 2649 ἁπάντων,
2871 2584 2970 2654 τήν
3005 2599 3066 2634 τε
3109 2579 3375 2651 ὀρθότητα
3411 2579 3522 2633 τῶν

1949 2669 2254 2737 δογμάτων,
2280 2668 2346 2736 ἣν
2372 2667 2578 2720 ἄνωθεν
2604 2667 2698 2718 καὶ
2725 2669 2788 2718 ἐκ
2813 2665 3091 2736 προγόνων
3115 2662 3518 2733 παρελάϐομεν,

1949 2751 2204 2820 ἀκέραιον
2219 2750 2563 2820 διατηρῆσαι,
2580 2750 2672 2802 καὶ
2690 2750 2802 2819 βίον
2827 2751 2963 2820 αὐτῇ
2980 2766 3040 2800 συ
3050 2746 3341 2817 μϐαίνοντα
3359 2761 3519 2816 προσ-

1951 2833 2139 2898 θεῖναι,
2165 2833 2252 2885 ἵνα
2295 2831 2402 2884 τῶν
2437 2833 2859 2902 ἐπηγγελμένων
2909 2829 3126 2898 ἀγαθῶν
3156 2828 3518 2896 ἐπιτύχωμεν,

1951 2915 2133 2985 χάριτι
2191 2913 2284 2967 καὶ
2331 2915 2706 2984 φιλανθρωπίᾳ
2745 2913 2839 2966 τοῦ
2889 2912 3095 2983 Κυρίου
3145 2909 3303 2981 ἡμῶν
3344 2907 3519 2979 Ἰησοῦ

1955 2995 2212 3068 Χριστοῦ,
2251 2996 2367 3067 μεθ’
2390 2991 2451 3050 οὗ
2479 2995 2557 3065 τῷ
2583 2996 2779 3066 Πατρὶ,
2808 2996 2924 3067 ἅμα
2945 2997 3022 3065 τῷ
3052 2995 3191 3066 ἁγίῳ
3219 2993 3519 3065 Πνεύματι,

1953 3081 2100 3148 δόξα,
2127 3081 2345 3152 κράτος,
2365 3080 2524 3150 τιμὴ,
2555 3079 2649 3134 νῦν
2681 3081 2774 3135 καὶ
2806 3079 2916 3142 ἀεὶ,
2947 3080 3038 3134 καὶ
3060 3081 3139 3142 εἰς
3162 3079 3288 3142 τοὺς
3321 3079 3521 3142 αἰῶνας

1952 3164 2062 3218 τῶν
2086 3163 2313 3218 αἰώνων.
2357 3163 2548 3232 Ἀμὴν.

2013 3347 2050 3390 δ
2083 3347 2182 3398 Alii
2198 3350 2293 3397 τῶν
2311 3346 2451 3395 κατά.

815 3505 3510 3544 W

1051 3839 1430 3904 OPORTET
1485 3837 1870 3900 HJEBESES
1909 3837 2100 3900 ESSE
2147 3833 2227 3898 1N
2285 3830 2554 3908 VOBIS,
2597 3850 2737 3894 ETC.

273 4061 388 4120 hoc
411 4063 532 4118 loco
564 4059 764 4118 Paulus
797 4071 1210 4125 commemorat.
1234 4078 1342 4118 non
1377 4062 1606 4118 dissidia
1635 4063 1781 4116 circa
1821 4061 1980 4118 fidem
2008 4068 2064 4114 et
2099 4060 2350 4128 dogmata
2395 4058 2668 4124 indicare;
2718 4057 2813 4114 sed
2855 4057 3144 4113 Scussums
3177 4053 3300 4110 illas
3321 4095 3336 4122 ,
3371 4057 3525 4126 queis

279 4179 334 4232 in
361 4178 638 4232 communi
674 4193 738 4232 ac
761 4178 1042 4234 Dominica
1073 4195 1262 4235 mensa
1309 4180 1508 4236 divites
1547 4194 1668 4236 sese
1706 4195 1735 4234 a
1780 4179 2112 4250 pauperibus
2149 4178 2600 4247 sequestrabant,
2635 4187 2697 4232 ut
2734 4179 2964 4234 seorsim
3007 4179 3186 4235 cibum
3226 4183 3523 4240 sumerent,

279 4289 338 4344 in
389 4304 534 4358 quos
585 4289 705 4346 ideo
756 4291 1032 4346 invehitur
1066 4291 1378 4361 Apostolus.
1428 4289 1656 4344 Demum
1709 4297 1998 4360 postquam
2053 4289 2474 4358 Chrysostomus
2529 4289 2722 4356 priscae
2781 4287 3034 4344 Ecclesiae
3107 4287 3410 4343 mirabilem
3465 4285 3524 4344 in

281 4416 474 4458 mensa
499 4405 776 4458 communi
802 4405 968 4459 ritum
1007 4387 1263 4475 graphice
1295 4402 1608 4471 descripsit,
1643 4409 1698 4456 et
1741 4401 1810 4455 ad
1851 4416 2152 4472 pauperum
2199 4398 2602 4469 suscipiendam
2649 4413 2839 4454 curam
2874 4401 3124 4453 hortatus
3169 4406 3290 4464 est,
3323 4397 3528 4452 oratio-

285 4531 408 4574 nem
438 4519 666 4575 claudit.

359 4652 554 4712 lncerti
577 4656 1079 4728 interpretationem
1107 4657 1379 4723 Latinam,
1417 4663 1602 4728 utpote
1627 4671 1736 4710 non
1761 4667 2098 4724 accuratam,
2127 4656 2439 4729 rejecimus.
2476 4667 2783 4726 novamque
2807 4653 3216 4710 adornavimus.

1011 5119 1158 5191 βω)
1201 5130 1372 5215 ΕΙΣ
1418 5131 1566 5215 ΤΟ
1619 5125 2426 5214 ΑΠΟΣΤΟΛΙΚΟΝ
2487 5132 2857 5216 1³ΗΤΟΝ

598 5294 672 5350 Τὸ
702 5296 910 5365 λόγον·
960 5314 978 5346 ι
1017 5293 1117 5348 Δεῖ
1137 5293 1204 5347 δὲ
1233 5293 1330 5346 καί
1358 5291 1619 5365 αἱρέσεις
1643 5287 1794 5345 εἶναι
1821 5291 1892 5344 ἐν
1921 5290 2085 5359 ὑμῖν,
2111 5292 2210 5345 ἵνα
2241 5295 2296 5346 οἱ
2327 5292 2556 5362 δόκιμοι
2589 5295 2832 5364 φανεροί
2871 5295 3172 5364 γένωνται.
3215 5313 3235 5346 ι

357 5533 426 5583 α’.
443 5525 665 5592 Ἰκανῶς
689 5523 880 5598 πρώην
899 5527 1032 5596 ἡμῖν
1047 5523 1405 5596 διεθερμάνθη
1429 5523 1486 5578 τὸ
1501 5526 1866 5595 πνευματικὸν
1973 5527 2278 5600 συμφοράς.
2315 5529 2426 5581 Καὶ
2453 5529 2561 5598 γὰρ
2589 5527 2726 5582 εῐδον
2752 5527 2903 5599 ὑμῶν
2926 5529 3050 5593 τοὺ(⁵
3085 5527 3397 5598 ὀφθαλμοὺς
3415 5527 3540 5582 τότε

281 5609 450 5664 τοῦτο
489 5609 738 5680 θέατρον,
762 5610 852 5662 ὅτε
894 5607 992 5679 τὴν
1029 5605 1384 5680 Ἰερουσαλὴμ
1419 5607 1712 5680 εἰσήγαγον
1739 5609 1864 5678 ὑμῖν
1969 5608 2254 5675 ὠδίνοντας
2283 5609 2468 5679 πηγὰς
2500 5610 2714 5679 ἀφιέναι
2735 5609 3014 5681 δακρύωνο
3040 5607 3199 5676 εἶδον,
3225 5610 3283 5678 ἐξ
3311 5603 3388 5666 ὧν
3411 5614 3536 5666 tm

284 5691 368 5760 τῷ
391 5687 544 5761 λόγῳ
573 5691 894 5763 θρηνοῦσαν,
927 5691 1020 5744 καὶ
1045 5689 1144 5756 τὰς
1187 5689 1395 5754 οἰκείας
1439 5685 1864 5759 ἐξαγγέλλουσαν
1972 5709 2118 5764 σχον,
2142 5691 2241 5764 τὴν
2275 5691 2506 5747 ἑκάστου
2535 5691 2773 5748 διάνοιαν
2797 5689 3120 5766 ὀλοφυρμῶν
3143 5692 3419 5764 γέμουσαν
3445 5691 3538 5748 καὶ
3643 5771 3650 5778 Ι

626 5810 892 5867 Ριιτιιοι..
929 5810 1044 5866 Gn.
1090 5811 1182 5866 LI.

3131 5801 3206 5864 16
