4058 6258
598 425 720 483 ’ἳίςῦ

619 541 1041 613 συγκεχυμένην.
1060 542 1160 596 Διὸ
1179 546 1270 598 καὶ
1293 546 1504 615 ταχέως
1526 546 1844 620 αἰσθόμενος
1871 549 2181 605 συνέστειλα

614 624 714 696 τὴν
734 624 1057 695 τραγῳδίαν,
1085 626 1307 698 ἥρπασα
1334 630 1397 681 ἐκ
1422 629 1514 682 τοῦ
1543 630 1709 700 μέσου
1737 632 1827 685 τὸν
1846 632 2023 701 λόγον,
2046 631 2184 685 ὥστε

615 706 707 760 τὸν
740 705 934 778 θρῆνον
978 710 1183 762 ἐκεῖνον
1220 710 1321 780 τῆς
1366 711 1596 765 ἑκάστου
1650 714 1875 786 καρδίας
1917 716 2184 786 ἐκρήγνυ-

618 789 742 842 σθαι
781 789 1041 859 μέλλοντα
1075 797 1494 864 προκατασχεῖν.
1526 795 1686 867 Ψυχὴ
1714 797 1822 869 γάρ
1855 796 2040 852 πένθει
2084 814 2186 850 κα-

615 870 954 940 τασχεθεῖσα,
986 871 1109 926 οὔτε
1150 876 1345 943 εἰπεῖν,
1375 876 1495 930 οὔτε
1535 878 1764 932 ἀκοῦσαί
1796 897 1847 932 τι
1883 878 2084 932 δύναιτ’
2120 879 2187 932 ἂν

616 955 786 1022 ύγιές.
815 953 970 1019 Τίνος
999 951 1091 1011 οὖν
1120 957 1305 1012 ἕνεκεν
1328 959 1551 1014 ἐκείνων
1576 961 1719 1032 ὑμᾶς
1747 963 2025 1033 ἀνέμνησα
2053 960 2147 1015 νῦν
2170 977 2185 1025 ;

619 1038 739 1091 ’Ότι
767 1039 863 1093 καὶ
891 1038 959 1092 τὰ
1005 1042 1243 1113 σήμερον
1284 1043 1614 1115 ῥηθήσεσθαι
1659 1044 1918 1115 μέλλοντα
1949 1043 2186 1114 συγγενῆ

614 1118 724 1171 τῶν
755 1120 874 1173 τότε
935 1124 1239 1193 εἰρημένων
1273 1127 1437 1179 ἐστίν.
1468 1126 1678 1198 Ὥσπερ
1722 1127 1830 1199 γάρ
1880 1128 2061 1180 ἐκεῖνα
2089 1125 2188 1196 τὴν

617 1204 674 1255 ἐν
700 1202 779 1273 τῷ
819 1203 918 1276 βίῳ
965 1207 1234 1277 ῥαθυμίαν
1277 1209 1432 1279 ἡμῶν
1462 1209 1763 1274 ἀνέστελλε,
1796 1210 1890 1262 καλ⁵
1937 1208 2034 1279 τὴν
2078 1207 2188 1260 ὀλι-

617 1285 824 1355 γωρίαν
857 1285 955 1357 τὴν
989 1288 1116 1358 περὶ
1160 1289 1228 1343 τά
1268 1291 1519 1362 πρακτέα
1556 1291 1808 1362 διώρθου,
1847 1290 1990 1344 οὕτω
2025 1290 2090 1360 δὴ
2119 1288 2186 1343 τά

622 1365 967 1438 ῥηθησόμενα
1001 1369 1094 1424 νῦν
1117 1372 1244 1442 περὶ
1281 1373 1379 1443 τὴν
1406 1372 1514 1426 τῶν
1539 1373 1823 1444 δογμάτων
1846 1372 2049 1443 ἀκριϐῆ
2081 1387 2186 1423 πα-

622 1450 922 1520 ρατήρησιν
961 1453 1393 1525 ἀσφαλεστέρους
1434 1457 1580 1526 ἡμᾶς
1624 1456 1958 1527 ἐργάσασθαι
1984 1454 2184 1508 δύναιτ’

621 1530 686 1583 ἄν
700 1546 715 1563 ·
745 1532 886 1586 ὥστε
916 1533 975 1599 ἐξ
996 1536 1250 1589 ἁπάντων
1271 1537 1705 1608 ἀπηρτισμένους
1729 1533 1983 1603 εἶναι,εῷ
2001 1535 2189 1604 ἄνδρα

621 1612 872 1682 τέλειον,
902 1618 989 1682 εὶς
1012 1617 1232 1685 μέτρον
1275 1619 1514 1687 ἡλικίας
1581 1620 1875 1689 φθάνοντας
1925 1619 2067 1673 κατά
2099 1619 2189 1672 τὸν

624 1695 764 1750 θεῖον
794 1698 1132 1753 Ἀπόστολον.
1161 1701 1292 1755 Τότε
1318 1702 1378 1756 τὸ
1394 1703 1552 1772 σῶμα
1580 1705 1708 1773 ὑμῖν
1725 1701 2189 1775 ἐθεραπεύσαμεν,

623 1776 716 1831 νῦν
747 1780 844 1849 τὴν
872 1782 1109 1855 κεφαλὴν
1137 1784 1454 1856 ἰατρεύομεν
1478 1804 1491 1817 ·
1520 1786 1639 1838 τότε
1680 1785 1765 1839 διὰ
1788 1785 1896 1839 τῶν
1927 1784 2189 1857 Ἰερεμίου

623 1858 818 1927 λόγων,
850 1863 943 1917 νῦν
970 1866 1057 1919 διὰ
1084 1865 1189 1920 τῶν
1216 1866 1313 1920 τοῦ
1348 1868 1560 1922 Παύλου
1591 1868 1860 1940 ῥημάτων.

697 1943 827 1998 Τίνα
849 1941 940 1999 οὖν
967 1949 1080 2001 ἐστι
1111 1949 1177 2001 τὰ
1209 1949 1421 2004 Παύλου
1454 1952 1696 2022 ῥήματα,
1724 1951 1760 2005 ἂ
1797 1951 2036 2021 σήμερον
2059 1950 2192 2020 ἡμῖν

624 2025 1018 2097 ἐξεργάσασθαι
1049 2032 1359 2103 πρόκειται;
1381 2033 1481 2087 Δεῖ
1506 2034 1573 2088 δὲ
1601 2036 1698 2088 καὶ
1741 2033 1993 2103 αἱρέσεις
2017 2030 2188 2098 εἶναι,

626 2111 809 2178 φησὶν,
835 2111 904 2165 ἐν
939 2113 1099 2182 ὑμῖν,
1130 2115 1229 2170 ἵνα
1268 2119 1323 2169 οἱ
1371 2116 1601 2187 δόκιμοι
1629 2118 1871 2187 φανεροὶ
1912 2117 2192 2188 γένωνται

623 2192 694 2244 ἐν
733 2194 890 2263 ὑμῖν.
923 2197 998 2248 Οὐ
1029 2199 1222 2269 μικρὸν
1256 2198 1317 2251 τὸ
1348 2199 1689 2271 ζητούμενον.
1725 2201 1788 2254 El
1813 2202 1920 2272 γὰρ
1954 2200 2191 2271 συμϐουο

624 2274 794 2328 λεύων
822 2277 981 2330 τοῦτό
1011 2298 1174 2351 φησιν
1201 2284 1228 2334 ὁ
1256 2282 1483 2347 Παῦλος,
1518 2284 1613 2337 καὶ
1641 2283 1721 2336 δεῖ
1762 2284 2000 2354 αἱρέσεις
2027 2277 2190 2347 εἶναι,

625 2357 855 2412 ἀναίτιοι
883 2361 933 2412 οί
981 2362 1077 2425 τὰς
1105 2365 1341 2432 αἱρέσεις
1389 2366 1718 2434 εἰσάγοντες.
1771 2366 1909 2419 Ἀλλ’
1954 2366 2048 2419 οὐκ
2078 2364 2192 2417 ἔστι

624 2438 805 2500 τοῦτο,
829 2442 929 2495 οὑκ
969 2442 1147 2498 ἐστιν’
1179 2448 1240 2499 ού
1283 2448 1392 2517 γὰρ
1439 2448 1896 2518 συμϐουλεύοντος
1936 2447 1996 2500 τὸ
2044 2446 2195 2519 ῥῆμά

629 2523 799 2585 ἐστιν,
849 2525 988 2578 ἀλλά
1036 2528 1096 2580 τὺ
1147 2528 1337 2599 μέλλον
1390 2531 1766 2601 προλέγοντος.
1815 2530 2028 2601 Ὥσπερ
2084 2528 2193 2599 γὰρ

633 2604 832 2675 ἰατρὸς,
864 2607 1002 2677 ὁρῶν
1031 2610 1122 2662 τὸν
1151 2612 1423 2681 κάμνοντα
1444 2612 1718 2684 ἀδηφαγίᾳ
1748 2613 1840 2665 καὶ
1866 2612 2002 2683 μέθῃ
2029 2627 2195 2681 προσ-

630 2685 820 2756 έχοντα
845 2691 935 2743 καὶ
961 2691 1164 2762 ἑτέροις
1205 2694 1619 2765 κεκωλυμένοις,
1641 2696 1804 2767 φησιν
1845 2695 1927 2748 ὅτι
1951 2698 2048 2765 τὴν
2073 2695 2194 2746 ἀτα-

634 2768 748 2833 ξίαν
769 2773 970 2844 ταύτην
998 2775 1079 2828 δεῖ
1103 2776 1332 2846 πυρετὸν
1361 2781 1556 2842 τεκεῖν,
1586 2778 1705 2849 ούχὶ
1725 2778 2049 2849 νομοθετῶν,
2073 2777 2195 2831 οὐδὲ

634 2854 1033 2928 συμϐουλεύων,
1063 2859 1176 2912 ἀλλ’
1206 2861 1269 2913 ἐκ
1300 2860 1407 2914 τῶν
1432 2861 1715 2933 παρόντων
1744 2861 1804 2915 τὸ
1835 2861 2026 2932 μέλλον
2058 2858 2195 2931 μετὰ

633 2937 872 3006 σκέψεως
901 2940 1206 3012 προλέγων
1244 2944 1335 2995 καὶ
1369 2943 1611 3014 γεωργὸς
1643 2944 1823 3010 πάλιν,
1857 2944 1891 3015 ἢ
1927 2944 2194 3015 κυϐερνή-

629 3037 730 3091 της
759 3023 899 3094 ὁρῶν
919 3024 1093 3094 νεφῶν
1122 3027 1425 3098 συνδρομάς
1449 3029 1543 3081 καὶ
1566 3027 1793 3099 βροντάς
1824 3031 2196 3101 καταρρηγνυ-

635 3106 800 3174 μένας
839 3108 976 3176 μετά
1004 3109 1319 3178 ἀστραπῶν,
1351 3112 1512 3180 φησὶν
1544 3111 1624 3164 ὅτι
1656 3111 1827 3164 δεῖτά
1861 3111 1997 3181 νέφη
2026 3112 2196 3166 ταῦτα

630 3190 808 3241 τεκεῐν
834 3188 984 3243 ὑετὸν
1017 3190 1111 3243 καὶ
1150 3190 1353 3262 ὄμϐρον
1383 3192 1629 3263 σφοδρὸν,
1658 3193 1779 3247 οὐδὲ
1808 3189 1961 3256 οὗτος
1995 3211 2194 3263 παραιο

632 3268 760 3333 νῶν,
788 3270 921 3325 ἀλλά
947 3273 1009 3325 τὸ
1034 3272 1288 3342 ἐσόμενον
1311 3276 1711 3343 προαναφωνῶν
1735 3291 1748 3305 ·
1773 3274 1915 3328 οὕτω
1942 3278 2033 3330 καὶ
2059 3276 2197 3329 Παῦο

634 3350 723 3414 λος
753 3352 836 3415 τὸ,
859 3353 975 3419 Δεῖ,
1011 3354 1239 3410 τέθεικε.
1276 3357 1538 3421 Πολλάκις
1571 3359 1700 3428 γοῦν
1723 3359 1815 3413 καὶ
1845 3360 2003 3429 ἡμεῖς
2025 3360 2193 3428 ὀρῶν-

632 3450 724 3498 τες
768 3435 1087 3507 ἀνθρώπους
1120 3440 1364 3513 ἀλλήλοις
1404 3443 1877 3515 συρῤηγνυμένους
1902 3443 1994 3497 καὶ
2033 3442 2194 3513 χαλε-

633 3520 760 3583 παῖς
781 3520 1005 3585 έαυτοὺς
1034 3521 1327 3587 πλύνοντας
1353 3522 1660 3595 λοιδορίαις,
1683 3523 1933 3595 λέγομεν,
1950 3525 2042 3580 Δεῖ
2058 3543 2121 3580 συ
2129 3543 2195 3596 μ-

634 3601 909 3672 πληγάδας
949 3605 1199 3679 γενέσθαι
1248 3606 1471 3671 τούτους
1525 3608 1619 3661 καὶ
1669 3608 2076 3676 φυλακίζεσθαι,
2131 3610 2192 3662 οὐ

636 3685 1087 3756 συμϐουλεύοντες
1118 3691 1236 3744 οὐδὲ
1272 3692 1451 3761 ἡμεῖς,
1482 3691 1599 3745 οὐδὲ
1629 3691 2015 3764 παραινοῦντες
2054 3695 2195 3746 ἐκεί-

632 3768 926 3839 νοις,(πῶς
973 3772 1135 3842 γάρ;)
1181 3772 1296 3825 ἀλλ’
1339 3773 1446 3827 ἀπὸ
1477 3772 1570 3826 τοῦ
1615 3774 1879 3844 παρόντος
1907 3775 1967 3828 τὸ
2003 3775 2195 3845 μέλλον

633 3851 1032 3923 στοχαζόμενοι.
1061 3855 1216 3908 Οὕτω
1258 3855 1321 3926 δὴ
1362 3856 1458 3909 καὶ
1500 3858 1526 3909 ό
1557 3855 1766 3919 Παῦλος
1816 3856 1936 3926 οὐχὶ
1966 3856 2199 3927 συμϐουο

631 3935 803 3990 λεύων
831 3937 1001 3992 ταῦτά
1033 3956 1215 4010 φησιν,
1245 3942 1326 3994 ὅτι
1348 3940 1449 3994 Δεῖ
1465 3941 1558 3994 καὶ
1593 3939 1852 4016 αἱρέσεις
1867 3941 1937 3993 ἐν
1962 3940 2099 4009 ὑμῖν
2122 3941 2194 3994 εῖ-

632 4034 749 4083 ναι,
790 4020 923 4074 άλλά
966 4023 1371 4091 προαναφωνῶν
1404 4024 1497 4075 καὶ
1529 4022 1883 4093 προφητεύων
1911 4023 1970 4076 τὸ
2006 4023 2196 4094 μέλλον

630 4101 847 4157 ἔσεσθαι
905 4105 1026 4158 Ὅτι
1075 4104 1185 4174 γὰρ
1227 4105 1287 4156 οὐ
1343 4106 1695 4174 συμϐουλεύει
1748 4108 1987 4177 αἱρέσεις
2033 4103 2195 4173 εἶναι,

632 4186 792 4247 αὐτός
819 4188 965 4239 ἐστιν
987 4189 1016 4238 ό
1036 4186 1228 4254 λέγων,
1258 4187 1340 4239 ὅτι
1373 4186 1498 4242 Κᾶν
1518 4188 1771 4258 ἅγγελος
1792 4188 1948 4258 ὑμᾶς
1977 4201 2002 4229 α
2027 4191 2198 4260 εὐαγ-

630 4264 923 4334 γελίζήται
949 4266 1098 4339 [241]
1121 4270 1255 4337 παρ’
1286 4268 1316 4322 ὅ
1337 4269 1715 4338 παρελάϐετε,
1740 4272 2003 4341 ἀνάθεμα
2020 4272 2193 4326 ἔστω.

630 4348 804 4411 Αὐτός
836 4350 984 4402 ἐστιν
1012 4352 1042 4403 ό
1093 4350 1193 4422 τὴν
1226 4352 1546 4424 περιτομὴν,
1592 4353 1778 4425 ἐπειδὴ
1818 4354 1969 4424 παρὰ
2008 4355 2199 4425 καιρῖν

632 4433 1099 4505 παρελαμϐάνετο,
1124 4435 1220 4489 καὶ
1246 4434 1427 4489 ἐθόλου
1449 4436 1509 4489 τὸ
1535 4436 1772 4508 καθαρὸν
1795 4436 1889 4490 τοῦ
1910 4436 2201 4507 κηρύγμα-

628 4534 739 4581 τος,
764 4516 1039 4572 ἐκϐάλλων
1069 4518 1163 4572 καὶ
1186 4518 1375 4588 λέγων,
1416 4520 1557 4574 Ἐὰν
1585 4518 2034 4589 περιτέμνησθε,
2063 4523 2195 4589 Χρι-

630 4599 776 4666 στὸς
817 4600 975 4670 ὑμᾶς
1010 4602 1191 4656 οὐδὲν
1217 4602 1536 4672 ὠφελήσει.
1586 4603 1709 4666 Πῶς
1756 4599 1871 4667 οὖν,
1913 4603 2066 4674 φησὶ,
2103 4606 2198 4657 καὶ

631 4685 811 4738 αἰτίαν
838 4686 1174 4757 προσέθηκεν
1216 4686 1405 4751 εἰπὼν,
1442 4687 1568 4741 Ἵνα
1608 4689 1662 4740 οἱ
1690 4686 1922 4755 δόκιμοι
1952 4689 2197 4756 φανεροὶ

633 4766 915 4835 γένωνται
931 4785 951 4833 ;
980 4771 1071 4835 Τὸ,
1112 4763 1263 4834 Ἵνα,
1297 4769 1561 4841 πολλαχοῦ
1590 4772 1646 4822 ἐν
1669 4771 1788 4832 ταῖς
1830 4769 2073 4839 Γραφαῖς
2098 4771 2196 4823 οὐκ

631 4852 777 4906 ἔστιν
819 4853 1166 4921 αἰτιολογίας,
1204 4853 1337 4906 ἀλλά
1368 4855 1467 4924 τῆς
1507 4852 1613 4906 τῶν
1647 4851 1988 4925 πραγμάτων
2034 4851 2197 4905 ἐκϐά-

634 4955 788 5001 σεως.
823 4933 967 5003 Οἷον,
987 4934 1148 5008 ἦλθεν
1175 4939 1203 4989 ό
1235 4937 1488 5007 Χριστὸς,
1519 4936 1612 4990 καὶ
1631 4935 1721 4989 τὸν
1751 4934 1947 5005 τυφλὸν
1971 4934 2199 4988 ἀναϐλέ-

628 5021 730 5091 ψαι
762 5020 981 5091 ἐποίησε
1003 5034 1015 5047 '
1044 5021 1293 5083 κάκεῖνος
1338 5020 1436 5091 μὲν
1472 5019 1634 5072 αὐτὸν
1677 5017 2111 5090 προσεκύνησεψ
2149 5021 2196 5072 οἰ

630 5105 689 5157 δὲ
735 5103 998 5167 Ἰουδαῖοι,
1028 5103 1218 5157 τούτου
1250 5103 1694 5173 θεραπευθέντος,
1740 5101 1918 5155 πάντα
1961 5101 2194 5167 ἐποίουν,

630 5187 772 5242 ὥστε
803 5186 1088 5241 συσκιάσαι
1113 5186 1175 5240 τὸ
1200 5185 1403 5259 θαῦμα,
1436 5186 1527 5241 καὶ
1554 5185 1644 5239 τὸν
1685 5185 1917 5257 Χριστὸν
1948 5182 2193 5255 ἧλαυνον.

630 5272 763 5327 Τότε
795 5270 973 5328 τοίνυν
1003 5272 1198 5343 φησίν·
1238 5275 1340 5338 Εἰς
1370 5271 1547 5339 κρῖμα
1590 5269 1704 5341 ἐγὼ
1743 5266 1934 5340 ἦλθον
1963 5272 2050 5335 εἰς
2092 5270 2200 5323 τὸν

630 5358 866 5427 κόσμον
903 5356 1137 5419 τοῦτον,
1175 5357 1276 5409 ἵνα
1319 5358 1372 5408 οἱ
1397 5354 1483 5423 μὴ
1520 5355 1858 5420 ,βλέποντες
1897 5354 2195 5421 βλέπωσι,

630 5440 729 5494 καὶ
753 5443 808 5496 οἰ
850 5438 1189 5506 βλέποντες
1221 5436 1437 5506 τυφλοὶ
1476 5436 1776 5506 γένωνται.
1802 5434 1947 5508 Ἀρα
1979 5432 2071 5489 οὖν
2112 5437 2200 5490 διὰ

630 5522 789 5575 τοῦτο
825 5519 1006 5593 ἦλθεν,
1060 5523 1148 5575 ἵνα
1193 5523 1388 5575 ἐκεῖνοι
1435 5519 1626 5589 τυφλοὶ
1663 5519 1958 5587 γένωνται;
1993 5520 2064 5572 Οὐ
2112 5518 2200 5572 διά

633 5603 790 5658 τοῦτο
812 5600 967 5676 ἦλθε,
998 5603 1152 5661 τοῦτο
1178 5603 1235 5658 δὲ
1263 5603 1444 5676 ἐξέϐη,
1478 5601 1574 5657 καὶ
1599 5601 1695 5672 τὴν
1729 5600 1951 5655 ἑκϐασιν
1984 5602 2040 5654 ἐν
2067 5601 2197 5671 σχή-

636 5709 768 5763 ματι
823 5694 1149 5764 αἰτιολογίας
1194 5692 1424 5749 τέθεικε.
1473 5691 1660 5758 Πάλιν,
1699 5691 1861 5763 νόμος
1906 5689 2080 5761 ἐδόθη,
2113 5689 2200 5744 ἵνα

695 5826 722 5859 ⁸
750 5824 875 5875 Bibl.
899 5825 1026 5885 ὒμῖν.

1276 453 1337 511 s.
1376 409 1663 513 JoxNle
1698 457 2191 514 cnax'sos'rom
2230 457 2545 516 ARCHIEP.
2588 453 3135 515 CONSTANTINOP.
3694 452 3775 508 ιι.

2288 553 2506 629 κωλύσῃ
2535 558 2635 630 τὴν
2671 560 2783 613 τῶν
2816 560 3225 630 ἁμαρτημάτων
3264 559 3446 630 φορὰν,
3470 561 3551 616 ῐνα
3584 564 3778 621 ἐπιεικε-

2289 647 2511 723 στέρους
2560 651 2758 723 ποιήσῃ
2802 653 2928 714 τοὺς
2963 651 3300 721 δεχομένους.
3333 652 3484 705 Ἀλλά
3531 653 3780 712 τούναντίον

2288 735 2448 808 ἐξέϐη
2487 737 2637 809 παρὰ
2662 740 2761 810 τὴν
2789 740 3062 811 ρᾳθυμίαν
3102 740 3346 795 ἐκείνων
3375 742 3597 814 ηὖξησαν
3621 746 3711 816 γὰρ
3730 749 3783 803 τὰ

2289 828 2688 900 ἁμαρτήματα*
2734 830 2829 884 καὶ
2879 832 3042 901 φησὶν
3072 833 3100 885 ὁ
3126 830 3353 896 Παῦλος,
3373 834 3553 903 Νόμος
3584 835 3642 888 δὲ
3664 851 3783 905 παρ-

2288 919 2592 987 εισῆλθεν,
2624 922 2725 974 ἵνα
2767 920 3079 990 πλεονάσῃ
3104 922 3173 976 τὸ
3211 922 3577 993 παράπτωμα·
3603 926 3785 998 καὶμὴν

2288 1012 2349 1063 οὐ
2381 1009 2468 1063 διὰ
2500 1009 2656 1063 τοῦτο
2680 1009 3017 1082 ἐπεισῆλθεν,
3051 1010 3166 1065 ἀλλ’
3191 1010 3276 1064 ἵνα
3292 1011 3614 1084 ἐλαττώσῃτδ
3638 1014 3786 1085 παρά·

2289 1117 2507 1171 πτωμα.
2565 1100 2737 1154 Τοῦτο
2787 1101 2847 1154 δὲ
2899 1100 3058 1170 ἐξέϐη
3117 1101 3265 1170 παρὰ
3317 1100 3410 1172 τὴν
3457 1102 3788 1174 ἀγνωμοσύνην

2287 1189 2395 1244 τῶν
2419 1189 2723 1261 δεξαμένων
2743 1191 2923 1244 αὐτόν.
2950 1190 3107 1244 Οὕτω
3127 1190 3191 1259 δὴ
3214 1191 3308 1244 καὶ
3328 1190 3561 1256 ἐνταῦθα,
3581 1192 3650 1258 τὸ,
3673 1193 3788 1257 Ἵνα,

2288 1280 2408 1350 οὐχὶ
2431 1280 2758 1348 αἰτιολογίας
2780 1281 2948 1344 ἐστὶν,
2972 1280 3108 1333 άλλά
3128 1279 3416 1343 ἐκϐάσεως.
3442 1280 3554 1334 Ὅτι
3575 1279 3669 1352 γὰρ
3684 1280 3789 1353 άλλη

2288 1370 2371 1435 τίς
2402 1374 2551 1425 ἐστιν
2575 1372 2725 1425 αἰτία
2754 1370 2865 1425 τῶν
2892 1371 3176 1443 αἱρέσεων,
3203 1371 3298 1425 καὶ
3332 1371 3389 1424 οὐ
3420 1370 3503 1424 διὰ
3534 1370 3674 1424 τοῦτο
3692 1370 3791 1439 ἐγέ-

2291 1480 2441 1517 νοντο
2462 1463 2722 1534 αἱρέσεις,
2751 1464 2841 1518 ἵνα
2865 1464 2916 1516 οί
2941 1463 3155 1534 δόκιμοι
3182 1463 3402 1535 φανεροὶ
3424 1463 3680 1530 γένωνται,
3703 1461 3791 1516 ἀλλ’

2291 1554 2554 1625 ἑτέρωθεν
2586 1554 2776 1609 ἔλαϐον
2818 1554 2916 1619 τὰς
2965 1556 3285 1626 προφάσεις,
3323 1554 3538 1608 ἄκουσον
3565 1554 3648 1606 τοῦ
3688 1555 3794 1624 Χρι-

2295 1646 2422 1700 στοῦ
2449 1648 2610 1720 δῆλον
2634 1647 2792 1702 τοῦτο
2830 1647 3109 1711 ποιοῦντος
3137 1648 3287 1719 ἡμῖν’
3334 1642 3613 1716 Ὡμοιώθη,
3642 1643 3794 1715 φησὶν.

2292 1742 2332 1809 ἡ
2363 1740 2653 1804 βασιλεία
2677 1738 2797 1793 τῶν
2822 1738 3094 1808 οὐρανῶν
3118 1736 3402 1806 ἀνθρώπῳ
3425 1736 3697 1803 σπείροντι
3720 1750 3796 1787 κο-

2290 1831 2407 1885 λὸν
2449 1832 2687 1902 σπέρμα
2721 1832 2793 1886 ἐν
2834 1830 2914 1896 τῷ
2945 1829 3103 1902 ἀγρῷ
3138 1826 3322 1884 αὐτοῦ
3343 1844 3356 1857 ·
3392 1827 3487 1881 καὶ
3525 1827 3588 1880 ἐν
3623 1825 3693 1891 τῷ
3716 1843 3796 1879 κα·

2292 1922 2524 1978 θεύδειν
2543 1921 2684 1988 τοὺς
2701 1920 3065 1990 ἀνθρώπους,
3086 1917 3275 1990 ἦλθεν
3295 1917 3497 1987 ἐχθρὸς
3518 1917 3796 1986 ἄνθρωπος,

2292 2016 2391 2070 καὶ
2423 2017 2665 2083 ἔσπειρε
2694 2013 2766 2069 τὰ
2791 2010 3025 2075 ζιζάνια.
3067 2013 3252 2091 Ὁρᾷς,
3286 2012 3367 2065 ὅτι
3394 2008 3479 2063 διὰ
3515 2008 3654 2063 τοῦτο
3681 2007 3796 2078 αἱρέ-

2295 2125 2428 2172 σεις,
2454 2105 2641 2179 ἐπειδὴ
2683 2103 3050 2176 ἐκαθεϐδησαν
3079 2106 3127 2157 οἰ
3155 2101 3450 2174 ἄνθρωποι,
3480 2099 3647 2170 ἐπειδὴ
3669 2100 3800 2169 €994-

2293 2199 2572 2271 θύμησαν;
2603 2196 2788 2270 ἐπειδὴ
2819 2197 2880 2251 οὐ
2919 2195 3217 2267 προσέσχον
3263 2193 3399 2266 μετά
3426 2191 3679 2264 ἀκριϐείας
3713 2191 3800 2251 τοῖς

2292 2288 2638 2361 λεγομένοις;
2673 2288 2769 2343 Ἰν’
2793 2282 2886 2341 οὖν
2931 2287 3003 2358 μὴ
3035 2285 3172 2357 λέγῃ
3194 2300 3302 2347 τις,
3326 2283 3479 2345 Τίνος
3502 2281 3668 2335 ἕνεκεν
3704 2294 3803 2331 συν-

2294 2381 2571 2453 εχώρησεν
2601 2383 2631 2435 δ
2666 2378 2932 2450 Χριστός;
2973 2377 3138 2446 φησὶν
3166 2376 3195 2428 ό
3222 2372 3452 2437 Παῦλος,
3494 2372 3569 2425 ὅτι
3592 2372 3734 2426 Οὐδέν
3757 2385 3801 2420 σε

2295 2472 2520 2544 βλάπτει
2548 2474 2582 2544 ἡ
2612 2469 2956 2541 συγχώρησις
2993 2466 3161 2538 αὕτη·
3194 2465 3294 2519 ἐὰν
3316 2460 3382 2536 ᾗς
3423 2462 3645 2532 δόκιμος,
3677 2474 3806 2527 φανε-

2296 2563 2529 2635 ρώτερος
2552 2562 2650 2634 ἔσῃ
2673 2561 2891 2632 μᾶλλον.
2921 2560 2997 2614 Οὐ
3021 2559 3130 2629 γάρ
3148 2558 3299 2610 ἐστιν
3327 2556 3453 2620 ἴσον,
3485 2551 3682 2625 μηδενὸς
3701 2550 3807 2604 ὑπο-

2297 2654 2652 2719 σκελίζοντος,
2689 2650 2824 2722 μηδὲ
2855 2647 3187 2710 ἀπατῶντος,
3220 2645 3319 2698 ἐπὶ
3355 2643 3454 2714 τῆς
3473 2641 3625 2713 ὀρθῆς
3650 2639 3806 2709 στῆναι

2296 2747 2550 2809 πίστεως,
2565 2744 2661 2798 καὶ
2679 2743 2886 2816 μυρίων
2908 2735 3403 2810 προσρηγνυμένων
3425 2733 3676 2803 κυμάτων,
3693 2730 3809 2784 ἀσειο

2299 2855 2422 2891 στον
2456 2834 2550 2890 καὶ
2581 2834 2976 2904 ἀπερίτρεπτον
3009 2831 3206 2898 μεῖναι.
3242 2825 3505 2894 Καθάπερ
3527 2816 3610 2875 οὖν
3637 2818 3697 2874 τὰ
3715 2817 3808 2872 δέν-

2296 2933 2397 3006 δρα
2424 2932 2481 2985 αἰ
2512 2930 2620 2984 τῶν
2666 2928 2882 2998 ἀνέμων
2920 2920 3218 2994 προσϐολαὶ
3269 2917 3524 2974 πάντοθεν
3549 2912 3810 3006 ῥιπίζουσαι

2299 3002 2623 3096 ἰσχυρότερα
2678 3017 2946 3083 ποιοῦσιν,
2982 3014 3049 3068 ἂν
3180 3010 3362 3075 καλῶς
3406 3005 3715 3081 ἐρῤιζωμένα
3737 3002 3811 3056 καὶ

2299 3116 2438 3189 μετὰ
2472 3113 2787 3186 ἀκριϐείας·
2817 3108 2958 3163 οὕτω
2985 3106 3051 3177 δὴ
3099 3106 3191 3159 καὶ
3227 3104 3323 3166 τὰς
3355 3099 3525 3171 ψυχὰς
3553 3098 3642 3189 τὰς
3665 3111 3811 3164 πεπηι

2295 3187 2454 3277 γυίας
2478 3207 2534 3259 ἐν
2560 3203 2637 3274 τῷ
2661 3200 2892 3272 θεμελίῳ
2910 3198 3008 3268 τῆς
3028 3194 3192 3266 ὀρθῆς
3209 3193 3465 3254 πίστεως,
3481 3191 3596 3244 ὅσαι
3606 3187 3664 3241 ἀν
3685 3200 3813 3256 προσ-

2296 3301 2531 3355 ϐάλωσιν
2578 3296 2836 3368 αἱρέσεις,
2864 3293 2925 3345 οὐ
2956 3288 3401 3362 περιτρέπουσιν,
3423 3282 3554 3337 ἀλλὰ
3595 3280 3679 3334 καὶ
3701 3280 3814 3347 ἰσχυ-

2300 3391 2527 3464 ροτέρας
2575 3385 2809 3440 ποιοῦσι.
2864 3383 2931 3437 Τί
2966 3378 3061 3436 οὖν
3109 3379 3250 3451 πρὸς
3307 3377 3434 3440 τοὺς
3482 3371 3812 3464 ἀσθενοῦντας,

2296 3462 2452 3555 φησι,
2502 3482 2594 3534 καὶ
2648 3475 3141 3548 περιτρεπομένους
3190 3473 3291 3525 καὶ
3351 3462 3815 3533 ύποσκελιζομένους

2298 3575 2525 3647 ῥᾳδίωςς
2555 3572 2688 3625 Ούδέ
2721 3572 2915 3625 ἐκεῖνοι
2963 3566 3115 3636 παρά
3137 3564 3237 3635 τὴν
3265 3564 3364 3635 τῆς
3401 3559 3646 3631 αἱρέσεως
3677 3566 3814 3647 προσ·

2296 3642 2479 3737 ϐολὴν,
2517 3662 2653 3718 ἀλλά
2686 3659 2836 3733 παρὰ
2873 3658 2970 3730 τὴν
3011 3656 3218 3711 οἰκείαν
3254 3653 3535 3709 ἀσθένειαν
3569 3646 3709 3702 τοῦτο

2299 3732 2534 3828 σχοῦσιν.
2576 3753 2881 3808 Ἀσθένειαν
2926 3750 2985 3804 δὲ
3021 3749 3083 3802 οὐ
3128 3746 3369 3817 φυσικὴν
3399 3743 3555 3811 λέγω,
3587 3737 3705 3793 ἀλλὰ

2295 3823 2366 3900 ἐκ
2395 3844 2787 3917 προαιρέσεως,
2814 3842 2913 3912 τὴν
2944 3838 3039 3894 καὶ
3071 3838 3239 3908 ἐκγλη
3249 3838 3436 3907 μάτων
3461 3833 3606 3898 ἀξίαν
3633 3823 3817 3917 καὶνύπδ

2297 3916 2516 3992 κόλασιν
2548 3935 2646 3990 καὶ
2687 3933 2953 4004 τιμωρίαν
2984 3928 3269 3999 κειμένην,
3295 3929 3363 3998 ἢν
3384 3926 3476 3980 καὶ
3499 3925 3645 3993 ἡμεῖς
3672 3916 3815 3986 κύριοι

2296 4027 2604 4098 διορθῶσαι.
2637 4024 2727 4077 Διὸ
2751 4021 3136 4094 κατορθοῦντές
3161 4035 3221 4071 τε
3244 4012 3625 4085 ἐπαινούμεθα,
3652 4009 3733 4061 καὶ
3758 4004 3817 4076 μὴ

2298 4115 2686 4188 κατορθοῦντες
2716 4111 3072 4184 κολαζόμεθά.

2370 4253 2432 4324 β’·
2456 4252 2563 4307 καὶ
2589 4251 2675 4305 ῑ’να
2703 4247 2899 4322 μάθῃς,
2924 4248 3003 4303 ὅτι
3036 4247 3160 4309 τοὺς
3185 4246 3459 4315 νήφοντας
3480 4238 3621 4295 οὐδὲν
3638 4236 3815 4290 δύναται

2300 4344 2673 4419 παραϐλάψαι,
2703 4342 2798 4396 καὶ
2829 4339 3091 4411 ἑτέρωθεν
3116 4336 3281 4390 τοῦτο
3315 4332 3586 4398 ἀποδεῖξαι
3616 4323 3816 4419 πειράξ

2303 4409 2420 4512 μαι.
2457 4439 2521 4492 Τί
2551 4409 2646 4491 τοῦ
2686 4409 2932 4488 διαϐόλου
2963 4433 3156 4501 γένοιτ’
3187 4430 3257 4484 ἂν
3301 4426 3666 4498 πονηρότερον,
3699 4409 3815 4512 ξω)

2299 4506 2352 4586 τί
2380 4531 2437 4585 δὲ
2485 4526 2851 4599 μιαρώτερον;
2894 4524 3035 4578 Ἀλλ’
3066 4524 3217 4593 ὅμως
3254 4516 3413 4583 οὗτος
3451 4520 3479 4571 ὁ
3514 4513 3719 4583 πονηρὸς
3746 4506 3815 4599 καὶ

2301 4598 2605 4692 κακοῦργοξ
2632 4620 2727 4672 καὶ
2754 4616 2953 4689 πολλὴν
2990 4615 3127 4685 ἔχων
3155 4615 3332 4683 ἰσχὺν,
3373 4609 3508 4682 μετά
3536 4608 3729 4661 πάντων
3748 4598 3816 4692 αύ-

2298 4715 2393 4769 τοῦ
2421 4689 2528 4767 τῶν
2570 4702 2976 4783 μηχανημάτων
3004 4704 3333 4777 προσϐαλὼν
3355 4703 3435 4772 τῷ
3463 4697 3600 4760 Ἰὼϐ,
3630 4694 3711 4748 καὶ
3730 4689 3813 4783 τί·

2300 4824 2398 4862 σαν
2424 4781 2588 4860 αὑτοῦ
2614 4802 2710 4873 τὴν
2740 4799 3034 4871 βελοθήκην
3068 4798 3145 4860 εἰς
3174 4795 3274 4867 τὴν
3300 4794 3477 4848 οἰκίαν
3505 4790 3594 4844 καὶ
3616 4786 3671 4838 τὺ
3694 4781 3816 4848 σῶμα

2297 4902 2390 4956 τοῦ
2422 4897 2625 4953 δικαίου
2656 4876 2916 4956 κενώσας,
2948 4893 3008 4944 οὐ
3036 4890 3193 4961 μόνον
3222 4887 3386 4941 αὑτὸν
3408 4886 3466 4938 οὐ
3495 4874 3815 4961 περιέτρεψεν)

2298 4993 2431 5049 ἀλλά
2458 4993 2551 5046 καὶ
2597 4987 2976 5059 λαμπρότερον
3006 4959 3247 5051 ἐποίησε.
3281 4979 3394 5033 Καὶ
3436 4971 3582 5036 οὗτος
3615 4959 3819 5059 μὲνοῦὄέ

2301 5085 2451 5157 παρὰ
2492 5082 2584 5137 τοῦ
2634 5057 2879 5135 διαϐόλου
2922 5077 3041 5129 τότε
3091 5074 3421 5127 ἐϐλάπτετο’
3465 5071 3493 5122 ὁ
3533 5065 3587 5118 δὲ
3634 5057 3819 5157 ’Πούδξςν

2297 5149 2486 5246 ἐπέιδὴ
2515 5170 2860 5244 ἠμελημένος
2889 5168 2981 5222 καὶ
3021 5163 3262 5238 ῥᾴθυμος
3289 5158 3379 5233 ἦν,
3407 5149 3711 5248 ούδένπαρά
3741 5149 3820 5248 τῇς

2296 5265 2391 5319 τοῦ
2426 5245 2660 5335 Χριστοῦ
2715 5259 2998 5320 συνουσίας
3041 5254 3351 5325 ἐκέρδανεν,
3400 5249 3513 5303 ἀλλ’
3550 5245 3820 5339 ἔμεινενων

2299 5334 2564 5428 προδότης
2595 5352 2737 5423 μετὰ
2768 5350 2866 5411 τὰς
2909 5346 3110 5410 πολλὰς
3140 5343 3488 5414 παραινέσεις
3528 5334 3717 5393 ἐκείνας
3749 5334 3823 5428 καὶ

2302 5390 2645 5521 σῖμϐουλάζ·
2674 5443 2735 5496 τὸ
2759 5442 2815 5495 δέ
2847 5442 3037 5502 αίτιον,
3071 5439 3151 5492 ὅτι
3186 5390 3257 5507 μς]
3281 5429 3597 5504 βουλόμενόν
3617 5438 3723 5521 τινα

2301 5507 2624 5608 ἀναγκάζει,
2666 5535 2786 5590 οὐδὲ
2826 5532 3068 5603 βιάζεται
3109 5530 3138 5581 ό
3187 5526 3351 5590 Θεόςο
3390 5524 3577 5592 ὥσπερ
3604 5507 3825 5612 οὖνΔ

2299 5603 2524 5687 ἐκεῖνον.
2554 5626 2738 5690 Οὕτως
2783 5624 2881 5677 ἐὰν
2915 5623 3174 5693 νήφωμεν
3203 5617 3297 5671 καὶ
3328 5617 3510 5687 ἡμεῖς’
3536 5608 3649 5664 οὐδὲ
3684 5608 3709 5658 ὁ
3733 5603 3823 5693 6'?-

2300 5724 2456 5786 ϐολος
2479 5721 2624 5792 ημᾶς
2650 5716 2849 5789 βλάψαι
2871 5690 3124 5769 δινάεαι-
3152 5711 3216 5766 ἂν
3238 5709 3297 5762 δι
3326 5708 3405 5780 μὴ
3436 5701 3693 5796 νήφωμεν.
3711 5690 3823 5796 ιλιι

2303 5813 2656 5884 ρᾳθυμῶμεν,
2684 5808 2801 5863 ούδέ
2826 5805 2975 5878 παρά
2996 5804 3102 5860 τῶν
3126 5800 3477 5872 ὠφελούντων
3502 5792 3826 5864 κερδανοῦμεν
