4058 6258
252 445 360 499 2535

253 559 396 616 verti
419 598 437 627 ,
467 557 778 632 tragm'iiam
813 561 956 614 illam
989 559 1164 615 sedavi
1194 601 1208 626 ,
1239 573 1540 614 sermonem
1568 558 1632 614 de
1664 559 1839 614 medio

256 651 546 718 transtuli,
587 651 875 722 [letumque
922 653 1069 707 illum
1117 667 1184 706 ex
1223 652 1552 722 singulorum
1594 651 1840 732 cordibus

251 754 572 814 erupturum
612 745 842 799 coercui.
892 745 1082 800 Anima
1127 747 1324 816 quippe
1367 745 1510 799 luctu
1545 753 1797 813 occupata
1823 786 1838 812 ,

255 835 392 890 nihil
419 850 606 890 sanum
631 837 712 890 vel
742 836 922 890 dicere
961 837 1044 890 vel
1082 835 1264 890 audire
1293 836 1457 890 valet.
1504 837 1570 890 At
1606 850 1700 889 cur
1741 833 1844 888 hoc

259 943 407 984 riunc
445 927 596 982 vobis
639 929 692 981 in
731 929 1042 983 memoriam
1091 928 1378 983 revocavi?
1407 927 1537 994 Qnia
1578 942 1639 981 ea
1664 966 1677 988 ,
1725 941 1843 996 quae

259 1032 380 1072 sum
423 1017 582 1074 hodie
629 1017 909 1081 dicturus,
957 1019 1062 1073 illis
1108 1034 1225 1087 qua:
1270 1026 1394 1072 tunc
1433 1018 1681 1086 loquutus
1726 1030 1843 1071 sum

259 1109 549 1164 admodum
576 1118 702 1164 sunt
729 1109 929 1164 afﬁnia.
958 1108 1417 1176 Quemadmodum
1441 1109 1582 1161 enim
1611 1108 1696 1161 illa
1724 1107 1846 1161 vitae

261 1200 526 1256 desidiam
577 1201 629 1254 in
685 1202 836 1256 nobis
893 1201 1292 1270 reprimebant,
1354 1199 1738 1270 scgnitiemque
1793 1199 1844 1253 in

261 1292 474 1362 agendo
501 1301 736 1346 nostram
763 1291 1100 1360 corrigebant
1127 1307 1140 1344 :
1167 1291 1243 1344 sic
1259 1305 1325 1346 ea
1347 1305 1464 1360 qua:
1493 1304 1631 1345 nunc
1655 1289 1847 1344 dicturi

259 1397 450 1437 sumus
496 1383 636 1437 circa
675 1381 979 1452 diligentem
1019 1381 1324 1452 dogmatnm
1373 1381 1844 1445 observationem,

262 1474 569 1529 securiores
608 1487 706 1527 nos
735 1473 960 1528 reddere
991 1480 1274 1541 poterunt,
1317 1472 1388 1526 ita
1419 1479 1476 1526 ut
1503 1470 1849 1540 undequaque

263 1566 490 1637 perfecti
519 1566 681 1620 futuri
710 1567 876 1620 simus
901 1608 915 1632 ,
945 1565 1010 1620 In
1035 1567 1192 1619 virum
1225 1567 1500 1636 perfectum
1524 1605 1539 1631 ,
1568 1566 1620 1618 in
1647 1581 1848 1618 mensu-

257 1675 382 1711 ram
425 1658 586 1711 aetatis
627 1655 862 1730 (Ep/tes.
905 1659 960 1712 4.
1002 1657 1105 1726 15)
1145 1657 1520 1727 pervenientes
1558 1655 1850 1712 secundum

263 1748 508 1803 divinum
531 1748 854 1816 apostolum.
884 1748 1034 1803 Tunc
1054 1763 1247 1816 corpus
1268 1755 1504 1802 vestrum
1526 1747 1848 1812 curavimus,

266 1855 416 1894 nunc
438 1839 596 1907 capiti
625 1838 941 1892 medicinam
972 1837 1243 1893 alferimus
1267 1855 1281 1903 ;
1317 1847 1439 1892 tunc
1465 1838 1712 1894 Ieremia:
1738 1855 1854 1893 ver-

263 1929 356 1983 bis
378 1969 395 1992 ,
423 1944 562 1983 nunc
589 1929 738 1983 Pauli
765 1929 1120 1984 sermonibus.

351 2021 482 2086 Var,
515 2020 758 2090 Oportet,
791 2022 1128 2090 pra'dictionis
1155 2037 1286 2091 stupe
1309 2021 1409 2075 vim
1436 2023 1675 2077 habet.«—
1695 2022 1852 2092 Quic-

267 2127 394 2166 nam
430 2120 554 2166 sunt
596 2111 682 2165 illa
717 2111 866 2166 Pauli
911 2113 1069 2166 verba
1096 2153 1111 2178 ,
1151 2128 1268 2182 qua:
1307 2127 1448 2168 nunc
1485 2113 1642 2168 nobis
1676 2113 1856 2183 expla-

269 2203 447 2257 nanda
481 2203 891 2271 proponuntur?
921 2203 1128 2274 Oportet
1154 2245 1168 2270 ,
1202 2205 1407 2274 inquit,
1440 2213 1484 2258 et
1513 2205 1724 2259 Iuvreses
1753 2221 1858 2260 esse

265 2305 325 2348 tn
350 2294 486 2348 vobis
507 2336 520 2361 ,
543 2303 600 2348 ut
623 2304 668 2348 et
695 2295 780 2364 qui
809 2295 1006 2362 probati
1030 2305 1144 2349 sunt
1165 2337 1178 2359 ,
1212 2296 1466 2368 manifesti
1493 2296 1618 2364 fiant
1644 2297 1696 2350 in
1721 2295 1856 2349 vobis

269 2387 359 2458 (i.
393 2387 508 2441 Cor.
543 2387 628 2441 ll.
663 2387 774 2456 l9).
813 2387 926 2440 Non
967 2387 1239 2440 minimum
1279 2397 1362 2441 est
1399 2387 1539 2456 quod
1580 2387 1851 2456 qumritur.

268 2479 408 2534 Nam
449 2479 492 2532 si
528 2479 860 2533 consulentis
907 2495 1054 2532 more
1089 2479 1283 2533 Paulus
1322 2479 1558 2548 loquitur
1582 2521 1596 2544 ,
1643 2485 1699 2533 et.
1733 2494 1858 2533 vere

265 2581 488 2641 Oportet
531 2571 765 2626 lizereses
800 2587 956 2636 esse,
998 2571 1250 2641 inculpati
1293 2580 1416 2626 sunt
1465 2571 1854 2626 hairesiarchze.

271 2663 434 2732 Atqui
466 2677 568 2716 non
601 2661 670 2716 ita
700 2670 823 2728 est,
858 2677 962 2716 non
1006 2662 1074 2715 ita
1122 2675 1209 2715 res
1253 2677 1310 2716 se
1354 2660 1508 2716 habet
1540 2680 1554 2715 :
1583 2677 1686 2716 non
1715 2663 1856 2716 enim

271 2753 607 2809 consulentis
635 2795 648 2816 ,
681 2753 774 2808 sed
808 2754 976 2807 futura
1007 2753 1341 2820 prmdiccntis
1372 2752 1474 2806 hoc
1516 2753 1714 2807 dictum
1755 2761 1854 2808 est.

269 2844 734 2913 Quemadmodum
764 2845 904 2898 enim
934 2844 1172 2898 medicus
1195 2859 1316 2898 cum
1345 2844 1486 2898 videt
1513 2860 1712 2913 :egrum
1741 2859 1860 2898 cra-

275 2937 417 3006 pula:
447 2945 502 2990 et
527 2936 652 2988 vino
680 2935 904 3004 aliisque
930 2934 1212 3004 prohibitis
1239 2933 1474 2988 deditum
1499 2976 1516 3002 ,
1545 2934 1635 2988 tali
1665 2935 1858 2990 intem-

271 3025 514 3094 perantia
543 3065 559 3089 ,
591 3023 802 3094 inquit,
850 3023 1038 3078 febrim
1072 3023 1212 3094 gigni
1251 3031 1498 3093 oportet,
1543 3039 1647 3078 non
1685 3024 1860 3094 legem

273 3131 518 3188 ponens,
547 3132 651 3170 non
697 3118 1018 3182 consulens,
1062 3115 1156 3171 sed
1186 3132 1250 3172 ex
1293 3116 1642 3185 praesentibus
1685 3115 1860 3171 futura
1907 3159 1910 3162 ι

273 3208 588 3278 coniectans
625 3222 686 3260 ac
723 3207 1021 3276 praedicens
1045 3247 1062 3274 ,
1106 3205 1176 3260 ita
1213 3206 1478 3276 loquitur;
1516 3207 1862 3278 similiterque

277 3299 511 3368 agricola
545 3295 637 3352 aht
664 3297 987 3366 gubernator
1011 3298 1196 3352 videns
1225 3312 1538 3354 concursum
1567 3299 1782 3354 nubium
1809 3309 1862 3356 et

276 3391 510 3446 tonitrua
549 3404 673 3444 cum
715 3387 1010 3459 fulguribus
1047 3389 1378 3459 erumpentia
1404 3431 1418 3455 ,
1449 3389 1576 3444 dicit
1597 3431 1612 3456 ,
1643 3389 1864 3459 Oportet

275 3481 439 3536 hasce
467 3481 634 3536 nubes
665 3481 894 3550 pluviam
925 3495 1111 3549 parere
1135 3523 1150 3547 ,
1174 3489 1224 3536 et
1257 3481 1480 3536 imbrem
1508 3481 1864 3544 vehementis-

273 3573 472 3628 simam
499 3615 515 3640 ,
538 3587 642 3627 non
665 3571 994 3628 cohortando
1015 3571 1130 3626 haec
1152 3571 1280 3627 dicit
1305 3615 1318 3638 ,
1344 3573 1436 3628 sed
1461 3573 1600 3644 quod
1629 3573 1862 3628 futurum

271 3673 362 3722 est
388 3664 750 3734 pr;rnuntiat:
797 3663 875 3718 sic
919 3671 971 3718 et
1021 3663 1214 3718 Paulus
1264 3663 1352 3716 illa
1399 3679 1567 3728 voce,
1618 3663 1859 3733 Oportet,

274 3774 410 3815 usus
436 3767 540 3813 est.
585 3758 650 3812 Et
677 3771 774 3812 nos
803 3771 1171 3826 saepenumero
1203 3771 1323 3811 cum
1358 3756 1596 3811 videmus
1621 3757 1864 3812 homines

271 3849 476 3905 acriter
502 3848 860 3917 disceptantes
885 3889 901 3912 ,
945 3861 1008 3902 ac
1035 3861 1154 3902 sese
1183 3855 1364 3901 mutuo
1393 3847 1644 3916 gravibus
1675 3857 1863 3902 contu-

276 3941 454 3996 meliis
485 3939 814 4004 allicientes,
854 3939 1081 3994 dicimus
1104 3981 1119 4006 ,
1161 3939 1382 4008 Oportet
1421 3939 1582 3995 hosce
1625 3941 1864 3995 homines

275 4033 334 4088 in
365 4031 594 4102 aliquam
623 4046 851 4101 pugnam
881 4045 1196 4100 erumpere,
1235 4039 1290 4085 et
1330 4030 1663 4085 custodiendi
1701 4039 1858 4096 sunt;

271 4137 384 4177 non
411 4121 753 4177 cohortantes
771 4162 787 4186 ,
811 4135 987 4191 neque
1007 4119 1348 4175 consulentes
1368 4120 1438 4175 ita
1459 4121 1725 4191 loquimur
1741 4121 1760 4191 (
1776 4124 1862 4190 qui

275 4215 424 4270 enim
453 4212 506 4268 id
534 4213 646 4267 ﬁeri
675 4212 884 4282 possit?
909 4215 926 4283 )
965 4211 1058 4266 sed
1094 4227 1158 4266 ex
1189 4211 1436 4282 prmseuti
1467 4209 1700 4266 futurum
1730 4227 1861 4265 con-

271 4307 559 4376 iectantes.
595 4303 666 4359 lta
694 4313 747 4358 et
769 4303 966 4358 Paulus
1004 4320 1110 4358 non
1153 4303 1439 4358 consulens
1479 4303 1548 4356 ita
1591 4305 1858 4374 loquitur,

281 4399 498 4466 Oportet
523 4396 736 4450 hmrcses
764 4397 816 4449 in
839 4395 972 4449 vobis
1002 4411 1107 4448 esse
1127 4436 1139 4458 ,
1169 4393 1262 4446 scd
1309 4393 1602 4462 praedicens
1644 4404 1697 4448 et
1738 4411 1863 4464 pro-

277 4489 490 4558 phetice
529 4488 887 4557 prmttttntians
919 4486 968 4541 id
994 4486 1136 4556 quod
1159 4484 1387 4538 futurum
1414 4492 1514 4539 cst.
1545 4485 1695 4552 Quod
1722 4487 1862 4540 enim

280 4595 390 4634 non
439 4581 682 4634 consulat
731 4579 964 4634 haereses
1001 4591 1120 4634 esse
1145 4619 1159 4643 ,
1203 4577 1313 4646 ipse
1355 4576 1591 4632 declarat
1632 4578 1861 4632 dicens:

287 4671 506 4725 Etiamsi
532 4671 736 4740 angelus
765 4669 901 4722 vobis
926 4667 1228 4738 evangelth
1251 4678 1430 4737 praeter
1457 4669 1510 4720 id
1530 4709 1543 4732 ,
1567 4669 1700 4738 quod
1727 4685 1866 4724 accc-

279 4763 427 4833 pistis
455 4804 470 4826 ,
499 4763 767 4814 anathema
794 4761 858 4812 sit
893 4759 911 4826 (
932 4757 1050 4814 Gal.
1075 4761 1126 4812 1.
1155 4757 1188 4813 8
1223 4760 1260 4826 ).
1283 4757 1398 4826 Ipse
1420 4765 1500 4812 cst
1526 4759 1614 4828 qui
1636 4759 1864 4814 circum-

283 4855 544 4910 cisionem
570 4897 584 4916 ,
620 4854 739 4923 quia
767 4851 1139 4920 intempestive
1167 4849 1550 4905 observabatur
1573 4891 1588 4916 ,
1631 4858 1686 4906 et
1729 4867 1865 4920 prce-

279 4943 566 4999 dicationis
593 4944 872 5011 puritatem
904 4939 1256 4996 labefactabat
1279 4982 1294 5006 ,
1341 4940 1526 5008 reiecit
1576 4955 1639 4996 ac
1677 4942 1816 4996 dixit
1847 4962 1860 4997 :

279 5037 341 5090 Si
369 5033 804 5088 circumcidamini
827 5071 843 5100 ,
871 5031 1100 5086 Christus
1137 5031 1276 5086 vobis
1309 5031 1434 5085 nihil
1485 5032 1703 5100 proderit
1737 5030 1756 5104 (
1775 5031 1858 5086 Id.

277 5129 332 5182 5.
365 5124 467 5196 2).
497 5123 774 5192 Quomodo
821 5122 1014 5192 igitur,
1081 5121 1324 5191 inquies,
1373 5138 1586 5177 causam
1634 5123 1866 5194 adjecit,

276 5217 468 5270 dicens
496 5233 509 5269 :
549 5213 616 5269 Ut
640 5215 722 5278 qui
750 5213 946 5284 probati
965 5222 1080 5266 sunt
1105 5255 1120 5278 ,
1143 5213 1394 5283 manifesti
1417 5215 1586 5284 ﬁant?
1615 5215 1702 5268 Illa
1733 5231 1862 5282 vox,

286 5305 356 5361 Ut
380 5348 396 5372 ,
427 5307 478 5359 in
503 5305 789 5374 Seripturis
816 5305 1128 5374 plerumque
1169 5317 1274 5357 non
1305 5317 1517 5358 causam
1563 5305 1825 5372 significat
1848 5347 1862 5370 ,

283 5397 380 5452 sed
409 5413 594 5452 rerum
627 5405 896 5451 eventum.
928 5393 1167 5463 Exempli
1195 5407 1351 5447 causa
1376 5434 1391 5459 ,
1424 5394 1864 5461 venilCln‘istus,

282 5499 338 5543 et
382 5502 528 5542 c:eco
565 5487 735 5540 visum
785 5483 1066 5540 reddidit:
1105 5482 1194 5538 ille
1236 5497 1366 5537 vero
1412 5483 1582 5552 ipsum
1629 5485 1869 5538 adoravit

286 5579 304 5648 (
331 5577 489 5631 Joan.
520 5577 552 5631 9
579 5577 598 5646 )
625 5595 638 5630 :
661 5575 828 5631 Iudici
849 5583 1032 5629 contra
1057 5615 1073 5639 ,
1097 5573 1198 5628 hoc
1217 5574 1268 5628 in
1293 5573 1570 5627 sanitatem
1602 5574 1865 5638 restituto,

288 5669 426 5724 nihil
456 5685 560 5724 non
592 5669 818 5739 agebant
857 5675 916 5721 ut
954 5666 1268 5721 miraculum
1298 5665 1682 5731 obscurarent;
1713 5674 1870 5735 atque

283 5761 559 5818 Christum
587 5760 937 5830 expellebant.
971 5759 1122 5822 Tunc
1149 5759 1307 5830 igitur
1333 5759 1404 5812 ait
1443 5757 1531 5811 ille
1575 5773 1588 5809 :
1633 5755 1700 5811 In
1723 5757 1869 5824 judi-

283 5855 420 5908 cium
449 5869 540 5923 ego
566 5853 676 5906 ιεεηί
701 5851 752 5905 in
780 5849 1026 5904 mundum
1054 5851 1186 5903 [tunc
1210 5887 1226 5908 .
1251 5857 1308 5902 ut
1335 5849 1418 5918 qui
1445 5863 1542 5901 non
1565 5847 1760 5916 vident,
1793 5847 1869 5902 ri-

1020 445 1097 500 lN
1138 443 1388 503 DICTUM
1427 442 1648 508 PAULI,
1692 441 2010 498 OPORTET
2041 442 2376 500 HIERESES
2415 443 2599 499 ESSE.

3419 445 3530 500 25‘

1943 562 2091 615 deant
2116 604 2129 624 ,
2159 571 2204 613 et
2234 561 2318 630 qui
2340 559 2504 612 vident
2527 599 2540 621 ,
2567 560 2686 612 caeci
2716 559 2842 626 ﬁant
2863 559 2880 628 (
2901 557 3056 612 Joan.
3085 557 3138 614 9.
3159 557 3232 614 39
3257 559 3296 628 ).
3323 558 3532 628 Ergone

1945 667 2004 706 ea
2045 653 2112 706 de
2165 664 2323 704 causa
2365 650 2548 711 venit,
2591 657 2650 702 ut
2687 649 2760 701 illi
2802 648 2927 702 caici
2968 647 3197 703 tierent?
3235 647 3349 701 Non
3387 655 3533 702 certe

1949 741 2070 796 ideo
2100 740 2244 794 venit
2272 757 2284 792 :
2327 738 2421 793 sed
2450 738 2573 792 illud
2601 737 2790 792 accidit
2813 778 2828 805 ,
2859 747 2912 792 et
2941 745 3186 792 eventum
3219 739 3292 792 rei
3325 737 3412 792 ille
3433 753 3532 792 ceu

1947 845 2160 885 causam
2187 829 2394 884 extulit.
2420 827 2652 882 Rursum
2677 869 2691 892 ,
2726 828 2808 882 lex
2834 827 2955 882 data
2990 836 3074 884 est
3102 837 3162 881 ut
3196 837 3532 898 peccatorum

1949 937 2162 978 Cursum
2188 929 2461 976 coerceret
2489 963 2502 988 ,
2532 928 2591 976 ut
2615 920 2998 975 moderatiores
3019 919 3254 975 efficeret
3276 936 3370 976 eos
3393 961 3410 983 ,
3441 923 3530 990 qui

1950 1013 2118 1083 ipsam
2163 1013 2484 1081 acciperent.
2525 1009 2629 1066 Sed
2667 1009 2737 1065 ob
2775 1010 2984 1064 illorum
3025 1010 3283 1081 ignaviam
3325 1020 3537 1065 contra-

1949 1105 2086 1158 rium
2117 1103 2310 1158 accidit
2343 1121 2353 1155 :
2385 1111 2600 1172 peccata
2631 1103 2774 1156 enim
2801 1111 3099 1168 auxerunt;
3135 1101 3369 1172 dicitque
3396 1101 3536 1156 Pau-

1953 1192 2082 1248 lus:
2138 1191 2247 1247 Lea:
2293 1201 2461 1246 autem
2502 1192 2838 1258 subintravit,
2886 1199 2940 1244 ut
2982 1191 3258 1245 abundaret
3291 1192 3538 1267 delictum

1953 1283 1974 1355 (
2004 1283 2158 1338 Rom.
2185 1283 2238 1338 5.
2265 1281 2338 1337 20
2367 1283 2405 1353 );
2437 1297 2558 1336 cum
2589 1291 2762 1336 tamen
2813 1297 2920 1335 non
2959 1282 3079 1337 ideo
3121 1281 3496 1337 subintraverit
3521 1321 3537 1343 ,

1955 1373 2051 1429 sed
2077 1383 2134 1427 ut
2165 1373 2429 1428 minueret
2457 1373 2728 1427 delictum.
2758 1373 2891 1426 illud
2917 1382 3092 1428 autem
3120 1373 3298 1427 evenit
3327 1381 3542 1442 propter

1955 1465 2347 1534 improbitatem
2383 1478 2569 1519 eorum
2597 1504 2612 1529 ,
2657 1464 2748 1533 qui
2799 1463 2940 1517 illam
2988 1474 3325 1533 acceperunt.
3371 1465 3459 1520 Sic
3487 1474 3543 1518 et

1955 1555 2058 1612 hoc
2103 1556 2220 1612 loco
2247 1596 2260 1622 ,
2293 1554 2406 1620 Ut,
2453 1570 2556 1609 non
2601 1569 2815 1610 causam
2855 1554 3086 1622 indicat,
3136 1555 3228 1610 sed
3271 1563 3538 1610 eventum.

1957 1646 2110 1715 Quod
2145 1647 2288 1701 enim
2334 1646 2435 1700 alia
2481 1647 2550 1700 sit
2586 1645 2868 1700 haeresium
2905 1660 3062 1701 causa
3087 1687 3102 1711 ,
3147 1645 3391 1716 quodque
3437 1661 3544 1701 non

1959 1739 2084 1795 ideo
2117 1739 2353 1794 haereses
2391 1738 2624 1804 fuerint,
2651 1746 2705 1792 ut
2743 1738 2832 1808 qui
2876 1737 3081 1808 probati
3124 1748 3303 1794 essent
3327 1781 3342 1804 ,
3377 1739 3546 1793 mani-

1958 1829 2084 1885 festi
2129 1831 2359 1898 ﬁerent,
2407 1828 2501 1884 sed
2550 1828 2765 1884 aliunde
2831 1829 3137 1884 occasiones
3201 1830 3541 1898 acceperint,

1958 1923 2082 1977 audi
2110 1924 2380 1979 Christum
2413 1925 2566 1978 nobis
2593 1924 2973 1979 declarantem.
3008 1923 3188 1979 Simile
3213 1925 3400 1992 factum
3431 1934 3541 1986 est,

1960 2015 2166 2086 inquit,
2200 2033 2410 2088 regnum
2437 2016 2676 2072 ctelorum
2713 2017 2904 2070 homini
2945 2017 3212 2070 sentinanti
3237 2015 3423 2070 bonum
3463 2032 3548 2070 se-

1964 2127 2078 2164 men
2119 2110 2174 2163 in
2212 2126 2334 2180 agro
2362 2125 2498 2176 suo;
2537 2119 2584 2162 et
2626 2109 2749 2162 dum
2781 2109 3060 2162 dormirent
3097 2109 3320 2162 hominum
3345 2149 3359 2172 ,
3417 2107 3550 2160 venit

1959 2203 2195 2256 inimicus
2222 2203 2370 2256 homo
2391 2243 2406 2268 ,
2453 2211 2499 2256 et
2544 2201 2806 2256 seminavit
2854 2201 3052 2254 zizania
3080 2199 3098 2272 (
3123 2199 3308 2253 Matth.
3339 2201 3428 2254 15.
3453 2200 3545 2254 24.

1959 2294 2098 2364 25).
2153 2294 2334 2349 Vidcn’
2363 2294 2483 2349 ideo
2530 2293 2765 2350 haereses
2811 2291 2975 2346 fuisse
3003 2335 3018 2360 ,
3062 2291 3201 2362 quod
3251 2291 3548 2346 dormirent

1964 2385 2213 2440 homines
2237 2426 2252 2450 ,
2283 2386 2530 2454 quoniam
2555 2397 2747 2454 segnes
2769 2391 2922 2438 erant
2942 2384 2968 2436 ἲ
2991 2385 3237 2451 quoniam
3261 2383 3414 2438 dictis
3443 2399 3547 2436 non

1965 2474 2252 2544 diligenter
2274 2475 2660 2529 attendehant?
2689 2474 2765 2528 Ne
2803 2474 2982 2542 itaque
3017 2473 3280 2542 quispiam
3307 2471 3507 2527 dixerit
3531 2514 3547 2536 ,

1961 2564 2071 2620 Cur
2100 2565 2200 2619 hoc
2231 2567 2470 2633 permisit
2497 2564 2784 2619 Christus?
2812 2565 2942 2618 dicit
2971 2563 3168 2618 Paulus
3203 2581 3216 2616 :
3260 2563 3386 2617 llzec
3426 2579 3550 2632 per-

1967 2656 2150 2710 missio
2178 2655 2308 2731 nihil
2335 2663 2384 2709 te
2406 2655 2551 2710 laedit
2579 2673 2592 2708 :
2625 2655 2668 2710 si
2697 2655 2948 2724 probatus
2976 2654 3139 2708 fueris
3164 2695 3177 2718 ,
3219 2654 3415 2709 clarior
3453 2670 3550 2724 ap-

1961 2748 2194 2816 parebis.
2228 2747 2343 2802 Non
2371 2749 2512 2802 enim
2539 2763 2632 2816 par
2658 2761 2744 2802 res
2775 2755 2858 2801 est
2879 2789 2892 2812 ,
2923 2747 3135 2802 nomine
3164 2746 3506 2815 supplantare
3531 2787 3548 2812 ,

1963 2839 2180 2894 nemine
2209 2838 2456 2908 decipere
2484 2847 2712 2893 conante
2737 2880 2751 2904 ,
2795 2839 2847 2892 in
2885 2847 3028 2892 recta
3057 2847 3200 2892 stare
3228 2837 3330 2892 ﬁde
3351 2877 3366 2902 ,
3393 2847 3552 2907 atque

1968 2929 2263 2984 innumeris
2305 2929 2707 2998 erumpentibus
2748 2930 3032 2999 procellis,
3089 2930 3458 2984 inconcussum
3498 2939 3552 2984 et

1965 3021 2292 3076 immobilem
2343 3035 2579 3075 manere.
2633 3019 3088 3088 Quemadmodum
3145 3020 3287 3074 enim
3328 3020 3551 3074 arbores

1964 3121 2246 3169 ventorum
2288 3113 2520 3181 undique
2563 3113 2880 3168 irruentium
2911 3116 3110 3181 impetu
3143 3113 3404 3167 firmiores
3433 3113 3553 3168 red-

1961 3204 2166 3260 duntur
2189 3247 2204 3271 ,
2238 3206 2280 3259 si
2310 3206 2524 3275 quidem
2555 3214 2702 3259 recte
2731 3213 2785 3259 et
2813 3214 3060 3259 accurate
3093 3205 3325 3260 radicem
3363 3219 3552 3274 posue-

1965 3299 2072 3352 rint
2097 3315 2109 3350 :
2139 3298 2216 3352 sic
2243 3307 2294 3351 et
2325 3299 2530 3352 animas
2559 3299 2609 3351 in
2639 3297 2986 3353 fundamento
3015 3306 3172 3352 rectm
3204 3297 3325 3352 ﬁdei
3349 3297 3553 3352 deﬂxas

1965 3388 2217 3457 quaelibet
2244 3389 2598 3457 irrumpentes
2644 3389 2877 3444 haereses
2922 3405 3026 3443 non
3064 3391 3416 3457 subvertnnt,
3457 3389 3554 3445 sed

1967 3479 2214 3534 fortiores
2241 3479 2486 3533 reddunt.
2520 3479 2654 3544 Quid
2695 3479 2854 3548 igitur
2892 3480 3132 3533 dicamus
3175 3479 3241 3534 de
3285 3480 3509 3534 infirmis
3532 3521 3549 3547 ,

1966 3569 2055 3640 qui
2088 3567 2242 3623 facile
2271 3577 2528 3623 corruunt
2555 3579 2606 3624 et
2638 3569 3084 3637 supplantantur?
3117 3567 3194 3622 Ne
3235 3569 3308 3623 illi
3339 3569 3550 3638 quidem

1969 3676 2064 3730 per
2090 3659 2358 3716 haereseos
2386 3665 2636 3730 impetum
2664 3703 2678 3722 ,
2717 3660 2811 3714 sed
2843 3675 2939 3730 per
2971 3661 3232 3728 propriam
3273 3661 3553 3715 inﬁrmita-

1971 3761 2074 3808 tem
2101 3753 2202 3808 hoc
2233 3754 2520 3823 patiuntur.
2567 3751 2930 3806 Infirmitatem
2963 3767 3092 3806 vero
3119 3768 3222 3806 non
3253 3753 3549 3808 naturalem

1967 3845 2088 3899 dico
2112 3887 2127 3908 ,
2169 3844 2261 3900 sed
2299 3859 2415 3898 eam
2439 3884 2454 3909 ,
2504 3859 2622 3913 qua:
2671 3851 2755 3897 est
2794 3859 2859 3898 ex
2910 3844 3182 3912 proposito
3225 3845 3548 3912 voluntatis,

1969 3951 2088 4005 qua:
2136 3934 2290 4004 digna
2345 3933 2797 4002 reprehensione,
2847 3947 3004 4002 paena
3047 3941 3204 4002 atque
3249 3934 3548 4002 supplicio,

1969 4039 2126 4094 quam
2183 4024 2472 4078 emendare
2527 4037 2690 4091 penes
2745 4039 2842 4077 nos
2893 4032 2992 4076 est.
3048 4023 3382 4092 Quapmpter
3429 4039 3550 4079 cum

1968 4114 2314 4170 emendamus
2337 4155 2353 4182 ,
2375 4114 2686 4178 laudamur;
2712 4129 2831 4168 cum
2859 4130 2961 4168 non
2983 4114 3329 4169 emendamus
3351 4156 3365 4180 ,
3391 4117 3550 4170 casti-

1967 4223 2178 4277 gamur.

2038 4299 2092 4353 2.
2150 4298 2388 4369 Vigilanti
2414 4300 2542 4353 nihil
2563 4300 2736 4353 dnnmi
2764 4299 2916 4367 infert
2962 4299 3210 4354 diabolus.
3268 4300 3375 4354 Vua:
3399 4345 3412 4366 ,
3442 4301 3548 4368 Ut,

1968 4391 2242 4459 aliquando
2267 4401 2493 4444 eventum
2514 4433 2526 4450 .
2559 4408 2659 4444 non
2688 4407 2892 4444 causam
2935 4393 3208 4460 signiﬁcat.
3252 4392 3548 4464 Eleemosy-

1968 4499 2050 4537 me
2075 4483 2272 4536 modus.
2299 4513 2370 4522 -——
2391 4483 2561 4550 Atque
2591 4491 2646 4534 ut
2667 4483 2840 4535 discas
2867 4482 2946 4536 eis
2970 4522 2984 4545 ,
3014 4484 3104 4552 qui
3130 4484 3348 4552 vigilant
3373 4527 3387 4549 ,
3417 4486 3548 4540 nihil

1971 4588 2164 4627 nocere
2181 4586 2338 4640 posse
2362 4614 2376 4638 ,
2401 4572 2612 4625 aliunde
2633 4572 2793 4626 etiam
2817 4571 2864 4624 id
2892 4571 3262 4626 demonstrare
3291 4583 3547 4643 satagam.

1969 4662 2105 4729 Quid
2133 4662 2350 4716 diabolo
2381 4661 2662 4730 malignius
2684 4703 2698 4725 ,
2745 4661 2870 4730 quid
2913 4661 3264 4715 sceleratius?
3300 4663 3548 4717 Attamen

1971 4752 2058 4806 hic
2109 4752 2373 4820 malignus
2415 4752 2849 4820 sccleratusrlue,
2893 4751 2982 4819 qui
3037 4752 3201 4805 multa
3245 4752 3292 4806 vi
3345 4753 3549 4822 pollet,

1970 4857 2090 4896 cum
2139 4841 2386 4896 omnibus
2431 4839 2690 4894 machinis
2735 4841 2845 4894 suis
2883 4840 2984 4895 Job
3031 4839 3249 4895 adortus
3275 4883 3290 4906 ,
3335 4851 3551 4912 totaque

1971 4931 2217 5002 pharetra
2243 4946 2336 4985 sua
2366 4931 2416 4984 in
2445 4930 2661 4984 domum
2704 4937 2760 4985 et
2803 4931 2852 4982 in
2893 4945 3088 5000 corpus
3125 4931 3255 5000 justi
3298 4931 3390 4985 viri
3426 4947 3553 4986 eva-

1970 5032 2124 5078 cuata
2150 5065 2164 5090 ,
2195 5037 2299 5076 non
2325 5021 2483 5076 modo
2507 5023 2680 5091 ipsum
2707 5037 2810 5074 non
2843 5021 3140 5088 subvertit,
3168 5022 3260 5076 sed
3285 5031 3334 5078 et
3363 5022 3553 5077 clario-

1971 5129 2084 5168 rem
2111 5113 2249 5168 fecit.
2287 5114 2352 5167 Et
2387 5113 2474 5168 ille
2508 5113 2722 5182 quidem
2765 5129 2796 5168 a
2829 5111 3042 5168 diabolo
3084 5116 3388 5170 nocumonti
3420 5115 3558 5172 nihil

1971 5206 2217 5274 accepit;
2264 5203 2428 5259 ludas
2462 5219 2590 5259 vero
2613 5245 2627 5271 ,
2669 5205 2918 5275 quoniam
2959 5207 3231 5276 negligens
3269 5209 3557 5279 segnisque

1971 5307 2088 5352 erat
2111 5338 2126 5362 ,
2159 5297 2374 5352 nihilex
2401 5296 2598 5352 Christi
2620 5299 2892 5353 consortio
2915 5299 3150 5353 lucratus
3169 5309 3288 5366 est,
3311 5303 3404 5356 sed
3433 5311 3555 5370 post

1975 5399 2052 5444 tot
2077 5391 2192 5445 illas
2218 5389 2620 5446 adhortationes
2643 5400 2804 5462 atque
2829 5391 3045 5446 consilia
3073 5391 3312 5460 proditor
3335 5393 3551 5447 mansit.

1972 5479 2142 5535 Causa
2171 5491 2346 5554 autem
2376 5491 2458 5535 est
2480 5523 2495 5548 ,
2527 5483 2648 5551 quia
2679 5481 2945 5537 neminem
2975 5482 3194 5536 invitum
3223 5481 3366 5552 cogit
3389 5484 3473 5538 vel
3499 5485 3553 5540 vi

1973 5563 2190 5626 adducit
2217 5572 2352 5626 Deus
2376 5613 2390 5637 ,
2417 5581 2474 5626 ut
2500 5587 2600 5627 nec
2637 5572 2784 5626 illum
2827 5574 3019 5643 coegit.
3061 5572 3265 5628 Eodem
3309 5574 3469 5630 modo
3510 5576 3552 5630 si

1976 5675 2074 5715 nos
2099 5661 2378 5730 vigilemus
2407 5701 2422 5728 ,
2468 5661 2600 5715 nihil
2631 5663 2932 5716 nocumonti
2964 5663 3116 5717 nobis
3142 5662 3334 5718 afferre
3361 5665 3560 5733 poterit

1973 5750 2214 5808 diabolus
2241 5768 2254 5816 ;
2283 5752 2366 5807 sin
2393 5769 2498 5807 non
2526 5753 2803 5824 vigilemus
2825 5796 2840 5820 ,
2888 5753 2982 5810 sed
3022 5755 3256 5826 segniter
3295 5771 3514 5828 agamus
3536 5793 3554 5821 ,

1975 5860 2044 5902 ne
2069 5847 2280 5916 quidem
2309 5847 2376 5904 ab
2401 5847 2466 5904 iis
2489 5877 2503 5916 ι
2535 5862 2656 5918 quae
2679 5846 2936 5920 prodesse
2962 5857 3178 5919 possent
3203 5889 3215 5914 ,
3241 5848 3376 5903 lucri
3405 5845 3555 5919 quid-
