  <div class='ocr_page' id='page_1' title='image "/cluster/home/n/w/nwhite01/storage/ocr_20150623/51/mdp.39015052813998/251.png"; bbox 0 0 4058 6258; ppageno 0'>
   <div class='ocr_carea' id='block_1_1' title="bbox 577 384 680 439">
    <p class='ocr_par' dir='ltr' id='par_1_1' title="bbox 577 384 680 439">
     <span class='ocr_line' id='line_1_1' title="bbox 577 384 680 439; baseline 0.01 -1"><span class='ocrx_word' id='word_1_1' title='bbox 577 384 680 439; x_wconf 68' lang='grc' dir='ltr'><strong>ἓῐὶὅ</strong></span> 
     </span>
    </p>
   </div>
   <div class='ocr_carea' id='block_1_2' title="bbox 571 493 2154 569">
    <p class='ocr_par' dir='ltr' id='par_1_2' title="bbox 571 493 2154 569">
     <span class='ocr_line' id='line_1_2' title="bbox 571 493 2154 569; baseline -0.004 -19"><span class='ocrx_word' id='word_1_2' title='bbox 571 513 710 569; x_wconf 71' lang='lat' dir='ltr'><strong>piam</strong></span> <span class='ocrx_word' id='word_1_3' title='bbox 738 495 1060 566; x_wconf 83' lang='lat' dir='ltr'><strong>aecipiemus</strong></span> <span class='ocrx_word' id='word_1_4' title='bbox 1087 512 1101 557; x_wconf 85' lang='lat'><strong>;</strong></span> <span class='ocrx_word' id='word_1_5' title='bbox 1132 497 1223 550; x_wconf 88' lang='lat' dir='ltr'><strong>sed</strong></span> <span class='ocrx_word' id='word_1_6' title='bbox 1254 496 1632 551; x_wconf 89' lang='lat' dir='ltr'><strong>detrimentum</strong></span> <span class='ocrx_word' id='word_1_7' title='bbox 1667 493 1821 547; x_wconf 91' lang='lat' dir='ltr'><strong>nobis</strong></span> <span class='ocrx_word' id='word_1_8' title='bbox 1845 493 1948 546; x_wconf 82' lang='lat' dir='ltr'><strong>erit</strong></span> <span class='ocrx_word' id='word_1_9' title='bbox 1975 498 2154 545; x_wconf 75' lang='lat' dir='ltr'><strong>extre-</strong></span> 
     </span>
    </p>
   </div>
   <div class='ocr_carea' id='block_1_3' title="bbox 573 585 2154 656">
    <p class='ocr_par' dir='ltr' id='par_1_3' title="bbox 573 585 2154 656">
     <span class='ocr_line' id='line_1_3' title="bbox 573 585 2154 656; baseline -0.007 -11"><span class='ocrx_word' id='word_1_10' title='bbox 573 606 718 649; x_wconf 67' lang='lat' dir='ltr'><strong>mum</strong></span> <span class='ocrx_word' id='word_1_11' title='bbox 748 607 761 641; x_wconf 89' lang='lat'><strong>:</strong></span> <span class='ocrx_word' id='word_1_12' title='bbox 795 599 996 642; x_wconf 87' lang='lat' dir='ltr'><strong>tantum</strong></span> <span class='ocrx_word' id='word_1_13' title='bbox 1029 588 1225 641; x_wconf 87' lang='lat' dir='ltr'><strong>malum</strong></span> <span class='ocrx_word' id='word_1_14' title='bbox 1253 597 1337 641; x_wconf 87' lang='lat' dir='ltr'><strong>est</strong></span> <span class='ocrx_word' id='word_1_15' title='bbox 1360 588 1632 656; x_wconf 78' lang='lat' dir='ltr'><strong>segnities.</strong></span> <span class='ocrx_word' id='word_1_16' title='bbox 1674 585 1871 641; x_wconf 67' lang='lat' dir='ltr'><strong>Judazis</strong></span> <span class='ocrx_word' id='word_1_17' title='bbox 1896 598 2023 648; x_wconf 79' lang='lat' dir='ltr'><strong>ergo</strong></span> <span class='ocrx_word' id='word_1_18' title='bbox 2051 597 2154 636; x_wconf 91' lang='lat' dir='ltr'><strong>non</strong></span> 
     </span>
    </p>
   </div>
   <div class='ocr_carea' id='block_1_4' title="bbox 576 676 2157 747">
    <p class='ocr_par' dir='ltr' id='par_1_4' title="bbox 576 676 2157 747">
     <span class='ocr_line' id='line_1_4' title="bbox 576 676 2157 747; baseline -0.004 -14"><span class='ocrx_word' id='word_1_19' title='bbox 576 679 737 734; x_wconf 87' lang='lat' dir='ltr'><strong>modo</strong></span> <span class='ocrx_word' id='word_1_20' title='bbox 762 678 895 733; x_wconf 84' lang='lat' dir='ltr'><strong>nihil</strong></span> <span class='ocrx_word' id='word_1_21' title='bbox 930 677 1125 747; x_wconf 75' lang='lat' dir='ltr'><strong>profuit</strong></span> <span class='ocrx_word' id='word_1_22' title='bbox 1155 678 1347 734; x_wconf 80' lang='lat' dir='ltr'><strong>Christi</strong></span> <span class='ocrx_word' id='word_1_23' title='bbox 1376 678 1634 732; x_wconf 78' lang='lat' dir='ltr'><strong>adventus</strong></span> <span class='ocrx_word' id='word_1_24' title='bbox 1658 719 1672 744; x_wconf 92' lang='lat'><strong>,</strong></span> <span class='ocrx_word' id='word_1_25' title='bbox 1721 676 1815 731; x_wconf 89' lang='lat' dir='ltr'><strong>sed</strong></span> <span class='ocrx_word' id='word_1_26' title='bbox 1858 676 2016 729; x_wconf 89' lang='lat' dir='ltr'><strong>etiam</strong></span> <span class='ocrx_word' id='word_1_27' title='bbox 2062 688 2157 728; x_wconf 93' lang='lat' dir='ltr'><strong>no—</strong></span> 
     </span>
    </p>
   </div>
   <div class='ocr_carea' id='block_1_5' title="bbox 570 766 2152 835">
    <p class='ocr_par' dir='ltr' id='par_1_5' title="bbox 570 766 2152 835">
     <span class='ocr_line' id='line_1_5' title="bbox 570 766 2152 835; baseline -0.004 -10"><span class='ocrx_word' id='word_1_28' title='bbox 570 771 716 825; x_wconf 88' lang='lat' dir='ltr'><strong>cuit:</strong></span> <span class='ocrx_word' id='word_1_29' title='bbox 746 786 851 824; x_wconf 91' lang='lat' dir='ltr'><strong>non</strong></span> <span class='ocrx_word' id='word_1_30' title='bbox 873 768 1114 824; x_wconf 79' lang='lat' dir='ltr'><strong>Christus</strong></span> <span class='ocrx_word' id='word_1_31' title='bbox 1144 769 1245 824; x_wconf 85' lang='lat' dir='ltr'><strong>illis</strong></span> <span class='ocrx_word' id='word_1_32' title='bbox 1267 769 1317 824; x_wconf 92' lang='lat' dir='ltr'><strong>in</strong></span> <span class='ocrx_word' id='word_1_33' title='bbox 1340 784 1495 824; x_wconf 87' lang='lat' dir='ltr'><strong>causa</strong></span> <span class='ocrx_word' id='word_1_34' title='bbox 1520 768 1614 823; x_wconf 82' lang='lat' dir='ltr'><strong>fuit</strong></span> <span class='ocrx_word' id='word_1_35' title='bbox 1639 809 1654 834; x_wconf 92' lang='lat'><strong>,</strong></span> <span class='ocrx_word' id='word_1_36' title='bbox 1685 767 1777 823; x_wconf 92' lang='lat' dir='ltr'><strong>sed</strong></span> <span class='ocrx_word' id='word_1_37' title='bbox 1802 781 1895 821; x_wconf 85' lang='lat' dir='ltr'><strong>sua</strong></span> <span class='ocrx_word' id='word_1_38' title='bbox 1919 766 2152 835; x_wconf 90' lang='lat' dir='ltr'><strong>ipsorum</strong></span> 
     </span>
    </p>
   </div>
   <div class='ocr_carea' id='block_1_6' title="bbox 570 857 2152 929">
    <p class='ocr_par' dir='ltr' id='par_1_6' title="bbox 570 857 2152 929">
     <span class='ocr_line' id='line_1_6' title="bbox 570 857 2152 929; baseline -0.003 -14"><span class='ocrx_word' id='word_1_39' title='bbox 570 861 822 929; x_wconf 81' lang='lat' dir='ltr'><strong>segnities</strong></span> <span class='ocrx_word' id='word_1_40' title='bbox 852 871 906 915; x_wconf 86' lang='lat' dir='ltr'><strong>et</strong></span> <span class='ocrx_word' id='word_1_41' title='bbox 933 861 1260 929; x_wconf 87' lang='lat' dir='ltr'><strong>improbitas.</strong></span> <span class='ocrx_word' id='word_1_42' title='bbox 1296 860 1351 915; x_wconf 80' lang='grc' dir='ltr'>ω</span> <span class='ocrx_word' id='word_1_43' title='bbox 1381 876 1508 916; x_wconf 84' lang='lat' dir='ltr'><strong>vero</strong></span> <span class='ocrx_word' id='word_1_44' title='bbox 1534 860 1799 915; x_wconf 85' lang='lat' dir='ltr'><strong>Christum</strong></span> <span class='ocrx_word' id='word_1_45' title='bbox 1830 860 2000 928; x_wconf 88' lang='lat' dir='ltr'><strong>ipsum</strong></span> <span class='ocrx_word' id='word_1_46' title='bbox 2030 857 2152 912; x_wconf 89' lang='lat' dir='ltr'><strong>audi</strong></span> 
     </span>
    </p>
   </div>
   <div class='ocr_carea' id='block_1_7' title="bbox 571 952 2154 1024">
    <p class='ocr_par' dir='ltr' id='par_1_7' title="bbox 571 952 2154 1024">
     <span class='ocr_line' id='line_1_7' title="bbox 571 952 2154 1024; baseline -0.001 -19"><span class='ocrx_word' id='word_1_47' title='bbox 571 955 833 1009; x_wconf 79' lang='lat' dir='ltr'><strong>dicentem</strong></span> <span class='ocrx_word' id='word_1_48' title='bbox 866 971 880 1007; x_wconf 89' lang='lat'><strong>:</strong></span> <span class='ocrx_word' id='word_1_49' title='bbox 914 952 1030 1007; x_wconf 80' lang='lat' dir='ltr'><strong>Nisi</strong></span> <span class='ocrx_word' id='word_1_50' title='bbox 1058 953 1337 1018; x_wconf 79' lang='lat' dir='ltr'><strong>venissem,</strong></span> <span class='ocrx_word' id='word_1_51' title='bbox 1373 954 1579 1023; x_wconf 90' lang='lat' dir='ltr'><strong>inquit,</strong></span> <span class='ocrx_word' id='word_1_52' title='bbox 1611 963 1655 1006; x_wconf 85' lang='lat' dir='ltr'><strong>et</strong></span> <span class='ocrx_word' id='word_1_53' title='bbox 1685 953 1920 1024; x_wconf 85' lang='lat' dir='ltr'><strong>loquutus</strong></span> <span class='ocrx_word' id='word_1_54' title='bbox 1948 952 2154 1021; x_wconf 80' lang='lat' dir='ltr'><strong>fuissem</strong></span> 
     </span>
    </p>
   </div>
   <div class='ocr_carea' id='block_1_8' title="bbox 568 1041 2154 1114">
    <p class='ocr_par' dir='ltr' id='par_1_8' title="bbox 568 1041 2154 1114">
     <span class='ocr_line' id='line_1_8' title="bbox 568 1041 2154 1114; baseline -0.002 -18"><span class='ocrx_word' id='word_1_55' title='bbox 568 1046 641 1101; x_wconf 80' lang='lat' dir='ltr'><strong>eis</strong></span> <span class='ocrx_word' id='word_1_56' title='bbox 660 1086 673 1107; x_wconf 86' lang='lat'><strong>.</strong></span> <span class='ocrx_word' id='word_1_57' title='bbox 710 1053 964 1114; x_wconf 79' lang='lat' dir='ltr'><strong>peccatum</strong></span> <span class='ocrx_word' id='word_1_58' title='bbox 994 1060 1094 1097; x_wconf 89' lang='lat' dir='ltr'><strong>non</strong></span> <span class='ocrx_word' id='word_1_59' title='bbox 1122 1044 1358 1097; x_wconf 80' lang='lat' dir='ltr'><strong>haberent</strong></span> <span class='ocrx_word' id='word_1_60' title='bbox 1381 1060 1399 1098; x_wconf 90' lang='lat'><strong><em>:</em></strong></span> <span class='ocrx_word' id='word_1_61' title='bbox 1428 1060 1560 1096; x_wconf 88' lang='lat' dir='ltr'><strong>nunc</strong></span> <span class='ocrx_word' id='word_1_62' title='bbox 1588 1053 1753 1097; x_wconf 83' lang='lat' dir='ltr'><strong>autem</strong></span> <span class='ocrx_word' id='word_1_63' title='bbox 1781 1041 2154 1096; x_wconf 74' lang='lat' dir='ltr'><strong>excusationem</strong></span> 
     </span>
    </p>
   </div>
   <div class='ocr_carea' id='block_1_9' title="bbox 573 1132 2156 1207">
    <p class='ocr_par' dir='ltr' id='par_1_9' title="bbox 573 1132 2156 1207">
     <span class='ocr_line' id='line_1_9' title="bbox 573 1132 2156 1207; baseline -0.001 -18"><span class='ocrx_word' id='word_1_64' title='bbox 573 1155 673 1190; x_wconf 88' lang='lat' dir='ltr'><strong>non</strong></span> <span class='ocrx_word' id='word_1_65' title='bbox 704 1136 884 1190; x_wconf 80' lang='lat' dir='ltr'><strong>habent</strong></span> <span class='ocrx_word' id='word_1_66' title='bbox 920 1136 985 1189; x_wconf 85' lang='lat' dir='ltr'><strong>de</strong></span> <span class='ocrx_word' id='word_1_67' title='bbox 1028 1146 1228 1206; x_wconf 81' lang='lat' dir='ltr'><strong>peccato</strong></span> <span class='ocrx_word' id='word_1_68' title='bbox 1274 1153 1365 1190; x_wconf 84' lang='lat' dir='ltr'><strong>suo</strong></span> <span class='ocrx_word' id='word_1_69' title='bbox 1413 1136 1605 1207; x_wconf 88' lang='lat' dir='ltr'><strong>(Joan.</strong></span> <span class='ocrx_word' id='word_1_70' title='bbox 1653 1136 1740 1189; x_wconf 77' lang='grc'><strong>15.</strong></span> <span class='ocrx_word' id='word_1_71' title='bbox 1784 1134 1855 1188; x_wconf 71' lang='grc'><strong>22</strong></span> <span class='ocrx_word' id='word_1_72' title='bbox 1880 1134 1920 1203; x_wconf 92' lang='grc'><strong>).</strong></span> <span class='ocrx_word' id='word_1_73' title='bbox 1970 1132 2156 1187; x_wconf 81' lang='lat' dir='ltr'><strong>Viden&#39;</strong></span> 
     </span>
    </p>
   </div>
   <div class='ocr_carea' id='block_1_10' title="bbox 570 1226 2151 1297">
    <p class='ocr_par' dir='ltr' id='par_1_10' title="bbox 570 1226 2151 1297">
     <span class='ocr_line' id='line_1_10' title="bbox 570 1226 2151 1297; baseline -0.001 -19"><span class='ocrx_word' id='word_1_74' title='bbox 570 1228 853 1281; x_wconf 79' lang='lat' dir='ltr'><strong>adventum</strong></span> <span class='ocrx_word' id='word_1_75' title='bbox 885 1227 1001 1295; x_wconf 87' lang='lat' dir='ltr'><strong>ejus</strong></span> <span class='ocrx_word' id='word_1_76' title='bbox 1042 1235 1097 1282; x_wconf 89' lang='lat' dir='ltr'><strong>et</strong></span> <span class='ocrx_word' id='word_1_77' title='bbox 1132 1228 1286 1282; x_wconf 88' lang='lat' dir='ltr'><strong>venia</strong></span> <span class='ocrx_word' id='word_1_78' title='bbox 1330 1228 1475 1297; x_wconf 92' lang='lat' dir='ltr'><strong>ipsos</strong></span> <span class='ocrx_word' id='word_1_79' title='bbox 1518 1226 1754 1297; x_wconf 78' lang='lat' dir='ltr'><strong>privasse</strong></span> <span class='ocrx_word' id='word_1_80' title='bbox 1779 1268 1795 1292; x_wconf 91' lang='lat'><strong>,</strong></span> <span class='ocrx_word' id='word_1_81' title='bbox 1845 1235 1899 1279; x_wconf 91' lang='lat' dir='ltr'><strong>et</strong></span> <span class='ocrx_word' id='word_1_82' title='bbox 1936 1240 2151 1278; x_wconf 90' lang='lat' dir='ltr'><strong>omnem</strong></span> 
     </span>
    </p>
   </div>
   <div class='ocr_carea' id='block_1_11' title="bbox 566 1315 2150 1373">
    <p class='ocr_par' dir='ltr' id='par_1_11' title="bbox 566 1315 2150 1373">
     <span class='ocr_line' id='line_1_11' title="bbox 566 1315 2150 1373; baseline -0.002 -2"><span class='ocrx_word' id='word_1_83' title='bbox 566 1318 892 1373; x_wconf 82' lang='lat' dir='ltr'><strong>delensionis</strong></span> <span class='ocrx_word' id='word_1_84' title='bbox 930 1317 1143 1372; x_wconf 90' lang='lat' dir='ltr'><strong>modum</strong></span> <span class='ocrx_word' id='word_1_85' title='bbox 1184 1318 1467 1372; x_wconf 88' lang='lat' dir='ltr'><strong>abstulisse</strong></span> <span class='ocrx_word' id='word_1_86' title='bbox 1485 1317 1508 1372; x_wconf 66' lang='grc' dir='ltr'><strong>’ἶ</strong></span> <span class='ocrx_word' id='word_1_87' title='bbox 1553 1317 1779 1371; x_wconf 89' lang='lat' dir='ltr'><strong>Tantum</strong></span> <span class='ocrx_word' id='word_1_88' title='bbox 1831 1325 1913 1370; x_wconf 91' lang='lat' dir='ltr'><strong>cst</strong></span> <span class='ocrx_word' id='word_1_89' title='bbox 1954 1315 2150 1369; x_wconf 89' lang='lat' dir='ltr'><strong>malum</strong></span> 
     </span>
    </p>
   </div>
   <div class='ocr_carea' id='block_1_12' title="bbox 570 1408 2146 1477">
    <p class='ocr_par' dir='ltr' id='par_1_12' title="bbox 570 1408 2146 1477">
     <span class='ocr_line' id='line_1_12' title="bbox 570 1408 2146 1477; baseline -0.003 -14"><span class='ocrx_word' id='word_1_90' title='bbox 570 1425 676 1463; x_wconf 92' lang='lat' dir='ltr'><strong>non</strong></span> <span class='ocrx_word' id='word_1_91' title='bbox 704 1408 979 1463; x_wconf 89' lang='lat' dir='ltr'><strong>attendere</strong></span> <span class='ocrx_word' id='word_1_92' title='bbox 1005 1408 1145 1474; x_wconf 91' lang='lat' dir='ltr'><strong>sibi,</strong></span> <span class='ocrx_word' id='word_1_93' title='bbox 1178 1423 1351 1476; x_wconf 87' lang='lat' dir='ltr'><strong>neque</strong></span> <span class='ocrx_word' id='word_1_94' title='bbox 1380 1422 1473 1463; x_wconf 88' lang='lat' dir='ltr'><strong>sua</strong></span> <span class='ocrx_word' id='word_1_95' title='bbox 1503 1448 1517 1473; x_wconf 94' lang='lat'><strong>,</strong></span> <span class='ocrx_word' id='word_1_96' title='bbox 1554 1417 1609 1461; x_wconf 89' lang='lat' dir='ltr'><strong>ut</strong></span> <span class='ocrx_word' id='word_1_97' title='bbox 1649 1422 1748 1477; x_wconf 88' lang='lat' dir='ltr'><strong>par</strong></span> <span class='ocrx_word' id='word_1_98' title='bbox 1791 1416 1873 1461; x_wconf 90' lang='lat' dir='ltr'><strong>est</strong></span> <span class='ocrx_word' id='word_1_99' title='bbox 1893 1447 1911 1473; x_wconf 96' lang='lat'><strong>,</strong></span> <span class='ocrx_word' id='word_1_100' title='bbox 1942 1420 2146 1461; x_wconf 91' lang='lat' dir='ltr'><strong>curare.</strong></span> 
     </span>
    </p>
   </div>
   <div class='ocr_carea' id='block_1_13' title="bbox 570 1492 2153 1569">
    <p class='ocr_par' dir='ltr' id='par_1_13' title="bbox 570 1492 2153 1569">
     <span class='ocr_line' id='line_1_13' title="bbox 570 1492 2153 1569; baseline -0.002 -15"><span class='ocrx_word' id='word_1_101' title='bbox 570 1501 681 1554; x_wconf 88' lang='lat' dir='ltr'><strong>Hoc</strong></span> <span class='ocrx_word' id='word_1_102' title='bbox 705 1509 761 1554; x_wconf 91' lang='lat' dir='ltr'><strong>et</strong></span> <span class='ocrx_word' id='word_1_103' title='bbox 786 1500 836 1553; x_wconf 90' lang='lat' dir='ltr'><strong>in</strong></span> <span class='ocrx_word' id='word_1_104' title='bbox 864 1500 1176 1569; x_wconf 82' lang='lat' dir='ltr'><strong>corporibus</strong></span> <span class='ocrx_word' id='word_1_105' title='bbox 1197 1499 1378 1553; x_wconf 85' lang='lat' dir='ltr'><strong>videre</strong></span> <span class='ocrx_word' id='word_1_106' title='bbox 1406 1492 1489 1553; x_wconf 81' lang='lat' dir='ltr'><strong>est</strong></span> <span class='ocrx_word' id='word_1_107' title='bbox 1516 1516 1528 1552; x_wconf 90' lang='lat'><strong>:</strong></span> <span class='ocrx_word' id='word_1_108' title='bbox 1553 1514 1673 1552; x_wconf 90' lang='lat' dir='ltr'><strong>eum</strong></span> <span class='ocrx_word' id='word_1_109' title='bbox 1703 1502 1842 1552; x_wconf 90' lang='lat' dir='ltr'><strong>enim</strong></span> <span class='ocrx_word' id='word_1_110' title='bbox 1866 1497 1956 1567; x_wconf 88' lang='lat' dir='ltr'><strong>qui</strong></span> <span class='ocrx_word' id='word_1_111' title='bbox 1983 1497 2153 1551; x_wconf 88' lang='lat' dir='ltr'><strong>oculis</strong></span> 
     </span>
    </p>
   </div>
   <div class='ocr_carea' id='block_1_14' title="bbox 568 1589 2152 1662">
    <p class='ocr_par' dir='ltr' id='par_1_14' title="bbox 568 1589 2152 1662">
     <span class='ocr_line' id='line_1_14' title="bbox 568 1589 2152 1662; baseline 0 -19"><span class='ocrx_word' id='word_1_112' title='bbox 568 1589 775 1644; x_wconf 88' lang='lat' dir='ltr'><strong>laborat</strong></span> <span class='ocrx_word' id='word_1_113' title='bbox 799 1632 813 1655; x_wconf 90' lang='lat'><strong>,</strong></span> <span class='ocrx_word' id='word_1_114' title='bbox 840 1590 949 1662; x_wconf 77' lang='lat' dir='ltr'><strong>ipse</strong></span> <span class='ocrx_word' id='word_1_115' title='bbox 977 1590 1057 1644; x_wconf 87' lang='lat' dir='ltr'><strong>sol</strong></span> <span class='ocrx_word' id='word_1_116' title='bbox 1082 1590 1306 1661; x_wconf 80' lang='lat' dir='ltr'><strong>caligine</strong></span> <span class='ocrx_word' id='word_1_117' title='bbox 1323 1589 1602 1645; x_wconf 81' lang='lat' dir='ltr'><strong>effundere</strong></span> <span class='ocrx_word' id='word_1_118' title='bbox 1624 1591 1792 1655; x_wconf 87' lang='lat' dir='ltr'><strong>solet,</strong></span> <span class='ocrx_word' id='word_1_119' title='bbox 1817 1605 2002 1644; x_wconf 90' lang='lat' dir='ltr'><strong>sanum</strong></span> <span class='ocrx_word' id='word_1_120' title='bbox 2025 1604 2152 1643; x_wconf 89' lang='lat' dir='ltr'><strong>vero</strong></span> 
     </span>
    </p>
   </div>
   <div class='ocr_carea' id='block_1_15' title="bbox 570 1681 2149 1751">
    <p class='ocr_par' dir='ltr' id='par_1_15' title="bbox 570 1681 2149 1751">
     <span class='ocr_line' id='line_1_15' title="bbox 570 1681 2149 1751; baseline -0.001 -17"><span class='ocrx_word' id='word_1_121' title='bbox 570 1697 638 1736; x_wconf 87' lang='lat' dir='ltr'><strong>ne</strong></span> <span class='ocrx_word' id='word_1_122' title='bbox 669 1682 903 1736; x_wconf 63' lang='lat' dir='ltr'><strong>tenebrat</strong></span> <span class='ocrx_word' id='word_1_123' title='bbox 932 1681 1146 1751; x_wconf 83' lang='lat' dir='ltr'><strong>quidem</strong></span> <span class='ocrx_word' id='word_1_124' title='bbox 1178 1681 1373 1735; x_wconf 70' lang='lat' dir='ltr'><strong>lmdere</strong></span> <span class='ocrx_word' id='word_1_125' title='bbox 1404 1693 1640 1750; x_wconf 89' lang='lat' dir='ltr'><strong>possunt.</strong></span> <span class='ocrx_word' id='word_1_126' title='bbox 1681 1681 1796 1735; x_wconf 89' lang='lat' dir='ltr'><strong>Non</strong></span> <span class='ocrx_word' id='word_1_127' title='bbox 1836 1681 1951 1735; x_wconf 85' lang='lat' dir='ltr'><strong>sine</strong></span> <span class='ocrx_word' id='word_1_128' title='bbox 1989 1696 2149 1735; x_wconf 79' lang='lat' dir='ltr'><strong>causa</strong></span> 
     </span>
    </p>
   </div>
   <div class='ocr_carea' id='block_1_16' title="bbox 567 1772 2148 1843">
    <p class='ocr_par' dir='ltr' id='par_1_16' title="bbox 567 1772 2148 1843">
     <span class='ocr_line' id='line_1_16' title="bbox 567 1772 2148 1843; baseline 0.003 -20"><span class='ocrx_word' id='word_1_129' title='bbox 567 1772 766 1828; x_wconf 83' lang='lat' dir='ltr'><strong>diutius</strong></span> <span class='ocrx_word' id='word_1_130' title='bbox 807 1772 948 1827; x_wconf 90' lang='lat' dir='ltr'><strong>hunc</strong></span> <span class='ocrx_word' id='word_1_131' title='bbox 990 1787 1291 1833; x_wconf 87' lang='lat' dir='ltr'><strong>sermonem</strong></span> <span class='ocrx_word' id='word_1_132' title='bbox 1340 1772 1618 1843; x_wconf 88' lang='lat' dir='ltr'><strong>produco:</strong></span> <span class='ocrx_word' id='word_1_133' title='bbox 1662 1772 1755 1828; x_wconf 87' lang='lat' dir='ltr'><strong>sed</strong></span> <span class='ocrx_word' id='word_1_134' title='bbox 1804 1774 1923 1843; x_wconf 87' lang='lat' dir='ltr'><strong>quia</strong></span> <span class='ocrx_word' id='word_1_135' title='bbox 1957 1773 2148 1841; x_wconf 91' lang='lat' dir='ltr'><strong>multi,</strong></span> 
     </span>
    </p>
   </div>
   <div class='ocr_carea' id='block_1_17' title="bbox 570 1864 2150 1935">
    <p class='ocr_par' dir='ltr' id='par_1_17' title="bbox 570 1864 2150 1935">
     <span class='ocr_line' id='line_1_17' title="bbox 570 1864 2150 1935; baseline 0.001 -17"><span class='ocrx_word' id='word_1_136' title='bbox 570 1882 691 1918; x_wconf 88' lang='lat' dir='ltr'><strong>cum</strong></span> <span class='ocrx_word' id='word_1_137' title='bbox 719 1866 998 1935; x_wconf 88' lang='lat' dir='ltr'><strong>segnitiem</strong></span> <span class='ocrx_word' id='word_1_138' title='bbox 1030 1881 1179 1920; x_wconf 90' lang='lat' dir='ltr'><strong>suam</strong></span> <span class='ocrx_word' id='word_1_139' title='bbox 1207 1865 1424 1934; x_wconf 84' lang='lat' dir='ltr'><strong>culpare</strong></span> <span class='ocrx_word' id='word_1_140' title='bbox 1452 1907 1465 1929; x_wconf 91' lang='lat'><strong>,</strong></span> <span class='ocrx_word' id='word_1_141' title='bbox 1510 1880 1573 1919; x_wconf 90' lang='lat' dir='ltr'><strong>ac</strong></span> <span class='ocrx_word' id='word_1_142' title='bbox 1614 1864 2003 1935; x_wconf 78' lang='lat' dir='ltr'><strong>improbitatem</strong></span> <span class='ocrx_word' id='word_1_143' title='bbox 2033 1876 2150 1921; x_wconf 91' lang='lat' dir='ltr'><strong>stu-</strong></span> 
     </span>
    </p>
   </div>
   <div class='ocr_carea' id='block_1_18' title="bbox 568 1955 2151 2027">
    <p class='ocr_par' dir='ltr' id='par_1_18' title="bbox 568 1955 2151 2027">
     <span class='ocr_line' id='line_1_18' title="bbox 568 1955 2151 2027; baseline 0.003 -20"><span class='ocrx_word' id='word_1_144' title='bbox 568 1970 857 2026; x_wconf 81' lang='lat' dir='ltr'><strong>poremque</strong></span> <span class='ocrx_word' id='word_1_145' title='bbox 886 1971 1041 2010; x_wconf 90' lang='lat' dir='ltr'><strong>suum</strong></span> <span class='ocrx_word' id='word_1_146' title='bbox 1071 1956 1337 2027; x_wconf 80' lang='lat' dir='ltr'><strong>corrigere</strong></span> <span class='ocrx_word' id='word_1_147' title='bbox 1365 1955 1623 2011; x_wconf 88' lang='lat' dir='ltr'><strong>deberent</strong></span> <span class='ocrx_word' id='word_1_148' title='bbox 1645 1998 1662 2025; x_wconf 94' lang='lat'><strong>,</strong></span> <span class='ocrx_word' id='word_1_149' title='bbox 1701 1955 1799 2010; x_wconf 88' lang='lat' dir='ltr'><strong>hac</strong></span> <span class='ocrx_word' id='word_1_150' title='bbox 1834 1956 1997 2011; x_wconf 87' lang='lat' dir='ltr'><strong>missa</strong></span> <span class='ocrx_word' id='word_1_151' title='bbox 2022 1971 2151 2011; x_wconf 87' lang='lat' dir='ltr'><strong>cura</strong></span> 
     </span>
    </p>
   </div>
   <div class='ocr_carea' id='block_1_19' title="bbox 566 2049 2150 2120">
    <p class='ocr_par' dir='ltr' id='par_1_19' title="bbox 566 2049 2150 2120">
     <span class='ocr_line' id='line_1_19' title="bbox 566 2049 2150 2120; baseline 0.001 -17"><span class='ocrx_word' id='word_1_152' title='bbox 566 2049 900 2103; x_wconf 86' lang='lat' dir='ltr'><strong>circumeunt</strong></span> <span class='ocrx_word' id='word_1_153' title='bbox 950 2049 1165 2119; x_wconf 80' lang='lat' dir='ltr'><strong>frigidas</strong></span> <span class='ocrx_word' id='word_1_154' title='bbox 1218 2049 1592 2105; x_wconf 84' lang='lat' dir='ltr'><strong>excusationes</strong></span> <span class='ocrx_word' id='word_1_155' title='bbox 1648 2058 1952 2120; x_wconf 68' lang='lat' dir='ltr'><strong>qumrentes</strong></span> <span class='ocrx_word' id='word_1_156' title='bbox 1990 2057 2150 2120; x_wconf 85' lang='lat' dir='ltr'><strong>atque</strong></span> 
     </span>
    </p>
   </div>
   <div class='ocr_carea' id='block_1_20' title="bbox 565 2141 2149 2212">
    <p class='ocr_par' dir='ltr' id='par_1_20' title="bbox 565 2141 2149 2212">
     <span class='ocr_line' id='line_1_20' title="bbox 565 2141 2149 2212; baseline 0.003 -18"><span class='ocrx_word' id='word_1_157' title='bbox 565 2141 807 2196; x_wconf 84' lang='lat' dir='ltr'><strong>dicentes</strong></span> <span class='ocrx_word' id='word_1_158' title='bbox 839 2158 853 2195; x_wconf 90' lang='lat'><strong>:</strong></span> <span class='ocrx_word' id='word_1_159' title='bbox 885 2142 995 2196; x_wconf 79' lang='lat' dir='ltr'><strong>Nisi</strong></span> <span class='ocrx_word' id='word_1_160' title='bbox 1027 2142 1269 2197; x_wconf 86' lang='lat' dir='ltr'><strong>diabolus</strong></span> <span class='ocrx_word' id='word_1_161' title='bbox 1309 2150 1491 2209; x_wconf 90' lang='lat' dir='ltr'><strong>esset,</strong></span> <span class='ocrx_word' id='word_1_162' title='bbox 1529 2157 1635 2196; x_wconf 92' lang='lat' dir='ltr'><strong>non</strong></span> <span class='ocrx_word' id='word_1_163' title='bbox 1677 2142 2011 2212; x_wconf 86' lang='lat' dir='ltr'><strong>periremus;</strong></span> <span class='ocrx_word' id='word_1_164' title='bbox 2048 2142 2149 2199; x_wconf 86' lang='lat' dir='ltr'><strong>nisi</strong></span> 
     </span>
    </p>
   </div>
   <div class='ocr_carea' id='block_1_21' title="bbox 565 2232 2146 2303">
    <p class='ocr_par' dir='ltr' id='par_1_21' title="bbox 565 2232 2146 2303">
     <span class='ocr_line' id='line_1_21' title="bbox 565 2232 2146 2303; baseline 0.001 -17"><span class='ocrx_word' id='word_1_165' title='bbox 565 2232 646 2286; x_wconf 78' lang='lat' dir='ltr'><strong>lex</strong></span> <span class='ocrx_word' id='word_1_166' title='bbox 697 2243 880 2300; x_wconf 85' lang='lat' dir='ltr'><strong>esset,</strong></span> <span class='ocrx_word' id='word_1_167' title='bbox 930 2248 1036 2287; x_wconf 87' lang='lat' dir='ltr'><strong>non</strong></span> <span class='ocrx_word' id='word_1_168' title='bbox 1081 2247 1463 2303; x_wconf 88' lang='lat' dir='ltr'><strong>peccaremus;</strong></span> <span class='ocrx_word' id='word_1_169' title='bbox 1505 2233 1606 2288; x_wconf 91' lang='lat' dir='ltr'><strong>nisi</strong></span> <span class='ocrx_word' id='word_1_170' title='bbox 1654 2233 1887 2289; x_wconf 64' lang='lat' dir='ltr'><strong>haereses</strong></span> <span class='ocrx_word' id='word_1_171' title='bbox 1925 2244 2146 2301; x_wconf 85' lang='lat' dir='ltr'><strong>essent,</strong></span> 
     </span>
    </p>
   </div>
   <div class='ocr_carea' id='block_1_22' title="bbox 564 2325 2148 2397">
    <p class='ocr_par' dir='ltr' id='par_1_22' title="bbox 564 2325 2148 2397">
     <span class='ocr_line' id='line_1_22' title="bbox 564 2325 2148 2397; baseline 0.002 -19"><span class='ocrx_word' id='word_1_172' title='bbox 564 2340 670 2378; x_wconf 87' lang='lat' dir='ltr'><strong>non</strong></span> <span class='ocrx_word' id='word_1_173' title='bbox 710 2325 1193 2395; x_wconf 75' lang='lat' dir='ltr'><strong>supplantaremur.</strong></span> <span class='ocrx_word' id='word_1_174' title='bbox 1225 2325 1350 2382; x_wconf 69' lang='lat' dir='ltr'><strong>llmc</strong></span> <span class='ocrx_word' id='word_1_175' title='bbox 1388 2335 1514 2381; x_wconf 90' lang='lat' dir='ltr'><strong>sunt</strong></span> <span class='ocrx_word' id='word_1_176' title='bbox 1554 2327 1803 2383; x_wconf 88' lang='lat' dir='ltr'><strong>obtentus</strong></span> <span class='ocrx_word' id='word_1_177' title='bbox 1833 2336 1888 2383; x_wconf 90' lang='lat' dir='ltr'><strong>et</strong></span> <span class='ocrx_word' id='word_1_178' title='bbox 1916 2336 2148 2397; x_wconf 67' lang='lat' dir='ltr'><strong>prattex-</strong></span> 
     </span>
    </p>
   </div>
   <div class='ocr_carea' id='block_1_23' title="bbox 564 2416 2146 2488">
    <p class='ocr_par' dir='ltr' id='par_1_23' title="bbox 564 2416 2146 2488">
     <span class='ocr_line' id='line_1_23' title="bbox 564 2416 2146 2488; baseline 0.002 -19"><span class='ocrx_word' id='word_1_179' title='bbox 564 2426 650 2469; x_wconf 90' lang='lat' dir='ltr'><strong>tus</strong></span> <span class='ocrx_word' id='word_1_180' title='bbox 678 2457 693 2482; x_wconf 96' lang='lat'><strong>,</strong></span> <span class='ocrx_word' id='word_1_181' title='bbox 728 2416 796 2470; x_wconf 89' lang='lat' dir='ltr'><strong>mi</strong></span> <span class='ocrx_word' id='word_1_182' title='bbox 826 2417 985 2471; x_wconf 82' lang='grc' dir='ltr'>ιιοιιιο</span> <span class='ocrx_word' id='word_1_183' title='bbox 1010 2435 1024 2472; x_wconf 90' lang='lat'><strong>:</strong></span> <span class='ocrx_word' id='word_1_184' title='bbox 1054 2418 1292 2487; x_wconf 78' lang='lat' dir='ltr'><strong>vigilanti</strong></span> <span class='ocrx_word' id='word_1_185' title='bbox 1320 2419 1465 2473; x_wconf 90' lang='lat' dir='ltr'><strong>enim</strong></span> <span class='ocrx_word' id='word_1_186' title='bbox 1492 2418 1625 2473; x_wconf 85' lang='lat' dir='ltr'><strong>nihil</strong></span> <span class='ocrx_word' id='word_1_187' title='bbox 1660 2426 1820 2474; x_wconf 89' lang='lat' dir='ltr'><strong>nocet</strong></span> <span class='ocrx_word' id='word_1_188' title='bbox 1856 2434 2104 2488; x_wconf 87' lang='lat' dir='ltr'><strong>umquam</strong></span> <span class='ocrx_word' id='word_1_189' title='bbox 2128 2458 2146 2484; x_wconf 92' lang='lat'><strong>,</strong></span> 
     </span>
    </p>
   </div>
   <div class='ocr_carea' id='block_1_24' title="bbox 562 2507 2142 2580">
    <p class='ocr_par' dir='ltr' id='par_1_24' title="bbox 562 2507 2142 2580">
     <span class='ocr_line' id='line_1_24' title="bbox 562 2507 2142 2580; baseline 0.003 -18"><span class='ocrx_word' id='word_1_190' title='bbox 562 2507 700 2562; x_wconf 90' lang='lat' dir='ltr'><strong>sicut</strong></span> <span class='ocrx_word' id='word_1_191' title='bbox 726 2508 1007 2564; x_wconf 86' lang='lat' dir='ltr'><strong>dormienti</strong></span> <span class='ocrx_word' id='word_1_192' title='bbox 1033 2553 1047 2576; x_wconf 91' lang='lat'><strong>,</strong></span> <span class='ocrx_word' id='word_1_193' title='bbox 1078 2511 1347 2580; x_wconf 90' lang='lat' dir='ltr'><strong>pigritanti</strong></span> <span class='ocrx_word' id='word_1_194' title='bbox 1368 2521 1422 2566; x_wconf 90' lang='lat' dir='ltr'><strong>et</strong></span> <span class='ocrx_word' id='word_1_195' title='bbox 1441 2511 1667 2567; x_wconf 86' lang='lat' dir='ltr'><strong>salutem</strong></span> <span class='ocrx_word' id='word_1_196' title='bbox 1696 2526 1848 2566; x_wconf 89' lang='lat' dir='ltr'><strong>suam</strong></span> <span class='ocrx_word' id='word_1_197' title='bbox 1882 2512 2142 2580; x_wconf 90' lang='lat' dir='ltr'><strong>prodenti,</strong></span> 
     </span>
    </p>
   </div>
   <div class='ocr_carea' id='block_1_25' title="bbox 563 2599 2149 2673">
    <p class='ocr_par' dir='ltr' id='par_1_25' title="bbox 563 2599 2149 2673">
     <span class='ocr_line' id='line_1_25' title="bbox 563 2599 2149 2673; baseline 0.005 -21"><span class='ocrx_word' id='word_1_198' title='bbox 563 2599 695 2653; x_wconf 90' lang='lat' dir='ltr'><strong>nihil</strong></span> <span class='ocrx_word' id='word_1_199' title='bbox 744 2600 978 2669; x_wconf 79' lang='lat' dir='ltr'><strong>prodest.</strong></span> <span class='ocrx_word' id='word_1_200' title='bbox 1022 2601 1253 2673; x_wconf 89' lang='lat' dir='ltr'><strong>ldipsum</strong></span> <span class='ocrx_word' id='word_1_201' title='bbox 1291 2605 1432 2658; x_wconf 90' lang='lat' dir='ltr'><strong>enim</strong></span> <span class='ocrx_word' id='word_1_202' title='bbox 1479 2614 1534 2659; x_wconf 89' lang='lat' dir='ltr'><strong>ct</strong></span> <span class='ocrx_word' id='word_1_203' title='bbox 1569 2605 1762 2661; x_wconf 85' lang='lat' dir='ltr'><strong>Paulus</strong></span> <span class='ocrx_word' id='word_1_204' title='bbox 1805 2605 2149 2660; x_wconf 86' lang='lat' dir='ltr'><strong>snbindicans</strong></span> 
     </span>
    </p>
   </div>
   <div class='ocr_carea' id='block_1_26' title="bbox 560 2689 2150 2767">
    <p class='ocr_par' dir='ltr' id='par_1_26' title="bbox 560 2689 2150 2767">
     <span class='ocr_line' id='line_1_26' title="bbox 560 2689 2150 2767; baseline 0.004 -23"><span class='ocrx_word' id='word_1_205' title='bbox 560 2689 771 2747; x_wconf 89' lang='lat' dir='ltr'><strong>dicebat</strong></span> <span class='ocrx_word' id='word_1_206' title='bbox 800 2709 813 2746; x_wconf 89' lang='lat'><strong>:</strong></span> <span class='ocrx_word' id='word_1_207' title='bbox 846 2691 914 2747; x_wconf 85' lang='lat' dir='ltr'><strong>Ut</strong></span> <span class='ocrx_word' id='word_1_208' title='bbox 933 2693 1019 2762; x_wconf 86' lang='lat' dir='ltr'><strong>qui</strong></span> <span class='ocrx_word' id='word_1_209' title='bbox 1045 2694 1244 2763; x_wconf 82' lang='lat' dir='ltr'><strong>probati</strong></span> <span class='ocrx_word' id='word_1_210' title='bbox 1268 2705 1386 2750; x_wconf 89' lang='lat' dir='ltr'><strong>sunt</strong></span> <span class='ocrx_word' id='word_1_211' title='bbox 1409 2736 1426 2762; x_wconf 95' lang='lat'><strong>,</strong></span> <span class='ocrx_word' id='word_1_212' title='bbox 1468 2696 1724 2767; x_wconf 78' lang='lat' dir='ltr'><strong>manifesti</strong></span> <span class='ocrx_word' id='word_1_213' title='bbox 1760 2697 1886 2766; x_wconf 84' lang='lat' dir='ltr'><strong>ﬁant</strong></span> <span class='ocrx_word' id='word_1_214' title='bbox 1922 2697 1973 2751; x_wconf 87' lang='lat' dir='ltr'><strong>in</strong></span> <span class='ocrx_word' id='word_1_215' title='bbox 2010 2697 2150 2752; x_wconf 75' lang='lat' dir='ltr'><strong>vobis</strong></span> 
     </span>
    </p>
   </div>
   <div class='ocr_carea' id='block_1_27' title="bbox 564 2781 2148 2859">
    <p class='ocr_par' dir='ltr' id='par_1_27' title="bbox 564 2781 2148 2859">
     <span class='ocr_line' id='line_1_27' title="bbox 564 2781 2148 2859; baseline 0.005 -23"><span class='ocrx_word' id='word_1_216' title='bbox 564 2781 803 2852; x_wconf 69' lang='grc' dir='ltr'><strong>(1.,ϐυισ.</strong></span> <span class='ocrx_word' id='word_1_217' title='bbox 835 2784 919 2837; x_wconf 86' lang='grc'><strong>11.</strong></span> <span class='ocrx_word' id='word_1_218' title='bbox 972 2784 1127 2851; x_wconf 87' lang='lat' dir='ltr'><strong>l9):</strong></span> <span class='ocrx_word' id='word_1_219' title='bbox 1173 2784 1275 2841; x_wconf 92' lang='lat' dir='ltr'><strong>hoc</strong></span> <span class='ocrx_word' id='word_1_220' title='bbox 1319 2795 1436 2854; x_wconf 90' lang='lat' dir='ltr'><strong>est,</strong></span> <span class='ocrx_word' id='word_1_221' title='bbox 1487 2802 1555 2842; x_wconf 91' lang='lat' dir='ltr'><strong>ne</strong></span> <span class='ocrx_word' id='word_1_222' title='bbox 1603 2787 1927 2857; x_wconf 91' lang='lat' dir='ltr'><strong>turbemini,</strong></span> <span class='ocrx_word' id='word_1_223' title='bbox 1973 2803 2148 2859; x_wconf 90' lang='lat' dir='ltr'><strong>neque</strong></span> 
     </span>
    </p>
   </div>
   <div class='ocr_carea' id='block_1_28' title="bbox 558 2874 2147 2948">
    <p class='ocr_par' dir='ltr' id='par_1_28' title="bbox 558 2874 2147 2948">
     <span class='ocr_line' id='line_1_28' title="bbox 558 2874 2147 2948; baseline 0.006 -21"><span class='ocrx_word' id='word_1_224' title='bbox 558 2874 700 2928; x_wconf 79' lang='lat' dir='ltr'><strong>anxii</strong></span> <span class='ocrx_word' id='word_1_225' title='bbox 719 2883 917 2941; x_wconf 88' lang='lat' dir='ltr'><strong>estote;</strong></span> <span class='ocrx_word' id='word_1_226' title='bbox 939 2876 1069 2930; x_wconf 89' lang='lat' dir='ltr'><strong>nihil</strong></span> <span class='ocrx_word' id='word_1_227' title='bbox 1088 2877 1237 2932; x_wconf 90' lang='lat' dir='ltr'><strong>vobis</strong></span> <span class='ocrx_word' id='word_1_228' title='bbox 1262 2893 1453 2933; x_wconf 90' lang='lat' dir='ltr'><strong>nocere</strong></span> <span class='ocrx_word' id='word_1_229' title='bbox 1478 2890 1699 2948; x_wconf 90' lang='lat' dir='ltr'><strong>possunt</strong></span> <span class='ocrx_word' id='word_1_230' title='bbox 1717 2878 1969 2936; x_wconf 66' lang='lat' dir='ltr'><strong>haereses.</strong></span> <span class='ocrx_word' id='word_1_231' title='bbox 1992 2880 2147 2948; x_wconf 90' lang='lat' dir='ltr'><strong>Quod</strong></span> 
     </span>
    </p>
   </div>
   <div class='ocr_carea' id='block_1_29' title="bbox 559 2964 2144 3043">
    <p class='ocr_par' dir='ltr' id='par_1_29' title="bbox 559 2964 2144 3043">
     <span class='ocr_line' id='line_1_29' title="bbox 559 2964 2144 3043; baseline 0.007 -25"><span class='ocrx_word' id='word_1_232' title='bbox 559 2964 741 3035; x_wconf 80' lang='lat' dir='ltr'><strong>itaque</strong></span> <span class='ocrx_word' id='word_1_233' title='bbox 781 2966 990 3021; x_wconf 90' lang='lat' dir='ltr'><strong>etiamsi</strong></span> <span class='ocrx_word' id='word_1_234' title='bbox 1056 2966 1123 3022; x_wconf 89' lang='lat' dir='ltr'><strong>de</strong></span> <span class='ocrx_word' id='word_1_235' title='bbox 1172 2968 1464 3024; x_wconf 72' lang='lat' dir='ltr'><strong>ltmresibns</strong></span> <span class='ocrx_word' id='word_1_236' title='bbox 1515 2986 1691 3026; x_wconf 82' lang='lat' dir='ltr'><strong>sermo</strong></span> <span class='ocrx_word' id='word_1_237' title='bbox 1736 2972 1843 3038; x_wconf 88' lang='lat' dir='ltr'><strong>sit,</strong></span> <span class='ocrx_word' id='word_1_238' title='bbox 1890 2972 2144 3043; x_wconf 74' lang='lat' dir='ltr'><strong>przedicta</strong></span> 
     </span>
    </p>
   </div>
   <div class='ocr_carea' id='block_1_30' title="bbox 558 3057 2144 3135">
    <p class='ocr_par' dir='ltr' id='par_1_30' title="bbox 558 3057 2144 3135">
     <span class='ocr_line' id='line_1_30' title="bbox 558 3057 2144 3135; baseline 0.006 -26"><span class='ocrx_word' id='word_1_239' title='bbox 558 3057 780 3124; x_wconf 79' lang='lat' dir='ltr'><strong>qna-stic</strong></span> <span class='ocrx_word' id='word_1_240' title='bbox 810 3071 913 3111; x_wconf 90' lang='lat' dir='ltr'><strong>non</strong></span> <span class='ocrx_word' id='word_1_241' title='bbox 943 3058 1022 3113; x_wconf 89' lang='lat' dir='ltr'><strong>sic</strong></span> <span class='ocrx_word' id='word_1_242' title='bbox 1063 3058 1293 3126; x_wconf 86' lang='lat' dir='ltr'><strong>habeat,</strong></span> <span class='ocrx_word' id='word_1_243' title='bbox 1332 3060 1454 3116; x_wconf 90' lang='lat' dir='ltr'><strong>hinc</strong></span> <span class='ocrx_word' id='word_1_244' title='bbox 1495 3061 1667 3132; x_wconf 87' lang='lat' dir='ltr'><strong>palam</strong></span> <span class='ocrx_word' id='word_1_245' title='bbox 1711 3073 1816 3118; x_wconf 87' lang='lat' dir='ltr'><strong>est.</strong></span> <span class='ocrx_word' id='word_1_246' title='bbox 1861 3063 2144 3135; x_wconf 84' lang='lat' dir='ltr'><strong>Prophetia</strong></span> 
     </span>
    </p>
   </div>
   <div class='ocr_carea' id='block_1_31' title="bbox 560 3152 2142 3222">
    <p class='ocr_par' dir='ltr' id='par_1_31' title="bbox 560 3152 2142 3222">
     <span class='ocr_line' id='line_1_31' title="bbox 560 3152 2142 3222; baseline 0.004 -17"><span class='ocrx_word' id='word_1_247' title='bbox 560 3158 901 3218; x_wconf 83' lang='lat' dir='ltr'><strong>namqueest</strong></span> <span class='ocrx_word' id='word_1_248' title='bbox 922 3190 938 3215; x_wconf 91' lang='lat'><strong>,</strong></span> <span class='ocrx_word' id='word_1_249' title='bbox 974 3166 1079 3205; x_wconf 87' lang='lat' dir='ltr'><strong>non</strong></span> <span class='ocrx_word' id='word_1_250' title='bbox 1106 3152 1386 3206; x_wconf 86' lang='lat' dir='ltr'><strong>consilium</strong></span> <span class='ocrx_word' id='word_1_251' title='bbox 1413 3170 1427 3216; x_wconf 92' lang='lat'><strong>;</strong></span> <span class='ocrx_word' id='word_1_252' title='bbox 1473 3153 1749 3222; x_wconf 62' lang='lat' dir='ltr'><strong>praedictio</strong></span> <span class='ocrx_word' id='word_1_253' title='bbox 1774 3196 1788 3220; x_wconf 95' lang='lat'><strong>,</strong></span> <span class='ocrx_word' id='word_1_254' title='bbox 1818 3169 1925 3209; x_wconf 90' lang='lat' dir='ltr'><strong>non</strong></span> <span class='ocrx_word' id='word_1_255' title='bbox 1954 3155 2142 3211; x_wconf 84' lang='lat' dir='ltr'><strong>admo-</strong></span> 
     </span>
    </p>
   </div>
   <div class='ocr_carea' id='block_1_32' title="bbox 560 3238 2148 3311">
    <p class='ocr_par' dir='ltr' id='par_1_32' title="bbox 560 3238 2148 3311">
     <span class='ocr_line' id='line_1_32' title="bbox 560 3238 2148 3311; baseline 0.006 -20"><span class='ocrx_word' id='word_1_256' title='bbox 560 3238 695 3292; x_wconf 86' lang='lat' dir='ltr'><strong>uitio</strong></span> <span class='ocrx_word' id='word_1_257' title='bbox 726 3256 740 3292; x_wconf 90' lang='lat'><strong>:</strong></span> <span class='ocrx_word' id='word_1_258' title='bbox 769 3249 823 3293; x_wconf 87' lang='lat' dir='ltr'><strong>et</strong></span> <span class='ocrx_word' id='word_1_259' title='bbox 852 3239 936 3293; x_wconf 86' lang='lat' dir='ltr'><strong>illa</strong></span> <span class='ocrx_word' id='word_1_260' title='bbox 965 3256 1062 3293; x_wconf 79' lang='lat' dir='ltr'><strong>vox</strong></span> <span class='ocrx_word' id='word_1_261' title='bbox 1090 3280 1104 3305; x_wconf 96' lang='lat'><strong>,</strong></span> <span class='ocrx_word' id='word_1_262' title='bbox 1142 3238 1243 3305; x_wconf 87' lang='lat' dir='ltr'><strong>Ut,</strong></span> <span class='ocrx_word' id='word_1_263' title='bbox 1286 3252 1579 3308; x_wconf 89' lang='lat' dir='ltr'><strong>eventum,</strong></span> <span class='ocrx_word' id='word_1_264' title='bbox 1630 3260 1736 3298; x_wconf 91' lang='lat' dir='ltr'><strong>non</strong></span> <span class='ocrx_word' id='word_1_265' title='bbox 1776 3259 1990 3300; x_wconf 79' lang='lat' dir='ltr'><strong>causam</strong></span> <span class='ocrx_word' id='word_1_266' title='bbox 2016 3285 2031 3311; x_wconf 91' lang='lat'><strong>,</strong></span> <span class='ocrx_word' id='word_1_267' title='bbox 2073 3246 2148 3302; x_wconf 83' lang='lat' dir='ltr'><strong>si-</strong></span> 
     </span>
    </p>
   </div>
   <div class='ocr_carea' id='block_1_33' title="bbox 559 3329 2143 3406">
    <p class='ocr_par' dir='ltr' id='par_1_33' title="bbox 559 3329 2143 3406">
     <span class='ocr_line' id='line_1_33' title="bbox 559 3329 2143 3406; baseline 0.006 -24"><span class='ocrx_word' id='word_1_268' title='bbox 559 3330 794 3401; x_wconf 76' lang='lat' dir='ltr'><strong>gniﬁcat.</strong></span> <span class='ocrx_word' id='word_1_269' title='bbox 836 3329 986 3397; x_wconf 87' lang='lat' dir='ltr'><strong>Quod</strong></span> <span class='ocrx_word' id='word_1_270' title='bbox 1013 3339 1188 3386; x_wconf 88' lang='lat' dir='ltr'><strong>autem</strong></span> <span class='ocrx_word' id='word_1_271' title='bbox 1216 3345 1319 3386; x_wconf 92' lang='lat' dir='ltr'><strong>non</strong></span> <span class='ocrx_word' id='word_1_272' title='bbox 1347 3332 1416 3387; x_wconf 84' lang='lat' dir='ltr'><strong>de</strong></span> <span class='ocrx_word' id='word_1_273' title='bbox 1440 3332 1777 3404; x_wconf 82' lang='lat' dir='ltr'><strong>dogmatibus</strong></span> <span class='ocrx_word' id='word_1_274' title='bbox 1790 3335 1900 3406; x_wconf 88' lang='lat' dir='ltr'><strong>jam</strong></span> <span class='ocrx_word' id='word_1_275' title='bbox 1928 3336 2003 3391; x_wconf 86' lang='lat' dir='ltr'><strong>illi</strong></span> <span class='ocrx_word' id='word_1_276' title='bbox 2027 3352 2143 3392; x_wconf 86' lang='lat' dir='ltr'><strong>ser-</strong></span> 
     </span>
    </p>
   </div>
   <div class='ocr_carea' id='block_1_34' title="bbox 560 3421 2146 3494">
    <p class='ocr_par' dir='ltr' id='par_1_34' title="bbox 560 3421 2146 3494">
     <span class='ocr_line' id='line_1_34' title="bbox 560 3421 2146 3494; baseline 0.006 -20"><span class='ocrx_word' id='word_1_277' title='bbox 560 3435 650 3477; x_wconf 89' lang='lat' dir='ltr'><strong>mo</strong></span> <span class='ocrx_word' id='word_1_278' title='bbox 677 3422 743 3476; x_wconf 89' lang='lat' dir='ltr'><strong>sit</strong></span> <span class='ocrx_word' id='word_1_279' title='bbox 769 3461 783 3487; x_wconf 95' lang='lat'><strong>,</strong></span> <span class='ocrx_word' id='word_1_280' title='bbox 815 3421 910 3476; x_wconf 87' lang='lat' dir='ltr'><strong>sed</strong></span> <span class='ocrx_word' id='word_1_281' title='bbox 953 3421 1022 3477; x_wconf 88' lang='lat' dir='ltr'><strong>de</strong></span> <span class='ocrx_word' id='word_1_282' title='bbox 1057 3422 1381 3492; x_wconf 76' lang='lat' dir='ltr'><strong>pauperibus</strong></span> <span class='ocrx_word' id='word_1_283' title='bbox 1406 3433 1460 3478; x_wconf 91' lang='lat' dir='ltr'><strong>et</strong></span> <span class='ocrx_word' id='word_1_284' title='bbox 1484 3424 1736 3481; x_wconf 79' lang='lat' dir='ltr'><strong>divitibus</strong></span> <span class='ocrx_word' id='word_1_285' title='bbox 1760 3467 1775 3492; x_wconf 87' lang='lat'><strong>,</strong></span> <span class='ocrx_word' id='word_1_286' title='bbox 1805 3426 1873 3481; x_wconf 91' lang='lat' dir='ltr'><strong>de</strong></span> <span class='ocrx_word' id='word_1_287' title='bbox 1898 3428 2019 3483; x_wconf 89' lang='lat' dir='ltr'><strong>cibo</strong></span> <span class='ocrx_word' id='word_1_288' title='bbox 2044 3467 2061 3494; x_wconf 91' lang='lat'><strong>,</strong></span> <span class='ocrx_word' id='word_1_289' title='bbox 2090 3437 2146 3484; x_wconf 88' lang='lat' dir='ltr'><strong>et</strong></span> 
     </span>
    </p>
   </div>
   <div class='ocr_carea' id='block_1_35' title="bbox 559 3511 2146 3585">
    <p class='ocr_par' dir='ltr' id='par_1_35' title="bbox 559 3511 2146 3585">
     <span class='ocr_line' id='line_1_35' title="bbox 559 3511 2146 3585; baseline 0.007 -20"><span class='ocrx_word' id='word_1_290' title='bbox 559 3511 629 3567; x_wconf 90' lang='lat' dir='ltr'><strong>de</strong></span> <span class='ocrx_word' id='word_1_291' title='bbox 666 3511 985 3568; x_wconf 85' lang='lat' dir='ltr'><strong>abstinentia</strong></span> <span class='ocrx_word' id='word_1_292' title='bbox 1025 3526 1056 3567; x_wconf 81' lang='lat' dir='ltr'><strong>a</strong></span> <span class='ocrx_word' id='word_1_293' title='bbox 1096 3513 1256 3580; x_wconf 89' lang='lat' dir='ltr'><strong>cibo,</strong></span> <span class='ocrx_word' id='word_1_294' title='bbox 1303 3512 1373 3570; x_wconf 87' lang='lat' dir='ltr'><strong>de</strong></span> <span class='ocrx_word' id='word_1_295' title='bbox 1418 3515 1790 3585; x_wconf 89' lang='lat' dir='ltr'><strong>opulentorum</strong></span> <span class='ocrx_word' id='word_1_296' title='bbox 1834 3516 2049 3573; x_wconf 85' lang='lat' dir='ltr'><strong>lascivia</strong></span> <span class='ocrx_word' id='word_1_297' title='bbox 2091 3528 2146 3575; x_wconf 88' lang='lat' dir='ltr'><strong>et</strong></span> 
     </span>
    </p>
   </div>
   <div class='ocr_carea' id='block_1_36' title="bbox 559 3601 2145 3680">
    <p class='ocr_par' dir='ltr' id='par_1_36' title="bbox 559 3601 2145 3680">
     <span class='ocr_line' id='line_1_36' title="bbox 559 3601 2145 3680; baseline 0.006 -24"><span class='ocrx_word' id='word_1_298' title='bbox 559 3602 773 3673; x_wconf 82' lang='lat' dir='ltr'><strong>crapula</strong></span> <span class='ocrx_word' id='word_1_299' title='bbox 796 3644 814 3670; x_wconf 84' lang='lat'><strong>,</strong></span> <span class='ocrx_word' id='word_1_300' title='bbox 841 3612 895 3658; x_wconf 91' lang='lat' dir='ltr'><strong>et</strong></span> <span class='ocrx_word' id='word_1_301' title='bbox 918 3601 985 3658; x_wconf 90' lang='lat' dir='ltr'><strong>de</strong></span> <span class='ocrx_word' id='word_1_302' title='bbox 1011 3619 1298 3674; x_wconf 87' lang='lat' dir='ltr'><strong>pauperum</strong></span> <span class='ocrx_word' id='word_1_303' title='bbox 1325 3613 1635 3676; x_wconf 88' lang='lat' dir='ltr'><strong>contemptu</strong></span> <span class='ocrx_word' id='word_1_304' title='bbox 1660 3647 1675 3672; x_wconf 91' lang='lat'><strong>,</strong></span> <span class='ocrx_word' id='word_1_305' title='bbox 1702 3607 1790 3677; x_wconf 89' lang='lat' dir='ltr'><strong>qui</strong></span> <span class='ocrx_word' id='word_1_306' title='bbox 1814 3623 1976 3677; x_wconf 88' lang='lat' dir='ltr'><strong>penes</strong></span> <span class='ocrx_word' id='word_1_307' title='bbox 2001 3608 2145 3680; x_wconf 89' lang='lat' dir='ltr'><strong>ipsos</strong></span> 
     </span>
    </p>
   </div>
   <div class='ocr_carea' id='block_1_37' title="bbox 558 3693 2146 3770">
    <p class='ocr_par' dir='ltr' id='par_1_37' title="bbox 558 3693 2146 3770">
     <span class='ocr_line' id='line_1_37' title="bbox 558 3693 2146 3770; baseline 0.003 -19"><span class='ocrx_word' id='word_1_308' title='bbox 558 3703 673 3751; x_wconf 86' lang='lat' dir='ltr'><strong>erat</strong></span> <span class='ocrx_word' id='word_1_309' title='bbox 698 3736 712 3762; x_wconf 97' lang='lat'><strong>,</strong></span> <span class='ocrx_word' id='word_1_310' title='bbox 741 3693 880 3750; x_wconf 81' lang='lat' dir='ltr'><strong>ferte</strong></span> <span class='ocrx_word' id='word_1_311' title='bbox 910 3696 1177 3765; x_wconf 84' lang='lat' dir='ltr'><strong>paulisper</strong></span> <span class='ocrx_word' id='word_1_312' title='bbox 1216 3695 1268 3750; x_wconf 93' lang='lat' dir='ltr'><strong>id</strong></span> <span class='ocrx_word' id='word_1_313' title='bbox 1310 3698 1557 3766; x_wconf 89' lang='lat' dir='ltr'><strong>superius</strong></span> <span class='ocrx_word' id='word_1_314' title='bbox 1592 3707 1896 3755; x_wconf 86' lang='lat' dir='ltr'><strong>narrantem</strong></span> <span class='ocrx_word' id='word_1_315' title='bbox 1927 3718 1940 3754; x_wconf 90' lang='lat'><strong>:</strong></span> <span class='ocrx_word' id='word_1_316' title='bbox 1972 3715 2146 3770; x_wconf 88' lang='lat' dir='ltr'><strong>neque</strong></span> 
     </span>
    </p>
   </div>
   <div class='ocr_carea' id='block_1_38' title="bbox 558 3786 2142 3860">
    <p class='ocr_par' dir='ltr' id='par_1_38' title="bbox 558 3786 2142 3860">
     <span class='ocr_line' id='line_1_38' title="bbox 558 3786 2142 3860; baseline 0.003 -20"><span class='ocrx_word' id='word_1_317' title='bbox 558 3788 701 3840; x_wconf 87' lang='lat' dir='ltr'><strong>enim</strong></span> <span class='ocrx_word' id='word_1_318' title='bbox 731 3786 837 3840; x_wconf 86' lang='lat' dir='ltr'><strong>alio</strong></span> <span class='ocrx_word' id='word_1_319' title='bbox 868 3787 1027 3842; x_wconf 91' lang='lat' dir='ltr'><strong>modo</strong></span> <span class='ocrx_word' id='word_1_320' title='bbox 1058 3787 1108 3842; x_wconf 90' lang='lat' dir='ltr'><strong>id</strong></span> <span class='ocrx_word' id='word_1_321' title='bbox 1141 3787 1291 3843; x_wconf 83' lang='lat' dir='ltr'><strong>vobis</strong></span> <span class='ocrx_word' id='word_1_322' title='bbox 1318 3789 1490 3859; x_wconf 86' lang='lat' dir='ltr'><strong>palam</strong></span> <span class='ocrx_word' id='word_1_323' title='bbox 1513 3805 1634 3845; x_wconf 90' lang='lat' dir='ltr'><strong>esse</strong></span> <span class='ocrx_word' id='word_1_324' title='bbox 1656 3799 1849 3860; x_wconf 91' lang='lat' dir='ltr'><strong>potest.</strong></span> <span class='ocrx_word' id='word_1_325' title='bbox 1882 3791 2142 3858; x_wconf 86' lang='lat' dir='ltr'><strong>Quoniam</strong></span> 
     </span>
    </p>
   </div>
   <div class='ocr_carea' id='block_1_39' title="bbox 563 3879 2142 3954">
    <p class='ocr_par' dir='ltr' id='par_1_39' title="bbox 563 3879 2142 3954">
     <span class='ocr_line' id='line_1_39' title="bbox 563 3879 2142 3954; baseline 0.006 -22"><span class='ocrx_word' id='word_1_326' title='bbox 563 3879 706 3934; x_wconf 85' lang='lat' dir='ltr'><strong>enim</strong></span> <span class='ocrx_word' id='word_1_327' title='bbox 748 3880 975 3949; x_wconf 83' lang='lat' dir='ltr'><strong>apostoli</strong></span> <span class='ocrx_word' id='word_1_328' title='bbox 1003 3891 1291 3951; x_wconf 82' lang='lat' dir='ltr'><strong>coeperant</strong></span> <span class='ocrx_word' id='word_1_329' title='bbox 1325 3884 1545 3939; x_wconf 90' lang='lat' dir='ltr'><strong>verbum</strong></span> <span class='ocrx_word' id='word_1_330' title='bbox 1587 3884 1799 3954; x_wconf 91' lang='lat' dir='ltr'><strong>pietatis</strong></span> <span class='ocrx_word' id='word_1_331' title='bbox 1835 3886 2104 3941; x_wconf 87' lang='lat' dir='ltr'><strong>seminare</strong></span> <span class='ocrx_word' id='word_1_332' title='bbox 2127 3926 2142 3951; x_wconf 93' lang='lat'><strong>,</strong></span> 
     </span>
    </p>
   </div>
   <div class='ocr_carea' id='block_1_40' title="bbox 559 3974 2148 4047">
    <p class='ocr_par' dir='ltr' id='par_1_40' title="bbox 559 3974 2148 4047">
     <span class='ocr_line' id='line_1_40' title="bbox 559 3974 2148 4047; baseline 0.006 -24"><span class='ocrx_word' id='word_1_333' title='bbox 559 3981 904 4026; x_wconf 82' lang='lat' dir='ltr'><strong>accesserunt</strong></span> <span class='ocrx_word' id='word_1_334' title='bbox 950 3974 1127 4027; x_wconf 85' lang='lat' dir='ltr'><strong>statim</strong></span> <span class='ocrx_word' id='word_1_335' title='bbox 1170 3974 1268 4028; x_wconf 90' lang='lat' dir='ltr'><strong>tria</strong></span> <span class='ocrx_word' id='word_1_336' title='bbox 1314 3975 1518 4041; x_wconf 87' lang='lat' dir='ltr'><strong>millia,</strong></span> <span class='ocrx_word' id='word_1_337' title='bbox 1566 3985 1620 4030; x_wconf 87' lang='lat' dir='ltr'><strong>et</strong></span> <span class='ocrx_word' id='word_1_338' title='bbox 1664 3990 1876 4031; x_wconf 90' lang='lat' dir='ltr'><strong>rursum</strong></span> <span class='ocrx_word' id='word_1_339' title='bbox 1914 3977 2148 4047; x_wconf 90' lang='lat' dir='ltr'><strong>quinque</strong></span> 
     </span>
    </p>
   </div>
   <div class='ocr_carea' id='block_1_41' title="bbox 561 4062 2145 4133">
    <p class='ocr_par' dir='ltr' id='par_1_41' title="bbox 561 4062 2145 4133">
     <span class='ocr_line' id='line_1_41' title="bbox 561 4062 2145 4133; baseline 0.004 -17"><span class='ocrx_word' id='word_1_340' title='bbox 561 4062 727 4116; x_wconf 87' lang='lat' dir='ltr'><strong>millia</strong></span> <span class='ocrx_word' id='word_1_341' title='bbox 753 4104 767 4128; x_wconf 93' lang='lat'><strong>,</strong></span> <span class='ocrx_word' id='word_1_342' title='bbox 799 4073 855 4117; x_wconf 85' lang='lat' dir='ltr'><strong>et</strong></span> <span class='ocrx_word' id='word_1_343' title='bbox 881 4064 1094 4118; x_wconf 84' lang='lat' dir='ltr'><strong>illorum</strong></span> <span class='ocrx_word' id='word_1_344' title='bbox 1123 4064 1360 4119; x_wconf 88' lang='lat' dir='ltr'><strong>omnium</strong></span> <span class='ocrx_word' id='word_1_345' title='bbox 1384 4076 1507 4120; x_wconf 87' lang='lat' dir='ltr'><strong>erat</strong></span> <span class='ocrx_word' id='word_1_346' title='bbox 1530 4080 1627 4121; x_wconf 91' lang='lat' dir='ltr'><strong>cor</strong></span> <span class='ocrx_word' id='word_1_347' title='bbox 1649 4082 1813 4122; x_wconf 89' lang='lat' dir='ltr'><strong>unum</strong></span> <span class='ocrx_word' id='word_1_348' title='bbox 1839 4106 1854 4133; x_wconf 96' lang='lat'><strong>,</strong></span> <span class='ocrx_word' id='word_1_349' title='bbox 1880 4076 1936 4122; x_wconf 89' lang='lat' dir='ltr'><strong>et</strong></span> <span class='ocrx_word' id='word_1_350' title='bbox 1969 4068 2145 4123; x_wconf 88' lang='lat' dir='ltr'><strong>anima</strong></span> 
     </span>
    </p>
   </div>
   <div class='ocr_carea' id='block_1_42' title="bbox 561 4153 2147 4216">
    <p class='ocr_par' dir='ltr' id='par_1_42' title="bbox 561 4153 2147 4216">
     <span class='ocr_line' id='line_1_42' title="bbox 561 4153 2147 4216; baseline 0.004 -9"><span class='ocrx_word' id='word_1_351' title='bbox 561 4169 685 4207; x_wconf 85' lang='lat' dir='ltr'><strong>una.</strong></span> <span class='ocrx_word' id='word_1_352' title='bbox 714 4153 1025 4207; x_wconf 69' lang='lat' dir='ltr'><strong>Concordia:</strong></span> <span class='ocrx_word' id='word_1_353' title='bbox 1054 4162 1230 4207; x_wconf 89' lang='lat' dir='ltr'><strong>autem</strong></span> <span class='ocrx_word' id='word_1_354' title='bbox 1252 4170 1409 4209; x_wconf 88' lang='lat' dir='ltr'><strong>causa</strong></span> <span class='ocrx_word' id='word_1_355' title='bbox 1434 4195 1449 4216; x_wconf 89' lang='lat'><strong>,</strong></span> <span class='ocrx_word' id='word_1_356' title='bbox 1480 4164 1536 4209; x_wconf 92' lang='lat' dir='ltr'><strong>et</strong></span> <span class='ocrx_word' id='word_1_357' title='bbox 1560 4157 1797 4212; x_wconf 88' lang='lat' dir='ltr'><strong>caritatis</strong></span> <span class='ocrx_word' id='word_1_358' title='bbox 1822 4173 2010 4213; x_wconf 90' lang='lat' dir='ltr'><strong>eorum</strong></span> <span class='ocrx_word' id='word_1_359' title='bbox 2035 4158 2147 4213; x_wconf 85' lang='lat' dir='ltr'><strong>vin-</strong></span> 
     </span>
    </p>
   </div>
   <div class='ocr_carea' id='block_1_43' title="bbox 561 4243 2145 4320">
    <p class='ocr_par' dir='ltr' id='par_1_43' title="bbox 561 4243 2145 4320">
     <span class='ocr_line' id='line_1_43' title="bbox 561 4243 2145 4320; baseline 0.006 -23"><span class='ocrx_word' id='word_1_360' title='bbox 561 4244 738 4297; x_wconf 88' lang='lat' dir='ltr'><strong>culum</strong></span> <span class='ocrx_word' id='word_1_361' title='bbox 762 4283 779 4307; x_wconf 91' lang='lat'><strong>,</strong></span> <span class='ocrx_word' id='word_1_362' title='bbox 806 4243 947 4313; x_wconf 89' lang='lat' dir='ltr'><strong>quod</strong></span> <span class='ocrx_word' id='word_1_363' title='bbox 980 4252 1059 4297; x_wconf 87' lang='lat' dir='ltr'><strong>tot</strong></span> <span class='ocrx_word' id='word_1_364' title='bbox 1096 4244 1301 4299; x_wconf 83' lang='lat' dir='ltr'><strong>animas</strong></span> <span class='ocrx_word' id='word_1_365' title='bbox 1333 4246 1384 4299; x_wconf 89' lang='lat' dir='ltr'><strong>in</strong></span> <span class='ocrx_word' id='word_1_366' title='bbox 1416 4262 1577 4301; x_wconf 89' lang='lat' dir='ltr'><strong>unum</strong></span> <span class='ocrx_word' id='word_1_367' title='bbox 1606 4250 2003 4320; x_wconf 88' lang='lat' dir='ltr'><strong>congregabat,</strong></span> <span class='ocrx_word' id='word_1_368' title='bbox 2050 4263 2145 4320; x_wconf 88' lang='lat' dir='ltr'><strong>pe-</strong></span> 
     </span>
    </p>
   </div>
   <div class='ocr_carea' id='block_1_44' title="bbox 562 4335 2145 4414">
    <p class='ocr_par' dir='ltr' id='par_1_44' title="bbox 562 4335 2145 4414">
     <span class='ocr_line' id='line_1_44' title="bbox 562 4335 2145 4414; baseline 0.006 -25"><span class='ocrx_word' id='word_1_369' title='bbox 562 4335 836 4395; x_wconf 87' lang='lat' dir='ltr'><strong>cuniarum</strong></span> <span class='ocrx_word' id='word_1_370' title='bbox 890 4347 1229 4407; x_wconf 87' lang='lat' dir='ltr'><strong>contemptus</strong></span> <span class='ocrx_word' id='word_1_371' title='bbox 1279 4348 1413 4394; x_wconf 86' lang='lat' dir='ltr'><strong>erat.</strong></span> <span class='ocrx_word' id='word_1_372' title='bbox 1471 4338 1662 4396; x_wconf 83' lang='lat' dir='ltr'><strong>Nullus</strong></span> <span class='ocrx_word' id='word_1_373' title='bbox 1713 4343 1884 4410; x_wconf 85' lang='lat' dir='ltr'><strong>enim,</strong></span> <span class='ocrx_word' id='word_1_374' title='bbox 1936 4342 2145 4414; x_wconf 88' lang='lat' dir='ltr'><strong>inquit,</strong></span> 
     </span>
    </p>
   </div>
   <div class='ocr_carea' id='block_1_45' title="bbox 563 4430 2148 4502">
    <p class='ocr_par' dir='ltr' id='par_1_45' title="bbox 563 4430 2148 4502">
     <span class='ocr_line' id='line_1_45' title="bbox 563 4430 2148 4502; baseline 0.006 -20"><span class='ocrx_word' id='word_1_375' title='bbox 563 4430 823 4500; x_wconf 79' lang='lat' dir='ltr'><strong>quidpiam</strong></span> <span class='ocrx_word' id='word_1_376' title='bbox 865 4430 957 4484; x_wconf 87' lang='lat' dir='ltr'><strong>sibi</strong></span> <span class='ocrx_word' id='word_1_377' title='bbox 1001 4432 1261 4502; x_wconf 79' lang='lat' dir='ltr'><strong>prOprium</strong></span> <span class='ocrx_word' id='word_1_378' title='bbox 1309 4448 1415 4487; x_wconf 86' lang='lat' dir='ltr'><strong>esse</strong></span> <span class='ocrx_word' id='word_1_379' title='bbox 1457 4432 1687 4499; x_wconf 77' lang='lat' dir='ltr'><strong>dicebat,</strong></span> <span class='ocrx_word' id='word_1_380' title='bbox 1735 4434 1823 4490; x_wconf 85' lang='lat' dir='ltr'><strong>sed</strong></span> <span class='ocrx_word' id='word_1_381' title='bbox 1861 4444 2002 4490; x_wconf 86' lang='lat' dir='ltr'><strong>erant</strong></span> <span class='ocrx_word' id='word_1_382' title='bbox 2046 4435 2148 4491; x_wconf 81' lang='lat' dir='ltr'><strong>illis</strong></span> 
     </span>
    </p>
   </div>
   <div class='ocr_carea' id='block_1_46' title="bbox 564 4522 2149 4596">
    <p class='ocr_par' dir='ltr' id='par_1_46' title="bbox 564 4522 2149 4596">
     <span class='ocr_line' id='line_1_46' title="bbox 564 4522 2149 4596; baseline 0.005 -21"><span class='ocrx_word' id='word_1_383' title='bbox 564 4522 732 4576; x_wconf 83' lang='lat' dir='ltr'><strong>omnia</strong></span> <span class='ocrx_word' id='word_1_384' title='bbox 758 4524 1043 4577; x_wconf 85' lang='lat' dir='ltr'><strong>communia</strong></span> <span class='ocrx_word' id='word_1_385' title='bbox 1073 4524 1226 4596; x_wconf 77' lang='lat' dir='ltr'><strong>(Act.</strong></span> <span class='ocrx_word' id='word_1_386' title='bbox 1256 4525 1306 4579; x_wconf 69' lang='lat'><strong>&#39;4.</strong></span> <span class='ocrx_word' id='word_1_387' title='bbox 1332 4525 1411 4581; x_wconf 71' lang='lat'><strong>.32</strong></span> <span class='ocrx_word' id='word_1_388' title='bbox 1436 4527 1476 4596; x_wconf 92' lang='lat'><strong>).</strong></span> <span class='ocrx_word' id='word_1_389' title='bbox 1504 4524 1638 4593; x_wconf 84' lang='lat' dir='ltr'><strong>Quia</strong></span> <span class='ocrx_word' id='word_1_390' title='bbox 1667 4527 1809 4582; x_wconf 89' lang='lat' dir='ltr'><strong>enim</strong></span> <span class='ocrx_word' id='word_1_391' title='bbox 1852 4528 2003 4584; x_wconf 78' lang='lat' dir='ltr'><strong>radix</strong></span> <span class='ocrx_word' id='word_1_392' title='bbox 2036 4543 2149 4583; x_wconf 83' lang='lat' dir='ltr'><strong>tua-</strong></span> 
     </span>
    </p>
   </div>
   <div class='ocr_carea' id='block_1_47' title="bbox 565 4614 2151 4687">
    <p class='ocr_par' dir='ltr' id='par_1_47' title="bbox 565 4614 2151 4687">
     <span class='ocr_line' id='line_1_47' title="bbox 565 4614 2151 4687; baseline 0.003 -17"><span class='ocrx_word' id='word_1_393' title='bbox 565 4614 738 4670; x_wconf 80' lang='lat' dir='ltr'><strong>lorum</strong></span> <span class='ocrx_word' id='word_1_394' title='bbox 765 4615 971 4670; x_wconf 84' lang='lat' dir='ltr'><strong>sublata</strong></span> <span class='ocrx_word' id='word_1_395' title='bbox 998 4614 1170 4671; x_wconf 84' lang='lat' dir='ltr'><strong>fuerat</strong></span> <span class='ocrx_word' id='word_1_396' title='bbox 1194 4657 1208 4682; x_wconf 95' lang='lat'><strong>,</strong></span> <span class='ocrx_word' id='word_1_397' title='bbox 1239 4617 1461 4671; x_wconf 80' lang='lat' dir='ltr'><strong>avaritia</strong></span> <span class='ocrx_word' id='word_1_398' title='bbox 1488 4633 1681 4687; x_wconf 87' lang='lat' dir='ltr'><strong>nempe</strong></span> <span class='ocrx_word' id='word_1_399' title='bbox 1706 4659 1723 4685; x_wconf 93' lang='lat'><strong>,</strong></span> <span class='ocrx_word' id='word_1_400' title='bbox 1763 4620 1943 4675; x_wconf 89' lang='lat' dir='ltr'><strong>omnia</strong></span> <span class='ocrx_word' id='word_1_401' title='bbox 1986 4619 2151 4675; x_wconf 86' lang='lat' dir='ltr'><strong>adve-</strong></span> 
     </span>
    </p>
   </div>
   <div class='ocr_carea' id='block_1_48' title="bbox 564 4703 2149 4775">
    <p class='ocr_par' dir='ltr' id='par_1_48' title="bbox 564 4703 2149 4775">
     <span class='ocr_line' id='line_1_48' title="bbox 564 4703 2149 4775; baseline 0.004 -17"><span class='ocrx_word' id='word_1_402' title='bbox 564 4714 756 4759; x_wconf 87' lang='lat' dir='ltr'><strong>nerant</strong></span> <span class='ocrx_word' id='word_1_403' title='bbox 782 4703 917 4758; x_wconf 89' lang='lat' dir='ltr'><strong>bona</strong></span> <span class='ocrx_word' id='word_1_404' title='bbox 948 4720 960 4757; x_wconf 89' lang='lat'><strong>:</strong></span> <span class='ocrx_word' id='word_1_405' title='bbox 989 4719 1050 4760; x_wconf 91' lang='lat' dir='ltr'><strong>ac</strong></span> <span class='ocrx_word' id='word_1_406' title='bbox 1071 4704 1268 4761; x_wconf 88' lang='lat' dir='ltr'><strong>deinde</strong></span> <span class='ocrx_word' id='word_1_407' title='bbox 1293 4716 1477 4761; x_wconf 90' lang='lat' dir='ltr'><strong>mutuo</strong></span> <span class='ocrx_word' id='word_1_408' title='bbox 1508 4706 1851 4764; x_wconf 64' lang='lat' dir='ltr'><strong>cohaarebant</strong></span> <span class='ocrx_word' id='word_1_409' title='bbox 1871 4748 1893 4775; x_wconf 92' lang='lat'><strong>,</strong></span> <span class='ocrx_word' id='word_1_410' title='bbox 1933 4723 1965 4762; x_wconf 89' lang='lat' dir='ltr'><strong>a</strong></span> <span class='ocrx_word' id='word_1_411' title='bbox 2004 4708 2149 4764; x_wconf 91' lang='lat' dir='ltr'><strong>nulla</strong></span> 
     </span>
    </p>
   </div>
   <div class='ocr_carea' id='block_1_49' title="bbox 566 4795 2147 4870">
    <p class='ocr_par' dir='ltr' id='par_1_49' title="bbox 566 4795 2147 4870">
     <span class='ocr_line' id='line_1_49' title="bbox 566 4795 2147 4870; baseline 0.002 -19"><span class='ocrx_word' id='word_1_412' title='bbox 566 4811 625 4851; x_wconf 86' lang='lat' dir='ltr'><strong>re</strong></span> <span class='ocrx_word' id='word_1_413' title='bbox 648 4796 867 4851; x_wconf 79' lang='lat' dir='ltr'><strong>divulsi.</strong></span> <span class='ocrx_word' id='word_1_414' title='bbox 902 4795 1031 4851; x_wconf 89' lang='lat' dir='ltr'><strong>Illud</strong></span> <span class='ocrx_word' id='word_1_415' title='bbox 1059 4798 1202 4852; x_wconf 89' lang='lat' dir='ltr'><strong>enim</strong></span> <span class='ocrx_word' id='word_1_416' title='bbox 1233 4814 1400 4852; x_wconf 88' lang='lat' dir='ltr'><strong>meum</strong></span> <span class='ocrx_word' id='word_1_417' title='bbox 1425 4807 1476 4854; x_wconf 88' lang='lat' dir='ltr'><strong>et</strong></span> <span class='ocrx_word' id='word_1_418' title='bbox 1507 4808 1646 4853; x_wconf 84' lang='lat' dir='ltr'><strong>tuum</strong></span> <span class='ocrx_word' id='word_1_419' title='bbox 1675 4839 1691 4866; x_wconf 93' lang='lat'><strong>,</strong></span> <span class='ocrx_word' id='word_1_420' title='bbox 1737 4798 1988 4870; x_wconf 80' lang='lat' dir='ltr'><strong>frigidum</strong></span> <span class='ocrx_word' id='word_1_421' title='bbox 2020 4800 2147 4855; x_wconf 90' lang='lat' dir='ltr'><strong>illud</strong></span> 
     </span>
    </p>
   </div>
   <div class='ocr_carea' id='block_1_50' title="bbox 563 4889 2145 4958">
    <p class='ocr_par' dir='ltr' id='par_1_50' title="bbox 563 4889 2145 4958">
     <span class='ocr_line' id='line_1_50' title="bbox 563 4889 2145 4958; baseline 0.003 -16"><span class='ocrx_word' id='word_1_422' title='bbox 563 4889 827 4953; x_wconf 87' lang='lat' dir='ltr'><strong>verbum,</strong></span> <span class='ocrx_word' id='word_1_423' title='bbox 883 4890 1161 4944; x_wconf 89' lang='lat' dir='ltr'><strong>innumera</strong></span> <span class='ocrx_word' id='word_1_424' title='bbox 1212 4889 1350 4946; x_wconf 84' lang='lat' dir='ltr'><strong>bella</strong></span> <span class='ocrx_word' id='word_1_425' title='bbox 1396 4891 1455 4945; x_wconf 85' lang='lat' dir='ltr'><strong>in</strong></span> <span class='ocrx_word' id='word_1_426' title='bbox 1502 4891 1687 4946; x_wconf 86' lang='lat' dir='ltr'><strong>orbem</strong></span> <span class='ocrx_word' id='word_1_427' title='bbox 1735 4892 2034 4958; x_wconf 79' lang='lat' dir='ltr'><strong>inducens,</strong></span> <span class='ocrx_word' id='word_1_428' title='bbox 2081 4907 2145 4948; x_wconf 85' lang='lat' dir='ltr'><strong>ex</strong></span> 
     </span>
    </p>
   </div>
   <div class='ocr_carea' id='block_1_51' title="bbox 564 4979 2149 5054">
    <p class='ocr_par' dir='ltr' id='par_1_51' title="bbox 564 4979 2149 5054">
     <span class='ocr_line' id='line_1_51' title="bbox 564 4979 2149 5054; baseline 0.004 -21"><span class='ocrx_word' id='word_1_429' title='bbox 564 4992 744 5036; x_wconf 85' lang='lat' dir='ltr'><strong>saneta</strong></span> <span class='ocrx_word' id='word_1_430' title='bbox 774 4979 861 5035; x_wconf 90' lang='lat' dir='ltr'><strong>illa</strong></span> <span class='ocrx_word' id='word_1_431' title='bbox 893 4981 1131 5037; x_wconf 85' lang='lat' dir='ltr'><strong>Ecclesia</strong></span> <span class='ocrx_word' id='word_1_432' title='bbox 1158 4982 1491 5038; x_wconf 84' lang='lat' dir='ltr'><strong>eliminatum</strong></span> <span class='ocrx_word' id='word_1_433' title='bbox 1518 4992 1654 5050; x_wconf 90' lang='lat' dir='ltr'><strong>erat,</strong></span> <span class='ocrx_word' id='word_1_434' title='bbox 1686 4993 1742 5038; x_wconf 87' lang='lat' dir='ltr'><strong>et.</strong></span> <span class='ocrx_word' id='word_1_435' title='bbox 1768 4984 1820 5039; x_wconf 91' lang='lat' dir='ltr'><strong>in</strong></span> <span class='ocrx_word' id='word_1_436' title='bbox 1862 4987 2001 5040; x_wconf 59' lang='lat' dir='ltr'><strong>terra</strong></span> <span class='ocrx_word' id='word_1_437' title='bbox 2029 5000 2149 5054; x_wconf 85' lang='lat' dir='ltr'><strong>per-</strong></span> 
     </span>
    </p>
   </div>
   <div class='ocr_carea' id='block_1_52' title="bbox 565 5071 2149 5145">
    <p class='ocr_par' dir='ltr' id='par_1_52' title="bbox 565 5071 2149 5145">
     <span class='ocr_line' id='line_1_52' title="bbox 565 5071 2149 5145; baseline 0.003 -19"><span class='ocrx_word' id='word_1_438' title='bbox 565 5071 691 5126; x_wconf 86' lang='lat' dir='ltr'><strong>inde</strong></span> <span class='ocrx_word' id='word_1_439' title='bbox 736 5071 1082 5141; x_wconf 76' lang='lat' dir='ltr'><strong>habitabant,</strong></span> <span class='ocrx_word' id='word_1_440' title='bbox 1104 5081 1264 5143; x_wconf 85' lang='lat' dir='ltr'><strong>atque</strong></span> <span class='ocrx_word' id='word_1_441' title='bbox 1303 5075 1478 5145; x_wconf 80' lang='lat' dir='ltr'><strong>angeli</strong></span> <span class='ocrx_word' id='word_1_442' title='bbox 1505 5075 1556 5128; x_wconf 91' lang='lat' dir='ltr'><strong>in</strong></span> <span class='ocrx_word' id='word_1_443' title='bbox 1577 5075 1731 5130; x_wconf 69' lang='lat' dir='ltr'><strong>carlo.</strong></span> <span class='ocrx_word' id='word_1_444' title='bbox 1760 5075 1873 5129; x_wconf 86' lang='lat' dir='ltr'><strong>Non</strong></span> <span class='ocrx_word' id='word_1_445' title='bbox 1898 5075 2149 5131; x_wconf 86' lang='lat' dir='ltr'><strong>divitibus</strong></span> 
     </span>
    </p>
   </div>
   <div class='ocr_carea' id='block_1_53' title="bbox 565 5163 2149 5232">
    <p class='ocr_par' dir='ltr' id='par_1_53' title="bbox 565 5163 2149 5232">
     <span class='ocr_line' id='line_1_53' title="bbox 565 5163 2149 5232; baseline 0.004 -18"><span class='ocrx_word' id='word_1_446' title='bbox 565 5176 828 5231; x_wconf 84' lang='lat' dir='ltr'><strong>pauperes</strong></span> <span class='ocrx_word' id='word_1_447' title='bbox 856 5163 1206 5230; x_wconf 88' lang='lat' dir='ltr'><strong>invidebant,</strong></span> <span class='ocrx_word' id='word_1_448' title='bbox 1251 5179 1374 5220; x_wconf 82' lang='lat' dir='ltr'><strong>eum</strong></span> <span class='ocrx_word' id='word_1_449' title='bbox 1418 5165 1545 5219; x_wconf 91' lang='lat' dir='ltr'><strong>nulli</strong></span> <span class='ocrx_word' id='word_1_450' title='bbox 1570 5176 1749 5222; x_wconf 86' lang='lat' dir='ltr'><strong>essent</strong></span> <span class='ocrx_word' id='word_1_451' title='bbox 1788 5166 2020 5232; x_wconf 91' lang='lat' dir='ltr'><strong>divites;</strong></span> <span class='ocrx_word' id='word_1_452' title='bbox 2050 5182 2149 5222; x_wconf 91' lang='lat' dir='ltr'><strong>nec</strong></span> 
     </span>
    </p>
   </div>
   <div class='ocr_carea' id='block_1_54' title="bbox 565 5253 2148 5327">
    <p class='ocr_par' dir='ltr' id='par_1_54' title="bbox 565 5253 2148 5327">
     <span class='ocr_line' id='line_1_54' title="bbox 565 5253 2148 5327; baseline 0.003 -20"><span class='ocrx_word' id='word_1_453' title='bbox 565 5268 825 5325; x_wconf 86' lang='lat' dir='ltr'><strong>pauperes</strong></span> <span class='ocrx_word' id='word_1_454' title='bbox 854 5269 883 5309; x_wconf 89' lang='lat' dir='ltr'><strong>a</strong></span> <span class='ocrx_word' id='word_1_455' title='bbox 911 5253 1164 5311; x_wconf 86' lang='lat' dir='ltr'><strong>divitibus</strong></span> <span class='ocrx_word' id='word_1_456' title='bbox 1186 5255 1669 5311; x_wconf 85' lang='lat' dir='ltr'><strong>centemnebantur</strong></span> <span class='ocrx_word' id='word_1_457' title='bbox 1693 5298 1706 5319; x_wconf 89' lang='lat'><strong>,</strong></span> <span class='ocrx_word' id='word_1_458' title='bbox 1740 5272 1860 5311; x_wconf 87' lang='lat' dir='ltr'><strong>cmn</strong></span> <span class='ocrx_word' id='word_1_459' title='bbox 1888 5271 2148 5327; x_wconf 88' lang='lat' dir='ltr'><strong>pauperes</strong></span> 
     </span>
    </p>
   </div>
   <div class='ocr_carea' id='block_1_55' title="bbox 546 5348 2150 5415">
    <p class='ocr_par' dir='ltr' id='par_1_55' title="bbox 546 5348 2150 5415">
     <span class='ocr_line' id='line_1_55' title="bbox 546 5348 2150 5415; baseline 0.005 -17"><span class='ocrx_word' id='word_1_460' title='bbox 546 5362 659 5401; x_wconf 89' lang='lat' dir='ltr'><strong>non</strong></span> <span class='ocrx_word' id='word_1_461' title='bbox 698 5358 917 5415; x_wconf 88' lang='lat' dir='ltr'><strong>essent,</strong></span> <span class='ocrx_word' id='word_1_462' title='bbox 946 5348 1041 5405; x_wconf 87' lang='lat' dir='ltr'><strong>sed</strong></span> <span class='ocrx_word' id='word_1_463' title='bbox 1078 5349 1257 5404; x_wconf 88' lang='lat' dir='ltr'><strong>omnia</strong></span> <span class='ocrx_word' id='word_1_464' title='bbox 1286 5358 1467 5405; x_wconf 84' lang='lat' dir='ltr'><strong>essent</strong></span> <span class='ocrx_word' id='word_1_465' title='bbox 1504 5350 1829 5405; x_wconf 86' lang='lat' dir='ltr'><strong>communia.</strong></span> <span class='ocrx_word' id='word_1_466' title='bbox 1870 5353 1947 5406; x_wconf 74' lang='lat' dir='ltr'><strong>Ac</strong></span> <span class='ocrx_word' id='word_1_467' title='bbox 1990 5366 2150 5406; x_wconf 88' lang='lat' dir='ltr'><strong>nemo</strong></span> 
     </span>
    </p>
   </div>
   <div class='ocr_carea' id='block_1_56' title="bbox 545 5439 2146 5515">
    <p class='ocr_par' dir='ltr' id='par_1_56' title="bbox 545 5439 2146 5515">
     <span class='ocr_line' id='line_1_56' title="bbox 545 5439 2146 5515; baseline 0.001 -19"><span class='ocrx_word' id='word_1_468' title='bbox 545 5443 829 5515; x_wconf 84' lang='lat' dir='ltr'><strong>quidpiam</strong></span> <span class='ocrx_word' id='word_1_469' title='bbox 858 5455 923 5496; x_wconf 80' lang='lat' dir='ltr'><strong>ex</strong></span> <span class='ocrx_word' id='word_1_470' title='bbox 951 5440 1015 5495; x_wconf 90' lang='lat' dir='ltr'><strong>iis</strong></span> <span class='ocrx_word' id='word_1_471' title='bbox 1053 5454 1172 5510; x_wconf 81' lang='lat' dir='ltr'><strong>quae</strong></span> <span class='ocrx_word' id='word_1_472' title='bbox 1220 5439 1487 5506; x_wconf 86' lang='lat' dir='ltr'><strong>habebat,</strong></span> <span class='ocrx_word' id='word_1_473' title='bbox 1529 5455 1684 5495; x_wconf 89' lang='lat' dir='ltr'><strong>suum</strong></span> <span class='ocrx_word' id='word_1_474' title='bbox 1726 5455 1849 5496; x_wconf 84' lang='lat' dir='ltr'><strong>esse</strong></span> <span class='ocrx_word' id='word_1_475' title='bbox 1898 5440 2146 5507; x_wconf 85' lang='lat' dir='ltr'><strong>dicebat;</strong></span> 
     </span>
    </p>
   </div>
   <div class='ocr_carea' id='block_1_57' title="bbox 551 5532 2146 5601">
    <p class='ocr_par' dir='ltr' id='par_1_57' title="bbox 551 5532 2146 5601">
     <span class='ocr_line' id='line_1_57' title="bbox 551 5532 2146 5601; baseline 0.004 -19"><span class='ocrx_word' id='word_1_476' title='bbox 551 5543 736 5601; x_wconf 87' lang='lat' dir='ltr'><strong>neque</strong></span> <span class='ocrx_word' id='word_1_477' title='bbox 789 5534 931 5587; x_wconf 85' lang='lat' dir='ltr'><strong>enim</strong></span> <span class='ocrx_word' id='word_1_478' title='bbox 976 5543 1034 5587; x_wconf 91' lang='lat' dir='ltr'><strong>ut</strong></span> <span class='ocrx_word' id='word_1_479' title='bbox 1082 5532 1280 5601; x_wconf 88' lang='lat' dir='ltr'><strong>hodie,</strong></span> <span class='ocrx_word' id='word_1_480' title='bbox 1328 5535 1407 5590; x_wconf 91' lang='lat' dir='ltr'><strong>sic</strong></span> <span class='ocrx_word' id='word_1_481' title='bbox 1454 5544 1580 5590; x_wconf 92' lang='lat' dir='ltr'><strong>tunc</strong></span> <span class='ocrx_word' id='word_1_482' title='bbox 1620 5549 1681 5590; x_wconf 88' lang='lat' dir='ltr'><strong>se</strong></span> <span class='ocrx_word' id='word_1_483' title='bbox 1724 5550 1814 5591; x_wconf 87' lang='lat' dir='ltr'><strong>res</strong></span> <span class='ocrx_word' id='word_1_484' title='bbox 1858 5533 2146 5591; x_wconf 82' lang='lat' dir='ltr'><strong>habebant.</strong></span> 
     </span>
    </p>
   </div>
   <div class='ocr_carea' id='block_1_58' title="bbox 563 5619 2150 5697">
    <p class='ocr_par' dir='ltr' id='par_1_58' title="bbox 563 5619 2150 5697">
     <span class='ocr_line' id='line_1_58' title="bbox 563 5619 2150 5697; baseline 0.004 -22"><span class='ocrx_word' id='word_1_485' title='bbox 563 5619 719 5675; x_wconf 80' lang='lat' dir='ltr'><strong>Nune</strong></span> <span class='ocrx_word' id='word_1_486' title='bbox 744 5622 884 5675; x_wconf 80' lang='lat' dir='ltr'><strong>enim</strong></span> <span class='ocrx_word' id='word_1_487' title='bbox 914 5637 1008 5677; x_wconf 89' lang='lat' dir='ltr'><strong>sua</strong></span> <span class='ocrx_word' id='word_1_488' title='bbox 1038 5623 1297 5679; x_wconf 89' lang='lat' dir='ltr'><strong>habentes</strong></span> <span class='ocrx_word' id='word_1_489' title='bbox 1319 5664 1337 5693; x_wconf 90' lang='lat'><strong>,</strong></span> <span class='ocrx_word' id='word_1_490' title='bbox 1373 5634 1598 5697; x_wconf 85' lang='lat' dir='ltr'><strong>erogant</strong></span> <span class='ocrx_word' id='word_1_491' title='bbox 1624 5626 1947 5696; x_wconf 86' lang='lat' dir='ltr'><strong>pauperibus</strong></span> <span class='ocrx_word' id='word_1_492' title='bbox 1979 5644 1992 5679; x_wconf 89' lang='lat'><strong>:</strong></span> <span class='ocrx_word' id='word_1_493' title='bbox 2025 5636 2150 5681; x_wconf 85' lang='lat' dir='ltr'><strong>tunc</strong></span> 
     </span>
    </p>
   </div>
   <div class='ocr_carea' id='block_1_59' title="bbox 563 5716 2150 5788">
    <p class='ocr_par' dir='ltr' id='par_1_59' title="bbox 563 5716 2150 5788">
     <span class='ocr_line' id='line_1_59' title="bbox 563 5716 2150 5788; baseline 0.007 -24"><span class='ocrx_word' id='word_1_494' title='bbox 563 5727 694 5766; x_wconf 87' lang='lat' dir='ltr'><strong>vero</strong></span> <span class='ocrx_word' id='word_1_495' title='bbox 722 5729 827 5765; x_wconf 90' lang='lat' dir='ltr'><strong>non</strong></span> <span class='ocrx_word' id='word_1_496' title='bbox 856 5727 965 5780; x_wconf 65' lang='lat' dir='ltr'><strong>sic;</strong></span> <span class='ocrx_word' id='word_1_497' title='bbox 990 5716 1087 5772; x_wconf 87' lang='lat' dir='ltr'><strong>sed</strong></span> <span class='ocrx_word' id='word_1_498' title='bbox 1110 5733 1142 5771; x_wconf 92' lang='lat' dir='ltr'><strong>a</strong></span> <span class='ocrx_word' id='word_1_499' title='bbox 1180 5718 1514 5787; x_wconf 86' lang='lat' dir='ltr'><strong>propriarum</strong></span> <span class='ocrx_word' id='word_1_500' title='bbox 1542 5721 1883 5788; x_wconf 83' lang='lat' dir='ltr'><strong>pecuniarum</strong></span> <span class='ocrx_word' id='word_1_501' title='bbox 1912 5720 2150 5776; x_wconf 90' lang='lat' dir='ltr'><strong>dominio</strong></span> 
     </span>
    </p>
   </div>
   <div class='ocr_carea' id='block_1_60' title="bbox 561 5806 2150 5884">
    <p class='ocr_par' dir='ltr' id='par_1_60' title="bbox 561 5806 2150 5884">
     <span class='ocr_line' id='line_1_60' title="bbox 561 5806 2150 5884; baseline 0.004 -20"><span class='ocrx_word' id='word_1_502' title='bbox 561 5806 889 5865; x_wconf 71' lang='lat' dir='ltr'><strong>absiswntes</strong></span> <span class='ocrx_word' id='word_1_503' title='bbox 909 5845 927 5866; x_wconf 88' lang='lat'><strong>.</strong></span> <span class='ocrx_word' id='word_1_504' title='bbox 950 5816 1012 5868; x_wconf 76' lang='lat' dir='ltr'><strong>et</strong></span> <span class='ocrx_word' id='word_1_505' title='bbox 1033 5807 1091 5869; x_wconf 83' lang='lat' dir='ltr'><strong>in</strong></span> <span class='ocrx_word' id='word_1_506' title='bbox 1117 5809 1297 5868; x_wconf 82' lang='lat' dir='ltr'><strong>medio</strong></span> <span class='ocrx_word' id='word_1_507' title='bbox 1315 5824 1410 5865; x_wconf 81' lang='lat' dir='ltr'><strong>ess</strong></span> <span class='ocrx_word' id='word_1_508' title='bbox 1428 5810 1764 5884; x_wconf 82' lang='lat' dir='ltr'><strong>deponcntcs</strong></span> <span class='ocrx_word' id='word_1_509' title='bbox 1799 5821 1965 5884; x_wconf 78' lang='lat' dir='ltr'><strong>atque</strong></span> <span class='ocrx_word' id='word_1_510' title='bbox 2002 5826 2150 5870; x_wconf 85' lang='lat' dir='ltr'><strong>com-</strong></span> 
     </span>
    </p>
   </div>
   <div class='ocr_carea' id='block_1_61' title="bbox 1324 372 3795 462">
    <p class='ocr_par' dir='ltr' id='par_1_61' title="bbox 1324 372 3795 462">
     <span class='ocr_line' id='line_1_61' title="bbox 1324 372 3795 462; baseline -0.001 -26"><span class='ocrx_word' id='word_1_511' title='bbox 1324 379 1378 437; x_wconf 77' lang='grc' dir='ltr'><strong>Β.</strong></span> <span class='ocrx_word' id='word_1_512' title='bbox 1420 378 1695 435; x_wconf 69' lang='lat' dir='ltr'><strong>JOANNIS</strong></span> <span class='ocrx_word' id='word_1_513' title='bbox 1721 372 2197 433; x_wconf 64' lang='lat' dir='ltr'><strong>CIlltYSOSTOMl</strong></span> <span class='ocrx_word' id='word_1_514' title='bbox 2238 373 2555 430; x_wconf 64' lang='lat' dir='ltr'><strong>AllCllel’.</strong></span> <span class='ocrx_word' id='word_1_515' title='bbox 2598 374 3135 462; x_wconf 75' lang='lat' dir='ltr'><strong>CONSTANTINOP.</strong></span> <span class='ocrx_word' id='word_1_516' title='bbox 3707 385 3795 441; x_wconf 65' lang='lat'><strong>156</strong></span> 
     </span>
    </p>
   </div>
   <div class='ocr_carea' id='block_1_62' title="bbox 2269 488 3795 570">
    <p class='ocr_par' dir='ltr' id='par_1_62' title="bbox 2269 488 3795 570">
     <span class='ocr_line' id='line_1_62' title="bbox 2269 488 3795 570; baseline 0.012 -30"><span class='ocrx_word' id='word_1_517' title='bbox 2269 488 2553 544; x_wconf 88' lang='lat' dir='ltr'><strong>miscentes</strong></span> <span class='ocrx_word' id='word_1_518' title='bbox 2575 535 2590 555; x_wconf 92' lang='lat'><strong>,</strong></span> <span class='ocrx_word' id='word_1_519' title='bbox 2623 506 2689 544; x_wconf 88' lang='lat' dir='ltr'><strong>ne</strong></span> <span class='ocrx_word' id='word_1_520' title='bbox 2713 491 2925 562; x_wconf 83' lang='lat' dir='ltr'><strong>quidem</strong></span> <span class='ocrx_word' id='word_1_521' title='bbox 2958 493 3246 547; x_wconf 90' lang='lat' dir='ltr'><strong>internosci</strong></span> <span class='ocrx_word' id='word_1_522' title='bbox 3274 504 3512 563; x_wconf 85' lang='lat' dir='ltr'><strong>poterant</strong></span> <span class='ocrx_word' id='word_1_523' title='bbox 3535 499 3615 566; x_wconf 86' lang='lat' dir='ltr'><strong>qui</strong></span> <span class='ocrx_word' id='word_1_524' title='bbox 3654 516 3795 570; x_wconf 76' lang='lat' dir='ltr'><strong>nuper</strong></span> 
     </span>
    </p>
   </div>
   <div class='ocr_carea' id='block_1_63' title="bbox 2262 580 3795 657">
    <p class='ocr_par' dir='ltr' id='par_1_63' title="bbox 2262 580 3795 657">
     <span class='ocr_line' id='line_1_63' title="bbox 2262 580 3795 657; baseline 0.008 -24"><span class='ocrx_word' id='word_1_525' title='bbox 2262 580 2454 637; x_wconf 85' lang='lat' dir='ltr'><strong>divites</strong></span> <span class='ocrx_word' id='word_1_526' title='bbox 2483 582 2729 648; x_wconf 78' lang='lat' dir='ltr'><strong>inerant;</strong></span> <span class='ocrx_word' id='word_1_527' title='bbox 2779 585 2849 639; x_wconf 85' lang='lat' dir='ltr'><strong>ita</strong></span> <span class='ocrx_word' id='word_1_528' title='bbox 2881 594 2937 639; x_wconf 89' lang='lat' dir='ltr'><strong>ut</strong></span> <span class='ocrx_word' id='word_1_529' title='bbox 2980 586 3023 639; x_wconf 88' lang='lat' dir='ltr'><strong>si</strong></span> <span class='ocrx_word' id='word_1_530' title='bbox 3052 586 3170 656; x_wconf 84' lang='lat' dir='ltr'><strong>quis</strong></span> <span class='ocrx_word' id='word_1_531' title='bbox 3194 603 3260 641; x_wconf 77' lang='lat' dir='ltr'><strong>ex</strong></span> <span class='ocrx_word' id='word_1_532' title='bbox 3290 588 3795 657; x_wconf 73' lang='lat' dir='ltr'><strong>peruniarumdeSpe-</strong></span> 
     </span>
    </p>
   </div>
   <div class='ocr_carea' id='block_1_64' title="bbox 2275 673 3795 751">
    <p class='ocr_par' dir='ltr' id='par_1_64' title="bbox 2275 673 3795 751">
     <span class='ocr_line' id='line_1_64' title="bbox 2275 673 3795 751; baseline 0.009 -26"><span class='ocrx_word' id='word_1_533' title='bbox 2275 682 2363 726; x_wconf 86' lang='lat' dir='ltr'><strong>ctu</strong></span> <span class='ocrx_word' id='word_1_534' title='bbox 2394 673 2559 727; x_wconf 81' lang='lat' dir='ltr'><strong>fastus</strong></span> <span class='ocrx_word' id='word_1_535' title='bbox 2583 676 2707 729; x_wconf 89' lang='lat' dir='ltr'><strong>oriri</strong></span> <span class='ocrx_word' id='word_1_536' title='bbox 2739 686 2957 745; x_wconf 88' lang='lat' dir='ltr'><strong>posset,</strong></span> <span class='ocrx_word' id='word_1_537' title='bbox 2988 678 3077 732; x_wconf 90' lang='lat' dir='ltr'><strong>ille</strong></span> <span class='ocrx_word' id='word_1_538' title='bbox 3103 679 3263 733; x_wconf 90' lang='lat' dir='ltr'><strong>etiam</strong></span> <span class='ocrx_word' id='word_1_539' title='bbox 3284 673 3519 733; x_wconf 78' lang='lat' dir='ltr'><strong>funditus</strong></span> <span class='ocrx_word' id='word_1_540' title='bbox 3539 680 3795 751; x_wconf 68' lang='lat' dir='ltr'><strong>tolleretur,</strong></span> 
     </span>
    </p>
   </div>
   <div class='ocr_carea' id='block_1_65' title="bbox 2261 764 3797 844">
    <p class='ocr_par' dir='ltr' id='par_1_65' title="bbox 2261 764 3797 844">
     <span class='ocr_line' id='line_1_65' title="bbox 2261 764 3797 844; baseline 0.009 -28"><span class='ocrx_word' id='word_1_541' title='bbox 2261 764 2691 835; x_wconf 86' lang='lat' dir='ltr'><strong>quandoquidem</strong></span> <span class='ocrx_word' id='word_1_542' title='bbox 2721 770 2900 822; x_wconf 91' lang='lat' dir='ltr'><strong>omnia</strong></span> <span class='ocrx_word' id='word_1_543' title='bbox 2929 770 3150 838; x_wconf 62' lang='lat' dir='ltr'><strong>aequalia</strong></span> <span class='ocrx_word' id='word_1_544' title='bbox 3193 779 3343 825; x_wconf 89' lang='lat' dir='ltr'><strong>erant</strong></span> <span class='ocrx_word' id='word_1_545' title='bbox 3368 810 3384 836; x_wconf 92' lang='lat'><strong>,</strong></span> <span class='ocrx_word' id='word_1_546' title='bbox 3428 786 3697 843; x_wconf 88' lang='lat' dir='ltr'><strong>omnesque</strong></span> <span class='ocrx_word' id='word_1_547' title='bbox 3732 794 3797 844; x_wconf 87' lang='lat' dir='ltr'><strong>pe-</strong></span> 
     </span>
    </p>
   </div>
   <div class='ocr_carea' id='block_1_66' title="bbox 2260 858 3798 932">
    <p class='ocr_par' dir='ltr' id='par_1_66' title="bbox 2260 858 3798 932">
     <span class='ocr_line' id='line_1_66' title="bbox 2260 858 3798 932; baseline 0.01 -24"><span class='ocrx_word' id='word_1_548' title='bbox 2260 858 2433 911; x_wconf 70' lang='lat' dir='ltr'><strong>cunia:</strong></span> <span class='ocrx_word' id='word_1_549' title='bbox 2483 860 2787 913; x_wconf 67' lang='lat' dir='ltr'><strong>commixta:</strong></span> <span class='ocrx_word' id='word_1_550' title='bbox 2833 861 3061 915; x_wconf 81' lang='lat' dir='ltr'><strong>fuerant.</strong></span> <span class='ocrx_word' id='word_1_551' title='bbox 3106 860 3289 932; x_wconf 88' lang='lat' dir='ltr'><strong>Neque</strong></span> <span class='ocrx_word' id='word_1_552' title='bbox 3328 862 3449 917; x_wconf 90' lang='lat' dir='ltr'><strong>inde</strong></span> <span class='ocrx_word' id='word_1_553' title='bbox 3492 864 3686 931; x_wconf 90' lang='lat' dir='ltr'><strong>solum,</strong></span> <span class='ocrx_word' id='word_1_554' title='bbox 3722 868 3798 923; x_wconf 83' lang='lat' dir='ltr'><strong>sed</strong></span> 
     </span>
    </p>
   </div>
   <div class='ocr_carea' id='block_1_67' title="bbox 2259 951 3799 1027">
    <p class='ocr_par' dir='ltr' id='par_1_67' title="bbox 2259 951 3799 1027">
     <span class='ocr_line' id='line_1_67' title="bbox 2259 951 3799 1027; baseline 0.006 -23"><span class='ocrx_word' id='word_1_555' title='bbox 2259 951 2416 1004; x_wconf 87' lang='lat' dir='ltr'><strong>etiam</strong></span> <span class='ocrx_word' id='word_1_556' title='bbox 2445 966 2508 1005; x_wconf 81' lang='lat' dir='ltr'><strong>ex</strong></span> <span class='ocrx_word' id='word_1_557' title='bbox 2541 952 2701 1006; x_wconf 89' lang='lat' dir='ltr'><strong>modo</strong></span> <span class='ocrx_word' id='word_1_558' title='bbox 2740 954 3043 1022; x_wconf 85' lang='lat' dir='ltr'><strong>deponendi</strong></span> <span class='ocrx_word' id='word_1_559' title='bbox 3084 954 3333 1023; x_wconf 83' lang='lat' dir='ltr'><strong>pecunias</strong></span> <span class='ocrx_word' id='word_1_560' title='bbox 3357 996 3372 1021; x_wconf 94' lang='lat'><strong>,</strong></span> <span class='ocrx_word' id='word_1_561' title='bbox 3421 955 3619 1009; x_wconf 88' lang='lat' dir='ltr'><strong>illorum</strong></span> <span class='ocrx_word' id='word_1_562' title='bbox 3661 960 3799 1027; x_wconf 76' lang='lat' dir='ltr'><strong>pieltt-</strong></span> 
     </span>
    </p>
   </div>
   <div class='ocr_carea' id='block_1_68' title="bbox 2261 1041 3801 1119">
    <p class='ocr_par' dir='ltr' id='par_1_68' title="bbox 2261 1041 3801 1119">
     <span class='ocr_line' id='line_1_68' title="bbox 2261 1041 3801 1119; baseline 0.006 -25"><span class='ocrx_word' id='word_1_563' title='bbox 2261 1051 2367 1095; x_wconf 90' lang='lat' dir='ltr'><strong>tem</strong></span> <span class='ocrx_word' id='word_1_564' title='bbox 2399 1041 2583 1097; x_wconf 83' lang='lat' dir='ltr'><strong>videre</strong></span> <span class='ocrx_word' id='word_1_565' title='bbox 2610 1053 2746 1098; x_wconf 90' lang='lat' dir='ltr'><strong>erat.</strong></span> <span class='ocrx_word' id='word_1_566' title='bbox 2780 1045 3033 1111; x_wconf 81' lang='lat' dir='ltr'><strong>Quotquot</strong></span> <span class='ocrx_word' id='word_1_567' title='bbox 3062 1046 3193 1098; x_wconf 88' lang='lat' dir='ltr'><strong>enim</strong></span> <span class='ocrx_word' id='word_1_568' title='bbox 3222 1062 3371 1116; x_wconf 81' lang='lat' dir='ltr'><strong>agros</strong></span> <span class='ocrx_word' id='word_1_569' title='bbox 3399 1055 3482 1098; x_wconf 90' lang='lat' dir='ltr'><strong>aut</strong></span> <span class='ocrx_word' id='word_1_570' title='bbox 3521 1047 3679 1102; x_wconf 83' lang='lat' dir='ltr'><strong>dantes</strong></span> <span class='ocrx_word' id='word_1_571' title='bbox 3704 1067 3801 1119; x_wconf 77' lang='lat' dir='ltr'><strong>pos-</strong></span> 
     </span>
    </p>
   </div>
   <div class='ocr_carea' id='block_1_69' title="bbox 2257 1134 3798 1208">
    <p class='ocr_par' dir='ltr' id='par_1_69' title="bbox 2257 1134 3798 1208">
     <span class='ocr_line' id='line_1_69' title="bbox 2257 1134 3798 1208; baseline 0.006 -23"><span class='ocrx_word' id='word_1_572' title='bbox 2257 1134 2525 1197; x_wconf 89' lang='lat' dir='ltr'><strong>sidebant,</strong></span> <span class='ocrx_word' id='word_1_573' title='bbox 2556 1135 2672 1189; x_wconf 85' lang='lat' dir='ltr'><strong>illas</strong></span> <span class='ocrx_word' id='word_1_574' title='bbox 2704 1138 2971 1190; x_wconf 78' lang='lat' dir='ltr'><strong>uendentes</strong></span> <span class='ocrx_word' id='word_1_575' title='bbox 3011 1137 3227 1205; x_wconf 81' lang='lat' dir='ltr'><strong>pretium</strong></span> <span class='ocrx_word' id='word_1_576' title='bbox 3267 1135 3537 1203; x_wconf 71' lang='lat' dir='ltr'><strong>offerebant</strong></span> <span class='ocrx_word' id='word_1_577' title='bbox 3557 1179 3572 1203; x_wconf 91' lang='lat'><strong>,</strong></span> <span class='ocrx_word' id='word_1_578' title='bbox 3601 1148 3644 1192; x_wconf 90' lang='lat' dir='ltr'><strong>et</strong></span> <span class='ocrx_word' id='word_1_579' title='bbox 3667 1156 3798 1208; x_wconf 63' lang='lat' dir='ltr'><strong>pone.</strong></span> 
     </span>
    </p>
   </div>
   <div class='ocr_carea' id='block_1_70' title="bbox 2258 1223 3799 1299">
    <p class='ocr_par' dir='ltr' id='par_1_70' title="bbox 2258 1223 3799 1299">
     <span class='ocr_line' id='line_1_70' title="bbox 2258 1223 3799 1299; baseline 0.006 -22"><span class='ocrx_word' id='word_1_580' title='bbox 2258 1224 2376 1277; x_wconf 85' lang='lat' dir='ltr'><strong>bant</strong></span> <span class='ocrx_word' id='word_1_581' title='bbox 2403 1223 2471 1275; x_wconf 85' lang='lat' dir='ltr'><strong>ad</strong></span> <span class='ocrx_word' id='word_1_582' title='bbox 2501 1224 2649 1293; x_wconf 81' lang='lat' dir='ltr'><strong>pedes</strong></span> <span class='ocrx_word' id='word_1_583' title='bbox 2677 1229 3021 1294; x_wconf 84' lang='lat' dir='ltr'><strong>apostolorum</strong></span> <span class='ocrx_word' id='word_1_584' title='bbox 3066 1226 3083 1297; x_wconf 95' lang='lat'><strong>(</strong></span> <span class='ocrx_word' id='word_1_585' title='bbox 3107 1227 3216 1280; x_wconf 81' lang='lat' dir='ltr'><strong>Act.</strong></span> <span class='ocrx_word' id='word_1_586' title='bbox 3246 1227 3299 1281; x_wconf 74' lang='grc'><strong>4.</strong></span> <span class='ocrx_word' id='word_1_587' title='bbox 3327 1229 3396 1282; x_wconf 66' lang='grc' dir='ltr'>δι</span> <span class='ocrx_word' id='word_1_588' title='bbox 3424 1229 3462 1297; x_wconf 93' lang='grc'><strong>).</strong></span> <span class='ocrx_word' id='word_1_589' title='bbox 3508 1227 3613 1282; x_wconf 85' lang='lat' dir='ltr'><strong>Non</strong></span> <span class='ocrx_word' id='word_1_590' title='bbox 3653 1232 3799 1299; x_wconf 77' lang='lat' dir='ltr'><strong>dixit,</strong></span> 
     </span>
    </p>
   </div>
   <div class='ocr_carea' id='block_1_71' title="bbox 2258 1313 3798 1388">
    <p class='ocr_par' dir='ltr' id='par_1_71' title="bbox 2258 1313 3798 1388">
     <span class='ocr_line' id='line_1_71' title="bbox 2258 1313 3798 1388; baseline 0.007 -21"><span class='ocrx_word' id='word_1_591' title='bbox 2258 1313 2313 1367; x_wconf 89' lang='lat' dir='ltr'><strong>In</strong></span> <span class='ocrx_word' id='word_1_592' title='bbox 2347 1330 2536 1369; x_wconf 87' lang='lat' dir='ltr'><strong>manus</strong></span> <span class='ocrx_word' id='word_1_593' title='bbox 2565 1315 2875 1385; x_wconf 85' lang='lat' dir='ltr'><strong>injiciebaut</strong></span> <span class='ocrx_word' id='word_1_594' title='bbox 2899 1359 2913 1379; x_wconf 86' lang='lat'><strong>,</strong></span> <span class='ocrx_word' id='word_1_595' title='bbox 2943 1318 3038 1372; x_wconf 91' lang='lat' dir='ltr'><strong>scd</strong></span> <span class='ocrx_word' id='word_1_596' title='bbox 3065 1318 3146 1371; x_wconf 82' lang='lat' dir='ltr'><strong>Ad</strong></span> <span class='ocrx_word' id='word_1_597' title='bbox 3181 1319 3329 1387; x_wconf 86' lang='lat' dir='ltr'><strong>pedes</strong></span> <span class='ocrx_word' id='word_1_598' title='bbox 3353 1336 3521 1373; x_wconf 84' lang='lat' dir='ltr'><strong>eorum</strong></span> <span class='ocrx_word' id='word_1_599' title='bbox 3550 1323 3798 1388; x_wconf 86' lang='lat' dir='ltr'><strong>ponebant,</strong></span> 
     </span>
    </p>
   </div>
   <div class='ocr_carea' id='block_1_72' title="bbox 2259 1405 3802 1481">
    <p class='ocr_par' dir='ltr' id='par_1_72' title="bbox 2259 1405 3802 1481">
     <span class='ocr_line' id='line_1_72' title="bbox 2259 1405 3802 1481; baseline 0.006 -23"><span class='ocrx_word' id='word_1_600' title='bbox 2259 1405 2517 1474; x_wconf 85' lang='lat' dir='ltr'><strong>pudorem</strong></span> <span class='ocrx_word' id='word_1_601' title='bbox 2544 1447 2560 1472; x_wconf 93' lang='lat'><strong>,</strong></span> <span class='ocrx_word' id='word_1_602' title='bbox 2590 1409 2944 1461; x_wconf 87' lang='lat' dir='ltr'><strong>reverentiam</strong></span> <span class='ocrx_word' id='word_1_603' title='bbox 2971 1449 2986 1473; x_wconf 94' lang='lat'><strong>,</strong></span> <span class='ocrx_word' id='word_1_604' title='bbox 3018 1409 3262 1463; x_wconf 90' lang='lat' dir='ltr'><strong>timorem</strong></span> <span class='ocrx_word' id='word_1_605' title='bbox 3290 1451 3304 1474; x_wconf 94' lang='lat'><strong>,</strong></span> <span class='ocrx_word' id='word_1_606' title='bbox 3332 1425 3436 1479; x_wconf 93' lang='lat' dir='ltr'><strong>quo</strong></span> <span class='ocrx_word' id='word_1_607' title='bbox 3464 1426 3583 1481; x_wconf 86' lang='lat' dir='ltr'><strong>erga</strong></span> <span class='ocrx_word' id='word_1_608' title='bbox 3616 1423 3802 1481; x_wconf 85' lang='lat' dir='ltr'><strong>aposto-</strong></span> 
     </span>
    </p>
   </div>
   <div class='ocr_carea' id='block_1_73' title="bbox 2259 1496 3802 1563">
    <p class='ocr_par' dir='ltr' id='par_1_73' title="bbox 2259 1496 3802 1563">
     <span class='ocr_line' id='line_1_73' title="bbox 2259 1496 3802 1563; baseline 0.008 -14"><span class='ocrx_word' id='word_1_609' title='bbox 2259 1496 2338 1550; x_wconf 89' lang='lat' dir='ltr'><strong>los</strong></span> <span class='ocrx_word' id='word_1_610' title='bbox 2368 1496 2780 1563; x_wconf 75' lang='lat' dir='ltr'><strong>efficiebantur,</strong></span> <span class='ocrx_word' id='word_1_611' title='bbox 2825 1498 2909 1552; x_wconf 88' lang='lat' dir='ltr'><strong>his</strong></span> <span class='ocrx_word' id='word_1_612' title='bbox 2953 1498 3333 1555; x_wconf 83' lang='lat' dir='ltr'><strong>declarantes:</strong></span> <span class='ocrx_word' id='word_1_613' title='bbox 3381 1517 3483 1554; x_wconf 90' lang='lat' dir='ltr'><strong>non</strong></span> <span class='ocrx_word' id='word_1_614' title='bbox 3528 1504 3660 1557; x_wconf 88' lang='lat' dir='ltr'><strong>enim</strong></span> <span class='ocrx_word' id='word_1_615' title='bbox 3696 1504 3802 1561; x_wconf 76' lang='lat' dir='ltr'><strong>daze</strong></span> 
     </span>
    </p>
   </div>
   <div class='ocr_carea' id='block_1_74' title="bbox 2258 1588 3802 1661">
    <p class='ocr_par' dir='ltr' id='par_1_74' title="bbox 2258 1588 3802 1661">
     <span class='ocr_line' id='line_1_74' title="bbox 2258 1588 3802 1661; baseline 0.01 -22"><span class='ocrx_word' id='word_1_616' title='bbox 2258 1588 2426 1658; x_wconf 79' lang='lat' dir='ltr'><strong>magis</strong></span> <span class='ocrx_word' id='word_1_617' title='bbox 2452 1630 2467 1653; x_wconf 92' lang='lat'><strong>,</strong></span> <span class='ocrx_word' id='word_1_618' title='bbox 2495 1604 2652 1658; x_wconf 90' lang='lat' dir='ltr'><strong>quam</strong></span> <span class='ocrx_word' id='word_1_619' title='bbox 2679 1592 2925 1659; x_wconf 87' lang='lat' dir='ltr'><strong>accipere</strong></span> <span class='ocrx_word' id='word_1_620' title='bbox 2952 1609 3009 1646; x_wconf 82' lang='lat' dir='ltr'><strong>se</strong></span> <span class='ocrx_word' id='word_1_621' title='bbox 3038 1592 3310 1661; x_wconf 88' lang='lat' dir='ltr'><strong>putabant.</strong></span> <span class='ocrx_word' id='word_1_622' title='bbox 3355 1594 3419 1647; x_wconf 87' lang='lat' dir='ltr'><strong>Et</strong></span> <span class='ocrx_word' id='word_1_623' title='bbox 3469 1594 3567 1649; x_wconf 90' lang='lat' dir='ltr'><strong>hoc</strong></span> <span class='ocrx_word' id='word_1_624' title='bbox 3606 1598 3802 1655; x_wconf 81' lang='lat' dir='ltr'><strong>maxime</strong></span> 
     </span>
    </p>
   </div>
   <div class='ocr_carea' id='block_1_75' title="bbox 2256 1678 3800 1755">
    <p class='ocr_par' dir='ltr' id='par_1_75' title="bbox 2256 1678 3800 1755">
     <span class='ocr_line' id='line_1_75' title="bbox 2256 1678 3800 1755; baseline 0.008 -24"><span class='ocrx_word' id='word_1_625' title='bbox 2256 1686 2339 1731; x_wconf 66' lang='lat' dir='ltr'><strong>est</strong></span> <span class='ocrx_word' id='word_1_626' title='bbox 2366 1679 2617 1745; x_wconf 89' lang='lat' dir='ltr'><strong>pecunias</strong></span> <span class='ocrx_word' id='word_1_627' title='bbox 2648 1678 2924 1749; x_wconf 61' lang='lat' dir='ltr'><strong>desiiicerc</strong></span> <span class='ocrx_word' id='word_1_628' title='bbox 2948 1723 2962 1747; x_wconf 91' lang='lat'><strong>,</strong></span> <span class='ocrx_word' id='word_1_629' title='bbox 3014 1681 3115 1736; x_wconf 87' lang='lat' dir='ltr'><strong>hoc</strong></span> <span class='ocrx_word' id='word_1_630' title='bbox 3144 1698 3269 1737; x_wconf 85' lang='lat' dir='ltr'><strong>vere</strong></span> <span class='ocrx_word' id='word_1_631' title='bbox 3294 1682 3560 1739; x_wconf 79' lang='lat' dir='ltr'><strong>Christum</strong></span> <span class='ocrx_word' id='word_1_632' title='bbox 3596 1690 3800 1755; x_wconf 90' lang='lat' dir='ltr'><strong>nutrire,</strong></span> 
     </span>
    </p>
   </div>
   <div class='ocr_carea' id='block_1_76' title="bbox 2255 1768 3803 1840">
    <p class='ocr_par' dir='ltr' id='par_1_76' title="bbox 2255 1768 3803 1840">
     <span class='ocr_line' id='line_1_76' title="bbox 2255 1768 3803 1840; baseline 0.008 -19"><span class='ocrx_word' id='word_1_633' title='bbox 2255 1768 2299 1822; x_wconf 91' lang='lat' dir='ltr'><strong>si</strong></span> <span class='ocrx_word' id='word_1_634' title='bbox 2332 1783 2436 1822; x_wconf 90' lang='lat' dir='ltr'><strong>non</strong></span> <span class='ocrx_word' id='word_1_635' title='bbox 2463 1783 2584 1823; x_wconf 89' lang='lat' dir='ltr'><strong>cum</strong></span> <span class='ocrx_word' id='word_1_636' title='bbox 2610 1772 2911 1839; x_wconf 79' lang='lat' dir='ltr'><strong>arrogantia</strong></span> <span class='ocrx_word' id='word_1_637' title='bbox 2942 1782 2997 1825; x_wconf 89' lang='lat' dir='ltr'><strong>et</strong></span> <span class='ocrx_word' id='word_1_638' title='bbox 3027 1773 3160 1827; x_wconf 80' lang='lat' dir='ltr'><strong>fastu</strong></span> <span class='ocrx_word' id='word_1_639' title='bbox 3187 1771 3290 1827; x_wconf 87' lang='lat' dir='ltr'><strong>hoc</strong></span> <span class='ocrx_word' id='word_1_640' title='bbox 3333 1772 3532 1840; x_wconf 81' lang='lat' dir='ltr'><strong>facias;</strong></span> <span class='ocrx_word' id='word_1_641' title='bbox 3562 1778 3602 1831; x_wconf 89' lang='lat' dir='ltr'><strong>si</strong></span> <span class='ocrx_word' id='word_1_642' title='bbox 3633 1778 3694 1831; x_wconf 86' lang='lat' dir='ltr'><strong>ita</strong></span> <span class='ocrx_word' id='word_1_643' title='bbox 3719 1778 3803 1833; x_wconf 87' lang='lat' dir='ltr'><strong>lar-</strong></span> 
     </span>
    </p>
   </div>
   <div class='ocr_carea' id='block_1_77' title="bbox 2254 1858 3803 1939">
    <p class='ocr_par' dir='ltr' id='par_1_77' title="bbox 2254 1858 3803 1939">
     <span class='ocr_line' id='line_1_77' title="bbox 2254 1858 3803 1939; baseline 0.01 -29"><span class='ocrx_word' id='word_1_644' title='bbox 2254 1858 2416 1926; x_wconf 83' lang='lat' dir='ltr'><strong>giaris</strong></span> <span class='ocrx_word' id='word_1_645' title='bbox 2440 1900 2456 1925; x_wconf 93' lang='lat'><strong>,</strong></span> <span class='ocrx_word' id='word_1_646' title='bbox 2488 1860 2531 1913; x_wconf 92' lang='lat' dir='ltr'><strong>si</strong></span> <span class='ocrx_word' id='word_1_647' title='bbox 2566 1860 2633 1913; x_wconf 86' lang='lat' dir='ltr'><strong>ita</strong></span> <span class='ocrx_word' id='word_1_648' title='bbox 2664 1862 2903 1929; x_wconf 66' lang='lat' dir='ltr'><strong>praebeas</strong></span> <span class='ocrx_word' id='word_1_649' title='bbox 2928 1905 2942 1927; x_wconf 95' lang='lat'><strong>,</strong></span> <span class='ocrx_word' id='word_1_650' title='bbox 2972 1877 3035 1917; x_wconf 90' lang='lat' dir='ltr'><strong>ac</strong></span> <span class='ocrx_word' id='word_1_651' title='bbox 3078 1864 3121 1916; x_wconf 92' lang='lat' dir='ltr'><strong>si</strong></span> <span class='ocrx_word' id='word_1_652' title='bbox 3167 1864 3337 1934; x_wconf 70' lang='lat' dir='ltr'><strong>magis</strong></span> <span class='ocrx_word' id='word_1_653' title='bbox 3375 1867 3429 1920; x_wconf 92' lang='lat' dir='ltr'><strong>in</strong></span> <span class='ocrx_word' id='word_1_654' title='bbox 3472 1878 3521 1922; x_wconf 91' lang='lat' dir='ltr'><strong>te</strong></span> <span class='ocrx_word' id='word_1_655' title='bbox 3541 1908 3555 1930; x_wconf 88' lang='lat'><strong>,</strong></span> <span class='ocrx_word' id='word_1_656' title='bbox 3582 1885 3723 1939; x_wconf 82' lang='lat' dir='ltr'><strong>quant</strong></span> <span class='ocrx_word' id='word_1_657' title='bbox 3761 1873 3803 1926; x_wconf 90' lang='lat' dir='ltr'><strong>in</strong></span> 
     </span>
    </p>
   </div>
   <div class='ocr_carea' id='block_1_78' title="bbox 2254 1949 3805 2018">
    <p class='ocr_par' dir='ltr' id='par_1_78' title="bbox 2254 1949 3805 2018">
     <span class='ocr_line' id='line_1_78' title="bbox 2254 1949 3805 2018; baseline 0.008 -16"><span class='ocrx_word' id='word_1_658' title='bbox 2254 1949 2604 2018; x_wconf 89' lang='lat' dir='ltr'><strong>accipientem</strong></span> <span class='ocrx_word' id='word_1_659' title='bbox 2632 1991 2647 2018; x_wconf 97' lang='lat'><strong>,</strong></span> <span class='ocrx_word' id='word_1_660' title='bbox 2680 1950 2996 2006; x_wconf 84' lang='lat' dir='ltr'><strong>beneﬁcium</strong></span> <span class='ocrx_word' id='word_1_661' title='bbox 3041 1954 3310 2009; x_wconf 81' lang='lat' dir='ltr'><strong>eonl‘cras.</strong></span> <span class='ocrx_word' id='word_1_662' title='bbox 3351 1954 3406 2011; x_wconf 91' lang='lat' dir='ltr'><strong>Si</strong></span> <span class='ocrx_word' id='word_1_663' title='bbox 3448 1959 3583 2012; x_wconf 88' lang='lat' dir='ltr'><strong>enim</strong></span> <span class='ocrx_word' id='word_1_664' title='bbox 3614 1976 3706 2014; x_wconf 84' lang='lat' dir='ltr'><strong>.ton</strong></span> <span class='ocrx_word' id='word_1_665' title='bbox 3741 1963 3805 2015; x_wconf 87' lang='lat' dir='ltr'><strong>sic</strong></span> 
     </span>
    </p>
   </div>
   <div class='ocr_carea' id='block_1_79' title="bbox 2252 2040 3805 2121">
    <p class='ocr_par' dir='ltr' id='par_1_79' title="bbox 2252 2040 3805 2121">
     <span class='ocr_line' id='line_1_79' title="bbox 2252 2040 3805 2121; baseline 0.008 -27"><span class='ocrx_word' id='word_1_666' title='bbox 2252 2040 2476 2095; x_wconf 78' lang='lat' dir='ltr'><strong>allectus</strong></span> <span class='ocrx_word' id='word_1_667' title='bbox 2502 2043 2575 2098; x_wconf 91' lang='lat' dir='ltr'><strong>sis</strong></span> <span class='ocrx_word' id='word_1_668' title='bbox 2598 2084 2614 2109; x_wconf 94' lang='lat'><strong>,</strong></span> <span class='ocrx_word' id='word_1_669' title='bbox 2640 2059 2707 2099; x_wconf 91' lang='lat' dir='ltr'><strong>ne</strong></span> <span class='ocrx_word' id='word_1_670' title='bbox 2727 2042 2938 2099; x_wconf 87' lang='lat' dir='ltr'><strong>dederis</strong></span> <span class='ocrx_word' id='word_1_671' title='bbox 2959 2060 2973 2110; x_wconf 89' lang='lat'><strong>;</strong></span> <span class='ocrx_word' id='word_1_672' title='bbox 2995 2045 3094 2099; x_wconf 90' lang='lat' dir='ltr'><strong>nisi</strong></span> <span class='ocrx_word' id='word_1_673' title='bbox 3124 2054 3175 2101; x_wconf 91' lang='lat' dir='ltr'><strong>te</strong></span> <span class='ocrx_word' id='word_1_674' title='bbox 3203 2058 3358 2116; x_wconf 89' lang='lat' dir='ltr'><strong>putes</strong></span> <span class='ocrx_word' id='word_1_675' title='bbox 3387 2050 3550 2120; x_wconf 87' lang='lat' dir='ltr'><strong>magis</strong></span> <span class='ocrx_word' id='word_1_676' title='bbox 3574 2052 3805 2121; x_wconf 83' lang='lat' dir='ltr'><strong>accipere,</strong></span> 
     </span>
    </p>
   </div>
   <div class='ocr_carea' id='block_1_80' title="bbox 2254 2132 3805 2206">
    <p class='ocr_par' dir='ltr' id='par_1_80' title="bbox 2254 2132 3805 2206">
     <span class='ocr_line' id='line_1_80' title="bbox 2254 2132 3805 2206; baseline 0.008 -21"><span class='ocrx_word' id='word_1_677' title='bbox 2254 2146 2413 2202; x_wconf 86' lang='lat' dir='ltr'><strong>quam</strong></span> <span class='ocrx_word' id='word_1_678' title='bbox 2440 2132 2569 2188; x_wconf 89' lang='lat' dir='ltr'><strong>dare</strong></span> <span class='ocrx_word' id='word_1_679' title='bbox 2594 2175 2610 2201; x_wconf 95' lang='lat'><strong>,</strong></span> <span class='ocrx_word' id='word_1_680' title='bbox 2640 2150 2707 2189; x_wconf 85' lang='lat' dir='ltr'><strong>ne</strong></span> <span class='ocrx_word' id='word_1_681' title='bbox 2737 2134 3051 2204; x_wconf 61' lang='lat' dir='ltr'><strong>praebueris.</strong></span> <span class='ocrx_word' id='word_1_682' title='bbox 3098 2136 3329 2206; x_wconf 89' lang='lat' dir='ltr'><strong>ldipsum</strong></span> <span class='ocrx_word' id='word_1_683' title='bbox 3375 2150 3429 2195; x_wconf 88' lang='lat' dir='ltr'><strong>et</strong></span> <span class='ocrx_word' id='word_1_684' title='bbox 3469 2142 3583 2196; x_wconf 91' lang='lat' dir='ltr'><strong>aliis</strong></span> <span class='ocrx_word' id='word_1_685' title='bbox 3626 2158 3805 2198; x_wconf 79' lang='lat' dir='ltr'><strong>rursum</strong></span> 
     </span>
    </p>
   </div>
   <div class='ocr_carea' id='block_1_81' title="bbox 2260 2224 3807 2307">
    <p class='ocr_par' dir='ltr' id='par_1_81' title="bbox 2260 2224 3807 2307">
     <span class='ocr_line' id='line_1_81' title="bbox 2260 2224 3807 2307; baseline 0.009 -29"><span class='ocrx_word' id='word_1_686' title='bbox 2260 2226 2573 2281; x_wconf 80' lang='lat' dir='ltr'><strong>testiﬁcatus</strong></span> <span class='ocrx_word' id='word_1_687' title='bbox 2602 2236 2684 2281; x_wconf 91' lang='lat' dir='ltr'><strong>est</strong></span> <span class='ocrx_word' id='word_1_688' title='bbox 2716 2224 2909 2283; x_wconf 86' lang='lat' dir='ltr'><strong>Paulus</strong></span> <span class='ocrx_word' id='word_1_689' title='bbox 2941 2229 3022 2284; x_wconf 91' lang='lat' dir='ltr'><strong>bis</strong></span> <span class='ocrx_word' id='word_1_690' title='bbox 3048 2230 3222 2286; x_wconf 89' lang='lat' dir='ltr'><strong>verbis</strong></span> <span class='ocrx_word' id='word_1_691' title='bbox 3248 2250 3262 2284; x_wconf 93' lang='lat'><strong>:</strong></span> <span class='ocrx_word' id='word_1_692' title='bbox 3297 2231 3491 2287; x_wconf 87' lang='lat' dir='ltr'><strong>Notam</strong></span> <span class='ocrx_word' id='word_1_693' title='bbox 3517 2245 3670 2289; x_wconf 83' lang='lat' dir='ltr'><strong>autem</strong></span> <span class='ocrx_word' id='word_1_694' title='bbox 3697 2240 3807 2307; x_wconf 69' lang='lat' dir='ltr'><strong>facio</strong></span> 
     </span>
    </p>
   </div>
   <div class='ocr_carea' id='block_1_82' title="bbox 2253 2316 3808 2389">
    <p class='ocr_par' dir='ltr' id='par_1_82' title="bbox 2253 2316 3808 2389">
     <span class='ocr_line' id='line_1_82' title="bbox 2253 2316 3808 2389; baseline 0.008 -20"><span class='ocrx_word' id='word_1_695' title='bbox 2253 2316 2391 2370; x_wconf 74' lang='lat' dir='ltr'><strong>vobis</strong></span> <span class='ocrx_word' id='word_1_696' title='bbox 2416 2358 2429 2381; x_wconf 95' lang='lat'><strong>,</strong></span> <span class='ocrx_word' id='word_1_697' title='bbox 2461 2319 2645 2386; x_wconf 77' lang='lat' dir='ltr'><strong>fratres</strong></span> <span class='ocrx_word' id='word_1_698' title='bbox 2667 2354 2684 2384; x_wconf 87' lang='lat'><strong>,</strong></span> <span class='ocrx_word' id='word_1_699' title='bbox 2715 2319 2935 2389; x_wconf 86' lang='lat' dir='ltr'><strong>gratiam</strong></span> <span class='ocrx_word' id='word_1_700' title='bbox 2964 2318 3061 2374; x_wconf 88' lang='lat' dir='ltr'><strong>Dei</strong></span> <span class='ocrx_word' id='word_1_701' title='bbox 3084 2360 3098 2388; x_wconf 94' lang='lat'><strong>,</strong></span> <span class='ocrx_word' id='word_1_702' title='bbox 3130 2338 3243 2386; x_wconf 80' lang='lat' dir='ltr'><strong>qua:</strong></span> <span class='ocrx_word' id='word_1_703' title='bbox 3271 2322 3398 2377; x_wconf 86' lang='lat' dir='ltr'><strong>data</strong></span> <span class='ocrx_word' id='word_1_704' title='bbox 3422 2334 3495 2379; x_wconf 83' lang='lat' dir='ltr'><strong>est</strong></span> <span class='ocrx_word' id='word_1_705' title='bbox 3522 2327 3572 2379; x_wconf 88' lang='lat' dir='ltr'><strong>in</strong></span> <span class='ocrx_word' id='word_1_706' title='bbox 3602 2326 3808 2383; x_wconf 62' lang='lat' dir='ltr'><strong>Ecclesia</strong></span> 
     </span>
    </p>
   </div>
   <div class='ocr_carea' id='block_1_83' title="bbox 2259 2405 3810 2485">
    <p class='ocr_par' dir='ltr' id='par_1_83' title="bbox 2259 2405 3810 2485">
     <span class='ocr_line' id='line_1_83' title="bbox 2259 2405 3810 2485; baseline 0.008 -26"><span class='ocrx_word' id='word_1_707' title='bbox 2259 2405 2577 2461; x_wconf 73' lang='lat' dir='ltr'><strong>Macedonia?</strong></span> <span class='ocrx_word' id='word_1_708' title='bbox 2596 2450 2611 2474; x_wconf 92' lang='lat'><strong>,</strong></span> <span class='ocrx_word' id='word_1_709' title='bbox 2643 2410 2881 2479; x_wconf 87' lang='lat' dir='ltr'><strong>quoniam</strong></span> <span class='ocrx_word' id='word_1_710' title='bbox 2907 2410 3155 2466; x_wconf 85' lang='lat' dir='ltr'><strong>altissima</strong></span> <span class='ocrx_word' id='word_1_711' title='bbox 3183 2424 3457 2485; x_wconf 85' lang='lat' dir='ltr'><strong>paupertas</strong></span> <span class='ocrx_word' id='word_1_712' title='bbox 3485 2433 3647 2470; x_wconf 90' lang='lat' dir='ltr'><strong>eorum</strong></span> <span class='ocrx_word' id='word_1_713' title='bbox 3674 2419 3810 2472; x_wconf 84' lang='lat' dir='ltr'><strong>abun-</strong></span> 
     </span>
    </p>
   </div>
   <div class='ocr_carea' id='block_1_84' title="bbox 2255 2498 3809 2577">
    <p class='ocr_par' dir='ltr' id='par_1_84' title="bbox 2255 2498 3809 2577">
     <span class='ocr_line' id='line_1_84' title="bbox 2255 2498 3809 2577; baseline 0.007 -27"><span class='ocrx_word' id='word_1_714' title='bbox 2255 2498 2391 2551; x_wconf 82' lang='lat' dir='ltr'><strong>davit</strong></span> <span class='ocrx_word' id='word_1_715' title='bbox 2444 2499 2495 2552; x_wconf 89' lang='lat' dir='ltr'><strong>in</strong></span> <span class='ocrx_word' id='word_1_716' title='bbox 2541 2499 2741 2555; x_wconf 85' lang='lat' dir='ltr'><strong>divitias</strong></span> <span class='ocrx_word' id='word_1_717' title='bbox 2779 2501 3116 2571; x_wconf 83' lang='lat' dir='ltr'><strong>simplicitatis</strong></span> <span class='ocrx_word' id='word_1_718' title='bbox 3154 2520 3330 2558; x_wconf 88' lang='lat' dir='ltr'><strong>eorum</strong></span> <span class='ocrx_word' id='word_1_719' title='bbox 3356 2520 3376 2559; x_wconf 90' lang='lat'><strong><em>:</em></strong></span> <span class='ocrx_word' id='word_1_720' title='bbox 3419 2508 3535 2577; x_wconf 86' lang='lat' dir='ltr'><strong>quia</strong></span> <span class='ocrx_word' id='word_1_721' title='bbox 3568 2509 3809 2562; x_wconf 75' lang='lat' dir='ltr'><strong>secundant</strong></span> 
     </span>
    </p>
   </div>
   <div class='ocr_carea' id='block_1_85' title="bbox 2252 2589 3811 2667">
    <p class='ocr_par' dir='ltr' id='par_1_85' title="bbox 2252 2589 3811 2667">
     <span class='ocr_line' id='line_1_85' title="bbox 2252 2589 3811 2667; baseline 0.007 -26"><span class='ocrx_word' id='word_1_722' title='bbox 2252 2589 2483 2643; x_wconf 83' lang='lat' dir='ltr'><strong>virtutem</strong></span> <span class='ocrx_word' id='word_1_723' title='bbox 2514 2591 2854 2644; x_wconf 82' lang='lat' dir='ltr'><strong>testimonium</strong></span> <span class='ocrx_word' id='word_1_724' title='bbox 2884 2593 2985 2646; x_wconf 86' lang='lat' dir='ltr'><strong>illis</strong></span> <span class='ocrx_word' id='word_1_725' title='bbox 3012 2593 3168 2647; x_wconf 86' lang='lat' dir='ltr'><strong>reddo</strong></span> <span class='ocrx_word' id='word_1_726' title='bbox 3191 2634 3204 2655; x_wconf 91' lang='lat'><strong>.</strong></span> <span class='ocrx_word' id='word_1_727' title='bbox 3246 2605 3293 2649; x_wconf 87' lang='lat' dir='ltr'><strong>et</strong></span> <span class='ocrx_word' id='word_1_728' title='bbox 3322 2612 3483 2667; x_wconf 75' lang='lat' dir='ltr'><strong>supra</strong></span> <span class='ocrx_word' id='word_1_729' title='bbox 3507 2599 3716 2651; x_wconf 73' lang='lat' dir='ltr'><strong>virtutem</strong></span> <span class='ocrx_word' id='word_1_730' title='bbox 3740 2614 3811 2652; x_wconf 80' lang='lat' dir='ltr'><strong>vo-</strong></span> 
     </span>
    </p>
   </div>
   <div class='ocr_carea' id='block_1_86' title="bbox 2254 2682 3810 2755">
    <p class='ocr_par' dir='ltr' id='par_1_86' title="bbox 2254 2682 3810 2755">
     <span class='ocr_line' id='line_1_86' title="bbox 2254 2682 3810 2755; baseline 0.004 -18"><span class='ocrx_word' id='word_1_731' title='bbox 2254 2682 2465 2737; x_wconf 85' lang='lat' dir='ltr'><strong>luntarii</strong></span> <span class='ocrx_word' id='word_1_732' title='bbox 2507 2686 2744 2755; x_wconf 87' lang='lat' dir='ltr'><strong>fuerunt,</strong></span> <span class='ocrx_word' id='word_1_733' title='bbox 2785 2700 2900 2737; x_wconf 85' lang='lat' dir='ltr'><strong>cum</strong></span> <span class='ocrx_word' id='word_1_734' title='bbox 2942 2685 3105 2740; x_wconf 87' lang='lat' dir='ltr'><strong>multa</strong></span> <span class='ocrx_word' id='word_1_735' title='bbox 3142 2686 3497 2743; x_wconf 74' lang='lat' dir='ltr'><strong>exhortatione</strong></span> <span class='ocrx_word' id='word_1_736' title='bbox 3534 2689 3810 2744; x_wconf 83' lang='lat' dir='ltr'><strong>obsecrantes</strong></span> 
     </span>
    </p>
   </div>
   <div class='ocr_carea' id='block_1_87' title="bbox 2252 2775 3812 2851">
    <p class='ocr_par' dir='ltr' id='par_1_87' title="bbox 2252 2775 3812 2851">
     <span class='ocr_line' id='line_1_87' title="bbox 2252 2775 3812 2851; baseline 0.006 -24"><span class='ocrx_word' id='word_1_737' title='bbox 2252 2790 2345 2828; x_wconf 84' lang='lat' dir='ltr'><strong>nos</strong></span> <span class='ocrx_word' id='word_1_738' title='bbox 2384 2775 2602 2845; x_wconf 81' lang='lat' dir='ltr'><strong>gratiam</strong></span> <span class='ocrx_word' id='word_1_739' title='bbox 2645 2785 2693 2830; x_wconf 88' lang='lat' dir='ltr'><strong>et</strong></span> <span class='ocrx_word' id='word_1_740' title='bbox 2740 2778 3243 2833; x_wconf 79' lang='lat' dir='ltr'><strong>communicationem</strong></span> <span class='ocrx_word' id='word_1_741' title='bbox 3280 2781 3577 2847; x_wconf 84' lang='lat' dir='ltr'><strong>ministerii,</strong></span> <span class='ocrx_word' id='word_1_742' title='bbox 3615 2781 3736 2851; x_wconf 82' lang='lat' dir='ltr'><strong>quod</strong></span> <span class='ocrx_word' id='word_1_743' title='bbox 3766 2783 3812 2836; x_wconf 77' lang='lat' dir='ltr'><strong>in</strong></span> 
     </span>
    </p>
   </div>
   <div class='ocr_carea' id='block_1_88' title="bbox 2250 2868 3809 2945">
    <p class='ocr_par' dir='ltr' id='par_1_88' title="bbox 2250 2868 3809 2945">
     <span class='ocr_line' id='line_1_88' title="bbox 2250 2868 3809 2945; baseline 0.004 -23"><span class='ocrx_word' id='word_1_744' title='bbox 2250 2877 2451 2922; x_wconf 86' lang='lat' dir='ltr'><strong>sanctos</strong></span> <span class='ocrx_word' id='word_1_745' title='bbox 2504 2868 2837 2938; x_wconf 80' lang='lat' dir='ltr'><strong>impleverunt</strong></span> <span class='ocrx_word' id='word_1_746' title='bbox 2885 2869 2985 2941; x_wconf 72' lang='grc'><strong>(2.</strong></span> <span class='ocrx_word' id='word_1_747' title='bbox 3017 2871 3134 2926; x_wconf 87' lang='lat' dir='ltr'><strong>Cor.</strong></span> <span class='ocrx_word' id='word_1_748' title='bbox 3166 2871 3218 2928; x_wconf 89' lang='lat'><strong>8.</strong></span> <span class='ocrx_word' id='word_1_749' title='bbox 3247 2872 3271 2926; x_wconf 94' lang='grc'><strong>1</strong></span> <span class='ocrx_word' id='word_1_750' title='bbox 3307 2902 3331 2913; x_wconf 92' lang='grc'><strong><em>-</em></strong></span> <span class='ocrx_word' id='word_1_751' title='bbox 3353 2874 3391 2929; x_wconf 72' lang='grc' dir='ltr'><strong><em>ι</em></strong></span> <span class='ocrx_word' id='word_1_752' title='bbox 3412 2872 3456 2945; x_wconf 94' lang='grc'><strong>).</strong></span> <span class='ocrx_word' id='word_1_753' title='bbox 3494 2873 3671 2929; x_wconf 81' lang='lat' dir='ltr'><strong>Viden‘</strong></span> <span class='ocrx_word' id='word_1_754' title='bbox 3689 2874 3809 2945; x_wconf 91' lang='lat' dir='ltr'><strong>quod</strong></span> 
     </span>
    </p>
   </div>
   <div class='ocr_carea' id='block_1_89' title="bbox 2253 2957 3811 3032">
    <p class='ocr_par' dir='ltr' id='par_1_89' title="bbox 2253 2957 3811 3032">
     <span class='ocr_line' id='line_1_89' title="bbox 2253 2957 3811 3032; baseline 0.004 -20"><span class='ocrx_word' id='word_1_755' title='bbox 2253 2957 2373 3013; x_wconf 88' lang='lat' dir='ltr'><strong>ideo</strong></span> <span class='ocrx_word' id='word_1_756' title='bbox 2404 2958 2522 3027; x_wconf 89' lang='lat' dir='ltr'><strong>plus</strong></span> <span class='ocrx_word' id='word_1_757' title='bbox 2549 2959 2671 3015; x_wconf 88' lang='lat' dir='ltr'><strong>illos</strong></span> <span class='ocrx_word' id='word_1_758' title='bbox 2698 2958 2993 3015; x_wconf 86' lang='lat' dir='ltr'><strong>admiretur</strong></span> <span class='ocrx_word' id='word_1_759' title='bbox 3017 3000 3035 3027; x_wconf 96' lang='lat'><strong>,</strong></span> <span class='ocrx_word' id='word_1_760' title='bbox 3064 2962 3208 3032; x_wconf 90' lang='lat' dir='ltr'><strong>quod</strong></span> <span class='ocrx_word' id='word_1_761' title='bbox 3251 2963 3480 3032; x_wconf 85' lang='lat' dir='ltr'><strong>gratiam</strong></span> <span class='ocrx_word' id='word_1_762' title='bbox 3519 2964 3731 3019; x_wconf 87' lang='lat' dir='ltr'><strong>scientes</strong></span> <span class='ocrx_word' id='word_1_763' title='bbox 3765 2971 3811 3019; x_wconf 85' lang='lat' dir='ltr'><strong>et</strong></span> 
     </span>
    </p>
   </div>
   <div class='ocr_carea' id='block_1_90' title="bbox 2250 3047 3811 3124">
    <p class='ocr_par' dir='ltr' id='par_1_90' title="bbox 2250 3047 3811 3124">
     <span class='ocr_line' id='line_1_90' title="bbox 2250 3047 3811 3124; baseline 0.003 -21"><span class='ocrx_word' id='word_1_764' title='bbox 2250 3047 2595 3105; x_wconf 89' lang='lat' dir='ltr'><strong>obsecrantes</strong></span> <span class='ocrx_word' id='word_1_765' title='bbox 2643 3059 2699 3105; x_wconf 90' lang='lat' dir='ltr'><strong>et</strong></span> <span class='ocrx_word' id='word_1_766' title='bbox 2749 3049 3064 3117; x_wconf 87' lang='lat' dir='ltr'><strong>hortantes,</strong></span> <span class='ocrx_word' id='word_1_767' title='bbox 3116 3052 3195 3108; x_wconf 87' lang='lat' dir='ltr'><strong>sic</strong></span> <span class='ocrx_word' id='word_1_768' title='bbox 3236 3053 3584 3124; x_wconf 86' lang='lat' dir='ltr'><strong>pecuniarum</strong></span> <span class='ocrx_word' id='word_1_769' title='bbox 3628 3053 3811 3124; x_wconf 82' lang='lat' dir='ltr'><strong>capiam</strong></span> 
     </span>
    </p>
   </div>
   <div class='ocr_carea' id='block_1_91' title="bbox 2250 3139 2921 3196">
    <p class='ocr_par' dir='ltr' id='par_1_91' title="bbox 2250 3139 2921 3196">
     <span class='ocr_line' id='line_1_91' title="bbox 2250 3139 2921 3196; baseline -0.007 0"><span class='ocrx_word' id='word_1_770' title='bbox 2250 3139 2613 3196; x_wconf 77' lang='lat' dir='ltr'><strong>exlnbuerunt</strong></span> <span class='ocrx_word' id='word_1_771' title='bbox 2634 3143 2658 3195; x_wconf 66' lang='grc' dir='ltr'><strong>’ἐ</strong></span> <span class='ocrx_word' id='word_1_772' title='bbox 2914 3186 2921 3191; x_wconf 36' lang='grc' dir='ltr'>ι</span> 
     </span>
    </p>
   </div>
   <div class='ocr_carea' id='block_1_92' title="bbox 2322 3229 3812 3309">
    <p class='ocr_par' dir='ltr' id='par_1_92' title="bbox 2322 3229 3812 3309">
     <span class='ocr_line' id='line_1_92' title="bbox 2322 3229 3812 3309; baseline 0.005 -25"><span class='ocrx_word' id='word_1_773' title='bbox 2322 3231 2376 3285; x_wconf 77' lang='grc'><strong>5.</strong></span> <span class='ocrx_word' id='word_1_774' title='bbox 2407 3229 2531 3286; x_wconf 88' lang='lat' dir='ltr'><strong>Ideo</strong></span> <span class='ocrx_word' id='word_1_775' title='bbox 2562 3231 2923 3287; x_wconf 84' lang='lat' dir='ltr'><strong>Abrahamum</strong></span> <span class='ocrx_word' id='word_1_776' title='bbox 2969 3234 3250 3301; x_wconf 86' lang='lat' dir='ltr'><strong>miramur,</strong></span> <span class='ocrx_word' id='word_1_777' title='bbox 3298 3249 3409 3291; x_wconf 91' lang='lat' dir='ltr'><strong>non</strong></span> <span class='ocrx_word' id='word_1_778' title='bbox 3462 3245 3653 3291; x_wconf 73' lang='lat' dir='ltr'><strong>tantum</strong></span> <span class='ocrx_word' id='word_1_779' title='bbox 3690 3237 3812 3309; x_wconf 82' lang='lat' dir='ltr'><strong>quod</strong></span> 
     </span>
    </p>
   </div>
   <div class='ocr_carea' id='block_1_93' title="bbox 2249 3320 3810 3396">
    <p class='ocr_par' dir='ltr' id='par_1_93' title="bbox 2249 3320 3810 3396">
     <span class='ocr_line' id='line_1_93' title="bbox 2249 3320 3810 3396; baseline 0.006 -22"><span class='ocrx_word' id='word_1_780' title='bbox 2249 3320 2470 3375; x_wconf 90' lang='lat' dir='ltr'><strong>vitulum</strong></span> <span class='ocrx_word' id='word_1_781' title='bbox 2495 3323 2829 3392; x_wconf 85' lang='lat' dir='ltr'><strong>mactaverit,</strong></span> <span class='ocrx_word' id='word_1_782' title='bbox 2863 3339 2969 3379; x_wconf 90' lang='lat' dir='ltr'><strong>non</strong></span> <span class='ocrx_word' id='word_1_783' title='bbox 2996 3326 3142 3396; x_wconf 88' lang='lat' dir='ltr'><strong>quod</strong></span> <span class='ocrx_word' id='word_1_784' title='bbox 3168 3325 3398 3382; x_wconf 78' lang='lat' dir='ltr'><strong>farinam</strong></span> <span class='ocrx_word' id='word_1_785' title='bbox 3430 3328 3810 3394; x_wconf 86' lang='lat' dir='ltr'><strong>miscuerit,sed</strong></span> 
     </span>
    </p>
   </div>
   <div class='ocr_carea' id='block_1_94' title="bbox 2249 3413 3814 3492">
    <p class='ocr_par' dir='ltr' id='par_1_94' title="bbox 2249 3413 3814 3492">
     <span class='ocr_line' id='line_1_94' title="bbox 2249 3413 3814 3492; baseline 0.006 -25"><span class='ocrx_word' id='word_1_786' title='bbox 2249 3413 2393 3484; x_wconf 91' lang='lat' dir='ltr'><strong>quod</strong></span> <span class='ocrx_word' id='word_1_787' title='bbox 2437 3429 2559 3468; x_wconf 91' lang='lat' dir='ltr'><strong>cum</strong></span> <span class='ocrx_word' id='word_1_788' title='bbox 2621 3415 2784 3470; x_wconf 90' lang='lat' dir='ltr'><strong>multa</strong></span> <span class='ocrx_word' id='word_1_789' title='bbox 2845 3416 3115 3487; x_wconf 80' lang='lat' dir='ltr'><strong>voluptate</strong></span> <span class='ocrx_word' id='word_1_790' title='bbox 3159 3427 3215 3474; x_wconf 88' lang='lat' dir='ltr'><strong>et</strong></span> <span class='ocrx_word' id='word_1_791' title='bbox 3255 3418 3814 3492; x_wconf 83' lang='lat' dir='ltr'><strong>humilitate_hospites</strong></span> 
     </span>
    </p>
   </div>
   <div class='ocr_carea' id='block_1_95' title="bbox 2248 3506 3808 3579">
    <p class='ocr_par' dir='ltr' id='par_1_95' title="bbox 2248 3506 3808 3579">
     <span class='ocr_line' id='line_1_95' title="bbox 2248 3506 3808 3579; baseline 0.005 -19"><span class='ocrx_word' id='word_1_792' title='bbox 2248 3506 2544 3576; x_wconf 81' lang='lat' dir='ltr'><strong>exceperit,</strong></span> <span class='ocrx_word' id='word_1_793' title='bbox 2588 3520 2906 3576; x_wconf 89' lang='lat' dir='ltr'><strong>accurrens,</strong></span> <span class='ocrx_word' id='word_1_794' title='bbox 2954 3509 3282 3579; x_wconf 86' lang='lat' dir='ltr'><strong>ministrans,</strong></span> <span class='ocrx_word' id='word_1_795' title='bbox 3331 3511 3575 3568; x_wconf 90' lang='lat' dir='ltr'><strong>dominos</strong></span> <span class='ocrx_word' id='word_1_796' title='bbox 3618 3528 3808 3576; x_wconf 82' lang='lat' dir='ltr'><strong>vocans.</strong></span> 
     </span>
    </p>
   </div>
   <div class='ocr_carea' id='block_1_96' title="bbox 2250 3596 3809 3678">
    <p class='ocr_par' dir='ltr' id='par_1_96' title="bbox 2250 3596 3809 3678">
     <span class='ocr_line' id='line_1_96' title="bbox 2250 3596 3809 3678; baseline 0.005 -26"><span class='ocrx_word' id='word_1_797' title='bbox 2250 3596 2555 3653; x_wconf 89' lang='lat' dir='ltr'><strong>thesaurum</strong></span> <span class='ocrx_word' id='word_1_798' title='bbox 2596 3599 2995 3656; x_wconf 90' lang='lat' dir='ltr'><strong>innumerorum</strong></span> <span class='ocrx_word' id='word_1_799' title='bbox 3041 3601 3305 3658; x_wconf 91' lang='lat' dir='ltr'><strong>bonorum</strong></span> <span class='ocrx_word' id='word_1_800' title='bbox 3346 3620 3408 3661; x_wconf 91' lang='lat' dir='ltr'><strong>se</strong></span> <span class='ocrx_word' id='word_1_801' title='bbox 3451 3606 3701 3678; x_wconf 85' lang='lat' dir='ltr'><strong>reperisse</strong></span> <span class='ocrx_word' id='word_1_802' title='bbox 3726 3624 3809 3677; x_wconf 85' lang='lat' dir='ltr'><strong>pu-</strong></span> 
     </span>
    </p>
   </div>
   <div class='ocr_carea' id='block_1_97' title="bbox 2249 3691 3809 3767">
    <p class='ocr_par' dir='ltr' id='par_1_97' title="bbox 2249 3691 3809 3767">
     <span class='ocr_line' id='line_1_97' title="bbox 2249 3691 3809 3767; baseline 0.005 -21"><span class='ocrx_word' id='word_1_803' title='bbox 2249 3699 2388 3758; x_wconf 89' lang='lat' dir='ltr'><strong>tans,</strong></span> <span class='ocrx_word' id='word_1_804' title='bbox 2419 3691 2464 3747; x_wconf 88' lang='lat' dir='ltr'><strong>si</strong></span> <span class='ocrx_word' id='word_1_805' title='bbox 2492 3692 2704 3762; x_wconf 87' lang='lat' dir='ltr'><strong>quando</strong></span> <span class='ocrx_word' id='word_1_806' title='bbox 2743 3702 3103 3751; x_wconf 88' lang='lat' dir='ltr'><strong>transeuntem</strong></span> <span class='ocrx_word' id='word_1_807' title='bbox 3164 3696 3436 3767; x_wconf 89' lang='lat' dir='ltr'><strong>hospitem</strong></span> <span class='ocrx_word' id='word_1_808' title='bbox 3479 3700 3687 3754; x_wconf 85' lang='lat' dir='ltr'><strong>videret.</strong></span> <span class='ocrx_word' id='word_1_809' title='bbox 3731 3699 3809 3754; x_wconf 86' lang='lat' dir='ltr'><strong>Sic</strong></span> 
     </span>
    </p>
   </div>
   <div class='ocr_carea' id='block_1_98' title="bbox 2248 3785 3810 3860">
    <p class='ocr_par' dir='ltr' id='par_1_98' title="bbox 2248 3785 3810 3860">
     <span class='ocr_line' id='line_1_98' title="bbox 2248 3785 3810 3860; baseline 0.004 -21"><span class='ocrx_word' id='word_1_810' title='bbox 2248 3785 2391 3840; x_wconf 91' lang='lat' dir='ltr'><strong>enim</strong></span> <span class='ocrx_word' id='word_1_811' title='bbox 2439 3785 2635 3855; x_wconf 80' lang='lat' dir='ltr'><strong>duplex</strong></span> <span class='ocrx_word' id='word_1_812' title='bbox 2683 3796 2765 3841; x_wconf 89' lang='lat' dir='ltr'><strong>est</strong></span> <span class='ocrx_word' id='word_1_813' title='bbox 2805 3787 3168 3860; x_wconf 84' lang='lat' dir='ltr'><strong>elcemosyna,</strong></span> <span class='ocrx_word' id='word_1_814' title='bbox 3212 3805 3332 3844; x_wconf 90' lang='lat' dir='ltr'><strong>cum</strong></span> <span class='ocrx_word' id='word_1_815' title='bbox 3384 3792 3591 3858; x_wconf 88' lang='lat' dir='ltr'><strong>damus,</strong></span> <span class='ocrx_word' id='word_1_816' title='bbox 3629 3800 3810 3846; x_wconf 89' lang='lat' dir='ltr'><strong>etcum</strong></span> 
     </span>
    </p>
   </div>
   <div class='ocr_carea' id='block_1_99' title="bbox 2249 3876 3812 3953">
    <p class='ocr_par' dir='ltr' id='par_1_99' title="bbox 2249 3876 3812 3953">
     <span class='ocr_line' id='line_1_99' title="bbox 2249 3876 3812 3953; baseline 0.003 -23"><span class='ocrx_word' id='word_1_817' title='bbox 2249 3876 2522 3932; x_wconf 88' lang='lat' dir='ltr'><strong>alacritate</strong></span> <span class='ocrx_word' id='word_1_818' title='bbox 2566 3877 2773 3932; x_wconf 82' lang='lat' dir='ltr'><strong>damus.</strong></span> <span class='ocrx_word' id='word_1_819' title='bbox 2812 3877 3043 3935; x_wconf 83' lang='lat' dir='ltr'><strong>Hilarem</strong></span> <span class='ocrx_word' id='word_1_820' title='bbox 3079 3882 3243 3947; x_wconf 91' lang='lat' dir='ltr'><strong>enim,</strong></span> <span class='ocrx_word' id='word_1_821' title='bbox 3283 3882 3488 3953; x_wconf 88' lang='lat' dir='ltr'><strong>inquit,</strong></span> <span class='ocrx_word' id='word_1_822' title='bbox 3513 3884 3723 3937; x_wconf 84' lang='lat' dir='ltr'><strong>datorem</strong></span> <span class='ocrx_word' id='word_1_823' title='bbox 3747 3884 3812 3936; x_wconf 85' lang='lat' dir='ltr'><strong>di-</strong></span> 
     </span>
    </p>
   </div>
   <div class='ocr_carea' id='block_1_100' title="bbox 2251 3966 3805 4043">
    <p class='ocr_par' dir='ltr' id='par_1_100' title="bbox 2251 3966 3805 4043">
     <span class='ocr_line' id='line_1_100' title="bbox 2251 3966 3805 4043; baseline 0.004 -22"><span class='ocrx_word' id='word_1_824' title='bbox 2251 3967 2358 4038; x_wconf 86' lang='lat' dir='ltr'><strong>ligit</strong></span> <span class='ocrx_word' id='word_1_825' title='bbox 2386 3966 2520 4021; x_wconf 87' lang='lat' dir='ltr'><strong>Deus</strong></span> <span class='ocrx_word' id='word_1_826' title='bbox 2547 3968 2620 4039; x_wconf 75' lang='grc'><strong>(2.</strong></span> <span class='ocrx_word' id='word_1_827' title='bbox 2653 3967 2770 4024; x_wconf 85' lang='lat' dir='ltr'><strong>Cor.</strong></span> <span class='ocrx_word' id='word_1_828' title='bbox 2797 3968 2850 4024; x_wconf 91' lang='lat'><strong>9.</strong></span> <span class='ocrx_word' id='word_1_829' title='bbox 2884 3970 2958 4041; x_wconf 91' lang='grc'><strong>7).</strong></span> <span class='ocrx_word' id='word_1_830' title='bbox 2986 3970 3435 4043; x_wconf 84' lang='lat' dir='ltr'><strong>Quandoquidem</strong></span> <span class='ocrx_word' id='word_1_831' title='bbox 3466 3976 3510 4029; x_wconf 94' lang='lat' dir='ltr'><strong>si</strong></span> <span class='ocrx_word' id='word_1_832' title='bbox 3536 3989 3650 4030; x_wconf 89' lang='lat' dir='ltr'><strong>cum</strong></span> <span class='ocrx_word' id='word_1_833' title='bbox 3675 3989 3805 4028; x_wconf 83' lang='lat' dir='ltr'><strong>arro-</strong></span> 
     </span>
    </p>
   </div>
   <div class='ocr_carea' id='block_1_101' title="bbox 2249 4058 3810 4133">
    <p class='ocr_par' dir='ltr' id='par_1_101' title="bbox 2249 4058 3810 4133">
     <span class='ocr_line' id='line_1_101' title="bbox 2249 4058 3810 4133; baseline 0.003 -21"><span class='ocrx_word' id='word_1_834' title='bbox 2249 4059 2460 4129; x_wconf 86' lang='lat' dir='ltr'><strong>gantia,</strong></span> <span class='ocrx_word' id='word_1_835' title='bbox 2491 4058 2628 4115; x_wconf 79' lang='lat' dir='ltr'><strong>fastu</strong></span> <span class='ocrx_word' id='word_1_836' title='bbox 2672 4070 2726 4116; x_wconf 85' lang='lat' dir='ltr'><strong>et</strong></span> <span class='ocrx_word' id='word_1_837' title='bbox 2755 4076 2889 4116; x_wconf 84' lang='lat' dir='ltr'><strong>vana</strong></span> <span class='ocrx_word' id='word_1_838' title='bbox 2929 4062 3094 4133; x_wconf 82' lang='lat' dir='ltr'><strong>gloria</strong></span> <span class='ocrx_word' id='word_1_839' title='bbox 3137 4063 3420 4118; x_wconf 87' lang='lat' dir='ltr'><strong>innumera</strong></span> <span class='ocrx_word' id='word_1_840' title='bbox 3465 4065 3701 4121; x_wconf 79' lang='lat' dir='ltr'><strong>ell’udcris</strong></span> <span class='ocrx_word' id='word_1_841' title='bbox 3741 4075 3810 4117; x_wconf 86' lang='lat' dir='ltr'><strong>ta-</strong></span> 
     </span>
    </p>
   </div>
   <div class='ocr_carea' id='block_1_102' title="bbox 2252 4150 3803 4225">
    <p class='ocr_par' dir='ltr' id='par_1_102' title="bbox 2252 4150 3803 4225">
     <span class='ocr_line' id='line_1_102' title="bbox 2252 4150 3803 4225; baseline 0.004 -21"><span class='ocrx_word' id='word_1_842' title='bbox 2252 4150 2429 4218; x_wconf 90' lang='lat' dir='ltr'><strong>lenta,</strong></span> <span class='ocrx_word' id='word_1_843' title='bbox 2482 4152 2659 4206; x_wconf 88' lang='lat' dir='ltr'><strong>omnia</strong></span> <span class='ocrx_word' id='word_1_844' title='bbox 2707 4152 3014 4221; x_wconf 88' lang='lat' dir='ltr'><strong>perdidisti;</strong></span> <span class='ocrx_word' id='word_1_845' title='bbox 3058 4156 3512 4225; x_wconf 87' lang='lat' dir='ltr'><strong>quemadmodum</strong></span> <span class='ocrx_word' id='word_1_846' title='bbox 3559 4157 3642 4212; x_wconf 89' lang='lat' dir='ltr'><strong>ille</strong></span> <span class='ocrx_word' id='word_1_847' title='bbox 3682 4155 3803 4210; x_wconf 81' lang='lat' dir='ltr'><strong>Pha-</strong></span> 
     </span>
    </p>
   </div>
   <div class='ocr_carea' id='block_1_103' title="bbox 2251 4244 3803 4316">
    <p class='ocr_par' dir='ltr' id='par_1_103' title="bbox 2251 4244 3803 4316">
     <span class='ocr_line' id='line_1_103' title="bbox 2251 4244 3803 4316; baseline 0 -17"><span class='ocrx_word' id='word_1_848' title='bbox 2251 4245 2461 4313; x_wconf 73' lang='lat' dir='ltr'><strong>riswus,</strong></span> <span class='ocrx_word' id='word_1_849' title='bbox 2488 4244 2579 4314; x_wconf 90' lang='lat' dir='ltr'><strong>qui</strong></span> <span class='ocrx_word' id='word_1_850' title='bbox 2625 4245 2882 4300; x_wconf 88' lang='lat' dir='ltr'><strong>bonorum</strong></span> <span class='ocrx_word' id='word_1_851' title='bbox 2924 4261 3144 4303; x_wconf 91' lang='lat' dir='ltr'><strong>suorum</strong></span> <span class='ocrx_word' id='word_1_852' title='bbox 3186 4246 3457 4302; x_wconf 87' lang='lat' dir='ltr'><strong>decimam</strong></span> <span class='ocrx_word' id='word_1_853' title='bbox 3498 4248 3669 4314; x_wconf 84' lang='lat' dir='ltr'><strong>dabat,</strong></span> <span class='ocrx_word' id='word_1_854' title='bbox 3697 4247 3803 4316; x_wconf 85' lang='lat' dir='ltr'><strong>quia</strong></span> 
     </span>
    </p>
   </div>
   <div class='ocr_carea' id='block_1_104' title="bbox 2252 4335 3810 4407">
    <p class='ocr_par' dir='ltr' id='par_1_104' title="bbox 2252 4335 3810 4407">
     <span class='ocr_line' id='line_1_104' title="bbox 2252 4335 3810 4407; baseline -0.001 -17"><span class='ocrx_word' id='word_1_855' title='bbox 2252 4337 2414 4392; x_wconf 87' lang='lat' dir='ltr'><strong>altum</strong></span> <span class='ocrx_word' id='word_1_856' title='bbox 2470 4335 2708 4406; x_wconf 88' lang='lat' dir='ltr'><strong>sapiebat</strong></span> <span class='ocrx_word' id='word_1_857' title='bbox 2744 4345 2800 4391; x_wconf 91' lang='lat' dir='ltr'><strong>et</strong></span> <span class='ocrx_word' id='word_1_858' title='bbox 2836 4336 3085 4407; x_wconf 87' lang='lat' dir='ltr'><strong>superbia</strong></span> <span class='ocrx_word' id='word_1_859' title='bbox 3126 4337 3391 4403; x_wconf 86' lang='lat' dir='ltr'><strong>tumebat,</strong></span> <span class='ocrx_word' id='word_1_860' title='bbox 3414 4339 3653 4394; x_wconf 89' lang='lat' dir='ltr'><strong>omnibus</strong></span> <span class='ocrx_word' id='word_1_861' title='bbox 3675 4335 3810 4391; x_wconf 80' lang='lat' dir='ltr'><strong>sinis-</strong></span> 
     </span>
    </p>
   </div>
   <div class='ocr_carea' id='block_1_105' title="bbox 2253 4429 3806 4502">
    <p class='ocr_par' dir='ltr' id='par_1_105' title="bbox 2253 4429 3806 4502">
     <span class='ocr_line' id='line_1_105' title="bbox 2253 4429 3806 4502; baseline -0.003 -16"><span class='ocrx_word' id='word_1_862' title='bbox 2253 4431 2347 4495; x_wconf 89' lang='lat' dir='ltr'><strong>sis,</strong></span> <span class='ocrx_word' id='word_1_863' title='bbox 2395 4429 2641 4484; x_wconf 88' lang='lat' dir='ltr'><strong>discessit</strong></span> <span class='ocrx_word' id='word_1_864' title='bbox 2667 4444 2699 4485; x_wconf 89' lang='lat' dir='ltr'><strong>e</strong></span> <span class='ocrx_word' id='word_1_865' title='bbox 2740 4431 2939 4500; x_wconf 88' lang='lat' dir='ltr'><strong>templo</strong></span> <span class='ocrx_word' id='word_1_866' title='bbox 2978 4429 3129 4502; x_wconf 89' lang='lat' dir='ltr'><strong>(Luc.</strong></span> <span class='ocrx_word' id='word_1_867' title='bbox 3174 4430 3261 4486; x_wconf 88' lang='grc'><strong>18.</strong></span> <span class='ocrx_word' id='word_1_868' title='bbox 3308 4431 3517 4501; x_wconf 66' lang='grc'><strong>10-14).</strong></span> <span class='ocrx_word' id='word_1_869' title='bbox 3558 4429 3806 4501; x_wconf 87' lang='lat' dir='ltr'><strong>Apostolo-</strong></span> 
     </span>
    </p>
   </div>
   <div class='ocr_carea' id='block_1_106' title="bbox 2255 4522 3807 4592">
    <p class='ocr_par' dir='ltr' id='par_1_106' title="bbox 2255 4522 3807 4592">
     <span class='ocr_line' id='line_1_106' title="bbox 2255 4522 3807 4592; baseline -0.001 -16"><span class='ocrx_word' id='word_1_870' title='bbox 2255 4537 2371 4577; x_wconf 91' lang='lat' dir='ltr'><strong>rum</strong></span> <span class='ocrx_word' id='word_1_871' title='bbox 2399 4536 2526 4575; x_wconf 89' lang='lat' dir='ltr'><strong>vero</strong></span> <span class='ocrx_word' id='word_1_872' title='bbox 2557 4532 2797 4590; x_wconf 88' lang='lat' dir='ltr'><strong>tempore</strong></span> <span class='ocrx_word' id='word_1_873' title='bbox 2829 4536 2932 4576; x_wconf 91' lang='lat' dir='ltr'><strong>non</strong></span> <span class='ocrx_word' id='word_1_874' title='bbox 2960 4523 3039 4578; x_wconf 92' lang='lat' dir='ltr'><strong>sic</strong></span> <span class='ocrx_word' id='word_1_875' title='bbox 3076 4537 3136 4577; x_wconf 89' lang='lat' dir='ltr'><strong>se</strong></span> <span class='ocrx_word' id='word_1_876' title='bbox 3176 4536 3262 4577; x_wconf 83' lang='lat' dir='ltr'><strong>res</strong></span> <span class='ocrx_word' id='word_1_877' title='bbox 3310 4522 3562 4589; x_wconf 85' lang='lat' dir='ltr'><strong>habebat,</strong></span> <span class='ocrx_word' id='word_1_878' title='bbox 3588 4522 3675 4578; x_wconf 86' lang='lat' dir='ltr'><strong>sed</strong></span> <span class='ocrx_word' id='word_1_879' title='bbox 3702 4536 3807 4592; x_wconf 85' lang='lat' dir='ltr'><strong>gau-</strong></span> 
     </span>
    </p>
   </div>
   <div class='ocr_carea' id='block_1_107' title="bbox 2253 4613 3805 4685">
    <p class='ocr_par' dir='ltr' id='par_1_107' title="bbox 2253 4613 3805 4685">
     <span class='ocr_line' id='line_1_107' title="bbox 2253 4613 3805 4685; baseline -0.003 -15"><span class='ocrx_word' id='word_1_880' title='bbox 2253 4614 2460 4674; x_wconf 86' lang='lat' dir='ltr'><strong>dentes.</strong></span> <span class='ocrx_word' id='word_1_881' title='bbox 2485 4614 2830 4677; x_wconf 72' lang='lat' dir='ltr'><strong>essultantes,</strong></span> <span class='ocrx_word' id='word_1_882' title='bbox 2863 4628 3055 4685; x_wconf 80' lang='lat' dir='ltr'><strong>magno</strong></span> <span class='ocrx_word' id='word_1_883' title='bbox 3096 4613 3195 4668; x_wconf 91' lang='lat' dir='ltr'><strong>sibi</strong></span> <span class='ocrx_word' id='word_1_884' title='bbox 3221 4629 3341 4669; x_wconf 89' lang='lat' dir='ltr'><strong>esse</strong></span> <span class='ocrx_word' id='word_1_885' title='bbox 3382 4615 3534 4670; x_wconf 87' lang='lat' dir='ltr'><strong>lucro</strong></span> <span class='ocrx_word' id='word_1_886' title='bbox 3576 4624 3805 4685; x_wconf 85' lang='lat' dir='ltr'><strong>putantes,</strong></span> 
     </span>
    </p>
   </div>
   <div class='ocr_carea' id='block_1_108' title="bbox 2254 4703 3808 4774">
    <p class='ocr_par' dir='ltr' id='par_1_108' title="bbox 2254 4703 3808 4774">
     <span class='ocr_line' id='line_1_108' title="bbox 2254 4703 3808 4774; baseline -0.003 -14"><span class='ocrx_word' id='word_1_887' title='bbox 2254 4705 2333 4760; x_wconf 92' lang='lat' dir='ltr'><strong>sic</strong></span> <span class='ocrx_word' id='word_1_888' title='bbox 2379 4704 2629 4774; x_wconf 89' lang='lat' dir='ltr'><strong>pecunias</strong></span> <span class='ocrx_word' id='word_1_889' title='bbox 2666 4703 2989 4769; x_wconf 81' lang='lat' dir='ltr'><strong>aﬂ&#39;erebant;</strong></span> <span class='ocrx_word' id='word_1_890' title='bbox 3038 4714 3091 4758; x_wconf 89' lang='lat' dir='ltr'><strong>et</strong></span> <span class='ocrx_word' id='word_1_891' title='bbox 3115 4704 3250 4759; x_wconf 87' lang='lat' dir='ltr'><strong>bene</strong></span> <span class='ocrx_word' id='word_1_892' title='bbox 3292 4720 3482 4761; x_wconf 88' lang='lat' dir='ltr'><strong>secum</strong></span> <span class='ocrx_word' id='word_1_893' title='bbox 3516 4715 3684 4760; x_wconf 90' lang='lat' dir='ltr'><strong>actum</strong></span> <span class='ocrx_word' id='word_1_894' title='bbox 3710 4716 3808 4758; x_wconf 84' lang='lat' dir='ltr'><strong>csse</strong></span> 
     </span>
    </p>
   </div>
   <div class='ocr_carea' id='block_1_109' title="bbox 2254 4795 3809 4865">
    <p class='ocr_par' dir='ltr' id='par_1_109' title="bbox 2254 4795 3809 4865">
     <span class='ocr_line' id='line_1_109' title="bbox 2254 4795 3809 4865; baseline -0.004 -14"><span class='ocrx_word' id='word_1_895' title='bbox 2254 4796 2653 4862; x_wconf 77' lang='lat' dir='ltr'><strong>existimabant,</strong></span> <span class='ocrx_word' id='word_1_896' title='bbox 2691 4797 2734 4850; x_wconf 92' lang='lat' dir='ltr'><strong>si</strong></span> <span class='ocrx_word' id='word_1_897' title='bbox 2776 4809 2867 4851; x_wconf 88' lang='lat' dir='ltr'><strong>eas</strong></span> <span class='ocrx_word' id='word_1_898' title='bbox 2912 4795 3139 4865; x_wconf 80' lang='lat' dir='ltr'><strong>apostoli</strong></span> <span class='ocrx_word' id='word_1_899' title='bbox 3185 4796 3536 4865; x_wconf 81' lang='lat' dir='ltr'><strong>dignarentur</strong></span> <span class='ocrx_word' id='word_1_900' title='bbox 3576 4796 3809 4865; x_wconf 83' lang='lat' dir='ltr'><strong>accipere.</strong></span> 
     </span>
    </p>
   </div>
   <div class='ocr_carea' id='block_1_110' title="bbox 2255 4884 3810 4958">
    <p class='ocr_par' dir='ltr' id='par_1_110' title="bbox 2255 4884 3810 4958">
     <span class='ocr_line' id='line_1_110' title="bbox 2255 4884 3810 4958; baseline -0.006 -15"><span class='ocrx_word' id='word_1_901' title='bbox 2255 4888 2325 4943; x_wconf 83' lang='lat' dir='ltr'><strong>At</strong></span> <span class='ocrx_word' id='word_1_902' title='bbox 2350 4885 2795 4958; x_wconf 90' lang='lat' dir='ltr'><strong>quemadmodum</strong></span> <span class='ocrx_word' id='word_1_903' title='bbox 2842 4884 3055 4957; x_wconf 86' lang='lat' dir='ltr'><strong>quidam</strong></span> <span class='ocrx_word' id='word_1_904' title='bbox 3087 4884 3152 4939; x_wconf 91' lang='lat' dir='ltr'><strong>ad</strong></span> <span class='ocrx_word' id='word_1_905' title='bbox 3180 4900 3464 4955; x_wconf 77' lang='lat' dir='ltr'><strong>supremos</strong></span> <span class='ocrx_word' id='word_1_906' title='bbox 3502 4887 3810 4956; x_wconf 80' lang='lat' dir='ltr'><strong>magistratus</strong></span> 
     </span>
    </p>
   </div>
   <div class='ocr_carea' id='block_1_111' title="bbox 2255 4971 3812 5047">
    <p class='ocr_par' dir='ltr' id='par_1_111' title="bbox 2255 4971 3812 5047">
     <span class='ocr_line' id='line_1_111' title="bbox 2255 4971 3812 5047; baseline -0.005 -14"><span class='ocrx_word' id='word_1_907' title='bbox 2255 4979 2452 5044; x_wconf 88' lang='lat' dir='ltr'><strong>vocati,</strong></span> <span class='ocrx_word' id='word_1_908' title='bbox 2486 4987 2539 5034; x_wconf 90' lang='lat' dir='ltr'><strong>et</strong></span> <span class='ocrx_word' id='word_1_909' title='bbox 2566 4978 2621 5033; x_wconf 88' lang='lat' dir='ltr'><strong>in</strong></span> <span class='ocrx_word' id='word_1_910' title='bbox 2648 4975 2930 5047; x_wconf 73' lang='lat' dir='ltr'><strong>przecipuis</strong></span> <span class='ocrx_word' id='word_1_911' title='bbox 2969 4975 3175 5044; x_wconf 89' lang='lat' dir='ltr'><strong>imperii</strong></span> <span class='ocrx_word' id='word_1_912' title='bbox 3204 4975 3427 5031; x_wconf 90' lang='lat' dir='ltr'><strong>urbibus</strong></span> <span class='ocrx_word' id='word_1_913' title='bbox 3458 4990 3666 5045; x_wconf 86' lang='lat' dir='ltr'><strong>semper</strong></span> <span class='ocrx_word' id='word_1_914' title='bbox 3681 4971 3812 5027; x_wconf 89' lang='lat' dir='ltr'><strong>habi-</strong></span> 
     </span>
    </p>
   </div>
   <div class='ocr_carea' id='block_1_112' title="bbox 2257 5064 3812 5137">
    <p class='ocr_par' dir='ltr' id='par_1_112' title="bbox 2257 5064 3812 5137">
     <span class='ocr_line' id='line_1_112' title="bbox 2257 5064 3812 5137; baseline -0.007 -11"><span class='ocrx_word' id='word_1_915' title='bbox 2257 5071 2436 5137; x_wconf 90' lang='lat' dir='ltr'><strong>taturi,</strong></span> <span class='ocrx_word' id='word_1_916' title='bbox 2468 5069 2763 5126; x_wconf 89' lang='lat' dir='ltr'><strong>substantia</strong></span> <span class='ocrx_word' id='word_1_917' title='bbox 2801 5077 2910 5122; x_wconf 89' lang='lat' dir='ltr'><strong>tota</strong></span> <span class='ocrx_word' id='word_1_918' title='bbox 2941 5068 2993 5120; x_wconf 91' lang='lat' dir='ltr'><strong>in</strong></span> <span class='ocrx_word' id='word_1_919' title='bbox 3019 5067 3294 5137; x_wconf 90' lang='lat' dir='ltr'><strong>pecuniam</strong></span> <span class='ocrx_word' id='word_1_920' title='bbox 3332 5081 3612 5127; x_wconf 82' lang='lat' dir='ltr'><strong>conversa,</strong></span> <span class='ocrx_word' id='word_1_921' title='bbox 3643 5064 3716 5117; x_wconf 90' lang='lat' dir='ltr'><strong>sic</strong></span> <span class='ocrx_word' id='word_1_922' title='bbox 3736 5076 3812 5115; x_wconf 83' lang='lat' dir='ltr'><strong>so-</strong></span> 
     </span>
    </p>
   </div>
   <div class='ocr_carea' id='block_1_113' title="bbox 2255 5150 3816 5219">
    <p class='ocr_par' dir='ltr' id='par_1_113' title="bbox 2255 5150 3816 5219">
     <span class='ocr_line' id='line_1_113' title="bbox 2255 5150 3816 5219; baseline -0.01 -1"><span class='ocrx_word' id='word_1_923' title='bbox 2255 5162 2366 5219; x_wconf 88' lang='lat' dir='ltr'><strong>lent</strong></span> <span class='ocrx_word' id='word_1_924' title='bbox 2383 5177 2450 5217; x_wconf 90' lang='lat' dir='ltr'><strong>eo</strong></span> <span class='ocrx_word' id='word_1_925' title='bbox 2469 5176 2528 5217; x_wconf 86' lang='lat' dir='ltr'><strong>se</strong></span> <span class='ocrx_word' id='word_1_926' title='bbox 2548 5158 2837 5215; x_wconf 81' lang='lat' dir='ltr'><strong>transferre</strong></span> <span class='ocrx_word' id='word_1_927' title='bbox 2855 5174 2869 5211; x_wconf 91' lang='lat'><strong>:</strong></span> <span class='ocrx_word' id='word_1_928' title='bbox 2885 5157 2964 5215; x_wconf 80' lang='lat' dir='ltr'><strong>sic</strong></span> <span class='ocrx_word' id='word_1_929' title='bbox 2981 5166 3104 5212; x_wconf 92' lang='lat' dir='ltr'><strong>tunc</strong></span> <span class='ocrx_word' id='word_1_930' title='bbox 3126 5157 3383 5213; x_wconf 83' lang='lat' dir='ltr'><strong>faciebant</strong></span> <span class='ocrx_word' id='word_1_931' title='bbox 3402 5156 3643 5212; x_wconf 82' lang='lat' dir='ltr'><strong>homines</strong></span> <span class='ocrx_word' id='word_1_932' title='bbox 3659 5152 3747 5218; x_wconf 90' lang='lat' dir='ltr'><strong>illi,</strong></span> <span class='ocrx_word' id='word_1_933' title='bbox 3759 5150 3816 5204; x_wconf 81' lang='lat' dir='ltr'><strong>ad</strong></span> 
     </span>
    </p>
   </div>
   <div class='ocr_carea' id='block_1_114' title="bbox 2255 5249 3817 5324">
    <p class='ocr_par' dir='ltr' id='par_1_114' title="bbox 2255 5249 3817 5324">
     <span class='ocr_line' id='line_1_114' title="bbox 2255 5249 3817 5324; baseline -0.01 -10"><span class='ocrx_word' id='word_1_934' title='bbox 2255 5259 2444 5314; x_wconf 71' lang='lat' dir='ltr'><strong>caelum</strong></span> <span class='ocrx_word' id='word_1_935' title='bbox 2475 5255 2667 5320; x_wconf 81' lang='lat' dir='ltr'><strong>vocati,</strong></span> <span class='ocrx_word' id='word_1_936' title='bbox 2686 5254 2750 5310; x_wconf 89' lang='lat' dir='ltr'><strong>ad</strong></span> <span class='ocrx_word' id='word_1_937' title='bbox 2771 5268 3054 5324; x_wconf 89' lang='lat' dir='ltr'><strong>supernam</strong></span> <span class='ocrx_word' id='word_1_938' title='bbox 3084 5251 3417 5322; x_wconf 86' lang='lat' dir='ltr'><strong>metropolim</strong></span> <span class='ocrx_word' id='word_1_939' title='bbox 3435 5259 3491 5305; x_wconf 90' lang='lat' dir='ltr'><strong>et</strong></span> <span class='ocrx_word' id='word_1_940' title='bbox 3506 5249 3711 5305; x_wconf 63' lang='lat' dir='ltr'><strong>moleste</strong></span> <span class='ocrx_word' id='word_1_941' title='bbox 3744 5258 3817 5299; x_wconf 84' lang='lat' dir='ltr'><strong>re-</strong></span> 
     </span>
    </p>
   </div>
   <div class='ocr_carea' id='block_1_115' title="bbox 2253 5340 3817 5421">
    <p class='ocr_par' dir='ltr' id='par_1_115' title="bbox 2253 5340 3817 5421">
     <span class='ocr_line' id='line_1_115' title="bbox 2253 5340 3817 5421; baseline -0.011 -15"><span class='ocrx_word' id='word_1_942' title='bbox 2253 5348 2574 5421; x_wconf 83' lang='lat' dir='ltr'><strong>gnum.Qnia</strong></span> <span class='ocrx_word' id='word_1_943' title='bbox 2588 5347 2728 5402; x_wconf 90' lang='lat' dir='ltr'><strong>enim</strong></span> <span class='ocrx_word' id='word_1_944' title='bbox 2746 5345 2981 5400; x_wconf 85' lang='lat' dir='ltr'><strong>sciebant</strong></span> <span class='ocrx_word' id='word_1_945' title='bbox 3000 5345 3141 5398; x_wconf 90' lang='lat' dir='ltr'><strong>illam</strong></span> <span class='ocrx_word' id='word_1_946' title='bbox 3155 5358 3275 5398; x_wconf 88' lang='lat' dir='ltr'><strong>esse</strong></span> <span class='ocrx_word' id='word_1_947' title='bbox 3292 5356 3413 5396; x_wconf 88' lang='lat' dir='ltr'><strong>vere</strong></span> <span class='ocrx_word' id='word_1_948' title='bbox 3425 5340 3649 5411; x_wconf 84' lang='lat' dir='ltr'><strong>patriam</strong></span> <span class='ocrx_word' id='word_1_949' title='bbox 3663 5350 3817 5399; x_wconf 79' lang='lat' dir='ltr'><strong>suam,</strong></span> 
     </span>
    </p>
   </div>
   <div class='ocr_carea' id='block_1_116' title="bbox 2256 5435 3822 5506">
    <p class='ocr_par' dir='ltr' id='par_1_116' title="bbox 2256 5435 3822 5506">
     <span class='ocr_line' id='line_1_116' title="bbox 2256 5435 3822 5506; baseline -0.011 -9"><span class='ocrx_word' id='word_1_950' title='bbox 2256 5440 2606 5497; x_wconf 87' lang='lat' dir='ltr'><strong>substantiam</strong></span> <span class='ocrx_word' id='word_1_951' title='bbox 2640 5453 2791 5493; x_wconf 88' lang='lat' dir='ltr'><strong>suam</strong></span> <span class='ocrx_word' id='word_1_952' title='bbox 2819 5437 2871 5491; x_wconf 92' lang='lat' dir='ltr'><strong>in</strong></span> <span class='ocrx_word' id='word_1_953' title='bbox 2906 5435 3157 5506; x_wconf 86' lang='lat' dir='ltr'><strong>pecunias</strong></span> <span class='ocrx_word' id='word_1_954' title='bbox 3187 5440 3699 5497; x_wconf 84' lang='lat' dir='ltr'><strong>convertentcs,eas</strong></span> <span class='ocrx_word' id='word_1_955' title='bbox 3736 5439 3822 5495; x_wconf 81' lang='lat' dir='ltr'><strong>per</strong></span> 
     </span>
    </p>
   </div>
   <div class='ocr_carea' id='block_1_117' title="bbox 2259 5520 3824 5604">
    <p class='ocr_par' dir='ltr' id='par_1_117' title="bbox 2259 5520 3824 5604">
     <span class='ocr_line' id='line_1_117' title="bbox 2259 5520 3824 5604; baseline -0.012 -15"><span class='ocrx_word' id='word_1_956' title='bbox 2259 5534 2575 5604; x_wconf 86' lang='lat' dir='ltr'><strong>apostolicas</strong></span> <span class='ocrx_word' id='word_1_957' title='bbox 2601 5542 2790 5584; x_wconf 89' lang='lat' dir='ltr'><strong>manus</strong></span> <span class='ocrx_word' id='word_1_958' title='bbox 2813 5542 2879 5583; x_wconf 92' lang='lat' dir='ltr'><strong>eo</strong></span> <span class='ocrx_word' id='word_1_959' title='bbox 2906 5523 3320 5597; x_wconf 66' lang='lat' dir='ltr'><strong>praemittebant.</strong></span> <span class='ocrx_word' id='word_1_960' title='bbox 3348 5520 3557 5577; x_wconf 83' lang='lat' dir='ltr'><strong>Etenim</strong></span> <span class='ocrx_word' id='word_1_961' title='bbox 3582 5527 3824 5573; x_wconf 64' lang='lat' dir='ltr'><strong>ostreum</strong></span> 
     </span>
    </p>
   </div>
   <div class='ocr_carea' id='block_1_118' title="bbox 2258 5611 3824 5698">
    <p class='ocr_par' dir='ltr' id='par_1_118' title="bbox 2258 5611 3824 5698">
     <span class='ocr_line' id='line_1_118' title="bbox 2258 5611 3824 5698; baseline -0.015 -13"><span class='ocrx_word' id='word_1_962' title='bbox 2258 5638 2342 5684; x_wconf 84' lang='lat' dir='ltr'><strong>est</strong></span> <span class='ocrx_word' id='word_1_963' title='bbox 2369 5626 2686 5698; x_wconf 66' lang='lat' dir='ltr'><strong>insipientiam</strong></span> <span class='ocrx_word' id='word_1_964' title='bbox 2717 5622 2989 5695; x_wconf 88' lang='lat' dir='ltr'><strong>quidpiam</strong></span> <span class='ocrx_word' id='word_1_965' title='bbox 3018 5636 3085 5676; x_wconf 81' lang='lat' dir='ltr'><strong>ex</strong></span> <span class='ocrx_word' id='word_1_966' title='bbox 3114 5620 3275 5675; x_wconf 88' lang='lat' dir='ltr'><strong>rebus</strong></span> <span class='ocrx_word' id='word_1_967' title='bbox 3314 5617 3514 5673; x_wconf 85' lang='lat' dir='ltr'><strong>nostris</strong></span> <span class='ocrx_word' id='word_1_968' title='bbox 3554 5615 3640 5669; x_wconf 88' lang='lat' dir='ltr'><strong>hic</strong></span> <span class='ocrx_word' id='word_1_969' title='bbox 3680 5611 3824 5668; x_wconf 88' lang='lat' dir='ltr'><strong>relin-</strong></span> 
     </span>
    </p>
   </div>
   <div class='ocr_carea' id='block_1_119' title="bbox 2259 5698 3825 5790">
    <p class='ocr_par' dir='ltr' id='par_1_119' title="bbox 2259 5698 3825 5790">
     <span class='ocr_line' id='line_1_119' title="bbox 2259 5698 3825 5790; baseline -0.013 -17"><span class='ocrx_word' id='word_1_970' title='bbox 2259 5735 2441 5790; x_wconf 86' lang='lat' dir='ltr'><strong>quere,</strong></span> <span class='ocrx_word' id='word_1_971' title='bbox 2474 5732 2596 5771; x_wconf 90' lang='lat' dir='ltr'><strong>cum</strong></span> <span class='ocrx_word' id='word_1_972' title='bbox 2627 5730 2724 5770; x_wconf 91' lang='lat' dir='ltr'><strong>nos</strong></span> <span class='ocrx_word' id='word_1_973' title='bbox 2751 5722 2872 5783; x_wconf 81' lang='lat' dir='ltr'><strong>post</strong></span> <span class='ocrx_word' id='word_1_974' title='bbox 2922 5712 3185 5766; x_wconf 86' lang='lat' dir='ltr'><strong>tantilbtm</strong></span> <span class='ocrx_word' id='word_1_975' title='bbox 3237 5709 3491 5780; x_wconf 84' lang='lat' dir='ltr'><strong>temporis</strong></span> <span class='ocrx_word' id='word_1_976' title='bbox 3539 5704 3662 5761; x_wconf 80' lang='lat' dir='ltr'><strong>hinc</strong></span> <span class='ocrx_word' id='word_1_977' title='bbox 3700 5698 3825 5759; x_wconf 65' lang='lat' dir='ltr'><strong>cutio</strong></span> 
     </span>
    </p>
   </div>
   <div class='ocr_carea' id='block_1_120' title="bbox 2264 5792 3827 5886">
    <p class='ocr_par' dir='ltr' id='par_1_120' title="bbox 2264 5792 3827 5886">
     <span class='ocr_line' id='line_1_120' title="bbox 2264 5792 3827 5886; baseline -0.012 -21"><span class='ocrx_word' id='word_1_978' title='bbox 2264 5812 2462 5886; x_wconf 75' lang='lat' dir='ltr'><strong>gratari</strong></span> <span class='ocrx_word' id='word_1_979' title='bbox 2506 5812 2671 5865; x_wconf 89' lang='lat' dir='ltr'><strong>simus</strong></span> <span class='ocrx_word' id='word_1_980' title='bbox 2702 5825 2715 5862; x_wconf 89' lang='lat'><strong>:</strong></span> <span class='ocrx_word' id='word_1_981' title='bbox 2750 5804 2892 5877; x_wconf 89' lang='lat' dir='ltr'><strong>quod</strong></span> <span class='ocrx_word' id='word_1_982' title='bbox 2918 5792 3080 5861; x_wconf 81' lang='lat' dir='ltr'><strong>cnim</strong></span> <span class='ocrx_word' id='word_1_983' title='bbox 3123 5801 3459 5875; x_wconf 84' lang='lat' dir='ltr'><strong>relinquitur,</strong></span> <span class='ocrx_word' id='word_1_984' title='bbox 3493 5798 3546 5854; x_wconf 92' lang='lat' dir='ltr'><strong>in</strong></span> <span class='ocrx_word' id='word_1_985' title='bbox 3593 5796 3827 5854; x_wconf 80' lang='lat' dir='ltr'><strong>damnum</strong></span> 
     </span>
    </p>
   </div>
  </div>
