4058 6258
253 324 368 385 255

253 458 405 506 me,
440 442 575 498 ἀλλά
605 446 698 500 καὶ
737 444 943 517 ζημίαν
981 449 1399 523 ὑποπησόμεθα
1438 452 1534 523 τὴν
1562 451 1822 522 ἐσχάτην.

250 525 505 581 τοσοῦτόν
544 530 662 583 εστι
705 532 947 604 ῥᾳθυμία
996 536 1185 591 κακόν.
1225 538 1290 589 Οἰ
1327 536 1456 604 γοῦν
1492 535 1733 588 Ἰουδαῖοι
1766 533 1826 585 οὑ

254 610 418 693 μάγρν
444 611 947 688 οὖκυώφελήθησαν,
979 621 1072 674 τοῦ
1098 620 1333 692 Χριστοῦ
1363 619 1826 693 παραγενομένου,

250 692 389 745 ἀλλά
418 695 514 747 καὶ
543 697 882 770 ἐϐλάϐησαν·
911 703 1025 756 ἀλλ’
1048 706 1107 757 οὑ
1131 705 1281 776 παρά
1304 704 1395 757 τὸν
1418 692 1669 775 Χριστὸν,
1695 701 1831 756 ἀλλά

251 780 404 864 παρά
423 782 522 853 τὴν
546 786 752 840 οἰκείαν
781 790 962 843 αὑτῶν
994 792 1265 864 ῥαθυμίαν
1294 793 1385 847 καὶ
1416 792 1824 863 ἀγνωμοσύνην.

249 863 362 946 καὶ
385 864 557 946 *τοῦτο
594 866 826 923 ἄκουσον
858 863 1021 926 αὑτοῦ
1054 876 1146 928 τοῦ
1176 875 1412 946 Χριστοῦ
1457 875 1730 943 λέγοντος·
1760 877 1831 929 Εἰ

243 945 333 1012 μὴ
371 941 581 1014 ἦλθον.
618 952 771 1018 φησὶ,
811 955 905 1007 καί
937 941 1481 1024 ἐλάλησα-αὑτοῖς,
1530 941 1830 1023 Ἵάιιαρτίαν

247 1029 363 1081 οὐκ
390 1025 559 1098 εἶχον
583 1048 596 1062 ·
632 1034 749 1086 νῦν
769 1034 836 1088 δὲ
859 1039 1165 1107 πρόφασιν
1195 1043 1306 1094 οὐκ
1334 1040 1545 1109 ἔχουσι
1566 1038 1698 1107 περί
1720 1037 1830 1105 τῆς

246 1108 542 1180 ἁμαρτίας
577 1115 796 1170 αὐτῶν.
842 1122 1025 1191 Ὁρᾷς,
1053 1123 1133 1174 ὅτι
1163 1125 1195 1193 ή
1230 1108 1502 1194 παρουσία
1530 1123 1693 1176 αὑτοῦ
1737 1123 1829 1175 καὶ

248 1196 584 1269 συγγνώμης
628 1202 826 1264 αὐτοὺς
870 1204 1234 1276 ἀπεστέρησε,
1270 1207 1363 1259 καὶ
1404 1208 1504 1279 τὴν
1534 1208 1828 1275 ἀπολογίαν

248 1278 436 1333 αὐτῶν
481 1281 739 1355 ὲξέκοψε;
789 1288 1054 1343 Τοσοῦτόν
1103 1292 1217 1344 ἐστι
1258 1291 1425 1346 κακὸν
1462 1278 1551 1362 μή
1591 1308 1820 1362 συγκρο-

246 1364 365 1415 τεῖν
399 1365 609 1429 ἑαυτὸν,
643 1369 777 1439 μηδὲ
808 1374 876 1424 τά
902 1372 1023 1426 καθ’
1052 1373 1242 1427 ἑαυτὸν
1265 1375 1566 1444 οἰκονομεῖν
1591 1376 1667 1437 ὡς
1697 1375 1823 1445 κρή-

249 1445 425 1500 Τοῦτο
450 1450 543 1502 καὶ
576 1451 668 1503 ἐπὶ
707 1454 974 1523 σωμάτων
1018 1456 1312 1525 συμϐαῖνον
1348 1458 1444 1510 ίδοι
1481 1474 1562 1521 τις
1606 1457 1670 1510 ἄν
1691 1470 1704 1483 ’
1737 1458 1827 1510 τὸν

251 1528 357 1597 μὲν
406 1530 513 1602 γὰρ
551 1534 808 1587 νοσοῦντα
853 1536 952 1600 τάς
983 1538 1131 1606 ὄψεις
1160 1541 1252 1592 καὶ
1288 1539 1450 1603 αὐτὸς
1479 1541 1507 1592 ὁ
1535 1540 1684 1610 ἥλιος
1713 1555 1829 1591 σκο-

246 1612 423 1675 τίζειν
447 1614 624 1678 εἴωθε,
653 1617 743 1670 τὸν
769 1618 823 1672 δὲ
844 1619 969 1691 ὑγιῆ
1001 1621 1122 1674 οὑδὲ
1156 1622 1217 1675 τὸ
1251 1622 1439 1685 σκότος
1474 1622 1826 1693 παραϐλάψαι

244 1694 494 1752 δύναται.
532 1700 642 1753 Καὶ
682 1701 867 1755 τοῦτον
901 1705 998 1774 οὑχ
1026 1705 1211 1769 ἁπλῶς
1251 1704 1478 1776 μηκύνω
1505 1705 1595 1758 τὸν
1632 1704 1823 1773 λόγον·

242 1779 367 1833 ἀλλ’
388 1783 574 1854 ἐπειδὴ
598 1785 782 1839 πολλοὶ
814 1787 910 1852 τὰς
938 1787 1145 1842 ἑαυτῶν
1171 1789 1398 1858 ἀφέντες
1441 1789 1713 1860 ῥᾳθυμίας
1746 1791 1829 1843 αί-

243 1862 491 1929 τιᾶσθαι,
520 1868 612 1919 καὶ
652 1868 751 1938 τὴν
784 1870 1173 1942 ἀγνωμοσύνην
1216 1871 1394 1926 αὑτῶν
1422 1873 1516 1925 καὶ
1546 1872 1644 1942 τὴν
1674 1874 1828 1926 ἀναι-

247 1945 483 2016 σθησίαν
508 1948 774 2020 διορθοῦν,
793 1953 949 2005 τοῦτο
978 1953 1075 2024 μὲν
1104 1955 1164 2007 οὑ
1192 1954 1426 2017 ποιοῦσι,
1451 1956 1828 2027 περιέρχονται

243 2029 308 2082 δὲ
340 2029 628 2099 ζητοῦντες
670 2034 881 2099 ἑαυτοῖς
906 2036 1122 2107 ψυχρὰς
1158 2038 1471 2107 ἀπολογίας,
1520 2040 1613 2091 καὶ
1646 2039 1829 2106 λέγον-

243 2128 345 2173 τες
365 2130 378 2142 ⁵
401 2109 463 2192 Εἰ
495 2115 568 2186 μὴ
599 2117 627 2169 ὁ
652 2117 894 2183 διάϐολος
923 2116 1011 2190 ἧν,
1043 2122 1143 2173 οὐκ
1183 2121 1249 2175 ἂν
1279 2121 1642 2192 ἀπωλόμεθα·
1672 2123 1719 2174 εἱ
1755 2120 1828 2192 μὴ

243 2195 417 2264 νόμος
442 2191 532 2267 ἦν,
565 2200 665 2253 οὐκ
700 2200 765 2254 ἂν
797 2203 1143 2274 ἡμάρτομεν·
1182 2205 1229 2257 εἰ
1263 2206 1336 2275 μὴ
1381 2191 1621 2274 αἱρέσεις
1663 2191 1829 2275 ἦσαν,

242 2278 353 2330 οὑκ
384 2278 449 2333 ἂν
494 2281 980 2356 ὑπεσκελίσθημεν.
1018 2287 1252 2357 Σκήψεις
1280 2285 1451 2340 ταῦτα
1489 2287 1584 2340 καὶ
1616 2286 1829 2358 προφά-

244 2381 389 2429 σεις,
412 2364 662 2434 ἄνθρωπε
685 2384 697 2397 ·
725 2369 816 2421 τὸν
843 2369 951 2440 γὰρ
975 2371 1212 2441 νήφοντα
1236 2371 1386 2424 οὐδὲν
1416 2370 1645 2441 βλάπτει
1675 2370 1827 2432 ποτὲ,

243 2445 442 2520 ὥσπερ
471 2445 564 2503 οὖν
597 2452 686 2504 τὸν
722 2452 1047 2508 καθεύδοντα
1093 2454 1186 2508 καὶ
1221 2454 1570 2526 ῥᾳθυμοῦντα
1607 2454 1701 2507 καὶ
1730 2455 1831 2524 τὴν

240 2533 446 2585 ἑαυτοῦ
499 2535 814 2605 προδιδόντα
863 2537 1137 2608 σωτηρίαν
1196 2537 1345 2590 οῦδὲν
1391 2537 1610 2605 ὠφελεῖ,
1663 2538 1832 2591 Τοῦτο

241 2616 384 2683 γοῦν
414 2618 546 2671 αὑτὸ
574 2618 666 2672 καὶ
689 2622 718 2673 ό
744 2619 954 2683 Παῦλος
987 2620 1353 2690 αἰνιττόμενος
1388 2619 1593 2688 ἔλεγεν,
1627 2620 1750 2674 Ἶνα
1778 2624 1831 2674 οἰ

240 2698 481 2769 δόκιμοι
504 2703 745 2770 φανεροί
770 2702 1055 2771 γένωνται
1077 2702 1328 2771 ὲνὺμῖν·
1349 2702 1617 2765 τουτέστι,
1642 2704 1716 2776 μὴ
1745 2703 1833 2759 θο-

242 2782 525 2854 ρυϐεῖσθε,
557 2785 690 2855 μηδὲ
729 2785 945 2839 ἀλύετε·
981 2786 1291 2856 οὑδένὺμᾶς
1315 2787 1371 2839 αί
1401 2786 1638 2858 αἱρέσεις
1657 2804 1833 2857 παραο

243 2867 456 2938 ϐλάψαι
505 2868 774 2924 δύνανται.
834 2870 957 2921 ’Ότι
1003 2868 1100 2939 μὲν
1131 2865 1245 2934 οὖν,
1310 2871 1357 2921 εί
1401 2870 1494 2927 καζι
1530 2870 1656 2940 περὶ
1685 2869 1832 2939 αἱρέ-

246 2968 394 3004 σεων
426 2947 493 3022 ἦν
536 2954 563 3005 ό
603 2952 779 3019 λόγος,
808 2952 928 3006 οὐδὲ
973 2950 1144 3014 οὕτως
1188 2951 1299 3022 ἔχει
1338 2952 1558 3022 ζήτημα
1586 2942 1832 3024 τδμείρη-

248 3032 436 3103 μένον,
472 3035 538 3087 ὲκ
586 3035 788 3088 τούτων
834 3035 1011 3104 δῆλον.
1055 3033 1377 3103 Προφητεία
1414 3035 1536 3104 γάρ-
1570 3036 1735 3097 ἐστιν,
1769 3036 1831 3088 οὑ

249 3117 570 3188 συμϐουλή·
604 3118 928 3189 πρόρρησις,
967 3118 1027 3170 οὐ
1071 3117 1418 3188 παραίνεσις·
1461 3114 1555 3172 καὶ
1572 3118 1651 3179 τὸ,
1686 3119 1829 3182 Ἵνα,

248 3200 556 3266 ἐκϐάσεως,
591 3202 692 3253 οὑκ
723 3200 1070 3267 αἰτιολογίας.
1099 3201 1220 3253 Ὅτι
1250 3201 1304 3253 δὲ
1329 3200 1447 3254 οὑδὲ
1481 3200 1609 3270 περί
1638 3200 1834 3273 δογμάο

245 3301 364 3337 των
395 3284 543 3338 ἐστὶν
574 3285 603 3337 ὁ
631 3283 783 3351 λόγος
809 3283 958 3353 αὑτῷ
986 3283 1100 3347 νῦν,
1136 3282 1269 3335 ἀλλά
1304 3282 1432 3355 περὶ
1464 3286 1710 3354 πενῆτων
1739 3283 1834 3341 καὶ

250 3365 547 3431 πλουσίων,
574 3366 701 3437 περί¹
736 3366 828 3420 τοῦ
857 3370 1051 3436 φαγεῖν
1082 3367 1176 3420 καὶ
1208 3366 1282 3437 μὴ
1323 3368 1537 3435 φαγεῖν,
1579 3366 1705 3436 περὶ
1733 3366 1833 3435 τῆς

251 3452 368 3504 τῶν
395 3451 644 3521 εὐπόρων
664 3451 903 3514 ἀσωτίας
934 3450 1027 3504 καὶ
1055 3450 1410 3520 λαιμαργίας,
1442 3449 1570 3519 περὶ
1599 3451 1695 3520 τῆς
1723 3450 1832 3501 τῶν

250 3536 505 3604 πενήτων
536 3533 975 3602 ὲγκαταλείψεως
1018 3534 1114 3604 τῆς
1140 3534 1268 3603 παρ’
1302 3531 1478 3585 αὑτῶν
1512 3531 1828 3604 γενομένης,

250 3616 561 3687 ἀνάσχεσθε
590 3618 785 3687 μικρὸν
822 3615 1028 3670 ἀνωθεν
1052 3615 1407 3685 διηγουμένου
1434 3633 1447 3646 ·
1478 3614 1597 3667 οὑδὲ
1632 3614 1738 3685 γὰρ
1767 3613 1830 3666 ἂν

251 3700 431 3764 ἄλλως
455 3701 582 3770 ὑμῖν
604 3699 813 3767 γένοιτο
842 3698 1007 3767 σαφὲς
1036 3698 1099 3750 τὸ
1126 3698 1434 3768 λεγόμενον.
1479 3697 1694 3767 Ἐπείδὴ
1725 3698 1833 3767 γὰρ

253 3784 493 3857 ήρξαντο
527 3783 771 3852 σπείρειν
791 3782 880 3835 τὸν
908 3782 1063 3849 λόγον
1096 3782 1192 3851 τῆς
1221 3781 1499 3845 εὐσεϐείας
1532 3783 1579 3833 οί
1603 3782 1834 3834 ἀπόστο-

251 3868 359 3934 λοι,
405 3865 709 3939 προσῆλθον
754 3864 953 3928 εὐθέως
990 3864 1294 3935 τρισχίλιοι,
1354 3865 1448 3917 καὶ
1502 3864 1661 3917 πάλιν
1707 3881 1833 3917 πεν-

251 3950 583 4019 τακισχίλιοι
605 3991 619 4010 ,
666 3950 760 4001 καὶ
810 3950 1027 4003 πάντων
1072 3947 1251 4000 αὑτῶν
1278 3943 1345 4017 ἦν
1382 3949 1415 4018 ἡ
1449 3948 1643 4018 καρδία
1673 3949 1767 4001 καὶ
1799 3950 1833 4017 ή

248 4035 406 4105 ψυχὴ
442 4033 560 4102 μία.
602 4032 673 4085 Τὸ
701 4032 759 4085 δὲ
796 4030 894 4101 τῆς
935 4030 1186 4101 ὁμονοίας
1218 4029 1408 4092 αἴτιον,
1444 4030 1536 4083 καὶ
1567 4030 1835 4097 συνδῆσαν

252 4116 442 4173 αὑτῶν
470 4116 569 4186 τὴν
595 4116 836 4184 ἀγάπην,
861 4116 955 4165 καὶ
983 4112 1249 4173 τοσαύτας
1279 4111 1456 4181 ψυχὰς
1488 4116 1567 4176 εἰς
1597 4110 1747 4183 [245]
1778 4111 1835 4164 ἓν

254 4199 649 4268 συναγαγὺν,ή
696 4196 803 4249 τῶν
838 4196 1133 4266 χρημάτων
1177 4196 1446 4265 ὑπεροψία
1493 4192 1578 4266 ἦν.
1627 4195 1835 4260 Οὐδεὶς

252 4282 371 4354 γάρ
408 4298 463 4335 τι
499 4278 616 4333 τῶν
648 4280 1059 4349 ὑπαρχόντων,
1092 4278 1277 4349 φησὶν,
1322 4281 1479 4332 ἴδιον
1508 4280 1716 4348 ἔλεγεν
1758 4276 1838 4332 εἷ-

254 4384 393 4427 ναι,
445 4365 582 4419 ἀλλ’
622 4359 700 4433 ἦν
732 4361 929 4418 αὐτῶν
960 4362 1197 4418 ἅπαντα
1228 4362 1417 4415 κοινά.
1465 4363 1681 4433 Ἐπειδὴ
1728 4362 1836 4433 γὰρ

254 4449 502 4524 ἀνῃρέθη
539 4450 571 4519 ἡ
603 4448 727 4519 ῥίζα
756 4446 864 4499 τῶν
898 4447 1104 4509 κακῶν,
1134 4448 1233 4516 τὴν
1279 4447 1640 4519 φιλαργυρίαν
1669 4447 1834 4515 λέγω,

256 4536 440 4589 πάντα
482 4531 768 4601 ἐπεισῆλθε
811 4530 877 4583 τὰ
911 4530 1123 4597 ἀγαθὰ,
1170 4529 1261 4583 καὶ
1309 4529 1493 4582 λοιπὸν
1543 4530 1834 4598 συνεσφίγ-

255 4635 420 4686 γοντο
453 4616 587 4686 πρὸς
614 4615 896 4686 ἀλλήλους,
935 4612 1143 4678 οὐδενὸς
1176 4612 1328 4677 ὄντος
1359 4612 1452 4665 τοῦ
1499 4612 1834 4685 διαιροῦντος

253 4712 477 4777 αὑτούς.
513 4713 585 4766 Τὸ
621 4712 730 4783 γάρ
774 4712 939 4781 ἐμὸν,
970 4712 1064 4764 καὶ
1091 4710 1152 4763 τὸ
1193 4709 1329 4775 σὸν,
1356 4709 1513 4762 τοῦτο
1544 4709 1603 4762 τὸ
1629 4710 1836 4780 ψυχρὸν

260 4797 420 4869 ῥῆμα
450 4796 545 4848 καὶ
580 4795 804 4865 μυρίους
834 4793 1104 4863 πολέμους
1133 4793 1212 4856 εἰς
1251 4791 1348 4863 τὴν
1376 4791 1700 4863 οίκουμένην
1726 4794 1839 4845 είσ-

258 4879 491 4949 αγαγδν,
523 4882 586 4931 ὲκ
609 4879 707 4949 τῆς
742 4878 900 4945 ἀγίας
926 4877 1140 4947 ἐκείνης
1187 4875 1513 4945 Ἐκκλησίας
1553 4874 1834 4946 ὲξώριστο,

260 4966 358 5018 καὶ
403 4962 501 5032 τὴν
531 4962 633 5030 γῆν
680 4959 877 5031 ῷκουν,
914 4959 1166 5030 καθάπερ
1195 4961 1245 5011 οἱ
1288 4959 1510 5027 ἄγγελοι
1548 4959 1639 5011 τὸν
1672 4960 1839 5030 ούρα-

260 5048 374 5107 νὺν,
409 5046 502 5098 καὶ
542 5042 665 5096 οὔτε
695 5043 950 5111 ἐφθόνουν
977 5044 1025 5094 οἱ
1058 5042 1291 5111 πένητες
1333 5044 1447 5103 τοῖς
1479 5040 1802 5095 πλουτοῦσιν
1822 5060 1834 5072 ·

258 5130 386 5183 οὑδὲ
424 5128 532 5198 γάρ
562 5123 700 5196 ἦσαν
741 5124 1016 5179 πλούσιοι·
1055 5123 1178 5177 οὔτε
1217 5124 1547 5195 ὑπερεώρων
1590 5126 1638 5178 οἰ
1679 5126 1841 5179 πλού-

262 5229 379 5267 σιοι
412 5211 520 5264 τῶν
562 5211 841 5279 πενήτων·
889 5207 1009 5261 οὑδὲ
1054 5206 1162 5277 γάρ
1204 5202 1344 5276 ἦσαν
1400 5207 1672 5278 πένητες·
1704 5208 1841 5262 ἀλλά

260 5318 446 5371 πάντα
476 5311 546 5385 ἦν
586 5313 756 5368 κοινά.
792 5312 903 5365 Καὶ
949 5311 1067 5364 οὐδὲ
1114 5306 1194 5373 εἷς
1241 5328 1290 5362 τι
1333 5311 1443 5363 τῶν
1485 5312 1841 5383 ὑπαρχόντων

265 5401 400 5455 ῐδιον
447 5397 632 5466 ἔλεγεν
678 5392 848 5450 εἶναι·
888 5395 948 5447 οὑ
992 5394 1120 5462 γὰρ,
1166 5393 1417 5464 καθάπερ
1457 5392 1552 5445 νῦν
1599 5394 1840 5461 γίνεται,

261 5481 412 5536 οὕτω
442 5481 536 5534 καὶ
565 5480 687 5532 τότε
732 5477 1032 5532 συνέϐαινε.
1072 5476 1186 5530 Νῦν
1236 5476 1333 5546 μὲν
1380 5476 1488 5547 γὰρ
1528 5475 1742 5545 ἔχοντες
1772 5476 1843 5529 τά

267 5563 502 5625 ἑαυτῶν,
550 5562 755 5615 διδόασι
793 5563 906 5623 τοῖς
939 5558 1241 5628 δεομένοις·
1277 5559 1396 5612 τότε
1426 5559 1481 5612 δὲ
1513 5558 1634 5611 οὑδὲ
1688 5558 1845 5613 τοῦτο

264 5646 358 5713 ἦν,
416 5645 534 5701 ἀλλ’
579 5644 914 5706 ἀποστάντες
960 5643 1060 5713 τῆς
1109 5641 1424 5705 δεσποτείας
1467 5642 1575 5695 τῶν
1627 5644 1843 5700 οἰκείων

265 5729 587 5801 χρημάτων,
622 5728 716 5784 καὶ
747 5728 828 5793 είς
862 5726 1023 5799 μέσον
1053 5726 1195 5781 αὑτά
1236 5726 1559 5790 καταθέντες
1590 5731 1681 5784 καὶ
1714 5732 1843 5787 ἀνα-

1133 340 1201 395 IN
1241 340 1507 398 DICTUM
1544 341 1767 412 I’AL‘LI,
1803 346 2127 403 OPORTET
2164 348 2501 411 ILERESES
2536 352 2722 408 ESSE.

3391 340 3495 394 Ξπῦ

1935 448 2210 519 μίξαντες,
2251 455 2370 509 οὐδὲ
2415 458 2563 524 δῆλοι
2606 458 2791 512 λοιπὸν
2832 452 2969 528 ἦσαν
3013 455 3067 509 οἰ»
3111 454 3301 528 πρώην
3347 456 3500 520 ὅντες

1932 538 2152 612 εὔποροι
2173 559 2186 573 ·
2217 542 2358 598 ὥστε
2389 549 2479 600 καὶ
2506 549 2557 600 εἰ
2577 564 2660 610 τις
2690 550 2753 599 ὲκ
2778 547 2878 617 τῆς
2906 545 3205 617 ὑπεροψίας
3233 542 3342 598 τῶν
3372 561 3499 615 κρη-

1934 627 2118 695 μάτων
2141 632 2357 698 ὲγένετο
2385 633 2570 702 τῦφος,
2597 634 2689 687 καὶ
2726 627 2879 697 οὗτος
2910 634 3146 703 ἀνῄρητο
3166 631 3495 695 παντάπασι,

1932 715 2345 805 πάντωνδντων
2394 724 2452 774 ὲν
2498 723 2702 792 ἰσότητι
2753 723 2877 792 μιᾷ,
2924 722 3017 774 καὶ
3063 718 3170 772 τῶν
3204 720 3500 805 χρημάτων

1928 801 2337 873 ἀναμιχθέντων
2388 806 2667 861 ἁπάντων.
2711 809 2826 862 Οὑκ
2880 808 2945 860 ὲκ
2981 806 3170 860 τούτου
3205 801 3269 859 ’δὲ
3318 806 3498 876 μόνον,

1928 888 2065 942 ἀλλὰ
2097 891 2191 944 καὶ
2230 892 2290 957 ἐξ
2321 893 2485 947 αὑτοῦ
2527 894 2619 947 τοῦ
2655 894 2856 965 τρόπου
2886 894 2986 964 τῆς
3018 893 3323 963 καταϐολῆς
3354 893 3502 946 ἔστιν

1928 977 2105 1031 αὑτῶν
2132 979 2258 1032 ἰδεῖν
2282 981 2380 1052 τὴν
2405 981 2713 1035 εὐλάϐειαν.
2737 982 2901 1034 Ὅσοι
2933 981 3042 1050 γὰρ
3072 979 3354 1049 κτήτορες
3388 999 3498 1050 χω-

1921 1065 2070 1130 ρίων
2113 1065 2150 1133 ἢ
2185 1065 2384 1119 οἰκιῶν
2414 1065 2709 1136 ὑπῆρχον,
2750 1069 3094 1135 πωλοῦντες
3136 1069 3352 1138 ἔφερον
3396 1069 3502 1134 τὰς

1928 1150 2119 1216 τιμὰς,
2161 1149 2259 1202 καὶ
2302 1150 2540 1205 ἐτίθουν
2570 1157 2729 1221 ,παρὰ
2771 1152 2912 1218 τοὺς
2968 1152 3158 1218 πόδας
3207 1150 3324 1205 τῶν
3355 1153 3504 1206 ἀπο-

1927 1236 2183 1291 στόλων.
2216 1237 2329 1290 Οὑκ
2351 1231 2523 1301 εἶπεν,
2564 1239 2645 1291 ὅτι
2690 1240 2768 1303 εἰς
2826 1238 2923 1302 τάς
2961 1241 3148 1310 χεῖρας
3197 1237 3373 1292 αὐτῶν
3418 1239 3503 1290 ὲν-

1928 1321 2170 1386 ἐϐαλλον,
2193 1324 2347 1386 ἀλλὰ,
2386 1328 2552 1393 Παρὰ
2585 1327 2727 1392 τοὺς
2758 1327 2947 1393 πόδας
2975 1327 3175 1381 αὐτῶν
3202 1328 3500 1389 ἐτίθεσαν,

1928 1411 2026 1482 τὴν
2062 1413 2195 1466 αἰδῶ
2234 1415 2328 1467 καὶ
2356 1413 2451 1484 τήν
2487 1414 2771 1468 εὐλάϐειαν
2811 1417 2904 1469 καὶ
2945 1416 3034 1468 τὸν
3066 1417 3249 1485 φόϐον,
3277 1415 3335 1470 ὃν
3375 1413 3504 1486 περὶ

1929 1501 2055 1563 τοὺς
2101 1501 2430 1564 ἀποστόλους
2474 1497 2638 1571 εἶχον,
2680 1502 2766 1556 διὰ
2815 1502 3005 1555 τούτου
3056 1503 3394 1567 δεικνύντες·
3441 1503 3502 1555 ού

1929 1586 2039 1658 γὰρ
2062 1587 2260 1641 διδόναι
2290 1587 2506 1658 μᾶλλον,
2535 1588 2568 1658 ἢ
2600 1588 2897 1658 λαμϐάνειν
2920 1589 3184 1659 ἐνόμιζον.
3217 1590 3325 1642 Καὶ
3348 1590 3505 1642 τοῦτο

1928 1675 2038 1745 γὰρ
2072 1674 2304 1745 μάλιστά
2335 1677 2480 1728 ἐστιν
2508 1675 2780 1747 ὑπεριδεῖν
2822 1676 3121 1746 χρημάτων
3145 1693 3157 1705 ·
3198 1675 3356 1729 τοῦτο
3385 1676 3506 1747 θρέ-

1926 1762 2024 1830 ψαι
2065 1762 2300 1832 γνησίως
2329 1763 2445 1815 ἐστὶ
2487 1762 2741 1831 Χριστὸν,
2771 1764 2900 1815 ὅταν
2952 1764 3025 1834 μὴ
3069 1763 3205 1834 μετά
3251 1765 3505 1826 ἀπονοίας

1928 1844 2025 1902 καὶ
2060 1848 2227 1918 τύφου
2261 1849 2418 1902 τοῦτο
2462 1852 2643 1921 ποιῇς,
2689 1850 2818 1903 ὅταν
2862 1850 2937 1914 ώς
2989 1851 3181 1903 σαυτὸν
3221 1850 3438 1921 μᾶλλον,
3472 1852 3505 1921 ἢ

1927 1935 2018 1989 τὸν
2033 1936 2375 2005 λαμϐάνοντα
2400 1936 2724 2008 εὐεργετῶν,
2748 1936 2890 1990 οὑτω
2920 1938 3181 2009 παρέχῃς.
3206 1940 3267 1991 Εἰ
3296 1939 3401 2008 γὰρ
3432 1940 3505 2010 μὴ

1929 2020 2072 2075 οὕτω
2102 2022 2392 2084 διάκεισαι,
2437 2023 2570 2095 μηδὲ
2616 2023 2747 2094 δῷς·
2786 2026 2833 2077 εἰ
2871 2025 2946 2096 μὴ
2995 2026 3235 2095 νομίζεις
3282 2026 3509 2096 λαμϐά-

1932 2127 2044 2163 νειν
2072 2110 2278 2180 ’μᾶλλον
2304 2110 2337 2183 ἢ
2368 2111 2586 2178 διδόναι,
2622 2112 2697 2183 μὴ
2729 2113 3034 2186 παράσχῃς.
3065 2112 3234 2165 Τοῦτο
3272 2112 3369 2166 καὶ
3394 2113 3508 2164 ἑτέ-

1936 2215 2047 2268 ροις
2094 2198 2277 2253 λοιπὸν
2322 2201 2351 2251 ό
2388 2197 2597 2260 Παῦλος
2652 2198 3051 2271 ἐμαρτύρησεν,
3100 2199 3241 2253 οὕτω
3292 2198 3505 2267 λέγων·

1929 2285 2199 2353 Γνωρίζίο
2235 2285 2302 2339 δὲ
2342 2285 2502 2355 ὑμῖν,
2531 2285 2800 2355 ἀδελφοί,
2836 2285 2950 2353 τὴν
2977 2285 3153 2356 χάριν
3186 2287 3289 2341 τοῦ
3337 2287 3506 2352 Θεοῦ,

1930 2371 2047 2439 τὴν
2082 2372 2411 2442 δεδομένην
2452 2372 2522 2425 ἐν
2561 2372 2691 2438 ταῖς
2730 2372 3109 2440 Ἐκκλησίαις
3164 2371 3272 2440 τῆς
3317 2377 3509 2427 Maxe—

1930 2460 2153 2528 δονίας,
2178 2460 2267 2513 ὅτι
2296 2462 2333 2527 ἡ
2367 2460 2517 2514 κατὰ
2546 2461 2738 2525 βάθος
2760 2461 3016 2528 πτωχεία
3043 2459 3242 2513 αὐτῶν
3271 2460 3510 2527 ἐπερίσ-

1932 2563 2162 2601 σευσεν
2191 2549 2279 2612 είς
2315 2547 2422 2600 τὸν
2467 2547 2736 2601 πλοῦτον
2772 2546 2883 2612 τῆς
2923 2547 3262 2612 ἁπλότητος
3289 2544 3505 2609 αἰετῶν,

1933 2634 2022 2689 ὅτι
2060 2634 2212 2691 κατὰ
2247 2635 2524 2703 δύναμιν,
2563 2633 2860 2703 μαρτυρῶ,
2907 2634 3003 2688 καί
3033 2632 3185 2701 ὑπὲρ
3230 2632 3505 2703 δύναμιν.

1931 2724 2269 2792 αὐθαίρετοι
2294 2723 2448 2793 μετά
2484 2718 2723 2793 πολλῆς
2762 2721 3200 2791 παρακλήσεως
3240 2720 3510 2791 δεόμενοι

1933 2810 2121 2878 ἡμῶν,
2165 2810 2277 2877 τὴν
2309 2809 2484 2877 χάριν
2514 2809 2614 2864 καί
2653 2808 2767 2877 τὴν
2810 2809 3131 2862 κοινωνίαν
3167 2806 3276 2875 τῆς
3308 2807 3510 2862 διακοο

1931 2898 2065 2962 νίας
2095 2896 2203 2963 τῆς
2228 2899 2316 2960 εἱς
2350 2896 2493 2961 τοὺς
2530 2897 2737 2965 ἁγίους
2778 2895 3160 2961 ἐπλήρωσαν.
3202 2895 3362 2964 Ὁρᾷς
3395 2895 3511 2957 πῶς

1932 2984 2130 3047 αὐτοὺς
2154 2986 2244 3037 ἐπὶ
2265 2983 2439 3053 τούτῳ
2472 2983 2669 3053 μᾶλλον
2691 2982 2979 3053 θαυμάζει,
3007 2981 3090 3034 ὅτι
3112 2981 3269 3051 χάριν
3290 2981 3508 3044 εἰδότες,

1935 3072 2028 3126 καὶ
2055 3071 2318 3141 δεόμενοι,
2346 3071 2439 3125 καὶ
2468 3068 2928 3141 παρακαλοῦντες,
2958 3066 3101 3121 οὕτω
3129 3068 3225 3139 τήν
3271 3068 3364 3121 ἐπὶ
3401 3065 3510 3120 τῶν

1934 3158 2231 3231 χρημάτων
2257 3158 2537 3227 δαψίλειαν
2568 3157 2975 3223 ὲπεδείκνυντο;

2002 3244 2072 3315 γ’.
2090 3246 2189 3298 Διά
2209 3243 2366 3298 τοῦτο
2388 3244 2481 3298 καλ.
2503 3244 2593 3297 τὸν
2628 3241 2879 3313 Ἀϐραὰμ
2908 3241 3280 3313 θαυμάζομεν,
3302 3242 3401 3313 οὑχ
3429 3244 3511 3296 ὅτι

1937 3334 2134 3404 μόσχον
2164 3331 2320 3384 ἔθυσε
2358 3332 2535 3401 μόνον,
2574 3330 2693 3383 οὑδὲ
2726 3330 2807 3383 ὅτι
2838 3330 3038 3399 ἄλευρα
3079 3330 3370 3400 ὲφύρασεν,
3397 3330 3512 3384 ἀλλ’

1933 3420 2015 3472 ὅτι
2061 3419 2196 3488 μετά
2248 3418 2450 3486 πολλῆς
2491 3418 2682 3487 ἡδονῆς
2718 3418 2812 3469 καὶ
2858 3419 3357 3486 ταπεινοφροσύνης
3387 3417 3514 3480 τοὺς

1936 3506 2118 3572 ξένους
2153 3504 2460 3572 ὑπεδέχετο,
2500 3502 2870 3573 προστρέχων,
2921 3502 3256 3572 θεραπεύων,
3292 3503 3513 3573 κυρίους

1935 3593 2136 3655 καλῶν,
2180 3590 2449 3662 θησαυρὸν
2485 3589 2693 3660 μυρίων
2749 3589 2969 3656 ἀγαθῶν
3022 3591 3310 3660 εὑρηκέναι
3357 3590 3512 3659 νομί-

1936 3682 2062 3747 ζων,
2093 3680 2145 3733 εἴ
2175 3697 2306 3734 ποτε
2343 3680 2439 3734 ἴδοι
2491 3676 2757 3747 παριόντα
2794 3677 2960 3740 ξένον.
2997 3676 3152 3730 Οῦτω
3196 3679 3306 3748 γὰρ
3351 3675 3513 3747 διπλῆ

1935 3766 2270 3841 ἐλεημοσύνη
2299 3767 2525 3836 γίνεται,
2556 3765 2684 3817 ὃταν
2717 3763 2811 3815 καὶ
2852 3762 3102 3833 διδῶμεν,
3149 3765 3241 3816 καὶ
3281 3762 3515 3824 διδόντες

1940 3857 2076 3928 μετά
2127 3854 2432 3926 προθυμίας
2487 3852 2836 3924 παρέχωμεν.
2881 3850 3110 3918 Ἰλαρὸν
3148 3852 3255 3921 γὰρ
3306 3849 3512 3915 δότην,

1937 3940 2101 4012 φησὶν
2148 3937 2319 4013 [244],
2364 3934 2563 4006 ἀγαπᾷ
2604 3940 2635 3990 ό
2670 3938 2830 4001 Θεός.
2869 3935 3021 3987 Ἐπεὶ
3059 3933 3162 3987 κᾶν
3212 3933 3381 4005 μυρία
3414 3950 3514 3985 κα-

1935 4027 2175 4099 ταὸἀλῃς
2200 4025 2442 4080 τάλαντα
2477 4023 2611 4093 μετά
2640 4023 2899 4086 ἀπονοίας
2929 4020 3024 4075 καὶ
3053 4020 3221 4089 τύφου
3250 4021 3345 4073 καὶ
3372 4036 3497 4073 κενο

1936 4116 2134 4180 δοξίας.
2175 4113 2243 4167 τά
2276 4114 2453 4169 πάντα
2486 4110 2775 4174 ἀπώλεσας
2797 4129 2808 4140 ·
2850 4110 3097 4179 καθάπερ
3126 4110 3330 4171 ἐκεῖνος
3359 4109 3385 4160 ό
3414 4108 3516 4159 ψαο

1941 4205 2166 4275 ρισαίος,
2192 4202 2248 4266 ὃς
2276 4200 2624 4255 ἀποδεκατῶν
2651 4198 2813 4253 αὑτοῦ
2853 4197 2920 4251 τὰ
2952 4196 3284 4269 ὑπάρχοντα,
3330 4194 3513 4264 ἐπειδὴ

1938 4292 2033 4345 καί
2089 4292 2229 4361 μέγα
2282 4289 2498 4359 ἐφρόνει
2548 4288 2643 4341 καί¹
2681 4289 2937 4354 ὲφυσάτο,
2986 4287 3160 4339 πάντα
3212 4283 3513 4345 ἀπολέσας,

1938 4378 2081 4431 οῦτω
2116 4375 2385 4444 κατῆλθεν
2413 4374 2522 4427 ἀπὸ
2551 4373 2644 4427 τοῦ
2675 4372 2842 4442 ίεροῦ.
2875 4373 2990 4424 υύκ
3023 4371 3114 4423 ἐπὶ
3146 4368 3253 4421 τῶν
3283 4371 3515 4423 ἀποστό-

1938 4466 2045 4518 λων
2074 4465 2131 4517 δὲ
2160 4462 2330 4524 οὑτως
2350 4479 2363 4492 ·
2398 4460 2534 4513 ἀλλὰ
2571 4460 2869 4530 χαίροντες,
2896 4457 3274 4526 ἀγαλλόμενοι,
3308 4457 3517 4525 κερδαί-

1938 4570 2048 4605 νειν
2080 4551 2149 4604 τὰ
2195 4548 2427 4618 μέγιστα
2461 4546 2790 4615 νομίζοντες,
2830 4542 3002 4603 οὕτως
3040 4542 3232 4612 ἔφερον
3270 4541 3340 4593 τὰ
3381 4544 3515 4611 χρή-

1942 4656 2107 4710 ματα,
2137 4639 2228 4690 καὶ
2272 4632 2553 4703 ἀγαπητὸν
2576 4628 2713 4685 εἷναι
2742 4628 3005 4699 ἐνόμιζον,
3043 4630 3091 4681 εἰ
3130 4627 3515 4691 καταξιώσειεν

1939 4731 1986 4782 οί
2019 4726 2306 4781 ἀπόστολοι
2354 4722 2627 4787 δέξασθαι.
2671 4719 2779 4773 Καὶ
2826 4718 3075 4789 καθάπερ
3106 4718 3238 4789 πρδς
3284 4716 3383 4780 τάς
3418 4734 3516 4786 με-

1940 4817 2109 4885 γάλας
2152 4813 2297 4875 τινες
2342 4810 2518 4881 ἀρχὰς
2564 4806 2915 4877 καλούμενοι,
2963 4807 3056 4860 καὶ
3086 4806 3186 4868 τάς
3220 4804 3513 4873 βασιλικω-

1940 4904 2102 4973 τέρας
2140 4902 2246 4953 τῶν
2291 4898 2494 4950 πόλεων
2541 4894 2824 4965 μέλλοντες
2859 4895 3046 4953 οἰκεῖν,
3087 4892 3376 4954 διαπαντὸς
3416 4890 3514 4959 τὴν

1940 4987 2126 5041 οὐσίαν
2176 4980 2354 5036 αὑτῶν
2423 4980 2603 5031 πᾶσαν
2662 4976 3152 5045 ὲξαργυρίσαντες,
3198 4974 3340 5027 οὑτω
3382 4973 3513 5035 μευ-

1945 5072 2203 5125 ίστανται·
2229 5065 2370 5119 οὕτω
2393 5064 2457 5135 δὴ
2488 5063 2582 5116 καὶ
2610 5062 2657 5114 οί
2684 5061 2958 5134 ἄνθρωποι
2986 5059 3103 5113 τότε
3136 5059 3350 5112 ἐποίουν
3380 5061 3516 5112 ἐκεῖ-

1941 5174 2043 5216 νοι,
2092 5152 2226 5223 πρὸς
2255 5149 2345 5201 τὸν
2382 5146 2610 5218 οὐρανὸν
2660 5143 2965 5213 κληθέντες,
3000 5145 3077 5207 εἰς
3117 5144 3213 5214 τὴν
3261 5142 3374 5196 ἀνω
3408 5160 3509 5214 μη.

1941 5235 2194 5308 τρόπολιν
2227 5233 2319 5284 καὶ
2353 5232 2451 5301 τὴν
2493 5231 2609 5282 ἐκεῖ
2656 5226 2950 5297 βασιλείαν.
2998 5225 3215 5294 Ἐπειδὴ
3248 5226 3357 5295 γάρ
3393 5225 3517 5308 ᾔδεμ-

1946 5306 2063 5381 σαν,
2092 5319 2172 5371 ὅτι
2208 5314 2389 5383 ἐκείνη
2417 5313 2583 5375 ὅντως
2621 5310 2801 5364 αὑτῶν
2844 5310 2991 5361 ἐστιν
3029 5308 3061 5378 ή
3107 5309 3325 5378 πατρὶς,
3363 5306 3514 5377 ἔξαρ-

1941 5402 2263 5472 γυρίσαντες
2307 5396 2404 5466 τὴν
2441 5393 2648 5448 ἑαυτῶν
2684 5393 2889 5456 οὐσίαν,
2942 5391 3028 5444 διὰ
3074 5388 3513 5443 τῶνάποστολι-

1943 5485 2057 5539 κῶν
2085 5481 2255 5551 αὑτὴν
2281 5477 2480 5550 χειρῶν
2509 5479 2625 5531 ἐκεῖ
2657 5476 3028 5548 προέπεμπον.
3067 5474 3178 5527 Καὶ
3215 5471 3323 5543 γὰρ
3355 5472 3519 5541 ἐσχά-

1943 5584 2042 5638 της
2073 5564 2260 5627 ἀνοίας
2307 5562 2455 5616 ὲστὶν
2500 5559 2718 5630 ἀφεῖναί
2769 5576 2821 5612 τι
2846 5557 2953 5611 τῶν
2989 5556 3272 5628 ἡμετέρων
3316 5556 3513 5609 ὲναποο

1950 5655 2130 5725 μεῖναι
2170 5647 2438 5710 ἐνταῦθα,
2485 5644 2643 5717 ήμῶν
2692 5643 2887 5716 μικρὸν
2938 5641 3163 5713 ὕστερον
3215 5640 3516 5725 μελλόντων

1950 5718 2199 5794 ἓντεῦθεν
2227 5731 2525 5803 ἀποδημεῖν
2544 5747 2558 5762 ·
2591 5731 2686 5786 καὶ
2708 5729 2815 5801 γὰρ
2841 5728 2977 5799 ὅπερ
2998 5725 3319 5799 ἀπολειφθῇ,
3350 5718 3520 5796 ζημία
