4058 6258
633 289 743 348 I57

622 402 853 475 γίνεται.
896 398 1076 453 Πάντα
1110 397 1287 452 τοίνυν
1319 398 1438 451 ἐκεῖ
1466 396 1892 469 προέιεμπέσθω,
1926 394 2053 449 ἔνθα
2097 396 2191 449 καὶ

623 486 787 558 ἡμεῖς
828 481 1116 545 διαπαντὸς
1152 480 1443 552 διατρίϐειν
1472 481 1737 552 μέλλομεν
1785 479 1987 533 λοιπόν.
2014 478 2195 533 Ταῦτα

626 571 738 639 γάρ
782 566 875 619 καὶ
915 564 1067 619 αὐτοὶ
1101 563 1466 633 λογισάμενοι,
1499 565 1678 618 πᾶσαν
1722 561 2056 617 ἀπεδύσαντο
2096 562 2195 630 τὴν

626 650 841 713 οὐσίαν,
876 648 969 701 καὶ
1000 645 1219 700 διπλοῦν
1241 647 1448 715 ἐγίνετο
1486 647 1547 699 τὸ
1574 645 1936 717 κατόρθωμα·
1967 645 2060 697 καὶ
2089 644 2194 716 γὰρ

626 735 740 796 τοῖς
782 730 1055 801 δεομένοις
1090 730 1190 798 τὴν
1224 729 1411 782 πενίαν
1444 727 1726 799 διώρθουν,
1772 728 1865 780 καὶ
1897 725 2066 778 πλείω
2103 727 2197 778 καὶ

627 813 1037 883 ἀσφαλεστέραν
1075 812 1174 881 τὴν
1224 811 1399 865 αὑτῶν
1454 811 1639 864 οὐσίαν
1684 809 1920 871 ἐποίουν,
1974 809 2053 871 είς
2103 808 2195 860 τὸν

627 897 859 968 οὐρανὸν
886 895 1011 958 τοὺς
1043 892 1250 947 ἐαυτῶν
1284 892 1659 964 μετατιθέντες
1691 890 2015 962 θησαυρούς.

712 979 806 1031 Ἐκ
830 977 1017 1031 τούτου
1041 977 1218 1029 τοίνυν
1251 974 1343 1027 τοῦ
1369 975 1534 1045 νόμου
1562 975 1652 1027 καὶ
1680 973 1774 1025 τοῦ
1805 972 1957 1034 ἔθους
1985 971 2200 1039 ἐγένετό

629 1077 711 1123 τις
769 1060 1027 1131 συνήθεια
1071 1057 1359 1129 θαυμαστή
1411 1057 1532 1109 τότε
1571 1057 1629 1108 ἐν
1685 1058 1802 1118 ταῖς
1850 1055 2195 1125 ἐκκλησίαις·

633 1142 904 1205 συνιόντες
936 1141 1045 1213 γὰρ
1073 1142 1122 1192 οἰ
1152 1139 1333 1192 πιστοί
1366 1138 1566 1200 πάντες
1618 1137 1755 1207 μετά
1783 1137 1881 1207 τὴν
1918 1136 2018 1205 τῆς
2059 1135 2201 1188 διδα-

633 1224 861 1287 σκαλίας
906 1224 1188 1295 ἀκρόασιν,
1236 1220 1373 1291 μετὰ
1418 1219 1515 1282 τὰς
1561 1218 1745 1288 εὐχὰς,
1796 1217 1932 1288 μετά
1965 1219 2063 1288 τὴν
2092 1217 2201 1271 τῶν

636 1306 950 1378 μυστηρίων
994 1303 1298 1369 κοινωνίαν,
1329 1302 1431 1372 τῆς
1481 1301 1751 1366 συνάξεως
1800 1299 2070 1369 λυθείσης,
2103 1298 2202 1351 οὐκ

635 1388 941 1460 ἀνεχώρουν
983 1388 1183 1449 εὐθέως
1225 1384 1429 1446 οἶκαδε,
1473 1383 1586 1436 ἀλλ’
1618 1385 1668 1434 οἱ
1700 1381 1943 1436 πλούσιοι
1975 1382 2068 1435 καὶ
2111 1382 2202 1433 εὐ-

634 1470 934 1542 πορώτεροι
985 1470 1241 1539 φέροντες
1271 1465 1480 1519 οἴκοθεν
1513 1463 1718 1533 τροφὰς
1760 1465 1855 1517 καὶ
1898 1463 2199 1533 ἐδέσματα,

636 1553 763 1615 τοὺς
793 1552 1031 1621 πένητας
1060 1549 1307 1611 ἐκάλουν,
1341 1548 1434 1599 καὶ
1472 1545 1655 1609 κοινάς
1688 1544 1962 1598 ἐποιοῦντο
1996 1543 2203 1615 τραπέ-

637 1635 756 1697 ζας,
791 1633 975 1697 κοινάς
1025 1633 1315 1693 ἑστιάσεις,
1346 1629 1500 1683 κοινά
1540 1628 1815 1697 συμπόσια
1860 1629 1918 1679 ἐν
1949 1627 2084 1696 αὑτῂ
2134 1627 2200 1695 τῇ

639 1717 936 1787 ἐκκλησίᾳ·
970 1714 1112 1767 ὥστε
1159 1715 1254 1767 καὶ
1305 1711 1413 1765 ἀπὸ
1461 1711 1559 1780 τῆς
1597 1710 1878 1772 κοινωνίας
1924 1708 2024 1779 τῆς
2062 1707 2201 1761 κατὰ

634 1800 735 1872 τὴν
762 1796 1063 1871 τράπεζαν,
1105 1794 1199 1849 καὶ
1237 1792 1346 1847 ἀπὸ
1376 1793 1475 1862 τῆς
1504 1790 1788 1854 εὐλαϐείας
1830 1791 1930 1860 τῆς
1960 1789 2068 1844 ἀπὸ
2108 1788 2201 1841 τοῦ

635 1883 824 1948 τόπου,
857 1882 950 1935 καὶ
981 1875 1315 1948 πανταχόθεν
1347 1875 1444 1946 τὴν
1478 1874 1696 1945 ἀγάπην
1732 1875 1913 1936 αὐτοῖς
1954 1872 2205 1940 ἐπισφίγ-

639 1965 850 2034 γεσθαι,
884 1963 977 2018 καὶ
1008 1959 1208 2031 πολλὴν
1238 1959 1333 2029 μὲν
1358 1957 1455 2028 τὴν
1477 1957 1688 2027 ἡδονὴν,
1721 1954 1920 2025 πολλὴν
1940 1954 1995 2007 δέ
2022 1956 2205 2016 αὑτοῖς

638 2047 881 2115 γίνεσθαι
918 2046 1014 2116 τὴν
1046 2042 1332 2111 ὠφέλειαν.
1364 2040 1432 2093 Οἵ
1462 2056 1520 2092 τε
1552 2040 1660 2109 γάρ
1691 2038 1921 2108 πένητες
1950 2051 2205 2107 παραμυ-

641 2129 762 2193 θίας
802 2127 1073 2182 ἀπέλαυον
1105 2124 1166 2177 οὑ
1201 2124 1299 2193 τῆς
1326 2120 1611 2192 τυχούσης,
1649 2121 1744 2174 καὶ
1772 2120 1822 2173 οἰ
1852 2118 2204 2180 πλουτοῦντες

638 2211 840 2283 πολλὴν
864 2209 1077 2264 εὔνοιαν
1104 2208 1197 2261 καὶ
1225 2205 1376 2277 παρά
1402 2203 1508 2259 τῶν
1536 2201 1901 2274 τρεφομένων,
1935 2200 2027 2253 καὶ
2054 2198 2204 2283 παρὰ

638 2294 733 2348 τοῦ
762 2280 919 2359 Θεοῦ,
949 2293 1015 2346 δι’
1043 2292 1102 2345 ὃν
1129 2290 1302 2344 ταῦτα
1346 2284 1578 2349 ἐποίουν,
1620 2283 2040 2354 καρπωσάμενοι
2072 2280 2203 2333 πολε·

639 2376 737 2447 λὴν
764 2377 864 2447 τὴν
899 2374 1078 2446 χάριν,
1106 2372 1276 2434 οὕτως
1308 2370 1555 2441 ἀπῄεσαν
1581 2366 1779 2419 οἴκαδε.
1807 2365 1916 2447 Κῄαὶ
1946 2362 2113 2447 μυρία
2140 2363 2204 2447 ἐκ

640 2443 735 2509 τοῦ
772 2443 1096 2528 πράγματος
1132 2453 1317 2507 τούτου
1369 2451 1576 2518 ἐγίνετο
1619 2448 1688 2500 τὰ
1733 2445 1938 2528 ἀγαθά,
1998 2445 2096 2528 καὶ.
2145 2443 2206 2528 τὸ

643 2523 859 2592 πάντων
899 2523 1216 2606 κεφάλαιον,
1242 2537 1275 2605 ὴ
1315 2533 1465 2602 φιλία
1498 2528 1804 2600 θερμοτέρα
1838 2523 1906 2598 ἦν
1935 2525 2054 2580 καθ’
2081 2525 2207 2578 ἐκά-

645 2636 775 2692 στην
800 2618 1038 2685 σύναξιν,
1070 2617 1205 2688 μετά
1234 2614 1499 2685 τοσαύτης
1525 2610 1921 2682 φιλοφροσύνης
1962 2608 2207 2692 ἀλλήλοις

645 2690 1035 2773 συνηνωμένων
1080 2698 1258 2753 αὑτῶν
1311 2693 1736 2766 εὐεργετούντων
1797 2708 1858 2745 τε
1901 2690 2080 2745 αὐτῶν
2112 2690 2208 2744 καὶ

643 2784 1131 2856 εὐεργετουμένων.
1160 2780 1330 2835 Τοῦτο
1354 2779 1531 2832 τοίνυν
1559 2777 1619 2829 τὸ
1651 2775 1771 2838 ἔθος
1790 2773 2084 2845 Κορίνθιοι,
2110 2772 2205 2826 τοῦ

644 2869 833 2939 χρόνον
898 2867 1215 2936 προίόντος,
1276 2861 1599 2931 διέφθειρον,
1652 2858 1746 2912 καὶ
1813 2856 1935 2910 καθ’
1983 2857 2207 2939 ἑαυτοὺς

643 2951 962 3020 ἐστιώμενοι
997 2948 1048 3001 οἰ
1071 2943 1435 3016 εὐπορώτεροι
1459 2944 1587 3005 τοὺς
1617 2942 1853 3012 πένητας
1882 2938 2205 3009 παρεώρων,

644 3034 740 3086 καὶ⁴
783 3034 887 3085 οὑκ
928 3030 1186 3102 ἀνέμενον
1225 3026 1608 3098 ὑστερίζοντας
1644 3024 1924 3087 πολλάκις,
1970 3023 2061 3076 καί
2105 3021 2208 3074 ὑπὸ

648 3115 913 3184 βιωτικῶν
957 3112 1180 3183 χρειῶν,
1206 3108 1294 3164 οἷα
1328 3110 1395 3162 τὰ
1430 3108 1538 3161 τῶν
1587 3109 1855 3176 πενήτων,
1906 3104 2206 3174 κατεχομέο

645 3198 770 3257 νους
830 3196 925 3248 καὶ
981 3192 1360 3266 βραδύνοντας.
1418 3191 1513 3242 Ἐκ
1566 3189 1624 3241 δὲ
1677 3188 1867 3240 τούτου
1928 3186 2208 3241 συνέϐαινε

649 3276 1122 3346 παραγενομένους
1148 3274 1342 3336 αὑτοὺς
1376 3270 1598 3342 ὕστερον
1632 3269 1767 3340 μετά
1794 3267 2053 3339 αἰσχύνης
2081 3269 2210 3321 ἀνα-

647 3362 863 3430 χωρεῖν,
889 3358 988 3427 τῆς
1013 3356 1291 3427 τραπέζης
1321 3352 1717 3423 ἀναιρεθείσης,
1756 3350 2063 3420 φθανόντων
2088 3349 2210 3404 τού-

645 3460 773 3507 των,
803 3440 1066 3496 κάκείνων
1095 3437 1499 3509 ὑστεριζόντων.
1537 3435 1706 3506 Ὀρῶν
1740 3435 1916 3489 τοίνυν
1949 3435 1976 3486 ὁ
2002 3433 2210 3498 Παῦλος

643 3528 710 3579 ἐκ
741 3523 835 3578 τοῦ
874 3524 1190 3594 πράγματος
1216 3518 1406 3572 τούτου
1444 3516 1615 3570 πολλὰ
1649 3517 1813 3580 κακά,
1842 3518 1913 3569 τὰ
1946 3516 2044 3586 μὲν
2076 3516 2211 3584 γινό-

650 3625 806 3678 μενα,
852 3606 922 3659 τά
964 3606 1020 3659 δὲ
1053 3603 1311 3675 μέλλοντα
1355 3601 1471 3670 (καὶ
1501 3601 1612 3671 γάρ
1664 3598 2062 3669 καταφρόνησις
2101 3598 2209 3651 τῶν

647 3690 798 3763 ξ245]
829 3690 1075 3761 πενήτων
1102 3688 1212 3749 τοῖς
1249 3683 1520 3746 πλουσίοις
1560 3682 1767 3751 ἐγίνετο
1812 3682 1905 3734 καὶ
1941 3681 2211 3751 ὑπεροψία

644 3773 862 3837 πλείων,
893 3771 987 3825 καὶ
1012 3771 1122 3831 τοῖς
1155 3767 1379 3838 πένησιν
1422 3764 1627 3835 ἀθυμία
1657 3764 1750 3816 καὶ
1779 3763 2040 3834 ἀπέχθεια
2074 3763 2211 3834 πρὸς

644 3858 770 3920 τοὺς
796 3852 1175 3918 πλουτοῦντας,
1206 3852 1300 3905 καὶ
1325 3849 1425 3902 ὅσα
1451 3846 1583 3900 ἄλλα
1611 3847 1755 3911 εἰκὸς
1782 3842 1849 3918 ἦν
1878 3848 1984 3900 ἀπὸ
2009 3846 2210 3901 τούτων

645 3939 900 4010 τεχθῆναι
923 3935 1030 3990 τῶν
1053 3933 1281 4002 κακῶν),
1303 3931 1602 4002 διορθοῦται
1625 3929 1723 4000 τὴν
1746 3928 1986 4002 πονηρὰν
2008 3931 2211 4001 ταύτην

647 4024 742 4077 καὶ
774 4020 976 4092 πικρὰν
1009 4016 1317 4086 συνήθειαν.
1357 4013 1466 4066 Καὶ
1503 4013 1601 4081 ὅρα
1637 4012 1755 4081 μεθ’
1783 4014 1912 4082 ὅσης
1947 4013 2210 4078 συνέσεως

646 4104 743 4159 καὶ⁹
786 4100 1084 4163 ἐπιεικείας
1133 4099 1214 4161 εἰς
1253 4095 1351 4164 τὴν
1388 4095 1668 4165 διόρθωσιν
1714 4094 1984 4150 ἐνέϐαλεν.
2026 4096 2214 4167 Ἀρχό-

649 4200 808 4256 μενος
841 4184 949 4252 γὰρ
971 4181 1112 4233 οὕτω
1137 4177 1295 4248 φησί·
1334 4176 1511 4229 Τοῦτο
1541 4177 1610 4228 δὲ
1641 4176 2072 4245 παραγγέλλων
2101 4181 2212 4232 οὐκ

645 4263 889 4326 ἐπαινῶ,
916 4264 1004 4317 ὅτι
1036 4264 1147 4316 οὐκ
1177 4263 1263 4326 εἰς
1297 4260 1363 4312 τὸ
1411 4258 1697 4328 κρεῖττον,
1728 4259 1864 4313 ἀλλ’
1892 4264 1978 4327 εἰς
2014 4261 2080 4313 τὸ
2112 4257 2211 4331 ἧτ-

645 4366 754 4405 την
780 4346 1169 4416 συνέρχεσθε.
1188 4343 1254 4397 Τί
1278 4343 1336 4397 δέ
1364 4343 1528 4407 ἐστιν,
1558 4345 1679 4396 Οὐκ
1705 4347 1793 4409 εις
1820 4344 1886 4397 τὸ
1916 4347 2181 4413 κρεῖττον
2191 4363 2211 4412 ;

646 4433 711 4487 Οί
745 4430 1014 4504 πρόγονοι,
1049 4427 1232 4498 φησὶν,
1264 4426 1313 4477 οἰ
1342 4423 1594 4495 ὑμέτεροι
1631 4426 1725 4479 καὶ
1753 4426 1803 4478 οἱ
1845 4429 2075 4501 πατέρες
2118 4433 2212 4485 καὶ

643 4517 744 4579 τὰς
772 4511 979 4587 ἑαυτῶν
1003 4509 1191 4573 οὐσίας
1222 4505 1464 4561 ἐπώλουν
1494 4508 1585 4559 καὶ
1612 4508 1680 4561 τὰ
1706 4510 1961 4581 κτήματα
1989 4515 2083 4567 καὶ
2113 4516 2211 4578 τὰς

645 4596 928 4668 ὑπάρξεις,
971 4592 1066 4646 καὶ
1097 4591 1250 4645 κοινά
1293 4591 1468 4643 πάντα
1510 4587 1673 4659 εἶχον,
1703 4591 1797 4644 καὶ
1834 4592 2030 4665 πολλὴν
2076 4597 2213 4667 πρὸς

643 4679 905 4751 ἀλλήλους
932 4675 1030 4746 τὴν
1070 4674 1316 4742 ἀγάπην·
1346 4673 1503 4743 ὑμεῖς
1543 4671 1599 4724 δὲ
1646 4673 1946 4742 ὀφείλοντες
1974 4678 2213 4743 ἐκείνους

644 4760 861 4833 ζηλοῦν,
886 4759 947 4812 οὑ
977 4757 1132 4828 μόνον
1156 4755 1306 4809 οὐδὲν
1330 4756 1618 4825 ἐποιήσατε
1655 4755 1912 4824 τοιοῦτον,
1957 4759 2093 4814 ἀλλά
2120 4765 2214 4814 καὶ

643 4848 782 4916 ὅπερ
801 4841 974 4913 είχετε
1000 4839 1177 4910 μόνον,
1201 4838 1295 4890 καὶ
1317 4836 1475 4889 τοῦτο
1488 4837 1825 4902 ἀπωλέσατε,
1845 4839 1914 4893 τὰ
1938 4844 2213 4913 συμπόσια

643 4929 714 4983 τά
754 4928 894 4981 κατὰ
939 4923 1155 4988 σύναξιν
1201 4921 1492 4990 γινόμενα·
1540 4920 1627 4974 διὰ
1677 4922 1832 4975 τοῦτό
1877 4940 2060 4995 φησιν,
2091 4928 2211 4983 Ὅτι

653 5015 755 5071 οὐκ
774 5013 859 5076 εἰς
881 5009 945 5062 τὸ
966 5005 1253 5075 κρεῖττον,
1272 5006 1392 5059 ἀλλ
1424 5007 1510 5072 εἰς
1528 5005 1594 5058 τὸ
1615 5000 1796 5075 ἧττον
1818 5009 2207 5079 συνέρχεσθε.

652 5101 757 5156 Καὶ
801 5095 998 5148 ἐκεῖνοι
1046 5092 1146 5162 μὲν
1195 5092 1289 5145 καὶ
1332 5091 1441 5144 τῶν
1487 5092 1777 5161 κτημάτων
1809 5093 2061 5149 ἁπάντων
2101 5100 2211 5161 τοῖς

657 5184 842 5252 πένησι
870 5176 1298 5248 παρεχώρησαν·
1329 5175 1484 5245 ὑμεῖς
1514 5174 1571 5226 δὲ
1603 5174 1881 5247 τραπέζης
1912 5179 2092 5243 αὐτοῖς
2125 5199 2211 5251 με.

642 5264 960 5326 ⁴ιιαδιδόντες,
1008 5259 1103 5314 καὶ
1138 5256 1340 5328 ταύτης
1381 5258 1806 5327 ἀπεστερήσατε.
1834 5259 2074 5327 Πρῶτον
2094 5263 2211 5331 μὲν

641 5351 777 5420 γὰρ,
821 5342 1277 5412 συνερχομένων
1308 5337 1473 5408 ὑμῶν
1513 5339 1583 5392 ἐν
1636 5342 1965 5409 ἐκκλησίᾳ,
2013 5346 2210 5400 ἀκούω

644 5433 950 5502 σχίσματα
967 5427 1037 5480 ἐν
1056 5423 1199 5494 ὑμῖν
1214 5420 1523 5491 ὑπάρχειν,
1539 5421 1637 5476 καὶ
1653 5421 1835 5491 μέρος
1855 5443 1909 5479 τι
1929 5430 2206 5484 πιστεύω.

712 5514 925 5582 δ’.”ορα
944 5510 1060 5573 πῶς
1085 5507 1247 5562 πάλιν
1274 5506 1504 5571 συνετῶς
1529 5510 1758 5562 ποιεῖται
1784 5510 1883 5577 τὴν
1903 5510 2204 5582 διόρθωσιν,

643 5597 758 5650 οὐκ
784 5591 961 5658 εἶπεν,
985 5593 1106 5649 οὒτε
1138 5591 1393 5655 Ἀπιστῶ,
1423 5589 1543 5645 οὔτε
1575 5591 1820 5647 Πιστεύω
1839 5611 1851 5624 ·
1882 5594 2015 5648 ἀλλά
2046 5597 2207 5666 μέσον

644 5678 821 5746 ἀφῆκε
846 5678 908 5730 τὸ
939 5676 1109 5746 ῥῆμα,
1140 5676 1222 5729 ὅτι
1254 5674 1441 5744 Μέρος
1474 5693 1526 5730 τι
1574 5678 1668 5732 καί
1703 5679 1989 5732 πιστεύω·
2022 5681 2081 5734 οὑ
2120 5699 2207 5735 πι-

1352 297 1411 355 S.
1463 296 1751 356 JOANNIS
1786 287 2278 354 CHRYSOSTOMI
2315 286 2634 346 ARCHIEP.
2676 283 3221 345 CONSTANTINOP.
3704 291 3789 350 255

2301 396 2473 479 στεύω
2513 395 2722 479 τέλεον,
2768 394 3030 479 ἀλλἈοὺδέ
3074 393 3291 479 ἀπιστῶ
3327 394 3524 479 τέλεον·
3562 399 3641 454 τοῦ
3678 402 3727 458 δὲ
3764 407 3791 479 η

2293 477 2471 542 τοῦτο,
2494 478 2528 549 ἢ
2554 479 2730 531 ἐκεῖνο
2759 476 3029 547 συμϐῆναι
3060 475 3331 539 παντελῶς
3357 478 3503 548 ὑμεῖς
3524 480 3695 552 κύριοι,
3716 475 3795 542 Ἂν

2301 560 2398 631 μὲν
2437 559 2546 632 γὰρ
2591 558 2975 631 διορθώσησθε,
3015 560 3079 612 οὑ
3125 558 3384 612 πιστεύω·
3418 560 3480 613 ἂν
3513 560 3564 614 δὲ
3594 566 3673 617 ἐπὶ
3709 568 3796 621 τῶν

2297 644 2475 698 αὑτῶν
2511 643 2749 715 μείνητε,
2780 641 3040 696 πιστεύω.
3070 640 3204 695 Οὔτε
3235 638 3324 696 οῦν
3369 644 3699 716 κατηγόρησε,
3722 652 3799 704 καὶ

2298 725 2694 797 κατηγόρησεν.
2740 725 2813 777 Οὐ
2865 723 3241 794 κατηγόρησεν
3285 724 3698 795 ἀπηρτισμένως,
3731 731 3801 784 ἵνα

2298 809 2478 871 αὑτοῖς
2518 807 2704 860 ἐλπίδα
2730 805 2806 877 δῷ
2838 805 3173 877 διορθώσεως
3205 807 3297 859 καὶ
3329 808 3638 878 προθεσμίαν
3670 828 3803 882 μετα.

2299 891 2445 954 νοίας
2463 906 2475 919 ·
2511 890 2612 944 οὑκ
2644 891 2854 961 ἀφῆκεν
2887 889 3268 961 ἀνεγκλήτους,
3297 890 3385 942 ἵνα
3419 892 3490 961 μὴ
3519 893 3601 944 ἐπὶ
3626 893 3709 962 τῆς
3733 898 3803 949 αὺ-

2298 976 2395 1043 τῆς
2423 973 2644 1043 μείνωσι
2671 972 2960 1044 ῥᾳθυμίας.
2981 971 3136 1025 Οὕτω
3159 972 3334 1026 τέλεον
3358 972 3645 1040 ἐπίστευσα,
3668 980 3801 1045 φησί·

2299 1056 2456 1108 τοῦτο
2488 1057 2597 1127 γάρ
2623 1058 2736 1109 ἐστι
2762 1055 2822 1108 τὸ
2850 1057 3045 1121 εἰπεῖν,
3072 1056 3266 1123 Μέρος
3296 1071 3351 1108 τι
3379 1058 3638 1112 πιστεύω.
3668 1059 3809 1115 Τοῦτο

2300 1139 2357 1192 δὲ
2390 1139 2542 1208 ἔλεγε
2576 1138 2899 1210 προτρέπων
2932 1138 3325 1208 μεταϐαλέσθαι
3354 1138 3444 1191 καὶ
3470 1135 3806 1210 διορθώσασθαι

2301 1222 2393 1274 καὶ
2422 1223 2721 1290 ἀπαγαγεῖν
2757 1221 2916 1274 αὑτὸν
2954 1220 3045 1274 τοῦ
3091 1220 3195 1274 κᾶν
3229 1220 3292 1272 ἐκ
3331 1220 3521 1290 μέρους
3568 1222 3807 1278 πιστεῦσαί

2300 1320 2353 1355 τι
2379 1305 2499 1356 κατ’
2523 1302 2702 1356 αὐτῶν
2732 1301 2988 1356 τοιοῦτον.
3018 1301 3119 1355 Δεῖ
3139 1301 3247 1372 γὰρ
3277 1302 3373 1355 καί
3402 1303 3641 1369 αἱρέσεις
3664 1301 3809 1372 εἶναι,

2302 1383 2402 1437 ἵνα
2426 1387 2478 1437 οἰ
2508 1382 2736 1452 δόκιμοι
2786 1382 3033 1453 φανεροὶ
3080 1381 3365 1453 γένωνται
3394 1384 3462 1437 ἐν
3510 1384 3653 1452 ὑμῖν.
3699 1384 3809 1441 Είπι

2302 1463 2394 1518 οὖν
2438 1465 2537 1528 τὰς
2568 1466 2827 1537 αἱρέσεις.
2869 1463 3130 1517 Ἐνταῦθα
3170 1466 3488 1535 προσέχετε,
3515 1466 3588 1519 ὅτι
3617 1468 3670 1520 οὑ
3709 1471 3813 1539 πρὶ

2302 1547 2585 1618 δογμάτων
2613 1547 2725 1599 ἐστὶ
2757 1547 2835 1613 τὸ,
2863 1545 2965 1598 Δεῖ
2985 1546 3241 1615 αἱρέσεις
3267 1546 3338 1600 ἐν
3364 1546 3500 1616 ὑμῖν
3523 1544 3682 1601 εἶναι·
3707 1551 3814 1606 ἀλλὰ

2303 1629 2433 1698 περὶ
2468 1629 2567 1697 τῆς
2612 1627 2875 1698 διχονοίας
2914 1628 3009 1699 τὴς
3041 1629 3184 1681 κατά
3221 1628 3322 1692 τὰς
3361 1629 3637 1699 τραπέζας.
3665 1631 3814 1687 Εἰπὼν

2302 1712 2431 1780 γὰρ,
2463 1711 2562 1764 Δεῖ
2595 1710 2663 1763 δὲ
2691 1711 2788 1764 καὶ
2840 1711 3097 1779 αἱρέσεις
3127 1705 3301 1777 εἶναι,
3351 1713 3585 1781 ἐπήγαγε
3625 1714 3706 1767 καὶ
3741 1714 3816 1769 τὸν

2303 1793 2503 1863 τρόπον
2553 1792 2661 1846 τῶν
2706 1793 2993 1866 αἱρέσεων·
3030 1792 3487 1862 Συνερχομένων
3535 1794 3636 1863 γὰρ
3684 1795 3817 1864 ὑμῶν

2303 1875 2403 1927 ἐπὶ
2435 1874 2501 1927 τὸ
2534 1875 2701 1941 αὐτὸ,
2743 1877 2854 1928 οὐκ
2890 1876 3020 1928 ἐστι
3056 1873 3343 1943 κυριακὸν
3369 1872 3604 1928 δεῖπνον
3623 1875 3814 1944 φαγεῖν.

2302 1957 2371 2009 Τί
2405 1961 2551 2022 ἐστι,
2605 1958 2900 2026 Κιιριακόν
2950 1956 3195 2011 δεῖπνον
3246 1957 3491 2027 φαγεῖν;
3544 1958 3819 2011 Δεσποτικδν

2302 2038 2534 2102 δεῖπνον,
2564 2040 2744 2110 φησιν,
2771 2040 2871 2091 οὑκ
2892 2038 3006 2091 ἐστι
3037 2040 3228 2108 φαγεῖν
3247 2056 3262 2067 ·
3290 2041 3461 2092 ἐκεῖνο
3483 2038 3641 2107 λέγων
3663 2040 3715 2092 τὸ
3737 2040 3820 2092 δεῖν

2306 2138 2457 2188 πνον,
2486 2121 2513 2173 δ
2538 2124 2604 2191 τῇ
2649 2122 2849 2193 ἐσχάτῃ
2900 2122 3055 2174 νυκτὶ
3097 2121 3411 2194 παρέδωκεν
3436 2124 3463 2176 ό
3498 2122 3726 2192 Χριστὸς,
3750 2122 3819 2175 ὅτε

2305 2204 2355 2255 οἰ
2391 2202 2627 2273 μαθηταὶ
2659 2204 2774 2273 μετ’
2796 2203 2959 2255 αὑτοῦ
3003 2203 3202 2267 πάντες
3230 2199 3393 2274 ἦσαν.
3433 2204 3516 2256 Ἐν
3541 2203 3711 2274 ἐκείνῳ
3734 2203 3821 2274 γὰρ

2304 2283 2381 2355 τῷ
2430 2284 2628 2355 δείπνῳ
2672 2285 2765 2337 καὶ
2808 2284 3082 2354 Δεσπότης
3125 2285 3216 2338 καὶ
3266 2286 3439 2339 δοῦλοι
3489 2287 3671 2348 πάντες
3712 2284 3822 2355 ὁμοῦ

2306 2368 2653 2421 κατέκειντο·
2686 2368 2841 2436 ὑμεῖς
2874 2367 2932 2420 δὲ
2986 2368 3256 2421 σύνδουλοι
3300 2368 3450 2432 ὄντες
3487 2368 3721 2439 ἀλλήλους
3757 2367 3822 2421 δι-

2306 2451 2570 2521 εστήσατε
2602 2450 2692 2502 καὶ
2716 2449 3063 2518 ἀπεσχίσατε.
3089 2448 3346 2515 Κάκεῖνος
3375 2452 3469 2522 μὲν
3487 2451 3598 2504 οὑδὲ
3623 2451 3700 2503 τὸν
3724 2467 3826 2521 προ·

2304 2533 2463 2604 δότην
2504 2532 2774 2604 ἀπήλασε·
2821 2531 2914 2585 καὶ
2960 2533 3067 2603 γὰρ
3108 2535 3136 2585 ὁ
3175 2533 3376 2596 Ἰούδας
3424 2536 3537 2605 μετ’
3580 2533 3735 2586 αὐτῶν
3770 2529 3826 2604 ἦν

2304 2616 2424 2668 τότε
2447 2633 2460 2645 ·
2499 2616 2563 2668 σὺ
2608 2615 2665 2668 δέ
2709 2614 2801 2667 τὸν
2851 2613 3075 2683 ἀδελφὺν
3122 2613 3407 2687 διακρούῃ.
3451 2615 3546 2668 Διά
3581 2615 3717 2668 τοῦτό
3745 2632 3829 2686 φη-

2308 2713 2412 2759 σιν,
2440 2699 2562 2751 Οὐκ
2586 2697 2715 2751 ἔστι
2746 2695 3033 2764 κυριακὸν
3052 2696 3303 2751 δεῖπνον
3332 2696 3556 2768 φαγεῖν,
3586 2698 3829 2765 κυριακὸν

2306 2778 2550 2833 δεῖπνον
2597 2778 2793 2840 καλῶν,
2823 2780 2881 2831 τὸ
2917 2779 3034 2849 μεθ’
3060 2780 3332 2851 ὁμονοίας,
3361 2781 3420 2833 τὸ
3464 2783 3607 2851 κοινῇ
3647 2779 3831 2833 πάντων

2308 2862 2782 2932 συγκεκλημένων.
2819 2861 3110 2927 Ἕκαστος
3164 2861 3276 2931 γὰρ
3320 2863 3387 2915 τὸ
3433 2862 3581 2916 ἴδιον
3623 2861 3831 2915 δεῖπνον

2307 2944 2707 3015 προλαμϐάνει
2737 2944 2977 3014 φαγεῖν·
3010 2946 3109 2998 καὶ
3138 2944 3206 3010 ὃς
3226 2944 3350 3015 μὲν
3379 2943 3568 3011 πεινᾷ,
3594 2945 3657 3010 ὃς
3677 2944 3736 2997 δὲ
3747 2960 3831 3012 με·

2308 3031 2453 3083 θύει.
2469 3026 2619 3100 [⁵246]
2652 3028 2760 3081 Καὶ
2779 3029 2879 3080 οὐκ
2901 3027 3071 3091 εἰπεν,
3094 3028 3190 3088 Ὃς
3208 3025 3311 3095 μὲν
3329 3027 3504 3097 πεινᾷ,
3520 3026 3576 3091 ὃς
3603 3026 3652 3079 δὲ
3671 3024 3830 3088 ἐσθίει,

2307 3112 2442 3165 ἀλλὰ
2467 3111 2543 3182 τῷ
2573 3111 2670 3180 τῆς
2704 3109 2870 3181 μέθης
2891 3109 3112 3180 ὀνόματι
3144 3110 3349 3180 μᾶλλον
3375 3109 3550 3163 αὐτῶν
3569 3107 3828 3178 καθήψατο.

2307 3197 2485 3250 Κάκεῖ
2510 3195 2602 3249 καὶ
2644 3193 2876 3246 ἐνταῦθα
2908 3193 3162 3263 ἀμετρία,
3196 3195 3353 3264 φησι.
3382 3195 3454 3247 Σὺ
3508 3192 3599 3264 μὲν
3622 3191 3717 3244 ὑπὸ
3752 3189 3832 3261 τῆς

2307 3277 2614 3348 ἀδηφαγίας
2662 3276 3074 3347 διαρρήγνυσαι,
3112 3276 3323 3338 ἐκεῖνος
3360 3276 3417 3328 δέ
3449 3276 3549 3330 ὑπὸ
3587 3275 3671 3329 τοῦ
3700 3272 3831 3343 λιμοῦ

2306 3363 2561 3433 τήκεται·
2590 3362 2654 3413 σὺ
2684 3362 2778 3412 καὶ
2804 3359 2910 3412 τῶν
2937 3358 3076 3430 ὑπὲρ
3105 3359 3204 3428 τὴν
3231 3359 3423 3431 χρείαν
3454 3360 3699 3429 μετέχεις,
3718 3357 3834 3409 ἐκεῖ·

2308 3460 2398 3508 νος
2435 3443 2493 3496 δέ
2538 3442 2659 3495 οὐδὲ
2702 3441 2810 3495 τῶν
2860 3441 3169 3509 ἀναγκαίων
3215 3442 3512 3496 ἀπέλαυσε.
3544 3440 3750 3494 Διπλοῡν
3786 3437 3836 3489 τὺ

2308 3525 2497 3592 δεινὸν,
2536 3526 2636 3595 τῆς
2679 3525 2921 3595 ἰσότητος
2963 3524 3394 3595 διαφθαρείσης,
3438 3523 3589 3576 τοῦτο
3633 3522 3833 3593 αἱρέσεις

2309 3610 2493 3663 καλεῖ·
2541 3608 2727 3678 ἐπειδὴ
2773 3606 3089 3676 φιλονείκως
3130 3607 3271 3678 πρὸς
3318 3606 3577 3679 ἀλλήλους
3616 3605 3836 3659 διέκειντο

2309 3693 2405 3746 καί
2446 3689 2839 3752 διεστασίαζον,
2883 3691 2977 3742 καὶ
3017 3688 3075 3752 δς
3115 3689 3213 3760 μὲν
3250 3690 3462 3756 ἐπείνα,
3492 3690 3548 3753 ὃς
3571 3690 3623 3742 δὲ
3650 3688 3832 3758 ἐμέθυε.

2310 3776 2419 3829 Καὶ
2447 3773 2627 3836 καλῶς
2649 3771 2787 3837 εἶπε,
2813 3770 3280 3840 Συνερχομένων
3307 3771 3476 3843 ὑμῶν
3494 3773 3587 3828 ἐπὶ
3611 3770 3672 3825 τὸ
3695 3767 3834 3824 αὑτό.

2311 3859 2466 3921 Τίνος
2496 3857 2604 3927 γάρ
2633 3855 2814 3908 ἕνεκεν
2862 3854 3221 3925 συνέρχεσθε;
3274 3856 3439 3925 φησί·
3475 3857 3525 3908 τί
3556 3853 3771 3925 βούλεται
3805 3853 3833 3918 ή

2312 3941 2555 4005 σύνοδος
2585 3941 2729 4002 τίνος
2768 3936 2952 3991 ἐνεκεν
2992 3939 3020 4008 ή
3052 3938 3281 4009 συλλογὴ
3323 3938 3499 4009 κοινὴ,
3530 3940 3647 3991 ὅταν
3674 3937 3706 4007 ή
3730 3931 3837 4005 τρά-

2312 4024 2453 4088 πεζα
2482 4023 2556 4095 μὴ
2578 4022 2784 4091 γίνεται
2810 4021 2992 4090 κοινή;
3017 4021 3330 4074 Δεσποτικά
3358 4024 3474 4075 ἐστι
3502 4021 3571 4075 τὰ
3602 4022 3839 4092 χρήματα,

2312 4108 2455 4177 ἅπερ
2495 4104 2789 4175 ἐλάϐομεν·
2820 4102 2976 4156 κοινά
3021 4103 3338 4173 προκείσθω
3385 4104 3560 4158 τοίνυν
3592 4106 3693 4166 τοῖς
3732 4115 3835 4154 συν-

2310 4188 2514 4250 δούλοις
2540 4189 2650 4249 τοῖς
2678 4185 2983 4255 ἡμετέροις.
3005 4185 3100 4253 Μὴ
3132 4184 3242 4254 γὰρ
3268 4187 3471 4254 οἰκίας
3486 4188 3594 4240 οὐκ
3611 4184 3755 4254 ἔχετε
3769 4183 3836 4245 είς

2311 4271 2379 4325 τὸ
2402 4271 2644 4333 ἐσθίειν,
2668 4269 2765 4322 καί
2790 4270 3021 4330 πίνειν-ς
3046 4268 3084 4337 ἢ
3112 4268 3219 4338 τῆς
3244 4270 3580 4339 ἐκκλησίας
3603 4269 3696 4323 τοῦ
3718 4264 3835 4321 Θεοῦ

2311 4353 2750 4422 καταφρονεῖτε,
2782 4352 2944 4423 φησὶ,
2985 4352 3082 4405 καί
3134 4355 3573 4423 καταισχύνετε
3615 4352 3737 4417 τοὺς
3766 4345 3833 4417 μὴ

2312 4436 2597 4505 Exortum
2630 4435 2701 4488 Σὺ
2740 4436 2837 4506 μὲν
2875 4435 3134 4504 νομίζεις,
3165 4436 3327 4506 φησι,
3359 4437 3450 4490 τὸν
3481 4436 3690 4504 ἀδελφὸν
3716 4432 3834 4501 ὑϐρί-

2313 4517 2424 4583 ζειν
2477 4518 2656 4589 μόνον,
2698 4517 2942 4571 κοινωνεῖ
2983 4516 3042 4570 δὲ
3093 4518 3188 4570 καὶ
3224 4519 3254 4570 ό
3305 4519 3473 4582 τόπος
3508 4519 3603 4590 τῆς
3645 4516 3829 4589 ὕϐρεως.

2324 4600 2646 4670 Ἐκκλησίας
2686 4598 2794 4671 γὰρ
2832 4598 3127 4669 ὁλοκλήρου
3173 4607 3558 4675 καταφρονεῖς.
3595 4597 3830 4668 Ἐκκλησία

2310 4685 2421 4756 γὰρ
2450 4685 2540 4738 διὰ
2572 4684 2729 4738 τοῦτο
2762 4684 3000 4752 λέγεται,
3043 4685 3125 4736 ὅτι
3167 4689 3322 4757 κοινῇ
3378 4687 3584 4749 πάντας
3625 4681 3826 4749 ὑποδέχε-

2310 4787 2419 4824 ται.
2445 4769 2510 4822 Τί
2550 4769 2725 4822 τοίνυν
2751 4768 2849 4838 τῆς
2889 4766 3064 4830 οἰκίας
3093 4783 3185 4820 σου
3216 4768 3316 4839 τὴν
3364 4771 3632 4823 εὐτέλειαν
3656 4770 3725 4829 εἰς
3760 4763 3832 4832 τὴν

2311 4852 2603 4923 ἐκκλησίαν
2649 4852 2920 4920 εἰσάγεις;
2962 4853 3024 4904 Εἰ
3061 4850 3167 4921 γὰρ
3200 4857 3561 4924 καταφρονεῖς
3590 4852 3676 4907 τοῦ
3714 4847 3835 4903 ἀδελ-

2313 4936 2435 5006 φοῦ,
2463 4935 2737 5006 αἰδέσθητι
2767 4934 2856 4988 τὸν
2891 4934 3052 4986 τόπον
3071 4951 3084 4964 ·
3114 4935 3207 4986 καὶ
3234 4936 3345 5006 γάρ
3375 4940 3410 5007 ή
3442 4936 3695 5007 ἐκκλησία
3717 4928 3836 5004 ὑϐρί-

2312 5021 2480 5085 ζεται.
2530 5019 2639 5071 Καὶ
2683 5017 2782 5071 οὐκ
2826 5012 2996 5081 εἶπεν,
3037 5017 3415 5087 Ἀποστερεῖτε
3447 5022 3572 5082 τοὺς
3609 5018 3677 5087 μὴ
3716 5016 3837 5086 έχον-

2309 5119 2444 5165 τας,
2489 5100 2560 5171 ἢ,
2601 5100 2713 5153 Οὐκ
2759 5099 2954 5151 ἐλεεῖτε
3002 5101 3127 5162 τοὺς
3179 5101 3255 5169 μὴ
3307 5100 3568 5171 ἔχοντας,
3596 5100 3721 5152 ἀλλά
3761 5096 3837 5155 τίς

2311 5185 2750 5252 Καταισχύνετε
2782 5182 2922 5248 τοὺς
2943 5181 3029 5250 μὴ
3066 5184 3341 5252 ἔχοντας.
3379 5180 3843 5255 Ἐντρεπτικάπατα

2308 5269 2406 5339 τὴν
2437 5267 2674 5322 ἀσωτίαν
2705 5265 2885 5320 αὑτῶν
2922 5265 3317 5337 ἐτραγῲδησεν.
3365 5269 3441 5321 Οὑ
3480 5269 3586 5338 γὰρ
3610 5265 3739 5319 οὑτω
3760 5261 3858 5332 μέσ,

2309 5352 2389 5404 λει
2410 5351 2488 5422 τῷ
2514 5350 2724 5419 πένητι,
2757 5349 2940 5419 φησὶν,
2971 5348 3110 5418 ὑπὲρ
3140 5350 3238 5418 τῆς
3267 5350 3500 5420 τροφῆς,
3528 5350 3601 5414 ὡς
3628 5343 3844 5417 ὑπὲρτῆς

2310 5436 2537 5508 ὕϐρεως.
2564 5435 2705 5504 Ὅρα
2758 5432 2874 5495 πῶς
2908 5433 2999 5485 καὶ
3032 5433 3170 5504 ὑπὲρ
3212 5432 3404 5486 τούτου
3440 5435 3647 5505 σεμνῶς
3676 5428 3843 5485 ἀπελοο

2309 5521 2536 5589 γήσατο,
2569 5515 2833 5570 κάκείνων
2878 5514 3231 5586 σφοδρότερον
3271 5515 3579 5586 καθήψατο.
3637 5515 3693 5571 Τί
3726 5509 3847 5581 ὑμῖν·

2307 5604 2482 5665 alam;
2510 5601 2808 5654 ἐπαινέσω
2842 5599 3022 5669 ὑμᾶς
3072 5600 3173 5654 Ἐν
3197 5600 3386 5664 τούτῳ
3414 5604 3529 5656 οὐκ
3554 5598 3774 5654 ἐπαινῶ.
3792 5593 3847 5648 τί

2310 5686 2497 5750 τοῦτο;
2544 5682 2696 5739 Μετά
2730 5682 2826 5753 τὴν
2853 5683 3123 5749 ἀπόδειξιν
3150 5685 3247 5754 τῆς
3289 5683 3525 5748 ἀτοπίας
3553 5684 3794 5754 ὑφειμένη
3817 5682 3845 5745 ἡ
