4058 6258
375 220 478 274 9.37

378 332 541 386 cedit.
596 331 786 388 Otunia
829 330 988 402 igitur
1033 331 1122 384 illo
1163 331 1552 398 praemittuntur
1578 373 1593 398 ,
1645 333 1732 387 ubi
1768 341 1824 387 et
1867 346 1966 388 nos

377 423 636 492 deinceps
665 436 879 492 semper
900 421 1156 476 versaturi
1186 436 1388 476 sumus.
1421 421 1546 477 Haec
1589 438 1771 478 secum
1805 438 1967 493 repu-

380 523 558 568 tantes
585 513 710 582 ipsi,
725 527 937 568 omnem
963 511 1314 566 substantiam
1332 513 1705 582 deponebant;
1746 513 1968 584 duplex-

381 618 486 672 que
537 602 773 657 ofﬁcium
818 601 1208 674 prmstabatur:
1245 618 1366 656 nam
1407 613 1462 658 et
1503 619 1792 675 egenorum
1837 621 1969 675 pau-

381 702 644 762 pertatem
689 692 1060 757 sublevabant,
1091 704 1146 748 et
1185 695 1497 763 ampliorem
1541 696 1972 766 securioremque

378 785 484 838 sibi
514 785 864 839 substantiam
885 785 1170 857 parabant;
1195 785 1249 839 in
1270 786 1400 842 cado
1423 785 1702 842 thesauros
1723 801 1848 841 suos
1873 786 1972 841 de-

383 884 669 943 ptmentcs.

461 967 654 1021 Prisca:
699 983 806 1022 mos
853 966 1092 1023 Ecclesia:
1129 970 1265 1022 circa
1301 985 1526 1023 mensam
1566 986 1973 1026 communem.—

379 1060 466 1114 ΔΙ)
491 1060 591 1113 hac
611 1060 726 1130 lege
755 1070 809 1115 et
835 1061 1222 1116 consuetudine
1249 1076 1363 1117 mos
1384 1062 1603 1132 quidam
1633 1063 1894 1119 mirabilis
1919 1065 1970 1118 in

382 1151 684 1207 Ecclesium
723 1160 850 1206 tunc
892 1151 1136 1207 inductus
1175 1162 1257 1208 est
1288 1169 1301 1208 :
1330 1155 1500 1210 coacti
1543 1170 1771 1226 namque
1813 1156 1973 1211 simul

382 1243 572 1299 ﬁdeles
613 1257 802 1299 omnes
832 1253 951 1313 post
991 1244 1225 1299 auditam
1260 1245 1554 1301 doctrinam
1584 1287 1600 1312 ,
1632 1247 1972 1316 postoratio-

383 1349 506 1401 nes,
553 1345 673 1405 post
717 1335 1094 1407 mysteriorum
1124 1338 1602 1408 participationem,
1635 1339 1808 1394 soluta
1847 1353 1974 1410 syn-

384 1429 512 1494 axi,
559 1442 670 1482 non
715 1429 893 1483 statim
935 1427 1150 1484 domum
1206 1429 1572 1485 concedebant
1625 1447 1640 1484 :
1694 1431 1788 1485 sed
1830 1431 1970 1486 divi-

387 1527 472 1574 tes
498 1527 555 1574 et
573 1519 958 1588 opulentiores,
977 1520 1229 1574 alimenta
1251 1529 1305 1575 et
1327 1520 1521 1576 fercula
1539 1521 1829 1576 edomibus
1863 1523 1974 1577 suis

385 1607 690 1674 aﬂ'ereutes,
726 1624 987 1680 pauperes
1015 1610 1374 1678 advocabant;
1420 1613 1797 1682 communique
1815 1615 1973 1668 simul

389 1715 573 1754 mensa
603 1699 934 1768 fruebantur,
951 1701 1323 1756 communibus
1352 1702 1522 1772 epulis
1538 1712 1696 1772 atque
1715 1704 1974 1758 conviviis

385 1792 444 1845 in
487 1793 600 1861 ipsa
644 1793 904 1859 ecclesia;
932 1792 1000 1846 ita
1044 1801 1101 1847 ut
1142 1802 1243 1848 eta
1273 1795 1544 1849 consortio
1581 1809 1816 1859 mensm,
1861 1807 1914 1851 et
1944 1811 1974 1851 a

389 1881 491 1936 loci
515 1883 833 1947 reverentia,
878 1881 1226 1952 undequaque
1263 1884 1457 1939 caritas
1499 1885 1969 1956 eoustringerctur,

387 1988 511 2027 cum
539 1975 702 2030 multa
733 1976 1000 2046 voluptate
1027 1958 1183 2031 simul
1220 1985 1380 2046 atque
1417 1976 1660 2033 utilitate.
1707 1979 1975 2049 Pauperes

388 2062 532 2118 enim
559 2065 925 2120 consolatione
945 2081 1051 2120 non
1080 2081 1260 2137 parva,
1290 2067 1481 2123 divites
1505 2083 1634 2123 vero
1655 2068 1977 2125 benevolen-

389 2155 460 2207 tia
484 2155 812 2218 fruebantur,
844 2165 956 2211 tum
982 2171 1170 2211 eorum
1197 2173 1331 2228 quos
1373 2158 1680 2227 pascebant,
1708 2167 1818 2214 tum
1852 2160 1972 2224 Dei,

389 2250 545 2315 cujus
569 2261 728 2301 causa
758 2246 860 2302 hoc
885 2246 1149 2303 faciebant
1177 2265 1192 2302 :
1219 2249 1404 2318 sicque
1432 2264 1676 2320 magnam
1704 2251 1976 2320 assequuti

387 2336 635 2405 gratiam,
662 2336 878 2391 domum
922 2338 1260 2394 accedebant.
1303 2339 1584 2396 Innumera
1618 2341 1743 2396 hinc
1781 2357 1976 2412 seque-

390 2427 588 2483 bantur
617 2430 794 2483 bona:
824 2429 1075 2501 quodque
1099 2441 1258 2501 caput
1283 2432 1540 2488 bonorum
1587 2441 1691 2502 εει,
1735 2449 1834 2504 per
1871 2436 1978 2490 siu-

388 2518 544 2588 gulas
573 2533 808 2590 synaxm
837 2535 988 2576 amor
1031 2523 1200 2594 magis
1242 2526 1516 2594 magisque
1562 2526 1974 2594 accendebatur,

390 2626 516 2666 cum
543 2621 597 2667 et
625 2611 659 2666 ii
687 2614 778 2682 qui
808 2612 1064 2669 beneﬁcia
1102 2615 1468 2685 conferebant,
1495 2627 1548 2672 et
1571 2619 1608 2672 ii
1629 2619 1721 2688 qui
1751 2619 1978 2688 accipie-

390 2704 543 2771 bant,
574 2712 718 2760 tanta
746 2721 869 2761 cum
910 2707 1280 2762 benevolentia
1327 2709 1734 2764 contubernales
1777 2720 1976 2766 essent.

392 2798 548 2853 lianc
566 2813 772 2854 morem
794 2798 1051 2855 Corinthii
1099 2817 1352 2871 processu
1388 2805 1646 2873 temporis
1691 2805 1978 2862 labefacta-

391 2899 556 2956 ruut,
600 2906 721 2946 eum
769 2893 1135 2961 opulentiores
1177 2897 1399 2949 seorsim
1443 2895 1621 2949 cibum
1663 2907 1934 2952 sumentes
1963 2939 1977 2963 ,

391 2995 593 3050 egenos
631 2981 991 3051 despicerent,
1020 2997 1122 3037 nec
1167 2993 1541 3053 exspectarent
1583 2986 1784 3041 tardius
1821 3001 1983 3062 acce-

392 3074 606 3139 dentes,
632 3084 686 3130 et
711 3075 1118 3130 necessitatibus
1159 3077 1281 3131 vita:
1323 3077 1588 3142 detentos,
1623 3087 1678 3132 ut
1720 3094 1984 3150 {nuperos

395 3166 592 3228 solent,
621 3174 781 3234 atque
809 3181 988 3221 moras
1013 3169 1304 3222 trahentes.
1328 3168 1481 3224 Unde
1503 3172 1845 3240 contingebat
1859 3188 1980 3240 eos,

395 3256 614 3313 demum
643 3257 1006 3325 advenientes,
1030 3273 1150 3313 eum
1178 3259 1379 3324 pudore
1403 3259 1511 3328 jam
1539 3262 1745 3316 sublata
1792 3279 1975 3319 mensa

397 3348 673 3415 recedere;
703 3347 808 3402 illis
838 3350 1451 3419 praeoccupanti~bus,his
1479 3367 1607 3407 vero
1633 3355 1980 3410 tardantibus.

398 3438 599 3492 Videas
619 3439 796 3508 itaque
827 3440 1019 3494 Paulus
1045 3440 1169 3495 inde
1195 3442 1361 3495 multa
1408 3445 1640 3497 suboriri
1679 3444 1838 3511 mala,
1871 3455 1980 3500 tum

399 3547 520 3601 qua:
535 3533 644 3610 jam
665 3532 983 3597 acciderant,
1015 3542 1125 3588 tum
1147 3550 1265 3605 quae
1279 3535 1449 3590 futura
1472 3538 1781 3610 crant(nam
1808 3555 1836 3592 a
1853 3540 1986 3596 divi-

401 3625 543 3678 tibus
568 3641 826 3694 pauperes
845 3628 1341 3694 contenmebantur,
1361 3644 1422 3683 ac
1437 3631 1666 3700 superbe
1687 3633 1987 3686 tractaban-

403 3725 511 3782 tur,
538 3715 768 3785 hiucque
801 3719 1119 3784 pauperibus
1154 3734 1352 3775 maeror
1381 3720 1669 3791 odiumque
1691 3723 1742 3776 in
1770 3723 1983 3792 divites,

401 3805 610 3874 aliaque
626 3804 980 3862 succedebant
1003 3808 1142 3862 mala
1161 3824 1230 3864 ex
1254 3810 1553 3880 huiusmodi
1576 3814 1734 3868 rebus
1751 3815 1879 3868 oriri
1897 3829 1986 3870 so-

403 3896 542 3968 lita),
561 3897 697 3951 hanc
738 3912 952 3967 pravam
981 3901 1333 3970 acerbamque
1364 3904 1801 3960 consuetudinem
1829 3907 1988 3961 corri-

401 3989 499 4058 git.
538 3985 602 4041 Et
623 3988 742 4043 vide
762 4005 881 4044 cum
901 4003 1098 4059 quanta
1123 3994 1398 4061 prudentia
1418 4003 1473 4049 et
1492 3997 1860 4054 moderatione
1873 4013 1990 4054 cor-

405 4079 697 4134 rectionem
717 4082 1071 4150 aggrediatur.
1093 4082 1355 4154 Incipiens
1371 4086 1511 4140 enim
1535 4089 1611 4143 sic
1631 4088 1736 4142 ait:
1757 4088 1871 4144 Hoc
1895 4107 1989 4145 au-

405 4180 507 4225 tem
534 4174 848 4244 prtecipiens,
875 4191 976 4229 non
1006 4176 1181 4242 laudo,
1207 4179 1342 4246 quod
1367 4195 1466 4234 non
1494 4180 1548 4234 in
1581 4183 1779 4248 melius,
1806 4184 1894 4237 sed
1933 4185 1989 4238 in

381 4315 383 4318 .
405 4264 626 4319 deterius
644 4267 999 4338 concenitisﬂ.
1025 4268 1141 4322 Cor.
1166 4270 1252 4323 Η.
1285 4271 1398 4339 I7).
1417 4271 1549 4339 Quid
1571 4273 1669 4328 sibi
1699 4274 1810 4328 Vult
1839 4275 2000 4340 illud,

410 4352 533 4407 Non
567 4355 620 4408 in
666 4356 884 4411 melius?
915 4357 1162 4427 Maiores,
1187 4360 1430 4430 inquitet
1450 4372 1630 4432 patres
1663 4369 1823 4420 vestri
1861 4366 1989 4421 sub-

408 4444 630 4499 stantias
658 4460 780 4500 suas
812 4446 1111 4502 vendebant
1129 4458 1182 4504 et
1206 4449 1402 4518 praedia
1423 4461 1478 4507 et
1495 4456 1881 4524 possessiones,
1907 4467 1988 4512 at-

407 4548 514 4604 que
531 4536 708 4590 omnia
731 4537 1332 4609 habebantcommunia,
1356 4543 1685 4615 multamque
1706 4556 1891 4602 mutuo
1911 4563 1993 4602 ca-

405 4629 617 4684 ritatem
642 4645 655 4680 :
681 4644 776 4685 vos
805 4639 1005 4696 autem,
1037 4647 1169 4702 quos
1201 4649 1296 4703 par
1316 4644 1460 4690 esset
1489 4636 1610 4691 illos
1641 4639 1854 4705 imitari,
1887 4655 1990 4696 non

408 4718 570 4772 modo
592 4717 720 4773 nihil
740 4721 912 4776 simile
929 4720 1146 4789 fecistis,
1165 4724 1258 4779 sed
1277 4725 1434 4780 etiam
1454 4727 1526 4792 id,
1555 4729 1695 4796 quod
1717 4731 1889 4784 solum
1910 4731 1996 4784 ha-

407 4808 614 4863 bebatis
635 4810 921 4878 amisistis;
942 4826 1136 4882 nempe
1154 4815 1394 4869 convivia
1439 4816 1490 4869 in
1508 4818 1746 4873 collectis
1765 4819 1874 4874 fieri
1901 4836 1991 4876 so-

411 4899 521 4951 lita.
545 4899 772 4970 Ideoque
795 4901 896 4956 ait:
915 4901 1038 4956 Non
1064 4903 1116 4956 in
1136 4903 1336 4971 melius,
1354 4907 1442 4960 sed
1465 4908 1516 4960 in
1540 4909 1754 4964 deterius
1770 4914 1993 4966 conveni-

405 4989 489 5041 tis.
513 4989 578 5044 Et
600 4991 672 5044 illi
703 4992 914 5060 quidem
935 4995 1297 5063 possessiones
1325 5011 1513 5054 omnes
1544 4999 1593 5054 in
1623 5016 1774 5056 usum
1797 5018 1994 5072 paupe-

409 5093 528 5133 rum
564 5082 928 5138 eoneedebant
960 5102 974 5138 :
1005 5099 1100 5139 vos
1126 5099 1254 5141 vero
1295 5104 1478 5144 mensa
1523 5093 1681 5146 etiam
1726 5092 1829 5147 illis
1860 5108 1992 5150 con-

407 5186 562 5226 cessa
611 5173 850 5243 privatis.
892 5173 1127 5230 Primum
1170 5178 1302 5232 enim
1336 5183 1738 5237 convenientibus
1779 5185 1912 5240 vobis
1941 5186 1995 5242 in

408 5263 691 5328 ecclesiam,
719 5264 872 5320 audio
917 5267 1164 5322 scissuras
1210 5286 1312 5323 esse
1353 5272 1481 5326 inter
1522 5291 1626 5340 ros,
1653 5286 1702 5330 et
1745 5293 1808 5331 ea:
1851 5287 1996 5348 parte

408 5353 558 5407 crcdo
585 5354 662 5425 (I.
697 5355 815 5410 Cor.
851 5358 935 5412 Η.
969 5358 1081 5428 i8).

480 5447 536 5500 4.
570 5445 704 5501 Vide
731 5448 999 5518 quomodo
1029 5465 1240 5505 rursum
1281 5454 1571 5522 prudenter
1596 5459 1987 5515 correctionem

409 5537 679 5592 adhibeat.
711 5537 824 5594 Non
853 5539 1008 5606 dixit,
1037 5541 1232 5610 Credo,
1255 5545 1361 5612 vel,
1395 5547 1508 5602 Non
1536 5549 1719 5615 credo,
1749 5551 1842 5605 scd
1874 5567 1992 5607 me-

411 5630 504 5686 dio
530 5629 686 5686 verbo
718 5646 842 5686 usus
863 5643 973 5702 est,
1000 5632 1081 5688 Ex
1109 5644 1250 5704 parte
1274 5639 1452 5706 credo;
1487 5655 1590 5695 non
1623 5641 1838 5698 omnino
1873 5659 1996 5701 crc-

1202 217 1268 272 IN
1305 216 1556 274 DICTUM
1599 217 1808 275 PAULI
1843 259 1856 280 ,
1899 215 2222 272 OPORTET
2262 215 2603 274 IIERESES
2642 216 2834 275 ESSE.
3553 223 3656 278 253

2075 329 2166 394 do,
2196 344 2296 384 nec
2319 332 2539 387 omnino
2566 331 2724 389 ﬁdem
2755 347 2925 402 nego;
2957 342 3009 388 ut
3040 348 3168 389 vero
3194 334 3296 392 hcc
3315 336 3397 392 vel
3424 335 3570 402 illud,
3607 342 3658 395 in

2078 430 2252 475 vestra
2283 422 2495 490 penitus
2521 432 2783 492 potestate
2811 433 2912 479 est.
2943 424 2996 480 Si
3032 425 3375 495 resipiseatis,
3405 445 3512 482 non
3537 444 3659 484 cre-

2077 511 2180 576 do;
2211 511 2291 564 sin
2315 515 2383 565 ita
2416 514 2788 581 perseveretis,
2811 514 2992 570 credo.
3027 515 3207 586 Itaque
3234 533 3338 571 non
3362 523 3655 584 accusavit,

2077 613 2128 655 et
2154 603 2440 656 accusavit.
2469 603 2584 658 Non
2627 607 2898 660 accusavit
2924 607 3157 674 penitus,
3185 617 3240 661 ut
3265 610 3660 668 emendationis

2078 707 2226 759 spem
2254 703 2305 746 et
2334 694 2572 750 inducias
2599 695 2663 750 ad
2697 697 3063 764 pmniteutiam
3095 698 3247 754 daret
3266 719 3279 753 :
3300 717 3403 754 non
3434 703 3661 758 crimine

2077 782 2274 838 liberos
2295 785 2515 850 dimisit,
2544 802 2610 841 ne
2647 788 2696 842 in
2725 788 2912 843 eadem
2941 790 3165 860 segnitie
3192 803 3489 848 manerent.
3519 795 3661 850 Nou-

2078 875 2204 929 dum
2227 879 2445 932 omnino
2466 879 2689 943 credidi,
2711 879 2908 950 inquit;
2938 881 3164 950 idipsum
3183 883 3322 938 enim
3349 896 3428 939 est
3453 885 3660 952 dicere,

2082 968 2166 1022 Ea:
2194 981 2338 1038 parte
2371 975 2544 1026 credo.
2589 972 2642 1026 Id
2693 989 2822 1028 vero
2863 975 3071 1029 dicebat
3111 976 3397 1032 cohortaus
3437 987 3494 1032 ut
3541 994 3663 1035 sese

2077 1062 2425 1116 emendarent
2449 1077 2512 1116 ac
2539 1064 2890 1134 corrigereut,
2913 1067 3190 1134 ipsumque
3207 1067 3564 1134 abducerent,
3593 1084 3664 1124 ne

2077 1168 2191 1208 rem
2221 1152 2526 1223 hujusmodi
2559 1156 2642 1210 vel
2684 1171 2747 1211 ex
2790 1165 2938 1225 parte
2963 1157 3239 1232 pederet.
3273 1158 3482 1229 Oportet
3520 1175 3666 1214 enim

2079 1243 2294 1298 Ittereses
2323 1260 2446 1310 esse,
2475 1253 2529 1298 ut
2558 1245 2645 1314 qui
2673 1246 2869 1315 probati
2889 1255 3034 1313 sunt,
3058 1247 3311 1316 manifesti
3337 1249 3464 1317 ﬁant
3491 1250 3544 1302 in
3573 1265 3650 1302 uo-

2079 1334 2153 1388 bis
2182 1335 2257 1406 (Ι.
2280 1335 2504 1390 Cor.il.
2541 1336 2652 1406 19).
2687 1337 2782 1391 Dic
2811 1337 2968 1407 igitur
2991 1353 3232 1407 quteuam
3264 1339 3538 1396 haereses?
3570 1341 3666 1395 llic

2077 1425 2312 1480 animum
2333 1425 2609 1482 adhibete:
2632 1428 2879 1496 quoniam
2905 1444 3008 1483 non
3030 1429 3096 1482 de
3115 1429 3452 1500 dogmatibus
3469 1433 3665 1487 dicitur

2077 1518 2226 1584 illud,
2260 1518 2468 1589 Oportet
2493 1519 2706 1574 htereses
2731 1521 2780 1573 in
2806 1521 2940 1574 uobis
2957 1537 3062 1575 esse
3085 1538 3104 1574 :
3124 1522 3218 1576 sed
3241 1522 3308 1578 de
3330 1524 3665 1580 dissensione

2078 1609 2221 1663 circa
2249 1624 2509 1664 mensam.
2531 1610 2667 1664 Cum
2709 1611 2850 1664 enim
2883 1611 3130 1678 dixisset,
3166 1611 3376 1683 Oportet
3411 1625 3581 1669 autem
3618 1627 3666 1671 et

2079 1699 2293 1755 ἡαπ-εδει
2310 1717 2436 1765 esse,
2457 1701 2670 1756 modum
2694 1701 2971 1757 hiDl‘CSBOIl
3001 1703 3244 1772 adjtmxit
3275 1721 3288 1757 :
3319 1703 3666 1760 Convenienti-

2078 1787 2170 1843 bus
2189 1792 2321 1843 enim
2340 1792 2476 1845 vobis
2502 1791 2554 1844 in
2577 1806 2754 1855 unum,
2773 1806 2875 1845 non
2901 1801 2971 1845 est
2984 1789 3291 1846 dominicam
3308 1809 3501 1848 coenant
3522 1812 3667 1849 utau-

2079 1882 2268 1935 ducare
2297 1881 2401 1954 (Ib.
2426 1882 2614 1952 v.90).
2637 1881 2774 1949 Quid
2807 1890 2910 1947 est,
2951 1882 3266 1938 Dominicam
3297 1901 3488 1940 comam
3516 1903 3664 1940 man-

2079 1973 2306 2027 ducare?
2330 1973 2656 2028 Dominicam
2692 1988 2926 2038 caenam,
2951 1974 3140 2045 inquit,
3163 1989 3270 2031 non
3315 1986 3399 2033 est
3436 1979 3660 2032 mandu-

2079 2078 2240 2119 care:
2267 2063 2411 2118 illam
2441 2079 2637 2119 vocans
2662 2080 2896 2132 caenam,
2920 2081 3078 2135 quam
3107 2067 3291 2122 ultima
3323 2079 3480 2124 nocte
3503 2071 3669 2124 tradi-

2080 2151 2158 2207 dit
2179 2153 2441 2221 Cbristus,
2467 2154 2682 2224 quando
2704 2154 2950 2225 discipuli
2991 2171 3114 2210 cum
3159 2157 3249 2212 illo
3283 2173 3471 2214 omnes
3491 2170 3666 2215 erant.

2084 2245 2137 2300 In
2165 2247 2252 2302 illa
2282 2247 2479 2319 quippe
2504 2263 2659 2303 coena
2684 2257 2740 2303 et
2760 2249 3015 2304 Dominus
3044 2258 3098 2304 et
3123 2253 3262 2305 servi
3287 2267 3476 2307 omnes
3504 2253 3664 2309 simul

2083 2327 2502 2392 recumbebaut:
2531 2353 2626 2394 vos
2661 2353 2809 2403 vero,
2843 2339 2933 2409 qui
2957 2341 3202 2395 conservi
3223 2343 3374 2407 estis,
3402 2343 3541 2398 inter
3569 2360 3666 2400 vos

2085 2437 2260 2483 tamen
2301 2429 2576 2485 dissidetis
2627 2445 2694 2485 ac
2744 2430 3058 2486 dividimini.
3088 2432 3182 2486 Ille
3218 2448 3317 2488 nec
3345 2434 3666 2503 proditorem

2083 2521 2285 2591 expulit
2313 2539 2326 2552 ο
2352 2538 2473 2576 nam
2503 2532 2556 2576 et
2580 2523 2745 2578 Judas
2789 2538 2912 2578 cum
2961 2523 3065 2578 illis
3111 2535 3237 2578 tunc
3275 2533 3392 2578 erat
3418 2541 3432 2576 :
3459 2537 3513 2579 tu
3537 2541 3668 2581 vero

2085 2612 2300 2667 fratrem
2321 2614 2563 2683 depellis.
2594 2613 2718 2669 Ideo
2733 2613 2860 2668 dicit
2880 2631 2892 2667 :
2917 2613 3036 2668 Non
3053 2624 3125 2668 est
3146 2614 3451 2669 dominicam
3475 2632 3670 2670 comam

2083 2705 2409 2767 manducare,
2441 2706 2747 2759 dominicam
2779 2721 2972 2759 caenam
3001 2721 3197 2760 vocans
3235 2720 3375 2773 eam,
3399 2721 3516 2775 qute
3537 2721 3673 2762 cou-

2096 2793 2420 2851 cordissime
2435 2798 2690 2853 omnibus
2709 2799 3024 2854 convoratis
3039 2800 3295 2856 sumitur.
3306 2799 3670 2872 Unusquisque

2098 2886 2236 2939 enim
2268 2903 2418 2941 suam
2445 2905 2643 2943 cautam
2670 2893 2832 2944 sumit
2859 2890 2927 2943 ad
2958 2891 3384 2944 manducandum
3403 2931 3416 2954 ,
3447 2902 3496 2946 et
3531 2895 3674 2946 alius

2095 2975 2301 3043 quidem
2331 2980 2517 3041 esurit,
2551 2980 2689 3033 alius
2723 2990 2896 3034 autem
2921 2981 3096 3034 ebrius
3125 2993 3204 3034 est
3239 2982 3530 3052 (Ib.v.2~l).
3556 2983 3671 3037 Non

2097 3065 2413 3128 dixit,AIius
2429 3071 2769 3134 esurit,alius
2781 3071 3036 3136 comedit;
3054 3072 3145 3125 sed
3161 3073 3443 3128 ebrietatis
3460 3075 3676 3127 nomine

2088 3159 2256 3230 magis
2283 3159 2402 3214 illos
2432 3161 2619 3230 tangit.
2643 3160 2710 3214 Et
2742 3159 2829 3216 hic
2863 3168 2916 3215 et
2963 3161 3092 3226 illic,
3125 3161 3220 3227 ait,
3252 3161 3428 3215 nullus
3454 3169 3538 3216 est
3561 3176 3677 3215 mo-

2087 3250 2209 3306 dus.
2239 3250 2316 3305 Tu
2365 3261 2416 3306 te
2463 3252 2680 3320 crapula
2730 3251 3040 3321 disrumpis,
3070 3251 3198 3307 dum
3247 3252 3339 3309 ille
3367 3249 3505 3307 fame
3533 3267 3667 3306 cou-

2087 3339 2346 3406 tabescit;
2373 3350 2428 3395 tu
2455 3341 2624 3410 plura,
2655 3357 2814 3412 quam
2839 3357 2974 3411 opus
2997 3343 3089 3408 sit,
3118 3345 3301 3410 sumis,
3336 3343 3424 3401 ille
3450 3357 3580 3401 vero
3607 3358 3677 3401 tte

2085 3431 2299 3500 quidem
2349 3432 2666 3487 necessariis
2719 3432 2931 3487 fruitur.
2989 3433 3191 3502 Duplex
3245 3435 3348 3489 hoc
3411 3447 3676 3506 corrupta:

2089 3525 2404 3593 aequalitatis
2442 3524 2642 3578 malum
2685 3523 2920 3580 hatreses
2951 3534 3137 3592 vocat,
3176 3527 3299 3596 quia
3343 3529 3678 3585 contentiose

2090 3618 2315 3672 invicem
2357 3616 2586 3687 agebant
2634 3625 2694 3672 et
2729 3616 3102 3682 dissidebant,
3140 3625 3194 3671 et
3236 3617 3341 3672 alio
3382 3619 3670 3684 esuriente,

2088 3709 2224 3763 alius
2246 3707 2633 3763 iuebriabatur.
2676 3707 2753 3762 Ac
2783 3706 2920 3762 bene
2947 3706 3103 3772 dixit,
3134 3705 3552 3764 Corweuientibus
3579 3727 3670 3765 vo-

2091 3798 2166 3853 bis
2193 3799 2246 3851 in
2271 3815 2451 3853 unum.
2475 3796 2582 3852 Cur
2601 3798 2941 3852 convenitis?
2963 3798 3163 3868 inquit;
3192 3801 3317 3869 quid
3339 3800 3442 3856 sibi
3461 3803 3569 3856 vult
3585 3802 3678 3858 ille

2092 3891 2424 3946 conventus?
2469 3890 2535 3945 ad
2581 3890 2709 3961 quid
2765 3890 2855 3945 ille
2904 3893 3206 3946 communis
3244 3902 3434 3956 coetus,
3464 3895 3678 3964 quando

2095 3995 2278 4036 mensa
2305 3997 2410 4036 non
2444 3990 2527 4037 est
2548 3983 2882 4037 communis?
2911 3982 3200 4037 Domiuit-aa
3219 3993 3346 4036 sunt
3378 3982 3676 4050 facultates,

2093 4087 2227 4143 quas
2253 4074 2580 4142 accepimus,
2610 4074 2940 4143 proindeque
2959 4087 3272 4129 communes
3291 4077 3567 4131 conservis
3584 4091 3679 4131 uo-

2094 4165 2221 4219 stris
2273 4175 2660 4236 proponantur.
2695 4164 2961 4234 Numquid
3008 4165 3186 4221 domos
3231 4184 3332 4221 non
3373 4167 3563 4222 habetis
3609 4169 3681 4222 ad

2095 4257 2507 4311 manducandum
2533 4268 2580 4310 et
2600 4257 2871 4312 bibendum
2889 4258 2914 4311 1’
2935 4267 3024 4311 aut
3051 4257 3311 4314 ecclesiam
3337 4259 3432 4314 Dei
3456 4269 3679 4314 contem-

2097 4350 2211 4402 nitis
2231 4389 2246 4412 ,
2265 4349 2452 4418 inquit,
2481 4360 2527 4402 et
2555 4351 2866 4420 confunditis
2893 4367 2976 4404 eos
2992 4351 3077 4420 qui
3107 4368 3206 4405 non
3235 4352 3417 4406 habent
3445 4352 3600 4422 (Ibid.
3628 4370 3677 4406 υ.

2094 4441 2226 4512 22)?
2269 4441 2348 4494 Tu
2384 4441 2597 4510 quidem
2641 4454 2813 4510 putas,
2847 4443 3054 4510 inquit,
3101 4443 3316 4498 fratrem
3371 4457 3575 4501 tantum
3628 4458 3679 4501 te

2097 4532 2416 4586 contumelia
2438 4530 2673 4597 afﬁcere,
2694 4531 2954 4586 redundat
2974 4541 3150 4587 autem
3173 4537 3490 4590 contumelia
3519 4539 3680 4592 etiam

2097 4624 2150 4678 in
2179 4624 2375 4681 locum.
2407 4625 2692 4679 Ecclesium
2724 4626 2920 4696 quippe
2947 4634 3113 4680 totam
3141 4629 3465 4684 contemnis.
3494 4630 3680 4686 Eccle-

2097 4716 2172 4769 sia
2197 4715 2340 4770 enim
2376 4715 2498 4770 ideo
2543 4715 2758 4782 dicitur,
2787 4717 2909 4784 quia
2941 4720 3296 4772 communiter
3321 4734 3508 4775 omnes
3535 4722 3693 4777 acei-o

2099 4807 2192 4874 pit.
2218 4806 2324 4862 Cur
2349 4823 2478 4877 ergo
2499 4807 2690 4862 domus
2717 4817 2821 4862 tuae
2846 4807 3102 4863 vilitatem
3131 4810 3182 4863 in
3210 4811 3492 4866 ecclesiam
3521 4813 3687 4871 indu-

2097 4897 2215 4952 cis?
2260 4896 2314 4951 Si
2347 4897 2490 4950 enim
2533 4900 2840 4952 contemnis
2873 4899 3117 4961 fratrem,
3164 4915 3414 4954 reverere
3455 4901 3632 4956 locum
3668 4922 3680 4957 :

2095 4990 2296 5044 etenim
2339 4989 2573 5045 Ecclesia
2620 4991 2948 5045 contumelia
2996 4991 3250 5046 allieitur.
3301 4991 3487 5062 Neque
3526 4994 3683 5057 dixit,

2093 5076 2203 5132 Eos
2232 5079 2481 5148 privatis,
2516 5080 2608 5149 qui
2639 5096 2752 5134 non
2785 5081 3016 5148 habent;
3047 5095 3160 5146 aut,
3191 5083 3308 5138 Non
3350 5085 3684 5140 miseremini

2095 5184 2286 5225 eorum
2322 5173 2410 5241 qui
2470 5187 2576 5226 non
2631 5173 2850 5227 habent.
2886 5172 2994 5227 Sed
3033 5175 3201 5243 Quid?
3231 5175 3572 5244 Confuuditis
3601 5190 3688 5227 eos

2097 5268 2182 5334 qui
2246 5281 2346 5320 non
2408 5264 2608 5320 habent.
2668 5263 3150 5321 Vehementissim-o
3210 5266 3457 5336 tangendi
3523 5267 3682 5323 modo

2002 5415 2008 5424 _
2098 5373 2282 5412 eorum
2313 5358 2491 5412 luxum
2512 5366 2874 5427 reprmsentat.
2895 5355 3012 5412 Non
3030 5365 3135 5412 tam
3162 5367 3312 5412 curat
3339 5370 3559 5428 pauper,
3592 5360 3678 5415 in-

2099 5451 2230 5519 quit,
2263 5450 2470 5514 cibum,
2499 5464 2657 5518 quam
2687 5449 3085 5504 contumeliam.
3117 5448 3248 5505 Vide
3273 5465 3429 5520 quam
3457 5452 3680 5507 honeste

2103 5543 2201 5597 hoc
2234 5551 2471 5606 excuset,
2504 5551 2556 5595 et
2596 5556 2751 5610 quam
2783 5541 3132 5598 vehementer
3161 5543 3280 5598 illos
3311 5552 3504 5612 tangat.
3547 5544 3681 5612 Quid

2102 5638 2264 5694 dicam
2296 5633 2470 5689 vobis?
2500 5631 2651 5686 laudo
2685 5632 2808 5687 vos?
2835 5629 2902 5687 lu
2926 5633 3020 5688 hoc
3044 5649 3142 5688 non
3165 5633 3318 5688 laudo
3339 5629 3558 5708 (1.6ω.
3594 5635 3675 5691 il.
