4058 6258
840 183 958 220 JM

477 227 590 286 9.3)

471 336 588 409 22).
620 333 758 406 Quid
784 331 889 389 boc
911 331 1031 388 est?
1055 328 1184 386 Post
1224 327 1642 383 demonstratam
1672 319 2048 409 absurditatent

476 408 648 484 lenior
674 428 917 496 sequitur
953 420 1244 491 increpatio
1269 459 1285 485 ,
1312 427 1366 472 et
1405 416 1526 485 jure
1574 412 1790 484 quidem
1840 408 2050 480 merito,

478 534 548 574 ne
591 514 1011 586 impudentiores
1054 508 1367 566 evaderent.
1399 506 1715 574 Priusquam
1755 501 1899 555 enim
1940 513 2054 553 rem

475 606 763 666 absurdam
804 617 925 658 esse
966 601 1379 663 demonstraret,
1404 594 1692 668 perfectam
1736 590 2052 647 sententiam

479 694 670 749 extulit
730 691 918 747 dtcens
948 733 965 757 ,
1012 690 1127 745 Hoc
1177 699 1346 743 autent
1397 687 1693 758 praacipiens
1746 699 1846 738 non
1902 679 2056 736 laudo

465 787 514 860 (l
530 828 546 844 .
564 784 692 841 Cor.
711 783 902 856 £1.17)
941 783 1227 852 Postquam
1257 790 1432 835 autem
1451 787 1699 834 accurate
1717 777 2055 832 demonstra-

477 877 554 931 vit
573 877 693 933 illos
717 891 836 932 esse
859 875 1213 946 complurium
1240 874 1523 929 criminum
1553 886 1694 938 reos,
1723 869 1926 925 leniore
1947 868 2055 923 uti-

475 977 565 1022 tur
588 967 981 1032 criminattone,
1010 966 1064 1022 in
1105 965 1216 1035 jam
1261 963 1526 1019 dictorum
1571 969 1829 1032 apparatu
1870 968 1925 1014 et
1962 957 2057 1013 de-

475 1051 860 1114 monstratione
879 1057 1235 1115 accusationis
1256 1055 1650 1112 vehementiam
1698 1053 1926 1124 positam
1971 1066 2058 1107 re-

477 1148 743 1219 linquens.
774 1149 974 1205 Deinde
1030 1150 1084 1204 in
1120 1149 1409 1220 mysticam
1460 1160 1699 1203 mensam
1751 1159 2056 1201 sermonem

480 1239 751 1307 transfert,
785 1250 840 1295 ut
865 1241 944 1295 eis
964 1240 1084 1310 plus
1109 1239 1318 1294 timoris
1345 1241 1626 1293 incuteret.
1656 1235 1768 1309 Ego
1794 1237 1943 1302 enim,
1975 1236 2029 1290 in

475 1332 610 1401 quit,
629 1332 799 1414 accepi
817 1348 851 1386 α
874 1331 1114 1400 Domino,
1132 1331 1267 1403 quod
1286 1340 1337 1385 et
1359 1330 1549 1384 tradidi
1568 1330 1702 1385 vobis
1725 1327 1831 1401 (Ib.
1860 1345 1910 1383 υ.
1933 1326 2051 1398 23).

475 1424 657 1490 Qualis
691 1423 808 1481 hinc
834 1424 1254 1495 consequentia?
1283 1425 1358 1480 De
1397 1422 1666 1479 communi
1707 1421 1929 1492 prandio
1971 1421 2052 1475 lo-

474 1516 678 1585 queris,
724 1524 779 1570 et
817 1515 1084 1570 horrenda
1108 1516 1361 1586 mysteria
1409 1513 1832 1569 commemoras?
1859 1514 2054 1581 Etiam,

476 1605 667 1675 inquit.
695 1604 751 1660 Si
780 1605 924 1659 enim
957 1604 1232 1660 tremenda
1274 1604 1365 1659 illa
1414 1620 1597 1660 mensa
1627 1604 1875 1660 omnibus
1903 1618 2056 1658 com-

478 1696 655 1750 munis
709 1697 1045 1767 proponitur,
1094 1705 1150 1752 et
1190 1695 1341 1751 diviti
1382 1706 1437 1751 et
1486 1698 1723 1766 pauperi,
1762 1710 1933 1765 neque
1970 1695 2056 1749 illa

474 1786 667 1842 fruitur
687 1786 902 1842 uberius
918 1787 1090 1856 dives,
1115 1796 1169 1843 et
1196 1789 1408 1858 parcius
1434 1801 1657 1857 pauper,
1682 1785 1777 1842 sed
1798 1801 1934 1841 unus
1956 1786 2055 1839 ho-

475 1892 594 1942 nor,
616 1887 672 1933 et
700 1894 836 1934 unus
859 1894 1143 1947 accessus;
1172 1895 1234 1935 ac
1260 1880 1432 1935 donec
1473 1895 1660 1935 omnes
1695 1881 2060 1934 communica-

474 1966 669 2034 verint,
689 1977 743 2022 et
764 1968 1051 2039 participes
1079 1968 1278 2024 fuerint
1298 1969 1458 2040 hujus
1487 1969 1781 2040 spiritualis
1803 1980 1857 2024 et
1889 1984 2057 2025 sacne

475 2069 696 2121 mensze,
733 2071 853 2126 qua:
907 2058 1178 2128 proposita
1232 2069 1358 2113 sunt
1405 2074 1511 2113 non
1557 2059 1923 2126 retrahuntur,
1962 2059 2057 2114 sed

474 2155 619 2201 stant
643 2146 952 2202 sacerdotes
977 2164 1186 2216 omnes,
1211 2149 1297 2204 vel
1323 2150 1561 2204 omnium
1590 2151 1981 2220 pauperrimum
2002 2161 2058 2207 et

474 2236 789 2292 vilissimum
816 2247 1189 2308 exspectantes
1223 2256 1236 2292 :
1267 2239 1435 2294 multo
1478 2241 1647 2310 magis
1668 2241 1719 2294 in
1747 2239 1847 2295 hac
1873 2241 2057 2295 sensili

475 2342 659 2383 mensa
699 2329 753 2383 id
796 2329 1081 2400 agendum.
1114 2329 1239 2385 ideo
1286 2331 1429 2385 illam
1479 2330 1801 2386 dominicam
1847 2346 2056 2388 Cinnam

475 2421 786 2475 memoravi.
818 2420 930 2492 Ego
957 2422 1089 2476 enim
1126 2422 1298 2493 accepi
1321 2440 1352 2476 a
1379 2421 1619 2490 Domino,
1648 2423 1782 2493 quod
1802 2433 1847 2477 et
1868 2422 2059 2478 tradidi

474 2510 629 2572 vobis,
654 2512 896 2576 quoniam
916 2510 1165 2565 Dominus
1188 2511 1221 2565 J
1227 2529 1358 2579 esus,
1379 2513 1430 2565 in
1451 2530 1552 2583 qua
1578 2522 1720 2566 nocte
1740 2513 2054 2578 tradebatur,

473 2601 665 2670 accepit
694 2618 899 2671 partem,
936 2613 981 2656 et
1022 2603 1215 2673 gratias
1259 2620 1412 2674 agens
1456 2604 1625 2674 fregit,
1652 2615 1698 2659 et
1737 2605 1909 2661 dixit:
1945 2604 2057 2659 Hoc

474 2702 547 2746 est
570 2707 755 2762 corpus
783 2709 979 2761 meum,
1009 2694 1143 2763 quod
1183 2710 1276 2763 pro
1304 2695 1473 2748 multis
1499 2696 1774 2766 frangitur,
1802 2695 1855 2750 in
1876 2697 2054 2751 remis-

473 2783 666 2837 sionem
689 2792 1029 2854 peccatorum.
1062 2783 1173 2838 Hoc
1204 2785 1355 2855 facite
1392 2785 1447 2839 in
1493 2801 1655 2838 meam
1691 2802 2055 2840 commemora-

475 2874 678 2930 tionem.
703 2873 950 2930 Similiter
975 2887 1020 2930 et
1043 2875 1249 2930 calicem
1284 2882 1548 2947 postquam
1573 2877 1811 2945 ownavit,
1843 2877 2014 2933 dicens
2035 2893 2055 2933 :

476 2966 578 3021 llic
613 2967 751 3022 salix
794 2983 976 3022 novum
1028 2977 1380 3023 testamentum
1422 2977 1493 3023 est
1542 2970 1595 3022 in
1634 2984 1743 3024 meo
1800 2969 2058 3040 sanguine

479 3057 640 3129 (Ibid.
663 3074 713 3112 υ.
743 3059 815 3114 es
838 3089 867 3099 -
885 3059 1003 3130 25).

544 3149 599 3202 5.
631 3148 831 3204 Deinde
856 3150 1021 3203 multa
1067 3150 1316 3220 loquutus
1359 3153 1503 3206 circa
1540 3166 1667 3218 eos,
1711 3153 1805 3222 qui
1841 3153 2057 3224 indigne

477 3239 730 3309 mysteria
760 3240 1105 3309 participant,
1136 3242 1225 3295 ubi
1273 3242 1391 3295 illos
1422 3243 1767 3298 vehementer
1797 3245 1966 3314 tetigit
2003 3255 2057 3301 et

474 3330 736 3400 coarguit,
777 3329 1062 3401 docuitque
1109 3346 1225 3399 eos,
1267 3333 1357 3402 qui
1404 3334 1715 3403 sanguinem
1766 3343 1820 3389 et
1859 3349 2057 3405 corpus

474 3421 673 3476 Christi
725 3431 926 3476 temere
973 3436 1037 3477 ac
1089 3422 1444 3492 perfunctorie
1495 3427 1779 3496 accipiunt,
1814 3429 2056 3484 eamdem

476 3512 745 3568 subituros
769 3528 890 3569 esse
916 3529 1150 3584 pinnam,
1181 3531 1339 3585 quam
1371 3517 1405 3570 ii
1427 3518 1515 3586 qui
1544 3517 1812 3573 Christum
1840 3520 2054 3575 occide-

476 3612 627 3668 runt;
658 3617 845 3658 rursus
883 3602 953 3658 ad
993 3607 1323 3673 propositum
1355 3617 1723 3677 argumentum
1751 3623 2054 3664 sermonem

475 3695 663 3764 refert,
689 3696 874 3752 dicens
902 3713 917 3750 :
945 3695 1130 3767 Itaque
1157 3698 1364 3768 fratres,
1388 3714 1502 3753 cum
1528 3701 1797 3755 convenitis
1824 3702 1892 3755 ad
1912 3719 2058 3756 mane

476 3787 784 3854 ducandum,
797 3788 1006 3842 inuicem
1020 3798 1321 3858 exspectate.
1338 3791 1399 3846 Si
1412 3791 1522 3857 quis
1541 3800 1707 3845 autem
1725 3795 1900 3857 esurit,
1920 3794 2056 3848 domi

478 3879 764 3945 manducet,
778 3890 833 3935 ut
850 3898 949 3935 non
970 3882 1023 3935 in
1038 3882 1294 3951 judicium
1313 3884 1670 3957 eorweniatisﬂ
1687 3930 1699 3942 .
1719 3888 1843 3943 Cor.
1866 3890 1923 3943 Η
1939 3930 1952 3943 .
1971 3889 2060 3955 55,

475 3969 734 4041 54).νὶάθ
757 3973 1025 4042 quomodo
1051 3972 1277 4028 latenter
1300 3975 1461 4029 etiam
1498 3978 1838 4032 voracitatem
1870 3993 2055 4034 eorum

476 4066 714 4118 damnet.
736 4064 853 4118 Non
879 4065 1045 4130 dixit,
1068 4065 1123 4119 Si
1151 4066 1387 4130 esuritis,
1419 4067 1533 4132 sed,
1569 4068 1631 4121 Si
1655 4071 1768 4137 quis
1794 4071 1969 4134 esurit,
1999 4078 2057 4124 ut

472 4154 699 4225 quisque
724 4163 866 4208 metu
894 4163 949 4208 et
975 4155 1176 4223 pudore
1204 4154 1415 4222 ductus,
1447 4170 1515 4210 ne
1534 4172 1659 4211 reus
1682 4157 1786 4214 hoc
1816 4160 1868 4213 in
1892 4176 2055 4230 nego-

481 4245 556 4298 tio
609 4242 868 4309 videatur,
918 4258 1039 4298 sese
1081 4244 1369 4299 emendare
1420 4260 1773 4318 prmoccupet.
1804 4252 1976 4320 Atque
2022 4267 2052 4306 a

477 4341 623 4396 metu
650 4334 890 4404 supplicii
918 4350 1220 4392 sermonem
1242 4338 1511 4395 concludit
1533 4339 1716 4398 dicens
1741 4360 1754 4396 :
1782 4342 1848 4397 Ut
1878 4360 1977 4397 non
2002 4346 2053 4397 in

1199 215 1259 272 S.
1295 207 1570 270 JOANNIS
1603 199 2079 266 CHRYSOSTOMI
2116 196 2431 256 A'BCHIEP.
2471 196 2998 257 CONSTANTINOP‘.

3637 196 3739 255 ξω

2154 314 2413 383 judicium
2435 316 2761 381 conveniatis,
2794 314 2846 370 id
2873 322 2974 380 est,
3003 314 3056 369 in
3081 312 3579 369 condemnationem
3608 323 3663 368 et
3689 315 3741 369 in

2159 406 2528 476 opprobrium.
2560 405 2675 461 Non
2705 416 2789 461 est
2816 405 2960 461 enim
2981 405 3153 470 cibus,
3181 404 3371 475 inquit,
3396 420 3566 475 neque
3588 420 3739 461 men.

2159 513 2240 565 sa,
2268 514 2386 568 qua:
2412 513 2533 554 cum
2564 498 2769 569 pudore
2797 497 2974 553 fratris
2993 538 3010 564 ,
3032 512 3154 552 cum
3184 496 3442 567 despectu
3474 498 3743 561 ecclesiae,

2158 597 2216 643 et
2246 604 2367 643 cum
2403 596 2556 643 tanta
2576 589 2865 644 voracitate
2896 589 2980 644 vel
3015 588 3424 658 intemperantia
3457 587 3747 657 conjuncta

2160 689 2262 734 est.
2289 678 2414 734 Haec
2442 693 2546 734 non
2585 690 2708 734 sunt
2743 680 2945 742 laetitia.
2970 679 3065 735 sed
3107 679 3426 748 supplicium
3470 688 3522 735 et
3566 693 3746 749 pana.

2159 770 2400 841 Magnam
2443 772 2585 826 enim
2620 771 2774 827 vobis
2807 771 3078 826 attrahitis
3108 772 3369 827 ultionem
3398 770 3523 826 dum
3552 770 3749 827 fratres

2159 862 2480 918 contumelia
2503 862 2736 930 afficitis,
2755 863 3036 919 ecclesiam
3077 863 3438 927 contemnitis,
3475 872 3750 917 sanctum-

2159 967 2265 1024 que
2289 953 2438 1009 illum
2464 954 2640 1009 locum
2668 953 2933 1024 propriam
2959 953 3179 1009 domum
3203 952 3400 1018 facitis,
3425 953 3643 1023 quando
3669 956 3748 1007 ci-

2159 1043 2286 1100 bum
2322 1059 2567 1101 seorsum
2595 1046 2826 1101 sumitis.
2871 1045 2963 1101 llis
3016 1053 3072 1099 et
3111 1060 3210 1099 vos
3253 1044 3471 1111 auditis,
3527 1043 3747 1108 fratres,

2161 1137 2407 1192 obturate
2434 1151 2529 1193 ora
2565 1152 2775 1202 eorum,
2803 1136 2894 1206 qui
2922 1136 3216 1207 apostolico
3234 1136 3749 1205 dictodoctrinaquc

2162 1233 2361 1282 temere
2392 1238 2640 1293 utuntur;
2669 1228 2926 1297 corripite
2951 1241 3067 1292 eos,
3097 1227 3192 1296 qui
3218 1226 3271 1281 in
3294 1241 3449 1280 suum
3480 1226 3746 1281 aliorum-

2161 1330 2265 1385 que
2285 1316 2536 1372 damnmn
2565 1318 2855 1386 Seripturis
2880 1325 3118 1371 utuntur.
3143 1315 3322 1371 Nostis
3347 1317 3492 1373 enim
3523 1314 3593 1371 de
3617 1330 3749 1386 qua-

2162 1423 2284 1463 nam
2310 1425 2370 1464 re
2389 1414 2495 1467 hoc
2523 1408 2661 1464 dicat
2696 1398 2717 1462 9
2748 1408 2958 1480 Oportet
2995 1418 3164 1464 autem
3199 1419 3248 1463 et
3296 1411 3508 1463 hereses
3541 1424 3653 1463 esse
3694 1410 3747 1463 in

2160 1500 2318 1568 vobis,
2340 1515 2533 1569 nempe
2555 1500 2622 1556 de
2642 1500 2864 1556 dissidio
2890 1501 3033 1556 circa
3059 1515 3300 1555 mensam
3330 1500 3532 1554 oboriri
3559 1500 3740 1566 solito,

2160 1592 2585 1663 quandoquidem
2624 1591 2770 1647 Alius
2805 1593 3006 1664 quidem
3031 1593 3220 1659 esurit,
3250 1592 3384 1647 alius
3426 1608 3541 1647 vero
3580 1591 3747 1647 ebrius

2159 1697 2230 1740 est
2259 1687 2332 1756 (ι.
2362 1685 2481 1741 Cor.
2511 1686 2598 1740 11.
2623 1684 2737 1758 21).

2232 1777 2533 1831 Adhortatio
2575 1777 2643 1831 ad
2684 1794 2964 1848 pauperatus
3001 1793 3202 1831 curam.
3225 1807 3295 1818 —
3319 1778 3399 1832 Ac
3437 1791 3561 1831 cum
3601 1783 3747 1832 recta

2161 1871 2265 1927 ﬁde
2294 1873 2414 1926 vitae
2435 1872 2694 1926 rationem
2719 1886 2840 1925 cum
2871 1870 3210 1941 dogmatibus
3238 1881 3625 1941 congruentem
3655 1883 3747 1923 ex-

2164 1961 2442 2018 hibeamus
2467 2003 2483 2030 ,
2521 1962 2745 2016 multam
2785 1976 2912 2032 erga
2961 1974 3227 2032 pauperes
3277 1960 3746 2024 benevolentiam,

2159 2055 2380 2110 multam
2429 2068 2720 2124 egenorum
2768 2068 2955 2109 curam
2997 2054 3387 2122 suscipiamus;
3416 2052 3744 2123 negotiatio-

2161 2162 2283 2201 nem
2312 2145 2643 2217 spiritualem
2679 2159 3050 2210 exerceamus,
3080 2144 3214 2199 nihil
3239 2145 3360 2214 plus
3391 2144 3744 2213 inquiramus,

2160 2253 2317 2307 quam
2357 2237 2649 2293 necessitas
2691 2237 2940 2306 postulet.
2974 2236 3065 2289 Ha:
3088 2242 3214 2289 sunt
3242 2234 3465 2300 divitiae,
3495 2233 3613 2290 lucc
3641 2250 3745 2289 ne-

2158 2327 2396 2398 gotiatio,
2439 2326 2528 2381 hic
2570 2326 2850 2381 thesaurus
2884 2324 3214 2391 indeliciens,
3242 2325 3287 2379 si
3330 2324 3509 2379 omnia
3561 2333 3744 2380 nostra

2160 2419 2214 2475 in
2255 2420 2445 2474 ctelum
2484 2418 2901 2485 transferamus,
2932 2426 2988 2473 et
3026 2418 3168 2473 circa
3197 2418 3426 2488 depositi
3446 2417 3743 2472 custodiam

2158 2521 2305 2568 metu
2326 2512 2486 2567 soluti
2513 2510 2759 2566 ﬁdamus.
2789 2511 2992 2581 Duplex
3033 2525 3263 2581 namque
3306 2526 3373 2567 ex
3407 2496 3744 2581 elcemosyna

2160 2602 2312 2658 nobis
2338 2603 2542 2658 lucrum
2572 2600 2792 2657 accedet
2819 2618 2833 2654 :
2856 2600 2997 2671 quod
3018 2601 3225 2656 scilicet
3250 2617 3358 2654 non
3386 2601 3523 2656 ultra
3549 2602 3742 2655 timea-

2159 2710 2277 2749 mus
2305 2695 2448 2749 circa
2476 2694 2746 2764 depositas
2771 2693 3044 2762 pecunias,
3075 2708 3145 2747 ne
3172 2693 3317 2748 fures
3347 2703 3440 2747 aut
3469 2707 3745 2747 murorum

2159 2785 2465 2850 eil'ossores,
2494 2793 2584 2838 aut
2626 2782 2940 2853 nequissimi
2982 2782 3124 2837 servi
3164 2782 3306 2853 ipsas
3352 2781 3742 2851 pessumdent:

2158 2884 2214 2935 et
2249 2876 2393 2948 quod
2421 2877 2499 2931 sic
2525 2875 2781 2945 depositae
2809 2890 2918 2929 non
2943 2884 3147 2930 temere
3171 2874 3397 2930 defossa:
3425 2875 3543 2929 sine
3569 2873 3743 2929 fructu

2152 2969 2397 3040 iaceant;
2438 2967 2531 3023 sed
2587 2967 3034 3038 quemadmodum
3086 2966 3236 3021 radix
3289 2967 3342 3020 in
3393 2966 3573 3036 pingui
3627 2968 3744 3021 solo

2159 3063 2396 3133 plantata
2422 3076 2630 3116 annuos
2672 3062 3122 3130 tempestivosque
3160 3058 3363 3114 fructus
3413 3058 3639 3129 profert,
3668 3060 3744 3115 sic

2158 3162 2214 3209 et
2243 3159 2520 3222 argentum
2549 3151 2603 3204 in
2632 3165 2924 3220 pauperum
2962 3149 3208 3204 manibus
3244 3150 3481 3212 insitum,
3514 3162 3617 3203 non
3648 3164 3744 3202 an-

2157 3259 2296 3298 nuos
2334 3242 2532 3307 solum,
2556 3242 2649 3296 sed
2690 3241 2851 3295 etiam
2891 3239 3228 3310 quotidianus
3261 3240 3567 3309 spirituales
3590 3241 3745 3294 nobis

2158 3333 2355 3390 referat
2382 3334 2604 3400 fruetus,
2640 3332 2888 3387 fiduciam
2916 3346 3042 3401 erga
3071 3332 3261 3397 Deum,
3286 3341 3627 3400 peccatorum
3654 3345 3744 3384 ve-

2160 3426 2323 3490 niam,
2350 3441 2473 3480 cum
2522 3424 2727 3495 angelis
2748 3424 3215 3493 propinquitatem,
3241 3424 3623 3478 conscientiam
3646 3423 3742 3477 bo-

2159 3534 2304 3581 nam,
2334 3518 2572 3571 laetitiam
2609 3515 2904 3587 spiritualis
2947 3515 3341 3580 exsultationis,
3370 3515 3740 3603 speméiudore

2159 3624 2400 3675 vacuam,
2456 3609 2718 3664 mirabilia
2772 3609 2928 3674 bona,
2973 3623 3093 3678 quas
3145 3609 3462 3677 praeparavit
3494 3608 3630 3662 Deus
3668 3608 3736 3660 ti-

2158 3701 2427 3756 mentibus
2465 3715 2543 3764 se,
2576 3700 2743 3768 iisque
2787 3700 2877 3767 qui
2927 3698 3147 3752 ferventi
3197 3699 3514 3767 ardentique
3562 3699 3736 3752 animo

2158 3792 2437 3862 requirunt
2486 3790 2907 3845 misericordiam
2958 3788 3219 3843 adventus
3259 3789 3394 3857 ejus.
3435 3788 3604 3854 Quam
3642 3803 3736 3842 nos

2160 3896 2347 3937 omnes
2369 3922 2383 3947 ,
2413 3882 2513 3935 hac
2541 3883 2645 3934 vita
2685 3879 2978 3951 secundum
3009 3880 3265 3948 placitum
3298 3878 3414 3946 ejus
3457 3887 3733 3942 transacta,

2158 3975 2368 4045 assequi
2397 3975 2688 4043 contingat,
2719 3987 2945 4027 necnon
2974 3981 3232 4026 aeternum
3262 3985 3448 4025 eorum
3475 3971 3567 4039 qui
3593 3970 3731 4024 salu-

2161 4077 2267 4122 tem
2289 4077 2709 4135 consequuntur,
2741 4064 3014 4134 gaudium,
3038 4064 3206 4133 gratia
3234 4072 3286 4114 et
3313 4062 3733 4117 miserationibus

2158 4159 2271 4214 veri
2304 4159 2398 4214 Dei
2424 4169 2479 4212 et
2506 4158 2803 4213 Salvatoris
2840 4157 3008 4211 nostri
3055 4156 3185 4211 Jesu
3222 4156 3442 4220 Christi,
3466 4157 3550 4210 cui
3575 4156 3731 4225 gloria

2157 4250 2512 4321 etimperium
2542 4263 2662 4303 cum
2710 4249 2867 4302 Patre
2910 4248 3131 4318 ejusque
3175 4247 3517 4303 sanctissimo
3547 4246 3732 4317 Spiritu

2160 4345 2215 4399 in
2239 4343 2435 4399 saecula
2462 4341 2802 4397 saeculorum.
2835 4342 3027 4395 Amen.

813 4644 839 4655 ν
1018 4653 1024 4657 1
1212 4654 1215 4655 7

2164 4617 2279 4623 -____
2302 4608 3611 4624 Μ...
3630 4606 3654 4613 ι.

1917 4874 2294 4937 MONITUM

537 5096 787 5153 Soanaes
819 5093 1265 5165 Chrysostomus,
1297 5089 1391 5161 qui
1418 5105 1525 5146 non
1559 5085 1725 5144 semel
1763 5102 1830 5142 ex
1876 5094 2117 5156 tempore
2147 5082 2506 5137 concionatus
2542 5090 2658 5147 est,
2695 5079 2838 5134 hanc
2879 5077 3072 5134 habuit
3114 5076 3393 5133 bomiliam
3430 5074 3721 5131 occasione

481 5211 856 5272 mendicorum
884 5218 942 5266 et
967 5222 1289 5281 egenorum,
1317 5220 1458 5276 quos
1499 5204 1698 5260 hiemis
1730 5209 1974 5272 tempore
1998 5199 2263 5268 iacentes,
2285 5212 2408 5252 cum
2437 5210 2530 5265 per
2558 5193 2732 5249 forum
2758 5203 2812 5248 et
2832 5192 3152 5264 angiportus
3182 5191 3248 5246 ad
3274 5191 3562 5247 ecclesiam
3599 5200 3719 5258 per-

479 5335 652 5399 geret,
692 5330 992 5397 repererat.
1030 5321 1191 5378 Hunc
1242 5317 1310 5372 ad
1360 5312 1794 5372 concionandum
1845 5320 2184 5382 apparatum,
2227 5309 2355 5363 dum
2394 5309 2496 5363 iter
2530 5305 2750 5371 faceret,
2793 5305 3123 5360 adornavit:
3160 5314 3214 5359 ct
3241 5304 3383 5358 hanc
3424 5304 3722 5374 elegantem

484 5438 810 5495 concionem
845 5435 914 5491 de
940 5434 1286 5505 eleemosyna
1322 5427 1780 5500 αὐτοσχεδιαστὴς
1807 5435 1992 5484 orator
2019 5424 2414 5496 pronuntiavit.
2446 5422 2578 5477 Eam
2611 5435 2776 5492 porro
2818 5420 3119 5476 Antiochiae
3149 5419 3391 5475 habitam
3439 5417 3612 5474 fuisse
3643 5418 3723 5471 in-

484 5552 653 5619 dicat,
682 5568 793 5609 non
821 5553 984 5608 modo
1012 5567 1135 5608 cum
1172 5551 1266 5617 ait,
1309 5566 1366 5606 se
1393 5564 1492 5621 per
1523 5547 1701 5604 forum
1726 5557 1778 5603 et
1806 5547 2054 5618 angiport

2175 5545 2265 5600 διὰ
2293 5545 2389 5617 τῆς
2420 5543 2627 5614 ἀγορᾶς
2663 5542 2761 5598 καὶ
2800 5540 2911 5595 τῶν
2948 5539 3272 5608 στενωπῶν,
3315 5538 3601 5594 ecclesiam
3637 5552 3726 5608 pc-

487 5662 639 5723 tiisse
671 5682 684 5721 :
718 5681 893 5737 neque
925 5667 1068 5722 enim
1099 5682 1224 5723 cum
1251 5666 1541 5739 episcopus
1564 5664 2199 5736 Constantinopolitanus
2234 5673 2370 5733 crat,
2408 5672 2516 5719 tam
2548 5661 2739 5735 procul
2784 5660 3027 5717 ecclesia
3041 5658 3299 5735 degebat;
3350 5655 3444 5713 scd
3483 5655 3643 5711 etiam
3676 5662 3726 5708 ct
