4058 6258
249 233 367 294 ἲὸθ

257 361 578 435 κατηγορία,
607 361 699 415 καί
727 361 870 432 μάλα
886 363 1125 427 εἰκότως,
1146 365 1234 417 ἴνα
1260 365 1333 436 μή
1361 365 1835 436 ἀναισχυντότεροι

252 446 539 514 γένωνται.
569 444 758 516 ΙΙρίνῆ
793 444 890 515 μὲν
915 445 1024 516 γὰρ
1053 445 1329 510 ἀποδεῖξαι
1368 447 1430 498 τὸ
1463 449 1694 518 πρᾶγμα
1713 447 1836 499 ἀτο-

251 545 376 588 πον,
430 527 846 599 ἀπηρτισμένην
875 528 1134 598 ἐξήνεγκε
1186 529 1285 598 τὴν
1315 529 1608 597 ἀπόφασιν,
1643 528 1831 582 εἰπών·

259 609 446 663 Τοῦτο
472 606 540 661 δὲ
571 609 1002 679 παραγγέλλων
1031 613 1140 664 οὐκ
1165 611 1406 664 ἐπαινῶ·
1430 613 1520 664 ὅτε
1552 612 1606 664 δὲ
1627 611 1836 664 ἀπέδει-

253 692 346 755 ξεν
379 689 622 761 ἀκριϐῶς
644 691 853 744 πολλῶν
870 691 1029 755 ὄντας
1056 692 1415 762 ἐγκλημάτων
1437 693 1639 758 ἀξίους,
1678 694 1833 762 ὑφει-

253 774 404 846 μένῃ
440 774 702 844 κέχρηται
729 777 795 844 τῇ
833 775 1076 847 διαϐολῇ,
1110 779 1174 846 τῇ
1203 777 1312 829 τῶν
1339 778 1644 847 εἰρημένων
1670 793 1836 830 κατα-

254 858 426 925 σκευῇ
458 858 551 908 καὶ
603 857 873 921 ἀποδείξει
901 857 960 908 τὸ
1008 859 1362 930 σφοδρότερον
1388 860 1484 928 τῆς
1503 860 1840 930 κατηγορίας

256 937 420 1005 ἀφεὶς
451 939 854 994 ἐναποκεῖσθαι.
882 934 1015 993 Εἶτα
1040 941 1130 993 ἐπὶ
1153 941 1250 1011 τὴν
1275 940 1539 1011 μυστικὴν
1563 939 1839 1012 τράπεζαν

255 1021 444 1088 ἐξάγει
472 1021 564 1074 τὸν
595 1021 774 1089 λόγον,
801 1021 1062 1091 μειζόνως
1098 1024 1292 1085 αὐτοὺς
1318 1023 1553 1094 φοϐῆσαι
1583 1023 1841 1094 βουλόμε-

257 1121 371 1169 νος.
417 1104 556 1174 Ἐγὼ
587 1104 717 1172 τὰρ,
743 1105 894 1174 φησί,
944 1105 1286 1172 παρέλαϐον
1315 1105 1434 1158 ἀπὸ
1465 1107 1570 1159 τοῦ
1595 1107 1837 1173 Κυρίου,

255 1189 294 1241 ὃ
326 1189 423 1242 καί
462 1187 772 1254 παρέδωκα
801 1186 962 1255 ὑμῖν.
1008 1188 1144 1240 Ποία
1171 1187 1460 1242 ἀκολουθία
1501 1189 1676 1258 αὕτη;
1706 1189 1840 1259 Περὶ

259 1267 489 1342 ἀρίστου
527 1269 746 1340 διαλέγῃ
776 1269 977 1333 κοινοῦ,
1001 1272 1095 1324 καὶ
1137 1271 1450 1342 μυστηρίων
1479 1271 1722 1342 φρικτῶν
1747 1273 1841 1340 μέ·-

259 1369 497 1423 μνησαι;
541 1353 666 1420 Ναὶ,
720 1352 903 1422 φησίν.
937 1354 1000 1405 Εἰ
1027 1353 1134 1423 γὰρ
1156 1353 1222 1405 τὰ
1252 1355 1596 1424 πνευματικὰ
1638 1357 1838 1419 ἐκεῖνα,

259 1436 440 1506 είγέιρ
471 1437 502 1505 ή
537 1433 782 1507 τράπεζα
812 1435 844 1504 ή
879 1434 1154 1506 φρικώδης
1189 1436 1341 1507 κοινὴ
1374 1439 1506 1489 πᾶσι
1535 1437 1838 1507 πρόκειται,

262 1520 358 1570 καί
381 1519 619 1589 πλουσίῳ
644 1518 738 1570 καί.
781 1519 994 1589 πένητι,
1027 1519 1120 1571 καὶ
1152 1521 1272 1590 οὑχί
1299 1520 1674 1590 δαψιλέστερον
1702 1522 1840 1573 ἀπο·

261 1601 416 1654 λαύει
443 1601 646 1670 ταύτης
669 1603 697 1653 ὁ
727 1601 998 1667 πλούσιος,
1035 1602 1154 1655 οὐδὲ
1187 1603 1406 1656 ἔλαττον
1439 1607 1467 1657 ό
1496 1605 1684 1674 πένης,
1710 1604 1844 1658 ἀλλά

264 1686 367 1754 μία
400 1685 556 1754 τιμὴ,
586 1686 678 1737 καὶ
707 1685 968 1756 πρόσοδος
1006 1685 1123 1754 μία·
1159 1687 1251 1738 καὶ
1277 1686 1381 1748 ἓως
1410 1687 1474 1740 ἂν
1508 1688 1708 1750 πάντες
1747 1704 1844 1758 με-

259 1767 511 1836 τασχῶσι
539 1769 633 1820 καὶ
661 1768 1028 1836 κοινωνήσωσι
1047 1766 1147 1836 τῆς
1177 1769 1550 1838 πνευματικῆς
1579 1771 1671 1824 καὶ
1697 1770 1846 1840 ἱερᾶς

259 1850 471 1920 ταύτης
500 1849 796 1922 τραπέζης,
817 1852 876 1903 ού
903 1849 1330 1904 συστέλλεταιτά
1357 1851 1713 1922 προκείμενα,
1731 1851 1844 1904 ἀλλ’

263 1932 562 2002 ἑστήκασιν
591 1936 638 1986 οί
668 1935 830 2003 ἱερεῖς
855 1933 1090 1997 ἅπαντες
1107 1976 1120 1998 ,
1139 1936 1232 1986 καὶ
1249 1933 1338 1986 τὸν
1358 1935 1574 1987 πάντων
1601 1935 1848 1987 πενέστε-

266 2031 366 2085 ρον
393 2017 486 2068 καὶ
515 2017 891 2088 εὐτελέστερον
912 2017 1288 2086 ἀναμένοντες·
1319 2017 1497 2088 πολλῷ
1531 2017 1728 2087 μᾶλλον
1755 2017 1847 2069 ἐπὶ

263 2098 372 2166 τῆς
405 2098 666 2170 αἰσθητῆς
688 2099 846 2152 τοῦτο
879 2100 985 2170 χρὴ
1021 2103 1212 2154 ποιεῖν.
1252 2101 1350 2153 Διὰ
1388 2099 1542 2153 τοῦτο
1573 2101 1847 2172 ἐμνήσθην

262 2181 481 2233 ἐκείνου
501 2183 592 2235 τοῦ
622 2184 885 2254 κυριακοῦ
919 2184 1155 2237 δείπνου.
1195 2183 1340 2254 Ἐγὼ
1369 2185 1478 2255 γὰρ
1510 2185 1849 2253 παρέλαϐον

262 2263 392 2317 ἀπὸ
443 2265 547 2319 τοῦ
575 2267 818 2334 Κυρίου,
863 2267 894 2319 ὃ
944 2267 1042 2320 καὶ
1087 2267 1404 2335 παρέδωκα
1453 2268 1623 2338 ὑμῖν,
1672 2269 1761 2322 ὅτι
1816 2272 1850 2323 ὁ

268 2343 493 2414 Κύριος
559 2347 792 2416 Ἰησοῦς
841 2350 911 2402 ἐν
975 2348 1046 2417 τῇ
1111 2351 1298 2412 νυκτὶ,
1361 2343 1402 2421 ᾗ
1469 2351 1846 2418 παρεδίδοτο,

264 2429 491 2483 ἐλαϐεν
533 2427 744 2496 ἄρτον,
793 2431 890 2485 καὶ
958 2431 1406 2501 εὐχαριστήσας
1451 2433 1710 2498 ἕκλασε,
1752 2435 1850 2487 καὶ

265 2507 426 2565 εἷπε·
467 2511 649 2567 Τοῦτό
686 2516 805 2583 μού
873 2515 998 2572 ἐστι
1049 2515 1116 2567 τὸ
1171 2513 1323 2587 [247]
1366 2515 1536 2584 σῶμα
1580 2517 1646 2569 τὸ
1697 2515 1851 2584 ὑπὲρ

263 2594 524 2648 πολλῶν
547 2595 852 2665 κλώμενοι·
906 2601 994 2664 είς
1040 2598 1260 2666 ἄφεσιν
1295 2599 1606 2668 ἁμαρτιῶν.
1670 2600 1851 2654 Τοῦτο

264 2677 497 2730 ποιεῖτε
526 2680 612 2744 είς
657 2679 772 2747 τὴν
797 2680 954 2749 ἐμὴν
996 2679 1358 2749 ἀνάμνησιν.
1419 2682 1714 2747 Ὡσαύτως
1755 2683 1852 2735 καὶ

265 2761 342 2812 τὸ
375 2761 664 2829 ποτήριον
681 2764 832 2830 μετὰ
857 2765 920 2815 τὸ
962 2763 1305 2830 δειπνῆσαι,
1331 2763 1542 2833 λέγων·
1584 2763 1762 2818 Τοῦτο
1786 2765 1852 2819 τὸ

265 2843 613 2912 ποτήριον-ἠ
630 2845 807 2913 καινὴ
830 2845 1086 2914 διαθήκη
1113 2847 1286 2900 ἐστὶν
1307 2846 1375 2898 ἐν
1389 2847 1468 2911 τῷ
1493 2845 1612 2914 ἐμῷ
1630 2847 1849 2916 αἵματι.

345 2927 410 2980 ε’.
431 2925 563 2980 Εἶτα
596 2929 764 2980 πολλὰ
796 2928 1096 2998 διαλεχθεὶς
1120 2928 1248 3000 περί
1271 2927 1379 2980 τῶν
1412 2929 1642 2994 ἀναξίως
1666 2947 1857 2983 κοινω-

268 3009 514 3064 νούντων
539 3013 653 3074 τοῖς
678 3010 1015 3082 μυστηρίοις,
1050 3012 1144 3063 καί
1179 3011 1380 3081 σφόδρα
1413 3011 1590 3064 αὐτῶν
1616 3011 1860 3082 καθαψά-

275 3111 442 3165 μενος
475 3094 568 3147 καὶ
595 3095 891 3162 διελέγξας,
926 3093 1142 3157 διδάξας
1167 3112 1226 3146 τε
1247 3094 1330 3146 ὅτι
1367 3099 1479 3159 τοῖς
1501 3097 1590 3149 τὸν
1625 3097 1858 3167 Χριστὸν

269 3178 633 3229 ἀποκτείνασι
674 3177 772 3248 τὴν
802 3178 972 3247 αὐτὴν
1002 3177 1396 3246 ὑποστήσονται
1426 3179 1694 3249 τιμωρίαν
1717 3181 1764 3230 οἱ
1798 3179 1860 3231 τὸ

273 3253 422 3329 αἷμα
459 3259 626 3311 αὑτοῦ
660 3261 751 3311 καί.
778 3260 837 3312 τὸ
855 3257 1014 3330 σῶμα
1036 3258 1218 3322 ἁπλῶς
1247 3261 1338 3312 καὶ
1363 3259 1437 3324 ὼς
1462 3261 1618 3330 ἔτυχε
1648 3261 1860 3331 λαμϐά-

273 3357 484 3404 νοντες,
515 3339 676 3393 πάλιν
706 3341 786 3404 εἰς
814 3340 910 3410 τὴν
929 3341 1296 3413 προκειμένην
1319 3342 1572 3395 ὑπόθεσιν
1592 3343 1682 3396 τὸν
1705 3343 1858 3412 λόγον

273 3422 569 3492 ἐξήγαγεν,
622 3423 810 3476 εἰπών·
867 3423 1064 3489 Ὥστε,
1110 3423 1381 3492 ἀδελφοί,
1432 3427 1858 3494 συνερχόμενοι

275 3508 367 3570 εἰς
399 3503 467 3556 τό
525 3505 755 3574 φαγεῖν,
796 3504 1111 3571 ἀλλήλους
1168 3505 1507 3574 ἐκδέχεσθε.
1553 3509 1620 3560 El
1655 3507 1722 3560 δέ
1770 3525 1861 3574 τις

277 3585 480 3654 πεινᾷ,
508 3588 576 3638 ἐν·
599 3589 742 3651 οἴκῳ
769 3587 1032 3652 ἐσθιέτω,
1071 3588 1172 3640 ἵνα
1196 3587 1280 3656 μὴ
1303 3590 1390 3652 εἰς
1423 3589 1597 3657 κρίμα
1646 3591 1861 3659 συνέρ-

277 3673 496 3739 χησθε.
529 3671 668 3742 Ὅρα
701 3671 816 3733 πῶς
859 3671 1228 3732 λανθανόντως
1269 3671 1363 3722 καὶ
1392 3671 1724 3742 λαιμαργίαν
1765 3674 1860 3725 αύ-

279 3753 392 3807 τῶν
417 3753 686 3821 κατέγνω,
721 3755 815 3807 καὶ
843 3756 942 3807 οὐκ
971 3750 1145 3818 εἶπεν,
1173 3755 1234 3806 Εἰ
1269 3754 1323 3806 δὲ
1351 3758 1591 3818 πεινᾶτε,
1634 3757 1771 3822 ἀλλ’,
1795 3759 1863 3810 El

280 3835 354 3889 δέ
385 3853 476 3901 τις
493 3836 690 3904 πεινᾷ,
714 3838 799 3889 ἵνα
827 3837 1056 3902 ἕκαστος
1090 3837 1473 3908 αἰσχυνόμενος
1505 3838 1664 3902 αὐτὸς
1695 3840 1864 3892 ὑπεύ-

283 3921 442 3984 θυνος
459 3922 693 3992 φανῆναι
713 3925 822 3985 τοῖς
838 3923 1162 3993 ἐγκλήμασι,
1183 3921 1471 3992 προλαϐὼν
1485 3921 1862 3994 διορθώσηται.

286 4006 400 4059 Καὶ
443 4008 524 4070 εἰς
577 4005 849 4069 κολάσεως
891 4006 948 4058 δὲ
981 4005 1143 4074 φόϐον
1164 4005 1256 4060 τὸν
1297 4005 1450 4073 λόγον
1497 4005 1862 4072 κατέκλεισεν,

1343 223 1430 291 DE
1471 235 1955 293 ELEEMOSYNA.
1997 269 2066 278 --
2103 235 2450 293 MONITUM.

3403 239 3509 299 260

1935 360 2124 415 είπὼν⁶
2153 362 2286 414 Ἵνα
2323 359 2412 430 μὴ
2447 362 2536 426 εἰς
2571 360 2740 429 ερίμα
2767 358 3165 428 συνέρχησθε,
3217 362 3512 418 τουτέστιν,

1937 448 2018 509 εἰς
2043 445 2361 516 κατάκριμα
2376 445 2468 497 καί
2495 445 2574 507 εἰς
2599 443 2921 513 ὁνειδισμόν.
2947 444 3021 495 UO
3053 443 3156 514 γάρ
3175 445 3289 495 ἐστι
3317 448 3514 518 τροφὴν

1939 530 2122 600 φησὶν,
2141 530 2262 582 οὐδὲ
2294 526 2539 598 τράπεζα
2568 529 2600 597 ἡ
2638 525 2775 597 μετὰ
2805 525 3065 597 αἰσχύνης
3093 526 3184 578 τοῦ
3211 526 3460 595 ἀδελφοῦ,
3482 533 3516 602 ή

1943 611 2082 681 με.τά
2108 611 2566 682 καταφρονήσεως
2585 611 2685 679 τῆς
2711 609 3024 681 ἐκκλησίας,
3052 612 3084 680 ὴ
3129 611 3265 678 μετά
3283 610 3518 683 λαιμαρ-

1939 695 2063 762 γίας
2093 693 2125 764 ἣ
2151 695 2389 756 ἀσωτίας
2418 694 2696 764 γινομένη.
2748 694 2864 746 Οὐκ
2890 693 3036 747 ἔστιν
3067 693 3367 764 εὐφροσύνη
3389 695 3518 748 ταῦ-

1937 793 2026 834 τα,
2072 777 2210 829 ἀλλά
2251 777 2472 837 κόλασις
2505 776 2600 828 καί.
2639 778 2895 847 τιμωρία.
2953 777 3210 848 Μεγάλην
3252 779 3361 850 γὰρ
3395 781 3556 849 ἐπι-ς,

1941 859 2150 912 σπᾶσθε
2171 857 2290 912 καθ’
2317 859 2528 912 ἑαυτῶν
2557 858 2712 929 δίκην
2747 859 2873 922 τοὺς
2895 859 3155 927 ἀδελφοὺς
3183 859 3515 930 ὑϐρίζοντες,

1938 945 2039 1013 τῆς
2071 945 2364 1015 ἐκκλησίας
2411 942 2898 1014 καταφρονοῦντες,
2923 944 3098 996 οἰκίαν
3129 943 3400 1014 ἰδιωτικὴν
3427 946 3519 997 τὸν

1942 1027 2096 1094 ἅγιον
2141 1027 2301 1080 τόπον
2346 1027 2625 1088 ποιοῦντες
2645 1025 2730 1078 διὰ
2765 1027 2825 1078 τὸ
2875 1026 2995 1079 καθ’
3038 1028 3261 1090 ἑαυτοὺς
3297 1025 3514 1081 ἐσθίειν.

1943 1109 2128 1162 Ταῦτα
2144 1109 2237 1162 καὶ
2267 1110 2421 1180 ὑμεῖς
2443 1109 2794 1172 ἀκούσαντες,
2817 1108 3107 1178 ἀγαπητοὶ,
3141 1108 3520 1178 ὲπιστομίζετε

1941 1193 2066 1253 τοὺς
2102 1189 2286 1253 ἁπλῶς
2313 1193 2378 1260 τῇ
2431 1190 2758 1261 ἀποστολικῇ
2797 1191 3168 1260 κεχρημένους
3219 1191 3373 1261 ῥήσει
3421 1190 3518 1248 καὶ

1941 1273 2277 1342 διδασκαλία·
2317 1272 2591 1343 διορθοῢτε
2623 1274 2748 1336 τοὺς
2779 1275 2870 1326 ἐπὶ
2893 1273 3064 1343 βλάϐῃ
3092 1277 3156 1343 τῇ
3184 1273 3391 1327 ἑαυτῶν
3423 1274 3520 1327 καὶ

1941 1358 2008 1425 τῇ
2037 1356 2236 1422 ἐτέρων
2263 1358 2378 1417 ταῖς
2407 1357 2648 1425 Γραφαῖς
2687 1357 3081 1424 κεχρημένους.
3125 1356 3366 1423 Ἔγνωτε
3411 1357 3521 1424 γὰρ

1945 1440 2073 1508 περὶ
2113 1439 2256 1500 τίνος
2299 1438 2432 1508 φησί
2462 1439 2540 1504 τὸ,
2591 1437 2692 1490 Δεῖ
2740 1437 2808 1489 δὲ
2839 1438 2936 1490 καὶ
2966 1437 3227 1506 αἱρέσεις
3251 1435 3402 1491 εἷναι
3449 1439 3522 1492 ἐν

1943 1520 2106 1588 ὑμῖν,
2153 1520 2406 1590 περὶτῆς
2449 1519 2793 1589 διχοστασίας
2827 1520 2924 1588 τῆς
2971 1521 3028 1572 ὲν
3068 1522 3190 1582 ταῖς
3225 1521 3522 1593 τραπέζαις

1944 1603 2257 1674 γινομένης,
2293 1604 2479 1672 ἐπειδὴ
2522 1603 2583 1656 '0
2594 1603 2710 1673 μὲν
2735 1601 2930 1668 πεινᾷ,
2969 1607 3001 1656 ό
3029 1602 3098 1655 δὲ
3118 1604 3340 1671 μεθύει.

2017 1689 2126 1741 Καὶ
2161 1691 2299 1757 μετὰ
2325 1688 2423 1754 τῆς
2449 1687 2618 1758 ὀρθῆς
2649 1688 2884 1750 πίστεως
2921 1687 3016 1740 καὶ
3057 1687 3329 1740 πολιτείαν
3382 1703 3522 1756 συμ-

1947 1771 2229 1827 ϐαίνουσαν
2255 1775 2368 1833 τοῖς
2407 1771 2670 1840 δόγμασιν
2701 1769 3118 1840 ὲπιδειξώμεθα,
3141 1769 3340 1841 πολλὴν
3393 1770 3523 1839 περὶ

1945 1857 2070 1918 τοὺς
2103 1855 2339 1924 πένητας
2395 1852 2811 1924 φιλοφροσύνην,
2865 1852 3064 1922 πολλὴν
3097 1853 3236 1923 ὑπὲρ
3269 1851 3376 1904 τῶν
3405 1852 3522 1904 δεο-

1951 1939 2126 2008 μένων
2157 1936 2466 2006 ποιούμενοι
2501 1937 2774 2007 πρόνοιαν·
2828 1935 3095 2008 ἐμπορίαν
3148 1933 3526 2005 πνευματικὴν

1947 2017 2436 2091 έμπορευσώμεθα,
2470 2018 2632 2088 μηδὲν
2654 2018 2815 2072 πλέον
2835 2019 2934 2088 τῆς
2957 2017 3140 2087 χρείας
3159 2015 3523 2087 ὲπιζητῶμεν.

1949 2103 2120 2154 Τοῦτο
2149 2101 2396 2166 πλοῦτος,
2426 2101 2582 2153 τοῦτο
2611 2101 2872 2172 ἐμπορία,
2898 2101 3054 2152 τοῦτο
3076 2099 3344 2170 θησαυρὸς
3367 2096 3524 2149 ἀνελ-

1949 2186 2130 2256 λιπὴς,
2160 2185 2220 2237 τὸ
2238 2186 2413 2238 πάντα
2441 2185 2508 2236 τὰ
2529 2184 2752 2247 ὅνταείς
2780 2185 2870 2237 τὸν
2895 2183 3122 2254 οὐρανὸν
3157 2181 3523 2253 μετατιθέναι.

1951 2271 2043 2323 καὶ
2073 2269 2293 2339 θαρρεῖν
2311 2268 2494 2322 λοιπὸν
2519 2269 2656 2338 ὑπὲρ
2688 2269 2786 2336 τῆς
2827 2268 3072 2338 φυλακῆς
3087 2267 3196 2319 τῶν
3226 2263 3526 2334 ἀποκειμέ-

1951 2369 2077 2406 νων.
2100 2351 2330 2404 Διπλοῢν
2351 2349 2458 2421 γὰρ
2479 2353 2610 2420 ἡμῖν
2632 2351 2738 2402 ἀπὸ
2761 2351 2860 2420 τῆς
2889 2348 3257 2418 ἐλεημοσύνης
3285 2348 3433 2400 ἔσται
3465 2346 3528 2399 τὸ

1951 2435 2162 2507 κέρδος,
2196 2436 2278 2487 ὅτι
2317 2451 2375 2485 τε
2411 2434 2594 2486 οὐκέτι
2625 2433 2941 2502 δεδοίκαμεν
2965 2432 3103 2502 ὑπὲρ
3121 2432 3230 2484 τῶν
3256 2429 3528 2497 καταϐλη-

1952 2519 2151 2573 θέντων
2179 2535 2282 2588 χρη
2293 2517 2496 2586 μάτων,
2519 2517 2728 2587 μήποτε
2758 2516 2951 2586 λῃσταὶ
2977 2517 3070 2568 καὶ
3089 2513 3410 2585 τοιχωρύχοι
3431 2512 3528 2565 καὶ

1951 2600 2176 2654 οἰκετῶν
2202 2599 2506 2669 κακουργία
2539 2599 2676 2652 αὐτά
2703 2598 3032 2669 λυμήνηται,
3056 2600 3149 2650 καὶ
3173 2599 3254 2650 ὅτι
3299 2595 3528 2665 κείμενα

1952 2685 2050 2752 οὐχ
2088 2682 2272 2744 ἁπλῶς
2301 2681 2714 2752 κατορώρυκται
2749 2681 2991 2752 ἄκαρπα·
3033 2680 3146 2734 ἀλλ’
3176 2678 3363 2749 ῶσπερ
3402 2677 3528 2748 ῥίζα

1954 2769 2011 2819 ὲν
2044 2764 2260 2834 λιπαρῷ
2283 2764 2608 2832 φυτευθεῖσα
2646 2765 2850 2832 χωρίῳ,
2879 2763 2999 2815 καθ’
3031 2763 3258 2816 ἕκαστον
3285 2760 3528 2814 ἐνιαυτὸν

1955 2847 2056 2917 ώρί
2064 2863 2196 2915 μους
2209 2848 2360 2915 φέρει
2372 2847 2496 2909 τοὺς
2512 2846 2774 2914 καρποὺς,
2786 2840 2927 2897 οὕτω
2951 2846 3043 2897 καὶ
3057 2843 3197 2915 ἀργύ
3208 2861 3318 2914 ριον
3337 2843 3396 2896 ὲν
3409 2845 3530 2906 ταῖς

1955 2928 2062 2981 τῶν
2079 2931 2320 2998 πενήτων
2336 2945 2397 2996 χε
2407 2926 2797 2997 ρσὶφυτευθὲν,
2811 2928 2870 2978 οὐ
2893 2926 3013 2980 καθ’
3039 2927 3266 2980 ἕκαστον
3285 2924 3532 2978 ἐνιαυτὸν

1961 3011 2140 3081 μόνον,
2165 3010 2298 3064 ἀλλά
2336 3011 2429 3062 καὶ
2464 3010 2585 3062 καθ’
2621 3009 2856 3079 ἑκάστην
2887 3009 3100 3080 ἡμέραν
3128 3009 3531 3079 πνευματικοὺς

1959 3096 2088 3164 ἡμῖν
2115 3093 2268 3164 φέρει
2308 3094 2434 3156 τοὺς
2459 3094 2730 3164 καρποὺς,
2759 3092 3072 3164 παρρησίαν
3104 3093 3241 3163 πρὸς
3271 3092 3360 3144 τὸν
3375 3090 3529 3152 Θεὸν,

1961 3177 2372 3246 ἁμαρτημάτων
2409 3175 2773 3246 συγχώρησιν,
2809 3175 3053 3244 ἀγγέλων
3082 3174 3380 3243 ἐγγύτητα,
3408 3190 3530 3226 συν-

1960 3261 2096 3322 ειδὸς
2117 3259 2340 3327 ἀγαθὸν,
2373 3258 2710 3330 εὐφροσύνην
2738 3262 3110 3329 πνευματικῆς
3139 3257 3531 3326 ἀγαλλιάσεως,

1960 3342 2148 3395 ἐλπίδα
2179 3342 2634 3410 ἀκαταίσχυντον,
2665 3341 2734 3393 τὰ
2761 3341 3148 3411 θαυμαζόμενα
3173 3341 3371 3408 ἀγαθὰ,
3390 3339 3534 3407 άπερ

1963 3423 2112 3496 [248]
2129 3425 2424 3493 ἡτοίμασεν
2439 3426 2466 3474 ὁ
2478 3423 2608 3486 Θεὸς
2623 3427 2733 3485 τοῖς
2748 3424 3032 3489 ἀγαπῶσιν
3049 3423 3230 3485 αὑτὸν,
3243 3423 3461 3482 καὶτοῖς
3475 3422 3536 3472 ἐν

1963 3507 2138 3576 θερμῇ
2165 3507 2257 3558 καὶ¹
2303 3505 2500 3574 ζεούσῃ
2532 3505 2676 3576 ψυχῇ
2711 3505 2998 3572 ἐκζητοῦσι
3025 3505 3086 3556 τὸ
3115 3504 3260 3565 ἔλεος
3281 3504 3378 3573 τῆς
3412 3503 3532 3554 ἐπι-

1963 3591 2187 3661 φανείας
2215 3588 2398 3642 αὐτοῦ·
2425 3585 2492 3660 ἧς
2519 3589 2724 3656 γένοιτο
2763 3590 2969 3650 πάντας
2997 3589 3144 3658 ἡμᾶς
3179 3588 3266 3640 τὸν
3295 3587 3534 3656 παρόντα

1967 3677 2078 3746 βίον
2094 3675 2398 3744 εὐαρέστως
2451 3673 2800 3736 διανύσαντας
2843 3675 3140 3742 ἐπιτυχεῖν,
3185 3672 3286 3740 τῆς
3317 3671 3534 3724 αἰωνίου

1963 3760 2071 3814 τῶν
2095 3757 2412 3826 σωζομένων
2438 3757 2631 3825 χαρᾶς,
2659 3756 2838 3824 χάριτι
2863 3757 2956 3807 καὶ
2981 3757 3282 3824 οίκτιρμοῖς
3299 3753 3392 3805 τοῦ
3413 3754 3538 3822 ἀλη-

1967 3840 2110 3894 θινοῦ
2136 3839 2269 3892 Θεοῦ
2301 3841 2393 3892 καὶ
2422 3839 2670 3908 Σωτῆρος
2694 3838 2850 3907 ἡμῶν
2901 3837 3076 3905 Ἰησοῦ
3125 3835 3382 3906 Χριστοῦ,
3417 3829 3462 3902 ᾧ
3499 3837 3532 3904 ή

1965 3924 2093 3989 δόξα
2125 3922 2218 3974 καί
2247 3921 2307 3974 τὸ
2339 3923 2539 3991 κράτος
2591 3921 2686 3973 σὺν
2719 3919 2798 3990 τῷ
2826 3921 3000 3990 Πατρὶ
3044 3920 3136 3971 καὶ
3166 3917 3242 3986 τῷ
3289 3917 3537 3986 παναγίῳ

1967 4006 2130 4062 αὑτοῦ
2153 4005 2448 4076 Πνεύματι,
2471 4007 2548 4068 εἰς
2572 4005 2696 4068 τοὺς
2728 4005 2925 4066 αἰῶνας
2947 4003 3055 4056 τῶν
3083 4002 3311 4060 αἰώνων.
3343 4002 3539 4072 Ἀμήν.

2809 4585 2860 4590 ’“’“’“
2889 4584 2972 4589 ⁵-³
2981 4584 3140 4589 “““”-’
3155 4583 3184 4590 ’⁵
3195 4583 3339 4589 _——
3347 4581 3476 4589 ““-““““““

1293 4918 1370 4977 IN
1417 4911 1834 4975 HOMILIAM
1883 4909 1986 4968 DE
2033 4903 2594 4967 ELEEMOSYNA.

317 5189 482 5259 longe
507 5182 731 5242 clarius,
761 5191 912 5232 num.
941 5173 995 5238 6,
1024 5171 1119 5226 ubi
1148 5168 1318 5224 dicit:
1355 5165 1498 5221 Olim
1539 5175 1761 5230 namque
1793 5171 1910 5210 cum
1943 5154 2108 5224 fames
2145 5161 2310 5205 totum
2351 5151 2524 5204 orbem
2563 5151 2814 5203 invasura
2855 5158 3018 5214 esset,
3051 5147 3206 5216 hujus
3238 5148 3468 5202 civitatis
3492 5148 3568 5218 (id

321 5317 408 5364 est
431 5301 758 5362 Antiochiae,
788 5303 848 5350 ut
873 5293 1056 5346 videas
1085 5289 1200 5344 Act.
1237 5285 1320 5349 11,
1346 5283 1434 5351 50)
1461 5279 1646 5334 incola:
1676 5275 1706 5329 .1
1717 5271 2175 5343 erosolymi!anis,_
2196 5267 2376 5322 iisdem
2405 5266 2532 5335 ipsis
2563 5266 2626 5317 de
2649 5261 2836 5333 quibus
2863 5262 2979 5331 jam
3013 5277 3182 5315 sermo
3213 5261 3450 5322 habetur,
3480 5274 3570 5329 per

327 5421 634 5484 Barnabam
658 5429 706 5472 ει
747 5413 970 5470 Suulum
1000 5407 1246 5478 pecunias
1282 5403 1555 5456 miserunt.
1600 5395 1674 5450 De
1706 5409 1849 5448 anno
1885 5399 2065 5446 autem
2093 5387 2290 5442 habitae
2313 5383 2591 5439 conciunis
2621 5381 2754 5436 nihil
2785 5380 3070 5434 dicendum
3107 5377 3367 5446 suppetit.

399 5555 908 5630 interpretationem
959 5547 1206 5602 Latinam
1263 5540 1457 5597 incerti
1511 5535 1795 5606 cujusdam
1845 5537 2034 5603 utpote
2091 5545 2197 5585 non
2254 5535 2562 5584 accuratam
2619 5521 2944 5592 rcjccimus,
3006 5532 3308 5588 novamque
3357 5512 3578 5584 paravi-
