4058 6258
596 241 694 298 261

1308 245 1367 302 S.
1404 244 1689 303 JOANNIS
1725 244 2217 303 CHRYSOSTOMI
2254 244 2575 302 ARCHIEP.
2615 242 3171 301 CONSTANTINOP.

1679 598 1940 688 IIEPI
1994 592 2680 699 ΕΛΕΗΜΟΣΥΝ
2689 591 2832 679 ΗΣ

598 790 1003 865 Ἐκφωνηθεὶς
1032 791 1101 845 ὲν
1128 788 1208 856 τῷ
1241 786 1516 858 παριέναι
1538 782 1727 839 αὐτὸν
1740 777 2184 852 χειμῶνοςῶρᾳ,
2225 777 2324 830 καὶ
2358 775 2507 832 ἰδεῖν
2536 778 2680 844 τοὺς
2731 777 2998 846 πένητας
3019 777 3117 832 καὶ
3165 779 3435 847 πτωχοὺς
3498 780 3813 850 ἀνεκιμελή-

1599 892 1744 940 τους
1776 871 2165 943 ἐρριμμένους
2197 869 2347 925 κατὰ
2375 869 2492 939 τὴν
2510 869 2756 940 ἀγοράν.

667 1226 738 1274 α’.
754 1217 1055 1289 Πρεσϐείαν
1075 1217 1196 1271 τινὰ
1206 1218 1424 1271 δικαίαν
1444 1218 1538 1271 καὶ
1552 1216 1807 1285 λυσιτελῆ
1828 1219 1921 1270 καὶ
1938 1216 2182 1288 πρέπου-

602 1321 703 1357 σαν
746 1304 875 1373 ὑμῖν
906 1301 1140 1370 ἀνέστην
1172 1303 1530 1372 ποιησόμενος
1572 1300 1815 1369 τήμερον
1846 1298 1987 1370 πρὸς
2015 1300 2181 1371 ὑμᾶς·

601 1387 788 1458 ἑτέρου
819 1385 918 1457 μὲν
937 1383 1170 1447 οὐδενὸς,
1191 1383 1300 1438 τῶν
1328 1384 1385 1436 δὲ
1406 1384 1507 1454 τὴν
1551 1382 1707 1435 πόλιν
1739 1381 2034 1437 οἰκούντων
2050 1384 2186 1453 ἡμῖν

601 1469 834 1539 πτωχῶν
875 1468 970 1522 ἐπὶ
1001 1466 1206 1537 ταύτην
1240 1484 1307 1537 με
1340 1464 1856 1536 χειροτονησάντων,
1883 1465 1944 1517 οὐ
1973 1466 2041 1535 ρή
2052 1478 2186 1536 μασι

604 1553 698 1606 καὶ
725 1551 1041 1622 ψηφίσμασι
1073 1550 1169 1603 καὶ
1205 1549 1391 1618 κοινῆς
1422 1547 1610 1619 γνώμῃ
1651 1547 1869 1618 βουλῆς,
1913 1547 2051 1602 ἀλλά
2097 1546 2188 1602 διά

603 1634 709 1688 τῶν
741 1633 1029 1704 θεαμάτων
1055 1630 1161 1685 τῶν
1190 1630 1438 1684 ἐλεεινῶν
1465 1631 1560 1684 καὶ
1587 1630 1952 1702 πικροτάτων.
1968 1628 2191 1702 Παριὼν

604 1717 713 1787 γάρ
740 1715 828 1769 διὰ
850 1716 949 1786 τῆς
975 1716 1181 1787 ἀγορᾶς
1207 1714 1300 1767 καὶ
1324 1713 1431 1766 τῶν
1460 1713 1773 1777 στενωπῶν,
1809 1715 1902 1767 καὶ
1928 1712 2067 1784 πρὸς
2091 1712 2192 1784 τὴν

605 1797 877 1869 ὑμετέραν
932 1797 1146 1852 σύνοδον
1195 1796 1475 1860 σπεύδων,
1540 1791 1660 1849 εἶτα
1713 1795 1857 1867 ὁρῶν
1901 1797 1959 1849 ἐν
2009 1796 2194 1867 μέσοις

604 1882 865 1953 ἀμφόδοις
881 1882 1249 1954 ἐρριμμένους
1264 1879 1512 1944 πολλοὺς,
1531 1879 1625 1932 καὶ
1636 1879 1762 1943 τοὺς
1788 1879 1888 1950 μὲν
1899 1878 1996 1943 τάς
2008 1881 2196 1951 χεῖρας

606 1964 1063 2036 ἐκκεκομμένους,
1084 1965 1209 2027 τούς
1225 1963 1282 2017 δέ
1307 1964 1433 2026 τοὺς
1453 1962 1786 2034 ὀφθαλμοὺς,
1802 1962 1929 2025 τοὺς
1944 1962 2001 2015 δέ
2022 1962 2198 2019 ἐλκῶν

607 2047 704 2102 καὶ
732 2047 1059 2119 τραυμάτων
1077 2047 1312 2102 ἀνιάτων
1338 2046 1628 2117 γέμοντας,
1654 2046 1935 2101 καὶταῦτα
1964 2046 2198 2117 μάλιστα

607 2132 1009 2202 προϐάλλοντας
1033 2131 1143 2186 τῶν
1176 2130 1379 2202 μερῶν,
1412 2129 1448 2184 ἀ
1480 2130 1889 2200 συγκαλύπτειν
1905 2131 2199 2200 ἀναγκαῖον

606 2211 675 2287 ἦν
695 2215 780 2269 διὰ
808 2216 906 2285 τὴν
939 2214 1368 2284 ἐναποκειμένην
1415 2213 1597 2277 αὐτοῖς
1629 2213 1920 2284 σηπεδόνα,
1967 2212 2201 2286 ἐσχάτης

606 2299 836 2370 ἐνόμισα
858 2297 1255 2368 ἀπανθρωπίας
1283 2293 1443 2361 εἷναι,
1477 2297 1540 2350 τὸ
1579 2296 1657 2367 μὴ
1683 2299 1813 2368 περὶ
1847 2295 2055 2350 τούτων
2085 2296 2203 2351 δια-

606 2381 863 2452 λεχθῆναι
900 2380 1035 2451 πρὸς
1077 2381 1178 2450 τὴν
1230 2380 1510 2451 ὑμετέραν
1546 2380 1792 2450 ἀγάπην,
1824 2380 1923 2434 καὶ
1968 2378 2204 2449 μάλιστα

612 2464 749 2534 μετά
775 2463 883 2517 τῶν
921 2463 1232 2534 εἰρημένων
1255 2463 1350 2517 καὶ
1375 2460 1471 2517 τοῦ
1499 2461 1691 2533 καιροῦ
1721 2462 1859 2533 πρὸς
1899 2460 2058 2516 τοῦτο
2080 2478 2207 2515 συνι

609 2544 873 2607 ωθοῦντος
891 2546 1058 2616 ἡμᾶς.
1076 2545 1189 2598 Ἀεὶ
1219 2544 1320 2615 μέν
1347 2544 1457 2615 γὰρ
1478 2544 1776 2613 ἀναγκαῖον
1802 2545 1929 2607 τοὺς
1956 2544 2084 2615 περί
2104 2542 2205 2615 τῆς

610 2626 982 2699 ἐλεημοσύνης
1006 2627 1278 2680 ποιεῖσθαι
1306 2627 1516 2696 λόγους,
1540 2626 1728 2697 ἐπειδὴ
1764 2627 1859 2680 καὶ
1894 2626 2059 2696 ἡμεῖς
2077 2624 2206 2680 πολ-

610 2711 711 2782 λῆς
740 2710 943 2782 ταύτης
990 2709 1142 2781 παρά
1184 2710 1281 2764 τοῦ
1312 2711 1641 2783 ποιήσαντος
1682 2712 1831 2781 ἡμᾶς
1859 2709 2090 2782 δεόμεθα
2111 2712 2206 2764 Δε-

611 2795 834 2848 σπότου·
871 2795 1104 2865 μάλιστα
1145 2793 1202 2847 δὲ
1236 2795 1294 2847 ἐν
1322 2793 1402 2861 τῷ
1440 2793 1669 2863 παρόντι
1698 2792 1894 2865 καιρῷ,
1921 2794 2010 2846 ὅτε
2039 2793 2205 2857 πολὺς

609 2878 641 2930 ό
668 2876 894 2948 κρυμός.
938 2877 1027 2930 Ἐν
1061 2877 1159 2947 μὲν
1194 2876 1304 2948 γάρ
1334 2874 1413 2947 τῷ
1462 2875 1610 2947 θέρει
1652 2876 1857 2947 πολλὴν
1909 2876 2062 2948 παρά
2105 2876 2206 2948 τῆς

612 2960 763 3031 ὥρας
794 2959 982 3031 έχουσι
1011 2957 1366 3030 παραμυθίαν
1397 2958 1448 3012 οἱ
1483 2959 1736 3029 πένητες·
1777 2959 1869 3013 καὶ
1899 2958 2053 3034 [249]
2095 2958 2206 3030 γὰρ

614 3046 708 3098 καί⁸
739 3043 980 3113 γυμνοὺς
1012 3040 1251 3113 βαδίζειν
1284 3042 1588 3107 ἀκίνδυνον,
1620 3043 1744 3097 ἀντὶ
1784 3044 2080 3115 περιϐολῆς
2107 3043 2207 3114 τῆς

614 3131 832 3192 ἀκτῖνος
852 3127 1128 3199 ἀρκούσης
1165 3127 1370 3191 αὐτοῖς,
1401 3129 1488 3180 ἐπ’
1525 3127 1758 3196 ἐδάφους
1791 3128 1981 3191 ἁπλῶς
2008 3127 2208 3181 καθεύ-

614 3211 728 3263 δειν
766 3210 860 3263 καὶ
883 3208 1129 3280 αἰθρίους
1176 3208 1610 3279 διανυκτερεύειν
1655 3209 1915 3278 ἀσφαλές·
1949 3211 2044 3263 καὶ
2081 3207 2205 3262 οὔτε

615 3293 987 3363 ὑποδημάτων
1008 3293 1192 3356 αὐτοῖς
1228 3290 1386 3363 χρεία
1422 3292 1679 3364 τοσαύτη,
1715 3292 1838 3347 οὔτε
1874 3292 2204 3358 οίνοποσίας,

615 3376 743 3431 οὔτε
772 3374 1160 3445 δαψιλεστέρας
1211 3373 1443 3445 τροφῆς,
1474 3375 1590 3429 ἀλλ’
1629 3372 1924 3449 ἀρκοῦνται
1966 3376 2063 3447 μὲν
2087 3380 2207 3441 ταῖς

616 3458 726 3513 τῶν
760 3458 967 3513 ὑδάτων
987 3457 1595 3529 πηγαῖς,ἀρκοῦνταιδέ
1628 3461 1677 3513 οἱ
1699 3459 1796 3529 μὲν
1819 3458 1927 3512 τῶν
1959 3459 2206 3528 λαχάνων

622 3545 736 3606 τοῖς
761 3541 1131 3613 φαυλοτέροις,
1163 3542 1212 3595 οί
1249 3541 1306 3595 δέ
1324 3543 1659 3614 σπερμάτων
1693 3543 1876 3614 ξηρῶν
1904 3542 2205 3614 ὀλιγότητι,

619 3624 880 3696 τῆῖῶρας
901 3624 997 3678 τοῦ
1022 3624 1174 3688 ἔτους
1196 3624 1620 3698 ἐσχεδιασμένην
1651 3627 1834 3689 αὐτοῖς
1857 3624 2207 3698 παρεχούσης

621 3711 720 3780 τὴν
751 3709 1050 3778 τράπεζαν.
1092 3710 1202 3762 Καὶ
1228 3707 1430 3780 ταύτης
1455 3710 1511 3763 δὲ
1547 3712 1649 3764 οὐκ
1682 3709 1940 3764 ἐλάττονα
1989 3709 2204 3780 ἔχουσιν

622 3791 816 3863 ἑτέραν
843 3792 1223 3862 παραμυθίαν,
1252 3793 1350 3865 τὴν
1401 3794 1498 3865 τῆς
1560 3793 1828 3865 ἐργασίας
1860 3791 2126 3847 εὐκολίαν·
2155 3791 2208 3843 ot

620 3875 731 3947 7&9
766 3876 867 3941 τάς
890 3875 1071 3941 οἰκίας
1102 3876 1570 3949 οἰκοδομούμενοι,
1617 3878 1711 3932 καὶ
1731 3879 1780 3931 οί
1806 3876 1906 3948 τὴν
1933 3877 2034 3948 γῆν
2074 3874 2210 3929 σκά-

622 3977 869 4025 πτοντες,
900 3961 995 4014 καὶ
1018 3962 1070 4014 οἰ
1109 3961 1209 4033 τὴν
1243 3961 1516 4016 θάλασσαν
1543 3962 1818 4024 πλέοντες,
1863 3961 1963 4030 τῆς
2004 3959 2209 4013 τούτων

623 4043 859 4113 μάλιστα
884 4044 1099 4097 δέονται
1129 4044 1440 4113 συνεργίας.
1464 4046 1573 4099 Καὶ
1595 4045 1732 4115 ὅπερ
1752 4046 1866 4106 τοῖς
1890 4041 2209 4095 πλουτοῦσιν

618 4126 780 4195 ἀγροί
815 4125 906 4178 καί
958 4124 1127 4178 οἰκίαι
1166 4125 1262 4177 καὶ
1291 4125 1477 4179 λοιπαὶ
1504 4125 1775 4195 πρόσοδοι,
1803 4124 1961 4178 τοῦτο
1998 4123 2209 4188 τούτοις

618 4208 682 4258 τὸ
702 4205 863 4276 σῶμά
897 4208 1012 4259 ἐστι
1040 4206 1135 4258 καὶ⁴
1170 4207 1319 4259 πᾶσα
1349 4207 1460 4259 ἀπὸ
1488 4207 1597 4259 τῶν
1629 4206 1828 4277 χειρῶν
1862 4207 1895 4275 ή
1927 4205 2206 4276 πρόσοδος,

619 4286 886 4358 ἑτέρωθεν
938 4287 995 4340 δέ
1031 4287 1351 4358 οὐδαμόθεν.
1406 4288 1504 4342 Διά
1554 4290 1712 4342 τοῦτο
1737 4288 1927 4359 θέρους
1957 4287 2056 4358 μὲν
2077 4288 2212 4340 ἀπο-

618 4368 842 4425 λαύουσι
866 4385 1011 4433 τινος
1031 4369 1403 4443 παραμυθίας·
1434 4373 1491 4424 ἐν
1515 4370 1570 4424 65
1600 4374 1666 4442 τῇ
1697 4370 1790 4424 τοῦ
1806 4370 2070 4440 χειμῶνος
2090 4369 2210 4441 ὥρᾳ

621 4454 793 4517 πολὺς
837 4454 1020 4519 αὐτοῖς
1046 4454 1312 4510 πάντοθεν
1362 4456 1392 4509 ό
1426 4455 1683 4527 πόλεμος,
1724 4455 1817 4508 καὶ
1857 4453 2019 4525 διπλῆ
2047 4454 2080 4524 ὴ
2108 4470 2208 4506 πο-

620 4539 856 4611 λιορκία,
892 4538 987 4593 τοῦ
1014 4538 1174 4611 λιμοῦ
1209 4538 1585 4602 κατεσθίοντος
1625 4539 1774 4593 ἔνδον
1801 4539 1871 4592 τὰ
1902 4539 2206 4608 σπλάγχνα,

617 4622 716 4676 τοῦ
748 4619 962 4694 κρυμοῦ
987 4620 1292 4692 πηγνύντος
1306 4622 1404 4692 τὴν
1435 4624 1612 4693 σάρκα
1637 4620 1859 4685 ἔξωθεν,
1886 4621 1980 4675 καὶ
2009 4620 2209 4692 νεκράν

619 4706 1009 4777 ἐργαζομένου.
1052 4705 1144 4759 Διὸ
1181 4706 1277 4760 καὶ
1323 4707 1568 4770 πλείονος
1620 4707 1717 4777 μέν
1773 4706 1957 4769 αὐτοῖς
2004 4706 2209 4776 τροφῆς

617 4787 719 4853 δεῖ,
753 4788 1107 4859 ἰσχυροτέρας
1140 4788 1198 4842 δέ
1225 4791 1325 4860 τῆς
1368 4788 1680 4860 περιϐολῆς,
1721 4787 1817 4840 καὶ
1846 4786 2066 4857 στέγης,
2114 4787 2210 4840 καὶ

621 4870 892 4934 στιϐάδος,
941 4871 1035 4924 καὶ
1066 4871 1446 4943 ὑποδημάτων,
1477 4873 1571 4925 καί
1602 4870 1814 4925 πολλῶν
1846 4870 2068 4940 ἑτέρων.
2100 4870 2211 4924 Καὶ

619 4955 682 5008 τὸ
699 4954 763 5026 δὴ
793 4955 1007 5009 πάντων
1037 4955 1437 5027 χαλεπώτερον,
1473 4956 1595 5010 οὐδέ
1637 4954 1901 5026 ἐργασίας
1943 4953 2028 5017 τίς
2057 4953 2209 5006 ἐστιν

620 5037 805 5099 αὐτοῖς
851 5037 1101 5106 εὐπορία·
1124 5037 1187 5090 οὐ
1232 5038 1341 5108 γὰρ
1383 5038 1668 5108 ἐπιτρέπει
1695 5036 1788 5090 τοῦ
1818 5036 2029 5108 ἔτουςὴ
2060 5035 2199 5108 ὥρα.

635 5117 791 5174 Ἐπεὶ
816 5113 908 5172 οῦν
933 5119 1026 5171 καὶ
1059 5118 1258 5172 πλείων
1285 5120 1517 5189 αὐτοίςη
1546 5119 1656 5172 τῶν
1674 5120 1988 5188 ἀναγκαίων
2017 5120 2199 5189 χρεία,

622 5202 718 5256 καὶ
749 5201 811 5255 τὸ
839 5200 1167 5274 ἐργάζεσθαι
1201 5202 1342 5273 μετά
1369 5202 1560 5256 τούτου
1591 5202 1959 5275 παρῄρηνται,
1990 5201 2203 5266 οὐδενὸς

620 5286 747 5348 τοὺς
762 5283 978 5348 ἀθλίους
1009 5284 1393 5355 μισθουμένου.
1433 5284 1551 5337 οὐδέ
1596 5284 1885 5350 καλοῦντος
1913 5285 1993 5349 είς
2020 5285 2205 5339 διακοο

621 5368 761 5431 νίαν,
790 5368 942 5438 φέρε,
968 5367 1069 5432 τάς
1091 5366 1198 5420 τῶν
1219 5367 1524 5438 ἐλεημόνων
1550 5368 1959 5439 ἀντεισάγωμεν
2013 5369 2202 5440 χεῖρας

621 5452 743 5507 ἀντὶ
775 5452 883 5505 τῶν
935 5453 1331 5523 μισθουμένων,
1379 5454 1471 5507 τὸν
1501 5452 1717 5524 ἀληθῶς
1758 5453 2070 5525 προστάτην
2103 5452 2199 5506 καὶ

616 5534 893 5605 κηδεμόνα
933 5536 1044 5590 τῶν
1086 5536 1145 5591 ἐν
1180 5538 1339 5608 πενίᾳ
1398 5535 1615 5602 ζῶντων
1670 5537 1880 5592 Παῦλον
1933 5536 2194 5608 συνεργὸν

623 5620 758 5687 πρὸς
789 5615 885 5688 τὴν
913 5618 1205 5691 πρεσϐείαν
1240 5621 1438 5692 ταύτην
1488 5619 1761 5684 λαϐόντες.
1800 5622 1909 5674 Καὶ
1933 5620 2038 5691 7&9
2069 5618 2193 5673 πολ-

2282 1216 2381 1288 λὴν
2404 1215 2499 1270 τοῦ
2522 1214 2845 1286 πράγματος
2873 1214 3106 1267 ποιεῖται
3135 1211 3233 1282 τὴν
3261 1210 3511 1284 πρόνοιαν
3556 1206 3712 1278 οὗτος,
3742 1217 3814 1268 v.11

2284 1301 2416 1371 ὅσην
2453 1300 2629 1362 οὐδεὶς
2653 1298 2860 1369 ἕτερος.
2893 1296 2994 1350 Διά
3020 1313 3103 1349 τοι
3127 1293 3286 1363 τοῦτο
3304 1296 3428 1358 τοὺς
3457 1296 3682 1367 μαθητὰς
3707 1300 3815 1369 1:96;

2285 1384 2377 1437 τὸν
2411 1382 2617 1453 Πέτρον
2648 1380 2975 1451 διελόμενος,
3005 1380 3104 1452 τὴν
3142 1379 3251 1432 τῶν
3282 1380 3523 1450 πενήτων
3549 1382 3604 1433 οὐ
3634 1381 3816 1436 διείλετο

2289 1466 2646 1537 προστασίαν·
2684 1463 2796 1517 ἀλλ’
2824 1461 3024 1527 εἰπὼν,⁸
3045 1462 3127 1516 ὅτι
3157 1462 3358 1528 Δεξιὰς
3385 1463 3602 1516 ἔδωκαν
3620 1464 3728 1533 ἐμοὶ
3741 1465 3817 1518 καί

2291 1548 2566 1619 Βαρνάϐᾳ
2585 1548 2920 1613 κοινωνίας,
2935 1546 3038 1599 ἵνα
3057 1545 3228 1616 ἡμεῖς
3247 1547 3335 1612 εἰς
3355 1545 3425 1600 τὰ
3440 1544 3598 1614 ἔθνη,
3614 1548 3753 1601 αὐτοί
3767 1548 3819 1602 δὲ

2286 1637 2378 1700 εις
2390 1632 2502 1700 τὴν
2520 1630 2866 1700 περιτομὴν,
2879 1631 3148 1701 ἐπήγαγε,
3160 1631 3367 1684 Μόνον
3385 1627 3500 1683 τῶν
3517 1628 3821 1700 πτωχῶνῖνα

2288 1716 2779 1788 μνημονεύωμεν,
2795 1713 2826 1767 ὃ
2845 1712 2943 1765 καί
2968 1710 3325 1766 ἐσπούδασα
3344 1712 3487 1765 αὐτὸ
3514 1713 3672 1767 τοῦτο
3696 1712 3821 1781 ποιῆς

2289 1814 2419 1854 σαι.
2453 1798 2562 1852 Καὶ
2585 1796 2695 1868 γὰρ
2726 1792 3004 1865 πανταχοῦ
3030 1793 3139 1849 τῶν
3180 1788 3506 1847 Ἐπιστολῶν
3517 1793 3602 1847 τὸν
3614 1796 3827 1868 περὶτού-

2294 1899 2404 1936 των
2434 1881 2679 1950 εἰσφέρει
2723 1879 2904 1949 λόγον,
2952 1877 3048 1932 καὶ
3078 1879 3179 1931 οὐκ
3227 1876 3376 1930 ἐστιν
3418 1877 3589 1948 εὑρεῖν
3617 1877 3824 1949 οὐδεμίαν

2296 1965 2585 2036 ἐπιστολὴν
2610 1964 2814 2034 ταύτης
2835 1961 2993 2027 ὲκτδς
3028 1958 3193 2017 οὖσαν
3213 1960 3319 2033 τῆς
3348 1961 3711 2034 παραινέσεως.
3734 1959 3824 2016 Οἰδε

2296 2051 2430 2124 γὰρ,
2457 2046 2598 2104 οἶδεν
2632 2052 2732 2120 ὅση
2762 2047 2854 2103 τοῦ
2921 2047 3249 2121 πράγματος
3287 2048 3321 2119 ἡ
3382 2045 3549 2118 ἰσχύς·
3590 2045 3669 2099 διὰ
3704 2045 3826 2099 τοῦτο

2299 2134 2552 2205 καθάπερ
2589 2132 2847 2204 οἰκοδομῇ
2888 2131 3212 2202 θαυμαστὴν
3248 2128 3453 2202 ὀροφὴν
3483 2127 3720 2192 ἐπιτιθεὶς
3738 2130 3829 2191 ταῖς

2300 2219 2515 2281 λοιπαῖς
2563 2216 2920 2288 παραινέσεσι
2970 2215 3067 2269 καὶ
3101 2212 3456 2285 συμϐουλαῖς,
3483 2213 3576 2283 τὴν
3606 2213 3719 2283 περί
3733 2212 3855 2283 τού-ι

2301 2317 2412 2359 των
2443 2302 2654 2371 εἰσάγει
2691 2300 3066 2355 διδασκαλίαν.
3092 2298 3273 2370 Ὅπερ
3306 2291 3512 2351 οὖνκαὶ
3532 2295 3737 2351 ἐνταῦθα
3759 2313 3830 2349 πε-

2300 2384 2503 2457 ποίηκε
2560 2381 2863 2456 διαλεχθεὶς
2917 2380 3046 2454 περὶ
3083 2381 3457 2445 ἀναστάσεως,
3510 2379 3601 2432 καὶ
3640 2379 3699 2433 τὰ
3728 2378 3837 2434 ἀλλα

2299 2467 2607 2541 διορθώσας
2658 2468 2892 2531 ἅπαντα,
2948 2467 3028 2531 εἰς
3082 2466 3176 2519 τὸν
3213 2466 3346 2537 περὶ
3387 2465 3485 2534 τῆς
3526 2462 3837 2535 ἐλεημοσύνης

2305 2552 2568 2607 κατέλυσε
2597 2551 2774 2619 λόγον,
2810 2549 2982 2613 οὕτως
3014 2549 3204 2602 εἰπών·
3251 2549 3392 2617 Περὶ
3423 2547 3489 2602 δὲ
3519 2545 3618 2616 τῆς
3665 2547 3833 2616 λογίας

2300 2636 2417 2706 τῆς
2437 2638 2525 2703 εἰς
2542 2636 2688 2700 τοὺς
2718 2636 2949 2705 ἁγίους,
2981 2634 3178 2701 καθὼς
3198 2632 3445 2699 διέταξα
3471 2631 3592 2700 ταῖς
3633 2634 3835 2699 Ἐκκληο

2305 2719 2469 2788 alat;-
2495 2718 2607 2790 τῆς
2655 2719 2979 2786 Γαλατίας,
3025 2718 3179 2772 οὕτω
3231 2719 3335 2772 καί
3364 2713 3531 2787 ὑμεῖς
3578 2715 3836 2780 ποιήσατε·

2304 2805 2460 2861 κατά
2508 2807 2658 2875 μίαν
2686 2802 3007 2858 σαϐϐάτοπ
3033 2801 3295 2868 ἕκαστος
3319 2800 3503 2871 ὑμῶν.
3538 2800 3717 2855 Σκόπει
3740 2799 3836 2853 σύν-

2301 2906 2423 2944 εσιν
2445 2886 2836 2959 ἀποστολικὴν,
2884 2886 3001 2949 πῶς
3035 2886 3315 2957 εὐκαίρως
3355 2884 3556 2953 ταύτης
3580 2883 3736 2955 ἥψατο
3762 2882 3837 2953 τῆς

2308 2973 2703 3045 παραινέσεως.
2764 2969 2983 3042 Ἐπειδὴ
3036 2968 3145 3041 γὰρ
3175 2969 3454 3041 ἀνέμνησε
3484 2969 3573 3022 τοῦ
3607 2967 3837 3039 μέλλοντος

2306 3056 2678 3128 δικαστηρίου,
2711 3053 2806 3109 καὶ
2842 3053 2936 3107 τοῦ
2975 3053 3218 3124 βήματος
3269 3053 3474 3107 ἐκείνου
3508 3052 3595 3106 τοῦ
3631 3048 3837 3122 φοϐεροῦ,

2306 3140 2403 3193 καὶ
2429 3139 2529 3209 τῆς
2556 3137 2737 3208 δόξης,
2756 3133 2824 3210 ἧς
2842 3135 3244 3208 ἀμφιέννυσθαι
3272 3135 3492 3207 ἔμελλον
3523 3136 3568 3189 οί
3598 3134 3835 3204 κατωρθωο

2306 3222 2487 3285 κότες,
2517 3222 2611 3275 καὶ
2641 3222 2741 3290 τῆς
2789 3218 3061 3274 ἀθανάτου
3112 3218 3420 3291 διατριϐῆς·
3459 3219 3575 3273 τότε
3604 3217 3764 3271 λοιπὸν
3781 3216 3837 3278 εἰς

2306 3304 2400 3358 τὸν
2427 3304 2557 3375 περὶ
2584 3303 2792 3357 τούτων
2830 3300 3091 3373 ἐμϐάλλει
3122 3301 3308 3370 λόγον,
3360 3301 3449 3355 ἵνα
3483 3304 3597 3364 ταῖς
3625 3301 3837 3371 χρησταῖς

2307 3385 2518 3440 ἐλπίσιν
2548 3384 2894 3449 ἀναπνεύσας
2928 3385 3021 3438 καὶ
3056 3385 3200 3456 ῥᾴων
3222 3383 3513 3456 γενόμενος
3535 3386 3562 3436 ὁ
3585 3382 3838 3457 ἀκροατὴς,

2306 3467 2451 3540 μετά
2498 3465 2740 3530 πλείονος
2786 3468 2949 3520 αὐτὸν
3004 3465 3370 3537 καταδέξηται
3424 3469 3520 3539 τῆς
3561 3464 3839 3539 προθυμίας,

2304 3551 2691 3622 ’ἐνακμάζοντα
2718 3549 2810 3603 τὸν
2842 3548 3007 3619 φόϐον
3038 3548 3191 3622 [950]
3226 3551 3369 3620 ἔχων
3391 3551 3487 3620 τῆς
3510 3549 3738 3621 κρίσεως,
3766 3546 3838 3599 καί

2306 3633 2693 3707 γαυριωμένην
2722 3632 2820 3704 τὴν
2840 3632 3021 3703 ψυχὴν
3048 3634 3170 3697 ταῖς
3203 3634 3316 3687 τῶν
3357 3632 3708 3703 ἀποκειμένων
3731 3631 3839 3697 ἀγα-

2308 3716 2418 3772 θῶν
2444 3715 2813 3788 προσδοκίαις.
2843 3714 2905 3768 '0
2937 3714 3044 3786 7&9
3067 3716 3194 3786 περὶ
3225 3716 3573 3779 ἀναστάσεως
3596 3712 3839 3782 δυνάμενος

2307 3799 2637 3870 φιλοσοφεῖν,
2694 3798 2789 3852 καὶ
2827 3798 3174 3869 μεταστήσας
3218 3796 3417 3853 ἑαυτὸν
3473 3797 3585 3852 δλον
3623 3795 3742 3867 πρὸς
3764 3794 3840 3863 τὴν

2309 3883 2429 3936 ἐκεῖ
2483 3878 2650 3946 ζωὴν,
2701 3879 2855 3933 οὐδὲν
2913 3881 3184 3952 ἡγήσεται
3236 3880 3311 3934 τὰ
3352 3881 3587 3953 παρόντα
3631 3876 3767 3941 εἶναι,
3792 3875 3839 3928 οὐ

2309 3962 2560 4029 πλοῦτον,
2585 3964 2685 4017 οὐκ
2715 3961 2994 4034 εὐπορίαν,
3029 3962 3090 4016 οὐ
3121 3965 3372 4036 χρυσίον,
3407 3965 3503 4017 οὐκ
3519 3958 3837 4035 ἄργυρον,οὴ

2310 4046 2540 4118 ἱματίων
2569 4046 2883 4118 περιϐολὴν,
2917 4046 2978 4099 οὐ
3010 4047 3246 4121 τρυφὴν,
3287 4048 3350 4101 οὐ
3377 4047 3639 4118 τραπέζας
3662 4043 3837 4097 πολυτε·

2309 4131 2445 4192 λεῖς,
2475 4129 2576 4181 οὐκ
2598 4128 2726 4182 ἀλλο
2758 4129 2867 4182 τῶν
2894 4127 3148 4183 τοιούτων
3191 4131 3373 4184 οὐδέν·
3410 4134 3439 4184 ὁ
3456 4130 3512 4184 65
3538 4128 3691 4183 ταῦτα
3711 4124 3838 4196 μηδὲν

2310 4208 2454 4266 εἶναι
2505 4212 2762 4281 νομίζων,
2804 4211 3168 4284 εὐκολώτερον
3206 4214 3314 4284 τῆς
3357 4212 3466 4267 τῶν
3498 4214 3720 4282 πενήτων
3750 4204 3826 4261 ἀνθ

2312 4294 2490 4359 έξεται
2516 4294 2871 4366 προστασίας.
2918 4294 3017 4348 Διά
3066 4296 3125 4350 δέ
3161 4295 3329 4351 τοῦτο
3355 4298 3451 4351 καὶ
3478 4296 3672 4359 Παῦλος
3699 4289 3837 4352 καλῶς

2312 4376 2848 4448 προπαρασκευάσας
2896 4377 3076 4430 αὐτῶν
3113 4377 3211 4450 τὴν
3259 4379 3504 4435 διάνοιαν
3541 4381 3604 4451 τῇ
3636 4372 3837 4448 περὶτῆς

2311 4458 2661 4522 ἀναστάσεως
2682 4459 2992 4529 φιλοσοφίᾳ,
3008 4460 3129 4513 τότε
3147 4462 3265 4532 είσή
3278 4480 3417 4532 γαγε
3441 4464 3538 4534 τὴν
3556 4461 3833 4533 παραίνεσιν.

2382 4540 2489 4595 Καὶ
2516 4541 2617 4594 οὐκ
2644 4536 2788 4606 εἶπε,
2806 4542 2941 4612 Περὶ
2962 4541 3018 4594 δὲ
3049 4542 3145 4613 τῆς
3166 4543 3359 4612 λογίας
3374 4547 3472 4616 τῆς
3499 4548 3574 4605 εἰς
3598 4545 3706 4607 τοὺς
3727 4556 3835 4594 πτω-

2310 4623 2457 4692 χοὺς,
2484 4621 2625 4688 οὐδὲ,
2652 4623 2753 4693 τῆς
2784 4624 2862 4686 εἰς
2890 4624 3016 4688 τοὺς
3044 4625 3307 4697 πένητας,
3345 4627 3504 4692 ἀλλὰ,
3526 4622 3629 4694 τῆς
3643 4626 3717 4687 είς
3732 4617 3837 4680 τοὺς

2308 4702 2533 4771 ἁγίους·
2549 4702 2820 4758 παιδεύων
2851 4706 2979 4770 τοὺς
3013 4705 3315 4772 ἀκούοντας
3350 4708 3442 4760 καὶ
3490 4708 3609 4768 τοὺς
3634 4707 3685 4757 ἐν
3713 4697 3834 4766 πενίᾳ

2284 4785 2636 4857 θαυμάζειν,
2676 4787 2805 4841 ὅταν
2830 4788 3076 4854 εὐσεϐεῖς
3122 4784 3246 4855 ὦσι,
3299 4791 3541 4854 καὶτοὺς
3569 4791 3622 4843 ἐν
3667 4781 3836 4850 πλούτῳ

2309 4868 2608 4937 διαπτύειν,
2643 4870 2771 4924 ὅταν
2801 4872 3003 4944 ἀρετῆς
3032 4875 3468 4945 καταφρονῶσιν.
3500 4869 3614 4928 Οῐδε
3635 4868 3745 4940 γοῦν
3766 4863 3837 4918 καὶ

2314 4952 2536 5015 βασιλέα
2569 4952 2797 5024 βέϐηλον
2824 4955 3009 5008 καλεῖν
3054 4957 3147 5010 καὶ
3176 4956 3515 5028 παράνομον,
3546 4957 3664 5009 ὅταν
3684 4945 3835 5028 ἐχθῶ

2305 5031 2337 5108 ᾖ
2370 5035 2449 5107 τῷ
2491 5036 2634 5106 Θεῷ,
2671 5037 2765 5090 κα)⁸
2797 5038 3047 5108 πτωχοὺς
3087 5024 3294 5108 ἁγίους,
3323 5024 3454 5095 ὅταν
3500 5038 3737 5098 ἐπιεικεῖς
3758 5024 3836 5084 ὦσι

2307 5120 2401 5172 καὶ
2428 5118 2657 5189 μέτριοι.
2691 5118 2794 5172 Τὸν
2826 5118 2955 5187 γοῦν
3008 5120 3237 5191 Νέρωνα
3291 5124 3585 5196 μυστήριον
3610 5122 3699 5189 τῆς
3744 5115 3837 5168 ἀνθ·

2311 5201 2440 5273 μίας
2475 5200 2651 5267 καλεῖ,
2678 5201 2874 5271 λέγων·
2941 5203 3014 5258 Τὸ
3053 5205 3163 5273 γὰρ
3195 5206 3536 5276 μυστήριον
3582 5202 3687 5271 ἤδη
3709 5201 3840 5264 ἐνερ⁴

2307 5283 2490 5354 ’νεῖται
2511 5283 2620 5353 τῆς
2652 5285 2926 5355 ἀνομίας·
2963 5286 3187 5352 τούτους
3218 5289 3272 5342 δὲ
3305 5290 3402 5342 καὶ
3439 5288 3557 5343 οὐδὲ
3588 5286 3681 5355 τῆς
3702 5284 3840 5346 ἀνστ-

2309 5367 2469 5432 καίας
2492 5367 2859 5440 εὐποροῦντας
2883 5371 3108 5443 τροφῆς,
3137 5371 3250 5425 ἀλλ’
3275 5373 3342 5424 ἐκ
3378 5371 3472 5426 τοῦ
3499 5370 3723 5425 ἐπαιτεῖν
3742 5379 3841 5437 τρε·

2309 5449 2597 5521 φομένους,
2633 5452 2822 5520 ἁγίους
2851 5452 3153 5524 ὠνόμασεν.
3186 5455 3334 5525 Ἀμα
3378 5455 3436 5508 δὲ
3464 5452 3726 5513 κάκείνους
3740 5448 3842 5500 λαν-

2303 5533 2571 5597 θανόντως
2603 5534 2849 5589 ἐδίδασκε
2880 5536 2953 5606 μὴ
2984 5536 3127 5606 μέγα
3149 5539 3389 5607 φρονεῖν,
3409 5537 3543 5609 μηδὲ
3563 5527 3842 5605 ἐπαίρεσθαι

2301 5621 2367 5690 τῇ
2390 5619 2488 5688 τῆς
2519 5618 2734 5690 ἐντολῆς
2787 5618 2951 5687 δόσει,
2984 5619 3060 5684 ὼς
3089 5621 3329 5677 εὐτελέσι
3372 5621 3483 5677 τισὶ
3532 5621 3619 5677 καὶ
3646 5619 3842 5673 εὐκατα-
