4058 6258
347 282 464 342 261

1101 432 3598 466 __.__.______________________________________

1685 296 1768 349 DE
1809 296 2290 351 ELISEMOSYNA.
3494 309 3607 367 25-:

1337 645 1467 721 DE
1542 647 2216 727 ELEEMOSYNA
2291 649 2624 728 SERMO

359 899 634 945 HABII'US
664 898 796 942 CUI!
822 898 1044 942 HIBMIS
1084 899 1380 943 TEMPORE
1409 898 1956 955 ΡηιιτιιΑΝειιεειΤ,
1989 898 2070 940 ΕΤ
2099 898 2420 946 PAUPERES
2461 905 2907 966 MENDICOSQUE
2946 919 3304 973 κκθιῑοτοε
3347 930 3631 984 πυιειεοι·

1671 997 1735 1041 IN
1775 996 1942 1042 F030
1983 996 2316 1043 JACENTES.

431 1220 484 1274 1.
521 1217 763 1273 ΙΙοηιὶιίω
787 1217 942 1289 hujus
979 1217 1220 1272 habendae
1248 1219 1465 1271 occasio.
1501 1247 1571 1256 —
1600 1216 1942 1287 Legationem

356 1310 642 1380 quamdam
664 1310 880 1380 justam,
908 1310 1089 1365 utilem
1114 1310 1368 1379 vobisque
1393 1318 1774 1378 congruentem
1800 1305 1939 1376 apud

363 1416 457 1457 vos
485 1401 727 1456 obiturus
746 1402 946 1457 accessi
975 1401 1168 1465 hodie;
1201 1417 1305 1455 non
1327 1403 1394 1456 ab
1417 1399 1523 1454 alio
1548 1401 1795 1469 quopiam
1823 1413 1944 1452 ora-

361 1502 445 1548 tor
471 1494 814 1559 constitutus,
843 1508 999 1563 quam
1027 1508 1055 1546 a
1079 1493 1416 1562 pauperibus,
1438 1493 1525 1562 qui
1549 1501 1781 1546 vestram
1807 1490 1943 1543 hanc

358 1583 627 1638 civitatem
658 1584 896 1638 incolunt
921 1601 935 1649 ;
963 1598 1066 1638 non
1099 1584 1296 1649 verbis,
1325 1599 1431 1636 non
1457 1581 1698 1646 calculis,
1728 1596 1831 1634 non
1858 1594 1943 1634 se-

362 1675 765 1728 natusconsulto
792 1675 1007 1742 missus,
1031 1676 1125 1730 sed
1149 1674 1540 1729 miserabilibus
1558 1672 1943 1728 acerbissimis-

359 1777 466 1832 que
508 1765 849 1833 spectaculis.
875 1763 1006 1818 Nam
1032 1779 1151 1818 cum
1190 1764 1255 1817 ad
1297 1773 1494 1819 emtum
1541 1773 1773 1819 vestrum
1814 1778 1942 1833 pro-

360 1872 557 1925 perans
575 1873 670 1926 per
686 1857 856 1911 forum
881 1867 932 1912 et
949 1857 1257 1927 angiportus
1276 1857 1578 1923 transirem,
1598 1857 1941 1926 videremque

358 1950 786 2006 multos-mediis
815 1951 866 2004 in
898 1949 1051 2004 biviis
1084 1949 1356 2020 jacentes,
1390 1949 1523 2003 alios
1563 1947 1790 2004 exsectis
1825 1963 1940 2001 ma-

361 2043 538 2106 nibus,
589 2042 724 2096 alios
749 2041 959 2096 effossis
999 2043 1187 2106 oculis,
1231 2041 1365 2095 alios
1413 2039 1681 2094 ulceribus
1711 2038 1942 2093 vulneri-

358 2135 567 2201 busque
619 2133 1001 2188 insanabilibus
1053 2133 1273 2203 plenos,
1336 2134 1558 2202 illasque
1607 2132 1940 2202 potissimum

359 2235 540 2296 partes
591 2225 923 2290 exhibentes,
972 2241 1104 2294 quas
1149 2235 1365 2294 pr0pter
1409 2225 1613 2280 saniem
1659 2233 1944 2294 contegere

357 2333 494 2386 opus
519 2326 635 2372 erat
665 2335 678 2371 :
703 2326 956 2376 extremae
985 2316 1383 2370 inhumanitatis
1405 2332 1523 2372 esse
1551 2317 1701 2382 duxi,
1729 2318 1773 2371 si
1803 2316 1941 2386 apud

358 2411 634 2466 caritatem
670 2419 905 2465 vestram
951 2411 1017 2465 de
1063 2409 1145 2464 his
1183 2426 1289 2464 non
1331 2409 1492 2464 verba
1541 2409 1794 2475 facerem,
1821 2423 1942 2463 cum

355 2503 590 2558 maxime
619 2511 812 2572 praeter
837 2517 922 2570 ea,
949 2518 1067 2573 quae
1093 2501 1232 2556 dicta
1262 2509 1404 2568 sunt,
1435 2517 1522 2557 me
1544 2509 1752 2570 tempus
1780 2501 1942 2556 etiam

355 2595 426 2650 ad
455 2611 573 2650 eam
602 2611 713 2650 rem
743 2595 1110 2666 compelleret.
1141 2594 1272 2649 Nam
1305 2609 1517 2666 semper
1559 2593 1772 2664 quidem
1809 2607 1942 2648 con-

358 2688 508 2742 venit
555 2687 624 2742 de
676 2687 1014 2758 eleemosyna
1063 2701 1366 2741 sermonem
1423 2686 1653 2750 habere,
1699 2685 1941 2756 quando-

354 2779 574 2848 quidem
599 2787 651 2832 et
681 2794 777 2835 nos
806 2779 966 2832 multa
999 2777 1206 2832 Domini
1231 2778 1320 2848 qui
1348 2792 1444 2831 nos
1463 2777 1700 2832 condidit
1730 2777 1939 2832 miseri-

355 2869 537 2923 cordia
581 2885 828 2939 egemus;
857 2869 950 2923 sed
996 2869 1096 2923 hac
1139 2877 1453 2937 tempestate
1495 2869 1752 2934 maxime,
1797 2877 1942 2923 tanto

357 2970 582 3030 urgente
600 2959 817 3030 frigore.
843 2959 1052 3016 JEstate
1069 2974 1298 3028 namque
1319 2959 1572 3028 temporis
1593 2957 1943 3012 commoditas

359 3067 610 3120 maguum
657 3051 810 3105 all’ert
846 3050 1165 3120 pauperibus
1196 3049 1443 3104 solatium
1476 3067 1491 3104 :
1525 3065 1645 3103 nam
1683 3049 1766 3103 vel
1811 3047 1936 3102 nudi

354 3144 479 3198 sine
527 3143 766 3212 periculo
801 3143 1073 3196 ambulare
1118 3150 1357 3212 possunt,
1390 3157 1511 3196 cum
1555 3141 1759 3196 solares
1807 3140 1941 3195 radii

355 3234 666 3288 vestimenti
710 3233 829 3287 loco
870 3232 996 3298 sint,
1024 3248 1142 3286 cum
1183 3240 1300 3287 tuto
1334 3233 1537 3302 possint
1566 3233 1616 3284 in
1664 3231 1808 3285 nudo
1851 3245 1942 3300 pa-

356 3327 597 3379 vimento
627 3323 843 3387 cubare,
873 3333 926 3378 et
955 3324 1055 3378 sub
1082 3323 1170 3377 dio
1195 3333 1378 3378 noctes
1406 3324 1738 3394 transigere;
1769 3338 1941 3393 neque

359 3415 496 3470 adeo
524 3415 900 3469 calceamentis
935 3414 1200 3484 indigent,
1234 3430 1337 3470 non
1366 3415 1473 3468 vini
1515 3423 1662 3484 potu,
1693 3431 1798 3468 non
1829 3415 1943 3469 lau-

362 3508 498 3560 tiore
527 3505 647 3559 cibo
673 3522 687 3559 :
722 3520 844 3558 nam
870 3508 998 3560 satis
1027 3515 1153 3560 sunt
1182 3505 1309 3575 ipsis
1335 3505 1506 3559 fontes
1533 3519 1825 3575 aquarum;
1857 3505 1941 3560 his

363 3597 553 3648 viliora
576 3596 742 3660 olera,
771 3595 873 3649 illis
897 3611 1058 3662 pauca
1080 3595 1333 3664 aridaque
1357 3596 1619 3665 legumina
1646 3594 1938 3662 sufficiunt,

359 3686 486 3739 anni
541 3694 854 3755 tempestate
904 3693 1160 3754 apparatu
1203 3683 1410 3740 facilem
1465 3685 1594 3755 ipsis
1645 3686 1942 3741 instruente

359 3791 622 3830 Incnsam.
648 3775 907 3845 Aliudque
947 3790 1045 3830 nec
1081 3777 1256 3829 minus
1285 3775 1622 3830 connnodum
1659 3783 1784 3830 tunc
1814 3776 1942 3845 ipsis

359 3866 534 3931 adest;
562 3865 818 3935 operandi
847 3881 1038 3935 nempe
1065 3866 1285 3920 facultas
1319 3883 1331 3918 :
1359 3882 1479 3919 nam
1511 3869 1598 3936 qui
1625 3866 1814 3920 domos
1841 3882 1938 3920 ex-

361 3966 595 4024 struunt,
625 3959 714 4028 qui
763 3967 957 4014 terram
997 3957 1224 4022 fodiunt,
1272 3959 1362 4028 qui
1406 3959 1458 4012 in
1494 3959 1624 4012 mari
1671 3959 1936 4028 navigant,

362 4049 556 4108 horum
601 4051 830 4105 maxime
859 4051 1154 4105 ministerio
1196 4065 1328 4120 opus
1357 4050 1574 4106 habent.
1620 4051 1772 4118 Quod
1799 4053 1939 4106 enim

362 4141 619 4195 divitibus
664 4150 788 4195 sunt
843 4141 990 4211 agri,
1043 4140 1234 4196 domus
1284 4141 1567 4211 cieterique
1620 4151 1938 4211 proventus,

364 4231 595 4300 idipsum
625 4241 706 4286 est
729 4231 834 4285 illis
856 4245 1072 4302 corpus,
1104 4242 1152 4286 et
1185 4233 1273 4302 qui
1307 4234 1549 4287 manibus
1569 4234 1742 4303 parari
1771 4244 1944 4303 potest

363 4322 569 4377 reditus
603 4339 616 4376 :
643 4321 856 4376 aliunde
883 4321 1014 4375 nihil
1052 4321 1222 4376 adest.
1251 4322 1582 4393 Quapropter
1610 4333 1794 4378 aestate
1825 4323 1944 4394 qui-

361 4412 486 4466 dem
512 4412 780 4482 quidpiam
803 4412 1022 4466 oll‘ertur
1045 4413 1240 4477 solatii;
1266 4413 1486 4468 hiberno
1502 4423 1676 4468 autem
1705 4424 1945 4485 tempore

365 4519 616 4574 magnum
646 4503 752 4557 illis
796 4503 1028 4574 undique
1066 4503 1284 4569 bellum,
1317 4504 1510 4574 duplex
1536 4504 1740 4558 obsidio
1761 4547 1775 4570 ,
1805 4504 1944 4560 fame

365 4597 511 4650 intus
536 4597 740 4650 viscera
769 4595 1011 4661 rodente,
1044 4595 1343 4665 frigoreque
1372 4595 1704 4650 extrinsecus
1731 4610 1944 4650 carnem

366 4687 683 4757 Congelante
702 4727 718 4752 ,
742 4696 797 4741 et
824 4688 973 4756 quasi
1005 4696 1266 4741 mortuam
1298 4687 1573 4740 reddente.
1606 4685 1808 4741 Idcirco
1842 4687 1947 4742 lar-

366 4780 516 4849 giore
537 4779 681 4845 cibo,
711 4778 959 4834 densiore
985 4779 1176 4832 vestitu
1209 4792 1342 4847 opus
1370 4777 1593 4844 habent,
1627 4779 1948 4848 insuperque

370 4879 534 4937 tecto,
575 4879 763 4937 strato,
793 4870 1168 4924 calceamentis
1203 4871 1487 4940 multisque
1524 4871 1659 4924 aliis.
1691 4871 1948 4940 Quodque

369 4961 473 5016 illis
499 4960 742 5015 acerbius
773 4968 876 5025 est,
909 4976 976 5014 ne
1001 4959 1252 5029 operandi
1281 4959 1493 5030 quidem
1521 4960 1821 5015 facultatem
1847 4960 1947 5014 ha-

371 5052 498 5105 bent
529 5067 544 5103 :
571 5066 746 5122 neque
779 5050 921 5104 enim
952 5049 1003 5104 id
1042 5051 1164 5104 anni
1207 5060 1492 5121 tempestas
1530 5053 1740 5122 patitur.
1771 5053 1950 5118 Quan-

368 5141 655 5212 doquidem
687 5143 846 5213 igitur
881 5143 1117 5212 pluribus
1161 5143 1397 5212 indigent
1435 5143 1604 5212 iisque
1634 5144 1950 5197 necessariis

371 5235 552 5301 rebus,
582 5251 755 5306 neque
779 5235 1032 5305 operandi
1059 5234 1278 5289 facultas
1299 5235 1467 5300 adest,
1494 5235 1707 5290 nemine
1727 5236 1952 5291 miseros

370 5327 726 5393 conducente,
758 5327 972 5382 nemine
996 5325 1062 5380 ad
1082 5341 1214 5396 opus
1235 5334 1474 5390 vocante,
1505 5341 1622 5396 age,
1645 5325 1950 5381 conducen-

373 5420 505 5473 tium
537 5421 674 5486 vice,
718 5419 1141 5474 misericordium
1181 5417 1454 5472 hominum
1497 5434 1685 5472 manus
1719 5419 1952 5488 porriga-

372 5527 492 5564 nius
525 5527 538 5563 :
571 5520 731 5581 atque
772 5511 839 5566 ad
869 5511 1007 5566 hanc
1052 5511 1366 5581 legationem
1407 5509 1627 5564 Paulum
1662 5525 1952 5581 egenorum

375 5615 500 5656 vere
527 5611 810 5672 patronum
836 5611 890 5657 et
918 5611 1215 5657 curatorem
1244 5601 1295 5655 in
1319 5600 1574 5670 collegam
1597 5614 1948 5656 assumamus.

378 5690 589 5746 Etenim
640 5707 884 5762 magnam
927 5693 1013 5748 ille
1045 5691 1261 5763 hujusce
1301 5691 1398 5758 rei,
1433 5700 1484 5747 et
1515 5698 1765 5760 quantam
1797 5706 1953 5748 nemo

3143 1051 3176 1084 1

2051 1211 2204 1306 alius,
2239 1215 2648 1277 sollicitudinem
2678 1223 2856 1282 habet.
2900 1229 3052 1288 Unde
3095 1233 3279 1294 divisis
3316 1255 3436 1299 cum
3466 1246 3627 1306 Petro

2048 1300 2342 1396 discipulis,
2376 1325 2664 1380 pauperum
2687 1331 2866 1373 curam
2890 1337 2995 1377 non
3024 1323 3203 1383 divisit
3231 1334 3364 1389 :sed
3394 1300 3626 1396 cumdi-

2047 1395 2232 1496 xisset,
2254 1394 2486 1496 Pextras
2513 1404 2758 1460 dederunt
2783 1412 2908 1465 mihi
2936 1423 2982 1467 et
3003 1414 3254 1475 Barnabte
3273 1427 3540 1496 societatis,

2045 1485 2218 1590 uos‘in
2236 1485 2445 1590 fientes,
2470 1495 2569 1563 ipsi
2604 1496 2657 1550 in
2698 1499 3124 1561 circumcisionem
3158 1509 3296 1582 (Gal.
3325 1515 3379 1570 2.
3403 1518 3480 1590 9),

2039 1575 2167 1675 jeeit
2188 1618 2202 1641 ,
2235 1576 2455 1680 Tantum
2502 1593 2556 1637 ut
2592 1602 2872 1657 pauperum
2908 1610 3151 1652 memores
3194 1617 3410 1661 essemus
3437 1575 3627 1680 E'quod

2045 1664 2194 1769 etiam
2222 1667 2468 1769 sollicitus
2491 1673 2566 1744 fui
2591 1675 2686 1769 Itoc
2714 1679 2879 1746 ipsum
2908 1687 3075 1754 facere
3096 1687 3255 1760 (Ibid.
3299 1710 3346 1748 υ.
3386 1664 3517 1769 10).⁷

2044 1757 2185 1811 enim
2209 1760 2400 1832 ubique
2419 1779 2521 1834 per
2538 1767 2791 1835 epistolas
2810 1788 2931 1829 suas
2955 1775 3037 1831 his
3057 1757 3125 1835 de
3147 1783 3302 1838 rebus
3321 1757 3624 1848 sermonem

2045 1849 2278 1949 inducit,
2299 1868 2474 1949 neque
2509 1855 2668 1912 ullam
2699 1861 2815 1930 ejus
2849 1867 3084 1933 reperias
3122 1873 3398 1941 epistolam
3441 1879 3627 1949 hujus-

2047 1941 2188 1994 modi
2215 1943 2576 2003 admonitione
2597 1965 2834 2006 vacuam.
2866 1952 3078 2014 Sciebat
3103 1963 3266 2032 enim,
3293 1969 3491 2024 sciebat
3512 1941 3623 2028 uti-

2047 2045 2151 2098 que
2172 2034 2353 2101 quanti
2383 2039 2638 2093 momenti
2669 2057 2755 2096 res
2781 2043 2848 2096 sit
2880 2063 2895 2100 :
2923 2050 3269 2116 quamobrem
3295 2071 3356 2111 ac
3381 2059 3427 2112 si
3452 2062 3623 2117 (edifi-

2046 2119 2129 2174 cio
2158 2121 2397 2179 mirabile
2430 2127 2693 2198 fastigium
2741 2132 3012 2204 imponat,
3057 2141 3274 2212 reliquis
3313 2150 3528 2206 monitis
3567 2162 3626 2210 et

2045 2212 2282 2268 consiliis
2312 2215 2606 2273 doctrinam
2631 2220 2731 2278 hac
2755 2223 2820 2278 de
2847 2242 2906 2280 re
2924 2227 3125 2299 adjicit.
3151 2234 3303 2301 Quod
3334 2241 3493 2295 etiam
3525 2243 3626 2301 hoc

2045 2301 2162 2357 loco
2193 2303 2336 2372 fecit,
2371 2323 2490 2362 cum
2514 2308 2580 2365 de
2606 2318 2995 2374 resurrectione
3026 2321 3307 2392 loquutus,
3344 2341 3622 2400 postquam

2043 2402 2235 2449 Cl'It'ra
2278 2399 2455 2453 omnia
2503 2400 2860 2472 disposuerat,
2904 2409 2956 2463 in
2996 2411 3136 2470 hunc
3175 2414 3242 2471 de
3281 2419 3625 2496 eleemosyna

2049 2502 2351 2585 sermonem
2379 2491 2575 2548 desinit
2599 2495 2680 2551 his
2709 2499 2885 2554 verbis
2909 2519 2924 2554 :
2952 2501 3030 2556 De
3053 2505 3271 2561 collectis
3299 2521 3484 2579 autem,

2044 2578 2173 2649 ﬁunt
2200 2581 2250 2635 in
2277 2595 2499 2652 sanctos,
2525 2587 2656 2641 sicut
2682 2590 2913 2644 ordinavi
2942 2588 3183 2650 Ecclesiis
3210 2595 3444 2666 Galatia,
3475 2578 3548 2657 sic
3573 2615 3620 2660 et

2043 2685 2129 2724 vos
2169 2673 2321 2742 facile
2362 2689 2382 2728 :
2423 2674 2477 2729 in
2516 2692 2618 2731 una
2663 2678 2983 2735 sabbatorum
3031 2687 3374 2760 unusquisque
3409 2703 3628 2750 vestrum

2045 2762 2122 2831 (l.
2154 2765 2270 2818 Cor.
2298 2766 2384 2821 16.
2425 2768 2475 2822 l.
2502 2765 2582 2839 Ξ).
2606 2768 2986 2830 Animadverte
3011 2777 3346 2845 prudentiam
3375 2787 3629 2854 apostoli-

2043 2871 2183 2922 cam,
2227 2874 2384 2926 quam
2435 2871 2733 2929 opportune
2772 2863 2909 2919 hanc
2941 2875 3132 2923 tractet
3176 2871 3616 2931 admonitionem.

2004 2945 2329 3017 .Postquam
2377 2950 2519 3004 enim
2569 2950 2803 3007 futurum
2839 2954 3096 3024 judicium
3137 2967 3191 3013 et
3221 2961 3450 3019 tribunal
3497 2965 3627 3023 illud

2045 3036 2378 3092 tremendum
2401 3053 2927 3110 commemoraverat,
2960 3061 3058 3101 nec
3081 3063 3184 3102 non
3205 3050 3426 3119 gloriam
3455 3055 3622 3124 illam,

2042 3141 2141 3196 qua
2165 3127 2449 3184 amiciendi
2478 3141 2600 3185 sunt
2621 3131 2675 3196 ii,
2699 3133 2785 3203 qui
2811 3135 2977 3204 probe
2999 3137 3252 3209 vixerint,
3277 3152 3437 3214 atque
3461 3148 3623 3203 vitam

2041 3218 2394 3275 immortalem
2424 3238 2438 3274 :
2471 3231 2596 3278 tunc
2628 3224 2844 3280 demum
2889 3225 2974 3282 his
3009 3228 3077 3284 de
3119 3231 3278 3288 rebus
3318 3248 3622 3294 sermonem

2042 3308 2222 3376 infert,
2254 3321 2310 3364 ut
2336 3312 2472 3366 bona
2498 3327 2593 3383 spe
2623 3313 2782 3370 fultus
2809 3325 2968 3388 atque
2997 3303 3295 3390 expeditior
3328 3323 3496 3382 factus
3524 3344 3617 3384 au‘

2042 3400 2214 3466 ditor,
2245 3402 2449 3472 majore
2493 3404 2664 3473 ipsum
2702 3406 2976 3463 alacritate
3019 3411 3331 3480 susciperet,
3382 3423 3490 3470 tum
3545 3418 3626 3471 in-

2042 3500 2217 3545 stante
2241 3490 2425 3561 jndicii
2457 3492 2647 3548 timore
2673 3505 2869 3563 motus,
2901 3506 3010 3551 tum
3037 3501 3395 3568 repositorum
3431 3519 3625 3575 exspe-

2042 3583 2274 3639 ctatione
2301 3583 2558 3639 bonorum
2603 3586 2860 3656 gestiens.
2904 3587 3114 3644 Etenim
3153 3592 3238 3660 qui
3267 3592 3336 3647 de
3381 3609 3627 3652 resurre-

2043 3675 2220 3728 ctione
2250 3674 2611 3745 philosophari
2636 3686 2831 3746 potest,
2857 3688 2911 3732 et
2939 3679 3005 3733 ad
3034 3678 3264 3736 futuram
3288 3683 3434 3740 illam
3461 3684 3625 3741 vitam

2042 3779 2104 3818 se
2139 3772 2308 3818 totum
2350 3765 2620 3830 transfert,
2664 3769 2946 3835 praesentia
2977 3769 3128 3823 nihili
3170 3769 3347 3838 faciet,
3379 3772 3626 3842 divitias,

2047 3853 2344 3920 facultates,
2368 3870 2574 3923 aurum,
2598 3867 3250 3929 argentum,sumptuosas
3269 3871 3467 3932 vestes,
3493 3865 3630 3920 deli-

2043 3947 2154 4001 cias
2179 3989 2194 4013 ,
2236 3947 2430 4001 lautam
2476 3962 2734 4011 mensam,
2765 3957 2854 4002 aut
2882 3949 3091 4019 quidvis
3117 3951 3259 4005 aliud
3287 3953 3463 4009 simile
3494 3971 3509 4008 :
3538 3957 3630 4026 qui

2043 4050 2220 4094 autem
2250 4038 2363 4093 ha-c
2389 4039 2519 4092 nihil
2550 4055 2671 4094 esse
2693 4050 2919 4108 reputat,
2953 4056 3246 4111 pauperum
3275 4045 3632 4113 patrocinium

2043 4131 2249 4186 facilius
2279 4132 2550 4200 suscipiet.
2597 4129 2828 4200 Ideoque
2873 4130 3090 4198 Paulus,
3117 4144 3403 4204 postquam
3442 4151 3630 4191 eorum

2042 4233 2275 4278 mentem
2327 4237 2421 4293 per
2476 4221 2866 4293 philosophiam
2922 4224 3068 4279 illam
3117 4225 3186 4282 de
3237 4229 3636 4284 resurrectione

2047 4316 2265 4385 pulchre
2323 4325 2743 4385 praeparaverat,
2803 4326 2930 4370 tunc
2991 4317 3418 4376 adhortationem
3478 4319 3635 4378 illam

2045 4406 2237 4460 intulit.

2119 4496 2324 4566 Pauper
2340 4497 2452 4568 pius
2477 4496 2628 4551 divite
2649 4497 2877 4568 improbo
2912 4502 3250 4570 praestantior.
3282 4502 3480 4560 Paulus
3497 4523 3630 4576 pau-

2046 4605 2186 4660 peres
2199 4604 2516 4660 summapere
2529 4597 2692 4644 curat.
2706 4585 2900 4643 —Non
2915 4589 3066 4657 dixit,
3088 4591 3161 4645 De
3181 4593 3400 4648 collecta
3419 4609 3549 4652 vero
3573 4597 3628 4651 in

2046 4679 2338 4746 mendicos,
2363 4679 2467 4748 vel,
2487 4680 2537 4734 in
2561 4695 2840 4750 pauperes;
2867 4685 2983 4745 sed,
3007 4679 3072 4735 In
3096 4693 3296 4736 sanctos
3318 4699 3338 4738 :
3357 4685 3634 4742 auditores

2049 4776 2332 4830 instituens
2361 4782 2418 4828 ut
2442 4788 2640 4843 egenos
2666 4773 3004 4828 admirationi
3035 4772 3308 4843 haberent,
3333 4778 3378 4832 si
3410 4779 3634 4848 quidem

2051 4869 2122 4922 illi
2151 4867 2225 4937 pii
2251 4875 2459 4931 essent;
2502 4865 2800 4936 divitesque
2826 4878 3167 4935 respuerent,
3192 4869 3234 4921 si
3277 4871 3525 4925 virtutem
3556 4872 3632 4928 illi

2049 4957 2408 5026 despicerent.
2449 4955 2598 5010 Solet
2634 4955 2774 5010 enim
2822 4957 2981 5011 etiam
3023 4954 3399 5026 Imperatorem
3451 4962 3630 5030 profa-

2053 5063 2178 5101 num
2223 5056 2279 5101 et
2309 5047 2546 5116 iniquum
2569 5060 2780 5110 vocare,
2807 5045 3020 5117 quando
3045 5047 3289 5103 inimicus
3314 5059 3395 5104 est
3423 5051 3551 5116 Dei;
3575 5060 3631 5108 et

2052 5153 2312 5210 pauperes
2339 5148 2570 5203 sanctos,
2599 5153 2718 5192 cum
2747 5139 2902 5209 probi
2930 5140 3264 5212 modestique
3292 5152 3431 5198 sunt.
3463 5144 3634 5199 Nero-

2053 5245 2174 5285 nem
2221 5231 2413 5300 quippe
2459 5229 2772 5300 mysterium
2817 5229 3108 5299 iniquitatis
3158 5241 3349 5297 vocat,
3407 5233 3630 5291 dicens:

2055 5320 2355 5392 Mysterium
2403 5320 2535 5375 enim
2575 5337 2708 5373 nunc
2753 5329 2992 5389 operatur
3030 5321 3314 5391 iniquitatis
3335 5321 3409 5392 (2.
3454 5321 3627 5377 Thess.

2053 5411 2108 5465 2.
2131 5412 2222 5482 7);
2247 5411 2344 5465 hos
2366 5420 2540 5465 autem
2562 5410 2651 5480 qui
2672 5410 2936 5465 alimentis
2957 5409 3200 5480 egebant,
3225 5421 3277 5465 et
3298 5411 3634 5468 entendieato

2057 5520 2192 5574 pane
2219 5503 2516 5568 alebantur,
2547 5511 2762 5558 sanctos
2800 5503 3048 5572 appellat.
3083 5502 3298 5558 Interim
3337 5520 3463 5559 vero
3509 5506 3634 5560 sub-

2057 5597 2282 5651 obscure
2318 5596 2473 5650 docet
2518 5594 2656 5662 illos,
2698 5611 2766 5650 ne
2806 5593 3096 5650 efferantur
3140 5596 3353 5663 animo,
3410 5613 3542 5651 neve
3566 5597 3634 5652 de

2059 5687 2366 5763 huiusmodi
2407 5686 2657 5742 mandato
2690 5687 3044 5755 extollantur,
3093 5705 3153 5743 ac
3205 5689 3248 5743 si
3285 5689 3558 5746 vilioribus
3595 5700 3654 5745 et
