4058 6258
506 322 608 383 2ῢ3

498 433 921 505 despoctioribus
963 431 1285 504 largiantur,
1332 430 1430 489 sed
1472 439 1622 487 certo
1658 429 1831 486 sciant
1869 429 2079 499 sibique

504 524 877 595 persuadeant,
902 522 953 577 id
977 522 1078 577 sibi
1103 522 1335 580 maximo
1354 537 1473 578 esse
1493 520 1706 589 honori,
1727 519 1869 591 quod
1895 534 2079 575 eorum

501 630 771 671 aerumnas
796 614 1133 685 participem.

571 705 634 763 2.
658 704 774 761 1am
796 719 923 759 vero
947 718 1123 773 opera:
1144 704 1373 775 pretium
1395 703 1496 758 erit
1523 703 1836 773 disquirere,
1863 700 2077 772 quinam

502 796 612 852 sint
659 796 734 851 illi
783 798 988 851 sancti:
1020 811 1123 849 non
1171 796 1310 849 enim
1347 795 1434 850 hic
1463 804 1662 850 tantum
1704 795 1915 848 illorum
1964 807 2078 846 me-

503 889 677 960 minit,
708 886 802 942 sed
842 887 1004 942 etiam
1044 887 1170 942 alibi
1207 902 1328 942 cum
1370 886 1498 941 dicit
1533 885 1726 941 :Nunc
1754 894 1921 939 autem
1961 898 2080 952 pro-

503 978 704 1050 ficiscor
728 978 781 1031 in
802 977 1088 1031 Jerusalem
1120 977 1406 1032 ministrare
1424 977 1612 1030 sanctis
1646 975 1821 1046 (Rom.
1851 974 1938 1029 15.

506 1070 572 1124 Et
597 1069 765 1126 Lucas
792 1070 844 1123 in
878 1069 1044 1136 Actis,
1070 1085 1190 1123 cum
1216 1084 1403 1138 magna
1433 1066 1606 1123 fatues
1636 1067 1958 1131 innniuerct,
1982 1065 2078 1120 hos

499 1163 643 1232 ipsos
665 1169 878 1215 sanctos
904 1162 973 1214 ita
996 1169 1378 1216 commemorat
1402 1175 1419 1214 :
1445 1158 1695 1229 Discipuli
1719 1166 1906 1223 autem,
1931 1163 2079 1226 prout

499 1250 614 1320 quis
642 1251 890 1319 habebat,
920 1260 1292 1322 proposuerunt
1318 1249 1503 1321 singuli
1525 1250 1718 1303 mittere
1736 1248 1803 1300 ad
1832 1262 2079 1317 pauperes

496 1351 787 1398 sanctorum
804 1385 818 1408 ,
836 1343 924 1413 qui
949 1352 1062 1396 sunt
1079 1342 1132 1395 in
1154 1340 1441 1395 Jerusalem
1469 1338 1604 1412 (Act.
1638 1340 1724 1393 11.
1743 1337 1860 1408 29).
1886 1336 1952 1391 Et
1981 1335 2080 1391 itc-

499 1449 640 1501 rum,
670 1434 812 1505 quod
840 1444 965 1488 ante
1007 1432 1273 1498 dicebam,
1316 1431 1410 1496 ait,
1444 1425 1667 1485 Tantum
1700 1439 1754 1482 ut
1799 1442 2078 1497 pauperum

499 1542 741 1581 memores
769 1541 1009 1591 essemus,
1035 1523 1173 1596 quod
1211 1524 1360 1578 etiam
1404 1522 1650 1577 sollicitus
1676 1523 1752 1594 fui
1779 1523 1872 1576 hoc
1910 1522 2078 1590 ipsum

500 1617 667 1687 facere
687 1615 829 1687 (Gal.
860 1615 916 1670 2.
946 1614 1054 1686 10).
1086 1615 1370 1684 Postquam
1400 1629 1529 1669 vero
1549 1614 1625 1668 sic
1655 1614 1793 1668 inter
1818 1628 1915 1667 nos
1943 1611 2077 1666 divi-

498 1711 686 1778 simus,
734 1720 788 1764 ut
820 1710 949 1764 mihi
994 1708 1211 1775 Gentes,
1256 1707 1415 1762 Petro
1454 1707 1626 1764 Judaei
1673 1709 2073 1775 contingerent,

495 1803 766 1859 communi
813 1802 1079 1858 sententia
1128 1800 1520 1865 constituimus,
1567 1798 1754 1867 inquit,
1795 1807 1854 1853 ut
1887 1795 2077 1852 divisio

498 1894 614 1948 lucc
636 1892 703 1947 ad
734 1906 993 1962 pauperes
1029 1904 1135 1946 non
1169 1891 1509 1960 pertingeret.
1542 1888 1673 1942 Nam
1717 1902 1838 1942 cum
1884 1886 2076 1956 praedi-

495 1983 706 2048 cabant,
731 1982 819 2037 ille
863 1980 1095 2047 Iudaeis,
1126 1980 1213 2034 hic
1255 1979 1513 2036 Gentibus
1558 1978 1919 2049 praedicabat:
1952 1991 2074 2031 cum

496 2090 626 2132 vero
665 2073 987 2145 pauperibus
1036 2070 1527 2144 patrocinabantur,
1558 2085 1663 2125 non
1704 2069 1772 2123 ita
1815 2082 1904 2123 res
1942 2083 2076 2123 con-

494 2166 674 2221 stituta
696 2175 832 2229 erat,
880 2172 938 2218 ut
970 2164 1060 2218 ille
1100 2162 1425 2234 pauperibus
1454 2160 1757 2216 Iudaeorum
1779 2200 1795 2226 ,
1833 2158 1922 2215 hic
1948 2174 2074 2212 vero

492 2254 815 2328 pauperibus
841 2253 1088 2311 Gentium
1128 2263 1330 2308 tantum
1359 2268 1539 2308 curam
1580 2252 1910 2322 impenderet
1937 2268 1953 2306 :
1980 2249 2073 2305 sed

495 2355 718 2416 uterque
758 2361 881 2415 erga
911 2359 1171 2416 pauperes
1215 2342 1522 2399 Judzeorum
1565 2357 1808 2413 magnam
1856 2342 2074 2412 gerebat

491 2451 697 2490 curam.
744 2434 1120 2502 Quamobrem.
1159 2433 1369 2488 dicebat
1418 2450 1433 2486 :
1489 2430 1706 2486 Tantum
1762 2442 1818 2485 ut
1879 2449 2075 2502 paupe-

490 2544 607 2581 rum
648 2543 890 2580 memores
942 2543 1181 2593 essemus,
1217 2525 1354 2597 quod
1377 2527 1528 2580 etiam
1570 2525 1815 2579 sollicitus
1863 2525 1940 2595 fui
1979 2526 2074 2577 hoc

492 2619 661 2686 ipsum
700 2620 883 2688 facere.
919 2614 1146 2684 Quinam
1197 2631 1326 2687 ergo
1372 2625 1497 2671 sunt
1536 2615 1631 2681 illi,
1660 2615 1728 2671 de
1753 2616 1943 2686 quibus
1988 2616 2074 2671 hic

492 2709 743 2779 loquitur,
767 2723 977 2762 necnon
1022 2710 1075 2762 in
1099 2707 1320 2777 epistola
1347 2707 1416 2761 ad
1459 2707 1751 2773 Romanos,
1791 2715 1844 2763 et
1874 2708 1925 2761 in
1960 2707 2075 2779 epi-

489 2799 624 2855 stola
653 2798 720 2853 ad
749 2798 963 2855 Galatas
985 2840 999 2866 ,
1039 2813 1135 2870 pro
1161 2799 1355 2869 quibus
1380 2798 1538 2852 etiam
1589 2797 1899 2853 Macedonas
1948 2796 2074 2851 hor—

489 2890 668 2946 tatur?
709 2889 1016 2946 Judteorum
1070 2904 1352 2960 pauperes,
1384 2890 1474 2959 qui
1514 2882 1873 2963 Jerosolymis‘
1910 2889 2072 2959 dege-

488 2982 637 3037 bant.
667 2980 739 3036 Et
765 2996 862 3035 cur
887 2989 1088 3036 tantam
1115 2996 1301 3035 eorum
1346 2995 1529 3035 curam
1573 2980 1767 3035 habet?
1793 2981 1985 3035 Annon
2016 2981 2070 3034 in

494 3075 718 3145 singulis
754 3074 1059 3129 civitatibus
1086 3088 1348 3144 pauperes
1384 3081 1439 3128 et
1482 3073 1712 3130 mendici
1749 3073 1937 3128 erant?
1964 3071 2072 3129 Cur

485 3163 554 3218 ad
604 3164 727 3217 illos
775 3164 972 3230 mittit,
1011 3173 1064 3218 et
1091 3179 1187 3234 pro
1226 3164 1305 3218 eis
1342 3179 1529 3219 omnes
1572 3163 1763 3235 rogat?
1803 3163 1919 3219 Non
1955 3165 2071 3220 sine

487 3268 650 3309 causa
685 3269 834 3317 sane,
866 3269 965 3307 nec
1007 3263 1240 3316 lBﬂ‘lCl‘ﬁ.
1269 3269 1443 3323 neque
1492 3269 1557 3308 ex
1585 3269 1936 3323 personarum
1975 3269 2069 3308 ac-

484 3344 762 3414 ceptione;
791 3343 886 3397 sed
916 3344 1111 3398 utiliter
1142 3354 1194 3397 et
1224 3344 1520 3399 commode.
1552 3345 1685 3399 Rem
1712 3354 1888 3400 autem
1913 3346 2070 3415 paulo

485 3433 648 3489 altius
691 3442 937 3504 repetere
966 3451 1185 3489 necesse
1212 3442 1313 3488 est.
1354 3433 1612 3501 Quoniam
1649 3433 1954 3489 Juda-orum
1984 3452 2070 3490 res

483 3526 847 3591 conciderant,
880 3535 936 3582 et
964 3541 1082 3580 eum
1125 3527 1309 3582 Jesum
1339 3526 1717 3597 cruciﬁgerent
1740 3568 1755 3595 ,
1790 3543 1970 3583 vocem
2002 3528 2066 3582 il-

485 3618 617 3684 lam,
644 3616 764 3672 Non
790 3618 1031 3672 habemus
1053 3634 1218 3688 regem
1245 3618 1343 3671 nisi
1366 3617 1615 3672 Cursarem
1635 3617 1812 3687 (Joan.
1843 3618 1927 3672 19.
1954 3618 2066 3687 15),

485 3717 672 3762 contra
717 3722 776 3762 se
821 3719 989 3761 ratam
1040 3707 1294 3771 fecerant,
1344 3722 1406 3761 ac
1439 3707 1654 3761 demum
1709 3708 2066 3762 Romanorum

484 3799 709 3868 imperio
753 3797 950 3852 subditi
990 3807 1176 3861 erant,
1227 3813 1401 3865 neque
1439 3798 1518 3851 sui
1567 3798 1736 3866 juris,
1790 3809 1845 3851 nt
1891 3807 2065 3863 antea,

484 3898 669 3954 crant;
705 3905 876 3960 neque
907 3904 1126 3959 prorsus
1147 3889 1308 3955 Servi,
1336 3898 1385 3941 ut
1414 3888 1523 3957 jam
1548 3899 1692 3951 sunt,
1720 3888 1814 3943 sed
1844 3889 1893 3943 in
1921 3905 2070 3943 com-

486 3980 788 4036 militonum
824 3980 1014 4034 ordine
1062 3980 1367 4043 constituti,
1415 3980 1611 4032 tributa
1658 3978 2069 4047 lmpcratnribus

488 4071 796 4142 pendebant
817 4110 832 4135 ,
865 4080 917 4124 ct
947 4078 1205 4139 prmtores
1231 4069 1297 4121 ab
1327 4069 1403 4120 cis
1428 4069 1762 4136 accipiebant
1790 4086 1804 4122 '.
1837 4069 2068 4136 plerum-

486 4150 593 4233 que
618 4163 778 4218 etiam
808 4162 921 4214 suis
952 4161 1240 4213 utebantur
1268 4158 1490 4227 legibus,
1519 4166 1572 4213 et
1601 4174 1693 4211 eos
1720 4159 1809 4228 qui
1840 4160 1977 4227 apud
2010 4176 2068 4214 se

486 4255 896 4322 delinquerent,
944 4250 1237 4304 secundum
1281 4250 1448 4317 patria
1500 4249 1692 4318 placita
1746 4250 2065 4318 plectebant.

486 4344 640 4413 Quod
677 4351 855 4397 autem
887 4341 1082 4396 tributa
1123 4341 1382 4395 Romanis
1413 4342 1706 4410 penderent
1743 4342 1913 4411 palam
1946 4341 2069 4398 hinc

487 4451 591 4504 est,
637 4435 779 4508 quod
819 4435 1000 4491 Jesum
1033 4442 1301 4489 tentantes
1336 4435 1758 4505 interrogarent.
1788 4434 2064 4507 Magister,

486 4530 663 4584 licetne
699 4527 822 4581 dare
852 4542 1055 4580 censum
1084 4525 1294 4590 (.‘wsari,
1343 4541 1512 4579 annon
1561 4524 1772 4596 (Matth.
1802 4526 1891 4579 22.
1945 4527 2067 4597 l7)?
2106 4600 2109 4603 Δ

485 4630 538 4674 at
565 4621 677 4689 ipse
708 4617 870 4687 jussis
900 4616 1190 4671 ostendere
1220 4616 1485 4670 nomisma
1514 4616 1685 4673 dixit:
1719 4615 1931 4670 Reddite
1955 4634 2068 4686 qute

484 4724 603 4768 sunt
627 4712 843 4767 Cmsaris
867 4711 1077 4777 Cwsari,
1106 4720 1152 4765 et
1174 4725 1286 4781 qua:
1317 4718 1432 4764 sunt
1461 4708 1557 4762 Dei
1585 4708 1691 4763 Deo
1717 4707 1820 4778 (Ib.
1863 4727 1907 4763 v.
1935 4710 2061 4779 2|);

484 4806 657 4863 Lucas
677 4820 805 4861 vero
829 4803 979 4871 dicit,
1004 4813 1058 4859 et
1086 4804 1281 4858 milites
1302 4811 1357 4858 et
1385 4804 1625 4858 tribunos
1652 4803 1898 4859 habuisse
1927 4813 2057 4858 tem-

485 4901 629 4971 plum
659 4898 809 4970 (Luc.
836 4899 929 4952 22.
974 4896 1087 4967 52).
1118 4895 1248 4965 Quae
1275 4908 1586 4966 argumenta
1624 4913 1726 4950 non
1770 4896 1905 4951 levia
1942 4907 2066 4952 sunt

483 4994 650 5048 fuisse
691 4991 905 5047 Judzeos
931 4987 1191 5043 Romanis
1235 4987 1477 5042 subditos
1509 5003 1524 5041 :
1556 4987 1697 5057 quod
1739 4999 1915 5043 autem
1947 5003 2065 5056 pro-

479 5082 611 5157 priis
659 5058 936 5135 uterentur
986 5077 1192 5148 legibus
1243 5076 1367 5132 hinc
1405 5078 1580 5147 palam
1618 5087 1721 5142 est,
1768 5078 1910 5147 quod
1948 5078 2065 5133 Ste-

482 5174 719 5246 phanum
750 5170 1034 5241 lapidarint
1066 5184 1164 5225 nec
1185 5168 1251 5223 ad
1281 5169 1513 5225 tribunal
1536 5168 1777 5231 ductum,
1807 5168 2063 5224 Jacobum

482 5270 702 5321 l‘ratrem
729 5260 941 5317 Domini
970 5258 1362 5324 interfecerint,
1393 5257 1664 5313 Christum
1695 5259 1866 5327 ipsum
1895 5260 2066 5313 cruci-

483 5356 719 5418 tixerint,
753 5351 966 5408 etiamsi
998 5351 1166 5420 judex
1207 5347 1548 5410 concederet,
1580 5357 1639 5402 ut
1663 5348 1807 5402 omni
1846 5349 2068 5403 crimine

480 5445 617 5500 liber
640 5445 834 5500 abiret.
876 5443 1219 5512 Quapropter
1260 5455 1451 5495 manus
1494 5439 1621 5495 lavit
1645 5440 1831 5496 dicens
1865 5458 1877 5493 :
1909 5439 2069 5494 Inno-

479 5555 596 5592 cens
619 5554 733 5592 sum
759 5554 790 5590 a
819 5535 1074 5606 sanguine
1099 5534 1195 5588 hoc
1219 5532 1436 5607 (Matth.
1462 5533 1552 5587 27.
1579 5533 1695 5603 24).
1727 5534 1788 5588 Ει
1818 5534 1938 5603 quia
1969 5533 2066 5586 ad-

482 5627 699 5682 modum
722 5628 981 5681 instantes
1010 5625 1244 5693 videbat,
1275 5625 1389 5695 ipse
1419 5626 1635 5696 quidem
1669 5625 1932 5680 calculum
1962 5641 2066 5679 non

482 5719 631 5787 tulit,
661 5717 758 5775 scd
784 5719 1045 5776 abscessit
1077 5737 1089 5775 :
1118 5718 1197 5774 illi
1224 5733 1354 5775 vero
1391 5718 1606 5790 propria
1640 5718 1923 5792 tyrannide
1948 5718 2061 5786 usi,

1208 320 1265 376 S.
1302 318 1582 375 JOANNIS
1617 317 2096 375 CHRYSOS'I‘OMI
2140 315 2458 372 ARCIIIEP.
2487 315 3021 372 CONSTANTINOP.
3662 325 3750 384 ιω

2194 437 2360 481 totum
2390 436 2571 498 postea
2599 428 2955 498 perfecerunt.
2987 428 3204 484 Paulum
3233 431 3395 487 etiam
3423 448 3564 504 sche
3586 436 3751 507 aggre-

2189 517 2493 571 diebantur.

2257 605 2557 662 Judaeormn
2596 610 2649 662 in
2687 607 3000 665 Christianos
3048 612 3351 667 immanitas.
3394 613 3493 667 Die
3517 616 3752 674 dominica

2189 702 2467 767 prwsertim
2493 700 2803 771 eleemosyna
2823 704 3095 772 eroganda.
3119 734 3190 744 -—
3210 704 3339 771 Quia
3369 706 3530 774 igitur
3554 723 3646 761 suo
3668 711 3752 762 tri-

2190 788 2368 842 bunali
2414 791 2697 844 utebantur
2720 832 2735 856 ,
2780 791 2902 845 hinc
2927 794 3146 862 contigit
3184 804 3241 848 ut
3274 796 3601 851 contribules
3623 840 3637 861 ,
3674 803 3751 868 qui

2186 878 2495 946 credebant,
2519 882 2728 936 exteris
2752 882 3024 950 asperiora
3050 894 3376 953 paterentur.
3406 887 3463 941 In
3485 888 3599 942 aliis
3622 903 3754 946 certe

2187 968 2485 1026 civitatibus
2513 979 2566 1025 et
2597 973 2876 1027 tribunalia
2899 984 2951 1028 et
2977 975 3122 1044 leges
3143 985 3196 1030 et
3221 977 3563 1047 magistratus
3586 991 3751 1045 erant;

2187 1058 2280 1113 sed
2306 1075 2409 1114 nou
2434 1061 2623 1115 licebat
2648 1063 2934 1132 gentilibus
2961 1079 3053 1119 eos
3073 1081 3135 1119 ex
3166 1066 3296 1129 suis,
3327 1067 3418 1135 qui
3444 1067 3750 1136 deﬁcerent,

2185 1150 2398 1218 proliria
2422 1153 2680 1205 sententia
2704 1152 2788 1206 vel
2811 1152 3112 1208 interﬁcere
3132 1155 3211 1209 vel
3236 1155 3504 1224 lapidibus
3519 1157 3752 1224 obruere,

2184 1247 2277 1294 aut
2316 1238 2514 1311 aliquid
2541 1241 2673 1311 ipsis
2704 1242 2827 1296 mali
2858 1243 3055 1299 inferre
3086 1261 3096 1296 :
3126 1254 3215 1299 aut
3243 1244 3286 1298 si
3315 1245 3437 1315 quis
3467 1246 3752 1315 deprehen-

2183 1329 2408 1387 debatur
2436 1333 2541 1388 tale
2569 1334 2817 1402 quiddam
2848 1343 3041 1404 printer
3061 1336 3298 1406 judicum
3326 1339 3644 1392 sententiam
3673 1356 3754 1408 pa-

2187 1429 2374 1489 trasse,
2406 1422 2451 1477 is
2475 1424 2823 1494 puniebantur;
2852 1426 3049 1482 Iudaeis
3075 1438 3253 1482 autem
3281 1444 3475 1498 magna
3497 1434 3629 1485 circa
3652 1447 3749 1488 rem

2186 1510 2322 1567 hanc
2369 1521 2604 1582 potestas
2646 1515 3056 1571 concedebatur.
3102 1518 3441 1590 Quapropter
3484 1521 3750 1591 graviora,

2183 1618 2341 1673 quam
2372 1605 2549 1661 cancri
2579 1621 2765 1662 omnes
2789 1650 2804 1673 ,
2835 1609 3169 1678 patiebantur
3195 1611 3231 1665 ii
3258 1627 3323 1667 ex
3352 1611 3462 1666 illis
3489 1652 3505 1678 ,
3538 1615 3622 1683 qui
3650 1631 3753 1671 cre-

2181 1692 2415 1761 debant,
2448 1710 2510 1750 ac
2538 1697 2582 1750 si
2614 1697 2753 1752 inter
2792 1697 2998 1753 medios
3035 1699 3187 1769 lupos
3229 1702 3511 1775 intercepti
3548 1715 3752 1773 essent,

2182 1785 2425 1841 adstante
2448 1828 2462 1851 ,
2492 1787 2579 1855 qui
2618 1788 2887 1857 eriperet,
2920 1791 3153 1845 nemine.
3198 1791 3272 1846 lta
3317 1784 3513 1864 nempe
3551 1794 3752 1869 Paulum

2182 1892 2325 1947 saepe
2370 1880 2706 1949 ﬂagellabant
2732 1898 2745 1934 :
2775 1881 2896 1936 audi
2939 1883 3208 1952 quomodo
3239 1884 3291 1938 id
3334 1886 3452 1955 ipse
3489 1886 3752 1943 declaret:

2185 1966 2459 2037 Quinquies
2481 1971 2828 2040 quadragenas
2856 1987 2887 2024 a
2912 1971 3114 2028 Judazis
3140 1990 3240 2027 una
3264 1976 3439 2031 minus
3463 1978 3632 2049 accepi
3653 1994 3670 2031 :
3692 1990 3756 2032 ter

2182 2057 2333 2128 virgis
2358 2075 2517 2113 cwsus
2541 2076 2670 2124 sum,
2701 2062 2854 2114 semel
2881 2062 3138 2132 lapidatus
3163 2080 3274 2119 sum
3301 2064 3379 2133 (2.
3415 2066 3534 2122 Cor.
3561 2070 3643 2123 11.
3670 2071 3750 2125 21.

2179 2148 2293 2219 25).
2319 2150 2470 2217 Quod
2498 2159 2677 2205 autem
2704 2150 2818 2206 haec
2843 2166 2946 2207 non
2972 2157 3280 2224 conjectura
3309 2157 3454 2211 dicta
3488 2160 3589 2212 sint
3609 2203 3623 2226 ,
3655 2161 3754 2229 ipse

2182 2240 2374 2296 Paulus
2401 2242 2466 2297 ad
2499 2242 2754 2298 Hebraros
2781 2247 3019 2299 scribens
3042 2245 3281 2302 declarat
3308 2248 3753 2306 :Rememoramini

2179 2345 2344 2389 autem
2368 2336 2604 2405 pristinos
2624 2336 2749 2402 dies,
2778 2339 2828 2390 in
2853 2338 3028 2408 quibus
3046 2340 3318 2394 illuminati
3343 2359 3585 2413 magnum
3608 2355 3753 2397 certa-

2179 2440 2292 2479 men
2317 2426 2624 2480 sustinuistis
2651 2427 2980 2496 passionum:
3003 2439 3052 2482 et
3084 2430 3135 2483 in
3161 2430 3320 2484 altero
3345 2433 3552 2502 quidem
3578 2450 3749 2504 appro-

2179 2516 2299 2568 briis
2318 2527 2362 2569 et
2391 2515 2788 2571 tribulationibus
2818 2520 3155 2589 spectaculum
3175 2523 3323 2593 facti,
3349 2524 3410 2577 in
3430 2524 3586 2577 altero
3605 2536 3750 2579 autem

2179 2607 2302 2660 socii
2326 2608 2491 2661 taliter
2511 2609 2805 2677 patientium
2828 2609 3009 2676 elfecti.
3051 2610 3249 2666 Etenim
3268 2617 3508 2684 rapinam
3530 2618 3749 2671 bonorum

2177 2709 2452 2753 uestrorum
2479 2715 2591 2752 cum
2613 2700 2801 2770 gaudio
2830 2703 3115 2772 suscepistis
3138 2745 3153 2770 ,
3182 2717 3541 2775 cognoscentes
3563 2723 3643 2761 vos
3667 2710 3749 2761 ha-

2181 2791 2293 2846 bere
2309 2792 2562 2845 meliorem
2591 2793 2919 2846 substantiam
2950 2794 3002 2846 in
3032 2795 3169 2848 caelis
3187 2836 3201 2862 ,
3232 2805 3278 2850 et
3306 2807 3590 2851 manentem
3608 2796 3745 2867 (Πρὸ.

2180 2884 2268 2938 10.
2294 2883 2507 2952 52-’54).
2533 2885 2595 2937 Et
2617 2899 2737 2937 cum
2757 2883 3257 2940 'Ihessalonicenses
3279 2888 3669 2952 adhortaretur,
3694 2888 3749 2942 il—

2178 2974 2257 3029 los
2280 2974 2331 3028 in
2361 2974 2591 3029 medium
2616 2974 2831 3029 adduxit
2860 2992 2872 3027 :
2910 2973 3006 3028 Vos
3027 2976 3160 3028 enim
3189 2977 3466 3031 imitatores
3490 2980 3606 3048 facti
3623 2980 3746 3050 estis,

2177 3071 2377 3138 fratres,
2408 3065 2747 3120 lfcclesiarum
2767 3066 2889 3131 Dei,
2916 3081 3029 3134 qua:
3055 3078 3172 3120 sunt
3199 3069 3250 3121 in
3272 3067 3465 3123 Judaza
3491 3087 3509 3124 :
3535 3072 3649 3141 quia
3672 3089 3745 3125 ea-

2176 3158 2288 3212 dem
2319 3159 2455 3228 passi
2479 3159 2593 3213 estis
2617 3174 2703 3212 vos
2726 3175 2757 3211 a
2786 3159 3144 3214 contribulibus
3171 3162 3363 3227 vestris,
3396 3164 3525 3216 sicut
3548 3176 3592 3217 et
3613 3165 3748 3233 ipsis

2174 3249 2372 3304 Iudaeis
2406 3250 2481 3322 (1.
2519 3250 2697 3304 Thess.
2726 3250 2781 3303 2.
2812 3250 2921 3320 14).
2952 3251 3083 3317 Quia
3112 3251 3268 3320 igitur
3291 3253 3537 3322 graviora
3557 3295 3571 3314 ,
3600 3269 3742 3323 quam

2176 3356 2363 3395 omnes
2389 3341 2496 3407 alii,
2530 3341 2887 3410 patiebantur,
2918 3351 2972 3396 et
2997 3359 3102 3396 non
3135 3342 3293 3397 modo
3317 3345 3439 3398 sine
3463 3347 3743 3399 misericor-

2176 3431 2261 3486 dia
2289 3447 2414 3487 cum
2440 3432 2546 3486 illis
2570 3432 2844 3501 agebatur,
2870 3432 2964 3487 sed
2995 3434 3156 3487 etiam
3179 3434 3356 3488 omnia
3387 3436 3451 3490 iis
3480 3437 3741 3505 rapiebant

2177 3533 2261 3579 tur
2283 3532 2337 3578 et
2360 3523 2754 3585 auferebantur,
2783 3534 2835 3578 ct
2861 3524 3093 3594 undique
3134 3526 3231 3594 ipsi
3260 3525 3742 3595 pellebantur,jure

2175 3632 2362 3672 omnes
2406 3615 2473 3670 ad
2513 3631 2698 3671 eorum
2740 3616 3135 3685 suscipiendum
3168 3618 3520 3686 patrocinium
3548 3619 3737 3673 excitat.

2178 3705 2478 3778 lterumque
2503 3707 2807 3763 Corinthios
2838 3708 3047 3763 illorum
3076 3710 3242 3778 gratia
3271 3710 3517 3765 hortatur
3539 3712 3616 3765 his
3637 3725 3743 3764 ver-

2176 3798 2257 3853 bis
2286 3816 2299 3852 :
2328 3797 2406 3852 De
2428 3800 2636 3852 collecta
2662 3809 2825 3853 autem
2848 3801 2902 3852 in
2930 3810 3148 3867 sanctos,
3179 3800 3305 3854 sicut
3333 3802 3563 3855 ordinavi
3591 3800 3741 3855 Eccle-

2174 3891 2261 3943 siis
2292 3888 2526 3956 Galatiat,
2556 3892 2626 3944 sic
2653 3901 2699 3944 et
2725 3906 2809 3943 vos
2830 3891 2981 3959 facite
3000 3892 3074 3962 (1.
3104 3890 3221 3944 Cor.
3254 3892 3342 3946 16.
3380 3894 3457 3963 1).

2246 3983 2299 4036 5.
2343 3982 2522 4051 Itaque
2547 3982 2760 4051 quinam
2794 3983 2865 4036 illi
2895 3984 3061 4036 sancti
3086 3984 3214 4050 sint,
3242 3992 3298 4038 et
3321 4000 3417 4037 cur
3444 4000 3620 4039 eorum
3647 3999 3741 4038 ma-

2169 4072 2342 4142 jorem
2387 4089 2567 4127 curam
2610 4082 2793 4142 gerat,
2833 4075 2943 4141 jam
2990 4075 3119 4127 Satis
3165 4074 3590 4130 demonstratum
3634 4086 3738 4130 est:

2175 4164 2434 4233 reliquum
2484 4172 2566 4217 est
2614 4175 2671 4217 ut
2719 4179 3021 4233 qua-ramus
3068 4166 3224 4218 etiam
3254 4208 3269 4231 ,
3315 4180 3413 4220 cur
3462 4166 3736 4223 Galatarum

2174 4255 2494 4308 meminerit.
2525 4254 2634 4308 Cur
2669 4264 2842 4307 autem
2876 4271 2980 4309 non
3009 4257 3141 4309 dixit
3178 4274 3191 4309 :
3224 4257 3298 4312 De
3326 4259 3557 4313 collecta
3579 4269 3734 4313 autem

2175 4348 2227 4402 in
2269 4362 2480 4404 sanctos
2519 4348 2620 4401 hoc
2660 4347 2814 4403 facite
2846 4366 2858 4402 :
2891 4364 2992 4402 uua
3025 4350 3365 4404 Sahbatorum
3396 4353 3736 4422 unusquisque

2176 4427 2410 4493 vestrum
2441 4438 2578 4507 apud
2606 4453 2662 4492 se
2690 4447 2914 4508 scpnnat
2941 4440 3333 4505 tltcsaurizans;
3361 4443 3458 4497 sed
3488 4453 3734 4512 postquam

2173 4531 2425 4597 dixisset,
2462 4530 2540 4586 De
2569 4531 2779 4585 collecta
2813 4543 2980 4586 autent
3011 4531 3063 4585 in
3101 4542 3300 4587 sanctos
3323 4574 3337 4598 ,
3373 4535 3504 4589 sicut
3536 4534 3734 4588 ordinari

2176 4621 2416 4676 Ecclesiis
2442 4620 2658 4675 Galatia:
2676 4663 2689 4688 ,
2719 4623 2789 4675 sic
2819 4632 2864 4675 et
2898 4638 2986 4675 vos
3012 4623 3206 4692 facite?
3229 4624 3335 4679 Cur
3361 4625 3465 4680 hoc
3490 4626 3589 4694 ttgil
3613 4667 3625 4688 ,
3650 4640 3734 4678 nec

2174 4715 2330 4767 unius
2373 4714 2663 4768 duarumve
2688 4755 2701 4779 ,
2731 4723 2821 4767 aut
2865 4714 3020 4768 trium
3052 4716 3320 4770 civitatum
3351 4719 3586 4772 meminit
3614 4760 3627 4782 ,
3651 4714 3730 4770 sed

2172 4807 2344 4876 gentis
2373 4806 2627 4876 integraz?
2666 4805 2731 4859 Ut
2756 4806 2924 4874 majus
2956 4807 3185 4860 studium
3216 4808 3585 4877 susciperent,
3613 4808 3731 4861 alio-

2173 4913 2397 4967 rumque
2416 4897 2597 4952 laudes
2620 4898 2835 4967 majoris
2850 4897 2948 4953 sibi
2960 4899 3312 4953 aemulationis
3328 4900 3539 4954 occasio
3553 4908 3727 4954 essent.

2172 4989 2375 5044 Deinde
2423 4990 2636 5044 modum
2661 5031 2675 5055 ,
2708 5005 2812 5059 quo
2839 4990 3088 5060 praecepit
3111 5030 3126 5056 ,
3157 4989 3393 5044 declarat
3425 5010 3437 5045 :
3472 4990 3571 5044 Per
3598 5005 3732 5044 Inani

2171 5081 2398 5145 sabbati,
2430 5081 2633 5150 inquit,
2667 5082 3008 5151 unusquisque
3035 5091 3245 5135 vestrum
3269 5083 3410 5150 apud
3436 5099 3488 5136 se
3512 5089 3730 5150 seponat,

2172 5176 2444 5228 recondens
2471 5172 2604 5240 quod
2625 5174 2718 5227 sibi
2749 5174 2994 5244 placuerit
3017 5215 3032 5237 ,
3063 5183 3116 5227 ut
3139 5190 3240 5228 non
3264 5192 3379 5227 cum
3405 5191 3604 5236 uenero,
3628 5182 3733 5223 tunc

2173 5264 2393 5318 collecta:
2430 5263 2555 5330 ﬁant
2582 5264 2657 5333 (1.
2684 5260 2801 5317 Cor.
2828 5264 2914 5318 16.
2939 5262 3019 5334 2).
3050 5263 3219 5318 Unam
3250 5266 3583 5320 sabbatorum
3633 5257 3730 5314 Do-

2174 5353 2421 5408 minicam
2443 5355 2670 5408 vocavit.
2697 5353 2760 5407 Et
2780 5369 2875 5407 cur
2897 5356 3051 5409 talem
3074 5355 3213 5409 diem
3237 5356 3485 5411 oblationi
3505 5350 3731 5423 deputat?

2174 5461 2269 5500 cur
2300 5459 2405 5499 non
2433 5445 2602 5510 dixit,
2630 5444 2863 5499 secunda
2888 5445 3230 5500 sabbatorum
3260 5455 3352 5500 aut
3388 5442 3542 5500 tertia
3562 5442 3731 5497 sabba-

2176 5547 2346 5590 tormn
2368 5577 2382 5601 ,
2409 5545 2501 5590 aut
2538 5537 2588 5590 in
2618 5535 2747 5604 ipsis
2783 5535 3056 5591 sabbatis?
3096 5535 3214 5592 Non
3246 5545 3441 5591 temere
3472 5534 3693 5605 profecw
3713 5572 3727 5593 .

2176 5641 2273 5680 nec
2301 5626 2415 5681 sine
2452 5640 2645 5691 causa;
2678 5626 2771 5681 sed
2798 5625 2938 5696 quod
2969 5626 3126 5681 vellet
3151 5641 3181 5680 a
3213 5629 3464 5698 temporis
3493 5632 3728 5695 Opportu-

2178 5720 2339 5775 nitate
2357 5718 2549 5791 juvari,
2572 5728 2629 5778 ut
2648 5719 2817 5792 majus
2840 5720 3181 5779 oll'crentibus
3202 5721 3432 5779 studium
3451 5713 3727 5775 accederet-
