4058 6258
302 391 412 450 263

299 506 591 578 φρονήτοις
630 509 985 574 παρέχοντας,
1030 506 1143 560 ἀλλ’
1178 508 1377 563 εἰδέναι
1410 507 1594 576 σαφῶς
1638 509 1730 560 καὶ
1761 508 1876 559 πεί-

294 592 412 642 θειν
449 588 695 648 ἑαυτοὺς,
726 588 806 638 ὅτι
841 589 1004 658 τιμῆς
1040 589 1374 644 ἀπολαύουσι
1430 591 1709 661 μεγίστης,
1748 606 1876 643 κατ-

297 670 614 740 αξιούμενοι
644 672 920 721 κοινωνεῖν
956 674 1077 734 ταῖς
1116 672 1336 725 ἐκείνων
1365 672 1628 741 θλίψεσιν.

370 751 437 822 β’.
464 751 646 817 Ἀξιον
672 750 729 802 δὲ
762 752 981 805 κάκεῖνο
1005 753 1297 818 ἐξετάζειν,
1325 755 1469 817 τίνες
1491 755 1628 807 εἰσὶν
1656 745 1801 807 οῦτοι
1826 754 1876 807 οἱ

295 837 464 904 ἆγιοι⁶
506 834 626 887 οὐδὲ
658 830 766 902 γὰρ
788 832 1021 887 ἐνταῦθα
1043 836 1221 888 αὐτῶν
1243 838 1512 906 μέμνηται
1534 836 1711 907 μόνον,
1740 834 1877 889 ἀλλά

294 920 390 972 καὶ
417 916 641 988 ἑτέρωθι
671 916 830 969 πάλιν
860 915 1003 970 οὕτω
1045 916 1237 985 λέγων·
1275 920 1424 972 Νυνὶ
1456 918 1522 971 δὲ
1554 920 1877 986 πορεύομαι

293 1001 693 1067 είςἹερουσαλ
704 998 779 1066 ὴμ
799 998 1181 1067 διακονήσων
1217 1000 1340 1066 τοῖς
1363 1001 1571 1068 ἁγίοις.
1608 1001 1717 1052 Καὶ
1744 1001 1878 1053 Λου-

295 1084 400 1145 κᾶς
427 1083 484 1135 δὲ
513 1084 569 1134 ἐν
598 1084 718 1144 ταῖς
748 1079 1007 1151 Πράξεσι,
1041 1080 1199 1151 λιμοῦ
1231 1082 1678 1153 προσδοκωμένου
1703 1084 1873 1151 μεγά-

293 1170 411 1232 λου,
440 1169 642 1222 τούτων
669 1167 846 1220 αὐτῶν
875 1167 1221 1237 μεμνημένος
1236 1166 1342 1219 τῶν
1371 1168 1539 1235 ἀγίων
1568 1169 1720 1237 φησί’
1756 1168 1877 1221 Τῶν

293 1251 363 1303 δέ
384 1242 685 1319 μαθητῶν,
712 1248 905 1313 καθὼς
922 1246 1232 1316 εὐπορεῖτό
1251 1267 1358 1314 τις,
1382 1249 1600 1316 ὥρισεν
1619 1250 1878 1316 ἕκαστος

293 1332 525 1401 πέμψαι
555 1331 704 1398 πρὸς
737 1331 879 1396 τοὺς
912 1331 1186 1397 πτωχοὺς
1223 1330 1337 1384 τῶν
1359 1332 1543 1400 ἁγίων
1565 1333 1635 1384 ἐν
1674 1332 1877 1400 Ἰερου-

295 1414 526 1483 σαλήμ.
563 1415 673 1465 Καὶ
730 1413 915 1474 πάλιν,
943 1412 970 1464 ὃ
1025 1412 1119 1464 καὶ
1145 1412 1452 1482 ἔμπροσθεν
1484 1412 1650 1485 ἔφθην
1682 1414 1871 1476 εἰπὼν,

293 1499 502 1550 Μόνον
549 1496 667 1548 τῶν
705 1494 954 1563 πτωχῶν
1001 1496 1102 1547 ἵνα
1143 1496 1632 1565 μνημονεύωμεν,
1689 1495 1721 1548 ὃ
1775 1496 1872 1549 καὶ

294 1578 653 1633 ἐσπούδασα
686 1578 832 1633 αὐτὸ
866 1578 1042 1631 τοῦτο
1095 1576 1367 1645 ποιῆσαι.
1421 1577 1717 1648 Ἐπειδὴδέ
1745 1578 1873 1630 διει-

294 1661 521 1733 λόμεθα,
549 1660 659 1729 ἐγὼ
710 1661 808 1730 μὲν
853 1660 981 1722 τοὺς
1034 1660 1318 1730 Ἕλληνας,
1365 1663 1392 1713 6
1418 1660 1475 1713 δὲ
1504 1662 1707 1732 Πέτρος
1750 1662 1876 1725 τοὺς

309 1743 616 1804 Ἰουδαίους,
650 1744 801 1811 κοινῇ
823 1740 1018 1814 γνώμῃ
1055 1742 1409 1812 συνεθέμεθα,
1439 1744 1622 1812 φησὶν,
1656 1742 1796 1796 ὥστε
1818 1746 1875 1795 ἐν

294 1830 408 1891 τοῖς
444 1828 678 1895 πτωχοῖς
705 1825 778 1895 μὴ
808 1821 947 1877 εἶναι
970 1826 1069 1896 τὴν
1100 1825 1359 1896 διαίρεσιν
1381 1824 1602 1896 ταύτην.
1626 1829 1756 1879 ’Ότε
1781 1828 1876 1896 μὲν

294 1909 406 1980 γὰρ
431 1910 743 1979 ἐκήρυττον,
771 1909 798 1960 6
827 1907 922 1977 μὲν
956 1910 1067 1968 τοῖς
1111 1907 1405 1973 Ἰουδαίοις,
1424 1908 1452 1959 6
1484 1908 1540 1960 δὲ
1562 1911 1674 1973 τοῖς
1692 1908 1877 1981 ’Έλλη-

296 2008 384 2043 σιν
415 1993 730 2062 ἐκήρυττον·
789 1990 877 2057 ὅτε
905 1990 962 2042 δὲ
998 1991 1243 2060 πενήτων
1301 1991 1645 2060 προίσταντο,
1695 1993 1878 2046 οὐκέτι

293 2071 488 2136 οὕτως,
520 2074 548 2124 ὁ
596 2073 694 2142 μὲν
735 2071 842 2124 τῶν
888 2073 1134 2142 πενήτων
1163 2073 1270 2124 τῶν
1312 2073 1596 2135 Ἰουδαίων,
1620 2075 1648 2127 6
1683 2074 1739 2126 δὲ
1771 2073 1877 2127 τῶν

295 2158 544 2223 πενήτων
572 2154 678 2206 τῶν
720 2152 988 2225 Ἐλλήνων
1032 2154 1208 2224 μόνον·
1255 2153 1389 2207 ἀλλά
1430 2155 1524 2208 καὶ
1575 2154 1683 2207 τῶν
1730 2155 1878 2226 παρά

307 2236 581 2299 Ἰουδαίοις
640 2236 1030 2304 πτωχευόντων
1083 2236 1313 2300 ἕκαστος
1375 2236 1575 2306 πολλὴν
1643 2239 1876 2291 ἐποιεῖτο

295 2320 569 2389 πρόνοιαν.
603 2318 695 2370 Διὸ
730 2320 822 2370 καὶ
868 2317 1018 2385 ἔλεγε
1040 2359 1053 2380 ,
1095 2316 1302 2372 Μόνον
1337 2317 1456 2371 τῶν
1494 2319 1745 2389 πτωχῶν
1778 2320 1878 2374 ἵνα

288 2403 780 2469 μνημονεύωμεν,
801 2400 831 2453 6
861 2400 957 2454 καὶ
979 2401 1333 2455 ἐσπούδασα
1353 2402 1499 2456 αὐτὸ
1518 2404 1690 2458 τοῦτο
1715 2401 1879 2471 ποιῆ-

294 2500 426 2535 σαι.
462 2483 616 2545 Τίνες
642 2479 734 2536 οὖν
754 2485 888 2536 εἰσιν
920 2476 1084 2549 οὗτοι,
1126 2486 1252 2554 περὶ
1276 2478 1349 2537 ὧν
1372 2485 1604 2537 ἐνταῦθα
1632 2485 1877 2554 διαλέγε-

292 2586 408 2633 ται,
448 2569 617 2620 καὶέν
647 2570 711 2638 τῇ
747 2568 882 2637 πρὸς
946 2568 1245 2638 Ῥωμαίους
1281 2569 1560 2640 ἐπιστολῇ,
1593 2571 1686 2622 καὶ
1718 2571 1774 2623 ὲν
1812 2573 1876 2641 τῇ

295 2650 434 2717 πρὸς
465 2649 723 2713 Γαλάτας,
759 2650 897 2721 ὑπὲρ
924 2644 999 2703 ὧν
1017 2652 1110 2704 καὶ
1142 2651 1457 2715 Μακεδόνας
1477 2652 1877 2723 παρεκάλεσεν;

294 2734 365 2785 υἱ
399 2733 508 2785 τῶν
541 2733 812 2785 Ἰουδαίων
846 2732 1095 2802 πένητες,
1131 2734 1180 2786 οί
1211 2736 1269 2785 ὲν
1322 2734 1714 2805 Ἰεροσολύμοις
1743 2734 1878 2788 καθ-

291 2816 508 2886 ήμενοι.
542 2816 653 2866 Ka‘r.
690 2814 832 2877 τίνος
869 2810 963 2866 οὖν
995 2813 1179 2867 ἕνεκεν
1209 2815 1477 2886 τοσαύτην
1508 2816 1687 2869 αὐτῶν
1710 2819 1880 2869 ποιεῖ-

291 2914 387 2949 ται
412 2896 704 2968 πρόνοιαν;
761 2896 835 2968 μὴ
877 2898 984 2967 γάρ
1010 2896 1131 2966 οὐχὶ
1171 2898 1261 2949 καὶ
1291 2899 1412 2950 καθ’
1455 2898 1692 2969 ἑκάστην
1726 2899 1881 2952 πόλιν

291 2976 439 3052 ἦσαν
472 2980 674 3049 πτωχοὶ
700 2979 794 3032 καὶ
826 2973 1086 3049 πένητες;
1127 2979 1179 3032 τί
1215 2979 1413 3050 δήποτε
1453 2977 1545 3033 οῦν
1582 2981 1716 3052 πρὸς
1748 2980 1884 3033 ἐκεί-

294 3079 425 3125 νους
475 3064 705 3131 πέμπει,
757 3061 851 3113 καὶ
894 3062 1102 3123 πάντας
1146 3061 1285 3133 ὑπὲρ
1324 3062 1504 3115 αὐτῶν
1538 3062 1880 3134 παρακαλεῖ;

295 3146 411 3215 Οὐχ
437 3144 639 3209 ἁπλῶς,
667 3144 787 3196 οὐδὲ
814 3145 888 3206 ὡς
908 3142 1116 3213 ἔτυχεν,
1140 3144 1261 3198 οὐδὲ
1287 3145 1714 3217 προσωποληψίᾳ
1737 3145 1882 3217 χρώ-

297 3229 460 3299 μενός
507 3245 635 3291 τινι,
667 3227 802 3279 ἀλλά
833 3226 989 3299 [251]
1012 3227 1297 3298 χρησίμως
1332 3230 1423 3281 καὶ
1464 3229 1874 3301 συμφερόντως.

296 3311 511 3381 Μικρὸν
553 3310 610 3363 δὲ
663 3309 920 3380 ἀνωτέρω
963 3310 1055 3361 τὸν
1107 3310 1262 3377 λόγον
1307 3312 1535 3379 ἀγαγεῖν
1564 3314 1878 3380 ἀναγκαῖον.

311 3394 532 3463 Ἐπειδὴ
573 3392 639 3444 τὰ
669 3392 777 3444 τῶν
835 3391 1105 3445 Ἰουδαίων
1141 3394 1409 3463 μετέπεσε
1445 3396 1764 3467 πράγματα,
1789 3395 1884 3449 καὶ

298 3479 392 3530 τδν
436 3477 642 3548 Ἰησοῦν
680 3474 1112 3546 σταυρώσαντες,
1146 3475 1243 3548 τὴν
1277 3478 1458 3548 φωνὴν
1506 3479 1721 3549 ἐκείνην
1760 3476 1881 3532 καθ’

295 3559 510 3613 ἑαυτῶν
553 3559 859 3629 ἐκύρωσαν,
905 3558 1173 3626 λέγοντες,
1208 3562 1331 3612 Οὐκ
1358 3559 1880 3628 ἔχομενβασιλέα,

295 3645 355 3694 εί
385 3641 474 3711 μὴ
519 3642 810 3709 Καίσαρα,
843 3641 937 3694 καὶ
962 3640 1145 3693 λοιπὸν
1177 3641 1283 3694 ὑπὸ
1312 3643 1415 3714 ,τὴν
1458 3643 1741 3713 Ῥωμαίων
1768 3644 1884 3696 ἐτέ-

298 3724 480 3794 θησαν
516 3723 707 3794 ἀρχὴν,
750 3722 873 3776 οὕτε
927 3723 1213 3793 αὐτόνομοι
1268 3719 1428 3795 ἦσαν,
1487 3725 1738 3797 καθάπερ
1794 3726 1887 3779 καλ⁸

301 3807 604 3879 πρότερῖν,
666 3803 790 3858 οὔτε
821 3805 1048 3859 καθόλου
1085 3807 1281 3868 δοῦλοι,
1332 3807 1582 3879 καθάπερ
1631 3811 1725 3862 καὶ
1767 3808 1881 3862 νῦν·

300 3890 421 3943 ἀλλ’
447 3891 505 3941 ὲν
536 3887 687 3953 τάξει
720 3888 1022 3960 συμμάχων
1053 3890 1202 3953 ὄντες
1236 3891 1526 3957 διετέλουν,
1558 3890 1755 3963 φόρους
1787 3891 1886 3962 μὲν

299 3971 585 4034 τελοῦντες
634 3974 744 4035 τοῖς
794 3971 1101 4042 βασιλεῦσιν
1135 3973 1361 4039 ἑαυτῶν,
1414 3975 1508 4027 καὶ
1571 3974 1696 4038 τοὺς
1755 3975 1885 4045 παρ’

301 4056 532 4110 ἐκείνων
555 4056 818 4126 ἄρχοντας
863 4054 1160 4126 δεχόμενοι·
1197 4056 1467 4127 πολλαχοῦ
1498 4057 1555 4110 δὲ
1574 4061 1685 4123 τοῖς
1738 4058 1886 4124 ἰδίοις

302 4138 637 4210 κεχρημένοι
679 4139 881 4209 νόμοις,
938 4141 1030 4192 καὶ
1066 4140 1195 4203 τοὺς
1242 4140 1373 4210 παρ’
1412 4142 1594 4206 αὐτοῖς
1649 4143 1888 4214 ἁμαρτά-

304 4238 498 4283 νοντας
538 4222 678 4274 κατὰ
703 4222 770 4274 τὰ
814 4222 1018 4292 πάτρια
1051 4220 1368 4286 κολάζοντες
1388 4224 1612 4295 νόμιμα.
1656 4225 1765 4279 Καὶ
1805 4226 1888 4278 ὅτι

308 4305 411 4375 μὲν
441 4304 638 4373 φόρους
693 4303 909 4358 ἐτέλουν
962 4304 1273 4375 Ῥωμαίοις,
1319 4305 1478 4377 δῆλον
1506 4308 1566 4373 ἐξ
1587 4302 1662 4361 ὧν
1692 4307 1887 4378 πειρά-

308 4386 495 4449 ζοντες
515 4385 606 4439 τὸν
652 4387 879 4457 Ἰησοῦν.
902 4388 1092 4461 φησὶν,
1126 4388 1371 4458 ἠρώτων,
1402 4389 1757 4455 Διδάσκαλε,
1797 4389 1890 4455 ἐξ·

306 4484 439 4523 εστι
470 4468 681 4523 δοῦναι
728 4471 965 4537 κῆνσον
984 4471 1256 4540 Καίσαρι,
1297 4471 1335 4541 ἢ
1373 4472 1476 4536 οὔ;
1499 4474 1587 4526 ὅτε
1615 4474 1709 4526 καὶ
1726 4473 1889 4536 αὐτὸς

307 4552 479 4618 δεῖξαι
519 4549 782 4614 κελεύσας
826 4553 1010 4618 αὐτοῖς
1058 4553 1322 4625 νόμισμα,
1377 4552 1544 4615 εἶπεν,
1594 4548 1885 4623 Ἁσίόδοτε,

307 4634 507 4703 λέγων,
547 4636 618 4690 τὰ
655 4637 956 4703 Καίσαρος
1004 4638 1280 4705 Καίσαρι,
1336 4638 1538 4693 καὶτὰ
1586 4639 1691 4694 τοῦ
1741 4641 1889 4696 Θεοῦ

309 4717 392 4783 τῷ
418 4717 560 4784 Θεῷ.
605 4721 667 4771 '0
694 4719 907 4782 Λουκᾶς
937 4711 992 4772 δὲ
1033 4721 1125 4773 καὶ
1161 4721 1241 4773 ὅτι
1269 4722 1608 4791 στρατηγοὺς
1638 4724 1732 4775 καὶ
1755 4723 1890 4793 χιλι-

307 4802 511 4873 ἀρχους
554 4798 665 4873 εἶχε
704 4803 764 4855 τὸ
800 4803 962 4873 ἱερὸν,
991 4803 1159 4873 λέγει.
1197 4804 1270 4856 Τὸ
1313 4804 1411 4873 μὲν
1443 4800 1534 4856 οῦν
1572 4805 1889 4860 ὑποκεῖσθαι

307 4887 437 4947 τοὺς
475 4884 762 4948 Ἰουδαίους
805 4885 1115 4955 Ῥωμαίοις,
1133 4886 1193 4938 οὐ
1214 4885 1382 4956 μικρὰ
1413 4885 1583 4940 ταῦτα
1602 4885 1887 4958 δείγματα·

307 4970 395 5021 ὅτι
422 4966 479 5020 δέ
508 4968 601 5021 καὶ
630 4969 850 5029 οἰκείοις
888 4967 1182 5038 ἐκέχρηντο
1215 4968 1423 5037 νόμοις,
1466 4968 1622 5039 δῆλον
1657 4970 1891 5023 ἐκεῖθεν·

311 5048 419 5104 Τὸν
452 5050 722 5121 Στέφανον
744 5052 1022 5115 ὲλίθασαν,
1060 5053 1158 5105 οὐκ
1187 5053 1265 5114 εἰς
1286 5052 1635 5123 δικαστήριον
1654 5053 1891 5122 ἀγαγόνυ

309 5151 422 5198 τες·
453 5136 544 5188 τὸν
583 5136 835 5190 Ἰάκωϐον
857 5134 1181 5188 ἀπέκτειναν
1198 5135 1287 5188 τὸν
1303 5134 1527 5204 ἀδελφὺν
1550 5136 1645 5190 τοῦ
1663 5138 1888 5211 Κυρίουο

308 5219 404 5272 τὸν
441 5220 676 5290 Χριστὸν
709 5220 871 5273 αὐτὸν
910 5219 1283 5289 ἐσταύρωσαν,
1321 5219 1497 5272 καίτοι
1520 5220 1613 5274 τοῦ
1636 5219 1889 5275 δικαστοῦ

312 5303 767 5373 συγχωρήσαντος
798 5303 891 5355 καὶ
911 5303 1138 5372 ἀφέντος
1156 5300 1331 5371 πάσης
1355 5301 1515 5355 αὐτὸν
1536 5303 1889 5374 κατηγορίας.

309 5386 412 5438 Διά
429 5385 540 5455 γὰρ
569 5385 726 5438 τοῦτο
753 5385 846 5438 καὶ
870 5384 968 5447 τάς
995 5386 1184 5455 χεῖρας
1212 5383 1658 5453 ἐνίψατο,λέγων·
1687 5384 1893 5453 Ἁθῶός

309 5469 432 5536 εἰμι
459 5467 576 5520 ἀπὸ
609 5467 716 5521 τοῦ
761 5468 1011 5536 αἵματος
1047 5466 1282 5519 τούτου.
1325 5468 1434 5520 Καὶ
1471 5468 1656 5540 ἐπειδὴ
1688 5470 1895 5541 σφόδρα

313 5549 699 5618 ἐπικειμένους
724 5545 881 5615 εἶδεν,
920 5548 1079 5612 αὐτὸς
1105 5548 1202 5619 μὲν
1226 5547 1324 5617 τὴν
1349 5548 1525 5619 ψῆφον
1552 5552 1652 5603 οὑκ
1675 5552 1893 5621 ἐξήνεγ-

316 5649 433 5695 κεν,
461 5630 576 5683 ἀλλ’
615 5631 847 5701 ἀπέστη·
896 5631 1094 5684 ἐκεῖνοι
1131 5629 1188 5683 δὲ
1217 5630 1394 5703 οἰκεία
1434 5632 1767 5703 χρησάμενοι
1801 5651 1892 5686 τυ-

317 5712 525 5781 ραννίδι
562 5710 622 5765 16
649 5715 756 5767 πᾶν
784 5712 922 5785 μετά
962 5711 1135 5768 ταῦτα
1176 5710 1519 5785 εἰργάσαντο·
1562 5716 1655 5770 καὶ
1697 5714 1893 5786 Παύλῳ

313 5800 371 5855 δὲ
408 5794 664 5859 πολλάκις
697 5795 963 5848 ἐπέθεντο.

1626 406 1710 461 ΠΕ
1745 405 2228 471 ELEEMOSYNA.

3448 394 3555 452 εει

2068 507 2219 559 Ἐπεὶ
2246 502 2337 560 οὖν
2371 511 2479 572 τοῖς
2508 513 2713 567 ἑαυτῶν
2750 510 3048 582 ἐκέχρηντο
3078 508 3462 579 δικαστηρίοις,
3488 512 3552 564 ἐκ

1983 591 2183 646 τούτων
2225 595 2502 650 συνέϐαινε
2550 601 2675 663 τοὺς
2721 600 2778 665 ἐξ
2830 596 3004 653 αὐτῶν
3054 598 3406 660 πιστεύοντας
3455 615 3555 667 χαι

1984 677 2264 750 λεπὼτερα
2312 681 2421 735 τῶν
2471 685 2643 737 ἄλλων
2694 685 2947 738 ἁπάντων
2997 684 3224 753 πάσχειν
3256 683 3420 737 κακά.
3466 684 3553 736 Ἑν

1988 764 2085 835 μὲν
2114 761 2206 820 οὖν
2243 770 2363 830 ταῖς
2390 768 2576 833 ἄλλαις
2600 771 2786 824 πόλεσι
2815 772 2908 825 καὶ
2933 771 3258 841 δικαστήρια
3278 770 3371 822 κοιλ⁸
3399 770 3557 839 νόμοι

1985 852 2077 906 καὶ
2102 853 2358 923 ἄρχοντες
2393 850 2550 921 ἦσαν,
2585 858 2676 909 καὶ
2709 859 2807 910 οὐκ
2851 857 2978 927 ἐξῆν
3024 859 3136 919 τοῖς
3165 855 3390 925 Ἕλλησι
3430 857 3556 919 τοὺς

1983 938 2043 1001 ἐξ
2083 939 2259 992 αὐτῶν
2286 941 2681 1010 ἀποπηδῶντας
2715 943 2889 1013 οἰκείᾳ
2933 943 3203 1012 τυραννίδι
3233 942 3266 1012 ἢ
3301 941 3554 1011 σφάττειν

1983 1025 2016 1095 ἢ
2071 1025 2327 1092 λιθάζειν,
2374 1026 2408 1098 ἢ
2454 1027 2580 1082 ἄλλο
2631 1046 2685 1080 τι
2735 1030 2971 1082 τοιοῦτον
3013 1027 3305 1081 διατιθέναι
3358 1028 3559 1091 αὐτοὺς

1983 1112 2169 1163 κακύν⁹
2206 1112 2320 1163 ἀλλ’
2369 1114 2423 1165 εί
2460 1131 2545 1177 τις
2593 1114 2734 1168 ἑάλω
2779 1114 3016 1167 τοιοῦτόν
3058 1132 3109 1168 τι
3155 1114 3366 1184 τολμῶν
3404 1114 3556 1184 παρά

1981 1195 2079 1266 τὴν
2130 1196 2239 1249 τῶν
2285 1198 2611 1262 δικαζόντων
2655 1200 2864 1269 ψῆφον,
2896 1202 2991 1254 καὶ
3030 1201 3190 1264 αὐτὸς
3228 1199 3547 1263 ἐκολάζετο·

1985 1284 2135 1353 ποιρά
2192 1284 2247 1336 δὲ
2301 1288 2413 1346 τοῖς
2458 1286 2730 1350 Ἰουδαίοις
2788 1287 2926 1357 μετὰ
2977 1287 3174 1358 πολλῆς
3207 1287 3379 1340 ταῦτα
3422 1303 3555 1355 συγ-
3652 1332 3655 1335 .

1984 1371 2264 1442 κεχώρητο
2290 1373 2389 1442 τῆς
2414 1372 2680 1438 ἐξουσίας.
2721 1375 2819 1428 Διά
2863 1374 2926 1445 δὴ
2955 1376 3110 1427 τοῦτο
3138 1375 3351 1428 πάντων
3384 1375 3559 1427 δεινό-

1982 1474 2140 1528 τερον
2170 1458 2407 1529 ἔπασχον
2440 1462 2485 1512 οί
2517 1459 2576 1523 ἐξ
2603 1460 2825 1514 ἐκείνων
2859 1463 3233 1525 πιστεύοντες,
3278 1461 3462 1533 ῶσπερ
3497 1463 3555 1515 ἐν

1987 1544 2171 1613 μέσοις
2199 1546 2596 1616 ἀπειλημμένοι
2620 1547 2822 1611 λύκοις,
2856 1551 2945 1601 καὶ
2980 1549 3167 1601 οὐδένα
3190 1550 3279 1604 τὸν
3311 1549 3557 1621 ἐξαιρού-

1987 1650 2146 1702 μενον
2176 1634 2407 1704 ἔχοντες.
2445 1634 2601 1688 Οὕτω
2638 1636 2766 1704 γοῦν
2802 1638 2895 1690 καὶ
2942 1637 3031 1689 τὸν
3081 1637 3290 1690 Παῦλον
3336 1638 3557 1708 ἐμαστί-

1983 1736 2114 1787 γουν
2141 1721 2417 1786 πολλάκις
2451 1723 2544 1776 καὶ
2574 1724 2737 1778 ἄκουε
2759 1722 2921 1777 αὐτοῦ
2948 1723 3106 1779 τοῦτο
3144 1723 3426 1792 δηλοῦντος
3465 1724 3561 1778 καὶ

1983 1805 2247 1875 λέγοντος-
2277 1809 2567 1875 Πεντάκις
2587 1809 3038 1879 τεσσαράκοντα
3069 1811 3228 1878 παρὰ
3256 1811 3404 1879 μίαν
3438 1811 3557 1865 ὑπὸ

1997 1894 2291 1948 Ἰουδαίων
2336 1895 2576 1962 ἔλαϐον,
2623 1898 2747 1966 τρὶς
2785 1898 3201 1967 ἐρῤαΰδίσθην,
3241 1896 3403 1962 ἅπαξ
3437 1898 3560 1951 ἐλιο

1985 1984 2236 2052 θὰσθην.
2286 1987 2394 2038 Καὶ
2436 1987 2517 2039 ὅτι
2559 1987 2620 2038 οὐ
2654 1987 2959 2058 στοχασμὸς
2988 1988 3047 2041 τὸ
3080 1987 3385 2059 εἰρημένον,
3424 1987 3560 2059 γρά-

1985 2088 2101 2140 φων
2130 2072 2264 2143 πρὸς
2294 2070 2580 2144 Ἐϐραίους
2601 2076 2628 2127 ὁ
2644 2073 2855 2137 Παῦλος
2875 2091 3058 2144 φησιν·
3089 2075 3559 2144 Ἀναμιμνήσκεο

1985 2162 2094 2214 σθε
2133 2160 2241 2224 τὰς
2293 2163 2583 2227 πρότερον
2632 2161 2875 2230 ἡμέρας,
2926 2163 2996 2214 ἐν
3030 2158 3127 2227 αἶς
3165 2161 3561 2232 φωτισθέντες

1984 2245 2226 2314 πολλὴν
2267 2246 2530 2314 ἄθλησιν
2566 2249 2921 2317 ὑπεμείνατε
2968 2247 3348 2317 παθημάτων,
3384 2247 3560 2302 τοῦτο

1978 2333 2096 2402 μέν
2125 2334 2487 2403 ὀνειδισμοῖς
2512 2335 2610 2390 καὶ
2638 2337 2882 2404 θλί-ψεσι
2914 2334 3360 2405 θεατριζόμενοι,
3384 2336 3563 2391 τοῦτο

1985 2419 2052 2472 δὲ
2092 2422 2364 2475 κοινωνοὶ
2410 2421 2530 2475 τῶν
2584 2422 2738 2477 οὕτω
2782 2425 3145 2492 πασχόντων
3190 2422 3558 2493 γενηθέντες.

1985 2507 2095 2560 Καὶ
2143 2510 2253 2577 γὰρ
2297 2507 2414 2578 τὴν
2459 2509 2739 2578 ἁρπαγὴν
2781 2509 2899 2562 τῶν
2949 2513 3343 2578 ὑπαρχόντων
3395 2509 3563 2578 ὑμῶν

1980 2593 2130 2664 μετὰ
2178 2593 2367 2663 χαρᾶς
2411 2596 2880 2664 προσεδέξασθε,
2928 2592 3327 2665 γινώσκοντες
3372 2596 3560 2663 κρείτ-

1986 2698 2130 2735 τονα
2176 2681 2436 2749 ὓπαρξιν
2477 2683 2640 2752 ἔχειν
2685 2684 2756 2737 ἐν
2801 2683 3079 2751 οὐρανοῖς
3109 2681 3206 2736 καὶ
3229 2682 3560 2751 μένουσαν.

1987 2768 2097 2820 Καὶ
2127 2768 2551 2832 Θεσσαλονικέας
2579 2769 2636 2824 δὲ
2665 2769 3019 2842 παρακαλῶν,
3050 2769 3272 2833 τούτους
3294 2771 3371 2833 είς
3401 2769 3564 2839 μέσον

1987 2854 2212 2923 ἤγαγεν·
2265 2854 2463 2923 ’Υμεῖς
2493 2854 2602 2924 γὰρ
2626 2857 2873 2924 μιμηταὶ
2914 2856 3258 2926 ἐγενήθητε,
3291 2855 3560 2927 ἀδελφοὶ,

1988 2939 2106 2993 τῶν
2139 2940 2517 3008 Ἐκκλησιῶν
2542 2943 2647 2995 τοῦ
2681 2944 2829 2996 Θεοῦ
2857 2942 2976 2997 τῶν
2998 2939 3202 2997 οὐσῶν
3221 2945 3291 2997 ἐν
3311 2941 3562 3014 τῇνβὸἓ]

2002 3026 2271 3094 Ἰουδαίᾳ,
2304 3027 2391 3080 ὅτι
2422 3029 2519 3081 καὶ
2547 3029 2715 3099 ὑμεῖς
2746 3031 2989 3083 τοιαῦτα
3021 3030 3267 3085 ἐπάθετε
3290 3029 3410 3085 ὑπὸ
3444 3027 3565 3082 τῶν

1992 3113 2155 3167 ἰδίων
2193 3114 2625 3183 συμφυλετῶν,
2670 3114 2934 3186 καθάπερ
2982 3116 3246 3171 κάκεῖνοι
3288 3116 3408 3171 ὑπὸ
3447 3115 3565 3172 τῶν

2003 3200 2325 3256 Ἰουδαίων.
2367 3202 2518 3255 Ἐπεὶ
2543 3198 2637 3256 οὖν
2666 3202 2881 3259 πάντων
2909 3202 3265 3275 χαλεπώτερα
3291 3203 3526 3273 ἔπασχον
3545 3241 3562 3261 .

1990 3290 2083 3341 καὶ
2130 3288 2192 3340 ού
2241 3288 2399 3358 μόνον
2428 3289 2528 3343 ούκ
2569 3290 2846 3360 ὴλεοῦντο,
2893 3290 3029 3344 ἀλλά
3060 3291 3154 3344 καὶ
3184 3290 3253 3343 τὰ
3293 3289 3422 3344 ὄντα
3456 3288 3564 3359 ἀφ-

1989 3375 2218 3448 ῃροῦντο
2230 3375 2464 3438 ἅπαντα,
2480 3379 2572 3431 καὶ
2586 3379 2781 3449 ἤγοντο
2797 3379 2890 3433 καὶ
2906 3379 3180 3449 ἐφέροντο,
3192 3378 3286 3432 καὶ
3303 3376 3565 3433 πάντοθεν

1992 3462 2302 3533 ἠλαύνοντο,
2331 3464 2556 3528 εἰκότως
2586 3468 2713 3528 τοὺς
2737 3465 3069 3536 πανταχόθεν
3094 3466 3187 3518 ἐπὶ
3212 3465 3310 3534 τὴν
3342 3464 3566 3540 ἐκείνων

1991 3548 2274 3620 ἀντίληψιν
2303 3549 2577 3621 διεγείρει.
2609 3552 2719 3604 Καὶ
2745 3551 2979 3605 ἐνταῦθα
3004 3552 3164 3605 πάλιν
3192 3552 3330 3623 ὑπὲρ
3361 3551 3567 3605 τούτων

1992 3637 2170 3691 αὐτῶν
2205 3636 2510 3706 παρακαλεί
2542 3637 2878 3707 Κορινθίους,
2921 3630 3299 3707 λέγων·’Περὶ
3333 3637 3403 3691 δὲ
3452 3635 3566 3704 τῆς

1991 3726 2201 3795 λογίας
2237 3727 2323 3788 εὶς
2348 3724 2490 3791 τοὺς
2517 3726 2743 3795 ἁγίους,
2780 3725 2975 3792 καθὼς
3007 3725 3250 3791 διέταξα
3272 3726 3402 3792 ταῖς
3435 3727 3568 3781 Ἐκ-

1992 3815 2276 3883 κλησίαις
2328 3814 2439 3885 τῆς
2487 3814 2785 3880 Γαλατίας
2808 3852 2824 3877 ,
2857 3813 3010 3867 οὕτω
3047 3813 3144 3867 καὶ
3181 3811 3350 3883 ὑμεῖς
3394 3813 3568 3882 ποιή-

1994 3914 2162 3952 σατε.

2065 3982 2301 4049 γ’.Τίνες
2330 3980 2427 4053 μὲν
2450 3975 2541 4035 οὖν
2570 3981 2706 4032 εἰσιν
2731 3979 2780 4031 οἱ
2812 3978 2956 4047 ἅγιοι
2984 3969 3151 4042 οῦτοι,
3174 3977 3269 4030 καὶ
3290 3977 3342 4030 τί
3368 3978 3567 4050 δήποτε

1993 4063 2214 4116 πλείονα
2240 4065 2377 4135 ὑπὲρ
2411 4060 2589 4117 αὐτῶν
2620 4063 2851 4114 ποιεῖται
2881 4060 3154 4132 πρόνοιαν,
3204 4059 3404 4123 ἱκανῶς
3429 4060 3565 4113 ἀετο-

1993 4144 2258 4199 δέδεικται
2282 4163 2296 4176 ο
2322 4144 2476 4200 δεῖδὲ
2500 4143 2688 4196 λοιπὸν
2718 4143 2970 4214 ζητῆσαι,
2995 4141 3141 4206 τίνος
3172 4141 3357 4195 ’ἐνεκεν
3394 4141 3569 4196 Γαλα-

1992 4231 2101 4286 τῶν
2139 4233 2430 4304 μέμνηται.
2481 4229 2581 4284 Διά
2605 4229 2657 4283 τί
2694 4229 2803 4301 γὰρ
2837 4231 2911 4301 μὴ
2952 4224 3093 4282 εἷπε·
3119 4229 3254 4303 Περὶ
3281 4228 3339 4284 δὲ
3358 4229 3455 4302 τῆς
3480 4228 3569 4282 λο-

1993 4320 2117 4389 γίας
2149 4321 2246 4391 τῆς
2269 4322 2348 4383 είς
2378 4320 2504 4381 τοὺς
2533 4318 2718 4386 ἀγίους
2740 4317 2897 4370 τοῦτο
2928 4316 3190 4388 ποιήσατε
3215 4334 3228 4348 ο
3269 4317 3410 4370 κατὰ
3440 4315 3568 4388 μίαν

1997 4406 2283 4460 σαϐϐάτων
2320 4406 2549 4467 ἕκαστος
2603 4404 2756 4474 ὑμῶν
2813 4402 2943 4473 παρ’
2994 4402 3173 4474 ἐαυτῷ
3229 4403 3424 4458 τιθέτω
3466 4404 3565 4474 θη·
3606 4424 3616 4431 ·

1998 4491 2288 4566 σαυρίζων·
2311 4491 2427 4545 ἀλλ’
2455 4488 2648 4552 εἰπὼν,
2679 4489 2817 4557 Περὶ
2838 4489 2948 4556 τῆς
2965 4489 3174 4558 λογίας
3192 4488 3301 4558 τῆς
3320 4493 3407 4556 εἰς
3427 4492 3568 4558 τοὺς

1995 4581 2223 4650 ἁγίους,
2254 4577 2450 4644 καθὼς
2476 4575 2720 4639 διέταξα
2745 4575 2870 4641 ταῖς
2903 4575 3281 4642 Ἐκκλησίαις
3312 4574 3420 4642 τῆς
3451 4579 3569 4631 Γαο

1995 4667 2230 4732 λατίας,
2247 4665 2401 4718 οὕτω
2420 4664 2518 4718 καὶ
2546 4662 2715 4732 ὑμεῖς
2740 4661 3066 4728 ποιήσατε;
3086 4663 3243 4727 Τίνος
3264 4658 3357 4716 οῦν
3382 4663 3566 4718 ἕνεκεν

1996 4752 2156 4806 τοῦτο
2179 4754 2342 4815 ποιεῖ,
2365 4750 2460 4804 καὶ⁵
2487 4749 2609 4803 οὐδὲ
2640 4750 2789 4820 μιᾶς,
2815 4748 2936 4801 οὐδὲ
2963 4749 3077 4814 δύο,
3104 4749 3226 4803 οὐδὲ
3247 4750 3413 4822 τριῶν
3435 4753 3566 4805 ἀνα·-

2001 4840 2296 4910 μιμνήσκει
2349 4836 2557 4890 πόλεων
2576 4876 2591 4901 ,
2658 4835 2794 4889 ἀλλά
2839 4833 3027 4899 ἔθνους
3073 4836 3398 4909 ὁλοκλήρους
3449 4839 3565 4893 Ἵνα

1997 4925 2214 4978 πλείονα
2240 4921 2495 4988 δέξωνται
2521 4921 2850 4994 προθυμίαν,
2881 4923 2973 4974 καὶ
2991 4922 3059 4976 τά
3096 4922 3295 4993 ἑτέρων
3315 4923 3566 4994 ἐγκώμια

1997 5013 2178 5075 αὐτοῖς
2224 5009 2478 5073 ὑπόθεσις
2521 5009 2745 5081 γένηται
2778 5008 2960 5078 ζήλου.
2999 5006 3131 5063 Εἶτα
3162 5009 3308 5079 λέγει
3352 5012 3446 5063 καὶ
3471 5011 3564 5066 τὸν

1996 5101 2216 5173 τρόπον,
2273 5098 2393 5152 καθ’
2425 5098 2485 5151 ὃν
2529 5097 2737 5161 διέταξε
2762 5113 2777 5127 ⁸
2828 5096 2990 5150 Κατὰ
3032 5098 3182 5166 μίαν
3220 5098 3565 5160 σαϐϐάτων.

1998 5189 2185 5261 φησὶν,
2215 5187 2476 5252 ἕκαστος
2502 5184 2668 5255 ὑμῶν
2693 5186 2827 5253 παρ’
2846 5183 3037 5250 ἐαυτῷ
3062 5188 3263 5240 τιθέτω
3285 5189 3569 5256 θησαυρί-

1999 5276 2107 5336 ζων
2135 5275 2168 5329 ὅ
2186 5291 2240 5327 τι
2267 5271 2345 5327 ἂν
2370 5272 2673 5336 εὐοδῶται,
2706 5273 2807 5325 ἵνα
2826 5269 2934 5341 μὴ,
2960 5271 3104 5325 ὅταν
3125 5273 3298 5330 ἔλθω.
3325 5276 3456 5328 τότε
3472 5278 3569 5329 λο-

1998 5363 2118 5433 γίαι
2139 5362 2433 5431 γίνωνται.
2453 5359 2597 5413 Μίαν
2622 5358 2906 5412 σαϐϐάτων
2921 5356 3018 5428 τὴν
3041 5357 3305 5430 κυριακὴν
3320 5361 3563 5416 ἐκάλεσε.

1997 5451 2109 5504 Καὶ⁹
2134 5449 2275 5513 τίνος
2296 5449 2482 5502 ’ένεκεν
2503 5448 2702 5518 ταύτην
2736 5446 2965 5511 ἐπέταξε
2985 5449 3051 5518 τῇ
3074 5449 3300 5519 είσφορᾷ
3320 5448 3416 5520 τὴν
3438 5450 3567 5522 ἡμι-

2000 5551 2129 5609 ραν;
2158 5534 2244 5587 διὰ
2268 5534 2321 5587 τί
2361 5533 2435 5605 μὴ
2467 5529 2609 5597 εἷπε,
2641 5535 2707 5603 τῇ
2741 5532 2972 5603 δευτέρᾳ
3010 5532 3117 5586 τῶν
3153 5535 3457 5603 σαϐϐάτων,
3497 5541 3563 5611 τῇ

1998 5623 2155 5695 τρίτη
2204 5621 2313 5673 τῶν
2365 5620 2648 5673 σαϐϐάτων
2668 5660 2682 5679 ,
2708 5619 2739 5691 ἢ
2768 5618 2949 5682 αὐτοῖς
2975 5620 3086 5682 τοῖς
3132 5621 3425 5690 σάϐϐασινς
3455 5627 3563 5699 Οὐχ

2002 5710 2205 5772 ἁπλῶς,
2240 5707 2360 5761 οὐδὲ
2388 5706 2530 5778 εἰκῆ*
2557 5707 2691 5762 ἀλλά
2719 5706 3035 5779 βουλόμενός
3060 5724 3184 5764 τινα
3213 5712 3306 5765 καὶ
3333 5712 3441 5765 ἀπὸ
3470 5712 3566 5766 τοῦ

2001 5797 2192 5870 καιροῦ
2222 5795 2405 5852 λαϐεῖν
2424 5797 2740 5868 συμμαχίαν
2764 5796 2842 5860 είς
2872 5792 2931 5848 τὸ
2955 5795 3393 5872 προθυμοτέρους
3421 5800 3549 5866 ποιῆ
