4058 6258
308 428 418 483 ⁴ὶ35

306 540 493 610 Neque
532 538 673 591 enim
706 550 867 606 parva
899 551 985 592 res
1021 536 1268 592 omnibus
1309 537 1359 591 in
1388 536 1614 607 negotiis
1641 539 1895 606 temp-aris

308 630 704 700 opportunitas.
751 628 817 682 Et
852 628 976 698 quid
1000 670 1014 695 ,
1046 629 1195 683 dices
1217 670 1234 695 ,
1279 630 1692 698 opportunitatis
1738 628 1896 683 habet

307 732 559 790 tempus,
602 730 657 773 ut
695 720 819 788 quis
857 720 1237 789 persuadeatur
1283 721 1679 791 eleemosynam
1723 720 1897 775 dare?

305 814 460 881 Quod
489 813 588 865 bac
617 812 707 865 die
729 812 798 865 ab
837 812 983 865 omni
1013 827 1174 881 opere
1199 820 1441 868 cessetur
1461 854 1478 879 ,
1508 812 1648 883 quod
1680 811 1897 866 hilarior

305 905 522 957 animus
544 918 607 957 ex
637 903 735 956 hac
760 902 937 972 quiete
964 903 1233 968 reddatur,
1254 905 1498 974 quodque
1519 907 1754 958 omnium
1784 919 1896 957 ma~

305 997 510 1047 timum
543 1004 623 1047 est
647 1036 662 1058 ,
694 993 836 1063 quod
866 994 956 1048 illo
985 994 1070 1048 die
1108 995 1403 1049 innumeris
1440 994 1676 1048 fruamur
1718 995 1890 1049 bonis.

307 1085 420 1140 Hac
449 1086 644 1155 quippe
668 1085 754 1139 die
779 1084 951 1139 soluta
977 1100 1123 1139 mors
1152 1093 1253 1151 est,
1282 1086 1541 1139 exstincta
1567 1084 1891 1151 maledictio,

302 1177 544 1230 deletum
583 1187 856 1245 peccatum
883 1216 898 1241 ,
930 1185 1094 1245 porta:
1132 1176 1287 1231 inferi
1325 1176 1645 1241 confractae,
1689 1177 1894 1232 vinctus

303 1268 554 1322 diabolus
573 1309 587 1335 ,
618 1268 925 1322 diuturnum
952 1268 1150 1323 bellqu
1181 1267 1503 1338 diremptum
1526 1309 1542 1334 ,
1571 1269 1891 1323 reconciliati

303 1360 419 1414 Deo
459 1359 705 1415 homines
728 1402 742 1427 ,
771 1370 1119 1431 nostrumque
1156 1376 1324 1430 genus
1349 1360 1414 1415 ad
1442 1360 1715 1430 pristinam
1739 1400 1755 1425 ,
1786 1360 1892 1413 imo

303 1453 485 1521 potius
510 1453 574 1505 ad
602 1453 758 1522 longe
784 1452 1039 1522 majorem
1076 1452 1406 1506 nobilitatem
1433 1452 1588 1507 rediit
1616 1470 1628 1505 :
1659 1452 1893 1522 viditque

299 1547 386 1601 sol
415 1546 781 1600 admirandum
810 1546 937 1600 illud
967 1546 1327 1615 spectaculum
1349 1587 1364 1611 ,
1397 1546 1665 1600 hominem
1691 1545 1892 1600 factum

303 1639 684 1692 immortalem.
717 1638 842 1692 llzec
870 1639 1045 1692 omnia
1072 1646 1126 1692 et
1156 1638 1275 1691 talia
1308 1638 1489 1692 volens
1515 1638 1626 1706 ipse
1658 1637 1810 1692 nobis
1837 1638 1888 1692 in

300 1728 620 1782 memoriam
642 1742 911 1794 revocare,
937 1728 1076 1782 diem
1099 1727 1243 1782 illum
1266 1728 1317 1782 in
1340 1728 1571 1782 medium
1584 1728 1889 1792 attulit,ceu

301 1821 359 1875 in
393 1820 708 1875 advocatum
741 1821 886 1874 illum
908 1835 1208 1885 assumens,
1238 1830 1294 1874 ut
1324 1820 1543 1889 singulis
1572 1820 1711 1874 dicat
1739 1837 1751 1871 :
1781 1820 1888 1873 Co-

297 1913 433 1981 gita,
460 1912 638 1977 homo,
668 1919 797 1980 quot
819 1911 1163 1980 qualibusque
1186 1912 1338 1966 bonis
1358 1911 1585 1966 donatus
1606 1912 1677 1965 sis
1708 1911 1885 1977 hodie,

302 2014 439 2072 quot
467 2003 783 2072 quantisque
824 2001 976 2055 malis
1005 2012 1219 2071 ereptus
1251 2019 1263 2054 :
1294 2002 1465 2071 qualis
1490 2017 1608 2055 cum
1637 2003 1782 2070 prius
1806 2016 1889 2055 es-

297 2108 413 2153 ses.
447 2094 614 2161 qualis
640 2102 820 2163 postea
851 2092 1017 2146 factus
1047 2094 1140 2146 sis.
1169 2093 1320 2159 Quod
1346 2094 1388 2146 si
1418 2093 1531 2146 dies
1561 2092 1760 2147 natales
1788 2107 1889 2146 no-

299 2194 444 2238 stros
472 2185 775 2249 recolimus,
807 2185 953 2238 multi
983 2192 1158 2238 autem
1185 2186 1322 2238 servi
1354 2186 1514 2239 etiam
1542 2199 1634 2239 eos
1653 2227 1666 2248 ,
1696 2185 1887 2254 quibus

300 2275 549 2329 libertate
576 2276 753 2329 donati
784 2288 938 2339 sunt,
972 2291 1163 2344 magno
1190 2290 1311 2329 cum
1343 2275 1545 2329 honore
1574 2276 1846 2329 celebrant
1867 2316 1883 2340 ,

301 2368 373 2420 ita
409 2377 462 2420 ut
491 2368 577 2421 alii
605 2368 843 2421 convivia
874 2368 1097 2429 faciant,
1130 2366 1217 2419 alii
1245 2374 1421 2420 autem
1451 2366 1724 2420 liberiores
1748 2366 1886 2421 dona

301 2460 595 2529 largiantur
623 2477 636 2512 :
665 2460 831 2513 multo
862 2459 1027 2527 magis
1056 2472 1151 2511 nos
1184 2459 1322 2511 hunc
1352 2457 1489 2511 diem
1522 2458 1761 2511 venerari
1792 2473 1887 2525 par

299 2561 403 2613 est,
434 2566 589 2620 quem
621 2566 726 2605 non
752 2552 1028 2617 erraverit,
1057 2550 1102 2605 si
1130 2551 1247 2620 quis
1273 2552 1432 2604 totius
1459 2550 1701 2604 humana:
1727 2560 1885 2604 natu-

297 2658 377 2697 ra:
402 2645 543 2697 diem
571 2643 797 2697 natalem
827 2643 1112 2698 vocaverit.
1162 2643 1359 2696 Perditi
1388 2643 1529 2697 enim
1555 2657 1797 2707 eramus,
1830 2652 1883 2696 et

298 2737 501 2790 inventi
534 2752 749 2800 sumus;
783 2736 1013 2801 mortui,
1043 2743 1095 2789 et
1123 2735 1435 2799 revisimus;
1470 2734 1690 2797 inimici,
1717 2745 1771 2788 et
1795 2750 1886 2789 re-

294 2828 571 2882 conciliati
612 2842 814 2882 sumus.
860 2827 1196 2897 Quapropter
1224 2841 1345 2880 eum
1388 2826 1587 2879 honore
1623 2825 1884 2894 spirituali

294 2923 480 2976 colere
505 2938 599 2992 par
619 2931 719 2987 est,
739 2937 841 2975 non
863 2921 1141 2983 conviviis,
1157 2935 1260 2974 non
1285 2921 1388 2973 viui
1414 2929 1559 2989 potu,
1586 2937 1689 2974 nou
1712 2921 1884 2976 ebrie-

296 3021 434 3078 tate,
462 3029 564 3065 non
593 3012 854 3081 tripudiis,
878 3010 969 3065 sed
997 3009 1244 3064 fratribus
1268 3012 1463 3064 nostris
1486 3012 1884 3079 pauperioribus

294 3103 369 3156 ad
400 3119 576 3158 rerum
605 3106 813 3173 copiam
841 3101 1101 3157 adductis.
1140 3100 1264 3156 Haec
1290 3101 1409 3155 dico
1439 3117 1543 3156 non
1575 3111 1632 3156 ut
1660 3102 1883 3157 laudetis

295 3203 530 3258 tantum,
564 3194 658 3247 sed
685 3202 744 3247 ut
771 3194 927 3247 etiam
962 3192 1259 3247 imitemini.
1288 3192 1365 3247 Ne
1386 3193 1580 3261 putetis
1607 3193 1745 3248 enim
1770 3192 1885 3249 htec

299 3285 370 3339 ad
393 3285 697 3339 Corinthios
714 3285 883 3340 solum
906 3284 1045 3339 dicta
1066 3285 1247 3353 fuisse,
1268 3285 1363 3341 sed
1384 3286 1541 3340 etiam
1559 3286 1623 3340 ad
1644 3296 1881 3341 nostrum

294 3376 538 3445 singulos
558 3383 606 3430 et
630 3375 696 3430 ad
721 3376 1017 3441 universos,
1040 3376 1129 3445 qui
1151 3385 1269 3445 post
1292 3375 1453 3430 futuri
1477 3384 1621 3430 sunt.
1652 3378 1881 3447 ldipsum

297 3482 430 3521 vero
460 3466 710 3521 faciamus
730 3466 871 3536 quod
894 3466 1091 3520 Paulus
1116 3466 1365 3535 prtecepit
1393 3484 1407 3521 :
1435 3474 1488 3521 et
1506 3466 1593 3522 die
1617 3467 1883 3523 dominico

298 3558 666 3629 unusquisque
695 3567 935 3613 nostrum
965 3557 1107 3613 domi
1138 3573 1268 3628 opes
1292 3558 1586 3613 dominicas
1617 3569 1837 3629 reponat
1867 3577 1881 3613 :

298 3650 477 3720 sitque
521 3650 621 3705 hoc
646 3650 729 3705 lex
758 3661 813 3705 et
837 3650 1168 3705 consuetudo
1195 3650 1554 3718 immutabilis,
1590 3667 1758 3722 neque
1784 3653 1880 3707 ad-

298 3741 598 3797 monitione
621 3741 876 3810 deinceps
904 3740 989 3795 vel
1014 3740 1236 3795 consilio
1259 3755 1392 3810 opus
1416 3742 1521 3796 erit
1549 3742 1702 3796 nobis
1732 3760 1745 3796 :
1774 3757 1880 3796 non

299 3832 445 3887 enim
473 3839 674 3886 tantum
709 3832 851 3886 valet
878 3846 1056 3886 sermo
1083 3839 1138 3885 et
1160 3830 1451 3886 admonitio
1470 3872 1486 3897 ,
1518 3841 1771 3902 quantum
1800 3834 1880 3887 in-

300 3932 543 3979 veterata
582 3924 929 3979 consuetudo.
963 3922 1019 3979 Si
1064 3923 1167 3978 hoc
1201 3932 1494 3978 statuamus
1518 3965 1533 3989 ,
1562 3933 1620 3977 ut
1662 3925 1883 3994 singulis

301 4013 589 4069 dominicis
608 4014 806 4083 aliquid
831 4014 883 4067 in
905 4013 1199 4068 subsidium
1222 4028 1511 4083 pauperum
1534 4014 1879 4083 deponatuus,

300 4120 372 4160 ne
400 4105 611 4176 quidem
640 4106 682 4160 si
709 4113 973 4160 sexcenta:
994 4114 1217 4175 urgeant
1238 4105 1601 4171 necessitates,
1634 4106 1769 4160 hanc
1802 4106 1878 4162 Ie-

300 4212 421 4267 gem
456 4196 917 4267 transgrediemur.

377 4286 563 4340 Omnes
587 4282 951 4358 eleentoagnam
971 4301 1061 4355 pro
1082 4287 1266 4341 viribus
1285 4288 1409 4340 dare
1425 4296 1650 4357 Oportet;
1680 4289 1884 4341 eierato-

296 4394 429 4448 syua
448 4393 563 4430 cum
599 4377 785 4447 gaudio
823 4377 1112 4447 eroganda;
1142 4378 1467 4447 eleemosynte
1489 4378 1632 4430 ritus.
1655 4378 1884 4432 -—-Post—

298 4484 461 4538 quam
490 4483 616 4522 vero
642 4467 809 4530 dixit,
842 4467 941 4520 Per
969 4484 1119 4520 unum
1144 4467 1370 4531 sabbati,
1405 4468 1671 4531 subdidit,
1709 4467 1882 4523 Unus-

300 4558 507 4625 quisque
535 4566 765 4610 vestrum.
798 4556 914 4611 Non
943 4556 1138 4610 divites
1168 4564 1369 4609 tantum
1396 4555 1657 4625 alloquor,
1694 4557 1880 4625 inquit,

298 4649 395 4701 sed
439 4648 598 4701 etiam
630 4662 924 4717 pauperes;
960 4663 1066 4701 non
1094 4648 1290 4701 liberos
1330 4656 1531 4701 tantum
1558 4689 1572 4713 ,
1604 4649 1696 4703 sed
1723 4650 1882 4703 etiam

299 4753 519 4804 servos;
565 4754 672 4793 non
696 4740 839 4793 viros
864 4740 1023 4793 modo
1048 4780 1062 4802 ,
1092 4740 1182 4793 sed
1210 4749 1264 4794 et
1289 4741 1538 4794 mulieres
1569 4758 1582 4793 :
1614 4741 1786 4795 nullus
1817 4742 1886 4796 sit

299 4831 368 4883 ab
395 4830 498 4884 hoc
523 4831 817 4885 ministerio
848 4832 1113 4897 immunis,
1144 4844 1313 4900 neque
1342 4830 1442 4884 hoc
1475 4831 1622 4885 lucro
1650 4847 1843 4887 vacuus
1863 4874 1876 4896 ,

298 4920 395 4973 sed
431 4923 794 4991 unusquisque
821 4920 1009 4975 offerat
1032 4937 1049 4973 :
1074 4935 1244 4990 neque
1272 4921 1540 4975 collationi
1568 4920 1688 4974 huic
1713 4921 1884 4976 obstet

299 5010 498 5077 inopia.
524 5011 1020 5080 Quantumcumque
1040 5011 1179 5065 enim
1203 4996 1402 5080 pauper
1422 5010 1514 5075 sis,
1544 5025 1649 5065 non
1676 5026 1736 5065 es
1756 5025 1885 5080 pau-

298 5102 480 5168 perior
503 5100 659 5154 vidua
691 5102 777 5155 illa
799 5144 814 5168 ,
846 5116 965 5170 qua}
990 5117 1201 5157 omnem
1230 5102 1580 5157 substantiam
1612 5117 1759 5157 suam
1789 5116 1883 5158 ex-

298 5190 481 5243 hausit
507 5190 525 5259 (
556 5190 676 5244 Luc.
700 5191 792 5245 2t.
817 5192 954 5261 2-4).
1006 5192 1499 5262 Quantumcumque
1537 5208 1736 5263 pauper
1773 5195 1845 5247 sis
1865 5236 1879 5259 ,

296 5296 405 5335 non
429 5296 491 5335 es
511 5284 795 5352 pauperior
822 5284 1045 5338 muliere
1070 5283 1306 5348 Sidonia,
1334 5299 1453 5353 qua:
1481 5285 1601 5338 licet
1628 5284 1883 5353 pugillum

299 5372 488 5427 farina:
519 5382 722 5428 tantum
754 5375 1008 5440 haberet,
1039 5391 1106 5429 ne
1134 5376 1210 5429 sic
1240 5376 1452 5443 quidem
1477 5375 1543 5428 ab
1570 5373 1885 5443 excipiendo

298 5465 561 5534 propheta
589 5466 819 5521 cohibita
840 5476 955 5530 est;
985 5468 1076 5521 sed
1110 5468 1230 5521 licet
1253 5468 1658 5521 circumstantes
1688 5466 1883 5521 liberos

296 5556 526 5620 videret,
561 5565 940 5627 urgentemque
968 5556 1157 5612 famem
1180 5597 1196 5622 ,
1228 5572 1401 5625 neque
1428 5555 1566 5609 aliud
1594 5555 1880 5625 quidquam

298 5649 525 5706 haberet
547 5650 846 5720 depositum
868 5690 881 5713 ,
912 5666 1098 5721 magna
1124 5666 1244 5705 cum
1274 5650 1542 5703 alacritate
1569 5647 1880 5717 prophetam

293 5741 511 5810 excepit
533 5741 608 5810 (3.
634 5741 758 5812 Reg.
796 5743 879 5796 l7.
914 5743 999 5797 ιθ.
1031 5740 1186 5811 sqq.).
1215 5740 1327 5807 Qua
1358 5756 1484 5794 vero
1513 5740 1579 5794 de
1608 5754 1766 5795 causa
1793 5738 1877 5793 di-

300 5831 401 5897 xit,
427 5831 576 5902 Apud
602 5848 653 5886 se
677 5841 881 5904 sepeuat
906 5832 1245 5885 thesaurizans
1268 5834 1340 5901 (l.
1369 5831 1482 5886 Cor.
1513 5833 1594 5886 l6.
1620 5831 1712 5902 9.)?
1738 5831 1870 5898 Quia

1587 425 1676 479 DE
1716 422 2197 478 ELEEMOSYNA.

3481 437 3582 496 966

2005 536 2239 592 fortasse
2266 553 2387 593 cum
2419 541 2682 595 modicum
2714 552 2888 609 esset,
2923 545 2971 599 id
3000 548 3280 604 ostendere
3310 554 3591 611 verebatur

2006 636 2060 680 et
2079 628 2446 684 erubescebat.
2474 630 2807 701 Quapropter
2825 635 2976 700 dixit,
3003 636 3081 690 Tu
3106 653 3256 693 serva
3277 650 3333 696 et
3354 646 3587 709 custodi,

2002 726 2194 772 etcum
2220 719 2545 775 ohlatiouum
2571 722 2861 793 frequentia
2884 728 3024 796 quod
3050 745 3265 797 parvum
3287 744 3421 797 erat,
3448 736 3583 790 mul-

2006 818 2114 862 tum
2134 808 2377 864 effectum
2398 811 2575 875 fuerit,
2606 824 2729 867 tunc
2757 816 2807 869 in
2833 818 3063 871 medium
3085 821 3377 888 producito.
3404 824 3587 893 Neque

1998 899 2151 963 dixit,
2170 901 2442 970 colligens,
2463 902 2556 957 sed
2579 903 2979 971 Tltesaurizans;
2998 919 3052 961 ut
3078 912 3272 976 discas,
3293 928 3584 982 expensam

2000 991 2143 1047 illam
2170 1007 2291 1047 esse
2312 993 2643 1062 thesaurum,
2662 998 2783 1066 quia
2807 1006 3049 1067 sumptus
3066 1001 3152 1055 ille
3172 1004 3451 1060 thesaurus
3472 1008 3586 1063 efﬂ-

1997 1082 2136 1137 citur
2161 1102 2174 1137 :
2196 1083 2495 1151 thesaurus,
2521 1086 2756 1154 inquam,
2780 1089 2922 1142 omni
2949 1090 3196 1146 ιιδρετιυτο
3218 1096 3427 1152 melior.
3452 1097 3583 1154 Nam

1998 1173 2103 1237 hic,
2127 1176 2215 1244 qui
2242 1176 2340 1231 sub
2361 1192 2576 1232 sensum
2603 1180 2765 1246 cadit,
2788 1180 3070 1237 thesaurus
3089 1185 3291 1241 insidiis
3313 1189 3585 1259 impetitur

1996 1276 2050 1321 et
2076 1268 2436 1335 imminuitur,
2473 1286 2720 1342 Stepeque
2749 1288 2875 1335 eos,
2902 1276 2991 1343 qui
3024 1276 3198 1345 ipsum
3229 1280 3579 1347 invenerant,

1999 1360 2227 1429 perdidit
2272 1380 2287 1416 :
2335 1362 2615 1418 thesaurus
2661 1380 2793 1420 vero
2836 1368 3065 1424 caelestis
3106 1384 3298 1439 secus;
3344 1373 3580 1430 imminui

1995 1464 2227 1519 namque
2246 1461 2300 1506 et
2320 1452 2525 1508 insidiis
2552 1454 2733 1524 impeti
2787 1458 2986 1527 nequit,
3017 1459 3160 1515 salus
3186 1463 3584 1530 possidentibus

1994 1550 2050 1594 et
2075 1541 2481 1610 accipientibus.
2512 1543 2628 1598 Non
2660 1553 2899 1615 tempore
2928 1553 3278 1617 consumitur,
3309 1569 3417 1608 non
3444 1558 3582 1623 perit

1994 1629 2188 1684 invidia
2215 1673 2229 1699 ,
2262 1632 2355 1687 sed
2390 1634 2579 1688 talibus
2606 1650 2825 1704 prorsus
2849 1637 3054 1693 insidiis
3082 1639 3386 1697 inaccessos
3409 1686 3424 1710 ,
3452 1660 3577 1699 sex-

1994 1733 2148 1777 centa
2180 1724 2551 1795 colligentibus
2580 1728 2789 1783 confert
2817 1729 2974 1783 bona.

2063 1815 2118 1868 4.
2158 1815 2600 1885 Obtemperemus
2625 1818 2784 1887 igitur
2803 1859 2817 1883 ,
2844 1828 2897 1873 et
2921 1821 3002 1874 sic
3026 1836 3121 1876 nos
3149 1822 3246 1891 ipsi
3277 1824 3531 1880 faciamus
3563 1844 3576 1881 :

1992 1903 2204 1972 sintque
2225 1921 2391 1959 sacrre
2414 1908 2653 1975 pecunia:
2672 1909 2721 1961 in
2743 1909 2986 1965 domibus
3008 1913 3205 1967 nostris
3219 1929 3338 1969 cum
3364 1916 3579 1984 privatis

1993 1994 2182 2062 opibus
2204 1998 2473 2065 repositte,
2498 2008 2551 2050 ut
2574 2014 2666 2066 per
2688 2013 2781 2053 eas
2808 2001 3025 2068 privata:
3048 2002 3151 2056 illae
3172 2017 3574 2061 conserventur.

1991 2085 2448 2151 Quemadmodum
2492 2089 2633 2144 enim
2663 2090 2714 2144 in
2743 2092 2903 2161 regiis
2927 2095 3154 2158 mrariis,
3181 2096 3224 2149 si
3256 2098 3453 2152 subditi
3479 2114 3575 2154 cu-

1985 2176 2197 2245 jusdam
2232 2180 2468 2248 pecunia:
2495 2181 2766 2246 intersint,
2797 2183 3016 2251 privata:
3044 2186 3305 2254 regiarum
3335 2204 3492 2244 causa
3523 2192 3575 2245 in

1992 2276 2105 2322 tuto
2128 2270 2456 2325 collocantur
2482 2290 2495 2326 :
2519 2273 2599 2328 sic
2623 2282 2676 2328 et
2702 2274 2745 2328 si
2773 2274 2914 2329 domi
2942 2279 3202 2345 repositas
3228 2278 3425 2335 habeas
3449 2298 3577 2352 pau-

1989 2372 2175 2426 perum
2200 2361 2467 2428 pecunias,
2497 2378 2629 2432 quas
2654 2362 2742 2418 die
2765 2364 3032 2419 dominico
3056 2368 3276 2437 colligas
3295 2412 3309 2431 ,
3340 2371 3445 2425 illa:
3471 2374 3575 2427 tuis

1988 2452 2327 2505 securitatem
2362 2455 2586 2522 parient.
2637 2455 2711 2509 Ita
2737 2456 3074 2525 dispensator
3097 2460 3203 2513 eris
3229 2463 3573 2529 pecuniarum

1990 2547 2199 2594 tuarum
2232 2558 2259 2595 a
2290 2543 2453 2597 Paulo
2480 2546 2818 2600 constitutus.
2861 2546 2995 2613 Quid
3027 2548 3183 2601 dico?
3214 2550 3301 2602 Ea:
3326 2567 3444 2620 qua:
3462 2552 3575 2622 jam

1987 2632 2227 2687 Collectte
2248 2635 2311 2687 ad
2341 2635 2516 2703 plures
2537 2637 2863 2706 colligendas
2883 2640 3217 2695 occasionem
3245 2642 3335 2695 tibi
3355 2658 3573 2699 ausam-

1986 2738 2090 2791 que
2122 2725 2453 2792 prtebebunt.
2505 2727 2559 2783 Si
2590 2729 2731 2782 enim
2760 2729 2913 2783 bonte
2940 2729 3063 2784 huic
3086 2734 3457 2787 consuetudini
3486 2736 3575 2789 in-

1988 2815 2135 2868 itium
2167 2816 2397 2882 dederis,
2423 2819 2535 2887 ipse
2565 2822 2791 2889 teipsum
2822 2822 3058 2876 excitare
3089 2826 3286 2892 poteris
3315 2824 3431 2879 sine
3463 2826 3576 2880 ullo

1987 2906 2249 2976 symbolo.
2284 2907 2360 2962 Sit
2392 2910 2547 2977 igitur
2577 2910 2679 2963 hoc
2704 2912 2862 2965 modo
2891 2913 3149 2982 cujusque
3173 2914 3362 2968 domus
3392 2918 3568 2969 cccle-

1986 2995 2086 3059 sia,
2118 2997 2284 3052 sacris
2316 3001 2551 3066 pecuniis
2591 3000 2732 3055 intus
2772 3003 3043 3071 repositis.
3090 3004 3378 3058 Enimvero
3408 3020 3572 3075 gazo-

1991 3085 2231 3156 phylacia
2251 3129 2266 3153 ,
2293 3104 2412 3159 qua:
2436 3090 2521 3145 hic
2550 3092 2812 3146 habentur
2829 3134 2844 3157 ,
2870 3093 3077 3148 illarum
3105 3095 3404 3165 symbolum
3426 3106 3571 3153 sunt.

1987 3177 2087 3233 Ubi
2115 3194 2403 3250 pauperum
2428 3184 2665 3252 pecunia:
2686 3183 2889 3252 jacent,
2915 3185 3220 3240 inaccessos
3238 3186 3571 3242 dzemonibus

1986 3287 2069 3332 est
2095 3279 2241 3334 locus
2271 3296 2284 3332 :
2313 3279 2553 3335 collecta:
2580 3296 2808 3351 namque
2827 3282 2892 3336 ad
2916 3282 3310 3355 eleemosynam
3336 3286 3575 3353 pecunia:

1988 3371 2125 3441 plus,
2150 3386 2309 3441 quam
2331 3382 2560 3436 scutum,
2585 3373 2756 3440 hasta,
2780 3382 2831 3428 et
2851 3389 3020 3440 arma,
3048 3388 3311 3445 omneque
3334 3377 3575 3445 corporis

1987 3462 2169 3527 robur,
2184 3470 2273 3516 aut
2294 3462 2517 3516 militum
2542 3478 2730 3517 manus
2756 3463 2943 3517 domos
2964 3466 3226 3519 muniunt.
3251 3465 3382 3519 Cum
3405 3466 3574 3520 dixis-

1986 3563 2069 3609 set
2105 3565 2232 3625 ez-go
2256 3597 2271 3620 ,
2300 3554 2515 3623 quando
2540 3596 2555 3620 ,
2584 3570 2612 3607 a
2642 3554 2834 3623 quibus
2865 3563 2919 3609 et
2960 3554 3225 3623 quomodo
3270 3556 3572 3625 hujusmodi

1988 3648 2227 3716 pecunia:
2254 3647 2568 3717 colligenda:
2596 3648 2723 3709 sint,
2753 3656 2979 3716 quantas
3020 3647 3137 3701 illas
3179 3662 3299 3702 esse
3327 3658 3571 3716 oporteat

1987 3737 2321 3793 offerentium
2338 3738 2558 3793 arbitrio
2578 3738 2844 3807 relinquit.
2867 3736 2981 3791 Non
3002 3736 3143 3791 enim
3161 3737 3322 3803 dixit,
3341 3738 3569 3792 Tantum

1988 3841 2042 3887 et
2072 3840 2277 3886 tantum
2308 3831 2460 3896 offer,
2489 3845 2556 3884 ne
2583 3843 2869 3884 onerosum
2898 3830 2967 3883 sit
2994 3838 3317 3898 prteceptum
3344 3871 3358 3893 ,
3392 3831 3571 3884 multis

1992 3932 2354 3992 paupertatem
2400 3921 2806 3991 objicientibus;
2855 3935 2923 3975 ne
2970 3935 3231 3988 pauperes
3282 3921 3519 3975 dicerent
3553 3962 3568 3981 ,

1990 4016 2127 4083 Quid
2151 4017 2308 4086 igitur
2331 4016 2375 4069 si
2400 4031 2503 4068 non
2528 4014 2831 4081 possimus?
2855 4012 2949 4066 sed
2979 4012 3210 4065 facultati
3235 4011 3570 4066 offerentium

1989 4106 2276 4161 oblationis
2302 4105 2517 4160 modum
2548 4104 2787 4173 permisit
2819 4120 2831 4156 :
2868 4101 3242 4173 Unusquisque,
3271 4103 3459 4173 inquit,
3491 4122 3569 4157 ae-

1988 4208 2148 4251 strum
2173 4197 2319 4266 apud
2329 4214 2384 4251 se
2406 4206 2611 4266 seponat
2638 4195 2981 4248 tlteaaurizaus
3006 4194 3141 4263 quod
3184 4192 3284 4244 sibi
3321 4189 3576 4259 placuerit

1991 4288 2082 4359 (l.
2114 4287 2230 4342 Cor.
2264 4288 2346 4342 16.
2381 4285 2461 4356 2)
2491 4306 2504 4341 :
2544 4302 2650 4340 non
2681 4286 2831 4348 dixit,
2863 4283 3003 4353 quod
3034 4283 3283 4353 potuerit,
3314 4290 3406 4338 aut
3430 4284 3571 4352 quod

1990 4388 2260 4449 repertum
2291 4378 2480 4440 fuerit;
2514 4378 2606 4432 sed
2633 4420 2646 4442 ,
2683 4376 2831 4442 Quod
2858 4376 2952 4429 sibi
2982 4377 3255 4445 placuerit,
3285 4376 3401 4430 sive
3426 4377 3568 4446 quod

1989 4469 2327 4524 commodum
2356 4468 2533 4525 fuerit.
2557 4468 2845 4521 ostendens
2875 4481 3162 4535 supernum
3192 4477 3378 4519 nutum
3406 4476 3457 4520 et
3481 4467 3572 4520 lie-

1990 4557 2345 4613 nevolentiam
2372 4556 2471 4626 ipsi
2500 4555 2800 4609 adfuturam
2825 4569 2964 4608 esse.
3006 4554 3121 4607 Non
3147 4554 3287 4607 enim
3317 4554 3368 4607 id
3394 4555 3569 4608 solum

1990 4647 2263 4716 spectabat
2308 4646 2503 4700 Paulus
2535 4686 2549 4710 ,
2596 4654 2653 4698 ut
2704 4644 2939 4712 pecunia:
2986 4644 3307 4711 pauperibus
3365 4644 3567 4695 submi-

1992 4740 2348 4794 nistrarentur
2373 4779 2386 4801 ,
2416 4735 2508 4789 sed
2540 4744 2595 4788 ttt
2630 4734 2681 4788 id
2712 4750 2899 4803 magna
2940 4748 3059 4786 cum
3088 4731 3360 4786 alacritate
3398 4732 3569 4785 fieret.

1992 4830 2200 4883 Etenim
2227 4829 2365 4882 Deus
2383 4843 2487 4880 non
2507 4826 2576 4879 ob
2597 4825 2647 4879 id
2669 4832 2866 4878 tantum
2884 4823 3276 4893 elecmosynam
3297 4824 3570 4891 praecepit.

1991 4931 2049 4975 nt
2072 4922 2282 4975 alantur
2310 4919 2483 4989 egeni,
2512 4916 2605 4972 sed
2633 4916 2793 4972 etiam
2826 4924 2883 4969 ut
2911 4914 3161 4969 dantibus
3191 4911 3445 4966 beneficia
3474 4928 3567 4965 ae-

1990 5011 2274 5077 cederent;
2304 5017 2623 5079 propterque
2652 5007 2753 5060 hos
2775 5005 2939 5074 magis
2957 5044 2975 5071 ,
3002 5019 3159 5073 quam
3191 5010 3405 5071 propter
3432 5004 3566 5055 illos.

1991 5100 2122 5156 Nam
2151 5102 2194 5155 si
2222 5114 2510 5170 pauperum
2538 5097 2812 5151 dumtaxat
2838 5094 3109 5149 habuisset
3130 5093 3413 5157 rationem,
3438 5108 3571 5159 przeo

1991 5192 2219 5262 cepisset
2251 5201 2451 5244 tantum
2490 5198 2546 5242 ut
2576 5187 2813 5257 pecunia:
2838 5194 3185 5254 erogarentur
3206 5225 3222 5249 ,
3255 5198 3425 5252 neque
3453 5198 3574 5236 ero-

1989 5285 2223 5355 gantium
2236 5284 2559 5336 alacritatem
2578 5277 2934 5349 requisivisset
2956 5285 3037 5329 :at
3054 5290 3192 5329 nunc
3208 5274 3354 5328 vides
3369 5282 3579 5342 aposto-

1992 5377 2100 5430 lum
2118 5374 2259 5430 omni
2279 5371 3059 5441 sollicitudineprmcipientem,
3076 5378 3132 5420 ut
3145 5367 3249 5443 limi
3267 5365 3570 5434 hilaresque

1989 5468 2096 5522 sint
2120 5467 2415 5536 largitores.
2448 5465 2511 5517 Et
2535 5461 2820 5533 aliquando
2845 5460 2991 5525 dicit,
3021 5458 3139 5512 Non
3159 5474 3221 5511 ea:
3240 5456 3460 5522 tristitia,
3484 5465 3573 5509 aut

1990 5576 2053 5614 ea:
2095 5562 2382 5614 necessitate
2409 5574 2428 5611 :
2452 5556 2663 5610 hilarem
2700 5556 2831 5608 enim
2864 5553 3089 5606 datorem
3116 5550 3278 5620 diligit
3310 5547 3445 5602 Deus
3474 5547 3493 5617 (
3511 5547 3568 5602 2.

1992 5648 2108 5702 Cor.
2128 5648 2181 5703 9.
2212 5648 2302 5718 7);
2337 5661 2441 5701 non
2468 5644 2780 5714 simpliciter
2805 5643 3044 5697 datorem
3067 5682 3082 5706 ,
3115 5640 3210 5695 sed
3235 5654 3356 5694 eum
3384 5639 3473 5709 qui
3506 5639 3573 5692 li-

1990 5740 2179 5794 benter
2206 5739 2255 5793 id
2285 5738 2409 5809 agit.
2445 5738 2512 5791 Et
2542 5737 2732 5791 iterum
2763 5734 2887 5788 alibi
2919 5750 2932 5787 :
2969 5733 3068 5800 Qui
3097 5730 3265 5785 tribuit
3294 5732 3347 5784 in
3370 5731 3570 5799 simptio

1991 5833 2157 5897 ritate,
2188 5834 2271 5900 qui
2298 5838 2473 5900 pra'est
2503 5828 2552 5883 in
2581 5825 2940 5891 sollicitudine,
2969 5824 3052 5894 qui
3080 5823 3343 5878 miseretur
3366 5822 3417 5873 in
3445 5820 3574 5873 hila—
