4058 6258
550 411 657 467 267

536 530 701 576 ρηηιιε
730 518 904 587 (Rom.
938 516 1022 570 i2.
1051 513 1125 585 8).
1162 513 1286 566 llaec
1311 521 1393 566 est
1417 515 1557 565 enim
1588 512 1923 581 eleemosyna
1947 550 1960 572 ,
1987 508 2030 563 si
2057 508 2127 561 ita

554 610 786 673 dederis,
808 615 865 660 ut
886 604 1138 675 gaudeas,
1166 610 1221 656 et
1244 609 1396 671 putes
1418 608 1469 655 te
1496 600 1662 669 magis
1686 599 1947 667 accipere,
1970 611 2128 666 quam

551 702 699 755 dare.
734 699 961 766 Ideoque
998 694 1170 749 modis
1198 692 1444 748 omnibus
1469 698 1691 745 conatur
1717 698 1776 743 ut
1809 689 1926 743 leve
1973 685 2132 741 faciat

554 799 894 860 praeceptum,
914 803 976 843 ac
992 803 1113 841 cum
1135 785 1409 839 alacritate
1432 783 1521 835 fiat
1537 782 1753 836 oblatio.
1777 781 1841 834 Et
1853 778 2129 833 considera

549 897 678 956 quot
704 881 965 954 capitibus
996 877 1247 949 praecepti
1275 875 1479 945 pondus
1515 873 1727 928 auferre
1756 878 1980 940 satagat.
2010 867 2129 924 Pri-

550 995 637 1032 mo
680 977 832 1044 jubet
872 987 978 1026 non
1017 986 1177 1024 unum
1207 1009 1221 1033 ,
1255 976 1348 1022 aut
1384 967 1521 1022 duos
1554 976 1729 1019 tresve
1762 963 1957 1017 offerre
1980 1002 1995 1026 ,
2034 959 2129 1016 sed

549 1070 852 1121 universam
883 1062 1173 1118 civitatem.
1213 1058 1446 1113 Collecta
1487 1058 1628 1110 enim
1673 1054 1805 1109 nihil
1833 1052 1977 1106 aliud
2006 1061 2086 1107 est
2110 1093 2126 1119 ,

550 1176 707 1232 qnam
733 1157 948 1212 collatio
975 1163 1028 1208 et
1057 1151 1354 1223 symbolum
1382 1147 1448 1201 ab
1474 1146 1720 1201 omnibus
1744 1144 2001 1199 oblatum.
2035 1142 2133 1199 Sc-

548 1251 727 1305 cnndo
771 1244 1140 1316 accipientium
1187 1238 1429 1310 dignitati
1479 1237 1763 1307 prospicit;
1835 1250 1939 1288 non
1986 1233 2128 1287 enim

545 1341 700 1405 dixit,
731 1351 1012 1409 pauperes,
1042 1333 1134 1388 sed
1167 1330 1404 1386 Sunctos.
1435 1328 1614 1382 Tertio
1643 1325 1944 1394 exemplum
1974 1322 2131 1378 affort

551 1432 798 1493 aliorum,
826 1427 914 1497 qui
942 1424 1115 1481 simile
1139 1421 1386 1492 quiddam
1414 1418 1682 1474 fecerant:
1708 1417 1852 1471 Sicut
1876 1414 2127 1481 ordinant“,

553 1520 743 1590 inquit,
770 1517 1009 1571 Ecclesiis
1033 1511 1264 1567 Galatiw.
1298 1509 1377 1563 Ad
1409 1509 1521 1562 hmo
1545 1507 1650 1561 diei
1677 1505 2128 1576 opportunitatem

549 1610 727 1678 adjicit
753 1625 765 1660 :
788 1607 889 1660 Per
909 1621 1061 1658 unam
1083 1602 1421 1663 sabbatorum,
1441 1598 1533 1664 ait,
1557 1596 1894 1666 unusquisque
1915 1605 2129 1648 vestrum

547 1703 685 1773 apud
712 1717 765 1754 se
789 1705 997 1768 seponat
1027 1695 1389 1749 thesaurizans.
1424 1691 1622 1758 Quinto
1648 1730 1664 1755 ,
1696 1703 1800 1742 non
1828 1687 1979 1756 jubet
2008 1701 2129 1739 0m-

548 1809 669 1846 nem
701 1789 981 1847 confertim
1023 1786 1208 1842 inferri
1252 1786 1677 1853 eleemosynam;
1721 1779 1816 1834 sed
1854 1778 2049 1832 sensim
2077 1784 2131 1830 et

545 1884 820 1956 paulatim.
867 1880 981 1934 Non
1013 1881 1153 1934 enim
1183 1893 1280 1948 par
1311 1884 1393 1929 est
1422 1875 1557 1927 ratio
1586 1873 1764 1926 omnia
1796 1884 1902 1923 uno
1928 1868 2015 1923 die
2043 1869 2127 1952 in-

545 1974 668 2028 ferri
698 1971 988 2042 praecipere
1013 2011 1028 2034 ,
1056 1978 1146 2022 aut
1176 1969 1227 2021 in
1258 1966 1563 2020 diuturnum
1597 1971 1805 2030 tempus
1835 1961 1922 2013 illa
1954 1960 2129 2012 minu-

550 2062 697 2115 tatim
738 2060 973 2115 dividere
1002 2076 1017 2112 :
1046 2073 1167 2111 nam
1215 2057 1316 2111 hoc
1343 2054 1501 2108 modo
1541 2054 1780 2121 impensa
1810 2066 1877 2104 ne
1901 2049 2130 2103 sentitur

545 2152 780 2221 quidem.
819 2150 1013 2214 Sexto,
1046 2164 1150 2201 non
1181 2145 1475 2215 praescribit
1504 2158 1803 2198 mensuram
1830 2183 1843 2204 ,
1875 2143 1966 2194 sed
1989 2139 2128 2194 olfe-

551 2243 779 2297 rentium
819 2241 1040 2294 arbitrio
1067 2237 1356 2306 relinquit,
1384 2245 1439 2290 et
1468 2233 1594 2288 illud
1630 2248 1660 2287 a
1694 2233 1802 2286 Deo
1826 2231 2006 2286 datum
2035 2229 2130 2283 de-

544 2334 709 2386 clarat
738 2349 751 2384 :
781 2345 904 2383 nam
932 2344 1051 2383 cum
1078 2326 1206 2380 dicit
1231 2368 1244 2392 ,
1280 2323 1431 2389 Quod
1456 2322 1771 2378 commodum
1797 2321 1980 2391 fuerit,
2012 2318 2128 2373 haec

545 2423 703 2478 ambo
724 2422 939 2475 indicat.
964 2420 1260 2490 Septimum
1277 2433 1487 2488 quoque
1506 2417 1664 2471 alium
1685 2415 1900 2470 modum
1923 2413 2126 2483 adjicit,

545 2515 748 2577 dicens,
781 2511 849 2565 Ut
879 2528 1002 2577 non,
1029 2527 1140 2563 cum
1167 2526 1367 2574 venero,
1397 2519 1514 2562 tunc
1538 2509 1759 2562 colli-cus
1785 2508 1931 2574 ﬁant.
1959 2506 2125 2560 Simul

544 2604 686 2657 enim
735 2616 830 2656 eos
873 2602 1073 2655 excitat
1104 2609 1475 2667 exspectantes
1509 2598 1793 2652 adventum
1837 2612 1990 2651 suum
2016 2638 2031 2663 ,
2073 2608 2125 2652 et

542 2690 868 2759 consolatur,
894 2700 1096 2746 certum
1121 2691 1381 2745 adventus
1407 2690 1485 2743 sui
1511 2689 1650 2743 diem
1676 2689 2000 2759 signiﬁcans.
2024 2688 2126 2743 Nc-

540 2801 647 2855 que
688 2784 771 2839 his
814 2790 1095 2839 contentus
1133 2792 1375 2835 octavum
1417 2779 1560 2835 aliud
1601 2780 1800 2850 adjicit.
1846 2779 2124 2848 Quodnam

541 2875 706 2930 illud?
732 2874 860 2933 Cum
879 2884 1044 2927 autem
1071 2889 1290 2944 prwsens
1320 2878 1484 2944 fuero,
1514 2872 1703 2941 inquit,
1728 2888 1853 2942 quos
1880 2874 2123 2941 probave-

541 2970 653 3023 ritis
676 2985 763 3037 per
787 2968 1044 3038 epistolas,
1069 2966 1159 3020 hos
1184 2967 1378 3019 mittant
1404 2968 1630 3037 perferre
1652 2965 1868 3036 gratiam
1887 2974 2120 3018 uestram.

547 3060 693 3127 Quod
716 3060 759 3114 si
785 3061 993 3130 dignum
1019 3060 1166 3131 fuerit
1194 3067 1248 3111 ut
1281 3067 1330 3113 et
1354 3074 1444 3129 ego
1473 3075 1582 3112 eam
1600 3099 1614 3122 ,
1646 3074 1843 3113 mecum
1879 3058 2020 3111 ibunt
2045 3057 2125 3126 (l.

544 3151 662 3205 Cor.
692 3152 776 3208 l6.
800 3154 852 3207 5.
879 3150 959 3221 4).
988 3151 1119 3205 Vide
1145 3165 1303 3220 quam
1326 3150 1495 3203 aliena
1517 3164 1549 3201 a
1578 3148 1715 3202 fastu
1743 3156 1797 3203 et
1823 3163 1980 3218 quam
2004 3162 2127 3201 mo-

541 3242 691 3295 desta
735 3242 805 3294 sit
851 3241 1004 3295 beata
1048 3249 1103 3294 et
1140 3253 1398 3309 generosa
1441 3239 1530 3292 illa
1564 3239 1739 3291 anima
1763 3278 1779 3302 ,
1811 3237 1932 3291 vide
1964 3252 2121 3306 quam

542 3334 764 3386 sollicita
789 3372 806 3399 ,
846 3347 1003 3401 quam
1048 3331 1245 3385 amoris
1288 3329 1464 3398 plena.
1505 3328 1681 3383 Noluit
1724 3329 1865 3384 enim
1891 3369 1907 3392 ,
1951 3342 2124 3398 neque

545 3437 729 3493 passus
757 3431 840 3478 est
880 3429 938 3476 ut
968 3421 1036 3486 ii,
1077 3420 1166 3490 qui
1199 3420 1446 3489 pecunias
1474 3418 1893 3473 administraturi
1924 3426 2078 3474 erant
2105 3457 2123 3482 ,

541 3516 798 3572 arbitratu
842 3516 921 3569 sui
970 3515 1134 3584 ipsius
1167 3512 1639 3578 constituerentur,
1672 3511 1768 3567 sed
1797 3526 1982 3566 eorum
2008 3511 2120 3567 ele-

542 3608 770 3662 ctionem
795 3606 921 3679 ipsis
943 3604 1201 3673 permisit,
1221 3617 1392 3673 neque
1411 3601 1750 3657 contumelia:
1771 3603 1890 3657 loco
1913 3603 2117 3669 habuit,

543 3701 587 3754 si
626 3697 1022 3752 Corinthiorum
1051 3696 1258 3751 calculo
1289 3704 1450 3765 atque
1473 3695 1738 3750 sententia
1763 3735 1779 3761 ,
1813 3710 1918 3748 non
1944 3702 2124 3749 autem

542 3790 729 3853 Pauli,
768 3788 1257 3851 constituerentur;
1297 3795 1484 3841 contra
1522 3801 1652 3841 vero
1692 3785 1981 3841 absurdum
2010 3786 2123 3840 fore

541 3881 748 3938 censuit
770 3920 786 3944 ,
818 3879 861 3934 si
906 3878 1105 3933 oblatio
1131 3892 1315 3933 eorum
1348 3886 1521 3945 esset,
1550 3876 1916 3933 ministrorum
1945 3884 2120 3932 autem

541 3976 729 4029 electio
753 3988 872 4028 sua.
902 3971 1131 4042 Ideoque
1161 3970 1213 4025 id
1245 3969 1346 4024 illis
1374 3969 1674 4037 commisit,
1703 3969 2019 4025 modestiam
2045 3969 2111 4024 si-

543 4066 648 4120 mul
670 4079 818 4118 suam
839 4062 1148 4127 ostendens,
1168 4070 1329 4131 atque
1346 4076 1560 4116 omnem
1577 4076 1760 4116 ansam
1776 4062 2124 4131 umbramque

541 4151 782 4205 adversm
803 4147 1122 4218 suspicionis
1147 4159 1416 4203 resecans.
1446 4147 1577 4201 Nam
1605 4147 1728 4203 licet
1749 4148 1865 4202 sole
1889 4147 2124 4217 splendi~

540 4241 660 4294 dior
695 4252 750 4293 et
793 4239 863 4292 ab
901 4238 1046 4294 omni
1090 4237 1229 4292 mala
1266 4235 1567 4305 suspicione
1610 4236 1816 4292 alienus
1841 4247 2025 4295 esset:
2056 4255 2123 4295 ex

543 4328 831 4384 abundanti
849 4337 1023 4383 tamen
1038 4327 1258 4383 curabat
1275 4327 1655 4383 infirmioribus
1670 4344 1728 4384 se
1744 4338 2119 4399 attemperare,

542 4431 595 4476 et
636 4420 793 4474 falsas
820 4419 1150 4487 suspiciones
1187 4418 1442 4490 effugere.
1484 4420 1770 4490 Propterea
1799 4421 1968 4476 dicit:
1996 4421 2122 4477 Cum

539 4523 705 4567 autem
730 4527 945 4584 presens
972 4515 1132 4578 fuero,
1154 4527 1279 4581 quos
1303 4512 1646 4579 probaueritis,
1668 4513 1761 4568 hos
1786 4514 1979 4567 mittam
2006 4530 2121 4583 per-

541 4608 671 4676 ferre
705 4603 921 4674 gratiam
956 4611 1188 4657 vestram.
1220 4601 1359 4670 Quid
1400 4602 1574 4657 dicis?
1613 4602 1693 4657 Tu
1723 4618 1826 4658 non
1859 4606 2076 4675 navigas
2098 4646 2116 4673 ,

543 4710 718 4763 neque
748 4696 999 4765 pecunias
1021 4695 1220 4764 accipis
1238 4736 1255 4760 ,
1282 4695 1376 4750 sed
1400 4696 1517 4749 aliis
1545 4711 1659 4751 rem
1685 4697 2013 4752 committis?
2039 4698 2119 4754 Ne

531 4784 700 4855 igitur
727 4786 847 4840 talia
873 4786 1170 4856 cogitantes
1193 4774 1469 4855 segniores
1491 4786 1805 4853 evaderent,
1835 4786 1956 4842 vide
1980 4803 2114 4857 quo-

536 4880 699 4934 modo
724 4887 777 4933 et
807 4878 907 4933 hoc
934 4878 1123 4933 iterum
1149 4887 1356 4933 caveat.
1380 4877 1498 4933 Non
1524 4878 1667 4934 enim
1692 4878 2006 4948 simpliciter
2031 4880 2116 4934 di-

538 4976 635 5039 xit,
661 4972 807 5038 Quos
830 4971 1201 5039 probaveritis,
1237 4971 1461 5033 mittam,
1489 4970 1583 5026 sed
1613 4970 1783 5042 quid?
1812 4970 1912 5025 Per
1934 4973 2120 5043 episto-

536 5064 634 5118 las.
681 5061 903 5115 Etiamsi
932 5074 1157 5128 corpore
1195 5075 1303 5114 non
1349 5059 1630 5116 adfuturus
1671 5062 1773 5115 sim
1799 5101 1813 5123 ,
1846 5070 1900 5114 at
1946 5061 2117 5117 literis

534 5152 669 5208 meis
699 5164 935 5219 prtesens
959 5164 1073 5208 ero.
1106 5166 1396 5221 eorumque
1420 5151 1696 5207 ministerii
1725 5152 2007 5222 particeps.

605 5244 658 5295 5.
700 5240 834 5296 Num
884 5241 967 5296 vel
1013 5241 1200 5296 umbra
1252 5241 1424 5307 Pauli,
1464 5243 1550 5296 vel
1588 5244 1963 5301 calceamentis
1999 5245 2116 5314 ejus

529 5332 674 5399 digni
702 5346 909 5397 sumus,
930 5330 1143 5401 quando
1186 5331 1276 5386 ille
1322 5339 1467 5385 tanta
1522 5332 1663 5401 apud
1717 5349 1905 5390 omnes
1946 5335 2114 5406 gloria

534 5423 739 5491 iungens
778 5422 1018 5476 omnium
1062 5422 1230 5492 rejicit
1278 5421 1531 5489 honores,
1562 5439 1660 5479 nos
1686 5436 1864 5481 autern
1916 5438 2116 5483 stoma-

528 5511 754 5566 citantur
775 5521 832 5567 et
857 5514 999 5582 tegre
1041 5513 1281 5579 ferimus,
1303 5514 1346 5569 si
1372 5531 1477 5570 non
1512 5519 1776 5573 sententia
1811 5528 1866 5574 et
1909 5520 2114 5577 calculo

530 5609 715 5656 nostro
733 5602 912 5656 talium
933 5604 1276 5673 pecuniarum
1306 5607 1534 5676 prompti
1550 5617 1815 5675 creentur,
1835 5619 2111 5666 contume-

533 5687 762 5760 liamque
790 5691 946 5746 nobis
975 5692 1160 5748 inferri
1185 5703 1435 5764 putamus
1456 5711 1577 5751 cum
1611 5697 1767 5755 nobis
1796 5699 2112 5756 inconsultis

522 5778 765 5853 quipiam
797 5785 1045 5849 pecunias
1082 5786 1391 5854 impendunt
1430 5791 1588 5845 suas?
1635 5791 1765 5846 Yide
1811 5793 1970 5847 etiam
2000 5808 2100 5864 qua

1257 401 1314 456 S.
1353 398 1626 455 JOANNIS
1656 395 2134 455 .CllRYSOSTOHI
2174 394 2492 453 ARCHIEP.
2530 390 3065 452 CONSTANTINOP.
3696 397 3785 455 263

2233 508 2441 563 ratione
2478 506 2560 561 sui
2589 506 2782 577 ubique
2807 506 3130 561 mentionem
3178 503 3353 572 faciat,
3399 520 3570 577 neque
3610 511 3790 578 uspiam

2234 599 2579 653 obliviscatur
2603 614 2615 652 :
2641 612 2810 667 neque
2835 597 2977 652 enim
3006 597 3091 651 hic
3135 596 3443 653 mandatum
3470 608 3621 654 vocat
3644 600 3787 666 illud.

2235 703 2406 758 neque
2457 688 2872 759 eleemosynam,
2914 686 3007 742 sed
3044 670 3317 753 Gratiam;
3359 689 3645 746 ostendens
3676 692 3794 750 sicttt

2234 788 2478 834 mortuos
2545 780 2806 833 suscitare
2835 819 2850 844 ,
2899 778 3175 834 daemones
3226 780 3429 849 pellere
3472 789 3529 836 et
3581 782 3794 851 leprosos

2234 871 2491 925 mundare
2511 910 2527 935 ,
2557 870 2634 924 sic
2660 880 2713 924 et
2744 884 3005 938 pauperes
3039 870 3225 938 juvare
3259 871 3446 940 gratiae
3480 886 3612 939 opus
3648 887 3789 941 esse;

2232 961 2343 1014 imo
2370 961 2545 1029 potius
2570 960 2672 1014 hoc
2699 974 2856 1030 quam
2885 960 3011 1015 illud
3042 978 3055 1015 :
3083 973 3241 1030 atque
3281 961 3491 1017 etiamsi
3519 964 3677 1032 gratia
3698 966 3789 1031 sit,

2231 1050 2408 1106 studio
2429 1058 2610 1105 tamen
2640 1060 2695 1105 et
2718 1050 2991 1105 alacritate
3010 1066 3145 1120 Opus
3172 1051 3326 1105 nobis
3361 1060 3445 1106 est
3479 1061 3538 1105 ut
3561 1052 3791 1123 eligamus

2231 1151 2284 1196 et
2305 1141 2551 1206 velimus,
2582 1150 2636 1195 et
2656 1157 2751 1197 nos
2770 1142 2940 1211 gratia
2970 1141 3160 1210 dignos
3185 1143 3492 1197 reddamus.
3511 1144 3622 1200 Hoc
3639 1146 3792 1214 itaque

2230 1231 2298 1286 ad
2321 1232 2739 1288 consolationem
2774 1233 2990 1299 attulit,
3038 1233 3179 1301 quod
3208 1233 3393 1289 literas
3418 1248 3542 1288 suas
3569 1250 3680 1290 cum
3704 1237 3791 1292 illis

2230 1323 2494 1386 mitteret;
2518 1323 2660 1377 aliud
2680 1338 2805 1378 vero
2821 1324 2994 1392 majus
3009 1324 3223 1394 adjecit,
3241 1325 3382 1394 quod
3400 1339 3461 1379 se
3483 1326 3791 1393 polliceretur

2230 1413 2441 1468 itineris
2454 1414 2657 1467 socium
2680 1412 2791 1468 fore
2815 1431 2829 1467 :
2848 1414 2996 1479 Quod
3013 1416 3057 1469 si
3077 1415 3285 1483 dignum
3301 1415 3475 1484 fuerit,
3497 1416 3674 1485 inqttit,
3689 1426 3737 1470 ut
3751 1433 3794 1473 es

2229 1519 2322 1574 ego
2333 1519 2460 1568 eam,
2481 1519 2673 1557 mecum
2683 1505 2825 1557 ibunt
2842 1505 2891 1575 (l
2905 1504 3075 1558 .Cor.l
3088 1503 3141 1558 6.
3158 1505 3271 1573 5.4)
3282 1544 3295 1556 .
3316 1504 3414 1559 llic
3430 1505 3790 1562 animadvertas

2230 1595 2390 1649 velim
2410 1597 2524 1663 ejus
2548 1594 2905 1664 prudentiam.
2945 1595 3128 1665 Neque
3147 1598 3287 1651 enim
3317 1596 3532 1667 negavit
3558 1610 3617 1652 se
3651 1597 3787 1654 simul

2231 1685 2426 1739 iturum
2449 1727 2464 1752 ,
2494 1701 2667 1756 neque
2695 1687 2916 1741 omnino
2943 1687 3210 1757 pollicitus
3229 1697 3346 1752 est;
3377 1688 3474 1743 sed
3501 1688 3626 1742 illud
3647 1690 3784 1743 etiam

2229 1776 2469 1831 dantium
2513 1777 2734 1831 arbitrio
2783 1777 3042 1846 permisit,
3074 1792 3275 1846 eosque
3317 1777 3658 1847 profectionis
3697 1793 3789 1833 sua:

2230 1866 2475 1923 dominos
2517 1866 2670 1930 fecit;
2703 1866 2942 1921 indicans
2962 1907 2978 1932 ,
3008 1867 3053 1920 si
3077 1867 3277 1922 donum
3308 1876 3513 1921 tantum
3545 1866 3708 1935 foret,
3742 1877 3789 1922 ut

2228 1972 2291 2014 se
2335 1958 2559 2017 incitare
2600 1967 2810 2027 posset,
2857 1959 2959 2014 iter
2990 1974 3051 2013 se
3087 1968 3460 2028 suscepturum
3505 1972 3639 2013 esse.
3676 1957 3788 2014 Nam

2229 2065 2351 2105 cum
2409 2050 2560 2116 dicit,
2594 2049 2655 2106 Si
2704 2051 2914 2121 dignum
2962 2051 3151 2119 fuerit,
3178 2051 3230 2105 id
3275 2049 3658 2105 subiudicautis
3700 2059 3785 2105 est.

2230 2141 2381 2209 Quod
2410 2141 2455 2196 si
2486 2141 2867 2210 profectionem
2914 2141 3055 2195 illam
3098 2142 3321 2197 omnino
3359 2149 3639 2212 negasset,
3666 2140 3789 2212 ipsos

2229 2235 2529 2304 ignaviores
2558 2235 2936 2304 segnioresque
2968 2234 3324 2299 reddidisset;
3372 2235 3461 2289 sin
3503 2233 3655 2289 dubie
3678 2250 3788 2304 pro-

2226 2325 2478 2390 misisset,
2537 2324 2948 2394 negligentiores
2997 2322 3228 2379 fecisset.
3274 2324 3407 2379 Ideo
3442 2339 3556 2379 .nec
3596 2324 3788 2380 omnino

2228 2424 2407 2486 negat,
2434 2431 2605 2485 neque
2636 2416 2948 2485 pollicetur;
2977 2416 3071 2471 sed
3099 2416 3227 2471 illud
3250 2417 3478 2472 arbitrio
3512 2415 3787 2472 Corinthio-

2225 2524 2343 2564 rum
2372 2509 2624 2578 relinquit
2642 2509 2847 2575 dicens,
2877 2508 3027 2574 Quod
3046 2510 3091 2564 si
3115 2502 3326 2579 dignum
3354 2511 3531 2580 fuerit.
3580 2508 3787 2565 Audien-

2229 2609 2306 2654 tes
2332 2600 2474 2654 enim
2505 2599 2726 2655 Paulum
2754 2601 2926 2670 ipsum
2952 2600 3252 2656 delaturum
3280 2601 3605 2657 oblationem
3633 2614 3782 2667 suam,

2225 2690 2413 2759 majori
2444 2690 2621 2746 studio
2649 2701 2703 2745 et
2725 2691 3001 2745 alacritate
3026 2690 3092 2745 ad
3121 2690 3172 2746 id
3193 2691 3269 2747 rei
3299 2690 3634 2755 ferebantur,
3662 2691 3787 2761 quod

2224 2791 2422 2836 saucue
2452 2781 2560 2835 illae
2612 2796 2801 2836 manus
2845 2781 2984 2836 dona
3026 2786 3329 2837 tractatum
3371 2791 3581 2849 essent,
3606 2792 3656 2838 et
3681 2781 3787 2838 huic

2224 2871 2484 2927 sacriﬁcio
2509 2887 2696 2943 preces
2717 2873 2855 2929 illius
2870 2873 3206 2929 accederent.
3247 2874 3421 2931 Porro
3445 2875 3490 2931 si
3514 2874 3666 2929 Paulo
3690 2882 3780 2929 tra-

2222 2965 2383 3019 dituri
2410 2965 2548 3018 dona
2577 2964 2876 3030 Corinthii,
2909 2965 2961 3020 id
3004 2981 3125 3020 eum
3172 2966 3379 3036 majore
3425 2966 3683 3022 alacritate
3720 2964 3783 3020 fa-

2223 3055 2468 3119 ciebant,
2497 3065 2549 3109 tu
2577 3055 2725 3109 Pauli
2759 3056 2985 3111 Domino
3010 3057 3229 3113 daturus
3256 3060 3408 3127 (nam
3436 3073 3528 3129 per
3555 3072 3782 3128 pauperes

2225 3145 2315 3201 ille
2335 3146 2596 3216 suscipit),
2626 3161 2782 3215 quam
2810 3146 3207 3202 excusationem
3243 3147 3524 3204 habiturus
3559 3147 3651 3204 es?
3689 3146 3781 3202 Ne-

2221 3251 2327 3308 que
2351 3238 2491 3292 enim
2516 3279 2531 3302 ,
2564 3238 2664 3291 nisi
2696 3252 2883 3308 magna
2924 3237 3113 3294 fuisset
3140 3240 3337 3295 oblatio
3373 3241 3634 3311 multaque
3671 3254 3780 3296 cura

2222 3329 2403 3398 digna,
2435 3330 2521 3384 ille
2545 3330 2632 3385 cui
2663 3338 2805 3385 totus
2832 3331 2980 3386 orbis
3011 3332 3278 3401 creditus,
3307 3341 3361 3388 et
3386 3333 3475 3388 cui
3495 3348 3629 3389 curm
3650 3341 3781 3389 erant

2223 3433 2413 3474 omnes
2434 3420 2533 3476 sub
2560 3419 2676 3476 sole
2701 3420 2984 3487 Ecclesiae,
3014 3422 3282 3491 pollicitus
3306 3432 3455 3480 esset
3477 3439 3535 3480 se
3556 3423 3778 3494 pecunias

2223 3508 2718 3565 administraturum
2746 3526 2885 3567 esse.
2930 3512 3054 3567 Hcce
3078 3513 3236 3583 igitur
3267 3515 3451 3570 animo
3485 3522 3774 3585 reputantes,

2222 3600 2336 3657 sive
2357 3602 2689 3672 largiendum
2718 3605 2809 3672 sit,
2842 3604 2954 3660 sive
2978 3605 3099 3661 aliis
3144 3607 3489 3678 largientibus
3508 3608 3777 3662 ministran-

2224 3690 2372 3756 dum,
2411 3708 2478 3748 ne
2514 3708 2704 3763 segnes
2725 3696 2910 3761 simus,
2942 3712 3112 3767 neque
3137 3698 3336 3766 mmsti,
3364 3699 3509 3770 quod
3535 3698 3777 3753 facultates

2224 3785 2378 3839 nobis
2403 3787 2727 3843 minuantur.
2766 3788 3044 3854 Quomodo
3083 3792 3226 3847 enim
3253 3792 3542 3848 absurdum
3562 3806 3656 3847 non
3682 3790 3775 3846 fue-

2225 3877 2327 3942 rit,
2360 3876 2486 3933 dtnn
2514 3879 2742 3948 agricola
2773 3894 2955 3935 semen
2986 3881 3192 3952 jaciens
3210 3923 3225 3946 ,
3252 3890 3307 3938 et
3330 3883 3475 3939 bona
3493 3882 3740 3939 eﬂundens
3757 3920 3770 3945 ,

2225 3985 2330 4024 non
2356 3972 2613 4036 tristatur,
2638 3986 2736 4026 nec
2759 3972 2927 4039 dolet,
2951 3988 3126 4043 neque
3148 3974 3199 4029 id
3219 3984 3468 4045 sumptus
3487 3975 3598 4031 loco
3620 3973 3770 4035 habel.

2225 4063 2320 4118 sed
2349 4064 2554 4118 lucrum
2592 4065 2766 4134 potius
2808 4076 2863 4121 et
2890 4078 3207 4136 proventum
3229 4083 3349 4124 esse
3374 4079 3556 4140 putat,
3594 4064 3773 4123 tametsi

2223 4168 2346 4223 spes
2393 4158 2461 4209 sit
2486 4156 2684 4211 incerta
2716 4174 2728 4210 :
2761 4166 2831 4222 te,
2864 4160 2954 4229 qui
2992 4174 3096 4215 non
3145 4176 3242 4230 pro
3285 4162 3504 4232 paribus
3526 4203 3539 4227 ,
3566 4159 3649 4216 sed
3692 4170 3773 4228 pro

2224 4245 2391 4299 multo
2420 4246 2710 4317 majoribus
2736 4249 2988 4318 seminas,
3015 4259 3072 4305 et
3093 4252 3183 4321 qui
3214 4252 3266 4306 in
3296 4253 3442 4321 ipsas
3469 4251 3649 4308 Christi
3674 4262 3769 4302 ma-

2224 4351 2326 4391 nus
2368 4347 2644 4406 argentum
2683 4339 2923 4409 jacturus
2951 4356 3029 4409 es,
3074 4344 3338 4413 refugere,
3372 4354 3618 4416 torpere.
3643 4341 3768 4397 etin-

2222 4429 2397 4498 opiam
2445 4430 2820 4499 prtetendere?
2846 4433 3039 4488 Annon
3080 4443 3288 4505 poterat
3328 4436 3472 4492 Deus
3520 4433 3767 4506 precipere

2225 4519 2418 4584 telluri,
2449 4528 2507 4575 ut
2553 4520 2820 4590 proferret
2863 4539 3052 4579 aurum
3086 4528 3314 4595 parum?
3350 4527 3455 4596 Qui
3483 4527 3616 4583 enim
3640 4523 3764 4585 dixit,

2223 4606 2477 4664 Germinet
2499 4620 2633 4665 terra
2649 4612 2854 4667 herbam
2875 4615 2998 4686 fani
3035 4613 3186 4683 (Gen.
3219 4617 3270 4670 l.
3300 4615 3412 4688 Η),
3452 4628 3671 4685 moxque
3691 4625 3764 4666 co-

2221 4712 2452 4754 mantem
2482 4702 2756 4768 exhibuit,
2785 4713 2990 4774 poterat
3036 4704 3176 4760 haud
3224 4706 3387 4762 dubie
3429 4707 3696 4778 praecipere
3718 4708 3764 4753 III

2222 4787 2395 4843 fontes
2434 4799 2489 4845 et
2529 4791 2676 4846 fluvii
2717 4807 2906 4848 aurum
2943 4794 3143 4864 jugiter
3183 4795 3486 4854 funderent.
3526 4791 3761 4852 νει-ιπηιίύ

2220 4879 2408 4945 noluit,
2430 4880 2524 4936 sed
2551 4882 2748 4937 multos
2773 4885 2823 4937 in
2849 4894 3160 4954 paupertate
3193 4885 3397 4943 dimisit
3424 4896 3531 4943 tum
3555 4885 3621 4941 ob
3642 4885 3762 4954 ipso.

2219 4986 2378 5038 rum,
2435 4983 2545 5029 tum
2597 4974 2668 5028 ob
2717 4983 2859 5030 tuam
2909 4976 3212 5033 utilitatem.
3251 4978 3385 5035 Nam
3438 4979 3506 5035 ad
3550 4979 3758 5033 virtutem

2218 5066 2568 5133 Opportunior
2592 5075 2674 5120 est
2701 5076 2982 5136 paupertas
3007 5069 3206 5126 divitiis
3228 5111 3245 5138 ,
3272 5082 3327 5128 et
3355 5071 3440 5138 iis,
3477 5071 3561 5141 qui
3587 5070 3633 5123 in
3658 5080 3760 5137 pec-

2218 5156 2353 5211 catis
2373 5165 2515 5220 sunt,
2541 5172 2645 5211 non
2663 5173 2823 5228 parva
2844 5161 3138 5216 consolatio
3165 5163 3337 5217 oritur
3355 5163 3424 5217 ab
3445 5160 3629 5218 auxilio
3648 5169 3759 5226 ege-

2218 5247 2303 5301 nis
2348 5249 2603 5316 pracstito.
2645 5249 2921 5322 Tantaque
2963 5252 3182 5323 hujusce
3217 5254 3294 5311 rei
3330 5270 3456 5310 cura
3477 5261 3554 5310 est
3573 5253 3687 5313 Deo.
3712 5255 3759 5301 ιιι

2217 5352 2339 5393 cum
2384 5339 2691 5396 advenisset
2731 5356 2998 5414 caraeque
3049 5344 3265 5401 indutus
3316 5360 3440 5402 cum
3491 5339 3757 5399 hominibus

2216 5440 2642 5499 conversaretur,
2673 5448 2778 5487 non
2798 5433 3137 5501 detrectaret,
3167 5452 3341 5507 neque
3366 5430 3758 5509 ignominia:th

2216 5519 2456 5587 haberet,
2483 5522 2624 5591 quod
2656 5524 2770 5593 ipse
2807 5539 2925 5594 qua:
2961 5524 3028 5580 ad
3060 5540 3321 5596 pauperes
3352 5525 3644 5597 spectabant
3661 5519 3756 5574 dis-

2216 5622 2482 5680 pensaret.
2525 5613 2636 5669 Etsi
2674 5629 2803 5670 vero
2829 5624 2907 5669 tot
2951 5631 3114 5685 panes
3134 5616 3356 5685 fecerat,
3378 5626 3432 5675 et
3447 5621 3757 5688 quaecumque

2214 5703 2376 5758 vellet
2395 5704 2544 5771 jussu
2567 5704 2893 5775 perficiebat,
2931 5707 3055 5763 licet
3079 5718 3264 5781 posset
3282 5716 3553 5767 sexcentos
3573 5702 3757 5759 thesau-

2215 5806 2305 5849 ros
2351 5793 2631 5851 confertim
2678 5798 2984 5865 ostendere,
3012 5801 3180 5855 noluit
3211 5810 3422 5868 tamen;
3449 5795 3537 5855 sed
3570 5802 3750 5848 marsu-
