4058 6258
237 399 346 452 267

261 523 414 576 Ἐπεὶ
457 519 549 572 καὶ
582 518 736 570 τοῦτὸ
767 517 910 568 ἐστιν
957 512 1313 584 ἐλεημοσύνη,
1345 513 1404 566 τὸ
1441 513 1699 584 χαίροντα
1745 511 1839 562 καὶ

243 603 538 674 νομίζοντα
557 599 854 670 λαμϐάνειν
878 598 1074 667 μᾶλλον
1097 596 1362 666 ῆδιδόναι,
1393 597 1534 649 οὕτω
1559 595 1834 664 παρέχειν.

245 686 348 739 Διὰ
383 683 541 736 τοῦτο
573 683 736 736 παντὶ
766 681 950 750 τρόπῳ
978 680 1233 748 πειρᾶται
1279 676 1496 730 εὔκολον
1527 677 1748 746 ποιῆσαι
1781 675 1842 727 τὸ

245 769 552 836 ἐπίταγμα,
579 765 664 816 ἵνα
711 763 850 833 μετὰ
895 762 1202 834 προθυμίας
1247 762 1280 830 ἡ
1328 760 1554 829 εἰσφορά
1591 760 1836 829 γένηται.

245 851 356 902 Καὶ
384 849 574 901 σκόπει
603 846 788 906 πόσοις
817 845 1138 914 ἐπεχείρησε
1168 843 1480 910 κεφαλαίοις
1501 842 1559 894 τὸ
1587 842 1724 910 βαρὺ
1747 841 1839 892 τοῦ

243 934 570 1004 πράγματος
587 927 1028 996 ἐπιτεμνὸμενος.
1054 926 1167 978 Ἑνὶ⁵
1191 925 1289 994 μὲν
1311 926 1404 976 καὶ
1425 923 1646 994 πρώτῳ,
1664 924 1740 992 τῷ
1767 921 1839 991 μὴ

243 1016 377 1083 παρ’
409 1012 526 1074 ἐνὸς
563 1010 657 1063 καὶ
693 1009 786 1061 δύο
829 1009 861 1078 ἢ
897 1007 1085 1078 τριῶν,
1121 1007 1256 1058 ἀλλὰ
1311 1005 1460 1076 παρὰ
1501 1007 1680 1075 πάσης
1711 1004 1840 1056 αὐτὸ

242 1097 500 1150 κελεῦσαι
531 1091 903 1160 εἰσενεχθῆναι
948 1091 1045 1158 τῆς
1087 1089 1316 1151 πόλεως.
1351 1089 1520 1156 Λογία
1548 1087 1656 1157 γὰρ
1687 1088 1838 1140 οὐδὲν

241 1182 332 1234 ἓτε
342 1181 432 1251 ρόν
456 1179 624 1238 ἐστιν,
650 1175 762 1228 ἀλλ’
787 1173 818 1241 ἢ
849 1171 1078 1242 συλλογὴ
1111 1173 1204 1224 καὶ
1229 1171 1420 1242 ἔρανος
1446 1171 1597 1240 παρὰ
1624 1171 1838 1222 πάντων

241 1249 636 1331 ἐπιδιδόμενος.
679 1255 946 1326 Δευτέρῳ,
997 1254 1074 1324 τῷ
1097 1253 1204 1306 τῶν
1250 1253 1636 1323 λαμϐανόντων
1679 1249 1839 1314 ἀξιὼ-

244 1362 410 1416 ματι·
457 1344 516 1395 οὑ
563 1341 668 1412 γὰρ
695 1335 838 1402 εἶπε,
889 1337 1162 1406 Πτωχοὺς,
1206 1337 1317 1388 ἀλλ’
1361 1337 1604 1404 Ἁγίους.
1638 1333 1835 1416 Τρίτῳ,

241 1413 322 1496 τῷ
355 1425 758 1495 παραδείγματι
783 1419 890 1472 τῶν
909 1419 1010 1488 ήδη
1043 1418 1446 1486 πεποιηκότων·
1485 1416 1690 1481 Καθὼς
1723 1413 1838 1468 διέ-

243 1511 400 1572 ταξα
441 1507 572 1576 γάρ,
603 1505 755 1574 φησὶ,
792 1502 924 1566 ταῖς
957 1501 1346 1566 Ἐκκλησίαις
1377 1498 1484 1565 τῆς
1509 1497 1834 1558 Γαλατίας.

244 1592 394 1660 Πρὸς
424 1588 652 1648 τούτοις,
685 1586 752 1654 τῇ
797 1585 894 1654 τῆς
932 1583 1142 1652 ἡμέρας
1183 1581 1468 1650 εὐκαιρίᾳ·
1509 1579 1669 1634 Κατὰ
1691 1581 1838 1660 μίαν

241 1659 378 1742 γάρ,
399 1671 551 1740 φησὶ,
569 1666 879 1720 σαϐϐάτων
905 1665 1164 1728 ἕκαστος
1195 1664 1364 1730 ὑμῶν
1383 1664 1517 1729 παρ’
1538 1659 1728 1724 ἐαυτῷ
1755 1677 1836 1742 τι·-

243 1741 396 1808 θέτω
435 1746 824 1818 θησαυρίζων.
870 1747 1132 1815 Πέμπτῳ,
1175 1745 1254 1813 τῷ
1294 1743 1368 1814 μὴ
1418 1745 1597 1795 πᾶσαν
1639 1743 1730 1808 ὑφ’
1779 1741 1836 1793 ἓν

241 1835 502 1888 κελεῦσαι
535 1830 903 1900 εἰσενεχθῆναι
937 1829 1034 1898 τὴν
1078 1825 1473 1896 ἐλεημοσύνην·
1513 1822 1628 1876 ἀλλ’
1655 1823 1836 1892 ἡρέμα

243 1920 344 1972 καὶ
375 1916 514 1970 κατά
743 1911 958 1981 μικρόν.
1005 1911 1076 1961 Οὑ
1109 1909 1216 1979 γάρ
1246 1911 1390 1960 ἐστιν
1425 1909 1538 1959 ἴσον
1564 1909 1621 1958 ἐν
1656 1906 1837 1976 ἡμέρᾳ

247 2001 353 2070 μιᾷ
383 1996 622 2052 κελεύειν
651 1995 710 2046 τὸ
741 1993 1032 2062 εἰσφέρειν,
1077 1992 1170 2043 καὶ
1203 1992 1260 2041 ἐν
1305 1988 1540 2057 τοσούτῳ
1569 2002 1838 2055 κατακερ-

247 2067 498 2152 ματίζειν
529 2078 658 2130 αὑτὸ
694 2075 870 2146 χρόνῳ
891 2091 903 2103 ·
939 2073 1000 2126 τὸ
1030 2073 1137 2143 γὰρ
1166 2071 1404 2124 τοιοῦτον
1434 2067 1836 2152 οὑδέγαίσθησιν

245 2149 481 2235 ’παρέχει
514 2159 778 2227 δαπάνης.
811 2157 1014 2222 Ἔκτῳ,
1045 2154 1120 2222 τῷ
1154 2153 1228 2222 μὴ
1261 2153 1458 2235 μέτρον
1493 2151 1690 2235 ὁρίσαι,

242 2231 630 2317 ἐπιτρέψαιτῇ
685 2239 879 2308 γνώμῃ
934 2236 1041 2288 τῶν
1091 2234 1468 2317 εἰσφερόντων,
1519 2231 1835 2317 καίδεῖξικι

243 2309 402 2399 παρά
439 2309 573 2379 Θεοῦ
604 2309 758 2376 τοῦτο
785 2319 1058 2399 διδόμενον
1079 2334 1093 2348 ⁸
1119 2316 1196 2399 τῷ
1225 2317 1333 2384 γὰρ
1370 2312 1663 2399 είπεῖνίὈ
1691 2327 1745 2364 τι
1763 2309 1841 2399 ἂν

241 2393 850 2475 εὐοδῶται,ἀμφότερα
877 2397 1052 2451 ταῦτα
1085 2397 1338 2475 ἐδήλωσε.
1385 2395 1697 2475 Προσέθηκε
1741 2393 1836 2446 καὶ

237 2490 471 2556 ἕϐδομον
515 2473 698 2548 ἕτερον
749 2480 948 2550 τρότων
985 2479 1174 2540 εἰπὼν,
1217 2474 1472 2556 Ἵναμὴ,
1508 2473 1655 2556 ὅταν
1668 2475 1843 2537 ἔλθω,

235 2555 583 2634 τότείλογίαι
605 2563 898 2632 γίνωνται.
924 2557 1089 2626 ὐμοῦ
1121 2575 1176 2608 τε
1207 2555 1315 2626 γὰρ
1351 2555 1547 2618 αὑτοὺς
1579 2555 1672 2607 καὶ
1704 2573 1833 2608 κατ-

237 2649 458 2716 επείγει
504 2641 916 2714 προσδοκῶντας
977 2637 1140 2692 αὑτοῦ
1196 2637 1294 2707 τὴν
1359 2637 1682 2708 παρουσίαν,
1741 2637 1832 2692 καὶ

239 2727 672 2800 παραμυθεῖται,
711 2721 1049 2794 προθεσμίαν
1096 2721 1280 2781 αὐτοῖς
1326 2719 1525 2788 πολλὴν
1558 2719 1828 2790 παρέχων.

241 2813 360 2866 Καὶ¹
405 2809 523 2862 οὑδέ
561 2807 768 2868 τούτοις
806 2803 1048 2874 ἠρκέσθη
1104 2802 1280 2871 μόνον,
1328 2800 1462 2853 ἀλλά
1508 2802 1600 2853 καὶ
1653 2801 1834 2868 ὄγδοον

151 2937 156 2940 .
239 2891 585 2964 προσέθηκεν
627 2890 832 2959 ἕτερον.
885 2887 1041 2938 Ποῖον
1092 2885 1150 2936 δὲ
1197 2882 1352 2934 τοῦτο
1373 2898 1397 2964 ;7
1419 2883 1700 2964 Ἐπειδὰν
1743 2883 1830 2946 δὲ,

243 2963 408 3040 φησι,
453 2969 890 3040 παραγένωμαι.
938 2965 1046 3030 οὓς
1075 2965 1151 3018 ἂν
1191 2963 1558 3033 δοκιμάσητε
1594 2963 1668 3018 δι’
1710 2965 1834 3018 ἐπι-

236 3055 504 3120 στολῶν,
549 3055 801 3116 τούτους
848 3047 1062 3116 πέμψω
1116 3047 1474 3116 ἀπενεγκεῖν
1505 3046 1619 3114 τὴν
1659 3046 1834 3116 χάριν

237 3141 444 3209 ὑμῶν’
489 3137 588 3190 καὶ
636 3135 744 3188 ἐὰν
795 3131 833 3199 ᾖ
892 3129 1064 3193 ἄξιον
1093 3129 1198 3181 τοῦ
1243 3131 1394 3198 κάμὲ
1451 3131 1828 3204 πορεύεσᾷαι,

237 3223 368 3278 σὺν
401 3220 534 3290 ἐμοὶ
567 3217 982 3284 πορεύσονται.
1028 3213 1165 3280 Ὅρα
1197 3213 1258 3264 τὸ
1299 3215 1498 3282 ἄτυφον
1533 3215 1624 3266 καὶ⁹
1661 3217 1832 3268 ἐπιει-

241 3307 338 3368 κὲς
373 3304 473 3372 τῆς
507 3299 783 3372 μακαρίας
828 3295 919 3349 καὶ
969 3295 1220 3362 γενναίας
1270 3297 1484 3365 ἐκείνης
1517 3295 1712 3366 ψυχῆς,
1743 3299 1840 3350 καὶ·

239 3388 302 3439 τὸ
351 3382 699 3456 κηδεμονικὸν
749 3379 840 3432 καὶ
893 3378 1260 3448 φιλόστοργον.
1306 3378 1379 3430 Οὑ
1417 3377 1525 3448 γάρ
1571 3378 1831 3446 ἠθέλησεν

241 3471 428 3532 αὑτὸς,
460 3466 578 3520 οὑδέ
611 3463 864 3534 ἠνέσχετο
891 3463 1015 3523 τοὺς
1040 3461 1527 3529 διακονησομένους
1560 3463 1670 3523 τοῖς
1699 3463 1833 3532 χρή-

245 3569 380 3622 μασι
411 3549 630 3610 τούτους
666 3543 1038 3615 χειροτονῆσαι
1085 3541 1143 3606 ἐξ
1181 3541 1388 3603 οἰκείας
1430 3543 1682 3612 γνώμης·
1718 3543 1830 3595 ἀλλ’

241 3634 472 3696 ἐκείνοις
497 3630 592 3700 τὴν
619 3629 827 3698 αἵρεσιν
853 3625 1054 3678 τούτων
1081 3623 1366 3694 ἐπέτρεψε,
1406 3625 1498 3676 καὶ
1523 3625 1622 3678 οὑκ
1651 3625 1830 3693 ἐνόμι-

243 3719 336 3782 ζεν
367 3715 524 3783 ὓϐριν
561 3709 696 3766 εἶναι
733 3709 792 3762 τὸ
837 3709 1089 3778 πρᾶγμα,
1131 3707 1180 3758 εἰ
1217 3709 1282 3776 τῇ
1331 3706 1628 3776 Κορινθίων
1668 3707 1832 3778 ψήφῳ

243 3799 341 3852 καὶ
383 3795 598 3866 γνώμῃ.
642 3792 778 3845 ἀλλά
815 3792 892 3860 μὴ
933 3792 1000 3860 τῇ
1024 3787 1236 3841 Παύλου
1269 3787 1510 3857 μέλλοιεν
1536 3786 1676 3841 οὑτω
1706 3789 1833 3842 καθ-

245 3878 526 3934 ίστασθαιο
580 3873 887 3928 τούναντίον
943 3872 1041 3942 μὲν
1089 3867 1180 3924 οὖν
1242 3869 1390 3939 αὑτῷ
1444 3871 1641 3924 ἄτοπον
1696 3867 1831 3924 εἶναι

243 3963 514 4032 ἐφαίνετο,
547 3958 644 4028 τὴν
677 3958 774 4028 μέν
801 3952 1058 4022 εἰσφοράν
1088 3953 1310 4005 ἐκείνων
1352 3949 1508 4016 εἶναι,
1539 3953 1639 4022 τὴν
1665 3954 1720 4006 δὲ
1748 3955 1832 4006 αἵθ

245 4061 398 4116 ρεσιν
431 4042 538 4094 τῶν
577 4037 1065 4110 ὑπηρετησομένων
1095 4033 1278 4087 αὐτοῦ.
1311 4033 1408 4086 Διὰ
1454 4032 1610 4086 τοῦτο
1649 4035 1830 4098 αὑτοῖς

241 4127 404 4180 τοῦτο
434 4123 748 4194 ἐπέτρεψεν,
777 4119 911 4189 ὁμοῦ
955 4135 1021 4194 ⁴τε
1067 4118 1161 4188 τὴν
1207 4117 1501 4170 ἐπιείκειαν
1531 4117 1832 4170 ἐπιδεικνύ-

247 4225 430 4278 μενος,
465 4191 601 4276 ὁμοῦ
629 4222 686 4258 τε
737 4205 914 4257 πᾶσαν
955 4191 1123 4271 λαϐὴν
1157 4201 1394 4269 ἀναιρῶν
1427 4201 1521 4254 καὶ
1550 4201 1708 4254 σκιάν
1741 4204 1832 4254 ὑπ-

239 4291 402 4360 οψίας
436 4289 658 4342 ἀτόπου.
697 4287 760 4339 Εἰ
789 4285 896 4354 γάρ
920 4286 1012 4337 καὶ
1037 4283 1129 4337 τοῦ
1160 4284 1307 4354 ἡλίου
1339 4284 1714 4355 λαμπρότερος
1739 4281 1828 4356 ἦν,

239 4374 338 4426 καὶ
388 4371 568 4438 πάσης
625 4369 866 4438 πονηρᾶς
923 4366 1157 4434 ὑποψίας
1217 4365 1663 4435 ἀπηλλαγμένος,
1715 4367 1829 4420 ἀλλ’

236 4457 392 4524 ὅμως
426 4454 520 4505 καὶ
561 4449 730 4512 οὕτως
771 4451 834 4502 ἐκ
883 4449 1194 4520 περιουσίας
1235 4447 1532 4510 ἐσπούδαζε
1577 4449 1670 4502 καὶ
1723 4450 1829 4502 τῶν

237 4535 649 4604 ἀσθενεστέρων
693 4531 984 4600 φείδεσθαι,
1035 4531 1128 4583 καὶ
1180 4531 1277 4592 τὰς
1321 4531 1533 4600 ψευδεῖς
1579 4531 1832 4597 ὑπονοίας

235 4618 576 4686 διαφεύγειν.
625 4616 723 4668 Διὰ
749 4614 902 4668 τοῦτό
944 4630 1106 4683 φησιν
1128 4627 1140 4640 ·
1191 4613 1468 4666 Ἐπειδὰν
1495 4615 1832 4682 παραγένω-

229 4719 365 4770 μαι,
409 4699 520 4766 οὓς
560 4699 668 4752 ἐὰν
709 4695 1093 4765 δοκιμάσητε,
1139 4697 1389 4762 τούτους
1417 4697 1632 4765 πέμψω
1659 4699 1832 4752 ἀπεν-

233 4783 442 4850 εγκεῖν
469 4781 584 4848 τὴν
615 4779 794 4846 χάριν
819 4777 1004 4847 ὑμῶν.
1040 4778 1104 4829 Τί
1141 4777 1354 4846 λέγεις;
1397 4779 1460 4831 σὺ
1488 4779 1545 4832 δὲ
1569 4781 1630 4832 οὑ
1657 4781 1828 4846 πλεῖς,

235 4865 361 4920 οὐδὲ
391 4863 520 4933 δέχῃ
549 4863 616 4915 τὰ
640 4862 916 4932 χρήματα,
948 4859 1058 4912 ἀλλ’
1089 4859 1296 4930 ἑτέροις
1328 4860 1388 4913 τὸ
1429 4863 1660 4932 πρᾶγμα
1707 4864 1829 4915 ἐπι-

234 4946 504 5016 τρέπεις;
545 4945 638 4998 "Iv‘
666 4939 759 4996 οὖν
804 4943 878 5013 μὴ
914 4939 1086 4994 ταῦτα
1125 4943 1432 5005 ἐννοοῦντες
1472 4943 1828 5014 ρᾳθυμότεροι

233 5028 526 5096 γένωνται,
568 5029 668 5100 ὅρα
717 5025 832 5088 πῶς
876 5025 968 5077 καὶ
1008 5022 1165 5076 τοῦτο
1203 5025 1362 5078 πάλιν
1401 5025 1728 5095 διώρθωσεν.
1754 5026 1828 5078 Οὑ

234 5111 348 5182 γάρ
382 5105 536 5162 εἶπεν
565 5107 769 5172 ἁπλῶς,
813 5106 920 5170 Οῦς
948 5107 1042 5159 ἐὰν
1075 5107 1405 5177 δοκιμάσητε
1435 5108 1658 5176 πέμψω,
1695 5107 1830 5160 ἀλλά

232 5191 326 5258 τίς
363 5193 442 5245 Δι’
469 5189 824 5244 ἐπιστολῶν.
859 5190 978 5242 Κᾶν
1015 5189 1088 5259 μὴ
1120 5189 1196 5259 τῷ
1227 5190 1438 5260 σώματι
1485 5189 1665 5261 παρῶ,
1694 5190 1830 5242 ἀλλά

231 5277 346 5336 τοῖς
377 5273 670 5344 γράμμασι
714 5271 1022 5342 παρέσομαι
1067 5275 1181 5333 τοῖς
1219 5273 1390 5339 ἐμοῖς,
1437 5273 1530 5326 καὶ
1580 5289 1829 5324 συναντι-

233 5355 478 5426 λήιῖιομαι
508 5357 605 5424 τῆς
633 5353 902 5415 διακονίας
925 5353 1173 5416 ἐκείνοις.

304 5439 366 5488 ε’.
396 5432 540 5506 τΑρα
573 5433 708 5500 ἄξιοι
743 5437 840 5506 τῆς
882 5435 1040 5495 σκιᾶς
1078 5435 1244 5503 ἐσμεν
1273 5434 1372 5502 τῆς
1407 5436 1500 5490 τοῦ
1533 5437 1766 5500 Παύλου,
1793 5437 1825 5506 ἥ

225 5519 342 5572 τῶν
371 5521 738 5589 ὑποδημάτων
771 5519 1000 5580 ἐκείνου,
1027 5521 1152 5571 ὅταν
1195 5520 1399 5582 ἐκεῖνος
1441 5519 1536 5588 μὲν
1562 5522 1828 5591 τοσαύτην

229 5601 385 5672 παρά
415 5604 550 5654 πᾶσι
575 5603 732 5666 δόξαν
759 5601 896 5671 έχων
931 5601 1282 5672 διακρούηται
1307 5601 1406 5664 τὰς
1433 5601 1584 5672 παρά
1611 5605 1828 5656 πάντων

234 5683 418 5752 τιμάς,
452 5685 614 5754 ἡμεῖς
648 5683 704 5736 δὲ
743 5685 836 5736 καὶ⁵
877 5683 1294 5753 ἀγανακτῶμεν,
1339 5683 1433 5735 καὶ
1468 5683 1830 5754 δυσχεραίνω-

233 5781 354 5833 μεν,
391 5765 459 5818 ἂν
502 5765 578 5836 μὴ
617 5767 684 5835 τῇ
735 5765 978 5836 ἡμετέρᾳ
1007 5766 1220 5838 γνώμῃ,
1257 5767 1390 5836 μηδὲ
1423 5769 1488 5837 τῇ
1523 5767 1700 5836 κρίσει
1731 5765 1826 5820 καὶ

233 5849 294 5917 τῇ
320 5847 490 5918 ψήφῳ
516 5848 564 5899 οἰ
593 5848 660 5900 τά
692 5845 918 5900 τοιαῦτα
967 5847 1368 5918 διακονούμενοι
1416 5851 1671 5920 χρήματα
1715 5865 1827 5920 χει·

233 5929 590 5998 ροτονῶνταις
626 5929 753 5980 ὅταν
792 5927 948 5997 ὓϐριν
985 5923 1123 5982 εἶναι
1164 5930 1472 6002 νομίζωμεν
1507 5932 1566 5986 τὸ
1603 5931 1676 6003 μὴ
1707 5932 1826 6003 μεθ’

567 6029 840 6092 Paron
885 6029 1002 6092 Gn.
1049 6029 1148 6094 LI.

1595 404 1682 458 DE
1727 403 2206 459 ELEEMOSYNA.

3431 401 3532 458 268

1947 511 2104 579 ἡμῶν
2135 513 2228 565 καὶ
2251 509 2350 580 τῆς
2380 507 2651 580 ἡμετέρας
2681 508 2904 577 γνώμης
2933 509 3059 569 τοὺς
3085 507 3152 560 τὰ
3177 509 3352 562 αὑτῶν
3373 509 3538 567 δαπα-

1944 600 2145 661 νῶντας
2172 599 2328 652 τοῦτο
2361 602 2568 660 ποιεῖν;
2603 599 2710 650 Καὶ
2734 599 2834 667 ὅρα
2879 597 2992 660 πῶς
3037 596 3229 650 ἐαυτοῦ
3262 601 3535 672 πανταχοῦ

1947 683 2238 752 μέμνηται,
2273 683 2366 734 καὶ
2405 679 2640 748 οὐδαμοῦ
2681 679 3114 740 ἐπιλανθάνεται,
3159 681 3280 732 οὑδὲ
3310 682 3416 752 γάρ
3447 685 3534 737 ἐνς
3565 715 3568 720 -

1942 762 2120 814 ταῦθα
2175 763 2394 832 ἐντολὴν
2441 762 2718 824 ἐκάλεσεν,
2764 761 2884 814 οὑδέ
2936 761 3320 833 ἐλεημοσύνην,
3381 766 3536 829 ἀλλὰ,

1941 844 2152 913 Χάριν“
2187 845 2419 909 δεικνὺς,
2459 847 2538 898 ὅτι
2588 845 2836 914 καθάπερ
2889 848 3110 917 νεκροὺς
3143 847 3400 916 ἐγείρειν,
3441 851 3538 904 καλ⁸

1939 928 2199 996 δαίμονας
2241 928 2502 987 ἐλαύνειν,
2538 927 2630 978 καὶ
2683 927 2915 996 λεπροὺς
2963 927 3266 998 καθαίρειν,
3313 931 3535 1000 χάριτος

1941 1009 2098 1080 ἔργον
2129 1011 2282 1062 ἐστίν
2305 1027 2318 1039 ·
2349 1010 2490 1062 οὓτω
2525 1011 2618 1062 καὶ
2653 1010 2841 1062 πενίαν
2869 1010 3135 1080 διορθοῦν,
3163 1012 3256 1064 καὶ
3287 1015 3397 1072 τοῖς
3419 1014 3534 1067 δεο-

1944 1094 2124 1160 μένοις
2177 1095 2332 1162 χεῖρα
2375 1092 2606 1161 ὀρέγειν,
2660 1093 2754 1144 καὶ
2805 1092 2984 1160 πολλῷ
3038 1093 3240 1160 μᾶλλον
3295 1095 3450 1148 τοῦτο
3499 1096 3534 1166 ἢ

1941 1178 2146 1227 ἐκεῖνο·
2191 1175 2306 1225 ἀλλ’
2331 1175 2378 1225 εί
2413 1174 2504 1226 καὶ
2539 1175 2694 1242 χάρις
2724 1175 2860 1238 ἐστὶ,
2885 1177 2977 1226 καὶ
3003 1176 3100 1241 τῆς
3130 1176 3402 1245 ἡμετέρας
3433 1177 3538 1228 δεῖ-

1939 1255 2207 1327 ται
2261 1255 2495 1325 σπουδῆς
2549 1256 2640 1308 καὶ
2671 1256 2996 1326 προθυμίας,
3035 1257 3120 1308 ἵνα
3158 1256 3405 1326 ἑλώμεθα
3441 1259 3538 1312 καὶ

1942 1335 2311 1404 βουληθῶμεν,
2341 1334 2432 1386 καὶ
2466 1333 2564 1402 τῆς
2615 1335 2836 1402 χάριτος
2885 1333 3064 1396 ἀξίους
3099 1336 3324 1399 ἑαυτοὺς
3355 1353 3540 1406 παρα-ρ

1942 1416 2314 1481 σκευάσωμεν.
2353 1412 2466 1464 Ἑνὶ
2494 1411 2592 1480 μὲν
2623 1407 2715 1463 οὖν
2751 1411 2922 1479 τούτῳ
2979 1413 3428 1482 παρεμυθήσατο,
3458 1413 3537 1483 τῷ

1939 1491 2006 1542 τὰ
2033 1491 2335 1560 γράμματα
2364 1488 2530 1540 αὑτοῦ
2565 1487 2805 1556 πέμπειν
2835 1488 2950 1556 μετ’
2985 1491 3206 1542 ἐκείνων
3228 1505 3240 1517 ·
3276 1491 3446 1561 ἐτέρῳ
3477 1491 3535 1543 δέ

1943 1569 2152 1638 μείζονι
2195 1565 2287 1618 τοῦ
2340 1567 2606 1636 προτέρου
2635 1565 2817 1628 πάλιν,
2849 1564 2927 1633 τῷ
2971 1566 3065 1618 καὶ
3104 1567 3262 1619 αὐτὸν
3302 1566 3535 1636 ὑποσχέ-

1942 1649 2063 1698 σθαι
2087 1649 2184 1715 τῆς
2212 1644 2515 1714 ἀποδημίας
2547 1643 2750 1712 ταύτης
2781 1645 3130 1712 κοινωνήσειν
3162 1646 3364 1706 αὐτοῖς.
3395 1645 3534 1700 Ἐὰν

1939 1724 2046 1793 γάρ
2135 1723 2329 1786 ἄξιον,
2361 1722 2513 1791 φησὶ,
2537 1719 2644 1772 τοῦ
2670 1719 2822 1788 κάμὲ
2845 1721 3225 1787 πορεύεσθαι,
3253 1720 3375 1774 σὺν
3400 1719 3532 1790 ἐμοὶ

1939 1803 2358 1868 πορεύσονται.
2394 1799 2505 1850 Καὶ
2536 1798 2728 1849 σκόπει
2762 1797 3043 1850 κάνταῦθα
3079 1799 3242 1852 αὑτοῦ
3271 1799 3370 1868 τὴν
3408 1797 3530 1852 σύν-

1938 1897 2073 1932 εσιν.
2108 1877 2244 1930 Οὑτε
2273 1875 2380 1945 γὰρ
2427 1876 2703 1944 ἠρνήσατο
2738 1875 3075 1936 συναπιέναι,
3112 1874 3234 1928 οὒτε
3267 1876 3536 1946 ὑπέσχετο

1938 1954 2218 2018 καθάπαξ,
2247 1953 2382 2007 ἀλλά
2412 1953 2572 2005 πάλιν
2618 1955 2683 2022 τῇ
2727 1951 2836 2004 τῶν
2870 1952 3118 2004 διδόντων
3148 1955 3342 2024 γνώμῃ
3375 1952 3534 2006 τοῦτο

1938 2031 2226 2102 ἐπέτρεψε,
2254 2031 2348 2082 καὶ
2385 2028 2606 2099 κυρίους
2630 2029 2827 2091 αὑτοὺς
2856 2029 3079 2099 ἐποίησε
3103 2029 3204 2098 τῆς
3227 2031 3534 2101 ἀποδημίας

1937 2112 2036 2179 τῆς
2071 2106 2286 2170 ἐαυτοῦ,
2323 2107 2694 2175 ἐνδειξάμενος
2734 2107 2814 2158 ὅτι
2854 2107 2902 2158 εἰ
2933 2106 3154 2175 δαψιλὲς
3185 2109 3269 2178 εἴη
3301 2107 3362 2160 τὺ
3389 2109 3533 2162 δεδο-

1942 2190 2098 2260 μένον
2129 2187 2222 2239 καὶ
2251 2185 2503 2238 τοσοῦτον
2541 2186 2618 2247 ὡς
2648 2185 2743 2236 καὶ
2773 2185 2938 2237 αὑτὸν
2970 2186 3346 2260 διαναστῆσαι,
3389 2187 3530 2242 πάν·

1936 2258 2044 2327 τως
2074 2263 2268 2332 ἀψεται
2298 2263 2398 2332 τῆς
2437 2263 2582 2314 ὁδοῦ.
2621 2260 2694 2314 Τὸ
2719 2264 2826 2331 γάρ
2861 2265 3054 2325 εἰπεῖν,
3101 2258 3300 2333 Ἐὰνῇ
3335 2264 3528 2330 ἀξιον,

1937 2341 2095 2394 τοῦτό
2139 2343 2283 2394 ἐστιν
2331 2340 2724 2409 αἰνιττομένου.
2775 2341 2836 2392 Εἰ
2891 2341 2989 2410 μὲν
3033 2337 3125 2394 οὖν
3171 2341 3396 2394 καθόλου
3433 2343 3532 2413 τὴν

1935 2418 2241 2488 ἀποδημίαν
2261 2417 2464 2486 ταύτην
2487 2418 2782 2488 ἠρνήσατο,
2817 2417 3185 2488 ἀθυμοτέρους
3215 2418 3280 2471 ἂν
3309 2419 3531 2490 ἐποίησε

1937 2496 2032 2547 καὶ
2064 2495 2454 2566 ὀκνηροτέρους
2481 2495 2678 2557 αὑτούς
2697 2512 2710 2524 ·
2767 2495 2927 2548 πάλιν
2958 2499 3007 2549 εἰ
3039 2497 3356 2566 ἀμφιϐόλως
3383 2499 3533 2568 ὡμο-

1935 2573 2134 2643 λόγησε
2179 2577 2272 2627 καὶ
2317 2575 2614 2642 ὑπέσχετο,
2659 2573 3066 2644 ρᾳθυμοτέρους
3113 2575 3179 2626 ἂν
3216 2577 3528 2646 εἰργάσατο.

1935 2653 2034 2704 Διά
2073 2652 2136 2722 δὴ
2181 2651 2338 2704 τοῦτο
2387 2649 2510 2704 ούτε
2560 2651 2892 2720 ἀπαγορεύει
2943 2651 3169 2704 καθόλου
3199 2693 3216 2717 ,
3257 2651 3380 2706 οὔτε
3427 2653 3533 2708 ὑπ-

1939 2732 2229 2798 ισχνεῖταιο
2262 2728 2376 2781 ἀλλ’
2409 2729 2501 2780 ἐπὶ
2553 2731 2618 2798 τῇ
2669 2727 2860 2799 γνώμῃ
2909 2728 3018 2782 τῶν
3051 2729 3353 2799 Κορινθίων
3374 2731 3532 2787 τοῦτο

1937 2811 2096 2868 ποιεῖ,
2122 2807 2308 2868 εἰπὼν,
2356 2807 2490 2860 Ἐὰν
2537 2808 2604 2860 δὲ
2636 2803 2678 2877 ᾖ
2708 2807 2899 2871 ἄξιον.
2935 2809 3250 2872 Ἀκούοντες
3295 2809 3403 2881 γάρ
3447 2813 3532 2869 ὅτι

1935 2884 2145 2948 Παῦλος
2195 2885 2375 2953 μέλλει
2435 2885 2534 2952 τὴν
2588 2885 2902 2954 προσφορὰν
2959 2885 3139 2940 αὑτῶν
3197 2887 3528 2958 ἀποφέρειν,

1935 2962 2138 3014 πλείονι
2201 2963 2480 3032 προθυμίᾳ
2540 2963 2634 3014 καὶ
2699 2963 2900 3032 σπουδῇ
2965 2964 3102 3033 πρὸς
3173 2965 3234 3018 τὸ
3298 2968 3534 3036 πρᾶγμα

1935 3040 2256 3108 ἐκέχρηντο·
2293 3037 2432 3090 ὥστε
2467 3039 2755 3100 τὰς’άγίας
2803 3044 2987 3109 χεῖρας
3021 3041 3236 3104 ἐκείνας
3282 3043 3532 3116 διακονήο

1938 3119 2132 3170 σασθαι
2161 3120 2272 3179 τοῖς
2318 3117 2635 3186 διδομένοις,
2687 3119 2780 3170 καὶ
2831 3117 2928 3180 τὰς
2979 3118 3145 3188 εὑχάς
3174 3118 3272 3181 τάς
3321 3121 3531 3175 ἐκείνου

1937 3194 2300 3268 προστεθῆναι
2346 3199 2410 3265 τῇ
2465 3195 2626 3265 θυσίᾳ
2676 3197 2868 3266 ταύτῃ.
2921 3197 2984 3248 Εἰ
3029 3197 3086 3248 δὲ
3144 3197 3341 3269 Παύλῳ
3394 3197 3533 3254 διδό-

1935 3293 2021 3328 ναι
2068 3273 2354 3344 μέλλοντες
2397 3277 2445 3326 οί
2485 3273 2765 3344 Κορίνθιοι
2815 3273 2957 3326 ὥστε
3003 3274 3340 3345 διακομίσαι,
3393 3275 3532 3347 μετὰ

1936 3355 2178 3416 πλείονος
2207 3353 2364 3406 τοῦτο
2386 3353 2603 3406 ἐποίουν
2633 3353 2734 3422 τῆς
2775 3353 3117 3424 προθυμίας·
3156 3355 3220 3407 σὺ
3265 3354 3342 3424 τῷ
3377 3355 3528 3410 Παύ-

1933 3435 2026 3486 λου
2069 3431 2276 3500 μέλλων
2323 3431 2522 3483 διδόναι
2553 3431 2800 3501 Δεσπότῃ
2849 3430 2959 3500 (διὰ
3003 3431 3113 3500 γὰρ
3139 3431 3249 3484 τῶν
3281 3435 3532 3504 πενήτων

1935 3515 2139 3573 ἐκεῖνος
2169 3509 2481 3578 λαμϐάνει),
2515 3509 2674 3562 ποίαν
2720 3509 2862 3572 ἕξεις
2903 3509 3201 3575 ἀπολογίαν
3236 3511 3530 3566 ἀναϐαλλό-

1938 3603 2130 3660 μενος;
2162 3585 2295 3640 Οὑδέ
2325 3585 2432 3655 γὰρ
2464 3586 2563 3648 ἂν,
2599 3587 2646 3637 εί
2685 3583 2761 3654 μὴ
2797 3583 2939 3654 μέγα
2969 3580 3038 3652 ἦν
3070 3584 3131 3637 τὸ
3169 3587 3402 3656 πρᾶγμα
3434 3589 3530 3643 καὶ

1936 3666 2135 3736 πολλῆς
2159 3663 2305 3726 ἀξιον
2331 3663 2584 3731 σπουδῆς.
2614 3665 2642 3715 ό
2673 3663 2771 3731 τὴν
2799 3661 3126 3731 οἰκουμένην
3155 3663 3334 3716 πᾶσαν
3359 3665 3530 3736 ἐγχει.

1939 3745 2156 3814 ρισθεὶς,
2189 3741 2284 3794 καὶ¹
2307 3741 2405 3804 τὰς
2429 3742 2516 3808 ὑφ’
2541 3741 2676 3810 ἡλίῳ
2707 3740 2966 3808 κειμένας
3001 3739 3283 3809 μεριμνῶν
3309 3741 3529 3813 Ἐκκλη-

1936 3822 2076 3885 σίας,
2099 3820 2366 3888 ὑπέσχετο
2393 3822 2457 3888 τῇ
2494 3818 2602 3870 τῶν
2636 3819 2934 3888 χρημάτων
2971 3818 3253 3888 οἰκονομίᾳ
3281 3817 3530 3891 διακονή-

1936 3900 2130 3952 σασθαι
2153 3897 2378 3950 τούτων.
2405 3895 2570 3950 Ταῦτ’
2592 3893 2686 3950 οὖν
2703 3899 2798 3950 καί
2820 3899 2984 3966 ἡμεῖς
3004 3895 3362 3966 λογιζόμενοι,
3381 3900 3446 3953 ἄν
3465 3917 3524 3954 τε

1933 3977 2118 4030 δοῦναι
2145 3977 2258 4047 δέῃ,
2291 3977 2355 4031 ἄν
2383 3994 2442 4030 τε
2489 3977 2822 4048 παρέχουσιν
2857 3976 3064 4046 ἑτέροις
3107 3977 3416 4046 ὑπηρετεῖν,
3449 3979 3525 4051 μὴ

1934 4055 2304 4124 κατοκνῶμεν,
2347 4055 2480 4124 μηδὲ
2530 4055 2865 4126 ἀθυμῶμεν,
2907 4053 2984 4116 ὼς
3027 4055 3126 4122 τῆς
3169 4055 3356 4120 οὑσίας
3393 4058 3526 4128 ἡμῖν

1935 4133 2349 4202 ἐλαττουμένης.
2378 4134 2502 4196 Πῶς
2531 4134 2638 4205 γάρ
2659 4136 2755 4186 ούκ
2787 4134 3007 4194 ἄτοπον,
3031 4135 3125 4186 τὸν
3163 4135 3260 4204 μὲν
3288 4137 3524 4206 γηπόνον

1933 4213 2000 4266 τὰ
2035 4211 2325 4284 σπέρματα
2369 4214 2794 4276 καταϐάλλοντα,
2829 4213 2922 4264 καὶ
2967 4211 3037 4264 τὰ
3071 4211 3202 4265 ὄντα
3241 4213 3522 4284 κενοῦντα,

1937 4290 2012 4360 μὴ
2040 4290 2351 4350 δάκνεσθαι,
2391 4291 2526 4360 μηδέ
2569 4293 2773 4359 ἀλγεῖν,
2813 4291 2947 4361 μηδὲ
2985 4289 3246 4360 ἀνάλωμα
3281 4291 3523 4362 νομίζειν

1934 4365 2073 4422 εἶναι
2102 4369 2162 4421 τὸ
2191 4369 2492 4437 γινόμενον,
2519 4369 2654 4422 ἀλλὰ
2689 4370 2876 4439 κέρδος
2908 4370 3000 4422 καὶ
3035 4369 3312 4438 πρόσοδον,
3345 4372 3522 4426 καίτοι

1933 4447 2128 4516 ἀδήλου
2155 4449 2253 4514 τῆς
2287 4447 2499 4509 ἐλπίδος
2539 4447 2734 4517 οῠσηςο
2779 4449 2837 4500 σὲ
2885 4447 2942 4499 δὲ
2977 4448 3074 4498 οὑκ
3119 4447 3212 4499 ἐπὶ
3237 4449 3522 4516 τοιούτοις,

1934 4526 2046 4606 ἀλλ’
2095 4527 2188 4606 ἐπί
2227 4525 2408 4606 πολλῷ
2451 4527 2662 4595 μείζοσι
2704 4528 3016 4606 σπείροντα,
3055 4527 3154 4606 καὶ
3194 4527 3342 4606 αὑτῷ
3393 4529 3522 4598 μέλ-

1933 4605 2094 4658 λοντα
2132 4603 2192 4655 τὸ
2241 4603 2504 4675 ἀργύριον
2553 4605 2882 4677 ἐγχειρίζειν
2935 4605 3013 4674 τῷ
3062 4603 3323 4676 Χριστῷ,
3381 4607 3520 4660 ἀνα-

1935 4681 2180 4744 δύεσθαι,
2225 4682 2319 4734 καὶ
2349 4685 2580 4752 ναρκᾷν,
2617 4684 2709 4737 καὶ
2741 4685 2934 4736 πενίαν
2961 4682 3398 4754 προϐάλλεσθαι;
3425 4687 3518 4758 Μὴ

1939 4760 2047 4829 γάρ
2077 4760 2176 4812 οὑκ
2220 4759 2452 4828 ἠδύνατο
2500 4763 2530 4813 ὸ
2576 4762 2709 4825 Θεὸς
2753 4760 3007 4814 κελεῦσαι
3055 4764 3121 4832 τῇ
3172 4763 3243 4832 γῇ
3296 4763 3518 4833 χρυσίον

1932 4838 2339 4908 ἀπηρτισμένον
2385 4837 2669 4904 ἐκϐαλεῖν;
2727 4841 2786 4891 '0
2832 4838 2941 4910 γὰρ
2981 4838 3188 4896 εἰπὼν.
3245 4843 3518 4908 tuamn-

1932 4915 2093 4968 σάτω
2123 4915 2161 4981 ἠ
2215 4913 2292 4983 γῆ
2341 4915 2620 4982 βοτάνην
2665 4919 2905 4985 χόρτου,
2965 4919 3059 4968 καὶ
3114 4917 3295 4980 δείξας
3346 4917 3518 4987 αὐτὴν

1932 4992 2193 5062 ἐξαίφνης
2227 4993 2508 5060 κομῶσαν,
2537 4993 2770 5062 ἠδύνατο
2799 4993 3052 5046 κελεῦσαι
3077 4993 3172 5046 καὶ
3206 4995 3391 5062 πηγάς
3421 4996 3520 5048 καὶ

1933 5073 2211 5140 ποταμοὺς
2250 5073 2475 5140 χρυσίου
2507 5073 2696 5143 ῥεῦσαι
2730 5074 3014 5128 πάντοθεν.
3063 5071 3204 5125 Ἀλλ’
3245 5073 3346 5127 οὑκ
3385 5073 3515 5142 ὴθέο

1931 5148 2116 5217 λησεν,
2147 5147 2262 5200 ἀλλ’
2287 5150 2498 5219 ἀφῆκεν
2525 5149 2664 5204 εἶναι
2693 5151 2920 5214 πολλοὺς
2953 5151 3012 5202 ἐν
3043 5151 3307 5222 πτωχείᾳ,
3337 5151 3427 5206 διά
3453 5169 3514 5204 τε

1929 5228 1993 5280 τὸ
2021 5227 2274 5290 ἐκείνοις,
2319 5227 2409 5281 διά
2441 5247 2501 5281 τε
2531 5230 2592 5282 τὸ
2621 5231 2705 5283 σοὶ⁸
2749 5231 3048 5300 συμφέρον.
3089 5231 3201 5281 Καὶ
3233 5231 3344 5299 γὰρ
3372 5229 3514 5300 πρὸς

1932 5303 2134 5376 ἀρετὴν
2181 5307 2617 5378 ἐπιτηδειότερον
2650 5308 2812 5361 πενία
2845 5307 3076 5360 πλούτου
3101 5323 3114 5336 ·
3147 5308 3242 5359 καὶ
3289 5309 3402 5368 τοῖς
3453 5307 3514 5358 ἐν

1935 5385 2294 5454 ἁμαρτήμασι
2345 5385 2745 5455 καθεστηκόσιν
2776 5388 2838 5440 οὐ
2865 5387 3038 5456 μικρά
3076 5383 3402 5454 παραμυθία
3429 5384 3514 5452 γί-

1930 5481 2078 5516 νεται
2101 5463 2208 5515 ἀπὸ
2229 5465 2328 5533 τῆς
2367 5466 2446 5525 εἰς
2489 5467 2614 5528 τοὺς
2648 5466 2934 5535 δεομένους
2969 5463 3243 5534 βοηθείας,
3287 5461 3382 5514 καὶ
3421 5479 3514 5514 το-

1931 5543 2101 5612 σαύτη
2174 5543 2264 5596 τοῦ
2327 5545 2654 5615 πράγματος
2707 5545 2907 5614 σπουδὴ
2959 5543 3036 5614 τῷ
3084 5542 3226 5612 Θεῷ,
3279 5543 3362 5594 ὅτι
3419 5543 3514 5596 καὶ

1931 5621 2375 5690 παραγενόμενος
2395 5663 2409 5687 ,
2447 5623 2538 5674 καὶ
2565 5623 2744 5692 σάρκα
2776 5621 3224 5692 περιϐαλόμενος,
3259 5620 3370 5673 καί⁴
3398 5622 3512 5683 τοῖς

1933 5699 2240 5770 ἀνθρώποις
2279 5701 2778 5770 συναναστραφεὶς,
2835 5701 2896 5753 οὑ
2955 5702 3331 5771 παρῃτήσατο,
3387 5697 3510 5752 οὐδὲ

1931 5778 2196 5848 αἰσχύνης
2243 5777 2396 5842 ἄξιον
2431 5775 2567 5830 εἶναι
2615 5779 2868 5848 ἐνόμισεν
2898 5781 3207 5848 οἰκονομεῖν
3241 5778 3402 5840 αὑτὸς
3439 5775 3510 5831 τά

1934 5855 2042 5908 τῶν
2077 5858 2342 5926 πενήτων.
2379 5855 2530 5928 i257]
2559 5857 2750 5910 Καίτοι
2782 5874 2846 5924 γε
2881 5857 3168 5920 τοσούτους
3197 5857 3506 5926 ἐργασάμε-

1883 6002 1896 6016 ⁸
1933 5947 2022 5994 νος
2059 5933 2276 6004 ἄρτους,
2307 5934 2400 5986 καὶ
2443 5935 2620 5989 πάντα
2651 5935 2710 6002 ἐξ
2749 5935 3122 6005 ἐπιτάγματος
3165 5934 3334 5988 ποιῶν
3361 5932 3504 6001 ἂπερ

3057 6027 3132 6088 1⁵1
