4058 6258
593 349 704 403 259

597 462 777 534 ἡθελι,
810 460 909 514 καὶ
936 460 1232 530 δυνάμενος
1255 459 1425 526 δεῖξαι
1466 460 1692 532 μυρίους
1729 460 1925 531 ἀθρόον
1960 458 2162 528 θησαυ-

597 547 745 618 ροὺς,
793 543 893 597 οὐκ
925 543 1151 614 ἐποίησε
1180 542 1373 595 τοῦτο·
1410 542 1545 595 ἀλλά
1590 543 1978 611 γλωσσόκομον
2021 541 2165 611 ἐχειν

593 626 848 680 ἐκέλευσε
873 627 987 689 τοῖς
1006 624 1296 695 μαθηταῖς,
1320 626 1416 679 καὶ
1430 625 1498 679 τά
1527 625 1831 696 βαλλόμενα
1853 624 2162 695 βαστάζειν,

594 710 687 762 καὶ
719 710 833 771 τοῖς
858 707 1138 777 δεομένοις
1168 708 1381 763 ἐκεῖθεν
1410 710 1743 779 ἐπικουρεῖν.
1771 709 1901 761 Ὅτε
1930 706 2058 775 γοῦν
2089 705 2166 774 τῷ

607 790 778 861 Ἰούδᾳ
808 790 937 861 περὶ
972 791 1070 861 τῆς
1110 791 1399 862 προδοσίας
1428 791 1842 862 αἰνιγματωδῶς
1872 791 2167 858 διελέγετο,

597 875 672 944 μὴ
707 873 984 936 συνιέντες
1009 875 1058 925 οἱ
1079 875 1319 944 μαθηταὶ
1344 875 1404 928 τὸ
1433 874 1642 945 λεχθὲν,
1674 876 1954 945 ἐνόμισαν,
1979 872 2164 943 φησὶν,

592 957 671 1008 ὅτι
703 953 855 1008 εἶπεν
875 955 1025 1025 αὐτῷ
1053 957 1143 1009 ῖνα
1166 958 1276 1018 τοῖς
1320 960 1556 1026 πτωχοῖς
1581 974 1634 1009 τι
1661 956 1735 1026 δῷ
1754 972 1767 986 ⁸
1801 955 1913 1009 Καὶ
1947 954 2057 1023 γάρ
2099 952 2167 1006 τὸ

593 1040 1030 1107 γλωσσόκομον
1054 1039 1259 1104 αὐτὸς,
1309 1040 1496 1109 φησὶν,
1525 1037 1669 1108 εἶχε,
1714 1041 1812 1092 καί
1839 1040 1911 1093 τὰ
1935 1038 2167 1103 ,ϐαλλό-

591 1137 741 1190 μενα
771 1119 1070 1180 ὲϐάστιιζε.
1096 1119 1272 1183 Πολὺς
1300 1120 1409 1192 γάρ
1434 1119 1513 1190 τῷ
1539 1120 1660 1190 Θεῷ
1684 1120 1842 1189 λόγος
1875 1119 2081 1185 ἐλέους,
2102 1119 2164 1172 οὐ

593 1202 686 1255 τοῦ
714 1204 843 1274 παρ’
874 1201 1045 1256 αὐτοῦ
1085 1202 1244 1272 μόνον
1276 1204 1355 1265 είς
1385 1204 1558 1273 ἡμᾶς,
1597 1202 1733 1256 ἀλλά
1777 1202 1875 1256 καὶ
1904 1202 1998 1255 τοῦ
2035 1201 2168 1272 παρ’

596 1284 751 1357 ἡμῶν
782 1288 864 1347 είς
897 1286 1026 1349 τοὺς
1061 1284 1380 1348 συνδούλους
1407 1285 1717 1354 ὀφείλοντος
1749 1284 2023 1353 γίνεσθαι’
2071 1283 2167 1335 καὶ

594 1367 650 1417 ἐν
677 1369 741 1436 τῇ
772 1367 1004 1437 Παλαιᾷ.
1036 1366 1132 1419 καὶ
1153 1368 1210 1419 ἐν
1245 1370 1313 1437 τῇ
1341 1369 1519 1439 Καινῇ
1562 1369 1786 1438 μυρίους
1811 1368 1951 1437 ὑπὲρ
1976 1365 2171 1418 τούτου

594 1447 776 1517 τίθησι
806 1449 1026 1518 νόμους,
1061 1448 1300 1501 κελεύων
1323 1448 1412 1502 διὰ
1441 1450 1660 1504 πάντων
1688 1446 1828 1504 εἶναι
1857 1447 2165 1519 φιλάνθρω-

596 1547 716 1592 πον,
751 1530 846 1585 καλ⁵
874 1529 962 1582 διὰ
986 1531 1268 1600 ῥημάτων,
1300 1532 1395 1584 καὶ
1432 1533 1751 1603 χρημάτων,
1786 1534 1882 1585 καὶ
1910 1533 2168 1603 πραγμά-

592 1630 721 1666 των.
754 1613 861 1665 Kal
895 1612 1140 1680 Μωῦσῆς
1175 1613 1293 1666 ἀνω
1319 1614 1414 1667 καὶ
1443 1614 1594 1668 κάτω
1636 1617 1764 1678 τοὺς
1801 1616 1930 1686 περὶ
1959 1614 2166 1668 τούτων
2202 1632 2207 1637 ’

593 1693 898 1765 διασπείρει
933 1693 1127 1761 λόγους
1159 1697 1281 1758 ταῖς
1302 1695 1649 1766 νομοθεσίαις
1680 1696 1922 1760 ἀπάσαις
1944 1715 1957 1728 ·
1989 1697 2084 1751 καὶ
2117 1698 2166 1749 οἱ

593 1776 868 1846 προφῆται
913 1776 975 1828 ἐκ
1007 1775 1299 1846 προσώπου
1338 1777 1434 1830 τοῦ
1468 1777 1603 1831 Θεοῦ
1629 1778 1789 1832 τοῦτο
1832 1777 2049 1848 βοῶσιν,
2083 1779 2166 1832 ὅτι

597 1858 810 1910 Ἕλειῖν
852 1857 1024 1920 θέλω,
1068 1858 1164 1912 καί
1215 1860 1287 1912 οὐ
1335 1860 1589 1913 θυσίαν
1645 1861 1740 1913 καὶ
1783 1863 1832 1914 οἱ
1879 1861 2166 1915 ἀπόστολοι

594 1940 794 2003 πάντες
825 1940 1035 2010 συνῳδὰ
1057 1940 1270 2003 τούτοις
1306 1942 1402 1994 καὶ
1430 1942 1646 1996 ποιοῦσι
1687 1940 1783 1996 καὶ
1807 1943 2046 2012 λέγουσι.
2075 1945 2164 2014 Μὴ

592 2023 772 2075 τοίνυν
800 2022 1199 2093 καταμελῶμεν
1247 2022 1343 2076 τοῦ
1386 2024 1746 2097 πράγματος·
1781 2027 1843 2080 οὐ
1889 2028 1999 2097 γάρ
2042 2027 2166 2091 τοὺς

594 2104 850 2173 πένητας,
880 2105 993 2158 ἀλλ’
1037 2106 1235 2169 αὐτοὺς
1270 2107 1418 2177 ἡμᾶς
1449 2108 1519 2161 τά
1551 2109 1783 2178 μέγιστα
1828 2108 2167 2181 ὠφελοῦμεν,

593 2186 686 2237 καὶ
713 2185 940 2255 μείζονα
971 2186 1321 2258 λαμϐάνομεν
1343 2184 1417 2241 ὧν
1439 2190 1771 2261 παρέχομεν.

664 2266 933 2331 ς’.Ταῦτα
945 2267 1000 2321 δὲ
1016 2270 1114 2338 οὐχ
1136 2270 1321 2334 ἁπλῶς
1341 2271 1486 2339 λέγω
1501 2271 1617 2335 νῦν,
1638 2273 1754 2326 ἀλλ’
1776 2273 1963 2345 ἐπειδὴ
1987 2274 2167 2328 πολλοὶ

592 2349 850 2414 πολλάκις
882 2350 1018 2420 πρὸς
1054 2353 1183 2416 τοὺς
1211 2353 1496 2424 δεομένους
1523 2356 2027 2428 ἀκριϐολογοῦνται,
2074 2359 2168 2411 καὶ

592 2432 825 2501 πατρίδα
849 2432 1214 2496 ἐξετάζοντες,
1248 2438 1342 2489 καὶ
1366 2436 1501 2507 βίον,
1533 2439 1627 2491 καὶ
1649 2439 1903 2510 τρόπους,
1936 2442 2032 2493 καὶ⁵
2052 2442 2167 2494 ἐπι-

590 2513 855 2592 τήδευμα,
899 2514 993 2565 καὶ
1039 2514 1139 2585 τὴν
1164 2517 1259 2568 τοῦ
1292 2517 1543 2587 σώματος
1574 2521 1807 2585 εὐεξίαν,
1844 2521 2171 2592 ἐγκλήματα

593 2585 927 2664 ποίούμενοι,
966 2595 1060 2647 καὶ
1109 2597 1307 2667 μυρίας
1343 2585 1482 2669 ὑπὲρ
1534 2601 1744 2667 ὑγιείας
1808 2585 2167 2668 ἀπαιτοῦντες

592 2676 842 2739 εὐθύνας.
872 2678 971 2731 Διά
991 2694 1075 2730 τοι
1094 2677 1273 2743 τοῦτο,
1300 2681 1395 2734 καὶ
1424 2681 1905 2754 πολλοὶπηρώσεις
1937 2686 2166 2754 ὑπεκρί-

592 2775 750 2811 ναντο
783 2757 1057 2827 σώματος,
1097 2760 1183 2813 ἵνα
1214 2762 1312 2833 τὴν
1338 2763 1597 2835 ὠμότητα
1643 2765 1742 2835 τὴν
1767 2767 2044 2838 ἡμετέραν
2074 2769 2168 2821 καὶ

590 2842 689 2910 τὴν
719 2840 1113 2910 ἀπανθρωπίαν
1142 2840 1219 2912 τῷ
1254 2843 1355 2913 τῆς
1387 2846 1675 2915 συμφορᾶς
1700 2847 1903 2916 ταύτης
1932 2849 2169 2919 ἐπικάμ-

589 2924 733 3006 ψωτι
757 2922 1017 3006 δράματι.
1040 2924 1151 2976 Kal
1177 2925 1236 2977 τὸ
1260 2926 1380 2995 μὲν,
1402 2925 1595 2997 θέρους
1620 2928 1794 2991 ὄντος.
1812 2928 1986 2982 ταῦτα
2012 2931 2170 3006 ἐγκατ

590 3005 724 3064 λεῖν,
749 3005 921 3056 δεινὸν
942 3004 1025 3063 ὃν,
1055 3006 1153 3076 οὐχ
1183 3006 1325 3059 οὕτω
1349 3007 1520 3061 δεινόν
1542 3010 1658 3062 ἐστι
1677 3027 1690 3041 ·
1714 3010 1779 3062 τὸ
1803 3009 1858 3063 δὲ
1889 3011 1948 3062 ἐν
1972 3004 2168 3083 κρυμῷ

592 3088 685 3140 καὶ
709 3086 870 3156 ψύχει
905 3085 1076 3151 οὕτως
1106 3088 1255 3158 ὠμὸν
1295 3090 1388 3142 καὶ
1422 3090 1791 3163 ἀπάνθρωπον
1824 3093 2069 3161 γίνεσθαι
2091 3095 2168 3147 διο

593 3169 818 3237 καστὴν,
856 3169 952 3221 καὶ
981 3168 1249 3239 μηδεμίαν
1279 3172 1576 3240 ἀπονέμειν
1615 3176 1728 3237 τοῖς
1765 3173 1996 3242 ἀργοῦσι
2034 3191 2166 3244 συγ-

590 3249 840 3320 γνώμην,
875 3250 975 3302 οὐκ
1004 3250 1070 3302 ἂν
1108 3250 1223 3320 ἐχοι
1261 3252 1385 3305 τινὰ
1410 3252 1694 3325 ὠμότητος
1737 3255 2073 3326 ὑπερϐολήν;
2102 3258 2167 3310 Τί

590 3329 684 3386 οὖν
733 3333 761 3383 ὀ
805 3332 1040 3397 Παῦλος,
1076 3334 1272 3404 φησιν,
1329 3335 1639 3405 ἐνομοθέτει
1691 3336 2164 3405 Θεσσαλονικεῦσι,

590 3416 792 3483 λέγων’
821 3414 892 3466 El
921 3431 1013 3480 τις
1034 3416 1106 3467 οὐ
1135 3415 1298 3470 θέλει
1320 3415 1686 3486 ἐργάζεσθαι,
1716 3420 1870 3488 μηδὲ
1886 3421 2166 3487 ἐσθιέτω;

591 3500 707 3553 ’Ίνα
737 3498 828 3550 καὶ
866 3499 929 3551 σὺ
953 3495 1127 3551 ταῦτα
1153 3498 1418 3570 ἀκούσῃς,
1443 3500 1538 3554 καὶ
1573 3500 1653 3571 μὴ
1674 3502 1808 3575 πρὸς
1833 3505 2040 3556 ἐκεῖνον
2070 3505 2167 3575 μό-

590 3598 698 3643 νον,
737 3580 872 3633 ἁλλά
908 3581 1002 3633 καὶ
1035 3581 1173 3651 πρὸς
1207 3583 1404 3636 σαυτὸν
1433 3581 1654 3655 διαλέγῃ
1702 3585 1771 3638 τά
1822 3586 1918 3638 τοῦ
1955 3585 2166 3639 Παύλου

590 3665 831 3733 ῥήματα.
863 3663 927 3715 Ol
976 3663 1085 3733 γὰρ
1112 3663 1213 3716 τοῦ
1237 3664 1453 3717 Παύλου
1487 3664 1643 3736 νόμοι
1668 3667 1790 3736 οὐχὶ
1827 3671 1940 3731 τοῖς
1971 3668 2166 3740 πένησι

594 3745 774 3813 μόνον,
815 3744 950 3798 ἀλλά
974 3746 1069 3797 καὶ
1101 3744 1234 3816 ἡμῖν
1257 3749 1488 3801 κεῖνται.
1523 3747 1680 3801 Εἴπω
1705 3765 1757 3800 τι
1784 3749 2039 3820 φορτικὸν
2073 3752 2167 3805 καὶ

592 3826 856 3895 ἐπαχθές·
897 3824 1015 3880 οῖδα
1051 3827 1151 3896 μὲν
1183 3829 1265 3882 ὅτι
1310 3830 1620 3899 ὀργιεῖσθε·
1669 3831 1808 3902 πλὴν
1855 3832 1969 3885 ἀλλ’
2016 3833 2166 3903 ὅμως

591 3908 732 3977 ἐρῶ·
764 3908 886 3961 οὐδέ
933 3909 1044 3977 γάρ
1084 3908 1225 3963 ὥστε
1266 3910 1490 3980 πλῆξαι,
1534 3911 1648 3965 ἀλλ’
1700 3913 1842 3968 ὥστε
1875 3913 2164 3985 διορθῶσαι

585 3989 744 4045 τοῦτο
771 3990 936 4059 λέγω.
963 3991 1186 4054 Τούτοις
1214 3993 1311 4063 μὲν
1331 3994 1528 4064 ἀργίαν
1549 3997 1905 4068 ἐγκαλοῦμεν,
1931 3999 2167 4067 πρᾶγμα

586 4074 681 4126 καὶ
708 4073 1039 4144 συγγνώμης
1061 4074 1319 4137 πολλάκις
1351 4074 1500 4139 ἀξιον
1517 4092 1531 4107 '
1554 4079 1709 4132 αὐτοὶ
1735 4079 1790 4133 δὲ
1819 4080 2163 4151 ἐργαζόμεθα

586 4155 810 4208 τοιαῦτα
839 4155 1123 4218 πολλάκις,
1151 4156 1187 4209 ἃ
1214 4157 1396 4228 πάσης
1423 4160 1622 4231 ἀργίας
1641 4162 1760 4214 ἐστὶ
1780 4162 2159 4235 χαλεπώτερα.

599 4236 740 4313 ‘AD.’
771 4236 882 4303 ἐγὼ
933 4235 1187 4307 πατρῷον
1217 4238 1326 4308 ἔχω
1372 4239 1594 4311 κλῆρον,
1650 4244 1833 4313 φησίν.
1888 4246 2038 4299 Ἐπεὶ
2069 4245 2162 4300 οὖν

585 4311 740 4379 οὗτος
766 4318 934 4401 πένης
964 4319 1104 4387 ἐστὶ,
1129 4321 1223 4373 καὶ
1250 4323 1315 4374 ἐκ
1341 4324 1614 4395 πενήτων,
1644 4311 1740 4378 καλ
1766 4327 1866 4381 οὐκ
1887 4327 2012 4399 ἔσχε
2033 4347 2163 4401 προ-

585 4400 777 4466 γόνους
800 4400 1090 4471 εὐπόρους,
1118 4403 1458 4459 ἀπόλλυσθαι
1500 4407 1729 4472 δίκαιος,
1758 4410 1886 4463 είπέ
1925 4428 2014 4480 μοι
2039 4429 2053 4477 ;
2084 4414 2168 4466 Δι’

585 4482 718 4535 αὐτὸ
749 4483 850 4553 μὲν
872 4480 973 4536 οὖν
997 4483 1156 4537 τοῦτο
1186 4487 1419 4556 μάλιστα
1444 4489 1711 4546 ἐλεεῖσθαι
1744 4493 1839 4546 καὶ
1866 4488 2160 4549 κατοικτεί-

586 4564 778 4638 ρεσθαι
816 4565 965 4632 ἄξιος
996 4565 1063 4620 ἂν
1094 4568 1180 4638 εἴη
1222 4570 1378 4641 παρά
1399 4571 1507 4624 τῶν
1539 4573 1788 4642 ἐχόντων.
1821 4575 1892 4627 Σὺ
1922 4577 2022 4645 μὲν
2052 4579 2161 4649 γάρ

585 4649 848 4732 πολλάκις
874 4649 1216 4722 διημερεύων
1244 4653 1343 4724 τὴν
1370 4656 1586 4727 ἡμέραν
1619 4659 1676 4710 ἐν
1718 4657 1987 4732 θεάτροις,
2022 4662 2054 4732 ἢ
2102 4665 2160 4715 ἐν

586 4730 885 4813 συνεδρίοις
925 4733 1019 4786 καὶ
1053 4733 1333 4803 συλλόγοις
1379 4737 1530 4791 οὐδὲν
1578 4738 1761 4810 έχουσι
1813 4730 2159 4813 κέρδοςίκαὶ

586 4812 803 4885 μυρίοις
830 4813 1005 4883 λέγων
1037 4817 1249 4881 κακῶς,
1279 4818 1430 4873 οὐδὲν
1459 4823 1575 4892 ἡγῇ
1601 4824 1773 4876 ποιεῖν
1809 4812 2004 4887 δεινὸν,
2036 4826 2156 4880 οὐδέ

581 4898 774 4966 ἀργεῖν
838 4897 932 4950 τὸν
966 4896 1023 4950 δέ
1052 4899 1236 4953 ἄθλιον
1264 4901 1452 4956 τοῦτον
1486 4905 1581 4957 καὶ
1604 4904 1949 4978 ταλαίπωρον
1976 4911 2157 4963 πᾶσαν

581 4979 942 5033 ἀναλίσκοντα
965 4981 1064 5051 τὴν
1091 4982 1304 5054 ἡμέραν
1332 4985 1388 5036 ἐν
1431 4986 1755 5058 ἱκετηρίαις,
1790 4991 1849 5041 ἐν
1873 4989 2159 5061 δάκρυσιν,

581 5063 640 5114 ἐν
673 5061 844 5146 μυρίᾳ
856 5061 1225 5135 ταλαιπωρίᾳ,
1251 5067 1474 5138 κρίνεις.
1511 5071 1606 5124 καί⁵
1633 5072 1714 5134 εἰς
1737 5070 1893 5145 [258]
1908 5073 2161 5146 δικαστή-

582 5159 698 5216 ριον
740 5142 938 5209 ἕλκεις,
971 5146 1066 5199 καὶ
1107 5146 1342 5212 εὐθύνας
1374 5150 1657 5220 ἀπαιτεῖς;
1690 5142 1800 5209 Kal
1842 5142 1945 5208 ποῦ
1982 5142 2157 5212 ταῦτα

578 5224 1194 5312 γιαὼμηςῌάνθρωπίνης,
1225 5232 1345 5284 εἰπέ
1375 5250 1495 5302 μοι;
1525 5236 1685 5289 Ὥστε
1717 5238 1845 5292 ὅταν
1869 5238 2055 5312 λέγῃς,
2091 5242 2157 5295 Τί

576 5304 670 5363 οὖν
706 5308 941 5381 ἐροῦμεν
964 5311 1045 5382 τῷ
1085 5312 1313 5383 Παύλῳ;
1348 5315 1422 5385 μὴ
1467 5319 1578 5380 τοῖς
1630 5318 1873 5390 πένησιν,
1903 5304 2156 5377 mam

578 5391 760 5476 σαυτῷ
790 5391 1174 5464 διαλεγόμενος
1198 5394 1370 5449 ταῦτα
1400 5396 1546 5465 λέγε.
1583 5401 1794 5466 ’Ἄλλως
1819 5404 1896 5467 δέ,
1937 5406 2012 5475 μὴ
2056 5406 2155 5476 τὴν

574 5474 819 5559 ἀπειλὴν
840 5476 1183 5559 ἀναγίνωσκε
1203 5479 1382 5549 μόνον,
1414 5480 1549 5535 ἀλλά
1571 5484 1663 5537 καὶ
1681 5483 1779 5556 τὴν
1806 5474 2155 5559 συγγνώμην⁸

573 5556 612 5606 ἀ
638 5554 748 5624 γαρ
776 5555 965 5623 είπὼν,
995 5560 1070 5614 EI
1097 5577 1188 5627 τις
1225 5560 1313 5630 μὴ
1338 5562 1658 5633 ἐργάζεται,
1702 5554 1860 5635 μηδὲ
1888 5554 2153 5637 ἐσθιέτω,

575 5638 917 5709 προσέθηκεν
940 5657 954 5671 ·
1001 5644 1191 5712 Ὑμεῖς
1223 5644 1313 5711 δὲ,
1344 5648 1615 5717 ἀδελφοί,
1648 5650 1735 5717 μὴ
1773 5650 2153 5719 ἐκκακήσητε

576 5721 640 5771 τὸ
663 5722 855 5774 καλὸν
876 5725 1210 5792 ποιοῦντες.
1250 5728 1409 5783 Ἀλλά
1424 5731 1508 5794 τίς
1533 5732 1765 5803 αὐτῶνὴ
1797 5733 2151 5804 εὐπρόσωπος

575 5805 852 5880 πρόφασις
880 5826 892 5839 ·
952 5813 1230 5882 Δραπέται
1280 5817 1424 5881 τινές
1470 5819 1591 5884 εἰσι,
1643 5820 1798 5888 φησὶ,
1848 5822 1948 5875 καὶ⁵
1985 5822 2145 5890 ξένοι,

1303 362 1359 412 ς.
1404 360 1690 416 JOANNIS
1728 359 2218 414 CHIWSﬂSTOMI
2260 359 2581 416 ARCNIEP.
2622 356 3167 417 CONSTANTINOP.
3674 353 3758 413 270

2270 458 2362 509 καὶ
2396 459 2697 527 μαστιγίαι,
2729 460 2823 513 καὶ
2845 458 2945 522 τὰς
2977 458 3159 511 αὐτῶν
3190 458 3405 526 ἀφέντες
3427 463 3672 530 πατρίδας,
3698 470 3761 532 εις

2264 539 2363 607 τὴν
2392 540 2666 611 ἡμετέραν
2696 541 2850 595 πόλιν
2883 540 3195 611 συρῤέουσι.
3240 541 3331 594 Διά
3356 541 3502 595 τοῦτο
3534 540 3615 598 οὖν
3649 548 3760 614 ἀγα-

2265 625 2499 686 νακτεῖς,
2555 623 2677 676 είπέ
2725 640 2836 695 μοι,
2884 624 2980 676 καὶ
3028 622 3121 674 τὸν
3173 622 3424 691 στέφανον
3464 625 3548 695 τῆς
3594 628 3762 694 πόλεως

2264 702 2570 769 διατίλλεις,
2605 706 2687 758 ὅτι
2725 705 2901 759 κοινὸν
2927 704 3122 773 λιμένα
3156 703 3350 768 πάντες
3371 705 3526 778 αὐτὴν
3555 704 3674 762 εἶναι
3694 728 3766 765 νο-

2270 787 2509 856 μίζουσι,
2555 789 2650 842 καὶ
2677 789 2780 859 τῆς
2811 787 3143 859 ἐνεγκούσης
3189 788 3285 858 τὴν
3313 788 3577 860 ἀλλοτρίαν
3614 809 3768 864 προτι-

2267 870 2452 936 θέασι;
2501 873 2599 928 Διά
2635 874 2794 927 τοῦτο
2826 874 2925 945 μέν
2967 870 3059 927 οὖν
3090 872 3410 941 ἀγάλλεσθαι
3448 874 3546 927 ἔδει
3569 877 3650 930 καὶ
3673 877 3768 946 χαί-

2269 971 2406 1024 ρειν,
2438 955 2522 1008 ὅτι
2551 956 2802 1028 καθάπερ
2826 958 2907 1020 είς
2938 956 3115 1010 κοινὸν
3144 957 3400 1027 ἐμπόριον
3422 956 3514 1021 τάς
3546 957 3770 1030 ὑμετέρας

2266 1040 2455 1106 χεῖρας
2482 1038 2766 1109 τρέχουσιν
2792 1039 3050 1102 ἅπαντες,
3097 1040 3192 1093 καὶ
3232 1039 3435 1109 μητέρα
3460 1039 3623 1110 κοινὴν
3662 1037 3769 1096 εἶναι

2265 1120 2470 1181 ταύτην
2502 1121 2601 1191 τὴν
2631 1121 2784 1174 πόλιν
2827 1120 3126 1192 νομίζουσι.
3173 1120 3264 1191 Μὴ
3296 1120 3358 1190 δὴ
3393 1120 3704 1191 διαφθείρητε
3726 1125 3772 1175 τὸ

2269 1201 2565 1270 ἐγκώμιον,
2594 1203 2728 1273 μηδέ
2758 1204 3211 1274 ἀκρωτηριάσητε
3238 1202 3328 1279 τὸν
3357 1203 3561 1256 ἔπαινον
3587 1204 3774 1272 πάτριον

2267 1283 2394 1337 ὅντα
2425 1285 2560 1357 αὐτῇ
2588 1288 2682 1340 καὶ
2711 1288 2958 1359 ἀρχαῖον.
2997 1288 3106 1339 Καὶ
3136 1288 3244 1359 γάρ
3273 1303 3397 1339 ποτε
3422 1284 3572 1356 λιμοῦ
3594 1286 3785 1356 μέλλον-

2267 1385 2357 1431 τος
2391 1371 2470 1432 είς
2498 1371 2597 1438 τὴν
2629 1369 2736 1440 γῆν
2760 1369 3018 1440 ἐμϐαλεῖν
3045 1370 3284 1432 ἃπασαν,
3316 1369 3365 1421 οί
3390 1367 3483 1438 τὴν
3517 1368 3654 1421 πόλιν
3674 1368 3774 1422 ταύ-

2266 1466 2366 1520 την
2414 1450 2690 1514 οἰκοῦντες
2749 1454 2864 1515 τοῖς
2918 1454 2976 1505 ἐν
3028 1450 3419 1521 Ἱεροσολύμοις
3477 1450 3776 1519 καθημένοις,

2267 1533 2451 1596 αὐτοῖς
2477 1533 2535 1585 δὲ
2562 1533 2624 1602 (1³.
2652 1534 2741 1606 δὴ)
2764 1534 2997 1599 τούτοις,
3030 1535 3159 1603 περὶ
3191 1527 3266 1587 ὧν
3287 1535 3415 1602 ἡμῖν
3436 1526 3579 1595 οὗτος
3606 1535 3632 1585 ό
3652 1532 3776 1599 λόγος

2269 1615 2415 1679 ἅπας
2461 1617 2763 1687 κεκίνηται,
2804 1617 2894 1671 διά
2945 1617 3126 1688 χειρὸς
3171 1616 3423 1688 Βαρνάϐα
3478 1616 3567 1670 καὶ
3609 1614 3779 1667 Σαύλου

2268 1699 2526 1768 χρήματα
2568 1698 2821 1769 ἔπεμψαν
2866 1700 2964 1753 οὐκ
2996 1699 3174 1766 ὀλίγα.
3218 1699 3375 1762 Τίνος
3405 1693 3492 1752 οῦν
3527 1697 3593 1750 ἀν
3623 1697 3778 1766 είημεν

2269 1782 2429 1850 ἡμεῖς
2457 1781 2790 1853 συγγνώμης
2822 1781 2984 1849 ἄξιοι,
3012 1782 3174 1844 ποίας
3199 1781 3256 1834 δὲ
3285 1779 3584 1848 ἀπολογίας,
3614 1781 3720 1832 ὅταν
3743 1780 3783 1830 οι

2270 1862 2371 1931 μὲν
2400 1863 2657 1934 πρόγονοι
2682 1866 2731 1919 οἱ
2768 1864 3019 1935 ἡμέτεροι
3060 1865 3152 1917 καὶ
3198 1864 3326 1926 τοὺς
3350 1862 3619 1934 πόρρωθεν
3642 1861 3781 1929 καθη-

2272 1942 2464 2012 μένους
2496 1947 2791 2013 φαίνωνται
2825 1946 2911 1999 διά
2931 1946 3041 1999 τῶν
3070 1946 3286 1999 οἰκείων
3310 1945 3586 2014 τρέφοντες
3607 1942 3784 2013 χρημά-

2267 2041 2396 2086 των,
2429 2028 2523 2079 καὶ
2547 2027 2701 2080 αὐτοὶ
2728 2028 2863 2100 πρὸς
2884 2029 3127 2091 ἐκείνους
3149 2028 3459 2100 τρέχοντες·
3479 2024 3689 2096 ἡμεῖςδέ
3710 2026 3784 2076 καὶ

2268 2109 2394 2171 τοὺς
2434 2109 2730 2180 ἀλλαχόθεν
2775 2111 2912 2182 πρὸς
2940 2112 3090 2181 ἡμᾶς
3123 2111 3558 2179 καταφεύγοντας
3589 2105 3787 2160 ἀπελαύ-

2271 2207 2470 2260 νωμεν,
2507 2193 2600 2245 καὶ
2627 2193 2948 2264 ἀπαιτῶμεν
2976 2192 3206 2256 εὐθύνας
3251 2191 3510 2263 ἀκριδεῖς,
3538 2192 3622 2243 καὶ
3646 2188 3785 2242 ταῦτα

2271 2272 2495 2337 ειδότες,
2541 2275 2624 2328 ὅτι
2664 2276 2873 2347 μυρίων
2904 2275 3195 2329 ὑπεύθυνοί
3218 2278 3393 2344 ,ἐσμεν
3418 2273 3618 2335 κακῶν;
3639 2271 3740 2325 Κάν
3762 2272 3787 2321 ό

2269 2353 2405 2417 Θεὸς
2439 2354 2611 2419 οὕτως
2641 2357 2884 2427 ἀκριϐῶς
2921 2357 2990 2411 τὰ
3033 2358 3156 2411 καθ’
3184 2359 3336 2427 ἡμᾶς
3371 2355 3604 2426 ἐξετάσῃ,
3633 2352 3787 2420 ὥσπεο

2271 2439 2430 2507 ἡμεῖς
2457 2440 2525 2492 τά
2553 2439 2663 2492 τῶν
2684 2442 2950 2512 πενήτων,
2983 2441 3237 2511 οὐδεμιᾶς
3268 2438 3557 2509 τευξόμεθα
3582 2434 3786 2505 συγγνὼ-

2272 2537 2400 2591 μης,
2429 2520 2551 2574 οὐδέ
2578 2522 2728 2576 ἐλέου
2757 2523 2930 2587 τινόςο
2976 2523 3074 2576 Ἐν
3104 2516 3153 2588 ᾧ
3185 2522 3299 2592 γὰρ
3332 2522 3555 2590 κρίματι
3577 2521 3792 2587 κρίνετε.

2269 2602 2420 2671 φησὶ,
2481 2603 2580 2656 καὶ
2627 2604 2798 2674 ὑμεῖς
2852 2606 3235 2675 κριθήσεσθε.
3282 2605 3443 2658 Γενοῦ
3485 2602 3644 2657 τοίνυν
3692 2599 3791 2668 φιλ-

2269 2684 2554 2758 άνθρωπος
2587 2690 2683 2741 καὶ
2719 2689 2926 2760 ἥμερος
2949 2689 3028 2759 τῷ
3057 2688 3351 2759 συνδούλῳ,
3379 2688 3470 2741 καὶ
3496 2686 3649 2739 πολλὰ
3679 2685 3790 2752 ἄφες

2266 2767 2373 2820 τῶν
2428 2770 2868 2841 ἡμαρτημένων,
2921 2771 3016 2825 καὶ¹
3068 2772 3317 2841 ἐλέησον,
3380 2771 3463 2823 ἵνα
3519 2770 3604 2822 καὶ
3656 2767 3791 2829 αὐτὸς

2267 2850 2524 2921 τοιαύτης
2563 2851 2735 2923 τύχης
2781 2854 2883 2923 τῆς
2924 2854 3127 2925 ψήφου,
3189 2854 3259 2906 Τί
3309 2853 3597 2923 πράγματα
3644 2846 3797 2916 σαυτῷ

2269 2931 2522 2998 πλέκεις;
2550 2933 2601 2986 τί
2631 2935 3000 3007 περιεργάζῃ;
3028 2932 3177 3006 'Apa
3208 2937 3262 2988 εί
3296 2932 3611 3006 προσέταξεν
3635 2934 3660 2984 ό
3684 2931 3792 2993 Θεὸς

2270 3013 2415 3083 βιῆυς
2455 3016 2706 3086 ἐρευνᾷν,
2739 3018 2833 3070 καὶ
2863 3017 3091 3082 εὐθύνας
3134 3020 3406 3084 ἀπαιτεῖν,
3444 3019 3530 3071 καὶ
3554 3017 3789 3086 πολυπραο

2267 3100 2488 3167 γμονεῖν
2533 3100 2788 3169 τρόπους,
2823 3101 2925 3153 οὐκ
2954 3101 3019 3154 ἂν
3064 3101 3445 3174 ἐδυσχέραινον
3472 3100 3670 3160 πολλοί;
3712 3099 3795 3150 οὐκ

2267 3179 2333 3232 ἂν
2363 3175 2516 3233 εἷπον
2541 3182 2677 3249 πρὸς
2697 3182 2953 3247 ἑαυτούς’
2979 3183 3045 3235 Τί
3075 3201 3208 3237 ποτε.
3226 3183 3387 3237 τοῦτό
3407 3185 3546 3248 ἐστις
3574 3181 3795 3236 δύσκολον

2268 3263 2400 3332 ἡμῖν
2433 3262 2495 3314 τὸ
2524 3265 2757 3334 πρᾶγμα
2793 3263 3126 3336 κατέστησεν
3161 3268 3189 3319 ὁ
3219 3267 3385 3331 Θεός·
3422 3267 3493 3338 μὴ
3534 3267 3632 3336 γὰρ
3656 3264 3791 3316 δυνά-

2272 3346 2411 3408 μεθα
2449 3347 2547 3417 τὴν
2583 3345 2785 3417 ἐτέρων
2814 3347 2956 3419 ζωὴν
2986 3349 3266 3413 ἐξετάζειν
3288 3366 3311 3414 ;ν
3335 3350 3408 3420 μὴ
3436 3350 3540 3419 γὰρ
3564 3349 3702 3418 ίσμεν
3734 3345 3793 3396 τά

2269 3430 2634 3502 ἡμαρτημένα
2660 3431 2736 3502 τῷ
2767 3431 2932 3497 δεῖνι;
2965 3432 3079 3485 Οὐκ
3109 3432 3176 3485 ἂν
3212 3432 3400 3486 πολλοὶ
3427 3431 3585 3485 πολλὰ
3607 3428 3794 3483 τοιαῦτα

2268 3509 2454 3578 εἷπον;
2491 3513 2604 3565 Νῦν
2626 3513 2702 3577 δὲ,
2734 3514 2825 3566 ὅτε
2858 3514 3040 3584 πάσης
3072 3516 3221 3585 ἡμᾶς
3266 3514 3518 3584 τοιαύτης
3564 3512 3794 3580 πολυπρα

2267 3594 2546 3665 γμοσύνης
2570 3595 2867 3667 ἀπήλλαξε,
2886 3596 2980 3651 καὶ
2997 3597 3268 3666 δπέσχετο
3295 3597 3483 3652 δώσειν
3500 3592 3795 3666 ἀπηρτισμέ-

2268 3694 2356 3730 νον
2381 3676 2472 3729 τὸν
2500 3676 2717 3754 μισθὸν,
2749 3679 2853 3732 κᾶν
2880 3679 3127 3750 πονηροὶ,
3162 3679 3270 3734 κᾶν
3311 3679 3534 3754 χρηστοὶ
3557 3680 3599 3731 οἱ
3624 3673 3799 3745 λαμϐά-

2266 3776 2448 3824 νοντες
2484 3753 2640 3824 ὦσιν,
2691 3763 2906 3826 ἐαυτοῖς
2959 3764 3261 3833 πράγματα
3314 3753 3679 3833 ἐπισπώμεθα.
3708 3757 3799 3811 Καὶ

2266 3843 2431 3896 πόθεν
2459 3842 2617 3898 τοῦτο
2642 3844 2822 3914 δῆλον,
2858 3847 3045 3916 φησὶν,
3067 3846 3149 3898 ὅτι
3174 3849 3463 3917 χρηστοῖς,
3493 3846 3578 3900 καὶ
3611 3847 3709 3905 τοῖς
3735 3842 3797 3911 μὴ

2265 3928 2528 3990 τοιούτοις
2563 3927 2747 3991 δόντες
2783 3928 3064 4000 ληψόμεθα
3089 3928 3181 3982 τόν
3218 3930 3454 3999 μισθόνς
3498 3929 3606 3997 Ἀφ’
3632 3922 3697 3980 ὧν
3718 3926 3796 3977 αὐ-

2264 4009 2354 4073 τὸς
2384 4007 2537 4062 εἶπεν
2560 4028 2574 4041 ο
2614 4012 2887 4080 Εὔχεσθε
2920 4012 3074 4079 ὑπὲρ
3110 4011 3231 4064 τῶν
3279 4011 3699 4080 ἐπηρεαζόντων
3718 4008 3799 4060 καὶ

2263 4092 2597 4145 διωκόντων
2618 4091 2791 4160 ὑμᾶς,
2817 4092 2977 4157 ὅπως
2993 4093 3250 4162 γένησθε
3283 4096 3468 4164 ὅμοιοι
3487 4093 3586 4148 τοῦ
3606 4089 3798 4157 Πατρός

2264 4172 2452 4242 ὑμῶν.
2488 4174 2592 4228 τοῦ
2619 4175 2688 4228 ἐν
2711 4175 2838 4242 τοῖς
2863 4176 3160 4242 οὐρανοῖς,
3194 4177 3289 4230 ὅτι
3323 4177 3432 4231 τὸν
3453 4177 3621 4244 ἣλιον
3642 4171 3796 4228 αὐτοῦ

2265 4256 2581 4311 ἀνατέλλει
2624 4258 2723 4310 ἐπὶ
2758 4258 3065 4327 πονηροὺς
3099 4259 3197 4312 καὶ
3245 4260 3530 4330 ἀγαθοὺς,
3565 4257 3651 4311 καί
3679 4256 3794 4322 ,βρέο

2264 4356 2356 4407 χει
2388 4340 2487 4392 ἐπὶ
2519 4339 2788 4406 δικαίους
2810 4340 2911 4395 καὶ
2934 4340 3202 4408 ἀδίκους.
3232 4342 3453 4413 ’Ὠσπερ
3471 4339 3559 4396 οὖν
3586 4343 3612 4395 ό
3633 4335 3793 4392 Δεσπόο

2262 4438 2361 4493 της
2413 4438 2530 4484 σου,
2583 4422 2791 4493 μυρίων
2843 4423 3005 4476 αὐτὸν
3070 4422 3561 4496 βλασφημούντων,
3619 4421 3791 4493 μυρίων

2265 4504 2664 4575 πορνευόντων,
2723 4504 3064 4560 κλεπτόντων
3084 4546 3099 4567 ,
3161 4506 3564 4580 λῃστευόντων,
3622 4504 3788 4572 τάφους

2263 4587 2683 4657 ἀνορυττόντων,
2726 4588 2897 4659 μυρία
2935 4589 3323 4659 ἐργαζομένων
3354 4589 3522 4657 κακὰ,
3555 4587 3689 4660 βὸθὶ
3712 4585 3793 4637 οὐκ

2261 4670 2558 4737 ἀφίσταται
2589 4670 2688 4740 τῆς
2726 4672 2806 4735 είς
2835 4671 3082 4734 ἅπαντας
3116 4673 3461 4743 εὐεργεσιὶς,
3490 4671 3619 4728 ἀλλά
3642 4667 3793 4735 κοινὴν

2259 4753 2359 4822 τὴν
2384 4753 2601 4817 ἀκτῖνα,
2629 4754 2842 4816 κοινοὺς
2866 4755 2993 4816 τοὺς
3020 4754 3281 4825 ὄμϐρους,
3311 4757 3405 4810 καὶ
3429 4757 3551 4819 τοὺς
3585 4751 3791 4824 καρποθις

2258 4835 2386 4896 τοὺς
2414 4835 2522 4889 ἀπδ
2549 4836 2647 4906 τῆς
2675 4835 2779 4905 γῆς
2802 4835 3112 4907 προτίθησι,
3153 4838 3253 4910 τὴν
3284 4837 3679 4910 φιλανθρωπίαν
3703 4834 3792 4885 ἐπι-

2259 4915 2610 4986 δεικνύμενος
2644 4917 2743 4988 τὴν
2782 4917 3004 4972 ἐαυτοῦο
3037 4918 3181 4973 οὕτω
3213 4923 3308 4974 καὶ
3353 4924 3419 4976 σὺ
3464 4921 3692 4990 ποίησον,
3716 4913 3793 4969 καὶ

2259 5000 2396 5051 ὅταν
2431 4999 2617 5064 ἐλέους
2663 5000 2854 5071 καιρὸς
2974 5002 3067 5055 καὶ
3117 5003 3563 5077 φιλανθρωπίας,
3613 4999 3798 5071 διόρθαυ

2257 5082 2356 5153 τὴν
2388 5084 2602 5145 πενίαν,
2638 5082 2733 5136 λύε
2763 5085 2856 5139 τὸν
2894 5084 3071 5155 λιμδν,
3107 5086 3417 5141 ἀπάλλαττε
3449 5087 3547 5156 τῆς
3574 5083 3796 5152 θλίψεως.

2262 5165 2428 5236 μηδὲν
2468 5167 2780 5237 περαιτέρω
2804 5169 3193 5240 περιεργάξου.
3217 5172 3279 5223 El
3308 5171 3420 5241 γὰρ
3448 5170 3509 5240 δὴ
3542 5167 3799 5239 μέλλοιμεν

2261 5246 2409 5316 βίους
2447 5249 2797 5318 ἐρευνᾶσθαι,
2829 5251 3084 5305 οὐδέποτε
3122 5253 3314 5305 οὐδένα
3358 5252 3636 5322 ἄνθρωπον
3662 5245 3796 5312 ἐλεή-

2260 5348 2457 5401 σομεν·
2495 5330 2612 5384 ἀλλ’
2655 5333 2759 5386 ὑπὸ
2790 5337 2889 5406 τῆς
2924 5335 3153 5408 ἀκαίρου
3185 5336 3394 5408 ταύτης
3440 5335 3798 5404 πολυπραγμο-

2262 5414 2434 5485 σύνης
2476 5415 2914 5484 ἐμποδισθέντες,
2967 5419 3207 5490 ἄκαρποι
3258 5421 3357 5474 καὶ
3405 5420 3583 5484 πάσης
3627 5415 3797 5482 ἔρημοι

2261 5496 2512 5567 βοηθείας
2538 5497 2921 5571 διαμενοῦμεν,
2953 5502 3047 5554 καὶ
3077 5501 3241 5556 πολὺν
3272 5497 3683 5570 ὐποστησόμεθα
3712 5492 3796 5547 πό-

2258 5597 2346 5632 νον
2378 5579 2497 5649 είκῆ
2540 5580 2635 5633 καὶ
2666 5581 2865 5653 μάτην.
2907 5582 2998 5636 Διδ
3024 5583 3087 5655 δὴ
3123 5583 3427 5656 παρακαλῶ
3458 5582 3555 5653 τὴν
3596 5579 3795 5646 ἄκαιρον

2256 5662 2461 5732 ταύτην
2491 5665 2806 5734 περιεργίαν
2829 5665 3175 5730 ἐκϐαλόντας,
3204 5668 3313 5729 τοῖς
3338 5664 3608 5736 δεομένοις
3622 5658 3797 5713 διδόναι

2260 5746 2412 5808 πᾶσι,
2458 5746 2552 5798 καὶ
2585 5747 2723 5815 μετά
2763 5748 2966 5817 πολλῆς
3002 5748 3159 5803 τοῦτο
3188 5750 3361 5802 ποιεῖν
3392 5748 3491 5816 τῆς
3518 5741 3792 5824 δαψιλείαςξ

2255 5827 2343 5880 ἵνα
2388 5828 2478 5881 καὶ
2510 5827 2662 5882 αὐτοὶ
2691 5831 2830 5885 κατά
2862 5830 2957 5902 τὴν
2991 5832 3201 5904 ἡμέραν
3233 5829 3450 5900 ἐκείνην
3495 5823 3682 5882 πολλοῦ
3715 5823 3796 5870 του
