4058 6258
286 386 392 443 259

288 502 434 569 pium
468 500 667 558 habere
699 503 991 575 discipulos
1013 507 1201 576 jussit,
1230 518 1281 561 et
1306 523 1423 578 qua:
1454 508 1874 565 immittebantur

283 602 522 661 portare,
562 602 723 664 atque
754 596 876 651 inde
901 600 1084 666 egenis
1111 601 1536 655 subministrare.
1577 600 1708 655 Nam
1752 616 1875 655 cum

283 684 480 739 Judam
525 687 858 756 aenigmatice
896 688 963 743 de
1003 690 1307 759 proditione
1342 692 1723 761 alloqueretur,
1772 708 1875 746 non

287 774 649 844 intelligentes
686 776 930 846 discipuli
960 779 1100 847 quod
1130 780 1406 835 dicebatur
1434 821 1449 847 ,
1485 782 1735 850 putabant
1754 824 1769 848 ,
1799 783 1879 835 in-

285 865 424 931 quit,
454 865 624 932 ipsum
653 865 852 922 dixisse
891 867 964 923 illi
995 879 1051 924 ut
1103 872 1421 941 pauperibus
1455 871 1653 941 aliquid
1692 871 1873 926 daret:

284 969 413 1008 nam
444 955 793 1027 Mat-sapiam,
821 960 1021 1029 inquit,
1052 962 1158 1027 ipse
1184 962 1413 1028 habebat,
1440 972 1484 1016 et
1504 979 1618 1032 qua:
1637 964 1877 1017 immitte-

288 1048 475 1098 bantur
514 1049 745 1116 portabat
774 1047 950 1119 (Joan.
987 1051 1073 1104 12.
1110 1052 1189 1121 6).
1220 1051 1460 1121 Magnam
1498 1052 1695 1122 quippe
1740 1053 1881 1107 Deus

287 1137 553 1191 rationem
584 1138 743 1193 habet
763 1139 829 1193 de
858 1140 1223 1196 misericordia
1248 1184 1265 1206 ,
1299 1156 1404 1196 non
1436 1142 1503 1197 de
1548 1158 1643 1198 sua
1676 1152 1877 1198 tantum

283 1242 417 1296 erga
440 1242 559 1293 nos,
588 1228 681 1282 sed
711 1229 778 1284 de
807 1242 987 1285 nostra
1019 1232 1178 1286 etiam
1224 1234 1276 1287 in
1318 1248 1606 1289 conservos
1642 1252 1655 1287 :
1687 1250 1790 1305 qua
1813 1236 1881 1290 de

287 1333 352 1373 re
383 1318 579 1373 multas
607 1331 660 1373 et
698 1320 749 1373 in
782 1321 957 1377 Veteri
1004 1333 1058 1376 et
1103 1325 1152 1377 in
1183 1324 1331 1379 Novo
1360 1325 1701 1381 Testamento
1738 1328 1881 1397 leges

287 1410 584 1474 constituit,
628 1410 896 1466 hominem
923 1414 1117 1482 jubens
1158 1423 1213 1470 et.
1245 1416 1422 1472 verbis
1449 1426 1505 1472 el.
1548 1419 1785 1485 pecuniis
1827 1428 1881 1474 et

286 1499 543 1567 operibus
575 1500 859 1571 benignum
880 1518 1019 1559 esse.
1043 1497 1173 1560 'llac
1200 1505 1267 1561 de
1287 1522 1346 1561 re
1371 1510 1567 1576 passim
1590 1509 1796 1580 Moyses
1823 1512 1875 1565 in

289 1588 498 1657 legibus
545 1604 845 1647 sermonem
885 1594 1071 1648 inserit
1103 1612 1115 1647 :
1143 1595 1243 1650 hoc
1282 1611 1345 1651 ex
1379 1611 1605 1667 persona
1640 1598 1728 1653 Dei
1760 1615 1882 1669 pro-

290 1677 467 1747 phctte
511 1680 760 1746 clamant,
816 1683 1219 1740 Misericordiam
1264 1688 1396 1754 voto,
1452 1698 1498 1742 et
1538 1706 1640 1743 non
1680 1692 1880 1760 sacriﬁ-

286 1773 424 1825 cium
454 1772 605 1842 (Osee
631 1773 757 1837 6.6)
781 1793 792 1827 :
817 1778 1043 1846 apostoli
1061 1793 1271 1848 quoque
1288 1780 1349 1834 iis
1364 1795 1597 1835 consona
1616 1790 1669 1836 et
1685 1782 1881 1838 faciunt

288 1871 345 1915 et
369 1861 777 1934 dicunt(Matth.
798 1866 851 1921 9.
876 1868 985 1937 l3).
1038 1868 1116 1923 Ne
1145 1870 1321 1939 itaque
1348 1886 1459 1925 rem
1480 1872 1619 1926 illam
1644 1874 1879 1945 negliga-

288 1970 411 2009 mus
428 1973 439 2007 :
456 1972 561 2011 non
580 1958 719 2012 enim
734 1961 1055 2029 pauperibus
1074 1962 1394 2027 tantum,sed
1412 1964 1564 2019 nobis
1580 1965 1705 2034 ipsis
1722 1967 1881 2020 maxi-

288 2066 378 2105 me
403 2067 699 2120 prosumus,
723 2054 1028 2124 majoraque
1048 2056 1357 2126 accipimus,
1378 2072 1533 2126 quam
1560 2058 1876 2127 prmbemus.

366 2144 418 2195 6.
462 2142 584 2196 Non
630 2146 964 2216 perquirenda
1010 2162 1279 2216 egenorum
1321 2148 1422 2200 vita
1462 2158 1514 2200 ut
1564 2149 1879 2219 eleemosyna

289 2243 538 2302 erogetur.
569 2265 640 2274 —
670 2236 794 2291 Hzec
823 2254 927 2291 non
952 2238 1069 2292 sine
1102 2252 1260 2291 causa
1291 2254 1433 2293 nunc
1461 2238 1612 2306 dico,
1636 2239 1729 2295 sed
1756 2242 1876 2310 quia

291 2324 529 2394 plerique
568 2342 764 2397 egenos
817 2330 1026 2383 curiose
1080 2330 1427 2398 interrogant,
1476 2332 1744 2400 inquirunt
1783 2348 1877 2401 pa-

290 2418 471 2482 triam,
503 2418 684 2484 vitam,
716 2435 913 2483 mores,
952 2429 1144 2485 artem,
1193 2422 1431 2490 corporis
1475 2423 1828 2478 valetudinem
1861 2442 1873 2476 :

288 2509 660 2564 accusationes
704 2510 1002 2578 intentant,
1035 2521 1089 2566 et
1115 2520 1393 2566 sexcentas
1426 2512 1494 2567 de
1530 2515 1756 2569 sanitate
1792 2531 1879 2569 ra-

288 2599 464 2655 tiones
494 2611 759 2672 repetuut.
802 2602 1032 2674 Ideoque
1059 2604 1211 2658 multi
1238 2604 1483 2673 corporis
1514 2606 1877 2661 mutilatioues

285 2691 571 2757 simulant,
608 2704 663 2748 ut
704 2695 840 2751 ﬁctze
879 2696 1194 2751 calamitatis
1241 2696 1468 2751 artiﬁcio
1508 2697 1874 2753 crudelitatem

288 2783 783 2855 immanitatemque
822 2796 1058 2841 nostram
1082 2786 1299 2841 ﬁectere
1328 2787 1558 2842 valeant.
1601 2788 1666 2841 Et
1694 2797 1876 2857 testate

283 2873 505 2942 quidem
548 2875 723 2930 taliter
760 2877 1057 2941 criminari,
1089 2890 1249 2946 grave
1288 2876 1413 2930 licet
1448 2876 1549 2938 sit,
1575 2893 1677 2932 non
1712 2892 1877 2947 usque

282 2962 425 3016 adeo
454 2972 627 3017 L‘llllell
654 2980 815 3035 grave
832 2974 915 3019 est
939 2983 952 3017 :
985 2965 1176 3035 hyeme
1200 2979 1327 3019 vero
1344 2974 1563 3034 urgente
1589 2965 1783 3035 frigore
1807 2967 1875 3020 ita

281 3065 346 3105 se
379 3052 723 3108 inhumanum
752 3063 808 3108 et
850 3054 1017 3109 ferum
1057 3065 1308 3124 prmstare
1344 3053 1608 3123 judicem,
1642 3056 1877 3110 veniam-

280 3158 394 3212 que
436 3146 633 3200 nullam
680 3146 865 3201 otiosis
893 3145 1208 3208 concedere,
1238 3163 1413 3200 annon
1440 3162 1662 3205 summa:
1682 3150 1873 3205 crude-

285 3234 453 3288 litatis
482 3234 691 3289 fuerit?
726 3235 835 3290 Cur
857 3236 1032 3306 itaque
1060 3237 1272 3303 Paulus,
1298 3237 1437 3293 dicet
1463 3238 1675 3308 aliquis,
1706 3240 1877 3295 Thes-

280 3327 709 3383 salonicensibus
738 3330 873 3382 hanc
896 3330 1063 3397 legem
1088 3328 1291 3384 ferebat
1324 3347 1337 3384 :
1372 3331 1435 3384 Si
1468 3331 1580 3401 quis
1620 3349 1721 3386 non
1769 3334 1875 3387 vult

274 3418 535 3483 laborare,
565 3435 653 3472 nec
677 3420 944 3473 manducet
965 3419 1039 3489 (2.
1073 3418 1251 3475 Thess.
1271 3422 1324 3475 5.
1350 3422 1481 3493 10)?
1514 3422 1579 3478 Ut
1602 3433 1657 3478 et
1679 3433 1731 3477 tu
1762 3424 1875 3479 hare

277 3509 491 3574 audias,
543 3520 595 3564 et
631 3526 735 3565 non
768 3512 937 3580 ipsum
978 3521 1205 3581 tantum,
1239 3514 1330 3568 sed
1375 3524 1425 3568 te
1460 3531 1673 3586 quoque
1729 3518 1873 3573 hisce

279 3599 436 3653 Pauli
463 3600 637 3656 verbis
676 3602 986 3671 compelles.
1028 3603 1174 3657 Pauli
1206 3605 1400 3675 quippe
1427 3605 1569 3676 leges
1597 3624 1700 3661 non
1740 3624 1871 3677 pau-

280 3690 503 3757 peribus
526 3700 750 3757 tantum,
781 3692 875 3747 sed
907 3695 1065 3747 etiam
1096 3694 1251 3750 nobis
1281 3697 1466 3765 posita:
1503 3708 1645 3753 sunt.
1689 3699 1870 3754 Dicam

277 3778 483 3849 aliquid
520 3796 804 3836 onerosum
850 3793 905 3838 et
958 3785 1240 3840 molestum
1290 3804 1305 3839 :
1351 3789 1463 3841 scio
1510 3787 1624 3844 fore
1676 3800 1734 3844 ut
1778 3808 1873 3846 vos

277 3872 680 3937 succenseatis;
708 3882 939 3928 attamen
971 3874 1142 3929 dicam
1167 3892 1180 3929 :
1209 3892 1314 3930 non
1332 3878 1473 3932 enim
1501 3888 1557 3932 ut
1583 3880 1868 3949 offendam,

278 3960 379 4013 sed
404 3970 459 4015 ut
484 3963 762 4017 emendem
790 3965 931 4019 dico.
976 3964 1079 4019 Illis
1105 3966 1268 4020 otimn
1284 3967 1583 4036 objicimus,
1598 3986 1707 4025 rem
1727 3986 1870 4040 s:rpe

277 4053 438 4105 venia
464 4052 675 4123 dignam
700 4068 715 4107 ε
750 4071 847 4109 nos
876 4065 1052 4111 autem
1082 4072 1144 4111 ea
1175 4067 1542 4126 perpetramus
1561 4101 1577 4126 ,
1609 4076 1726 4129 qua:
1761 4064 1870 4115 otio

281 4143 446 4212 longe
473 4145 713 4213 graviora
736 4146 862 4199 sint.
903 4147 972 4200 At
1000 4163 1119 4217 ego,
1147 4147 1373 4217 inquies,
1410 4157 1681 4218 paternam
1713 4151 1866 4205 here-

280 4233 506 4287 ditatem
538 4235 726 4290 habeo.
772 4238 852 4290 An
891 4252 1039 4306 ergo,
1070 4238 1157 4293 dic
1193 4239 1320 4292 mihi
1342 4282 1358 4305 ,
1388 4240 1508 4309 quia
1540 4241 1629 4295 ille
1672 4257 1871 4310 pauper

276 4335 364 4377 eat
391 4332 446 4378 et
471 4339 535 4379 ex
577 4326 899 4395 pauperibus
940 4336 1110 4392 ortus,
1165 4343 1266 4382 nec
1315 4330 1595 4397 opulentos
1639 4332 1869 4400 majores

276 4412 484 4475 habuit,
516 4413 707 4485 dignus
752 4428 835 4471 est
877 4419 965 4487 qui
1003 4419 1220 4486 pereat?
1276 4419 1522 4476 Profecto
1560 4435 1621 4475 ea
1664 4421 1773 4489 ipsa
1802 4423 1868 4476 de

274 4520 438 4559 causa
482 4508 949 4563 commiseratione
986 4518 1040 4563 et
1088 4511 1449 4565 misericordia
1493 4511 1630 4579 apud
1678 4513 1868 4567 divites

274 4596 470 4665 dignus
494 4596 668 4651 fuerit.
697 4598 776 4653 Tu
799 4600 1010 4668 quidem
1035 4614 1175 4671 smpe
1204 4600 1343 4654 diem
1366 4600 1417 4653 in
1452 4600 1672 4655 theatris
1695 4611 1860 4656 trans-

274 4688 447 4756 igens,
478 4689 560 4742 vel
610 4690 660 4742 in
700 4690 1038 4745 consessibus
1058 4734 1073 4758 ,
1110 4692 1493 4761 colloquiisque
1517 4733 1532 4757 ,
1563 4708 1628 4747 ex
1675 4695 1867 4764 quibus

272 4778 408 4832 nihil
432 4781 642 4834 accedit
672 4780 824 4843 lucri,
850 4782 1027 4836 multis
1041 4782 1365 4852 obloqueris,
1399 4782 1635 4851 nihilque
1666 4783 1789 4837 mali
1817 4795 1867 4839 te

274 4867 455 4923 facere
477 4885 575 4924 nec
594 4872 822 4926 otiosum
854 4886 974 4927 esse
996 4881 1145 4940 putas
1168 4887 1182 4925 :
1215 4872 1358 4925 hunc
1386 4886 1515 4926 vero
1537 4873 1787 4927 miserum
1810 4884 1865 4928 et

272 4976 678 5035 ternninosum,
730 4965 819 5034 qui
859 4965 910 5018 in
960 4964 1249 5033 precibus,
1306 4965 1554 5035 Iacrymis
1616 4966 1865 5035 milleque

270 5054 528 5107 :erumnis
544 5061 655 5109 toto
677 5055 764 5109 die
790 5064 1052 5116 versatur,
1078 5056 1319 5119 damnas,
1343 5055 1409 5109 ad
1430 5054 1652 5109 tribunal
1677 5056 1862 5121 trahis,

269 5142 337 5196 dc
364 5158 539 5213 eoque
568 5146 801 5200 rationes
821 5146 1102 5216 exposcis?
1131 5146 1396 5209 llaisccine,
1420 5160 1624 5215 quaeso,
1646 5146 1861 5201 humani

269 5244 395 5288 sunt
421 5235 621 5290 animi?
647 5236 808 5306 Igitur
834 5237 1046 5307 quando
1089 5237 1241 5299 dicis,
1284 5237 1419 5303 Quid
1450 5237 1689 5292 dicemus
1719 5238 1860 5292 Pau-

270 5327 356 5381 lo?
386 5338 440 5383 tu
469 5345 532 5383 ea
585 5331 696 5399 ipsa
733 5330 861 5395 tibi,
893 5347 995 5384 non
1028 5332 1347 5400 pauperibus
1388 5330 1570 5386 dicito.
1613 5332 1860 5400 Alioquin

274 5437 422 5486 vero,
455 5439 522 5477 ne
579 5424 751 5475 minas
796 5426 913 5490 ejus
965 5434 1165 5476 tantum
1198 5423 1374 5492 legas,
1406 5422 1499 5476 sed
1554 5432 1605 5476 et
1652 5426 1856 5477 veniam

267 5530 483 5584 quoque
512 5532 526 5569 ε
557 5531 676 5569 nam
709 5516 799 5585 qui
825 5516 972 5580 dicit,
1003 5515 1062 5569 Si
1086 5515 1195 5583 quis
1226 5532 1323 5567 non
1346 5514 1560 5578 laborat,
1595 5530 1683 5567 nec
1711 5531 1857 5567 man-

267 5604 437 5667 ducet,
464 5605 661 5673 adjecit
689 5622 705 5659 :
740 5603 839 5658 Vos
863 5614 1059 5669 autent,
1094 5604 1295 5671 fratres,
1320 5604 1473 5657 notitc
1506 5603 1718 5672 deﬁcere
1740 5606 1858 5657 bene

256 5696 513 5762 [iacientes
560 5694 638 5767 (2.
672 5694 847 5751 Thess.
881 5695 933 5751 '5.
970 5696 1076 5765 15).
1110 5697 1178 5749 At
1217 5709 1446 5764 quonam
1496 5695 1570 5749 illi
1611 5696 1855 5764 Specioso

269 5788 489 5843 obtentu
517 5786 773 5843 utuntur?
805 5786 1029 5858 Fugitivi
1061 5796 1184 5841 sunt
1207 5828 1221 5853 ,
1257 5787 1531 5856 inquiunt,
1565 5788 1849 5859 peregrini,

1586 398 1675 453 DE
1713 397 2190 456 ELEEMOSYNA.

3464 388 3568 446 270

1986 512 2331 583 verberones,
2383 513 2469 583 qui
2518 528 2610 568 sua
2666 515 2844 570 relicta
2889 518 3051 584 patria
3086 519 3137 571 in
3170 518 3435 575 civitatem
3467 535 3570 574 no.

1985 612 2149 659 stram
2177 604 2469 659 confluunt.
2514 606 2708 662 ldeonc
2729 646 2746 671 ,
2770 623 2950 676 quazso
2968 649 2984 672 ,
3016 609 3386 674 stomacharis.
3415 619 3469 666 et
3489 611 3567 666 ci-

1985 694 2163 749 vitatis
2183 710 2435 749 coronam
2464 696 2699 762 vellicas,
2729 698 2848 766 quia
2873 713 3061 753 omnes
3086 715 3202 754 eam
3232 715 3568 755 communem

1984 796 2104 836 esse
2141 791 2349 851 portum
2377 784 2717 849 existimant,
2744 796 2798 840 et
2844 787 3070 856 propriae
3114 789 3344 843 alienam
3377 789 3569 859 prmfe'

1983 872 2141 925 runt?
2170 872 2280 926 [mu
2320 888 2446 927 vero
2473 876 2571 928 hac
2595 873 2665 928 de
2702 890 2860 929 causa
2906 877 3178 931 exsulLare
3222 878 3457 947 oportuit
3506 893 3569 932 ac

1984 961 2318 1032 lzetari,quia
2346 962 2412 1016 ad
2454 979 2641 1018 manus
2685 978 2909 1027 vestras,
2960 968 3112 1035 quasi
3167 968 3233 1021 ad
3282 983 3568 1023 commune

1983 1055 2249 1124 quoddam
2279 1056 2597 1124 emporimn,
2618 1071 2805 1112 omnes
2829 1069 3133 1120 accurrunt,
3151 1067 3205 1113 et
3228 1074 3566 1113 communem

1985 1157 2206 1199 matrem
2238 1146 2374 1201 hanc
2402 1147 2666 1200 civitatem
2691 1162 2811 1201 esse
2839 1147 3184 1203 arbitrantur.
3228 1148 3303 1204 Ne
3321 1190 3337 1216 ,
3364 1164 3570 1219 quaeso,

1986 1245 2190 1291 tantum
2211 1239 2512 1292 ez'comium
2546 1238 2905 1304 labefactetis,
2938 1254 3108 1308 neque
3131 1240 3398 1310 antiquam
3432 1239 3569 1293 hanc

1985 1338 2366 1399 paternamque
2396 1331 2603 1387 laudem
2652 1332 2929 1388 decidatis.
2970 1333 3109 1388 Olim
3156 1350 3384 1404 namque
3444 1349 3567 1389 cum

1984 1417 2152 1473 fames
2181 1428 2346 1473 totum
2376 1421 2560 1475 orbem
2592 1422 2833 1476 invasura
2858 1432 3022 1489 esset,
3051 1424 3208 1493 hujus
3235 1422 3463 1479 civit-itis
3482 1423 3568 1478 iu-

1984 1508 2125 1562 colas
2148 1508 2627 1581 Jerosolymitanis,
2690 1511 2876 1566 iisdem
2921 1512 3070 1582 ipsis,
3117 1514 3184 1568 de
3229 1514 3420 1584 quibus
3458 1514 3566 1584 jam

1984 1614 2162 1654 sermo
2204 1600 2445 1666 habetur,
2489 1617 2584 1671 per
2621 1599 2917 1658 Barnaham
2960 1612 3014 1657 et
3055 1604 3278 1658 Paulum
3319 1606 3568 1673 pecunias

1986 1707 2090 1745 non
2123 1708 2316 1762 paucas
2339 1695 2598 1748 miserunt
2632 1695 2766 1766 (Art.
2800 1696 2880 1750 ll.
2914 1694 3027 1767 50).
3055 1697 3169 1762 Qua
3211 1695 3369 1765 igitur
3406 1695 3571 1750 fueri-

1985 1800 2103 1838 mus
2157 1785 2331 1850 venia,
2363 1800 2464 1852 qua
2516 1784 2826 1840 defensione
2872 1785 3037 1855 digni,
3085 1785 3295 1856 quando
3336 1785 3570 1856 majores

1983 1876 2198 1946 quidem
2250 1877 2413 1930 nostri
2462 1876 2621 1930 etiam
2669 1879 2847 1945 procul
2893 1878 3093 1947 positos
3145 1877 3256 1931 suis
3309 1876 3567 1946 pecuniis,

1985 1966 2142 2020 etiam
2166 1966 2230 2019 ad
2257 1968 2398 2036 ipSos
2427 1977 2798 2031 accurrcutes,
2834 1968 3082 2022 aluerunt
3114 1986 3125 2021 :
3159 1982 3255 2022 nos
3282 1982 3410 2021 vero
3433 1982 3526 2021 eos
3548 2007 3566 2033 ,

1983 2059 2071 2126 qui
2098 2059 2314 2114 aliunde
2343 2059 2409 2113 ad
2438 2075 2536 2114 nos
2561 2058 2911 2129 confugiunt,
2942 2060 3187 2130 pellimus
3206 2102 3222 2128 ,
3249 2060 3421 2130 deque
3467 2060 3569 2113 illis

1983 2149 2218 2205 rationes
2259 2150 2574 2219 expetimus,
2631 2166 2751 2207 cum
2794 2152 3025 2207 sciamus
3072 2165 3168 2205 nos
3223 2151 3565 2220 plurimorum

1984 2241 2245 2294 malorum
2286 2255 2406 2296 esse
2434 2242 2594 2295 reos?
2620 2241 2770 2307 Quod
2800 2242 2844 2295 si
2889 2242 3029 2297 Deus
3060 2242 3127 2296 ita
3150 2242 3430 2311 diligenter
3472 2258 3568 2295 nos

1982 2339 2330 2395 scrutaretur,
2362 2338 2420 2384 ut
2448 2345 2546 2386 nos
2571 2346 2783 2386 causam
2800 2347 3114 2402 pauperum,
3136 2332 3333 2387 nullam
3360 2332 3569 2387 veniam

1981 2420 2065 2475 vel
2090 2420 2508 2475 misericordiam
2535 2435 3017 2491 consequeremur:
3047 2420 3113 2475 In
3134 2439 3231 2493 quo
3256 2423 3395 2477 enim
3417 2422 3537 2492 judi
3554 2450 3569 2462 ο

1980 2511 2080 2576 cio,
2111 2511 2299 2580 inquit,
2322 2511 2638 2582 judicabitis,
2655 2512 3009 2583 judicabimini
3038 2512 3249 2580 (Matth.
3275 2510 3417 2582 7.2).
3441 2513 3569 2566 Esto

1981 2602 2141 2672 igitur
2190 2602 2449 2672 benignus
2497 2601 2867 2672 humanusque
2915 2617 3176 2657 conservo
3231 2619 3243 2654 :
3298 2601 3568 2671 multaque

1982 2701 2195 2761 peccata
2228 2692 2435 2747 dimitte
2454 2734 2470 2759 ,
2512 2708 2577 2747 ac
2604 2693 3021 2749 misericordiam
3050 2709 3268 2758 exerce,
3296 2703 3354 2748 ut
3377 2703 3430 2748 et
3456 2694 3567 2763 ipse

1981 2783 2141 2836 talem
2186 2782 2441 2851 impetres
2497 2784 2835 2838 sententiam.
2878 2781 3012 2851 Quid
3066 2783 3156 2836 tibi
3208 2782 3307 2852 ipsi
3358 2783 3565 2852 negotia

1981 2871 2240 2928 facessis?
2267 2872 2393 2943 quid
2422 2875 2632 2929 curiose
2661 2875 2954 2929 scrutaris?
2980 2874 3035 2930 Si
3068 2875 3206 2930 Deus
3231 2876 3567 2943 praecepisset

1979 2972 2038 3016 ut
2057 2963 2282 3017 aliorum
2302 2965 2461 3017 vitam
2483 2975 2863 3029 scrutarentur,
2884 2965 3116 3019 rationes
3132 2979 3563 3034 exposceremus,

1980 3065 2262 3121 moresque
2293 3054 2505 3108 curiose
2526 3054 2960 3123 disquireremus,
2987 3070 3164 3108 annon
3194 3055 3340 3108 multi
3370 3054 3419 3107 id
3449 3069 3562 3107 mo-

1983 3141 2117 3198 leste
2138 3142 2374 3198 ferrent?
2394 3159 2574 3198 annon
2604 3145 2737 3198 intra
2761 3160 2821 3199 se
2846 3144 3102 3208 dicerent,
3130 3146 3266 3213 Quid
3289 3146 3444 3214 igitur
3466 3144 3567 3200 huc

1979 3233 2095 3287 est?
2122 3233 2392 3289 difﬁcilem
2424 3236 2575 3290 nobis
2618 3251 2729 3291 rem
2761 3237 2898 3291 Deus
2930 3238 3253 3306 prtescripsit
3281 3256 3295 3292 :
3325 3253 3391 3291 an
3439 3252 3565 3307 pos-

1979 3340 2161 3379 sumus
2185 3325 2411 3381 aliorum
2445 3327 2604 3380 vitam
2634 3329 2979 3382 examinare?
3018 3344 3141 3381 num
3180 3328 3379 3382 scimus
3416 3344 3564 3397 qua!-

1979 3431 2101 3469 nam
2132 3417 2221 3472 ille
2247 3418 2365 3472 talis
2397 3426 2611 3486 peccata
2630 3418 2947 3474 admiserit?
2972 3421 3161 3474 Annon
3194 3420 3341 3473 multi
3372 3420 3560 3473 similia

1979 3509 2206 3577 plurima
2231 3509 2508 3563 dicerent?
2536 3510 2685 3563 Nunc
2710 3527 2858 3576 vero,
2888 3526 3008 3564 cum
3040 3525 3137 3563 nos
3164 3513 3231 3564 ab
3261 3511 3561 3579 hujusmodi

1978 3599 2359 3670 perquisitione
2387 3600 2647 3667 liberavit,
2670 3616 2732 3655 ac
2762 3601 3060 3655 mercedem
3089 3600 3244 3655 nobis
3275 3601 3561 3669 perfectam

1980 3707 2039 3746 se
2070 3692 2314 3746 daturum
2339 3693 2604 3761 pollicitus
2626 3702 2737 3758 est,
2774 3694 2888 3747 sive
2921 3693 3045 3749 mali
3074 3693 3185 3747 sive
3222 3692 3345 3748 boni
3379 3693 3483 3747 sint
3505 3694 3561 3758 i3,

1977 3784 2064 3851 qui
2117 3783 2402 3851 accipiunt,
2434 3783 2586 3836 nobis
2638 3782 2765 3851 ipsis
2810 3784 3079 3851 negotium
3129 3783 3451 3837 lacessimus.
3502 3785 3562 3836 I'Zt

1979 3874 2120 3929 unde
2149 3874 2251 3929 hoc
2278 3876 2461 3944 liquet,
2491 3875 2721 3943 inquies,
2752 3874 2892 3944 quod
2923 3876 3035 3929 sive
3063 3874 3240 3938 bonis,
3271 3876 3383 3929 sive
3411 3877 3587 3931 malis.

1977 3964 2304 4032 dederimus,
2327 3964 2626 4019 mercedem
2650 3964 2914 4033 accepturi
2945 3964 3151 4018 simus?
3176 3964 3253 4018 Eo
3272 3965 3414 4034 quod
3449 3964 3561 4032 ipse

1977 4055 2172 4108 dixerit
2199 4072 2211 4106 :
2240 4054 2395 4108 Orate
2417 4072 2507 4124 pro
2532 4055 2905 4116 insectantibus,
2939 4065 2984 4107 et
3008 4054 3429 4107 calumniantibus
3452 4072 3557 4112 vos,

1980 4156 2033 4197 ut
2059 4147 2165 4198 sitis
2186 4146 2372 4199 similes
2392 4144 2563 4197 Patris
2584 4148 2765 4211 vestri,
2795 4146 2878 4215 qui
2906 4146 2957 4198 in
2985 4145 3121 4198 cretis
3150 4155 3223 4197 est
3246 4187 3261 4211 ,
3282 4146 3366 4213 qui
3399 4146 3554 4197 solem

1974 4253 2118 4290 suum
2146 4238 2268 4290 oriri
2296 4237 2418 4308 facit
2455 4252 2608 4305 super
2653 4237 2805 4290 bonos
2834 4246 2879 4289 et
2909 4235 3089 4298 malos,
3138 4245 3185 4288 et
3240 4235 3366 4304 pluit
3404 4251 3554 4304 super

1968 4330 2136 4397 justas
2157 4338 2200 4381 et
2240 4330 2454 4398 injustas
2484 4327 2693 4398 (Matth.
2731 4328 2784 4380 5.
2819 4328 2906 4381 44.
2938 4326 3053 4396 45).
3094 4325 3552 4391 Quemadmodum

1973 4435 2102 4488 ergo
2129 4418 2384 4471 Dominus
2438 4426 2574 4480 lllllS,
2629 4431 2751 4469 cum
2794 4416 3055 4469 innumeri
3101 4416 3273 4484 ipsum
3309 4413 3555 4483 hla~phe-

1977 4518 2141 4570 ment,
2163 4506 2426 4560 innumeri
2458 4505 2807 4571 fornicentur,
2840 4504 3099 4568 furentur,
3132 4504 3514 4558 latrocinentur
3534 4543 3550 4567 ,

1974 4598 2214 4667 sepulcra
2246 4596 2531 4659 effodiant,
2566 4595 2766 4648 inﬁnita
2811 4594 2949 4647 mala
2988 4602 3317 4663 perpetrent,
3363 4607 3392 4645 a
3442 4594 3553 4645 suis

1973 4705 2098 4749 erga
2145 4703 2332 4744 omnes
2360 4687 2634 4743 beneﬁciis
2670 4700 2773 4740 non
2803 4685 3046 4749 absistit;
3093 4684 3184 4738 sed
3241 4698 3553 4737 communes

1972 4781 2172 4847 radios,
2208 4793 2517 4834 communes
2570 4777 2770 4831 imbres
2813 4785 2868 4831 et
2909 4776 3114 4829 fructus
3134 4786 3294 4842 teme
3322 4774 3546 4844 profert,

1972 4889 2121 4927 suam
2148 4871 2407 4927 exhibens
2427 4886 2550 4940 erga
2575 4869 2818 4924 homines
2836 4869 3239 4923 beneﬁcentiam
3276 4884 3288 4918 :
3315 4867 3391 4919 sic
3414 4875 3467 4918 et
3495 4875 3549 4918 tu

1974 4967 2151 5031 facito,
2192 4973 2244 5018 et
2283 4977 2401 5018 cum
2446 4972 2654 5031 tempus
2684 4959 3063 5015 misericordia:
3104 4958 3553 5027 humanitatisque

1971 5055 2283 5111 exhibenda:
2326 5053 2568 5116 adfuerit,
2606 5066 2867 5121 pauperes
2894 5050 3030 5113 fove,
3063 5050 3254 5104 famem
3284 5048 3433 5114 seda,
3483 5048 3553 5101 ab

1971 5145 2222 5202 (erumnis
2253 5146 2438 5211 libera,
2468 5144 2597 5199 nihil
2615 5143 2837 5197 ulterius
2862 5151 3121 5197 scrutare.
3161 5140 3293 5195 Nam
3316 5142 3360 5195 si
3390 5142 3549 5195 vitam

1972 5238 2243 5291 hominum
2274 5235 2483 5291 curiose
2506 5232 3086 5304 disquiramus,nullius
3111 5246 3359 5301 umquam
3387 5232 3553 5285 mise-

1971 5329 2237 5382 rebimur:
2270 5325 2363 5380 sed
2395 5328 2493 5380 hac
2524 5325 2891 5394 intempestiva
2918 5322 3222 5377 curiositate
3250 5320 3547 5389 pnepediti,

1971 5419 2171 5487 absque
2202 5418 2396 5484 fruetu,
2420 5425 2474 5470 et
2493 5416 2636 5469 omni
2664 5414 2971 5483 adjumento
3016 5411 3253 5467 destituti
3303 5410 3546 5463 manebi-

1972 5525 2108 5573 mus,
2138 5510 2467 5578 multumque
2496 5508 2695 5562 laboris
2729 5506 2922 5560 frustra
2969 5513 3024 5558 et
3067 5503 3332 5557 incassum
3377 5502 3545 5554 susci-

1970 5606 2197 5672 piemus.
2239 5602 2572 5671 QuaprOpter
2594 5614 2743 5669 rogo,
2772 5598 3178 5665 inopportunam
3210 5594 3347 5646 hanc
3372 5592 3546 5646 curio-

1966 5698 2176 5751 sitatem
2209 5695 2541 5765 abjicientes,
2565 5692 2748 5762 egenis
2777 5691 3022 5745 omnibus
3052 5687 3359 5758 largiamur,
3390 5684 3541 5754 idque

1964 5788 2293 5843 abundanter
2342 5785 2618 5852 faciamus,
2650 5793 2703 5837 ut
2754 5793 2806 5839 et
2835 5782 2931 5851 ipsi
2982 5780 3072 5835 illo
3115 5780 3201 5835 die
3230 5794 3471 5849 magnam
3514 5792 3536 5830 a
