4058 6258
552 375 655 436 9ης
1289 369 1344 424 S.
1385 368 1660 425 JOANNIS
1698 363 2167 423 CHRYSOSTOMI
2208 364 2521 421 ARCHIEP.
2561 363 3086 419 CONSTANTINOP.
3655 360 3738 421 2³η

557 487 669 541 Deo
710 482 1123 540 misericordiam
1168 488 1220 535 et
1272 480 1651 549 benignitatem
1703 491 2127 547 consequamur;
2237 477 2500 545 simulque
2540 483 2724 529 sancto
2772 473 2988 542 Spiritui
3039 471 3223 540 gloria,
3256 470 3541 541 imperium,
3574 471 3739 543 honor,

556 592 712 645 quam
742 589 837 630 nos
861 588 1050 628 omnes
1077 572 1321 627 obtinere
1366 573 1666 640 contingat,
1694 569 1863 640 gratia
1891 577 1945 623 et
1975 567 2128 621 beni-
2236 578 2376 619 nunc
2403 574 2457 620 et
2475 577 2707 633 semper,
2738 570 2793 617 et
2819 564 2870 616 in
2894 562 3087 615 saecula
3115 560 3443 616 saeculorum.
3467 560 3636 617 Amen.

554 667 754 738 gnitato
800 664 1006 718 Domini
1058 663 1226 717 nostri
1268 661 1393 717 Jesu
1443 662 1660 728 Christi,
1711 661 1922 730 quicum
1968 658 2133 723 Patri,

589 1044 869 1073 _===___:-
886 1045 1069 1073 -.εει
1170 1045 1653 1058 ________________

1178 1361 1534 1424 MONITUM
1580 1363 1680 1423 AD
1725 1362 1921 1425 TRES
1971 1364 2336 1426 HOMILIAS
2378 1366 2459 1427 IN
2511 1365 2738 1427 ILLUD
2773 1367 3161 1441 APOSTOLI,

625 1583 706 1637 An
728 1583 1105 1655 Chrysostomi
1132 1584 1241 1640 sint
1272 1600 1439 1640 necne
1465 1596 1574 1643 tres
1597 1595 1884 1658 sequentes
1921 1588 2163 1644 homilia:
2194 1605 2362 1646 ausus
2401 1600 2483 1647 est
2524 1591 2797 1662 quispiam
2841 1594 3122 1661 dubitare,
3171 1610 3297 1651 cum
3330 1602 3506 1651 tamen
3546 1596 3614 1653 ita
3647 1615 3747 1658 sese

555 1726 1142 1798 prodatCiirysostomi
1175 1728 1367 1800 styius,
1395 1730 1582 1797 dictio,
1612 1740 1824 1803 tropus,
1851 1742 1911 1787 ut
1938 1734 1982 1789 si
2010 1735 2133 1803 quis
2160 1736 2245 1789 vel
2268 1735 2540 1805 prioribus
2572 1736 2742 1793 labris
2776 1737 2896 1807 ejus
2922 1738 3215 1794 conciones
3247 1739 3498 1811 attigerit,
3528 1744 3742 1799 eumdem

558 1870 736 1938 ipsum
763 1867 819 1922 S.
848 1868 1129 1925 doctorem
1152 1870 1460 1938 loquentem
1492 1875 1672 1929 statim
1718 1884 1996 1944 agnoscat.
2046 1850 2337 1930 Dubitandi
2379 1890 2559 1932 causae
2595 1877 2715 1931 viro
2762 1876 3005 1947 alioquin
3032 1877 3195 1933 docto
3229 1886 3285 1932 et
3329 1877 3554 1936 facundo
3585 1884 3749 1955 hujus-

558 2014 706 2068 modi
736 2013 887 2071 fuere
914 2014 1098 2085 :quod
1132 2032 1327 2088 nempe
1359 2018 1448 2075 hic
1478 2019 1831 2075 concionator
1865 2022 2016 2076 hom.
2045 2021 2090 2087 l,
2122 2036 2276 2076 num.
2302 2021 2358 2085 '5,
2389 2020 2840 2093 Semipeiagianis
2870 2022 3050 2079 favere
3082 2027 3351 2093 videatur,
3377 2041 3496 2081 cum
3526 2027 3665 2093 dicit,
3697 2029 3753 2085 de

561 2149 716 2206 initio
749 2152 870 2208 ﬁdei
903 2154 1169 2225 loquens:
1201 2155 1377 2227 Neque
1399 2158 1537 2211 enim
1569 2157 1732 2223 Deus,
1756 2175 1915 2231 neque
1959 2158 2188 2229 Spiritus
2230 2158 2409 2229 gratia
2448 2168 2688 2213 nostrum
2725 2161 2971 2228 praevenit
3014 2163 3344 2229 propositum
3371 2178 3392 2218 :
3436 2166 3523 2217 sed
3576 2162 3752 2216 tametsi

561 2298 724 2357 vocet,
755 2299 1022 2361 exspectat
1047 2300 1219 2347 tamen
1247 2301 1305 2347 ut
1336 2301 1515 2361 sponte
1547 2302 1597 2348 et
1624 2292 1839 2363 propria
1878 2294 2145 2348 uoluntate
2179 2295 2510 2362 accedamus,
2537 2310 2600 2349 ac
2641 2304 2753 2349 tum
2793 2296 3021 2365 demum,
3049 2314 3169 2351 cum
3211 2300 3594 2364 accesserimus,
3631 2299 3751 2352 nobis

563 2436 716 2475 suum
746 2433 911 2478 totum
934 2426 1141 2481 exhibet
1164 2428 1445 2482 auxilium.
1484 2427 1685 2485 Verum
1716 2439 1826 2485 tum
1849 2446 1913 2487 ex
1934 2432 2363 2501 pracedentibus
2387 2432 2953 2503 subsequentibusque
2972 2431 3075 2487 hac
3100 2431 3155 2486 in
3178 2432 3406 2487 homilia
3422 2432 3752 2505 Cbrysostomi

564 2563 766 2628 verbis,
807 2572 921 2618 tum
949 2567 1111 2623 etiam
1139 2583 1203 2623 ex
1246 2569 1367 2625 aliis
1400 2569 1526 2626 huic
1561 2571 1831 2627 similibus
1863 2587 1958 2629 Der
1982 2572 2196 2628 diversa
2222 2571 2341 2642 ejus
2374 2586 2536 2641 opera
2562 2572 2821 2642 dispersis
2850 2575 2986 2631 locis
3027 2576 3396 2633 demonstrari
3430 2584 3624 2647 potest,
3651 2572 3754 2627 licet

566 2716 673 2755 non
697 2716 868 2771 pauca
896 2719 1016 2774 quae
1048 2720 1207 2776 supra
1242 2707 1402 2763 dictis
1430 2717 1752 2773 consonant,
1797 2709 2025 2765 subinde
2056 2709 2197 2780 apud
2228 2712 2683 2783 Chrysostomum
2719 2718 3031 2777 occurrant,
3058 2723 3183 2764 eum
3221 2717 3405 2764 tamen
3438 2722 3556 2763 vere
3587 2706 3645 2761 ad
3688 2705 3756 2759 in-

568 2843 723 2896 itium
766 2844 888 2898 iidei
916 2845 1101 2915 gratia:
1129 2846 1389 2900 auxilium
1422 2846 1791 2901 necessarium
1826 2860 1946 2902 esse
1978 2847 2278 2903 censuisse.
2308 2847 2445 2914 Quia
2480 2861 2608 2902 vero
2641 2860 2763 2916 qua
2793 2845 2859 2899 ad
2896 2844 3123 2915 gratiam
3153 2854 3437 2914 spectant,
3472 2845 3689 2900 nondum
3711 2861 3757 2899 in

566 2981 992 3038 controversiam
1039 2989 1261 3045 vocata,
1312 2981 1541 3037 necdum
1587 2989 1744 3037 erant
1784 2981 1948 3037 certis
1996 2996 2190 3038 vocum
2235 2981 2503 3037 limitibus
2539 2980 2949 3050 circumscripta
2977 3019 2993 3044 ,
3025 2978 3147 3034 ideo
3194 2978 3379 3049 aliqua
3426 2978 3605 3034 similia
3638 2978 3759 3049 apud

565 3123 1040 3195 Clirysostomum,
1068 3124 1183 3179 haec
1208 3125 1381 3180 obiter
1408 3128 1739 3195 loquentem,
1765 3132 2093 3191 occurrunt;
2129 3123 2273 3179 unde
2302 3124 2348 3178 si
2378 3122 2499 3194 quis
2524 3122 2650 3177 hinc
2678 3120 2888 3184 νοθείας
2917 3118 3243 3175 sententiam
3284 3117 3438 3184 ferat,
3474 3119 3520 3174 is
3546 3118 3687 3188 plane
3713 3113 3758 3168 in

569 3263 627 3318 S.
658 3267 895 3319 doctoris
929 3264 1146 3334 scriptis
1178 3279 1297 3321 sese
1334 3265 1680 3336 peregrinum
1710 3279 1830 3321 esse
1857 3265 2195 3335 comprobet.
2225 3262 2426 3319 Verum
2464 3263 2606 3318 alius
2651 3261 2719 3317 ad
2756 3261 2873 3316 haec
2905 3259 3080 3315 iusius
3113 3257 3491 3327 pertractanda
3534 3254 3671 3310 nobis
3692 3260 3759 3307 est

568 3396 897 3453 constitutus
913 3395 1087 3452 locus.
1115 3396 1289 3452 Aliam
1321 3396 1603 3454 dubitandi
1628 3412 1849 3454 causam
1881 3395 2035 3452 eii‘ert
2061 3396 2107 3451 is
2135 3396 2251 3465 ipse
2274 3395 2368 3465 qui
2392 3394 2627 3465 priorem
2657 3389 2887 3462 protulit
2918 3405 2932 3442 :
2964 3387 3078 3444 Sub
3103 3385 3322 3442 initium
3353 3384 3514 3442 tertia:
3536 3379 3757 3443 homilia,

1604 3930 1737 4007 DE
1804 3931 2167 4011 VERBIS
2246 3928 2748 4008 APOSTOLI

568 4280 895 4326 BABINTES
936 4280 1152 4324 suum
1214 4278 1484 4323 nuntium
1550 4277 1848 4322 armum
1890 4278 2087 4334 From,
2133 4278 2312 4322 SICUT
2355 4278 2663 4322 SCRIPTUM
2707 4278 2822 4322 ns'r
2866 4262 2969 4338 (2.
3018 4263 3157 4323 Cor.
3202 4264 3261 4319 Is.
3312 4261 3387 4321 13
3416 4265 3458 4339 ).
3518 4272 3653 4317 trait
3700 4268 3763 4311 nn

651 4380 749 4423 IIIS
807 4376 1050 4432 VERBIS,
1116 4374 1411 4431 οιιιζυωι,
1455 4375 1738 4419 PROPTER
1807 4375 1975 4428 QUOD
2033 4375 2253 4418 LOCUTI

2161 4376 2308 4419 UTUS
2375 4375 2499 4419 βίω
2546 4358 2763 4436 (Psal.
2812 4358 2947 4417 115.
3023 4358 3172 4437 10),
3220 4376 3307 4417 ετ
3374 4376 3454 4416 ne
3517 4367 3763 4415 ειεειιο-

644 4481 797 4523 εγω
850 4458 962 4543 (α).

2250 4616 2479 4629 —_

1905 4620 2128 4630 -—-—-—-

2144 4607 2235 4646 Em

639 4722 691 4775 ί.
732 4718 1119 4787 Sapientissimi
1175 4716 1367 4772 medici
1417 4716 1505 4770 ubi
1552 4714 1733 4770 vident
1784 4716 1933 4769 uicus
1979 4731 2136 4786 egere
2244 4718 2489 4773 dicebat:
2522 4719 2692 4783 Quare
2754 4720 2945 4773 etiamsi
2998 4720 3288 4774 contristavi
3334 4736 3418 4774 vos
3467 4733 3554 4789 per
3587 4712 3762 4785 priorem

570 4810 735 4876 ferro,
763 4809 1048 4863 admovent
1075 4806 1288 4878 quidem
1316 4806 1605 4861 sectionem
1628 4846 1644 4872 ,
1673 4804 1766 4861 sed
1794 4805 1897 4859 hoc
1937 4804 2138 4860 faciunt
2242 4808 2504 4875 epistolam
2528 4848 2542 4873 ,
2565 4824 2665 4861 non
2686 4824 2764 4862 me
2788 4810 3011 4877 ρωηὶιει,
3043 4811 3240 4864 tametsi
3283 4811 3569 4881 paenituch
3587 4806 3651 4875 (2.
3668 4801 3764 4855 Cor-

570 4916 677 4955 non
705 4900 823 4954 sine
856 4898 1068 4964 aﬂ‘ectu,
1102 4907 1155 4953 et
1190 4895 1670 4963 commiseratione,
1694 4911 1875 4949 verum
1905 4907 1959 4950 et
2000 4910 2137 4952 mae-
2241 4899 2292 4951 7.
2322 4897 2520 4969 8).Cur
2554 4900 2876 4967 paenituerat
2897 4899 2921 4951 ἵ
2945 4908 2997 4953 et
3040 4914 3135 4954 cur
3174 4915 3282 4954 non
3330 4893 3585 4968 paenitet?
3621 4887 3763 4947 Poeni-

568 4998 688 5043 rent
730 4998 784 5043 et
824 4987 1052 5057 gaudent
1085 5001 1190 5041 non
1217 4986 1392 5040 minus
1416 4999 1572 5055 quam
1599 4984 1698 5053 ipsi
1724 4987 1811 5055 qui
1842 4996 2132 5041 secantur:
2244 4996 2447 5054 luerat,
2487 4987 2608 5056 quia
2654 4988 2829 5041 acrius
2880 4988 3188 5057 objurgavi;
3234 5003 3339 5043 non
3391 4986 3625 5058 ptrnitet,
3664 4978 3762 5047 quia

567 5088 798 5134 mmrent
823 5077 1038 5145 quidem
1078 5084 1294 5146 propter
1315 5074 1557 5131 dolorem
1586 5090 1743 5145 quem
1782 5076 2013 5132 secando
2053 5080 2133 5132 in—
2241 5087 2471 5133 erratum
2503 5078 2733 5134 correxi.
2760 5079 2825 5132 Et
2849 5087 2906 5132 ut
2955 5079 3093 5133 scias
3121 5078 3256 5133 hanc
3285 5093 3406 5133 esse
3430 5066 3763 5134 causam,audi

565 5169 775 5235 ferunt;
798 5166 1030 5238 gaudent
1076 5176 1252 5221 autem
1294 5175 1510 5235 propter
1538 5166 1818 5220 sanitatem
1840 5207 1856 5235 ,
1879 5181 1996 5235 quae
2035 5166 2137 5221 hoc
2240 5171 2365 5241 quid
2396 5179 2648 5240 sequatur
2681 5188 2693 5223 :
2744 5170 2899 5223 Video
2922 5186 3135 5239 namque
3176 5172 3311 5240 quod
3348 5169 3555 5238 epistola
3577 5165 3682 5227 illa,
3709 5168 3766 5211 ια·

567 5259 729 5315 modo
749 5264 1109 5329 comparatur.
1141 5256 1283 5311 idem
1315 5264 1369 5311 et
1407 5256 1602 5310 Paulus
1627 5255 1783 5323 fecit,
1809 5258 2020 5326 sapiens
2047 5258 2136 5312 ille
2240 5263 2384 5316 metsi
2417 5261 2485 5314 ad
2510 5271 2721 5331 tempus,
2748 5261 3059 5315 contristavt't
3097 5277 3181 5315 vos
3206 5277 3224 5314 :
3258 5277 3390 5314 nunc
3435 5258 3647 5328 gaudeo,
3684 5263 3767 5301 non

560 5352 857 5406 animarum
911 5347 1170 5421 medicus.
1223 5344 1529 5400 Corinthios
1580 5344 1723 5400 enim
1767 5362 1885 5401 cum
1943 5348 2134 5401 acriori
2239 5351 2372 5421 quod
2436 5350 2712 5403 contristati
2737 5351 2957 5419 fueritis,
2983 5351 3069 5403 sed
3106 5350 3239 5420 quod
3270 5346 3544 5402 contristati
3584 5341 3678 5396 sitis
3712 5333 3767 5387 ad

563 5439 933 5509 objurgatione
977 5414 1112 5507 opus
1157 5436 1415 5492 haberent
1444 5436 1759 5505 increpans,
1804 5437 2009 5492 laetatus
2056 5446 2137 5492 est
2242 5414 2580 5510 paenitentiam
2608 5439 2711 5509 (Ib.
2737 5414 2783 5492 ii.
2818 5414 3141 5508 9).Etiamsi
3185 5439 3249 5492 ad
3293 5446 3498 5504 tempus
3538 5444 3624 5484 vos
3658 5439 3768 5478 con-

565 5529 727 5584 simul
752 5537 807 5583 et
827 5529 1065 5583 tristatus
1096 5529 1437 5583 :tristabatur
1461 5526 1600 5597 quod
1621 5526 1859 5581 dolorem
1887 5525 2129 5593 inferret,
2239 5536 2439 5591 ιι-ίειεινί
2458 5577 2473 5600 ,
2505 5534 2746 5589 molestia
2777 5533 2863 5586 illa
2893 5543 3258 5586 momentanea
3287 5529 3406 5594 fuit,
3432 5523 3588 5594 inquit
3613 5537 3624 5573 :
3648 5513 3764 5571 utili-

566 5620 842 5674 lietabatur
861 5619 1001 5689 quod
1026 5620 1393 5690 prodeSSct.Et
1408 5629 1692 5690 utrumque
1713 5618 1813 5674 hoc
1831 5619 2134 5689 signiﬁcans
2241 5636 2322 5682 ias
2347 5635 2523 5682 autem
2570 5626 2683 5694 ejus
2723 5632 2997 5694 perpetua.
3028 5622 3325 5678 Permittite
3356 5631 3492 5673 nunc
3518 5612 3635 5670 mihi
3656 5618 3765 5676 quo-

627 5752 703 5815 (α)
724 5749 899 5803 eam.
919 5766 1030 5804 cum
1052 5754 1301 5805 codicibus
1322 5761 1428 5804 MSS.
1452 5753 1580 5803 Com
1615 5753 1707 5803 970
1733 5759 1785 5803 et
1808 5753 1947 5803 1030.
2240 5734 2342 5788 quc
2372 5718 2452 5773 his
2477 5717 2649 5775 verbis
2679 5715 2815 5787 apud
2859 5714 3198 5770 dilectionem
3228 5720 3454 5769 vestram
3498 5704 3601 5761 uti:
3624 5707 3762 5769 quare
