4058 6258
349 358 456 412 Ξῖὄ

347 472 555 526 etiamsi
595 471 907 526 contristavi
940 484 1033 525 vos
1061 485 1156 538 per
1186 467 1417 538 priorem
1461 461 1877 517 admonitionem
1906 497 1920 521 ,

347 577 453 615 non
505 577 590 615 me
640 562 891 629 pvenitct,
922 560 1129 615 tametsi
1181 558 1499 628 pmnituerat
1533 573 1545 609 :
1574 553 1727 607 video
1782 550 1923 605 enim

345 652 764 707 admonitionem
798 653 940 707 illam
970 660 1023 706 et
1046 652 1350 717 consilium,
1374 649 1583 704 tametsi
1611 646 1678 700 ad
1711 656 1921 712 tempus

345 760 446 799 nos
471 745 823 807 contristavit,
864 744 993 798 tnihi
1027 754 1202 797 tamen
1247 758 1488 811 magnam
1516 740 1753 794 laetitiam
1782 746 1923 790 attu-

350 838 478 891 lisse
497 879 512 902 ,
544 835 664 889 Non
708 834 844 902 quod
873 836 1152 889 contristati
1178 834 1395 905 fueritis,
1427 832 1514 885 sed
1553 831 1689 901 quod
1731 828 1922 882 contri-

341 929 465 982 stati
486 928 593 982 sitis
620 927 688 980 ad
710 926 1078 996 penitentiam.
1114 925 1252 980 Ecce
1279 926 1420 980 enim
1446 924 1547 979 hoc
1586 925 1754 992 ipsum
1782 922 1920 991 quod

342 1022 641 1076 contristati
670 1019 800 1074 estis
830 1019 1121 1073 secundum
1168 1018 1364 1081 Deum,
1391 1026 1642 1087 quantum
1681 1015 1733 1069 in
1774 1014 1924 1068 vobis

342 1112 599 1167 ercitzwit
641 1112 976 1167 alacritatis?
1032 1110 1375 1166 Luculentior
1421 1116 1504 1163 est
1540 1107 1699 1161 hodie
1742 1113 1923 1158 noster

342 1210 670 1265 conventus,
701 1200 939 1257 festivius
970 1212 1209 1256 nostrum
1261 1201 1523 1254 theatrum
1544 1240 1561 1264 ,
1590 1194 1923 1251 numerosior

343 1288 565 1343 fratrum
591 1289 805 1345 chorus.
834 1291 958 1346 [late
984 1292 1098 1362 ipsa
1141 1290 1388 1346 alacritas
1416 1288 1645 1343 tristitia:
1671 1286 1814 1339 illius
1839 1291 1923 1339 est

343 1378 368 1432 f
369 1390 573 1435 ructus.

415 1468 565 1522 Dona
583 1471 866 1538 spiritualia
888 1472 1153 1543 largitione
1171 1480 1422 1527 crescunt.
1460 1469 1686 1525 Corinthi
1708 1484 1921 1522 commo-

344 1562 452 1613 rari
514 1578 604 1614 cur
646 1564 823 1633 jussus
864 1561 1081 1619 Paulus.
1110 1594 1181 1604 —
1210 1563 1334 1619 Ideo
1376 1569 1630 1633 quantum
1670 1569 1793 1614 tunc
1839 1558 1920 1613 in-

341 1651 487 1704 dolui
508 1693 522 1716 ,
549 1660 751 1707 tantum
783 1669 924 1709 nunc
964 1655 1188 1724 gaudeo,
1208 1654 1393 1710 videns
1422 1652 1750 1724 spiritualem
1782 1650 1919 1704 hanc

332 1749 577 1795 nostram
608 1743 816 1798 vineam
842 1745 1099 1800 fructibus
1124 1744 1392 1799 refertam.
1415 1744 1471 1798 Si
1492 1742 1633 1797 enim
1662 1741 1713 1796 in
1740 1741 1919 1809 vulga—

326 1832 491 1887 'rihus
531 1835 645 1889 istis
672 1836 940 1893 conviviis
985 1838 1241 1892 honorem
1294 1835 1576 1905 quemdam
1622 1843 1678 1889 et
1733 1832 1915 1887 hilari-

330 1931 507 1977 tatem
572 1927 902 1982 convivatori
950 1927 1104 1983 atl‘ert
1172 1928 1518 1983 convivarum
1579 1924 1913 1995 frequentia,

338 2025 542 2083 quanto
569 2019 736 2089 magis
767 2019 818 2073 in
847 2021 1211 2088 spiritualibus
1239 2020 1321 2075 his
1349 2019 1606 2075 conviviis
1632 2018 1771 2073 idem
1802 2016 1914 2071 fieri

337 2107 591 2161 convenit
624 2126 637 2161 :
663 2110 903 2176 quamvis
935 2111 1043 2165 illic
1064 2111 1406 2165 invitatorum
1435 2109 1717 2165 multitudo
1746 2108 1915 2178 magis

335 2196 586 2251 absumat
602 2212 685 2264 ea,
709 2215 827 2269 qum
848 2210 1204 2272 apponuntur,
1224 2202 1516 2271 majorique
1542 2201 1613 2255 sit
1632 2200 1862 2269 sumptui
1898 2218 1912 2254 :

324 2285 425 2341 hic
451 2296 629 2343 autem
662 2299 847 2345 contra
871 2331 885 2357 ,
915 2292 1108 2347 nedum
1157 2293 1402 2348 absumat
1443 2308 1657 2348 mensas
1693 2300 1911 2347 vocato-

328 2395 455 2433 rum
486 2380 803 2448 multitudo,
846 2382 1228 2438 abundantiam
1256 2399 1465 2453 quoque
1486 2384 1650 2454 parit;
1682 2382 1823 2453 quod
1868 2383 1913 2437 si

334 2472 444 2526 illic
473 2481 714 2542 sumptus
757 2475 1082 2544 voluptatem
1134 2476 1323 2538 affert,
1374 2485 1574 2546 quanto
1622 2477 1789 2545 magis
1828 2476 1914 2530 hic

320 2562 476 2617 idem
505 2565 659 2620 faciet
685 2568 923 2622 accessio
961 2576 1015 2622 et
1041 2568 1280 2623 reditus?
1307 2568 1437 2623 Haec
1459 2579 1540 2622 est
1569 2569 1709 2622 enim
1750 2568 1909 2636 spiri~

318 2655 554 2709 tualium
602 2672 778 2711 rerum
822 2668 1045 2725 natura,
1077 2673 1183 2727 quo
1220 2659 1458 2727 pluribus
1502 2659 1906 2724 distribuuntur,

322 2744 436 2800 hoc
462 2748 688 2815 amplius
713 2757 981 2803 crescunt.
1001 2749 1258 2816 Quoniam
1292 2749 1448 2819 igitur
1476 2749 1631 2805 video
1660 2750 1908 2804 refertam

324 2837 569 2892 convivis
609 2854 871 2903 mensam,
916 2848 1170 2908 exspecto
1219 2840 1377 2893 etiam
1423 2839 1653 2909 Spiritus
1686 2841 1907 2910 gratiam

315 2926 496 2981 tuenti
560 2937 756 2983 nostra:
811 2929 1193 2983 insonaturam.
1253 2928 1476 2995 Quando
1523 2930 1667 2984 enim
1714 2930 1910 2984 multos

324 3016 519 3071 adesse
544 3018 707 3084 videt,
728 3028 850 3073 tunc
876 3018 1208 3087 copiosiores
1236 3018 1422 3087 epulas
1447 3020 1906 3087 apponerersolet;

314 3122 436 3158 'non
458 3107 599 3176 quod
625 3122 822 3176 paucos
851 3106 1078 3161 fastidiat
1106 3150 1120 3172 ,
1150 3108 1241 3161 sed
1270 3108 1409 3176 quod
1442 3109 1731 3163 multorum
1767 3109 1908 3162 salu-

314 3205 435 3250 ‘tem
458 3196 748 3252 desideret.
778 3197 887 3253 Hac
908 3197 977 3252 de
1001 3213 1160 3252 causa
1192 3198 1412 3252 Paulum
1449 3214 1660 3267 quoque
1689 3206 1907 3267 printer-

310 3295 630 3343 cnrrentem
674 3298 897 3344 cmteras
944 3290 1107 3345 urbes
1135 3332 1149 3355 ,
1206 3289 1344 3359 apud
1393 3289 1707 3343 Corinthum
1760 3304 1908 3344 com-

311 3380 522 3431 morari
551 3377 793 3433 Christus
819 3394 915 3447 per
936 3379 1195 3434 visionem
1214 3379 1393 3449 jussit,
1422 3379 1604 3434 dicens
1641 3397 1654 3431 :
1689 3378 1815 3433 Noti
1844 3380 1909 3433 ti-

316 3484 491 3531 mere,
518 3466 605 3521 sed
638 3469 836 3537 loquere
871 3477 917 3521 et
960 3486 1024 3522 ne
1066 3478 1261 3533 taceas,
1293 3469 1536 3536 quoniam
1576 3469 1795 3538 populus
1836 3479 1907 3522 est

324 3557 451 3610 mihi
486 3558 670 3611 multus
703 3558 756 3610 in
786 3558 880 3610 hac
914 3557 1114 3610 civitate
1143 3556 1279 3625 (Act.
1316 3558 1398 3610 18.
1435 3557 1486 3611 9.
1528 3556 1635 3626 10).
1666 3556 1722 3612 Si
1763 3557 1904 3611 enim

320 3660 544 3719 propter
586 3665 741 3702 unam
777 3649 1038 3703 oviculam
1080 3659 1290 3704 montes
1321 3659 1373 3704 et
1405 3665 1620 3704 nemora
1658 3657 1713 3704 et
1758 3650 1904 3704 inac-

318 3756 473 3795 cessa
509 3741 619 3795 loca
650 3750 963 3811 pervagatus
992 3751 1073 3797 est
1102 3751 1317 3811 pastor,
1358 3742 1445 3811 qui
1483 3742 1595 3796 ﬁeri
1636 3751 1810 3811 potest
1851 3753 1907 3796 ut

320 3850 430 3888 non
475 3834 628 3903 longe
672 3836 932 3901 majorem
975 3850 1156 3890 curam
1196 3833 1467 3901 adhibeat,
1491 3834 1699 3903 quoties
1725 3835 1905 3888 multm

320 3942 451 3979 oves
502 3941 530 3979 a
577 3927 825 3980 socordia
874 3937 927 3979 et
976 3941 1160 3980 errore
1200 3934 1329 3980 sunt
1380 3924 1903 3991 revocand:e?Quod

319 4016 463 4069 enim
496 4031 561 4068 ne
584 4031 777 4084 paucas
792 4015 1005 4085 quidem
1025 4024 1352 4075 contemnat.
1373 4015 1494 4069 audi
1526 4015 1697 4085 ipsum
1718 4016 1905 4071 dicen-

320 4118 426 4157 tem
460 4124 473 4159 :
503 4105 619 4159 Non
641 4116 712 4159 est
740 4106 971 4159 voluntas
1021 4105 1189 4158 Patris
1219 4107 1333 4166 mei.
1371 4116 1424 4159 ut
1449 4118 1616 4176 pereat
1658 4108 1732 4160 vel
1775 4125 1903 4161 unus

319 4215 383 4251 ex
416 4198 527 4251 istis
558 4199 781 4267 parvulis
804 4196 1013 4269 (Matth.
1048 4199 1134 4253 18.
1166 4198 1274 4264 Η).
1314 4198 1496 4267 Neque
1529 4200 1787 4267 paucitas,
1818 4200 1900 4252 itt-

318 4291 433 4361 quit
459 4334 473 4356 ,
505 4308 679 4362 neque
706 4292 881 4348 vilitas
917 4292 1123 4348 inducit
1154 4308 1301 4357 eum,
1334 4303 1389 4348 ut
1421 4294 1650 4365 negligat
1676 4296 1900 4349 salutem

308 4391 579 4436 nostram.

388 4471 441 4525 2.
474 4473 697 4541 Quando
718 4474 876 4542 igitur
899 4482 1098 4528 tantam
1131 4472 1289 4527 habet
1321 4474 1661 4540 parvulorum
1689 4490 1751 4529 ac
1777 4491 1902 4543 pau-

306 4577 504 4614 corum
530 4578 733 4628 curam,
760 4572 959 4616 tantam
985 4563 1145 4617 etiam
1186 4564 1495 4628 multormu,
1529 4566 1624 4617 toti
1670 4564 1737 4617 ab
1778 4564 1898 4632 ejus

310 4651 501 4704 't’avorc
528 4651 837 4720 pendentes,
869 4652 934 4705 ad
974 4652 1119 4706 Pauli
1174 4652 1332 4706 verba
1379 4668 1495 4717 qua:
1545 4651 1705 4705 hodie
1754 4653 1891 4706 lecta

316 4750 464 4805 sunt,
511 4756 816 4795 sermonem
873 4742 1165 4795 ﬂectamus.
1214 4740 1417 4795 Scimus
1437 4783 1451 4807 ,
1482 4741 1671 4810 inquit,
1696 4742 1832 4809 quod
1858 4741 1902 4795 si

316 4840 573 4883 terrenum
599 4842 824 4886 nostrum
845 4831 1159 4885 domicilium
1189 4831 1342 4901 hujus
1365 4831 1674 4884 tabernaculi
1701 4833 1900 4885 destru-

318 4929 451 4973 ctum
484 4923 634 4990 fuerit
668 4920 878 4991 (2.Cor.
898 4922 951 4977 5.
984 4920 1060 4991 l).
1079 4922 1188 4975 ltno
1213 4937 1341 4976 vero
1367 4922 1527 4975 altius
1551 4932 1607 4976 et
1634 4921 1699 4976 ad
1728 4923 1899 4993 ipsum

316 5015 600 5070 exordium
632 5013 789 5082 hujus
814 5013 1094 5067 sententia:
1119 5012 1419 5067 redeamus.
1443 5014 1902 5079 Quemadmodum

318 5109 462 5163 enim
488 5108 577 5176 qui
605 5106 801 5161 fontem
831 5104 1207 5174 pervestigant,
1229 5104 1445 5158 invento
1473 5105 1623 5174 riguo
1649 5105 1767 5160 loco
1794 5121 1901 5161 non

314 5199 431 5253 illic
472 5198 648 5252 solum
694 5196 929 5260 fodiunt,
957 5196 1050 5250 sed
1104 5194 1383 5250 humorem
1433 5212 1579 5264 eum,
1612 5206 1666 5251 et
1712 5214 1901 5254 venam

318 5301 609 5359 sequentes
639 5289 863 5345 interius
889 5297 1214 5353 scrutantur,
1243 5287 1417 5343 donec
1450 5289 1516 5343 ad
1543 5301 1704 5359 caput
1729 5291 1899 5359 ipsum

318 5389 375 5434 et
404 5380 612 5433 initium
636 5378 956 5433 ﬂuentorum
1002 5378 1312 5447 perveniant
1336 5420 1349 5443 ,
1378 5379 1455 5432 sic
1494 5388 1549 5433 et
1600 5396 1696 5435 nos
1742 5380 1903 5435 facia-

317 5484 457 5522 mus.
497 5470 851 5539 Posteaquam
895 5469 1197 5523 invenimus
1242 5469 1571 5535 spiritualem
1625 5471 1823 5525 fontem
1864 5488 1897 5527 e

314 5558 540 5613 Paulina
571 5560 830 5629 sapientia
889 5569 1215 5622 manantem,
1266 5561 1424 5613 verba
1471 5561 1583 5615 hzec
1632 5572 1897 5633 tamquam

317 5664 508 5703 venam
538 5653 842 5720 quampiam
886 5650 1159 5720 sequendo
1184 5651 1246 5704 ad
1277 5661 1436 5720 caput
1464 5652 1632 5721 ipsum
1677 5667 1896 5710 sentenv

320 5741 408 5794 tim
439 5741 814 5797 ascendaunts.
868 5741 1018 5810 Quod
1044 5749 1127 5797 est
1164 5740 1319 5810 igitur
1351 5741 1478 5797 illud
1509 5742 1668 5799 fontis
1696 5747 1899 5816 caput?

1025 354 1109 410 DE
1151 350 1394 409 VERBIS
1432 341 1778 405 APOSTOLI,
1819 339 2179 396 llABENTES
2216 341 2502 400 EUMDEM
2546 344 2889 402 SPIRITUM.
2934 345 2973 398 I.

3507 358 3607 411 '2"

2037 460 2287 516 Habentes
2315 464 2468 533 igitur
2491 466 2717 520 eumdem
2747 467 2997 537 Spiritum
3028 471 3166 539 ﬁdei,
3198 473 3325 527 sicut
3351 475 3603 546 scriptum

2032 561 2126 618 cst,
2151 550 2353 606 Credidi
2383 566 2585 623 propter
2624 558 2758 623 quod
2797 557 3032 627 loquutus
3082 578 3193 614 sum
3224 578 3242 615 :
3264 572 3307 616 et
3329 581 3420 618 nos
3442 566 3605 620 στρώ-

2032 659 2176 705 mus,
2210 657 2513 715 quapropter
2568 658 2613 700 et
2663 649 3019 717 loquinmr(2.
3050 650 3166 705 Cor.
3226 653 3280 707 4.
3335 655 3421 719 ίᾰ;
3459 652 3605 709 Psal.

2032 732 2155 787 115.
2187 733 2298 803 10).
2324 734 2460 801 Quid
2487 736 2603 791 ais?
2633 738 2730 791 nisi
2753 739 3063 804 credideris,
3096 757 3201 796 non
3232 743 3489 813 loqueris,
3511 746 3606 801 sed

2031 832 2207 878 mutus
2264 827 2510 894 perstas?
2558 827 2754 891 Etiam,
2796 831 2991 900 inquit;
3023 849 3195 902 neque
3244 834 3495 891 diducere
3534 856 3597 896 os

2030 930 2244 985 possum
2272 918 2387 973 sine
2418 918 2539 982 fide,
2564 935 2737 989 neque
2760 938 2975 979 movere
3002 924 3255 995 linguam,
3282 944 3454 997 neque
3475 945 3599 1000 aps,-

2030 1006 2137 1059 rire
2179 1007 2311 1061 labia
2335 1050 2349 1073 ,
2381 1010 2589 1065 ratione
2620 1012 2873 1079 praeditus
2911 1030 3029 1068 cum
3062 1016 3184 1081 sim,
3218 1028 3396 1073 nmtus
3420 1028 3605 1087 persto

2028 1096 2127 1150 nisi
2155 1097 2284 1151 ﬁdes
2305 1101 2444 1168 loqui
2488 1117 2573 1156 me
2604 1102 2811 1157 doceat.
2840 1103 2987 1159 Sicut
3015 1106 3157 1161 enin:
3192 1108 3369 1176 planta
3401 1110 3603 1181 absque

2027 1186 2205 1240 radice
2230 1186 2456 1242 fructmn
2488 1207 2591 1246 non
2633 1193 2831 1261 profert
2856 1236 2869 1257 ,
2905 1196 2972 1249 ita
3012 1198 3212 1266 absque
3242 1200 3361 1254 fidei
3410 1201 3595 1255 [unua-

2027 1287 2207 1331 mento
2233 1294 2338 1332 non
2370 1282 2615 1350 provenit
2642 1298 2823 1337 sermo
2864 1285 3120 1341 doctrina:
3155 1308 3167 1342 :
3196 1301 3517 1360 quaprOptcr
3545 1304 3600 1348 et

2024 1366 2147 1420 alibi
2196 1367 2403 1437 inquit:
2437 1369 2599 1425 Corde
2616 1374 2839 1427 creditur
2877 1376 2945 1429 ad
2990 1381 3279 1449 justitiam,
3303 1400 3391 1438 ore
3428 1394 3593 1439 unum

2023 1459 2269 1527 confessio
2295 1460 2352 1528 ﬁt
2377 1461 2444 1513 ad
2469 1462 2682 1515 salutem
2703 1464 2879 1531 (llam.
2915 1468 2996 1522 10.
3036 1469 3143 1537 10).

2123 1546 2275 1602 Fides
2325 1566 2439 1602 cum
2491 1552 2666 1606 baculo
2724 1570 3047 1623 comparata;
3094 1559 3419 1632 philosophos
3470 1565 3597 1619 ridet

2025 1638 2322 1707 profanos;
2390 1641 2517 1710 ﬁdes
2602 1660 2716 1698 cum
2797 1664 2985 1701 ancora
3055 1650 3257 1703 collata.
3324 1682 3396 1693 --
3459 1655 3596 1722 Quid

2022 1729 2145 1785 huic
2174 1732 2350 1787 arbori
2404 1734 2485 1789 vel
2516 1736 2753 1805 pratferri
2796 1740 2879 1793 vel
2912 1740 3140 1795 conferri
3191 1752 3400 1812 potest,
3444 1745 3596 1815 cujus

2021 1822 2233 1890 quidem
2276 1839 2379 1878 non
2416 1827 2548 1880 rami
2579 1828 2751 1882 solum
2772 1871 2787 1894 ,
2814 1831 2906 1885 sed
2934 1831 3081 1886 radix
3104 1850 3312 1904 quoque
3341 1838 3453 1905 ipsa
3496 1838 3597 1893 fert

2022 1910 2285 1978 fructum,
2328 1913 2442 1969 iure
2480 1915 2775 1984 justitiam,
2819 1920 2893 1973 illi
2938 1921 3199 1976 salutem?
3247 1925 3369 1980 Ideo
3417 1925 3593 1983 dicit:

2021 1999 2303 2069 Credimus,
2330 2016 2637 2075 quapropter
2660 2018 2705 2060 et
2721 2009 2990 2078 loquimur.
3011 2010 3159 2068 Sicut
3183 2015 3324 2068 enim
3356 2018 3593 2072 membra

2022 2093 2265 2157 tremula,
2287 2103 2337 2147 et
2355 2105 2625 2151 senectute
2644 2098 2910 2167 languida,
2930 2101 3118 2157 baculo
3141 2113 3253 2159 tuto
3274 2105 3594 2174 deducente,

2020 2182 2121 2236 labi
2165 2193 2218 2237 et
2243 2184 2435 2240 cadere
2472 2202 2576 2241 non
2608 2190 2984 2257 permittuntur
3014 2210 3027 2246 :
3060 2193 3137 2247 sic
3163 2196 3322 2249 etiam
3364 2198 3594 2254 animam

2014 2281 2254 2327 nostram
2304 2274 2528 2330 infirmis
2565 2279 3061 2337 ratiocinationibus
3110 2284 3484 2340 circumactam
3529 2303 3592 2342 ac

2012 2362 2260 2431 jactatam
2291 2365 2420 2420 ﬁdes
2443 2369 2629 2435 quovis
2654 2369 2841 2424 baculo
2862 2374 3021 2428 tutius
3043 2384 3367 2441 sustentans,
3395 2393 3594 2447 suaque

2021 2456 2071 2508 vi
2094 2456 2347 2511 "reﬁciens
2368 2500 2381 2523 ,
2414 2473 2754 2530 summopere
2793 2463 2999 2530 ﬁrmat,
3035 2481 3133 2521 nec
3159 2467 3283 2521 sinit
3317 2470 3549 2525 subverti
3576 2514 3589 2537 ,

2018 2546 2254 2600 inﬁrmas
2284 2550 2632 2617 cogitationes
2660 2554 2935 2623 corrigens
2964 2559 3265 2624 praestantia
3288 2574 3397 2613 sua:
3424 2565 3587 2615 virtu-

2018 2635 2101 2699 tis,
2128 2644 2181 2689 et
2207 2636 2483 2707 caliginem
2507 2639 2648 2694 illam
2676 2642 2985 2711 dispellens,
3004 2647 3340 2718 animamque
3370 2652 3514 2705 velut
3541 2654 3590 2705 in

2014 2728 2282 2783 domicilio
2326 2732 2609 2787 tenebroso
2655 2736 2793 2790 inter
2823 2738 3205 2794 tumultuantes
3243 2743 3591 2812 cogitationes

2013 2819 2287 2874 sedentem
2327 2836 2425 2875 suo
2464 2823 2663 2879 lumine
2700 2826 2987 2883 illustrans.
3023 2829 3155 2884 llinc
3181 2831 3272 2895 fit,
3308 2834 3472 2903 utqui
3504 2836 3587 2889 illa

2013 2920 2230 2977 carent,
2267 2913 2434 2966 nihilo
2474 2915 2681 2983 potiore
2719 2918 2824 2971 sint
2850 2918 3188 2985 conditione,
3217 2937 3376 2989 quam
3418 2926 3505 2992 qui
3540 2928 3588 2979 iu

2015 3000 2248 3055 tenebris
2274 3003 2431 3056 vitam
2454 3003 2651 3074 degunt
2683 3023 2695 3058 :
2722 3006 2814 3060 sed
2844 3008 2981 3062 sicut
3006 3010 3077 3063 illi
3106 3020 3156 3063 ct
3184 3011 3249 3064 ad
3282 3014 3508 3080 parietes
3538 3028 3591 3070 et

2015 3092 2065 3144 in
2089 3091 2243 3145 obvia
2268 3108 2492 3163 quzeque
2518 3094 2834 3166 impingunt,
2853 3109 2905 3152 et
2932 3099 2982 3153 in
3012 3100 3189 3156 foveas
3213 3117 3275 3157 ac
3301 3106 3588 3175 praecipitia

2002 3184 2394 3253 prolabuntur,
2428 3202 2527 3241 nec
2571 3188 2736 3242 ullum
2779 3206 2931 3245 usum
2960 3192 3236 3248 oculorum
3268 3195 3500 3261 habent,
3535 3208 3585 3252 ιιι

2010 3274 2203 3343 quibus
2230 3275 2357 3329 nihil
2389 3277 2673 3344 praeluceat
2719 3298 2731 3333 :
2777 3282 2853 3335 sic
2881 3283 3038 3337 etiam
3071 3294 3330 3355 quotquot
3368 3287 3470 3342 ﬁde
3496 3306 3588 3344 ca-

2011 3374 2166 3431 rent,
2200 3376 2253 3420 et
2292 3368 2428 3422 inter
2470 3383 2529 3424 se
2568 3370 2654 3424 alii
2691 3371 2743 3425 in
2784 3374 2916 3427 alios
2947 3375 3246 3440 incursant,
3286 3391 3342 3433 et
3370 3379 3419 3433 in
3448 3381 3591 3448 ipsos

2013 3455 2242 3521 parietes
2269 3497 2282 3519 ,
2322 3468 2378 3511 et
2419 3468 2690 3527 postremo
2719 3461 2772 3515 in
2803 3462 3110 3519 barathrum
3138 3468 3353 3536 aliquod
3378 3471 3591 3526 exitiale

2011 3545 2150 3598 ultro
2179 3562 2236 3601 se
2262 3547 2359 3614 ipsi
2392 3550 2739 3618 prazcipitant.

2046 3636 2290 3693 5.Testes
2304 3640 2431 3694 mihi
2445 3651 2565 3695 sunt
2578 3642 2650 3695 illi
2663 3642 2749 3711 qui
2764 3643 3033 3713 profanam
3048 3649 3585 3722 sapientiamjactaut,

2009 3730 2097 3798 qui
2122 3730 2341 3784 multum
2361 3732 2458 3784 sibi
2484 3734 2741 3800 promissa
2768 3734 2952 3799 barba,
2973 3738 3205 3809 tritoque
3227 3741 3385 3811 pallio
3410 3759 3471 3798 ac
3495 3744 3584 3798 ba-

2009 3821 2129 3874 culo
2149 3821 2376 3889 placent.
2395 3822 2519 3877 Post
2534 3824 2717 3894 longas
2733 3827 2874 3881 enim
2893 3842 2955 3882 ac
2971 3843 3112 3898 szepe
3130 3834 3382 3900 repetitas
3398 3836 3587 3890 disser-

2011 3912 2256 3976 tationes,
2276 3913 2479 3982 lapides
2496 3928 2603 3983 pra:
2619 3918 2786 3971 oculis
2803 3919 2933 3973 sitos
2956 3936 3058 3975 non
3078 3923 3259 3978 vident
3277 3944 3284 3973 ξ
3305 3927 3347 3979 si
3371 3928 3587 3983 enimut

2009 4002 2210 4070 lapides
2230 4019 2322 4059 eos
2346 4015 2647 4069 cernerent,
2668 4024 3000 4079 nequaquam
3025 4027 3116 4066 eos
3142 4013 3273 4068 deos
3288 4030 3406 4070 esse
3428 4031 3583 4087 puta-

2009 4104 2145 4149 rent.
2170 4096 2305 4163 Qnin
2324 4098 2422 4166 ipsi
2440 4115 2649 4169 quoque
2671 4101 2722 4154 in
2742 4103 2876 4156 alios
2891 4103 2978 4157 alii
2999 4105 3255 4169 feruntur,
3275 4117 3430 4177 atque
3449 4110 3587 4164 inter

2008 4200 2065 4240 se
2093 4187 2434 4252 colliduntur,
2457 4197 2513 4243 ut
2535 4190 2584 4243 in
2612 4192 2780 4260 ipsum
2806 4193 3088 4263 impietatis
3116 4197 3583 4265 profundissinnnn

2009 4279 2359 4346 prtccipitium
2389 4280 2773 4349 devolvantur,
2807 4300 2913 4339 non
2954 4286 3111 4341 aliam
3137 4290 3207 4343 oh
3244 4306 3393 4353 rem,
3427 4308 3585 4360 «piam

2008 4368 2147 4434 qttod
2172 4370 2666 4427 ratiocinationibus
2696 4376 2805 4429 suis
2846 4378 3024 4432 omnia
3052 4395 3145 4433 sua
3172 4382 3499 4449 permittunt.
3524 4382 3585 4437 1d

2010 4474 2136 4513 vero
2165 4459 2358 4515 Paulus
2387 4461 2691 4530 significans
2729 4465 2859 4520 dicit
2906 4485 2916 4518 :
2961 4468 3287 4525 Euanucrunt
3315 4474 3365 4526 in
3397 4476 3588 4544 cogita-

2009 4550 2225 4603 tionibus
2250 4553 2355 4605 suis
2373 4593 2386 4617 ,
2411 4563 2457 4606 et
2495 4552 2866 4609 obtencbratum
2892 4568 2962 4611 est
3000 4560 3244 4630 insipiens
3266 4579 3353 4616 cor
3371 4581 3541 4618 eorum
3571 4583 3589 4619 :

2008 4656 2120 4694 cum
2145 4659 2198 4695 se
2220 4644 2472 4698 crederent
2498 4661 2603 4699 esse
2631 4647 2910 4716 sapientes,
2938 4651 3078 4704 stulti
3096 4654 3219 4722 facti
3239 4666 3354 4708 sunt
3404 4655 3577 4727 (Rom.

2014 4732 2059 4784 l.
2087 4732 2311 4801 21.22).
2352 4735 2638 4789 Declarans
2663 4737 2855 4793 deinde
2890 4756 3048 4809 quant
3076 4747 3320 4819 occa-cati
3353 4756 3407 4801 et
3440 4750 3584 4802 stulti

2009 4832 2206 4886 essent,
2238 4825 2383 4879 addit
2414 4826 2527 4881 htec
2556 4830 2714 4882 verba
2747 4846 2760 4883 :
2798 4829 3211 4904 Mutaveruntque
3251 4838 3467 4907 gloriam
3505 4842 3584 4893 in-

2008 4913 2344 4982 corruptibilis
2372 4914 2466 4968 Dei
2492 4917 2543 4969 in
2580 4918 2960 4973 similitudinem
2994 4924 3224 4992 imaginis
3248 4928 3588 4998 corruptibilis

2009 5004 2224 5058 hominis
2248 5046 2263 5071 ,
2292 5016 2338 5059 et
2368 5007 2649 5061 volatiliam
2672 5048 2686 5071 ,
2716 5020 2761 5063 et
2787 5011 3173 5083 quadrupedum
3195 5056 3209 5078 ,
3248 5027 3295 5069 et
3331 5019 3585 5087 replilium

2010 5094 2172 5164 (Ibid.
2208 5111 2257 5151 υ.
2280 5095 2394 5167 Ξό).
2422 5097 2525 5152 Sed
2574 5098 2669 5154 has
2700 5102 2948 5157 tenebras
2980 5104 3111 5160 fides
3139 5107 3365 5163 adventu
3400 5125 3499 5164 suo
3531 5111 3583 5163 in

2010 5187 2312 5241 universum
2340 5188 2555 5242 discutit
2586 5189 2635 5243 in
2665 5190 2862 5256 anima,
2893 5208 3010 5263 qua:
3035 5209 3096 5250 se
3119 5195 3348 5268 hospitio
3368 5202 3582 5270 dignata

2010 5276 2169 5332 fuerit
2209 5295 2223 5332 :
2261 5288 2314 5332 ct
2347 5280 2792 5348 quemadmodum
2838 5299 3027 5339 navem
3068 5296 3343 5343 ventorum
3384 5291 3581 5359 impetu

2003 5368 2253 5437 jactatam
2281 5411 2295 5435 ,
2341 5378 2396 5424 et
2446 5368 2700 5426 ﬂuctuum
2741 5374 2946 5428 assultu
2989 5375 3319 5444 inundatatn,
3352 5380 3582 5435 demissa

2006 5476 2203 5515 ancora
2232 5462 2450 5515 omnino
2477 5462 2709 5529 stabilit,
2742 5472 2796 5519 et
2825 5464 2908 5519 vel
2938 5466 2990 5519 in
3020 5468 3195 5520 medio
3225 5469 3409 5541 pelago
3439 5472 3579 5525 radi-

2004 5562 2093 5607 cat
2121 5572 2133 5606 :
2164 5553 2233 5607 ita
2261 5554 2417 5607 etiam
2445 5564 2674 5609 mentem
2698 5564 2933 5610 nostram
2953 5561 3225 5614 extraneis
3248 5563 3583 5631 cogitationi-

2008 5652 2105 5707 bus
2127 5653 2375 5721 jactatam
2398 5652 2627 5707 adventu
2650 5668 2748 5707 suo
2778 5653 2907 5709 ﬁdes
2931 5656 3093 5711 tutius
3118 5673 3277 5725 quam
3297 5674 3490 5714 ancora
3516 5676 3580 5715 ev

2010 5745 2305 5800 imminenti
2336 5744 2605 5815 naufragio
2641 5744 2848 5812 liberat,
2875 5754 3141 5817 tamquam
3172 5752 3221 5804 in
3247 5753 3583 5822 trauquillutn
