4058 6258
534 295 639 357 275

537 434 773 497 portum,
808 427 863 484 in
888 427 1228 486 conscientiae
1247 431 1618 489 certitudinem
1642 433 1933 495 deducens.
1960 437 2111 506 Quod

536 530 594 592 et
624 522 794 590 ipsum
836 522 1031 576 Paulus
1071 524 1373 593 signiﬁcans
1424 526 1549 580 dicit
1595 544 1608 579 :
1657 526 1933 598 PrOpterea
1974 529 2111 584 dedit

536 615 675 669 Deus
702 613 958 683 apostolos
990 615 1058 668 ad
1089 617 1571 671 consummationem
1598 628 1887 673 sanctorum
1906 660 1922 686 ,
1954 619 2114 675 donec

534 724 860 764 occurramus
884 726 1055 765 omnes
1089 710 1144 763 in
1177 710 1421 765 unitatem
1446 712 1565 780 ﬁdei
1592 722 1641 765 et
1679 713 1950 782 agnitionis
1989 710 2116 766 Filii

534 800 632 855 Dei
649 842 663 868 ,
695 810 831 854 utne
857 802 1078 871 amplius
1108 802 1267 856 simus
1288 802 1485 871 parvuli
1509 803 1811 871 ﬁuctuantes
1831 844 1845 868 ,
1873 812 1921 856 et
1940 804 2115 870 quovis

531 902 678 945 rente
699 892 796 945 huc
822 899 968 960 atque
993 891 1118 945 illuc
1146 891 1321 958 iactati
1360 890 1576 962 (Ephes.
1611 893 1665 946 4.
1697 893 1759 947 il
1812 921 1839 933 —
1870 891 1994 964 14).
2027 892 2115 946 Vi-

532 981 630 1036 des
669 981 791 1036 ﬁdei
821 981 1024 1036 facinus
1055 982 1366 1051 prreclarum
1390 1023 1404 1047 ,
1434 982 1575 1051 quod
1603 997 1703 1036 ceu
1733 996 1928 1037 ancora
1963 998 2112 1052 quae-

532 1074 676 1142 piam
722 1073 984 1128 tutissima
1008 1114 1022 1136 ,
1064 1088 1094 1127 a
1142 1073 1484 1126 ﬂuctuatione
1522 1072 1708 1125 liberat
1741 1090 1755 1124 :
1794 1074 1932 1127 sicut
1975 1073 2112 1126 idem

535 1176 720 1216 rursus
748 1161 814 1215 ad
843 1161 1095 1215 Hebraeos
1121 1161 1326 1223 scribit,
1350 1162 1449 1215 hoc
1470 1161 1628 1215 modo
1649 1161 1714 1215 de
1734 1160 1838 1216 ﬁde
1855 1163 2112 1231 loquens:

538 1253 705 1319 Quam
732 1252 868 1307 velut
886 1270 1127 1307 ancoram
1148 1264 1371 1307 tenemus
1391 1256 1595 1321 animte,
1616 1266 1774 1309 tutam
1794 1257 2109 1326 ﬁrmamque,

535 1352 581 1395 et
608 1343 940 1396 introeuntem
964 1358 1122 1413 usque
1140 1342 1207 1395 ad
1232 1359 1291 1396 ea
1317 1358 1431 1413 qua:
1450 1355 1565 1398 sunt
1584 1344 1718 1397 intra
1738 1346 1901 1399 velum
1929 1343 2111 1417 (Hebr.

535 1432 590 1487 6.
635 1433 771 1502 l9).
817 1433 892 1488 Ne
934 1435 1074 1487 enim
1120 1434 1298 1487 audita
1335 1449 1528 1489 ancora
1576 1446 1728 1504 putes
1771 1437 2022 1491 deorsum
2064 1448 2114 1493 te

535 1527 848 1581 trahendum
875 1568 891 1593 ,
924 1525 1153 1580 ostendit
1193 1541 1384 1579 novum
1423 1541 1543 1580 esse
1591 1528 1856 1597 quoddam
1902 1544 2114 1585 ancora:

536 1633 722 1688 genus,
750 1633 868 1687 qua:
893 1633 997 1671 non
1019 1617 1410 1685 deprimat,sed
1433 1634 1642 1672 sursum
1667 1628 1896 1674 mentem
1919 1621 2110 1685 elevet,

534 1710 603 1763 ad
627 1711 815 1764 caelum
844 1724 1010 1779 usque
1040 1709 1335 1776 sublatam,
1373 1720 1428 1765 et
1459 1711 1594 1765 intra
1626 1712 1798 1766 velum
1826 1727 1923 1768 ceu
1954 1728 2113 1767 manu

531 1801 817 1856 deductam
864 1819 877 1854 :
926 1801 1101 1855 velum
1144 1803 1287 1857 enim
1336 1801 1438 1857 hoc
1485 1803 1601 1857 loco
1642 1805 1832 1858 caelum
1882 1805 2112 1860 vocavit.

531 1893 659 1959 Cur,
687 1901 778 1946 aut
805 1907 960 1962 quam
991 1892 1060 1947 ob
1085 1906 1298 1947 causam
1315 1893 1339 1945 ?
1356 1893 1488 1959 Quia
1514 1894 1651 1948 sicut
1674 1896 1849 1949 velum
1869 1895 1937 1950 ab
1961 1907 2112 1952 exte-

534 1982 676 2037 riore
710 1991 857 2052 parte
883 1982 1208 2038 tabernaculi
1240 1982 1525 2039 dirimebat
1554 1993 1740 2039 sancta
1762 1996 2066 2041 sanctorum
2092 2028 2108 2055 ,

531 2073 606 2130 ita
630 2074 819 2127 caelum
860 2072 999 2127 istud
1032 2081 1297 2142 tamquam
1323 2073 1500 2128 velum
1539 2074 1771 2130 medium
1798 2076 1937 2131 inter
1963 2092 2113 2132 crea-

536 2171 705 2216 turam
742 2163 1009 2233 objectnm
1032 2204 1047 2229 ,
1075 2165 1144 2218 ab
1178 2165 1446 2220 exteriore
1473 2167 1849 2235 tabernaculo,
1891 2169 1993 2224 hoc
2030 2180 2114 2226 est

532 2254 731 2308 mundo
757 2254 857 2309 hoc
874 2270 1032 2325 quem
1063 2256 1324 2324 videmus,
1350 2256 1551 2312 dirimit
1573 2267 1754 2314 sancta
1783 2269 2108 2326 sanctorum,

530 2344 782 2400 videlicet
804 2360 866 2401 ea
897 2362 1016 2416 qua:
1046 2361 1209 2416 supra
1240 2362 1299 2402 se
1337 2355 1493 2415 sunt,
1532 2364 1640 2419 quo
1680 2366 1980 2419 praecursor
2014 2367 2113 2423 pro

532 2437 687 2491 nobis
717 2437 1073 2509 introgressus
1101 2451 1182 2495 est
1203 2439 1469 2495 Christus.

599 2528 654 2580 4.
683 2528 834 2594 Quod
856 2537 1032 2584 autem
1062 2529 1191 2583 dicit
1217 2569 1231 2593 ,
1263 2532 1341 2585 sic
1368 2532 1769 2602 intelligendum
1801 2542 1882 2588 est
1913 2552 1926 2585 :
1959 2534 2110 2603 illuc,

533 2618 722 2687 inquit,
751 2618 982 2672 animam
1016 2628 1252 2675 nostram
1278 2622 1557 2677 sublimem
1580 2623 1775 2677 attollit
1804 2624 1968 2692 lides,
2002 2641 2107 2681 non

529 2708 714 2764 sinens
744 2711 864 2765 ullis
884 2713 1239 2781 praesentibus
1263 2714 1415 2767 malis
1444 2713 1691 2784 deprimi,
1723 2716 1817 2771 sed
1842 2732 1937 2787 spe
1966 2718 2108 2773 iutu-

528 2814 711 2855 rorunt
764 2802 973 2857 labores
1011 2803 1267 2858 allevans.
1318 2804 1416 2872 Qui
1465 2806 1606 2860 enim
1648 2805 1819 2861 futura
1865 2818 2106 2876 spectat,

529 2891 761 2946 caelestia
799 2907 1023 2961 sperans
1042 2936 1056 2959 ,
1104 2903 1156 2949 et
1199 2896 1393 2949 mentis
1421 2896 1601 2951 oculos
1631 2896 1724 2952 illo
1752 2897 1985 2968 dirigens
2005 2942 2018 2966 ,
2043 2916 2111 2955 ne

529 2981 691 3036 sentit
754 2983 967 3052 quidem
1031 2986 1373 3054 praesentium
1439 2988 1699 3042 malorum
1767 2991 2106 3057 molestiam,

528 3074 977 3140 quemadmodum
1025 3090 1198 3146 neque
1242 3076 1439 3132 Paulus
1487 3079 1789 3146 sentiebat,
1849 3091 1901 3135 et
1952 3081 2109 3151 hujus

531 3163 881 3233 phil050phiae
912 3180 1125 3219 causam
1152 3167 1376 3222 docebat
1403 3167 1588 3223 dicens
1623 3188 1636 3224 :
1668 3169 1807 3223 Nam
1834 3183 2110 3227 momenta-

530 3268 626 3306 nea
690 3253 867 3308 levitas
931 3256 1212 3325 aﬂlictionis
1266 3269 1452 3311 nostra:
1510 3260 1634 3313 mire
1685 3277 1841 3331 supra
1905 3265 2111 3319 modum

530 3353 777 3397 cateruam
816 3345 1014 3414 pondus
1052 3349 1232 3416 gloriae
1271 3349 1404 3414 parit
1447 3350 1587 3404 nobis
1626 3350 1716 3420 (2.
1762 3351 1878 3406 Cor.
1915 3358 1969 3411 4.
2002 3359 2110 3429 17).

532 3434 811 3501 Quomodo
831 3445 882 3490 et
902 3452 1006 3506 qua
1033 3438 1275 3492 ratione?
1304 3438 1443 3493 Dum
1468 3458 1566 3494 non
1590 3453 1873 3513 spectamus
1914 3462 1973 3500 ea
1996 3463 2111 3517 quae

529 3528 779 3593 uidentur,
804 3528 893 3581 sed
913 3545 969 3580 ea
988 3544 1101 3598 qua;
1120 3546 1218 3583 non
1244 3531 1475 3585 videntur
1494 3531 1598 3604 (Ib.
1624 3550 1672 3586 υ.
1698 3536 1764 3590 18
1795 3537 1834 3601 ),
1860 3538 2108 3592 nimirum

530 3617 701 3671 oculis
741 3619 883 3672 lidei.
923 3620 1075 3674 Sicut
1112 3622 1253 3675 enim
1297 3625 1537 3691 corporis
1583 3625 1890 3682 oculiniltil
1931 3629 2110 3684 vident

531 3711 884 3781 intelligibilc,
914 3713 986 3767 ita
1014 3715 1150 3769 oeuli
1185 3714 1304 3768 ﬁdei
1339 3716 1467 3770 nihil
1498 3717 1678 3772 vident
1700 3719 1969 3775 sensibile.
2005 3721 2109 3777 Sed

533 3802 601 3856 de
625 3818 725 3872 qua
754 3804 853 3859 ﬁde
881 3804 965 3859 hic
991 3805 1224 3875 loquitur
1246 3806 1479 3862 Paulus?
1503 3824 1620 3862 nam
1650 3810 1767 3864 lidei
1795 3813 2109 3868 vocabulum

530 3892 793 3962 duplicent
825 3895 983 3950 habet
1009 3896 1469 3966 signiﬁcationem.
1496 3898 1705 3952 Etenim
1738 3900 1867 3955 ﬁdes
1893 3901 2108 3968 dicitur,

532 3998 627 4051 per
655 4000 811 4052 quam
846 3986 1080 4055 prodigia
1126 3996 1250 4041 tunc
1291 3985 1554 4042 faciebant
1594 3990 1855 4058 apostoli,
1898 3992 1966 4046 de
2007 4007 2110 4062 qua

528 4074 771 4129 Christus
798 4076 1009 4130 dicebat
1050 4094 1063 4129 :
1107 4078 1167 4131 Si
1212 4079 1484 4132 habueritis
1527 4081 1681 4147 ﬁdem
1727 4084 1855 4136 sicut
1893 4100 2111 4153 granum

530 4165 731 4232 sinapi,
762 4165 935 4218 dicetis
962 4166 1119 4218 monti
1146 4165 1264 4218 huic
1285 4208 1300 4230 ,
1335 4166 1504 4237 Migra
1524 4207 1540 4233 ,
1568 4178 1614 4221 et
1643 4170 1873 4240 migrabit
1895 4171 1975 4241 (Μ
1982 4173 2108 4226 atth.

533 4254 620 4306 17.
656 4250 766 4324 19).
822 4254 888 4307 Ει
914 4269 1123 4308 rursum
1149 4269 1268 4309 cum
1295 4256 1538 4325 discipuli
1575 4273 1679 4312 non
1710 4272 1926 4329 possent
1953 4263 2110 4318 luna-

535 4343 696 4395 ticum
718 4343 945 4398 liberare
969 4359 998 4397 a
1025 4345 1299 4412 datmonc,
1329 4362 1649 4418 causamque
1677 4351 2076 4409 sciscitarentur
2094 4397 2108 4424 ,

536 4435 671 4489 hanc
691 4436 770 4491 eis
791 4437 1165 4507 subindicavit,
1180 4440 1321 4510 quod
1345 4441 1479 4496 ﬁdes
1501 4458 1592 4497 eos
1616 4443 1888 4512 deﬁceret,
1904 4447 2109 4515 dicens,

534 4526 753 4599 Propter
774 4530 1175 4585 incredulitatem
1203 4544 1414 4587 vestram
1439 4533 1567 4605 (1b.)
1602 4536 1669 4592 Et
1703 4537 1897 4594 Paulus
1922 4540 1988 4596 de
2019 4557 2112 4596 ea-

532 4619 654 4674 dem
681 4620 894 4677 dicebat
924 4640 938 4676 :
967 4621 1029 4676 Si
1054 4624 1276 4678 habuero
1309 4626 1463 4694 ﬁdem
1502 4628 1572 4680 ita
1597 4638 1650 4681 ut
1675 4641 1863 4685 montes
1892 4636 2113 4703 transfe-

532 4726 644 4762 rant
675 4711 753 4781 (1.
782 4710 899 4766 Cor.
935 4713 1020 4768 15.
1051 4713 1131 4783 2).
1154 4714 1221 4770 Et
1264 4716 1450 4772 l’etrns
1479 4733 1599 4772 cum
1630 4721 2020 4788 periclitaretur
2047 4738 2115 4779 ne

537 4811 868 4871 mergeretur
920 4805 1142 4873 pedibus
1196 4822 1290 4876 per
1338 4824 1483 4862 mare
1534 4810 1816 4875 incedens,
1869 4814 2112 4869 eamdem

535 4893 953 4962 increpationem
991 4897 1192 4950 audivit
1229 4913 1258 4949 a
1290 4897 1521 4961 Christo,
1549 4900 1765 4954 Illodicte
1794 4903 1932 4969 ﬁdei,
1961 4922 2118 4975 quare

536 4983 772 5038 dubitasti
809 4985 1028 5057 (Matth.
1082 4988 1161 5040 14.
1201 4986 1341 5059 '51)?
1375 4989 1552 5058 Itaque
1599 4990 1730 5046 ﬁdes
1771 4994 1964 5048 dicitur
2011 5011 2115 5065 qua

537 5076 794 5130 miracula
834 5087 887 5131 et
931 5078 1169 5148 prodigia
1218 5090 1489 5148 patrantur
1526 5100 1539 5135 :
1579 5082 1775 5140 dicitur
1811 5085 1938 5139 item
1983 5088 2117 5143 ﬁdes

537 5185 658 5239 qua:
684 5184 783 5225 nos
808 5170 876 5224 ad
907 5171 1232 5240 agnitionem
1263 5173 1353 5227 Dei
1386 5174 1624 5241 perducit
1647 5217 1661 5241 ,
1691 5177 1761 5229 ob
1789 5192 1945 5246 quam
1968 5180 2117 5247 quis-

540 5278 647 5333 que
674 5270 914 5318 nostrum
945 5261 1118 5317 ﬁdelis
1147 5272 1230 5318 est
1263 5282 1275 5318 :
1313 5262 1453 5317 sicut
1485 5264 1551 5318 ad
1579 5265 1847 5322 Romanos
1876 5269 2119 5324 scribens

544 5356 676 5411 dicit
712 5374 725 5409 :
763 5355 979 5411 Gratias
1023 5371 1121 5425 ago
1167 5355 1271 5409 Deo
1306 5372 1418 5409 meo
1455 5370 1546 5429 per
1583 5355 1767 5413 Iesum
1818 5358 2110 5426 Christum,

552 5444 678 5499 mod
708 5446 836 5513 ﬁdes
869 5455 1039 5499 vestra
1070 5447 1419 5499 annuntiatur
1460 5426 1512 5500 in
1548 5456 1657 5501 toto
1704 5451 1899 5505 mundo
1937 5450 2110 5519 (Rom.

547 5535 594 5585 1.
632 5534 722 5603 8);
770 5550 836 5588 ac
885 5550 1109 5590 rursum
1165 5536 1228 5589 ad
1271 5535 1837 5594 Thessalonicenses:
1884 5541 1925 5593 Α
1973 5541 2115 5595 vobis

540 5627 680 5678 enim
729 5630 995 5692 personuit
1040 5644 1210 5682 sermo
1249 5628 1500 5691 Domini,
1551 5648 1655 5685 non
1703 5634 1874 5686 solunt
1910 5635 1963 5689 in
1994 5633 2115 5688 Ma-

543 5717 762 5770 cedonia
805 5727 853 5770 tt
895 5719 1133 5777 Achaia.
1182 5736 1356 5775 verum
1394 5723 1554 5776 etiam
1586 5724 1637 5776 in
1671 5725 1811 5777 οηιηὶ
1846 5723 1958 5777 loco
1985 5725 2114 5793 ﬁdes

1241 317 1300 375 ε.
1337 316 1614 376 JOANNIS
1652 314 2123 383 CHRYSOSTOMI
2163 323 2478 384 ARCHlEP.
2521 323 3066 385 CONSTANTINOP.

3678 330 3773 387 276

2222 450 2413 503 vestra,
2438 457 2552 513 quis
2574 450 2654 496 est
2684 442 2739 495 in
2770 440 2954 508 Deum,
2986 442 3276 499 dimanaoit
3306 443 3353 513 (l
3372 483 3384 497 .
3418 440 3596 499 Thess.
3628 445 3670 500 Ι.
3697 445 3766 515 8).

2310 537 2491 593 Fidem
2526 544 2826 613 cognitionis
2865 562 2954 598 cur
2993 544 3245 615 Spiritum
3287 545 3410 614 ﬁdei
3456 553 3626 606 vocet;
3660 543 3771 610 ﬁdes

2217 643 2372 696 quate
2396 632 2587 685 auxilio
2617 632 2842 702 Spiritus
2869 634 3109 704 indigeat.
3140 664 3207 675 —
3233 634 3454 702 Qualem
3485 633 3636 702 igitur
3658 632 3770 686 sub-

2220 718 2419 773 indicat
2441 721 2490 773 in
2515 720 2617 775 hoc
2643 723 2760 777 loco
2787 723 2941 778 ﬁdem
2959 726 2984 778 ?
3013 725 3182 779 Dubio
3217 726 3399 793 procul
3430 723 3584 776 ﬁdem
3606 721 3772 790 cogni-

2221 809 2419 864 tionis:
2449 811 2499 865 id
2540 813 2681 882 quod
2722 829 2787 868 ex
2828 816 3172 882 sequentibus
3218 824 3379 884 patet.
3412 812 3776 873 Credintus,in-

2218 900 2353 967 quit,
2378 912 2686 972 quapropter
2722 914 2770 957 et
2810 903 3083 973 loquimur.
3118 905 3257 971 Quid
3300 903 3607 959 credimus?
3645 902 3777 968 Quod

2218 989 2304 1056 qui
2342 992 2652 1045 resuscitavit
2694 994 2982 1061 Christum,
3022 997 3173 1049 etiam
3217 1012 3307 1050 nos
3352 994 3661 1049 resuscitabit
3701 1009 3778 1061 per

2218 1078 2449 1131 virtutem
2475 1097 2619 1134 suant
2649 1082 2725 1154 (‘2.
2763 1082 2880 1138 Cor.
2920 1086 2969 1139 4.
3004 1086 3117 1152 14).
3144 1085 3248 1140 Sed
3290 1100 3459 1155 quare
3499 1098 3614 1137 eam
3641 1091 3777 1136 vocat

2219 1166 2471 1237 Spiritum
2497 1171 2635 1236 ﬁdei,
2665 1182 2719 1228 et
2741 1174 2791 1227 in
2814 1174 3159 1230 donationum
3185 1175 3429 1230 ordinem
3455 1170 3777 1227 annumeratl

2218 1256 2348 1311 Nam
2384 1260 2430 1314 si
2472 1260 2670 1316 donum
2707 1273 2789 1317 est
2817 1264 2976 1330 ﬁdes,
3015 1274 3070 1320 et
3110 1267 3274 1321 solius
3302 1265 3535 1334 Spiritus
3563 1263 3774 1325 donum.

2221 1363 2324 1402 non
2357 1359 2597 1405 nostrum
2639 1353 2926 1421 meritum,
2966 1370 3142 1425 neque
3184 1354 3445 1409 increduli
3485 1354 3776 1422 punientur,

2220 1456 2391 1511 neque
2419 1441 2721 1507 credentes,
2740 1445 2952 1501 laudent
2984 1447 3454 1516 promerebuntur.
3480 1443 3618 1499 Talis
3652 1444 3776 1497 enim

2216 1540 2298 1585 est
2324 1531 2668 1589 donationum
2698 1544 2907 1602 natura,
2936 1552 3041 1591 non
3061 1545 3184 1591 sunt
3203 1552 3441 1601 coronae,
3470 1550 3634 1605 neque
3658 1548 3775 1603 pra:-

2217 1614 2342 1668 mia.
2378 1616 2582 1671 Donum
2608 1619 2750 1673 enim
2782 1635 2888 1675 non
2918 1629 3000 1676 est
3039 1621 3351 1691 accipientis
3392 1620 3669 1684 meritum,
3694 1620 3775 1674 sed

2217 1703 2485 1775 largitoris
2508 1707 2840 1764 liberalitatis
2863 1711 3200 1780 gratiﬁcatio.
3232 1710 3382 1765 Hanc
3408 1712 3478 1763 ob
3503 1724 3613 1773 rem
3637 1709 3777 1763 etiam

2216 1797 2506 1867 discipulos
2529 1801 2690 1870 jussit
2718 1817 2822 1857 non
2863 1802 3096 1872 gaudere
3123 1817 3190 1858 eo
3224 1802 3370 1873 quod
3399 1800 3667 1855 daemonas
3688 1799 3776 1868 eji-

2216 1899 2421 1957 cerent,
2449 1900 2503 1947 et
2522 1906 2616 1949 eos
2640 1894 2729 1964 qui
2761 1894 2813 1949 in
2844 1895 3060 1949 nomine
3097 1910 3195 1950 suo
3231 1892 3703 1964 prophetavcrant.
3732 1899 3778 1945 et

2217 1979 2441 2034 virtutes
2478 1983 2672 2037 multas
2699 1983 2938 2039 fecerant
2961 2027 2976 2053 ,
3007 1985 3208 2054 expulit
3232 2001 3263 2038 e
3289 1998 3463 2053 regno
3502 1982 3774 2037 caelorum:

2214 2070 2465 2138 quoniam
2493 2085 2561 2127 ex
2597 2074 2707 2128 suis
2746 2076 2952 2130 meritis
2981 2077 3178 2130 nullam
3210 2075 3483 2130 habebant
3521 2072 3774 2137 ﬁduciam,

2215 2159 2311 2214 sed
2336 2160 2406 2214 ob
2433 2162 2576 2216 solas
2602 2164 2915 2221 donationes
2940 2167 3072 2221 salvi
3104 2166 3219 2221 ﬁeri
3243 2165 3518 2220 volebant.
3686 2160 3687 2163 “

2287 2249 2341 2304 5.
2372 2248 2427 2304 Si
2452 2251 2609 2321 igitur
2631 2255 2792 2308 etiam
2832 2254 2967 2310 ﬁdes
2998 2256 3103 2310 tale
3129 2255 3389 2326 quiddam
3430 2261 3547 2319 est,
3577 2262 3631 2307 et
3662 2252 3774 2307 nihil

2214 2352 2280 2393 ex
2303 2351 2486 2396 nostro
2511 2343 2854 2409 contulimus,
2885 2346 2980 2401 sed
3007 2354 3174 2401 totum
3203 2356 3286 2401 est
3313 2345 3505 2416 gratia:
3531 2343 3773 2413 Spiritus,

2215 2439 2269 2485 et
2291 2431 2403 2499 ipsa
2437 2433 2578 2488 ultro
2610 2450 2669 2490 se
2694 2435 2748 2490 in
2769 2437 2977 2492 animas
3003 2446 3214 2492 nostras
3244 2435 3492 2507 ingessit,
3519 2443 3572 2489 et
3599 2433 3772 2487 nullam

2218 2536 2313 2589 pro
2347 2536 2410 2577 ea
2447 2526 2710 2593 recepturi
2754 2540 2938 2580 sumus
2976 2526 3311 2589 mercedem,
3339 2522 3611 2596 quomodo
3638 2522 3775 2591 igitur

2214 2610 2342 2666 dicit
2374 2629 2389 2665 :
2418 2613 2580 2668 Corde
2620 2617 2755 2669 enim
2801 2617 3023 2671 creditur
3066 2617 3135 2670 ad
3176 2615 3472 2687 justitiam,
3512 2628 3595 2667 ore
3625 2620 3773 2666 autem

2213 2704 2461 2773 confessio
2500 2706 2560 2774 ﬁt
2598 2707 2665 2759 ad
2699 2708 2912 2762 salutem
2939 2708 3113 2777 (Rom.
3142 2708 3230 2764 l0.
3258 2707 3348 2779 10)
3371 2707 3398 2760 ?
3446 2705 3693 2774 Quoniam
3725 2710 3773 2757 et

2213 2794 2330 2862 ejus
2358 2796 2447 2865 qui
2468 2797 2727 2866 credidit,
2757 2799 2970 2855 virtutis
2990 2800 3237 2855 meritum
3264 2809 3348 2856 est
3389 2798 3537 2855 ﬁdes.
3561 2796 3669 2864 Quo
3689 2810 3772 2849 att-

2215 2894 2321 2940 tem
2352 2889 2511 2944 modo
2536 2890 2660 2947 alibi
2691 2892 2744 2947 id
2770 2908 2982 2947 rursum
3008 2892 3310 2948 subindicat
3340 2891 3559 2957 dicens,
3592 2888 3652 2942 Ei
3672 2902 3771 2941 rem

2211 2979 2299 3044 qui
2334 2995 2434 3033 non
2459 2991 2736 3051 operatur,
2767 2984 2856 3038 sed
2887 2986 3043 3038 credit
3065 2985 3120 3038 in
3156 3000 3269 3038 eum
3295 2984 3385 3052 qui
3421 2980 3665 3054 justi/ictu
3687 2978 3771 3032 ἱηβ

2213 3070 2382 3137 pium,
2418 3070 2696 3142 imputatur
2730 3075 2857 3143 ﬁdes
2885 3091 2980 3129 sua
3015 3075 3083 3127 ad
3117 3074 3374 3147 justitiam
3420 3070 3580 3143 (Ibid.
3603 3070 3654 3124 4.
3678 3068 3767 3137 5),

2213 3162 2257 3215 si
2283 3172 2448 3217 totum
2474 3175 2552 3218 est
2579 3167 2763 3235 gratiae
2790 3167 3053 3237 Spiritus?
3077 3167 3169 3237 qui
3200 3167 3345 3221 enim
3379 3165 3538 3220 etiam
3573 3160 3770 3231 patriar-

2213 3249 2368 3304 cbam
2395 3252 2661 3308 Abraham
2703 3255 2951 3324 plurimis
2985 3256 3255 3311 redimivit
3293 3255 3511 3309 laudum
3542 3247 3763 3311 coronis,

2213 3356 2278 3397 eo
2304 3344 2444 3412 quod
2477 3347 2796 3416 contemptis
2835 3348 2995 3402 rebus
3033 3347 3406 3418 praesentibus,
3430 3351 3618 3414 praeter
3635 3351 3765 3408 spem

2215 3432 2267 3487 in
2295 3447 2445 3503 spem
2468 3418 2728 3491 cFedidit?
2750 3437 2919 3505 Quam
2949 3440 3018 3494 ob
3049 3453 3162 3493 rem
3200 3438 3363 3508 igitur
3388 3436 3634 3505 Spiritum
3660 3427 3764 3482 ﬁdei

2214 3537 2369 3582 vocat
2399 3529 2562 3583 eam?
2593 3528 2724 3584 lllud
2766 3530 3017 3585 nimirum
3059 3530 3344 3585 ostendere
3389 3528 3605 3588 volens,
3642 3516 3763 3591 quod

2217 3617 2365 3672 initio
2389 3618 2643 3687 credere,
2673 3629 2728 3676 et
2769 3635 2960 3691 parere
2997 3620 3205 3675 vocanti
3227 3660 3242 3682 ,
3284 3627 3488 3673 nostrae
3524 3622 3603 3669 est
3631 3611 3764 3665 home

2217 3713 2409 3766 mentis
2439 3729 2450 3764 :
2484 3721 2540 3766 at
2567 3723 2846 3783 postquam
2873 3714 3013 3783 jacta
3040 3712 3236 3767 l'uerint
3268 3711 3392 3765 ﬁdei
3421 3706 3763 3764 fundamenta,

2209 3800 2318 3871 jam
2345 3817 2480 3871 OpllS
2505 3813 2588 3858 est
2622 3804 2819 3858 auxilio
2857 3803 3117 3873 Spiritus,
3157 3812 3215 3857 ut
3253 3803 3305 3855 in
3347 3799 3503 3854 nobis
3538 3799 3762 3866 perpetuo

2216 3900 2429 3946 maneat
2478 3894 2792 3950 inconcussa
2836 3903 2891 3948 et
2931 3891 3379 3963 inexpugnabilis.
3434 3888 3607 3956 Neque
3640 3881 3761 3936 enim

2215 3981 2377 4048 Deus,
2407 3998 2580 4053 neque
2601 3983 2829 4054 Spiritus
2853 3985 3020 4054 gratia
3050 3993 3290 4039 nostrum
3320 3978 3573 4051 praevenit
3599 3985 3763 4044 propo—

2217 4074 2379 4126 situm
2405 4091 2418 4126 ι
2448 4074 2542 4129 sed
2572 4076 2781 4131 tametsi
2806 4085 2976 4141 vocet,
3001 4082 3274 4144 aspectat
3295 4082 3497 4136 tamen,
3523 4077 3577 4123 ut
3600 4069 3760 4134 spollle

2217 4172 2273 4218 et
2294 4166 2504 4234 propria
2528 4167 2798 4222 voluntate
2823 4165 3139 4221 accedamus
3163 4205 3178 4230 ,
3208 4178 3273 4217 ac
3294 4172 3406 4217 tum
3435 4161 3637 4216 demum
3658 4165 3759 4208 cum

2218 4258 2605 4312 accesserimus
2649 4257 2803 4312 nobis
2846 4272 3001 4311 suum
3041 4264 3209 4310 totum
3255 4253 3480 4309 exhibet
3519 4246 3756 4303 auxilium-

2218 4348 2478 4417 Quoniam
2501 4349 2641 4403 enim
2673 4348 2933 4411 diabolus,
2956 4354 3300 4417 posteaquam
3324 4344 3392 4398 ad
3423 4342 3579 4397 ﬁdem
3606 4346 3758 4391 acces—

2218 4442 2386 4495 simus
2409 4481 2421 4504 ,
2452 4440 2703 4493 continuo
2732 4439 2971 4509 subrepit
2998 4439 3183 4493 volens
3224 4435 3493 4506 egregiam
3538 4433 3663 4486 hanc
3694 4439 3761 4479 ra-

2217 4529 2389 4585 dicem
2445 4530 2713 4593 evellere,
2764 4538 2817 4582 et
2866 4529 3065 4583 zizania
3106 4540 3395 4598 properans
3447 4527 3757 4578 interserere.

2218 4637 2636 4691 germanttmque
2657 4636 2721 4675 ac
2742 4636 2931 4690 purum
2962 4636 3143 4675 semen
3170 4619 3386 4684 ltedere,
3402 4631 3535 4686 opus
3560 4624 3656 4667 tum
3679 4605 3756 4659 lla-

2223 4714 2411 4769 bemus
2456 4714 2652 4791 auxilio
2680 4713 2940 4780 Spiritus,
2981 4723 3038 4766 ut
3076 4710 3520 4781 quemadmodum
3548 4707 3757 4793 strenuus

2222 4804 2451 4874 agricola
2477 4785 2669 4856 animm
2697 4811 2891 4856 nostra:
2915 4801 3171 4866 insidens,
3205 4803 3368 4855 multa
3394 4812 3519 4853 cura
3544 4802 3595 4849 et
3616 4799 3759 4886 protr

2223 4896 2402 4951 dentia
2444 4894 2703 4948 novellam
2739 4891 2862 4947 ﬁdei
2907 4892 3141 4960 plantam
3188 4891 3539 4959 undequaque
3567 4880 3757 4935 muttini-

2226 4989 2347 5043 ldeo
2385 4985 2950 5042 'l‘hessalonieensibus
2989 4998 3201 5053 quoque
3249 4979 3515 5037 scribebat
3553 4974 3715 5029 dicens
3746 4978 3758 5015 ι

2227 5080 2477 5152 Spiritum
2511 5096 2573 5133 ne
2598 5076 2927 5148 exstinguatis
2962 5076 3036 5148 (l.
3074 5076 3248 5130 Thess.
3277 5074 3332 5131 5.
3358 5072 3446 5142 19)
3479 5087 3494 5124 :
3527 5075 3580 5122 ut
3604 5067 3759 5117 osten-

2226 5173 2344 5238 dat,
2384 5170 2671 5227 accedente
2713 5170 2941 5241 Spiritus
2976 5170 3179 5239 gratia,
3230 5159 3646 5234 inexpugnabiles
3680 5162 3762 5205 nos

2229 5264 2368 5319 malo
2382 5261 2611 5318 daemoni
2629 5271 2785 5330 atque
2804 5261 3052 5315 omnibus
3074 5260 3190 5329 ejus
3211 5256 3415 5312 insidiis
3435 5253 3627 5308 futuros

2227 5356 2359 5410 Nam
2390 5356 2433 5409 si
2462 5369 2620 5409 nemo
2661 5361 2836 5424 potest
2872 5352 3051 5406 dicere
3089 5351 3371 5405 Dominum
3408 5345 3582 5401 Jesum
3607 5336 3696 5390 nisi
3719 5336 3761 5381 in

2229 5449 2431 5509 Spiritu
2460 5455 2664 5512 sancto,
2688 5444 2855 5499 multo
2874 5443 3042 5511 magis
3068 5441 3225 5496 ﬁdem
3248 5447 3413 5493 tutam
3431 5445 3483 5490 et
3508 5429 3760 5487 radicatam

2236 5558 2340 5595 non
2374 5543 2568 5610 poterit
2597 5537 2795 5592 habere
2821 5537 2919 5591 nisi
2953 5536 3003 5588 in
3033 5535 3234 5604 Spiritu
3259 5540 3458 5586 sancto.

2301 5629 2351 5684 6.
2400 5628 2663 5696 Quomodo
2710 5626 2933 5697 Spiritus
2977 5633 3180 5678 sanctus
3222 5624 3273 5676 in
3318 5622 3456 5675 nobis
3504 5614 3758 5668 retineatur.

2245 5723 2515 5797 Virginitas
2555 5722 2616 5777 sit
2631 5721 2816 5789 juncta
2836 5718 3224 5789 benignitati.—-
3256 5720 3319 5773 At
3346 5708 3597 5787 quomodo
3635 5706 3760 5771 PM"
