4058 6258
347 299 459 355 275

343 416 636 485 ελθοῦσαὴ
675 413 854 476 πίστις
898 412 1224 466 ἀπαλλάττει
1266 413 1358 465 τοῦ
1403 415 1684 482 ναυαγίου,
1723 413 1914 487 ὥσπερ

338 510 400 558 εν
447 498 668 572 γαληνῷ
689 497 888 565 λιμένι,
917 497 984 564 τῇ
1005 495 1098 547 τοῦ
1141 496 1438 558 συνειδότος
1478 497 1816 568 πληροφορίᾳ
1853 499 1914 550 τὸ

341 587 550 653 σκάφος
588 579 902 652 όρμίζουσα.
935 579 1044 630 Καὶ
1093 578 1224 630 αὐτὸ
1259 578 1414 630 τοῦτο
1443 579 1604 632 πάλιν
1645 581 1673 632 6
1705 580 1912 644 Παῦλος

335 668 513 739 δηλῶν
545 665 750 732 ἔλεγεν,
777 663 860 715 ὅτι
888 661 990 712 Διά
1020 659 1192 712 τοῦτο
1222 659 1444 714 ἔδωκεν
1477 661 1856 725 ἀποστόλους
1880 665 1912 716 ό

341 751 484 815 Θεὸς
509 749 658 817 πρὸς
689 742 1089 812 καταρτισμὸν
1119 741 1235 794 τῶν
1268 744 1468 811 ἁγίων,
1495 743 1670 812 μέχρι
1701 761 1912 798 καταν-

337 835 616 903 τήσωμεν
637 833 691 884 οἱ
711 829 932 892 πάντες
959 828 1046 890 είς
1091 825 1204 893 τὴν
1233 825 1483 892 ἑνότητα
1517 825 1628 894 τῆς
1655 828 1909 892 πίστεως

339 923 441 976 καὶ
486 919 596 987 τῆς
648 913 1025 982 ἐπιγνώσεως
1077 912 1184 965 τοῦ
1242 913 1378 966 Υίοῦ
1431 913 1536 966 τοῦ
1589 913 1736 967 Θεοῦ
1759 931 1772 943 θ
1811 915 1910 966 ἵνα

332 1004 550 1076 μηκέτι
572 995 729 1068 ὦμεν
749 996 954 1064 νήπιοι
1058 991 1459 1076 ινδωνιζόμενοι
1484 993 1581 1046 καί
1607 997 1910 1076 περιφερό-

331 1074 506 1157 μενοι
539 1080 716 1136 παντὶ
756 1077 970 1144 ἀνέμῳ.
1010 1074 1171 1144 Ὁρᾷς
1208 1075 1314 1157 τῆς
1343 1074 1577 1157 πίστεως
1617 1075 1676 1128 τὸ
1709 1077 1907 1146 κατόρ-

339 1156 519 1238 θωμα,
550 1167 632 1217 ὅτι
664 1163 736 1223 ὡς
771 1158 986 1229 ἀγκυρά
1023 1174 1105 1219 τις
1156 1156 1420 1226 ἀσφαλὴς,
1449 1156 1618 1219 οὕτως
1658 1157 1908 1211 ἐκϐάλλει

337 1254 430 1307 τὸν
464 1251 648 1304 σάλονο
681 1249 817 1314 ὅπερ
841 1239 932 1296 οῦν
965 1242 1056 1295 καὶ
1095 1242 1254 1304 αὐτὸς
1294 1243 1452 1296 πάλιν
1491 1243 1756 1314 Ἑϐραίοις
1789 1246 1906 1297 ἐπι-

340 1335 570 1398 στέλλει,
594 1329 789 1384 οὑτωσί
837 1327 1007 1393 λέγων
1058 1325 1186 1394 περὶ
1227 1328 1325 1393 τῆς
1367 1323 1628 1389 πίστεως·
1683 1328 1789 1380 ’Ἦν
1824 1328 1904 1392 ὡς

337 1419 608 1488 ἄγκυραν
632 1414 850 1482 ἔχομεν
871 1407 979 1477 τῆς
999 1407 1206 1476 ψυχῆς
1227 1407 1496 1475 ἀσφαλῆ,
1513 1407 1611 1460 καὶ
1631 1409 1903 1476 βεϐαίαν,

336 1505 434 1558 καί
484 1496 911 1568 εἰσερχομένην
955 1497 1040 1560 είς
1081 1494 1148 1547 τὸ
1176 1493 1469 1560 ἐσώτερον
1505 1495 1609 1549 τοῦ
1650 1511 1903 1550 καταπε-

334 1587 660 1655 τάσματος,
714 1577 862 1651 [265]
893 1577 1010 1630 Ἵνα
1055 1575 1161 1646 γὰρ
1207 1575 1444 1638 ἀκούσας
1503 1577 1774 1649 ἄγκυραν,
1829 1579 1902 1650 μὴ

333 1669 564 1739 νομίσῃς
596 1665 746 1719 κάτω
779 1659 1151 1720 καθέλκεσθαι,
1187 1659 1472 1722 δείκνυσιν,
1500 1660 1580 1712 ὅτι
1611 1661 1767 1732 καινή
1818 1677 1902 1724 τις

333 1751 474 1821 αὕτη
496 1751 593 1818 τῆς
629 1745 874 1816 ἀγκύρας
911 1745 944 1814 ἡ
995 1741 1174 1810 φύσις,
1206 1741 1266 1793 οὐ
1297 1743 1448 1793 κάτω
1475 1741 1750 1805 πιέζουσα,
1787 1743 1900 1795 ἀλλ’

332 1836 450 1888 ἄνω
479 1831 808 1899 κουφίζουσα
837 1825 934 1894 τὴν
971 1825 1226 1886 διάνοιαν,
1249 1825 1343 1876 καὶ
1391 1825 1524 1894 πρὸς
1556 1825 1644 1876 τὸν
1677 1825 1900 1895 οὐρανὸν

337 1915 668 1988 μεθιστῶσα,
693 1912 786 1964 καὶ
818 1913 896 1972 εἰς
925 1909 986 1960 16
1010 1906 1269 1977 ἐσώτερον
1296 1905 1388 1960 τοῦ
1419 1907 1901 1977 καταπετάσματος

332 1996 752 2071 χειραγωγοῦσα
769 2012 782 2025 ⁸
811 1993 1207 2061 καταπέτασμα
1234 1989 1340 2060 γὰρ
1370 1989 1601 2042 ἐνταῦθα
1626 1990 1716 2042 τὸν
1741 1991 1902 2060 οὐρα-

331 2085 428 2136 νὺν
463 2081 707 2134 ἐκάλεσε.
741 2077 896 2137 Τίνος
927 2075 1108 2138 ἓνεκα,
1147 2073 1240 2126 καὶ
1276 2072 1363 2124 διὰ
1383 2072 1472 2135 τίς
1499 2073 1621 2124 Ὅτι
1655 2072 1900 2143 καθάπερ

329 2167 398 2219 τὸ
425 2163 822 2230 καταπέτασμα
845 2157 951 2210 ἀπὸ
977 2157 1074 2226 τῆς
1104 2154 1208 2219 ἔξω
1239 2156 1442 2224 σκηνῆς
1461 2156 1662 2225 διεῖργε
1686 2156 1754 2208 τὰ
1773 2155 1900 2224 ἅγια

329 2249 443 2302 τῶν
471 2245 658 2314 ἁγίων,
682 2243 822 2296 οὕτω
853 2241 916 2310 δὴ
950 2241 1044 2292 καὶ
1070 2240 1098 2290 ὁ
1129 2238 1352 2308 οὐρανὸς
1381 2231 1552 2302 οὗτος,
1583 2238 1768 2308 ὥσπερ
1798 2255 1900 2290 κα·-

331 2330 694 2398 ταπέτασμα,
741 2325 902 2395 μέσος
962 2323 1060 2392 τῆς
1110 2322 1340 2384 κτίσεως
1384 2321 1900 2392 παρεμϐεϐλημένος

331 2414 446 2466 ἀπὺ
467 2413 565 2481 τῆς
595 2409 700 2474 ἔξω
731 2407 954 2475 σκηνῆς,
990 2405 1130 2458 τοῦτ’
1178 2404 1310 2465 ἐστι,
1355 2403 1446 2456 τοῦ
1477 2405 1678 2474 κόσμου
1711 2405 1900 2456 τούτου

327 2497 428 2550 τοῦ
453 2493 802 2566 βλεπομένου,
828 2490 1054 2559 διείργει
1088 2487 1154 2540 τὰ
1186 2488 1316 2553 ἅγια
1344 2487 1450 2540 τῶν
1481 2487 1668 2554 ἀγίων,
1697 2486 1764 2540 τὰ
1791 2488 1902 2541 ἀνω

327 2579 506 2646 λέγων
546 2579 641 2628 καὶ
688 2573 754 2626 τὰ
798 2571 936 2640 ὑπὲρ
973 2569 1186 2634 αὐτῶν,
1232 2571 1383 2642 ὅπου,
1409 2569 1711 2640 πρόδρομος
1762 2568 1901 2638 ὑπὲρ

325 2665 364 2731 ἡ
377 2661 492 2732 μῶν
521 2656 733 2727 εἰσῆλθε
765 2653 1018 2724 Χριστός.

403 2745 466 2796 δ’.
500 2743 564 2794 Ὃ
589 2740 643 2792 δέ
665 2739 810 2805 λέγει
836 2733 1072 2787 τοιοῦτόν
1104 2735 1268 2786 ἐστιν·
1304 2733 1449 2787 Ἐκεῖ
1472 2733 1784 2804 μετεωρίζει
1805 2733 1901 2804 τὴν

325 2825 508 2895 ψυχὴν
542 2825 638 2892 τὴν
680 2817 976 2890 ἡμετέραν,
1022 2816 1204 2884 φησὶν,
1240 2816 1273 2885 ἡ
1309 2816 1509 2876 πίστις,
1549 2817 1648 2868 οὐκ
1684 2817 1900 2884 ἀφιεῖσα

325 2907 508 2960 οὐδενὶ
541 2905 646 2957 τῶν
678 2901 957 2971 παρόντων
993 2897 1178 2950 δεινῶν
1210 2897 1641 2965 ταπεινωθῆναι,
1677 2899 1902 2950 ἀνακουο

327 2989 564 3058 φίξουσα
603 2987 728 3048 τοὺς
769 2983 961 3044 πόνους
1007 2983 1071 3050 τῇ
1121 2979 1228 3032 τῶν
1270 2979 1566 3049 μελλόντων
1611 2980 1802 3033 ἐλπίδι.
1843 2981 1901 3034 '0

325 3071 441 3142 γὰρ
469 3072 604 3141 πρὸς
636 3067 703 3119 τά
736 3065 993 3135 μέλλοντα
1022 3060 1262 3132 ἀφορῶν,
1287 3063 1378 3114 καὶ
1405 3061 1501 3131 τὴν
1531 3063 1594 3114 ἐκ
1613 3063 1720 3114 τῶν
1738 3062 1900 3132 οὐρα-

325 3154 437 3206 νῶν
473 3149 756 3220 ἀναμένων
792 3145 998 3206 ἐλπίδα,
1029 3145 1120 3196 καὶ
1154 3143 1279 3204 τοὺς
1310 3142 1620 3214 ὀφθαλμοὺς
1659 3144 1754 3214 τῆς
1784 3143 1898 3196 δια-

327 3235 478 3296 νοίας
509 3234 623 3285 ἐκεῖ
653 3229 921 3299 μετάγων,
951 3225 1066 3277 οὐδέ
1097 3223 1408 3277 αἰσθάνεται
1437 3226 1534 3294 τῆς
1565 3225 1754 3296 ὀδύνης
1791 3225 1899 3278 τῶν

329 3320 388 3370 ἐν
418 3315 498 3386 τῷ
526 3313 756 3383 παρόντι
785 3309 993 3370 δεινῶν,
1020 3309 1205 3378 ὥσπερ
1232 3303 1324 3360 οὖν
1357 3307 1476 3360 οὐδέ
1501 3308 1708 3370 Παῦλος
1733 3308 1899 3377 ῂσθά-

327 3415 473 3460 νετο,
499 3398 590 3450 καὶ
609 3397 708 3463 τὴν
739 3392 915 3445 αἰτίαν
953 3393 1048 3460 τῆς
1070 3391 1382 3459 φιλοσοφίας
1413 3391 1674 3454 ἐδίδασκε,
1697 3391 1895 3458 λέγων·

333 3481 410 3535 Τὸ
451 3479 560 3548 γὰρ
610 3475 946 3544 παραυτίκα
999 3473 1262 3540 ἐλαφρὸν
1309 3473 1418 3541 τῆς
1465 3475 1726 3540 θλίψεως
1769 3474 1896 3527 καθ’

327 3558 676 3629 ὑπερϐολὴν
709 3560 796 3622 είς
837 3553 1183 3622 ὑπερϐολὴν
1212 3553 1452 3607 αἰώνιον
1483 3555 1676 3622 ,βάρος
1715 3556 1898 3623 δόξης

327 3643 476 3712 ἡμῖν
503 3638 930 3710 κατεργάζεται.
963 3635 1108 3700 Πῶς,
1149 3637 1240 3688 καὶ
1265 3636 1370 3688 τίνι
1394 3638 1607 3707 τρόπῳς
1635 3636 1732 3705 Μὴ
1756 3653 1898 3692 σκο-

327 3727 606 3781 πούντων
643 3723 808 3792 ἡμῶν
835 3721 906 3776 τὰ
937 3722 1306 3788 βλεπόμενα,
1349 3719 1508 3772 ἀλλὰ
1543 3721 1614 3773 τὰ
1641 3721 1726 3789 μὴ
1750 3721 1898 3783 ﬁxe-

327 3813 558 3880 πόμενα
581 3807 668 3860 διὰ
687 3805 795 3859 τῶν
826 3805 925 3873 τῆς
954 3805 1186 3865 πίστεως
1210 3801 1516 3870 ὀφθαλμῶν.
1551 3801 1759 3872 Ὥσπερ
1789 3803 1895 3874 γὰρ

325 3895 378 3946 οἱ
418 3891 512 3944 τοῦ
549 3889 800 3960 σώματος
828 3887 978 3940 οὐδέν
1005 3885 1256 3955 βλέπουσι
1285 3883 1492 3954 νοητὸν,
1527 3885 1697 3947 οὓτως
1721 3887 1770 3937 οί
1799 3888 1896 3956 τῆς

325 3975 563 4035 πίστεως
581 3973 729 4025 οὐδὲν
754 3971 1037 4040 βλέπουσιν
1063 3967 1332 4036 αἰσθητόν.
1361 3967 1518 4020 Ἀλλά
1539 3967 1696 4020 ποίαν
1717 3969 1896 4022 πίστιν

326 4055 562 4110 ἐνταῦθα
587 4055 734 4122 λέγει
759 4055 786 4104 6
819 4051 1060 4114 Παῦλος;
1095 4050 1154 4101 τὸ
1191 4048 1299 4118 γὰρ
1338 4049 1434 4116 τῆς
1465 4049 1697 4113 πίστεως
1726 4051 1894 4122 ὄνομα.

324 4137 522 4206 διπλῆν
555 4135 664 4206 ἔχει
688 4134 784 4204 τὴν
825 4133 1116 4203 σημασίαν.
1151 4131 1259 4183 Καὶ¹
1286 4130 1394 4200 γὰρ
1435 4131 1614 4194 πίστις
1655 4132 1891 4200 λέγεται,

326 4219 448 4272 καθ’
487 4220 554 4288 ἦν
578 4217 644 4270 τὰ
670 4219 868 4286 σημεῖα
896 4213 1110 4266 ἐποίουν
1136 4214 1256 4266 τότε
1278 4215 1324 4264 οἰ
1355 4213 1656 4280 ἀπόστολοι,
1678 4217 1802 4284 περὶ
1827 4211 1894 4286 ἧς

324 4305 355 4353 ὁ
389 4300 620 4370 Χριστὸς
665 4299 847 4366 ἔλεγεν
868 4314 880 4327 ’
925 4297 1064 4350 Ἐὰν
1095 4295 1272 4364 ἔχητε
1309 4296 1535 4358 πίστιν,
1564 4297 1644 4362 ὡς
1673 4301 1894 4350 κόκκον

323 4383 643 4448 σινάπεως,
680 4381 862 4450 ἐρεῖτε
913 4378 992 4444 τῷ
1037 4379 1156 4446 ὄρει
1183 4379 1400 4443 τούτῳ,
1433 4377 1754 4446 Μετάϐηθι,
1797 4381 1894 4433 καί

321 4464 740 4534 μεταϐήσεται.
759 4462 867 4516 Καὶ
891 4463 1069 4522 πάλιν,
1099 4462 1186 4514 ὅτε
1213 4461 1301 4512 τὸν
1327 4461 1768 4531 σεληνιαζὸμενον
1793 4465 1892 4517 οὐκ

326 4549 554 4616 ἴσχυσαν
582 4546 879 4612 ἀπαλλάξαι
911 4543 1004 4596 τοῦ
1034 4542 1280 4612 δαίμονος
1298 4543 1346 4594 οἱ
1374 4543 1630 4612 μαθηταὶ,
1671 4545 1760 4596 καὶ
1796 4545 1891 4614 τὴν

323 4631 504 4684 αἰτίαν
529 4629 808 4682 ἐϐούλοντο
854 4627 1062 4698 μαθεῖν,
1103 4623 1303 4693 ταύτην
1338 4625 1519 4686 αὐτοῖς
1554 4625 1768 4696 ᾐνίξατο
1795 4627 1890 4696 τὴν

322 4712 561 4781 ἔλλειψιν
611 4711 709 4781 τῆς
747 4709 1010 4770 πίστεως,
1046 4707 1244 4774 λέγων·
1297 4705 1398 4758 Διά
1451 4705 1558 4770 τὴν
1606 4707 1893 4762 ἀπιστίαν

319 4795 510 4864 ὑμῶν.
539 4795 646 4846 Καὶ
686 4795 714 4845 6
757 4792 968 4853 Παῦλος
1018 4791 1074 4842 δὲ
1125 4789 1250 4859 περί
1287 4789 1454 4857 αὐτῆς
1487 4788 1703 4855 ἔλεγεν·
1751 4792 1891 4845 Ἐὰν

319 4880 441 4946 ἔχω
489 4877 729 4940 πίστιν,
771 4873 926 4926 ὥστε
962 4873 1066 4940 ὅρη
1115 4870 1516 4940 μεθιστάνειν.
1560 4874 1668 4926 Καὶ
1705 4875 1791 4926 ὅτε
1835 4875 1890 4928 δὲ

322 4956 812 5021 καταποντίζεσθαι
831 4955 1020 5024 ἐμελλε
1047 4955 1182 5022 πεζῇ
1208 4951 1435 5021 βαδίζων
1460 4954 1553 5006 ἐπὶ
1573 4955 1670 5022 τῆς
1693 4955 1890 5008 θαλάσ-

322 5057 422 5110 σης
451 5041 478 5092 6
513 5039 734 5108 Πέτρος,
784 5037 910 5090 αὐτὸ
943 5035 1097 5088 τοῦτο
1139 5035 1300 5089 πάλιν
1337 5036 1652 5090 ἐνεκάλεσεν
1699 5041 1728 5091 ὁ
1756 5041 1890 5111 Χρι-

321 5123 468 5186 στὸς,
497 5122 684 5174 εἰπών·
712 5124 880 5187 Είςτί
899 5121 1240 5185 ἐδίστασας,
1259 5119 1629 5185 ὀλιγόπιστε;
1663 5121 1890 5189 Λέγεται

319 5205 500 5256 τοίνυν
524 5203 706 5266 πίστις
722 5205 755 5272 ή
785 5201 892 5254 τῶν
921 5200 1158 5269 σημείων
1179 5199 1400 5252 καὶτῶν
1426 5201 1716 5269 θαυμάτων
1739 5219 1890 5274 ποιη-

320 5287 448 5356 τική
474 5301 489 5316 ⁸
523 5285 740 5353 λέγεται
762 5285 818 5336 δέ
853 5283 1032 5344 πίστις
1061 5283 1152 5333 καὶ
1178 5283 1210 5351 ἡ
1238 5283 1334 5351 τῆς
1363 5284 1440 5344 εἰς
1475 5283 1564 5336 τὸν
1595 5285 1724 5338 Θεὸν
1750 5287 1890 5354 γνώ-

321 5385 458 5430 σεως
499 5365 1002 5438 παρασκευαστικὴ,
1040 5363 1159 5416 καθ’
1203 5365 1269 5432 ἣν
1319 5364 1544 5428 ἕκαστος
1576 5367 1732 5439 ἡμῶν
1773 5373 1888 5422 ἐστι

319 5450 546 5510 πιστός’
599 5449 674 5512 ὡς
707 5449 833 5500 ὅταν
879 5447 1011 5518 λέγῃ
1057 5445 1280 5516 γράφων
1339 5449 1657 5517 Ῥωμαίοιςο
1693 5453 1888 5520 Εὐχα-

315 5531 504 5600 ριστῶ
547 5530 628 5596 τῷ
677 5529 798 5594 Θεῷ
833 5547 952 5598 μου
999 5529 1098 5582 διὰ
1139 5530 1343 5596 Ἰησοῦ
1395 5533 1670 5598 Χριστοῦ,
1709 5534 1796 5586 ὅτι
1849 5538 1887 5602 ἡ

319 5612 528 5676 πίστις
564 5613 731 5680 ὑμῶν
763 5613 832 5664 ἐν
874 5611 996 5676 ὅλῳ
1031 5611 1114 5684 τῷ
1147 5613 1354 5680 κόσμῳ
1390 5616 1848 5682 καταγγέλλεται
1871 5633 1884 5646 σ

318 5693 415 5747 καὶ⁵
443 5693 887 5748 Θεσσαλονικεῦσι
917 5695 1074 5748 πάλιν
1095 5712 1106 5722 ·
1144 5695 1258 5762 Ἀφ’
1281 5694 1445 5762 ὑμῶν
1469 5695 1578 5762 τὰρ
1601 5696 1886 5764 ἐξήχηται

317 5778 353 5829 ό
381 5777 563 5846 λόγος
609 5777 712 5830 τοῦ
749 5775 923 5841 θεοῦ,
974 5777 1044 5831 οὐ
1077 5777 1270 5845 μόνον
1307 5777 1375 5830 ἑν
1409 5775 1478 5847 τῇ
1525 5780 1880 5850 Μακεδονίᾳ,

965 307 1052 364 DE
1092 307 1340 364 VERBIS
1381 309 1741 374 APOSTOIJ,
1785 311 2150 368 HABENTES
2189 313 2479 371 EURIDEM
2523 316 2868 375 SPIRITUM.
2911 319 2954 373 Ι.

3475 321 3583 378 τις

2025 419 2186 475 ἀλλὰ
2215 423 2313 476 καὶ
2348 424 2418 478 ἐν
2444 426 2524 495 τῇ
2554 428 2768 497 Ἀχαΐᾳ,
2805 431 2904 484 καί
2928 429 2996 483 ἐν
3027 431 3204 485 παντί
3244 431 3401 495 τόπῳ
3423 431 3462 501 ἡ
3491 439 3584 491 πίω

2021 518 2154 568 στις
2181 505 2348 574 ὑμῶν
2375 509 2413 575 ἠ
2437 509 2586 576 πρὸς
2615 512 2722 564 τὸν
2751 511 2898 566 Θεὸν
2919 513 3268 581 ἐξελήλυθε.

2091 587 2257 642 Ποίαν
2277 587 2370 643 οὖν
2399 592 2697 646 αἰνίσσεται
2727 595 2958 648 ἐνταῦθα
2988 597 3198 662 πίστινς
3225 596 3474 668 Εὔδηλον,
3504 601 3584 655 ὅτι

2017 667 2115 752 τὴν
2141 673 2240 741 τῆς
2277 673 2559 740 γνώσεως·
2603 678 2695 729 καὶ
2725 678 2874 746 δηλοῖ
2921 678 2989 730 τὰ
3037 679 3184 749 ἑξῆς.
3219 667 3586 752 Πιστεύομεν

2018 750 2144 818 γὰρ,
2187 756 2338 823 φησί,
2370 757 2462 808 διὸ
2491 753 2938 828 καί“λιιλοῦμεν.
2973 759 3036 810 Τί
3073 761 3433 832 πιστεύομεν;
3460 750 3585 818 ’Ὅτι

2018 835 2050 885 ὁ
2080 833 2312 902 ἐγείρας
2340 837 2595 903 Ἰησοῦν,
2619 840 2714 892 καὶ
2751 840 2908 908 ἡμᾶς
2935 841 3126 909 ἐγερεῖ
3150 842 3246 897 διὰ
3276 843 3386 912 τῆς
3406 845 3586 900 δυνά-

2010 929 2184 980 μεως.
2232 916 2394 970 Ἀλλά
2433 919 2520 971 διὰ
2553 920 2606 972 τί
2655 921 2878 992 Πνεῦμα
2923 923 3156 987 πίστεως
3195 921 3360 997 αὐτὴν
3409 927 3583 990 καλεῖ,

2015 998 2107 1050 καὶ
2130 1000 2212 1062 είς
2233 999 2330 1070 τὴν
2351 1001 2458 1054 τῶν
2488 1003 2839 1074 χαρισμάτων
2860 1005 3146 1072 καταλέγει
3169 1007 3320 1072 τάξιν
3341 1027 3354 1074 ;
3387 1011 3450 1062 Εἰ
3477 1010 3585 1080 γὰρ

2014 1081 2258 1152 χάρισμά
2286 1085 2433 1137 ἐστιν
2463 1087 2496 1155 ἠ
2529 1087 2728 1153 πίστις,
2763 1088 2856 1141 καὶ
2889 1089 2986 1158 τῆς
3013 1088 3104 1141 τοῦ
3135 1090 3447 1160 Πνεύματος
3481 1091 3584 1145 δω-

2015 1165 2145 1231 ρεᾶς
2179 1166 2359 1234 μόνον,
2388 1167 2502 1220 ἀλλ’
2549 1170 2647 1238 οὐχ
2687 1170 2957 1241 ἡμέτερον
3004 1171 3352 1242 κατόρθωμα,
3379 1172 3499 1225 οὐτε
3531 1173 3582 1225 οἰ
3653 1201 3658 1208 -

2013 1246 2366 1312 ἀπιστοῦντες
2385 1251 2826 1320 κολασθήσονται,
2841 1251 2963 1306 οὐτε
2982 1255 3029 1306 οί
3060 1254 3402 1318 πιστεύοντες
3428 1257 3583 1308 ἐπαι-

2011 1330 2343 1402 νεθήσονται.
2383 1334 2534 1406 [264]
2574 1336 2806 1409 Τοιαύτη
2853 1337 2962 1408 γάρ
3010 1339 3117 1392 τῶν
3167 1339 3516 1409 χαρισμάτων
3545 1340 3580 1410 ή

2012 1414 2203 1482 φύσις,
2240 1418 2340 1470 οὐκ
2380 1418 2488 1488 ἔχει
2535 1421 2862 1489 στεφάνους,
2898 1419 3020 1473 οὕτε
3061 1421 3313 1490 ἀμοιϐάς.
3362 1422 3434 1474 Οὐ
3473 1421 3580 1492 γὰρ

2010 1497 2116 1551 τῶν
2147 1497 2456 1571 δεξαμένων
2492 1503 2552 1554 16
2581 1503 2750 1573 δῶρόν
2785 1504 2900 1556 ἐστι
2939 1503 3284 1573 κατόρθωμα,
3315 1503 3452 1556 ἀλλά
3479 1505 3580 1574 τῆς

2009 1579 2101 1631 τοῦ
2128 1583 2536 1652 παρεσχηκότος
2561 1583 2954 1655 φιλοφροσύνης
2983 1585 3246 1654 χάρισμα.
3282 1584 3380 1638 Διά
3423 1585 3580 1638 τοῦτο

2009 1662 2100 1714 καὶ
2165 1667 2277 1727 τοῖς
2331 1665 2596 1735 μαθηταῖς
2655 1666 2904 1719 ἐκέλευσε
2961 1666 3034 1737 μὴ
3087 1667 3298 1736 χαίρειν
3358 1667 3451 1718 ἐπὶ
3501 1665 3580 1736 τῷ

2007 1737 2268 1814 δαίμονας
2296 1748 2600 1814 ἐκϐάλλειν,
2645 1749 2738 1802 καὶ
2766 1749 2890 1812 τοὺς
2927 1750 3020 1802 ἐπὶ
3059 1749 3136 1818 τῷ
3164 1749 3384 1818 ὀνόματι
3413 1749 3576 1802 αὐτοῦ

2009 1829 2488 1898 προφητεύσαντας
2519 1832 2613 1884 καὶ
2638 1831 2894 1902 δυνάμεις
2919 1831 3118 1896 πολλὰς
3139 1835 3464 1902 ποιήσαντας
3489 1833 3576 1896 ἐξ-

2010 1909 2168 1962 έϐαλε
2197 1911 2294 1980 τῆς
2324 1911 2600 1980 βασιλείας
2625 1914 2732 1967 τῶν
2775 1915 3039 1983 οὐρανῶν,
3076 1915 3262 1986 ἐπειδὴ
3302 1916 3408 1970 ἀπὸ
3443 1933 3575 1968 κατ-

2007 1991 2339 2061 ορθωμάτων
2375 1996 2474 2064 μὲν
2522 1998 2738 2050 οἰκείων
2775 1998 3030 2068 οὐδεμίαν
3060 1995 3203 2068 εἶχον
3243 1999 3573 2070 παρρησίαν,

2007 2074 2114 2126 ἀπὸ
2143 2075 2198 2127 δέ
2232 2079 2584 2147 χαρισμάτων
2613 2079 2892 2133 ἐϐούλοντο
2923 2080 3190 2145 σώζεσθαι
3221 2081 3397 2151 μόνον.

2076 2162 2138 2209 ε’.
2173 2156 2239 2210 Εί
2278 2158 2456 2212 τοίνυν
2486 2162 2578 2214 καί¹
2604 2164 2638 2232 ἡ
2677 2162 2858 2226 πίστις
2878 2164 3114 2216 τοιοῦτόν
3142 2165 3279 2226 ἐστι,
3303 2165 3395 2218 καὶ
3425 2165 3576 2218 οὐδὲν

2009 2238 2169 2308 ἡμεῖς
2196 2241 2612 2312 εἰσηνέγκαμεν,
2637 2243 2770 2297 ἀλλά
2796 2245 2856 2298 16
2885 2247 2993 2298 πᾶν
3021 2245 3122 2315 τῆς
3147 2245 3240 2298 τοῦ
3264 2246 3574 2317 Πνεύματός

2009 2321 2124 2371 ἐστι
2156 2321 2394 2392 χάριτος,
2424 2326 2518 2377 καὶ
2539 2326 2718 2397 ἐκείνη
2731 2329 2850 2390 ταῖς
2869 2329 3162 2398 ἡμετέραις
3180 2327 3350 2398 αὐτὴν
3379 2331 3571 2398 ἐγκατ⁴

2019 2401 2178 2454 έϐαλε
2223 2403 2442 2474 ψυχαῖς,
2473 2407 2567 2460 καὶ
2595 2409 2782 2462 οὐδένα
2812 2411 2931 2462 ἀντὶ
2953 2410 3156 2464 τούτων
3184 2411 3460 2480 ληψόμεθα
3489 2429 3574 2482 μι-

2011 2483 2154 2547 σθὸν,
2185 2485 2301 2548 πῶς
2344 2483 2437 2540 οὖν
2481 2487 2656 2558 ἔλεγε,
2693 2491 2918 2559 Καρδίᾳ
2949 2492 3060 2560 γὰρ
3104 2495 3442 2547 πιστεύεται
3485 2496 3575 2560 είς

2007 2564 2422 2636 δικαιοσύνην,
2463 2573 2712 2638 στόματι
2747 2572 2815 2624 δὲ
2855 2573 3221 2641 ὁμολογεῖται
3253 2577 3338 2639 είς
3379 2589 3572 2643 σωτη-

1999 2649 2179 2715 ρίαν;
2215 2650 2338 2702 Ὅτι
2369 2651 2464 2704 καὶ
2504 2653 2602 2721 τῆς
2635 2652 2726 2706 τοῦ
2757 2654 3179 2718 πεπιστευκότος
3216 2657 3414 2726 ἀρετῆς
3459 2657 3573 2710 ἐστι

2009 2730 2337 2803 κατόρθωμα
2379 2734 2411 2802 ὴ
2455 2733 2656 2796 πίστις.
2703 2734 2828 2798 Πῶς
2866 2735 2922 2788 δέ
2960 2735 3190 2806 ἀλλαχοῦ
3239 2736 3394 2790 τοῦτο
3441 2739 3574 2792 αὐτὸ

2009 2813 2168 2867 πάλιν
2199 2815 2492 2870 αἰνίττεται
2521 2817 2714 2885 λέγων,
2747 2817 2830 2883 Τῷ
2857 2817 2926 2891 δέ
2948 2819 3034 2887 μὴ
3063 2817 3445 2888 ἐργαζομένῳ,
3475 2833 3572 2873 πι-

2009 2897 2282 2949 στεύοντι
2319 2896 2388 2948 δὲ
2419 2899 2517 2951 ἐπὶ
2541 2899 2648 2952 τὸν
2671 2899 3014 2954 δικαιοῦντα
3042 2901 3148 2954 τὸν
3172 2901 3380 2968 ἀσεϐῆ,
3407 2905 3573 2965 .107!-

2009 2976 2161 3036 ζεται
2195 2979 2233 3046 ἡ
2263 2979 2468 3044 πίστις
2492 2981 2578 3044 είς
2605 2980 3022 3049 δικαιοσύνην,
3058 2984 3106 3034 εί
3137 2983 3236 3052 τῆς
3273 2983 3366 3036 τοῦ
3399 2985 3570 3037 Πνεύ-

2011 3075 2180 3128 ματος
2214 3061 2433 3130 χάριτος
2460 3060 2522 3112 16
2553 3062 2658 3114 πᾶν
2685 3064 2827 3128 ἐστι;
2858 3062 2975 3126 πῶς
2995 3064 3051 3116 δὲ
3073 3064 3166 3116 καί
3195 3064 3285 3118 τὸν
3308 3067 3573 3137 πατριάρ-

2008 3157 2108 3210 χην
2141 3140 2389 3211 Ἀϐραάμ
2419 3142 2485 3194 δι’
2517 3143 2682 3212 αὐτῆς
2705 3156 2730 3183 ιι
2760 3145 2972 3214 μυρίοις
3001 3146 3256 3214 ἀνέδησεν
3285 3147 3571 3217 ἐγκωμίων

2010 3222 2312 3290 στεφάνοις,
2339 3225 2420 3276 ὅτι
2442 3225 2510 3276 τὰ
2537 3225 2778 3295 παρόντα
2804 3226 2977 3278 πάντα
3015 3228 3406 3298 παραδραμὼν,
3441 3233 3572 3301 παρ’

2007 3305 2198 3358 ἐλπίδα
2223 3307 2308 3358 ἐπ’
2332 3304 2508 3358 ἐλπίδι
2537 3306 2853 3372 ἐπίστευσε;
2876 3309 3028 3371 Τίνος
3053 3305 3143 3362 οὖν
3170 3309 3329 3363 ἕνεκα
3351 3312 3572 3381 Πνεῦμα

2008 3387 2242 3449 πίστεως
2275 3388 2444 3459 αὐτὴν
2474 3388 2656 3452 καλεῖ;
2702 3389 2907 3444 Ἐκεῖνο
2935 3389 3103 3454 δεῖξαι
3131 3389 3466 3462 βουλόμενος,
3490 3395 3571 3447 ὅτι

2004 3468 2065 3520 16
2105 3469 2202 3538 μὲν
2238 3469 2390 3540 παρὰ
2434 3469 2531 3538 τὴν
2578 3469 2751 3540 ἀρχὴν
2797 3471 3120 3535 πιστεῦσαι,
3155 3473 3250 3542 τῆς
3299 3476 3570 3546 ἡμετέρας

2006 3551 2422 3620 εὐγνωμοσύνης
2454 3552 2604 3614 ἐστὶ,
2659 3553 2750 3604 καὶ
2789 3551 2849 3604 16
2885 3553 3186 3606 ὑπακοῦσαι
3236 3555 3529 3625 κληθέντας
3551 3574 3565 3588 ·

2008 3631 2147 3700 μετά
2176 3631 2231 3683 δὲ
2261 3631 2322 3684 16
2356 3631 2760 3703 καταϐληθῆναι
2786 3634 2882 3704 τὴν
2908 3633 3112 3698 πίστιν,
3143 3635 3242 3705 τῆς
3266 3636 3358 3689 τοῦ
3398 3639 3568 3690 Πνεύ-

2009 3731 2176 3784 ματος
2211 3713 2439 3784 δεόμεθα
2469 3715 2738 3784 βοηθείας,
2761 3715 2900 3768 ὥστε
2928 3717 3104 3785 μένειν
3124 3718 3289 3786 αὐτὴν
3311 3718 3568 3790 διηνεκῶς

2005 3797 2249 3851 ἄσειστον
2288 3799 2380 3849 καί
2411 3797 2824 3868 ἀπερίτρεπτον.
2857 3797 2992 3851 Οὔτε
3008 3798 3116 3870 γὰρ
3144 3801 3171 3852 6
3203 3799 3355 3865 Θεὸς,
3381 3801 3502 3855 οὔτε
3533 3805 3566 3875 ἡ

2003 3877 2096 3931 τοῦ
2118 3879 2428 3948 Πνεύματος
2443 3880 2600 3950 χάρις
2620 3880 2716 3950 τὴν
2739 3881 3011 3951 ἡμετέραν
3041 3883 3341 3950 προφθάνει
3371 3886 3564 3954 προαί-

2009 3977 2155 4031 ρεσιν
2175 3977 2189 3992 ⁸
2209 3961 2345 4014 ἀλλὰ
2365 3962 2522 4014 καλεῖ
2549 3962 2666 4031 μὲν,
2689 3961 2944 4030 ἀναμένει
2975 3961 3030 4014 δέ
3052 3961 3190 4016 ὦστε
3221 3965 3444 4029 ἑκόντας
3471 3968 3565 4021 καὶ

2006 4043 2360 4114 βουληθέντας
2373 4044 2581 4097 σίκοθεν
2608 4043 2922 4113 προσελθεῖν
2945 4060 2958 4073 ·
2979 4040 3097 4098 εἷτα
3115 4085 3130 4110 ,
3168 4049 3383 4100 ἐπειδὰν
3396 4065 3564 4119 προσ-

2003 4125 2266 4195 έλθωμεν,
2313 4127 2433 4200 τότε
2467 4127 2564 4196 τὴν
2607 4126 2736 4194 παρ’
2774 4125 2965 4178 ἐαυτοῦ
2997 4127 3222 4198 παρέχει
3255 4130 3566 4200 συμμαχίαν

2003 4208 2242 4262 ἃπασαν.
2293 4195 2527 4278 Ἐπειδὴ
2554 4206 2664 4278 γὰρ
2711 4209 2804 4260 καὶ
2847 4209 2876 4260 6
2929 4195 3172 4273 διάϐολος
3219 4195 3477 4280 μετά-τδ-
3497 4215 3562 4283 τῇ

2003 4291 2182 4343 πίστει
2214 4289 2526 4360 προσελθεῖν
2569 4291 2749 4359 ἡμᾶς,
2790 4290 2991 4354 εὐθέως
3043 4294 3434 4366 ἐπεισέρχεται,
3467 4295 3566 4366 τὴν

2002 4372 2172 4441 καλὴν
2199 4372 2402 4439 ταύτην
2448 4371 2602 4442 ῥίζαν
2633 4372 2942 4426 ἀνασπάσαι
2983 4373 3334 4444 βουλόμενος,
3374 4378 3465 4430 καί
3496 4378 3566 4432 τὰ

2002 4451 2216 4515 ζιζάνια
2257 4455 2477 4522 σπεῖραι
2524 4453 2875 4522 ἐπειγόμενος
2895 4494 2910 4518 ,
2943 4457 3036 4507 καὶ
3065 4457 3176 4519 τοῖς
3201 4457 3441 4526 γνησίοις
3470 4459 3566 4512 καὶ

2002 4533 2264 4603 καθαροῖς
2313 4533 2654 4603 λυμήνασθαι
2699 4535 2976 4608 σπέρμασι
3003 4577 3017 4595 ,
3061 4537 3291 4606 δεόμεθα
3339 4540 3438 4608 τῆς
3468 4541 3563 4594 τοῦ

2001 4615 2142 4668 Πνεύ
2151 4631 2317 4685 ματος
2336 4615 2584 4684 βοηθείας
2603 4615 2744 4678 τότε,
2764 4617 2870 4678 ἵνα,
2891 4617 3136 4690 καθάπερ
3157 4620 3399 4690 γεωργὸς
3419 4620 3566 4688 φιλό-

2000 4713 2161 4759 πονος
2193 4697 2245 4763 ι),
2299 4695 2728 4765 ἐγκαθεζόμενος
2777 4697 2934 4767 ἡμῶν
2979 4702 3046 4769 τῇ
3074 4700 3252 4770 ψυχῇ,
3284 4702 3448 4772 πολλῇ
3495 4707 3562 4774 τῇ

1999 4779 2170 4846 φειδοῖ
2193 4779 2287 4831 καὶ⁸
2311 4779 2536 4848 προνοίᾳ
2559 4777 2766 4850 τειχίζῃ
2799 4779 3056 4835 πάντοθεν
3085 4782 3144 4834 τὸ
3175 4784 3433 4852 νεοπαγὲς
3463 4785 3564 4854 τῆς

2001 4861 2233 4922 πίστεως
2263 4859 2558 4927 φυτόν.Διά
2590 4860 2747 4912 τοῦτο
2779 4861 3254 4916 Θεσσαλονικεῦσιν
3277 4866 3560 4919 ἐπέστελλε

1998 4942 2193 5008 λέγων,
2239 4942 2308 4995 T6
2342 4941 2582 5010 Πνεῦμα
2620 4942 2706 5010 μὴ
2741 4943 3070 5008 σϐέννυτε,
3125 4945 3297 5014 δηλῶν
3333 4947 3414 4998 ὅτι
3463 4948 3561 5016 τῆς

1997 5023 2094 5076 τοῦ
2146 5024 2462 5094 Πνεύματος
2517 5025 2738 5095 χάριτος
2784 5026 3227 5098 ἐπεισελθούσης,
3279 5029 3563 5096 ἀκαταγώ-

1999 5123 2168 5159 νιστοι
2199 5106 2276 5176 τῷ
2302 5107 2523 5178 πονηρῷ
2552 5108 2760 5177 δαίμονι
2781 5109 2962 5163 λοιπὸν
2993 5109 3086 5162 καὶ
3115 5113 3232 5174 ταῖς
3263 5110 3562 5180 μεθοδείαις

1998 5185 2164 5240 αὐτοῦ
2201 5188 2401 5251 πάσαις
2427 5189 2680 5258 ἐσόμεθα.
2717 5191 2909 5261 Είγάρ
2938 5191 3111 5255 οὐδεὶς
3147 5191 3365 5244 δύναται
3390 5195 3560 5246 εἰπεῖν

1997 5268 2202 5339 Κύριον
2254 5270 2478 5340 Ἰησοῦν,
2531 5274 2578 5324 εί
2631 5273 2704 5342 μὴ
2759 5275 2818 5326 ἐν
2857 5271 3128 5342 Πνεύματι
3177 5273 3336 5344 ἁγίῳ,
3382 5275 3562 5346 πολλῷ

2001 5351 2197 5419 μᾶλλον
2225 5353 2324 5421 τὴν
2355 5354 2535 5407 πίστιν
2558 5355 2771 5424 ἀσφαλῆ
2796 5355 2890 5408 καὶ
2915 5355 3286 5426 ἐρριζωμένην
3316 5357 3375 5408 οὐ
3402 5357 3562 5428 δυνή-

1998 5448 2150 5486 σεται
2186 5439 2501 5504 κατασχεῖν,
2537 5439 2584 5490 εί
2623 5437 2696 5507 μὴ
2728 5441 2785 5490 ἐν
2813 5437 3084 5510 Πνεύματι
3124 5439 3282 5509 ἁγίῳ.

2069 5521 2143 5578 ς’.
2164 5516 2289 5576 Πῶς
2307 5517 2362 5569 δὲ
2389 5518 2727 5589 δυνησόμεθα
2751 5520 2848 5590 τὴν
2872 5519 2965 5574 τοῦ
2993 5520 3306 5592 Πνεύματος
3331 5523 3543 5578 ἐπισπά-

2000 5597 2192 5650 σασθαι
2243 5598 2517 5670 βοήθειαν,
2564 5601 2657 5653 καὶ
2703 5605 2887 5656 πεῖσαι
2932 5605 3108 5672 μεῖναι
3143 5606 3269 5676 παρ’
3309 5605 3558 5673 ἐαυτοῖςς

2056 5723 2081 5751 ⁸
2109 5723 2212 5771 Duo
2233 5735 2345 5771 mss.
2369 5723 2426 5769 δι’
2450 5722 2611 5777 αὐτήν.

2055 5783 2082 5823 Ῑθ
2116 5785 2217 5833 Duo
2252 5798 2364 5834 mss.
2389 5785 2657 5847 φιλοπόνως.
