4058 6258
272 331 385 389 277

272 449 447 501 rimus
475 442 695 497 allicere
721 441 976 495 auxilium
1006 439 1257 509 Spiritus,
1280 444 1435 511 eique
1456 439 1780 510 persuadere
1812 450 1869 493 ut

274 540 420 606 apud
453 550 551 589 nos
578 549 794 588 manere
826 532 989 587 velit?
1029 532 1133 586 Per
1158 547 1320 603 Opera
1354 534 1491 587 bona
1518 544 1573 587 et
1613 533 1869 603 optimam

276 627 493 683 vivendi
535 625 819 680 rationem.
864 624 1014 679 Sicut
1059 624 1200 678 enim
1248 623 1479 679 lucerna:
1521 623 1698 678 lumen
1748 621 1871 677 oleo

276 719 561 781 retinetur,
579 726 633 771 et
648 726 966 784 consumpto
988 730 1053 770 eo
1073 715 1243 784 ipsum
1260 730 1472 785 quoque
1494 731 1594 769 una
1617 730 1871 769 consum-

277 820 430 879 ptum
460 807 736 863 evanescit
765 807 867 860 :ita
894 808 1053 860 etiam
1083 806 1310 875 Spiritus
1338 805 1529 876 gratia,
1549 805 1674 859 dum
1707 805 1871 859 hahe-

277 914 400 953 mus
448 913 613 969 opera
654 897 832 964 bona,
876 903 931 949 et
976 896 1182 951 crebris
1231 896 1589 965 eleemosynis
1636 897 1870 949 animam

276 992 540 1061 rigamus,
565 998 746 1045 manet
767 1005 873 1043 non
899 990 1055 1043 aliter
1076 1004 1232 1058 quam
1256 987 1467 1042 flamma
1490 989 1611 1043 oleo
1633 998 1871 1043 retenta:

276 1098 401 1153 quae
426 1082 469 1137 si
494 1097 601 1136 non
631 1080 830 1145 adsint,
856 1080 1058 1135 recedit
1083 1095 1113 1133 a
1142 1080 1294 1134 nobis
1315 1090 1368 1135 et
1390 1080 1526 1144 abit;
1551 1080 1690 1150 quod
1712 1080 1873 1135 etiam

277 1174 520 1242 quinque
543 1172 645 1225 illis
674 1169 969 1239 virginibus
989 1168 1202 1222 accidit.
1220 1169 1431 1223 Etenim
1462 1170 1565 1223 illa:
1590 1178 1707 1239 post
1734 1171 1873 1224 mul-

280 1272 369 1316 tos
400 1262 616 1316 labores
641 1275 705 1314 ac
730 1260 953 1313 sudores
973 1299 988 1324 ,
1017 1274 1137 1313 cum
1170 1259 1369 1315 nullum
1400 1259 1659 1314 haberent
1687 1277 1751 1315 ex
1780 1277 1873 1315 sua

278 1353 611 1422 benignitate
639 1350 944 1421 przesidium
972 1393 986 1417 ,
1020 1367 1125 1404 non
1158 1362 1441 1420 potuerunt
1472 1352 1611 1420 apud
1652 1368 1710 1406 se
1751 1354 1874 1406 reti-

279 1460 413 1498 nere
453 1442 683 1513 Spiritus
706 1442 930 1512 gratiam
968 1460 979 1495 :
1012 1452 1173 1511 atque
1226 1443 1349 1497 ideo
1395 1452 1521 1512 sunt
1564 1459 1594 1497 a
1641 1443 1876 1498 thalamo

277 1537 543 1607 repulsae,
579 1550 877 1605 vocemque
905 1534 1048 1589 illam
1081 1534 1373 1590 terribilem
1402 1536 1689 1591 audierunt
1727 1554 1740 1590 :
1779 1536 1873 1591 Di-

278 1630 489 1693 scedite,
513 1645 613 1682 non
635 1629 749 1681 novi
771 1645 855 1682 vos
883 1627 1094 1699 (Matth.
1130 1628 1220 1683 25.
1246 1629 1335 1697 η)
1359 1647 1371 1682 :
1392 1644 1511 1699 qua:
1533 1630 1614 1683 vel
1631 1628 1873 1699 gi-henna

281 1720 381 1772 fuit
408 1720 621 1790 gravior
643 1735 658 1783 ;
681 1728 898 1788 propter
919 1718 1021 1773 hoc
1040 1719 1199 1773 etiam
1223 1718 1402 1774 stulta:
1426 1730 1550 1774 sunt
1574 1720 1872 1789 appellate;

282 1818 341 1863 et
386 1810 623 1863 merito:
656 1809 908 1879 quoniam
946 1824 1067 1863 cum
1112 1810 1515 1879 impotentiores
1557 1812 1877 1880 cupiditates

281 1900 559 1965 vicissent,
584 1914 615 1953 a
655 1901 829 1955 minus
868 1900 1038 1955 valida
1076 1910 1200 1955 sunt
1240 1901 1412 1955 victae.
1448 1901 1603 1967 Vide,
1644 1916 1826 1972 quaaso
1858 1919 1871 1955 :

282 2002 495 2046 natura:
541 1992 845 2047 violentiam
886 2003 1301 2062 superaverunt,
1344 1994 1581 2048 rabidam
1615 1995 1874 2049 insaniam

282 2084 629 2139 frcnaverunt
656 2126 673 2150 ,
704 2085 1010 2153 cupidinum
1043 2084 1237 2139 fluctus
1261 2085 1581 2141 sedavcrunt
1603 2128 1617 2151 ,
1651 2087 1701 2139 in
1734 2100 1873 2140 terra

283 2174 544 2243 degentes
570 2175 866 2245 angelicam
894 2174 1054 2229 vitam
1085 2176 1366 2240 vixerunt,
1403 2191 1630 2245 corpore
1671 2177 1875 2229 vestita:

284 2265 637 2334 incorporeas
678 2266 901 2320 virtutes
940 2267 1203 2320 mmulatre
1243 2276 1404 2332 sunt,
1451 2276 1506 2321 et
1545 2276 1662 2336 post
1702 2277 1876 2321 unitos

282 2355 498 2411 labores
538 2371 882 2425 pecuniarum
922 2356 1265 2425 cupiditatem
1312 2373 1417 2411 non
1449 2366 1873 2426 snperaveruut,

283 2446 464 2499 stulta:
496 2461 679 2500 revera
712 2456 766 2501 et
791 2447 1077 2501 inscnsata:
1104 2466 1119 2501 :
1148 2460 1474 2517 quapropter
1494 2464 1562 2503 ne
1584 2451 1735 2503 venia
1758 2449 1872 2517 qui-

281 2537 409 2591 dem
448 2537 623 2607 digna:
656 2550 781 2593 sunt
820 2538 1032 2593 habitur.
1066 2537 1269 2606 Lapsus
1296 2540 1436 2593 enim
1468 2555 1651 2595 earum
1690 2555 1873 2593 socor-

279 2627 387 2682 dia:
418 2630 513 2683 fuit
534 2630 699 2683 solius
736 2648 749 2685 :
780 2646 899 2700 qua:
928 2630 1070 2684 enim
1102 2630 1152 2683 in
1186 2640 1329 2683 tanta
1363 2629 1572 2683 llamma
1605 2630 1874 2685 fornacem

281 2729 567 2788 potuerant
594 2720 901 2790 cupidinum
923 2721 1281 2791 exsnnguere,
1311 2730 1364 2775 et
1400 2723 1533 2775 ultra
1555 2730 1701 2789 septa
1734 2734 1877 2775 tran-

281 2811 568 2873 silieraut,
614 2822 667 2866 et
716 2812 868 2880 plura
910 2827 1066 2880 quam
1106 2811 1271 2880 jussu:
1314 2821 1467 2865 erant
1520 2813 1878 2881 priestiterant

285 2901 456 2972 (nulla
498 2903 638 2955 enim
678 2903 763 2956 lex
814 2902 1169 2972 virginitatem
1216 2902 1455 2971 prmcipit
1497 2918 1510 2952 :
1551 2903 1732 2957 libera:
1774 2902 1878 2956 hoc

280 2992 543 3046 voluntati
571 2993 874 3047 auditorum
904 2990 1264 3063 relinquitur),
1302 3001 1419 3061 post
1450 2991 1562 3046 inec
1589 2992 1765 3047 tnunia
1793 2992 1875 3045 vi-

280 3092 386 3136 cta:
412 3092 536 3136 sunt
572 3098 603 3137 a
635 3083 854 3152 pecunia
888 3100 901 3137 :
933 3098 1039 3152 quo
1075 3082 1200 3151 quid
1228 3098 1347 3137 esse
1392 3083 1744 3137 miserabilius
1783 3099 1878 3153 po-

282 3181 423 3239 test,
465 3173 510 3226 si
540 3183 757 3242 propter
788 3173 1062 3241 paululum
1103 3175 1311 3244 argenti
1348 3190 1600 3228 coronam
1638 3190 1668 3229 e
1702 3176 1879 3244 capite

283 3264 614 3334 projiciant?
644 3264 767 3318 llaec
793 3264 935 3330 dico,
964 3280 1070 3317 non
1099 3264 1240 3334 quod
1267 3280 1456 3319 manus
1488 3266 1746 3334 virginum
1769 3265 1877 3320 dis-

281 3358 490 3411 solvam
514 3399 530 3424 ,
562 3372 737 3426 neque
764 3357 905 3427 quod
930 3357 1286 3428 virginitatem
1327 3358 1669 3429 exstinguere
1691 3359 1875 3424 velim,

285 3448 384 3503 sed
413 3462 480 3502 ne
519 3448 777 3503 inutiliter
799 3460 1050 3516 currant,
1084 3465 1152 3505 ne
1190 3460 1311 3519 post
1354 3450 1611 3520 plurimos
1652 3453 1878 3508 sudores

283 3554 487 3594 corona
510 3540 729 3609 privata!
751 3549 806 3595 et
835 3541 1035 3609 pudore
1064 3542 1234 3610 plenas
1263 3557 1329 3596 ex
1368 3558 1529 3598 arena
1566 3543 1870 3600 discedant.

291 3630 440 3685 Bona
482 3647 568 3687 res
615 3643 692 3687 est
736 3634 1041 3703 virginitas,
1070 3644 1124 3688 et
1151 3634 1322 3702 majus
1348 3650 1505 3702 quam
1546 3650 1642 3704 pro
1672 3646 1873 3691 ηειιιιιηυ

289 3723 492 3778 viribus
520 3725 766 3778 meritum
801 3743 814 3778 :
849 3724 940 3779 sed
970 3725 1107 3779 bona
1134 3725 1247 3779 htec
1274 3741 1361 3780 res
1391 3735 1445 3781 et
1470 3742 1658 3796 magna
1694 3737 1749 3781 et
1777 3743 1876 3781 na-

288 3824 465 3869 turam
494 3830 775 3885 superans,
803 3816 902 3870 nisi
928 3816 1303 3886 benignitatem
1334 3816 1524 3871 habeat
1546 3817 1873 3886 adjunctam,

288 3924 358 3961 ne
406 3908 457 3961 in
504 3908 823 3962 vestibulum
868 3907 1083 3978 quidem
1133 3907 1349 3962 thalami
1400 3909 1606 3978 ingredi
1657 3910 1874 3977 poterit.

288 4002 465 4068 Atque
488 3998 571 4053 hic
597 3999 729 4053 tnihi
758 3999 1037 4054 considera
1069 3999 1409 4069 benignitatis
1437 4002 1543 4053 vim
1568 4011 1617 4055 et
1642 4002 1875 4056 eleemo-

286 4105 435 4162 syua:
461 4093 767 4159 potentiam.
796 4092 1081 4162 Virginitas
1101 4093 1217 4145 sine
1240 4092 1582 4163 eleemosyna
1612 4108 1677 4147 ne
1708 4094 1759 4147 in
1787 4108 1876 4149 ve-

285 4183 546 4237 stibulum
578 4184 791 4253 quidem
824 4183 1041 4237 thalami
1075 4185 1368 4253 perducere
1396 4186 1606 4255 putuit;
1636 4186 1873 4241 eleemo-

284 4288 419 4343 syua
467 4289 593 4327 vero
642 4274 724 4329 vel
770 4274 887 4330 sine
932 4274 1234 4344 virginitate
1281 4276 1526 4330 alumnos
1576 4292 1705 4331 suos
1754 4292 1874 4331 cum

286 4379 479 4434 magna
510 4364 665 4419 laude
698 4364 749 4418 in
780 4380 1003 4435 regnum
1032 4374 1156 4420 ante
1199 4366 1472 4420 conditum
1514 4368 1699 4421 urbem
1742 4384 1878 4437 prae-

290 4464 533 4522 paratmn
556 4471 713 4509 manu
739 4455 971 4510 deducit.
999 4456 1091 4510 lla:
1111 4456 1373 4526 siquidem
1397 4459 1646 4527 quoniam
1676 4458 1874 4527 largam

289 4549 686 4618 elecmosynam
711 4564 815 4602 non
838 4547 1215 4615 exhibuerant,
1238 4549 1523 4603 audierunt
1547 4566 1561 4601 :
1584 4550 1748 4615 Abite,
1776 4568 1877 4605 non

290 4644 405 4694 novi
426 4656 513 4693 vos
545 4656 563 4695 .'
594 4640 668 4694 illi
705 4656 833 4695 vero
859 4640 947 4710 qui
987 4641 1253 4695 sitientem
1284 4648 1633 4710 potaverhnt,
1662 4651 1716 4697 ct
1754 4657 1877 4696 esu-

290 4731 516 4785 rientem
544 4730 791 4805 aluerunt
818 4732 1119 4796 Christum,
1151 4732 1357 4786 tametsi
1387 4733 1738 4801 virginitatem
1769 4750 1874 4788 non

295 4822 600 4891 proferrent
643 4824 695 4876 in
740 4823 999 4888 medium,
1043 4824 1368 4877 audierunt:
1408 4824 1601 4892 Venite,
1632 4824 1877 4879 benedicti

294 4911 468 4966 Patris
497 4914 591 4966 mei
610 4956 625 4979 ,
660 4914 909 4982 possidete
940 4931 1148 4983 regnum
1176 4926 1412 4982 paratum
1450 4916 1585 4970 vobis
1622 4934 1655 4969 a
1692 4917 1878 4971 consli-

288 5003 482 5056 tutione
528 5004 703 5058 inundi
751 5003 931 5074 (Ibid.
962 5021 1010 5057 υ.
1039 5003 1177 5076 5-1).
1230 5005 1295 5060 Ει
1336 5007 1564 5060 merito:
1595 5007 1682 5075 qui
1733 5009 1875 5062 enim

291 5093 653 5163 virginitatem
683 5101 891 5161 servat,
933 5104 988 5149 et
1024 5094 1271 5164 jejunat,
1300 5096 1399 5150 sibi
1444 5097 1541 5166 ipsi
1580 5098 1724 5151 utilis
1750 5107 1873 5152 est:

287 5187 378 5253 qui
398 5199 527 5239 vero
544 5187 844 5252 miseretur,
862 5188 1159 5240 communis
1176 5197 1257 5240 est
1273 5186 1647 5259 naufragorum
1670 5198 1875 5257 portus,

291 5278 655 5345 proximorum
680 5288 1044 5349 paupertatem
1070 5278 1375 5346 sublevans,
1394 5289 1448 5334 et
1470 5281 1655 5335 alienis
1691 5296 1877 5335 neces-

290 5369 539 5423 sitatibus
565 5385 903 5424 succurrens.
928 5370 1190 5425 Caeterum
1210 5387 1274 5425 ex
1304 5371 1592 5426 benefactis
1612 5388 1879 5440 qua-cum-

291 5475 394 5532 que
414 5463 480 5517 ad
503 5464 726 5518 aliorum
746 5465 1025 5519 utilitatem
1050 5465 1199 5529 fiunt,
1220 5479 1281 5519 ea
1303 5465 1637 5533 potissimum
1664 5466 1875 5520 laudem

291 5557 587 5622 promereri
619 5556 815 5611 solent.

363 5646 417 5700 7.
455 5647 580 5712 Qua:
605 5656 856 5718 praecepta
878 5645 988 5702 Deo
1012 5664 1146 5702 cura:
1170 5648 1268 5701 sint
1288 5661 1401 5717 pra:
1424 5650 1633 5702 ueteris.
1660 5647 1877 5719 Virgini-

293 5740 410 5792 tatis
438 5740 678 5809 dignitas.
702 5769 771 5778 ι-
801 5739 867 5794 Et
897 5750 952 5794 ut
981 5740 1117 5795 scias
1147 5739 1265 5794 talia
1296 5748 1553 5809 prtt‘ccpta
1583 5756 1689 5811 pra:
1717 5750 1873 5797 caete-

957 326 1044 385 DE
1085 325 1332 384 VERBIS
1373 322 1728 396 APOSTOLI,
1771 324 2133 384 llABENTES
2173 326 2459 385 EUMDEM
2500 324 2841 384 SPlRlTUll.
2882 325 2922 384 l.

3459 329 3565 389 278

1982 438 2056 492 ris
2087 439 2196 493 Deo
2219 454 2363 494 cura:
2383 454 2503 494 esse
2519 480 2534 505 ,
2564 438 2633 495 de
2655 437 2861 509 jejunio
2888 448 2943 495 et
2970 439 3270 510 virginitate
3293 440 3567 499 disserens

1978 531 2125 600 regni
2155 531 2406 585 ctelorum
2439 532 2680 586 meminit
2708 549 2721 586 :
2756 532 2845 587 ubi
2877 546 3004 587 vero
3043 532 3110 587 de
3147 533 3483 603 eleemosyua
3513 545 3571 589 et

1979 621 2295 677 liberalitate
2323 623 2465 692 agit,
2498 632 2552 678 et
2576 632 2634 677 ut
2660 639 2759 678 nos
2787 623 3162 679 misericordes
3190 622 3565 690 exhibeamus,

1980 714 2239 783 praecipit,
2271 713 2428 783 longe
2453 714 2683 784 amplius
2711 730 2869 785 quam
2897 729 3117 784 regnum
3148 715 3400 768 cariosum
3434 729 3569 783 pra:-

1980 803 2142 857 niium
2166 804 2412 873 proponit
2441 820 2457 858 :
2486 802 2554 860 Ut
2579 805 2737 873 ﬁalis,
2762 805 2951 875 inquit.
2979 805 3167 859 similes
3196 803 3368 859 Patris
3396 805 3565 867 vestri.

1978 897 2066 966 qui
2088 897 2141 950 in
2167 898 2304 951 aclis
2330 908 2401 951 est
2431 896 2645 966 (Matth.
2674 897 2731 953 5.
2758 898 2874 965 45).
2925 898 3033 951 Illac
3061 898 3205 953 enim
3233 898 3569 967 potissimum

1981 987 2125 1057 leges
2159 988 2429 1043 hominem
2472 989 2701 1043 similem
2746 989 2855 1044 Deo
2897 990 3144 1055 reddunt,
3175 1000 3433 1059 quatenus
3460 990 3569 1045 Deo

1980 1078 2207 1133 similem
2250 1079 2361 1133 fieri
2402 1078 2671 1133 hominem
2714 1079 2855 1144 licet,
2887 1096 3007 1149 qua:
3032 1081 3098 1134 ad
3131 1080 3392 1149 publicam
3424 1081 3569 1134 utili-

1982 1178 2144 1224 tatem
2175 1170 2394 1226 faciunt.
2426 1170 2491 1224 Et
2512 1170 2615 1225 hoc
2635 1170 2939 1241 significans
2968 1170 3211 1225 Christus
3231 1170 3360 1225 dicit
3392 1189 3406 1225 :
3436 1170 3570 1238 Quia

1977 1254 2135 1316 solem
2175 1278 2323 1316 suum
2367 1261 2490 1316 oriri
2531 1262 2651 1331 facit
2689 1279 2841 1331 super
2880 1263 3033 1316 bonos
3059 1279 3120 1316 ac
3148 1264 3338 1325 malos,
3366 1273 3411 1317 et
3439 1262 3571 1332 pluit

1978 1370 2130 1423 super
2146 1354 2314 1425 justas
2337 1369 2397 1405 ac
2422 1354 2656 1425 injustas.
2705 1352 2777 1407 lta
2808 1368 2903 1407 vos
2938 1356 3147 1423 quoque
3175 1369 3272 1423 pro
3300 1369 3393 1407 sua
3419 1354 3569 1422 quis-

1980 1461 2083 1515 que
2108 1445 2243 1498 virili
2275 1444 2611 1499 facultatibus
2643 1445 2837 1498 vestris
2878 1445 2930 1499 in
2969 1459 3307 1501 communem
3348 1445 3569 1499 fratrum

1982 1535 2260 1589 utilitatem
2292 1534 2522 1600 utendo,
2563 1534 2842 1589 imitamini
2875 1550 2997 1589 eum
3024 1537 3112 1606 qui
3141 1535 3277 1589 bona
3312 1551 3405 1590 sua
3443 1552 3572 1606 pro-

1982 1625 2128 1693 punit
2149 1640 2215 1679 ex
2242 1640 2400 1694 azquo
2419 1623 2688 1678 omnibus.
2724 1623 2914 1694 lugens
2939 1634 3023 1679 est
3047 1625 3365 1694 virginitatis
3393 1626 3571 1696 digitio

1981 1727 2082 1784 tas,
2115 1717 2340 1788 ideoque
2367 1718 2512 1771 illam
2539 1717 2827 1772 admodum
2853 1718 2959 1771 coli
2999 1728 3053 1772 et
3091 1718 3350 1774 celebrari
3388 1718 3568 1787 cupio.

1982 1813 2076 1867 Est
2111 1814 2252 1868 enim
2287 1812 2516 1884 dignitas
2544 1813 2877 1883 virginitatis,
2913 1828 3017 1866 non
3043 1813 3214 1867 solum
3253 1812 3520 1866 abstinere
3541 1827 3570 1863 a

1980 1904 2217 1973 nuptiis,
2263 1919 2446 1959 verum
2492 1904 2651 1959 etiam
2698 1904 2986 1972 henigmun
3036 1918 3197 1970 esse,
3247 1912 3302 1957 ct
3349 1902 3570 1956 fratrum

1979 2006 2268 2060 amantem,
2292 2004 2344 2049 et
2377 2010 2599 2063 pronum
2622 1994 2688 2048 ad
2718 1994 3404 2061 conuniserationem.Qua:
3428 1994 3570 2048 enim

1980 2096 2063 2142 est
2094 2086 2297 2140 utilitas
2321 2086 2640 2154 virginitatis
2666 2100 2786 2139 cum
2814 2084 3169 2139 crudelitate?
3194 2084 3319 2154 quid
3348 2084 3478 2138 lucri
3504 2099 3571 2137 ex

1983 2178 2332 2248 temperantia
2381 2193 2501 2232 cum
2548 2176 2937 2232 inhumanitate
2980 2176 3305 2245 conjuncta?
3351 2174 3465 2229 Non
3512 2188 3573 2228 es

1979 2282 2133 2341 capta
2160 2285 2446 2339 corporum
2479 2269 2931 2340 concupiscentia,
2967 2267 3060 2321 sed
3088 2275 3240 2336 capta
3270 2280 3330 2321 es
3362 2263 3572 2334 cupidi-

1984 2373 2090 2417 tate
2119 2363 2463 2432 pecuniarum
2497 2376 2642 2417 :non
2687 2376 2747 2416 es
2786 2360 3045 2414 admirata
3084 2358 3313 2413 hominis
3358 2357 3569 2423 faciem,

1982 2455 2075 2509 sed
2100 2454 2359 2508 admirata
2400 2468 2464 2506 es
2501 2452 2616 2506 auri
2658 2451 3106 2520 pulchritudinem
3141 2468 3154 2503 :
3188 2450 3442 2517 majorem
3472 2447 3571 2500 ad-

1982 2544 2271 2599 versarium
2304 2544 2503 2607 vicisti,
2536 2542 2631 2597 sed
2667 2541 2859 2594 minori
2903 2550 2958 2594 ct
3002 2539 3336 2593 imbecilliori
3382 2552 3572 2592 succu-

1981 2636 2161 2691 buisti.
2211 2637 2387 2704 Atque
2426 2634 2545 2689 ideo
2592 2633 2797 2703 turpius
2840 2631 2977 2686 vieta
3020 2646 3114 2695 es;
3163 2630 3283 2684 ideo
3323 2645 3391 2683 ne
3419 2628 3571 2681 venia

1980 2726 2193 2797 quidem
2221 2727 2380 2797 digna
2418 2740 2510 2791 es,
2542 2724 2788 2779 videlicet
2811 2739 2932 2793 quae
2960 2731 3160 2776 tantam
3186 2722 3291 2774 vim
3316 2719 3575 2774 sustinui.

1980 2818 2071 2883 sti,
2096 2827 2150 2873 et
2178 2818 2435 2873 adversus
2465 2817 2635 2886 ipsam
2664 2826 2908 2869 naturam
2956 2814 3198 2883 pugnasti
3227 2852 3243 2877 ,
3289 2811 3357 2866 ab
3399 2810 3576 2864 avari-

1984 2909 2053 2963 tia
2102 2923 2229 2963 vero
2275 2918 2573 2977 expugnata
2618 2922 2676 2961 es
2700 2946 2716 2971 ,
2753 2921 2909 2974 quam
2948 2915 3003 2959 et
3045 2903 3574 2972 mancipia‘szepenu-

1982 3012 2133 3052 mero
2157 3039 2170 3061 ,
2210 3006 2264 3052 et
2298 2996 2506 3052 barbari
2539 2996 2781 3052 homines
2809 2996 3032 3049 minimo
3069 2993 3284 3063 negotio
3320 3007 3575 3061 superare

1984 3096 2290 3161 potuerunt.

2053 3179 2107 3234 8.
2138 3178 2264 3233 llaac
2290 3178 2449 3248 igitur
2472 3175 2649 3231 omnia
2674 3175 2906 3231 scientes
2929 3216 2945 3241 ,
2974 3172 3188 3240 dilecti,
3219 3172 3333 3228 sive
3362 3172 3413 3226 in
3439 3186 3574 3226 con-

1976 3272 2146 3342 jugio,
2189 3271 2302 3325 sive
2343 3270 2395 3323 in
2435 3268 2737 3339 virginitate
2778 3267 3056 3337 degentes.
3086 3281 3276 3335 magna
3299 3262 3572 3333 diligentia

1980 3364 2377 3432 eleemosynam
2414 3374 2785 3424 exerceamus,
2814 3356 3243 3428 quandoquidem
3282 3354 3425 3409 nulla
3465 3353 3569 3407 alia

1981 3455 2188 3508 ratione
2229 3454 2348 3506 licet
2388 3452 2454 3505 ad
2492 3466 2710 3520 regnum
2741 3451 2995 3505 caelorum
3027 3450 3324 3519 pervenire.
3366 3446 3496 3501 Nam
3527 3447 3573 3501 si

1984 3545 2258 3614 virginitas
2287 3543 2490 3610 absque
2531 3541 2869 3610 eleemosyua
2913 3540 2978 3594 ad
3021 3555 3242 3609 regnum
3273 3554 3377 3592 nou
3406 3538 3574 3591 valuit

1984 3637 2295 3707 perducere,
2336 3634 2602 3704 quodnam
2646 3633 2787 3687 aliud
2837 3631 3168 3686 benefactum
3217 3630 3319 3684 hoc
3358 3630 3575 3686 efﬁcere

1983 3730 2099 3783 sine
2126 3727 2223 3780 hac
2245 3724 2480 3796 poterit?
2506 3723 2750 3777 Profecto
2774 3723 2997 3777 nullum.
3034 3721 3169 3775 Toto
3192 3720 3350 3791 igitur
3368 3720 3570 3786 animo,

1985 3821 2212 3888 totisque
2239 3817 2438 3871 viribus
2468 3816 2643 3868 oleum
2670 3812 3002 3867 afl'undamus
3044 3812 3375 3881 lampadilms
3416 3811 3575 3880 idque

1984 3909 2196 3980 largiter
2239 3923 2301 3962 ac
2348 3906 2741 3967 indesinenter,
2777 3913 2831 3956 ut
2862 3903 3030 3956 hilare
3054 3918 3117 3953 ac
3146 3902 3349 3970 largum
3393 3902 3571 3955 lumen

1984 4009 2310 4072 permaneat.
2339 3998 2447 4054 Nec
2473 4012 2761 4069 pauperem
2801 3995 3053 4065 respicias
3082 3994 3453 4063 accipientem,
3476 3992 3572 4046 sed

1987 4094 2151 4147 Deum
2182 4090 2513 4147 redditurum
2549 4105 2561 4140 :
2596 4102 2701 4141 non
2733 4101 2854 4141 eum
2883 4086 2972 4155 qui
3002 4086 3194 4154 stipem
3225 4083 3445 4151 accipit,
3478 4081 3572 4136 sed

1982 4199 2103 4238 eum
2131 4183 2218 4252 qui
2246 4198 2306 4237 se
2338 4180 2429 4235 tibi
2451 4178 2746 4235 debitorem
2769 4178 2987 4246 obligat.
3018 4175 3149 4230 Nam
3178 4175 3299 4229 ideo
3320 4174 3455 4228 alius
3480 4190 3569 4227 aco

1982 4278 2129 4345 cipit,
2159 4276 2291 4330 alius
2321 4273 2515 4340 reddit,
2547 4281 2605 4326 ut
2625 4271 2936 4341 accipientis
2968 4277 3251 4340 paupertas
3278 4276 3333 4321 et
3359 4267 3573 4321 calami-

1984 4378 2065 4422 tas
2085 4367 2148 4420 ad
2173 4364 2591 4419 misericordiam
2614 4372 2665 4417 te
2690 4362 2907 4417 ﬂectant
2930 4376 2993 4415 ac
3012 4359 3532 4414 commiserationem
3556 4372 3570 4409 :

1982 4458 2179 4513 divitia:
2200 4472 2327 4509 vero
2359 4454 2450 4507 Dei
2479 4452 2752 4515 reddituri,
2781 4450 3116 4519 fidejubentis
3144 4450 3303 4502 etiam
3328 4463 3449 4501 eum
3477 4462 3571 4500 att-

1982 4547 2152 4601 ctario
2181 4544 2500 4597 solutionem
2533 4541 2783 4604 futuram,
2815 4539 3069 4606 majorem
3103 4536 3193 4590 tibi
3224 4536 3291 4589 de
3317 4534 3491 4588 fructu
3520 4544 3576 4587 et

1984 4652 2142 4692 usura
2192 4633 2437 4689 fiduciam
2484 4631 2698 4695 indant,
2749 4639 2797 4684 et
2850 4628 2917 4682 ad
2965 4627 3244 4697 largiorem
3278 4626 3575 4694 eleemosy-

1984 4744 2106 4784 nam
2137 4732 2443 4797 provocent.
2470 4721 2599 4788 Quis
2624 4721 2788 4783 enim,
2815 4733 2965 4788 rogo,
2994 4718 3298 4785 centuplum
3327 4723 3574 4780 receptu-

1988 4834 2109 4882 rus,
2142 4826 2197 4870 et
2224 4819 2289 4869 de
2319 4810 2623 4882 recipiendo
2653 4824 2907 4876 securus,
2942 4822 3046 4860 non
3073 4806 3249 4860 omnia
3280 4820 3373 4858 sua
3401 4804 3574 4859 libens

1984 4917 2166 4978 eroget
2181 4908 2203 4959 ?

2056 5000 2354 5054 Goltortatur
2409 4995 2476 5049 ad
2533 4995 2898 5062 eleemosynam
2955 4986 3358 5058 impertiendum.
3388 5015 3457 5026 —-
3499 4984 3575 5039 Ne

1986 5094 2143 5164 igitur
2186 5106 2462 5162 [mrcaiuus
2501 5087 2770 5157 pecuniaa,
2804 5087 2910 5139 imo
2939 5096 3066 5138 vero
3097 5095 3378 5152 pareamus
3413 5093 3574 5148 pecn-

1988 5187 2089 5241 nia:
2117 5204 2132 5239 :
2162 5198 2281 5239 nam
2316 5182 2405 5252 qui
2451 5179 2789 5234 facultatibus
2813 5177 2924 5231 suis
2960 5173 3157 5244 parcit,
3195 5172 3247 5226 in
3277 5183 3570 5241 pauperum

1987 5294 2175 5334 manus
2203 5292 2295 5331 eas
2323 5274 2572 5344 deponit,
2604 5272 2654 5325 in
2686 5270 2991 5325 thesaurum
3023 5274 3441 5325 sacrosanctum,
3465 5274 3573 5331 quo

1989 5386 2088 5426 nec
2112 5372 2364 5428 latrones,
2397 5382 2495 5421 nec
2519 5365 2679 5429 servi,
2711 5377 2809 5417 nec
2834 5358 3175 5432 sycophantae
3200 5354 3450 5419 malefici,
3474 5368 3574 5407 nec

1988 5466 2109 5520 ulla:
2159 5460 2459 5517 mortalium
2508 5458 2712 5513 insidia:
2753 5464 3031 5524 penetrare
3074 5450 3299 5503 valeant.
3347 5445 3498 5513 Quod
3524 5445 3572 5501 si

1986 5555 2146 5610 etiam
2192 5551 2275 5607 his
2313 5549 2506 5603 auditis
2544 5549 2684 5617 piget
2726 5556 2776 5599 te
2812 5560 2843 5599 e
2879 5544 3032 5596 huius
3057 5542 3159 5594 tuis
3186 5536 3423 5593 nonnihil
3450 5551 3571 5589 ero-

1985 5663 2131 5719 gare,
2176 5656 2229 5700 ct
2276 5659 2446 5712 neque
2488 5640 2792 5709 centuplum
2826 5634 3209 5705 recipiendum,
3238 5645 3409 5701 neque
3436 5643 3569 5699 pau-

1989 5740 2130 5812 peris
2156 5738 2456 5801 calamitas,
2485 5748 2654 5805 neque
2681 5730 2821 5786 aliud
2849 5730 3131 5801 quidquam
3160 5730 3372 5783 flectere
3402 5734 3452 5778 te
3482 5736 3574 5792 po—
