4058 6258
520 276 525 282 ’
536 280 643 337 279

536 401 668 463 test,
713 410 897 467 reputa
939 417 1095 473 quam
1140 409 1302 466 multa
1351 419 1689 484 peccaveris,
1740 421 2016 494 ingredere
2060 430 2115 486 in

535 488 912 546 conscientiam
931 493 1268 566 delictorum,
1289 515 1478 560 excute
1497 523 1708 566 omnem
1730 523 1902 571 actam
1927 519 2110 589 vitam,

532 588 777 633 accurate
818 594 990 639 errata
1030 595 1115 643 tua
1155 606 1436 663 cognosce,
1468 609 1522 654 et
1559 603 1633 657 sis
1674 605 1798 662 licet
1838 609 2112 669 hominum

530 667 766 723 omnium
810 671 1302 751 inhumanissimus,
1343 698 1488 745 certe
1530 708 1725 761 pavore
1771 711 2110 767 peccatorum

528 757 673 810 omni
720 767 959 831 tempore
1003 773 1338 842 compulsus,
1384 788 1437 835 et
1480 785 1846 844 remissionem
1893 805 2112 863 propter

530 841 744 863 -.μ---ν

1325 841 1332 842 ί
1773 841 1786 843 _
1816 841 1845 844 ,_
1893 841 2100 863 την--.

524 841 917 920 eleemosynam
957 871 1208 928 sperans,
1241 865 1322 919 vel
1359 883 1552 939 corpus
1579 884 1724 930 tuum
1757 879 1971 950 insuper
2008 885 2107 939 im-

527 937 744 1004 pendes,
775 945 968 1000 nedum
995 956 1290 1018 pecuniam.
1337 959 1392 1014 Si
1420 964 1560 1019 enim
1589 972 1750 1025 saucii
1769 1014 1784 1035 .
1811 983 1866 1028 et
1891 979 2106 1036 morbos

525 1031 832 1095 corporales
878 1035 1150 1107 depellere
1194 1049 1508 1119 cupientes,
1560 1059 1722 1114 nullis
1767 1062 2105 1125 facultatibus

524 1119 811 1188 parcimus,
827 1127 1036 1185 etiamsi
1051 1132 1414 1196 indumentum
1431 1145 1599 1213 ipsum
1612 1149 2000 1211 divendrndum
2013 1160 2102 1225 sit,

523 1217 582 1262 ut
605 1211 672 1265 ab
701 1213 1004 1276 infirmitate
1028 1224 1117 1280 illa
1153 1211 1485 1290 liberemun:
1516 1241 1683 1294 multo
1712 1247 1877 1314 magis
1907 1250 2101 1308 anima:

521 1298 878 1362 infirmitatem
910 1319 964 1364 et
994 1317 1303 1383 gravissima
1335 1337 1670 1392 peccatorum
1697 1335 1912 1391 vulnera
1942 1354 2100 1395 cura-

519 1393 621 1446 turi
668 1410 762 1464 per
799 1401 1208 1477 eleemosynam,
1241 1427 1363 1469 cum
1410 1431 1616 1473 summa
1667 1424 1939 1484 alacritate
1979 1447 2098 1488 eam

516 1487 906 1545 exercebimus.
939 1496 1095 1566 Atqui
1121 1504 1328 1569 quoties
1353 1519 1579 1577 aegrotas
1598 1554 1613 1579 ,
1651 1529 1756 1569 non
1787 1521 1965 1574 statim
1994 1539 2096 1578 nu-

518 1584 718 1628 merata
747 1584 967 1647 pecunia
999 1585 1242 1646 liberaris
1268 1609 1296 1646 a
1329 1599 1517 1654 morbo
1541 1643 1555 1666 ,
1585 1604 1680 1658 sed
1725 1621 2098 1677 saepenumero

515 1673 570 1716 et
596 1667 829 1723 sectione
858 1687 992 1742 opus
1021 1687 1121 1746 est,
1143 1690 1197 1735 et
1221 1687 1446 1752 ustione,
1472 1700 1526 1745 et
1551 1697 1746 1751 amaris
1773 1698 2093 1771 pharmacis,

514 1763 567 1806 et
593 1755 750 1824 fame,
779 1771 832 1815 et
858 1763 1072 1835 frigore,
1102 1781 1156 1825 et
1183 1775 1300 1829 aliis
1326 1782 1656 1847 gravioribus
1683 1791 1944 1846 mandatis
1970 1812 1982 1846 :
2009 1795 2094 1851 hic

512 1856 690 1900 autem
721 1865 823 1904 non
855 1854 962 1922 sic,
989 1859 1081 1913 sed
1111 1865 1241 1918 satis
1270 1877 1353 1922 est
1377 1869 1502 1926 dare
1529 1890 1773 1934 nummos
1811 1882 1863 1936 in
1906 1899 2094 1942 manus

513 1947 825 2009 pauperum,
843 1953 898 1998 et
916 1949 1093 2004 statim
1121 1953 1355 2014 ablueris
1382 1965 1557 2018 omnia
1586 1982 1820 2038 peccata,
1851 1975 1965 2029 sine
1989 1978 2094 2034 ullo

511 2026 593 2079 vel
619 2027 804 2088 dolore
834 2038 913 2090 vel
946 2039 1147 2098 labore.
1191 2047 1425 2108 Medicus
1453 2057 1594 2112 enim
1621 2063 1708 2130 qui
1737 2065 1965 2122 animam
2000 2085 2094 2125 cu-

509 2125 614 2183 rat,
641 2135 745 2175 non
778 2140 910 2194 opus
940 2130 1098 2189 habet
1125 2147 1256 2205 arte,
1288 2158 1392 2198 non
1421 2147 1786 2210 instrumentis
1809 2159 1957 2225 artis,
1983 2177 2088 2219 non

507 2206 648 2265 ferro
673 2223 762 2269 aut
784 2216 904 2288 igne
930 2240 944 2275 :
967 2225 1060 2279 sed
1087 2229 1234 2284 solus
1263 2243 1422 2291 nutus
1449 2241 1666 2312 sufficit,
1685 2260 1747 2300 ac
1767 2263 1890 2304 mox
1911 2255 2090 2310 omnia

505 2314 719 2368 peccata
749 2309 815 2363 ab
837 2313 1013 2369 anima
1039 2321 1346 2380 auferuntur
1367 2338 1421 2383 et
1447 2346 1785 2393 evanescunt.

576 2391 629 2446 9.
675 2393 1044 2461 Monac/torum
1091 2414 1220 2466 dura
1265 2417 1462 2474 vivendi
1508 2426 1655 2480 ratio.
1688 2460 1759 2470 —
1794 2431 1906 2488 Non
1939 2437 2088 2494 vides

504 2487 794 2543 monachos
821 2493 950 2549 istos
971 2501 1058 2567 qui
1079 2504 1371 2564 solitariam
1397 2513 1556 2570 vitam
1587 2521 2000 2595 amplectuntur,
2029 2539 2084 2584 et

1609 2570 2000 2595 ,,__,_----......,
2031 2570 2084 2584 ν.

501 2570 555 2625 in
596 2578 820 2634 vertices
849 2588 1106 2644 montium
1137 2597 1430 2668 secedunt,
1463 2619 1618 2672 quam
1649 2609 1835 2666 duram
1875 2616 2086 2674 vivendi

501 2665 762 2723 rationem
790 2674 1090 2741 perferant?
1118 2683 1326 2742 Etenim
1351 2693 1584 2750 cinerem
1607 2700 1705 2755 sibi
1733 2703 2083 2766 substernen-

501 2761 601 2821 tes,
646 2765 699 2811 et
741 2775 954 2820 saccum
1001 2768 1302 2844 induentes,
1345 2789 1399 2835 et
1434 2787 1636 2842 catenis
1681 2789 1872 2849 ferreis
1915 2806 2082 2856 totum

497 2858 692 2914 corpus
721 2849 1089 2927 degravantes,
1118 2874 1173 2918 et
1211 2866 1263 2920 in
1304 2884 1426 2926 casa
1465 2876 1669 2947 seipsos
1705 2885 2082 2946 concludentes

496 2937 712 2994 assidue
735 2957 857 2998 cum
889 2945 1028 3006 fame
1047 2952 1334 3028 luctantur,
1369 2963 1422 3017 in
1449 2964 1576 3022 fletu
1605 2972 1789 3029 vivunt
1815 2986 1867 3031 et
1890 2980 2080 3050 vigiliis

497 3023 831 3050 :..a-I-_-Is-l-I
1020 3047 1029 3050 -

495 3023 936 3103 intolerabilibus,
979 3047 1039 3096 ut
1081 3056 1284 3113 partem
1331 3053 1560 3124 aliquam
1608 3023 1971 3130 peccatorumo
1987 3073 2081 3127 ab-

500 3120 644 3174 luant
675 3141 688 3175 :
723 3125 813 3182 tibi
836 3145 960 3186 vero
985 3135 1109 3191 licet
1134 3141 1250 3196 sine
1274 3147 1420 3200 omni
1455 3148 1546 3204 illo
1577 3153 1712 3209 duro
1737 3159 1874 3214 victu
1912 3178 2077 3232 expe-

500 3207 657 3232 ιῑῖι----
707 3213 761 3232 ινκ
911 3230 919 3232 Α
959 3222 980 3232 ⁸
1041 3226 1072 3232 ⁵·

497 3207 660 3265 ditam
706 3213 843 3272 hanc
871 3230 925 3274 et
953 3222 1162 3281 facilem
1207 3232 1418 3298 pietatis
1455 3239 1592 3292 viam
1624 3241 1849 3312 ingredi.
1894 3207 2078 3316 Qualis

491 3299 657 3366 extim,
689 3317 840 3374 rogo,
872 3309 1024 3367 labor
1061 3325 1160 3380 est,
1197 3319 1278 3374 his
1313 3338 1432 3392 quae
1458 3328 1651 3384 adsunt
1680 3299 1785 3388 frui
1807 3377 1820 3401 ,
1854 3299 2075 3410 etwquod

491 3403 739 3460 superest
759 3395 810 3450 in
841 3413 1038 3469 egenos
1059 3404 1360 3466 insumere?
1386 3415 1516 3472 Nam
1539 3422 1746 3484 etjamsi
1767 3429 1910 3484 nulla
1932 3447 2073 3488 mer-

491 3496 582 3536 ces
606 3497 748 3542 esset
776 3495 1064 3564 proposita,
1097 3500 1304 3557 etiamsi
1333 3521 1437 3560 non
1463 3518 1567 3564 tam
1592 3517 1764 3584 ampla
1796 3523 2073 3581 retributio

490 3578 747 3645 praefinita
779 3595 936 3651 esset,
968 3603 1143 3646 annon
1175 3595 1258 3650 vel
1280 3596 1391 3666 ipsa
1422 3602 1499 3655 rei
1526 3613 1710 3661 natura
1733 3619 2072 3678 quantumvis

491 3666 792 3728 inhumanis
822 3682 1140 3744 persuadere
1171 3697 1392 3754 poterat,
1415 3701 1469 3746 ut
1486 3709 1550 3748 eo
1571 3700 1708 3766 quod
1731 3700 1858 3771 ipsis
1879 3718 2069 3775 super-

487 3769 570 3812 est
596 3761 660 3815 ad
686 3779 974 3834 egenorum
1003 3775 1238 3833 solamen
1279 3789 1592 3842 uterentur?
1618 3789 1767 3847 Nunc
1796 3809 1916 3850 cum
1947 3807 2067 3852 tan-

487 3857 596 3903 tum
617 3866 933 3924 coronarum
954 3903 968 3929 ,
1004 3873 1204 3922 tantum
1232 3873 1634 3932 retributionum
1659 3920 1673 3945 ,
1705 3891 1848 3939 tanta
1873 3902 2065 3956 pecca-

487 3950 659 3998 torum
688 3948 883 4006 ohlivio
911 3968 1007 4022 per
1026 3958 1420 4033 eleemosynam
1451 3979 1685 4040 paretur,
1708 3989 1888 4044 quam,
1912 3995 2060 4051 rogo,

481 4037 877 4096 excusationem
904 4042 1189 4113 habebunt,
1222 4055 1309 4121 qui
1335 4059 1570 4124 pecuniae
1597 4077 1839 4132 parcunt,
1873 4078 1928 4124 et
1949 4075 2063 4125 ani-

482 4138 623 4179 mam
675 4142 823 4185 suam
874 4134 925 4188 in
973 4138 1292 4205 profundum
1337 4158 1670 4213 peccatorum
1718 4155 2061 4228 demergunt?

481 4211 615 4267 Nam
644 4218 852 4274 etiamsi
890 4225 1021 4278 nihil
1047 4228 1187 4283 aliud
1219 4241 1269 4285 te
1298 4211 1508 4292 moveat
1535 4249 1590 4294 et
1617 4243 1810 4299 excitet
1835 4211 2061 4305 aducon-

481 4303 767 4362 dolendum
797 4321 850 4365 et
877 4314 942 4368 ad
969 4317 1196 4377 dandam
1227 4327 1636 4401 eleemosynam,
1660 4337 1846 4393 saltem
1874 4354 2057 4411 neputa

479 4408 638 4462 quam
679 4397 912 4458 incertus
955 4407 1027 4462 sit
1065 4412 1184 4467 vita:
1228 4416 1367 4482 finis,
1398 4397 1649 4494 etvcogita
1678 4429 1819 4497 quod
1849 4397 2054 4491 etiamsi

479 4489 800 4555 pauperibus
822 4509 928 4548 non
955 4497 1070 4567 des,
1101 4515 1272 4561 morte
1302 4517 1476 4566 tamen
1501 4520 1928 4590 superveniente,
1961 4541 2056 4581 ve-

476 4573 543 4627 lis
582 4578 736 4645 nolis,
772 4590 887 4638 tuas
921 4601 1007 4642 res
1040 4592 1157 4647 aliis
1191 4610 1248 4650 es
1275 4613 1540 4658 cessurus.
1586 4606 1725 4677 Ergo
1751 4610 2056 4680 dispensato

475 4662 685 4722 divitias
716 4679 850 4739 tuas,
883 4687 937 4730 et
963 4678 1088 4736 dum
1119 4685 1272 4754 licet,
1303 4688 1568 4748 humanus
1605 4662 1739 4752 esto.
1789 4701 2053 4762 Extrema:

474 4758 617 4813 enim
651 4769 878 4822 vesaniae
907 4770 1082 4841 fuerit,
1108 4791 1168 4831 ea
1193 4782 1381 4848 quibus
1404 4785 1484 4840 vel
1507 4787 1701 4844 invitus
1727 4793 1847 4848 aliis
1873 4810 2050 4852 cessu-

472 4864 564 4904 rus
592 4867 682 4919 es,
723 4859 862 4913 nolle
892 4861 1246 4934 indigentibus
1273 4878 1668 4935 communicare
1697 4882 1865 4949 ultro,
1895 4886 2050 4956 idque

471 4959 592 5000 cum
623 4956 765 5004 tanta
796 4955 929 5009 bona
969 4974 1033 5012 ex
1079 4961 1178 5016 hac
1216 4964 1540 5036 benignitate
1567 4971 1662 5027 tibi
1688 4974 1794 5029 sint
1817 4955 2047 5046 proven-

472 5046 606 5092 tura.
656 5040 725 5095 Ut
753 5055 932 5112 vestra,
962 5049 1148 5121 inquit,
1179 5057 1324 5124 capia
1343 5071 1604 5114 succurrat
1632 5064 1837 5119 illorum
1863 5069 2050 5139 inopia:

471 5129 547 5200 (2.
582 5131 699 5186 Cor.
721 5135 774 5190 8.
806 5139 919 5208 14).
967 5143 1101 5210 Quid
1137 5156 1218 5202 est
1256 5159 1431 5204 autem
1469 5154 1610 5221 quod
1648 5155 1810 5210 dicit?
1849 5129 2045 5229 Majora

469 5224 683 5295 accipis,
704 5244 860 5299 quam
884 5234 996 5289 das.
1031 5239 1134 5293 Das
1163 5243 1451 5308 sensibilia,
1477 5247 1672 5315 accipis
1695 5224 2042 5322 intelligibilia

468 5325 519 5369 et
563 5321 892 5388 spiritualia;
939 5328 1034 5384 das
1084 5335 1359 5400 pecuniam
1386 5378 1400 5403 ,
1433 5341 1630 5408 accipis
1676 5345 2042 5401 remissionem

462 5420 840 5482 peccatorum;
872 5418 1063 5476 liberas
1093 5439 1378 5493 pauperem
1409 5444 1438 5482 a
1471 5428 1630 5496 fame,
1660 5433 1748 5488 ille
1777 5444 1829 5489 te
1854 5436 2044 5493 liberat

463 5498 531 5552 ab
561 5501 634 5556 ira
659 5503 856 5562 divina.
893 5509 1270 5570 Retributionis
1301 5517 1402 5573 hoc
1425 5535 1590 5588 genus
1614 5531 1696 5576 est
1722 5533 1775 5578 et
1802 5528 2042 5596 negotiav

463 5589 653 5653 tionis,
703 5599 844 5663 quod
896 5602 1148 5670 majorem
1192 5623 1255 5662 ac
1298 5611 1561 5666 utiliorem
1609 5614 1836 5670 reditum
1883 5617 2040 5674 habet

459 5694 620 5749 quam
642 5699 928 5758 sumptum.
960 5695 1090 5752 Nam
1115 5712 1352 5770 sumptus
1383 5707 1724 5772 pecuniarum
1753 5719 1831 5765 est
1859 5727 1870 5763 :
1901 5712 2038 5766 redi-

1362 301 1420 359 S.
1452 303 1729 365 JOANNIS
1768 309 2240 375 CHRYSOSTOMI
2279 323 2593 385 ARCIIIEP.
2635 321 3164 402 CONSTANTINOP.

3693 349 3790 406 $180

2227 443 2308 492 tus
2336 454 2463 493 vero
2476 457 2581 497 non
2595 451 2845 512 pecunias
2869 453 3022 509 affert
3051 464 3277 526 tantum,
3305 461 3399 517 sed
3424 464 3574 520 etiam
3603 484 3784 527 temta-

2219 527 2424 583 sionem
2447 546 2806 605 peccatorum,
2831 542 3097 615 simulque
3125 549 3369 622 fiduciam
3389 571 3510 626 erga
3528 557 3711 629 Deum,
3739 574 3787 618 et.

2217 633 2439 687 regnum
2470 624 2743 693 caglorum,
2772 640 2826 685 et
2864 633 3002 689 bona
3039 637 3125 692 illa
3156 655 3274 710 quae
3303 659 3478 714 neque
3502 651 3682 704 oculus
3708 652 3786 708 vi-

2215 707 2323 773 dit,
2356 726 2456 767 nec
2481 716 2624 770 auris
2650 719 2883 788 audivit,
2913 740 3013 780 nec
3037 727 3088 781 in
3118 743 3212 784 cor
3238 731 3470 790 hominis
3507 738 3787 799 adscende-

2213 807 2338 853 runt
2371 800 2444 872 (1.
2476 803 2592 858 Cor.
2625 806 2678 860 2.
2712 809 2790 879 9).
2840 813 3033 870 Annon
3081 817 3240 888 igitur
3279 823 3564 882 absurdum
3589 871 3602 894 ,
3652 833 3785 901 quod

2213 892 2567 958 negotiatores
2595 900 2726 954 nulli
2771 903 2845 957 rei
2883 917 3132 975 parcant,
3181 911 3339 982 idque
3374 929 3494 970 cum
3535 892 3638 975 non
3667 892 3784 979 ἐἰη-

2209 983 2410 1049 gularia
2453 990 2733 1056 quaedam,
2776 995 2871 1050 sed
2911 999 3057 1065 paria
3101 1001 3212 1057 fere
3249 1005 3462 1072 paribus
3491 1021 3782 1078 permutare

2207 1079 2412 1135 soleant
2437 1101 2448 1135 :
2470 1099 2567 1139 nos
2585 1101 2732 1154 vero,
2752 1103 2871 1142 cum
2898 1106 3004 1147 non
3029 1098 3391 1165 corruptibilia
3415 1108 3468 1156 et
3495 1116 3784 1162 momenta-

2209 1184 2308 1223 nea
2332 1213 2346 1237 ,
2375 1173 2470 1227 sed
2517 1176 2936 1247 incorruptibilia
2964 1192 3016 1238 et
3039 1189 3360 1256 sempiterna
3393 1192 3550 1247 liceat
3574 1210 3672 1264 pro
3696 1213 3783 1250 no-

2206 1260 2332 1313 stris
2356 1266 2786 1333 corruptibilibus
2810 1285 2873 1324 ac
2901 1279 3288 1332 momentaneis
3311 1293 3661 1351 commutare,
3685 1301 3781 1342 non

2205 1349 2448 1406 eamdem
2479 1369 2636 1423 quam
2668 1357 2740 1412 illi
2768 1359 3095 1431 diligentiam
3125 1367 3506 1425 adhibeamus?

2275 1439 2432 1496 Fides
2456 1444 2643 1515 indiget
2669 1450 2860 1504 auxilio
2890 1451 3136 1520 Spiritus.
3189 1455 3272 1512 Ea:
3312 1461 3560 1529 pravitate
3595 1481 3781 1520 morum

2206 1531 2370 1585 oritur
2393 1533 2735 1592 incredulitas.
2755 1569 2827 1580 —
2852 1541 2968 1596 Non
2997 1543 3086 1609 ita,
3113 1545 3322 1611 fratres,
3354 1565 3460 1603 non
3493 1553 3565 1606 ita
3596 1565 3781 1610 nostra:

2201 1619 2358 1674 saluti
2385 1623 2523 1677 male
2550 1628 2908 1696 consulamus,
2939 1632 3032 1686 sed
3063 1636 3193 1689 moti
3221 1641 3465 1709 exemplo
3497 1642 3776 1710 virginum,

2201 1717 2254 1762 et
2279 1723 2462 1765 eorum
2501 1715 2592 1783 qui
2634 1714 2900 1772 ducuntur
2923 1720 2975 1774 in
3007 1721 3181 1791 ignem
3217 1737 3456 1795 paratum
3495 1730 3710 1787 diabolo
3733 1744 3783 1788 et

2199 1803 2402 1871 angelis
2427 1805 2573 1875 ejus,
2608 1823 2673 1862 eo
2698 1811 2837 1877 quod
2861 1827 2964 1866 non
2995 1815 3242 1881 aluerint,
3284 1835 3456 1890 neque
3485 1827 3782 1892 potaverint

2197 1891 2466 1949 Christum
2490 1937 2505 1962 ,
2537 1897 2863 1955 retineamus
2893 1907 3061 1959 sancti
3091 1905 3322 1976 Spiritus
3346 1891 3520 1981 ignem
3554 1930 3653 1983 per
3679 1917 3780 1970 lar-

2195 1999 2314 2055 gain
2357 1986 2736 2058 benignitatem
2767 2001 2822 2047 et
2846 1995 3092 2061 profusas
3115 1999 3482 2072 eleemosynas
3503 2045 3521 2071 ,
3554 2022 3625 2061 ne
3648 2011 3778 2063 circa

2195 2073 2354 2130 fidem
2385 2079 2730 2150 naufragium,
2757 2082 3030 2140 faciamus.
3071 2087 3230 2144 Fides
3266 2093 3408 2148 enim
3447 2112 3588 2165 opus
3630 2098 3779 2156 habet

2193 2167 2389 2223 auxilio
2417 2169 2644 2240 Spiritus
2669 2188 2732 2229 ac
2758 2181 3150 2244 perseverantia
3174 2223 3188 2247 ,
3218 2191 3276 2236 ut
3301 2183 3627 2243 inconcussa
3660 2205 3776 2258 per-

2193 2270 2405 2315 maneat
2431 2279 2446 2314 :
2477 2264 2729 2319 auxilium
2773 2277 2951 2323 autem
2991 2271 3220 2340 Spiritus
3253 2275 3374 2330 vita:
3400 2278 3638 2345 puritate
3667 2298 3776 2336 mo-

2191 2349 2443 2421 ribusque
2478 2355 2715 2423 probatis
2758 2359 2975 2414 retineri
3010 2363 3148 2431 apud
3190 2379 3288 2419 nos
3323 2367 3482 2422 solet.
3534 2369 3711 2436 Quare
3735 2373 3774 2426 si

2190 2442 2434 2511 cupimus
2483 2444 2643 2500 fidem
2695 2448 2984 2505 radicatam
3037 2452 3266 2521 habere,
3313 2457 3527 2513 vivendi
3575 2461 3776 2518 ratione

2190 2547 2322 2602 pura
2370 2536 2524 2590 nobis
2568 2552 2701 2606 opus
2750 2549 2848 2605 est,
2891 2556 3010 2610 quae
3052 2542 3306 2613 Spiritum
3335 2551 3592 2619 retineat,
3623 2567 3653 2606 a
3679 2570 3777 2621 quo

2190 2632 2352 2678 totam
2379 2625 2500 2680 fidei
2530 2628 2635 2682 vim
2665 2629 2971 2698 dependere
2994 2645 3221 2690 constat.
3273 2637 3618 2708 impossibile
3641 2644 3776 2699 enim

2187 2723 2290 2779 est,
2318 2714 2650 2784 impossibile
2678 2720 2915 2788 profecto
2940 2723 2984 2778 si
3020 2725 3180 2780 vitam
3208 2727 3472 2798 impuram
3499 2731 3704 2790 habeas
3725 2737 3774 2791 in

2185 2801 2292 2858 fide
2319 2820 2426 2859 non
2447 2809 2715 2864 vacillare.

2257 2893 2343 2948 10.
2384 2893 2541 2952 Certe
2567 2899 2656 2967 qui
2691 2899 2757 2954 de
2794 2899 2904 2956 fato
2929 2915 3211 2973 nugantur,
3241 2916 3295 2963 et
3323 2910 3546 2967 salutari
3574 2913 3652 2970 de
3680 2932 3762 2972 re-

2182 2985 2511 3042 surrectione
2533 2991 2765 3044 sermoni
2790 3009 2894 3048 non
2916 2996 3163 3065 credunt,
3185 2999 3254 3054 ob
3276 3002 3465 3058 malam
3491 3009 3772 3064 conscien-

2183 3074 2310 3128 tiam
2340 3085 2394 3130 et
2416 3092 2590 3133 mores
2619 3080 2935 3150 depravatos
2975 3086 3028 3140 in
3070 3088 3170 3142 hoc
3199 3091 3584 3150 incredulitatis
3616 3099 3768 3154 bara-

2182 3165 2358 3220 thrum
2399 3170 2604 3238 seipsos
2643 3175 2991 3244 praecipitant.
3029 3178 3096 3232 Et
3134 3185 3580 3249 quemadmodum
3619 3189 3766 3246 febre

2179 3253 2504 3324 laborantes,
2533 3260 2658 3314 dum
2688 3264 2873 3318 volunt
2898 3269 3267 3326 aestuationem
3297 3273 3587 3343 depellere,
3625 3295 3766 3351 saepe

2178 3348 2229 3399 in
2258 3347 2500 3419 frigidam
2529 3366 2719 3421 aquam
2749 3369 2870 3411 sese
2895 3360 3210 3428 projiciunt,
3247 3373 3300 3418 et
3323 3367 3596 3438 paulisper
3623 3347 3761 3425 miti-

2173 3447 2298 3507 gato
2342 3440 2516 3507 malo,
2565 3446 2860 3512 graviorem
2902 3448 3002 3502 sibi
3037 3451 3284 3508 ardorem
3327 3457 3759 3516 accenduntzita

2174 3529 2261 3597 qui
2310 3531 2448 3585 mala
2484 3534 2811 3590 conscientia
2855 3549 3202 3609 premuntur,
3242 3551 3296 3597 et
3335 3547 3755 3606 consolationem

2171 3618 2401 3689 aliquam
2426 3634 2688 3692 quarunt,
2721 3641 2821 3681 nec
2851 3635 3025 3684 tamen
3053 3633 3236 3687 volunt
3263 3650 3359 3704 per
3387 3639 3755 3705 paenitentiam

2171 3719 2387 3778 peccata
2415 3711 2651 3781 abluere,
2693 3715 2760 3770 ad
2790 3716 2882 3771 fati
2915 3721 3243 3789 tyrannidem
3266 3766 3281 3789 ,
3311 3734 3366 3779 et
3395 3733 3748 3787 resurrectio-

2169 3801 2251 3854 nis
2287 3801 2596 3872 confugiunt
2633 3805 3040 3876 abnegationem
3073 3828 3086 3864 :
3114 3820 3275 3881 atque
3304 3814 3405 3870 hoc
3434 3827 3595 3885 pacto
3624 3820 3746 3874 dum

2168 3907 2227 3948 se
2255 3893 2311 3947 in
2341 3894 2438 3950 hac
2466 3896 2570 3950 vita
2598 3897 2800 3967 frigidis
2841 3902 3134 3958 rationibus
3163 3906 3431 3976 paulisper
3463 3913 3749 3968 consolan-

2167 3992 2282 4051 tur,
2326 3986 2582 4056 majorem
2633 3989 2890 4059 gehennae
2931 3991 3200 4049 flammam
3252 3997 3352 4052 sibi
3405 4003 3744 4068 accendunt;

2165 4077 2590 4147 quandoquidem
2635 4081 2908 4151 segniores
2951 4083 3036 4137 hic
3079 4083 3242 4154 facti,
3286 4098 3567 4160 postquam
3626 4095 3746 4150 illuc

2163 4165 2512 4234 devenerint,
2559 4169 2815 4226 videbunt
2845 4187 2943 4241 pro
2972 4174 3083 4229 suis
3109 4189 3374 4246 quemque
3404 4184 3637 4249 peccatis
3663 4184 3746 4240 de-

2162 4256 2269 4310 bita
2319 4259 2574 4328 supplicia
2625 4263 2950 4330 persolvere.
3005 4264 3074 4318 Et
3125 4275 3185 4320 ut
3235 4268 3335 4323 hoc
3387 4285 3572 4326 verum
3623 4288 3742 4329 esse

2160 4346 2376 4413 sciatis,
2414 4348 2536 4403 fidei
2579 4365 2771 4420 nempe
2813 4352 2974 4408 robur
3013 4355 3150 4409 mala
3193 4372 3358 4426 opera
3397 4361 3740 4419 vehementer

2159 4436 2416 4505 impedire
2442 4480 2456 4506 ,
2500 4439 2679 4495 audite
2717 4442 2845 4510 quid
2889 4443 3084 4500 Paulus
3123 4445 3266 4502 dicat
3303 4449 3366 4503 ad
3398 4450 3734 4509 Timotheum

2158 4527 2399 4581 scribens
2431 4545 2444 4580 :
2481 4528 2546 4583 Ut
2576 4530 2755 4585 milites
2778 4571 2793 4596 ,
2824 4531 3033 4603 inquit,
3065 4538 3314 4606 egregiam
3344 4541 3578 4595 militiam
3601 4585 3618 4608 ,
3649 4545 3737 4597 Iza-

2157 4617 2273 4672 bens
2301 4619 2453 4687 [idem
2483 4637 2543 4674 ac
2568 4621 2748 4676 bonam
2773 4626 3128 4680 conscientiam
3173 4629 3343 4698 (bona
3391 4642 3572 4689 autem
3611 4651 3736 4690 con-

2155 4711 2372 4766 scientia
2411 4727 2476 4766 ex
2516 4715 2620 4768 vita
2664 4723 2719 4769 et
2749 4717 2998 4785 operibus
3024 4720 3173 4775 bonis
3194 4726 3501 4792 contingere
3521 4727 3692 4801 solet)
3717 4745 3730 4781 :

2152 4818 2302 4870 quam
2329 4803 2566 4871 quidam,
2598 4805 2796 4874 inquit,
2828 4807 3142 4877 repellentes,
3172 4814 3306 4866 circa
3333 4816 3486 4882 ﬁdem
3525 4824 3733 4890 naufra-

2152 4893 2288 4960 gium
2307 4895 2525 4962 fecerunt
2549 4896 2627 4962 (1.
2650 4895 2781 4950 Tim.
2816 4899 2867 4951 1.
2911 4898 2996 4955 l8.
3032 4901 3386 4966 19).Rursum
3417 4907 3542 4961 alibi
3578 4926 3592 4962 :
3623 4908 3730 4962 Ra-

2152 4981 2241 5034 dix
2268 4985 2489 5036 omnium
2518 4987 2765 5039 malorum
2793 4997 2866 5041 est
2893 4991 3105 5042 avaritia
3128 5032 3142 5054 ,
3177 5009 3266 5058 per
3295 4997 3442 5065 cujus
3477 4999 3727 5065 cupidita-

2151 5085 2246 5127 tem
2286 5077 2490 5143 quidam
2535 5095 2566 5130 a
2612 5079 2714 5146 ﬁde
2753 5079 3104 5136 aberraverunt
3131 5083 3296 5151 (Ibid.
3329 5088 3382 5141 6.
3415 5089 3541 5159 10).
3576 5089 3726 5144 Vides

2150 5175 2260 5220 tum
2287 5167 2408 5222 illos
2436 5177 2714 5237 pr0pterea
2741 5169 3071 5241 naufragium
3101 5173 3288 5229 fecisse
3311 5217 3328 5242 ,
3361 5185 3470 5232 tum
3503 5181 3630 5234 istos
3653 5181 3726 5236 ob

2150 5257 2254 5311 hoc
2272 5259 2448 5326 ipsum
2473 5259 2806 5315 aberravisse
2825 5276 2839 5313 :
2861 5263 3112 5330 quoniam
3136 5264 3211 5318 illi
3233 5266 3423 5321 bonam
3450 5273 3726 5327 conscien-

2149 5350 2275 5403 tiam
2304 5351 2636 5419 repulerunt,
2669 5351 2756 5405 isti
2781 5367 2910 5406 vero
2936 5350 3172 5408 avaritiae
3198 5357 3572 5416 adhaeserunt?
3597 5361 3725 5429 Qua:

2145 5439 2357 5509 quidem
2386 5441 2563 5495 omnia
2587 5446 2883 5510 cogitantes
2905 5482 2922 5509 ,
2952 5458 3196 5514 magnam
3228 5463 3409 5503 curam
3439 5451 3722 5507 habeamus

2145 5529 2264 5583 vitae
2291 5545 2447 5600 quam
2475 5533 2676 5599 optime
2702 5531 3038 5587 instituenda:
3055 5574 3068 5598 ,
3092 5544 3150 5589 ut
3177 5536 3370 5607 duplex
3402 5541 3555 5598 nobis
3579 5556 3719 5596 mer-

2144 5637 2233 5676 ces
2261 5623 2552 5694 contingat,
2585 5640 2687 5680 una
2714 5641 2779 5680 ex
2809 5642 3029 5697 operum
3059 5633 3406 5690 retributione
3426 5676 3441 5701 ,
3469 5638 3632 5695 altera
3651 5653 3717 5693 ex

2149 5715 2270 5770 fidei
2297 5716 2508 5774 robore.
2535 5718 2685 5775 Sicut
2709 5721 2851 5776 enim
2878 5736 2936 5779 se
2961 5722 3120 5780 habet
3147 5725 3213 5780 ad
3237 5735 3450 5788 corr-ne,
3478 5724 3548 5779 ita
3577 5738 3713 5783 rem
