4058 6258
347 377 452 432 279
536 418 544 424 .

348 490 490 561 μετὰ
521 483 796 559 ἀκριϐείας
815 499 829 515 ο
867 482 968 536 κᾶν
1017 482 1266 535 ἀπάντων
1290 479 1590 550 ἀνθρώπων
1615 477 1916 561 ἀπηνέστε-

346 558 442 642 ρος
481 567 568 643 ᾖς,
615 567 830 627 πάντως
864 565 968 616 ὑπὸ
1014 563 1108 615 τοῦ
1169 562 1334 630 φόϐου
1370 561 1478 613 τῶν
1513 558 1917 643 ἡμαρτημένων

345 641 431 706 σοι
478 641 630 719 παρά
662 649 836 701 πάντα
863 647 954 698 τὸν
988 645 1178 716 χρόνον
1220 643 1551 713 ὠθούμενος,
1582 643 1677 695 καὶ
1701 642 1787 694 διὰ
1819 641 1918 711 τῆς

345 732 715 804 ἐλεημοσύνης
753 729 943 796 ἄφεσίν
973 746 1054 781 σοι
1080 727 1390 799 προσδοκῶν
1413 725 1666 792 γενέσθαι
1691 725 1914 785 τούτων,

345 821 442 872 καὶ
457 818 518 870 τὸ
547 815 706 883 σῶμα
740 812 1026 874 ἐπιδώσεις
1054 809 1270 874 σαυτοῦ,
1307 811 1436 879 μήτι
1458 825 1520 876 γε
1549 808 1825 877 χρήματα.
1857 806 1918 857 El

344 901 458 971 γάρ
509 897 804 969 τραύματα
854 894 1106 963 ἔχοντες,
1162 893 1254 944 καὶ
1304 892 1584 959 νοσήματα
1634 889 1917 971 σωματικά

344 970 793 1051 ἀποκρούσασθαι
820 975 1149 1044 βουλόμενοι,
1173 972 1384 1034 οὐδενὸς
1399 971 1506 1024 τῶν
1534 971 1704 1023 ὄντων
1729 970 1919 1051 φειδώ-

349 1050 512 1132 μεθα,
549 1060 648 1113 κᾶν
679 1058 811 1111 αὐτὸ
845 1056 904 1109 τὸ
933 1056 1144 1125 ἱμάτιον
1170 1053 1465 1108 ἀποδόσθαι
1487 1052 1614 1117 δέοι,
1648 1052 1787 1104 ὥστε
1820 1050 1918 1118 τῆς

343 1142 658 1215 ἀρρωστίας
690 1139 1064 1207 ἀπαλλαγῆναι
1099 1137 1315 1206 ἐκείνης
1339 1152 1354 1166 °
1384 1134 1563 1204 πολλῷ
1601 1133 1798 1204 μᾶλλον
1817 1132 1919 1202 τῆς

342 1226 524 1295 ψυχῆς
556 1222 865 1295 ἀρρωστίαν
903 1219 1253 1273 ἀποτίθεσθαι
1293 1217 1575 1288 μέλλοντες
1613 1216 1705 1269 καὶ
1731 1217 1799 1268 τά
1825 1234 1920 1285 χα-

343 1307 487 1360 λεπά
530 1306 638 1357 τῶν
679 1301 1093 1374 ἁμαρτημάτων
1119 1300 1411 1371 τραύματα
1449 1299 1536 1352 διὰ
1565 1299 1662 1370 τῆς
1694 1297 1920 1367 ἐλεημο-

346 1390 535 1459 σύνης,
592 1386 728 1457 μετά
767 1385 947 1454 πάσης
999 1383 1308 1454 προθυμίας
1336 1383 1505 1450 αὐτὴν
1535 1379 1916 1450 ἐργασώμεθα.

346 1472 542 1524 Καίτοι
568 1485 632 1536 γε
662 1468 752 1519 ἐπὶ
786 1466 884 1536 μὲν
916 1465 1023 1517 τῶν
1067 1465 1386 1533 νοσημάτων
1419 1465 1516 1516 οὑκ
1541 1463 1686 1515 ἐστιν
1719 1460 1920 1522 εὐθέως

345 1551 722 1607 καταϐαλόντα
746 1548 1009 1618 ἀργύριον
1034 1547 1411 1618 ἀπαλλαγῆναι
1437 1548 1536 1617 τῆς
1583 1546 1759 1604 νόσου,
1785 1541 1918 1596 ἀλλά

344 1636 425 1688 δεῖ
447 1636 540 1688 καὶ
565 1633 737 1702 τομῆς
763 1631 1022 1693 πολλάκις
1047 1630 1141 1683 καλ¹
1165 1630 1412 1691 καύσεως
1429 1630 1523 1682 καὶ
1545 1626 1757 1697 πικρῶν
1783 1642 1920 1694 φαρ-

349 1719 562 1788 μάκων,
609 1717 704 1768 καὶ
739 1713 921 1784 λιμοῦ,
963 1714 1054 1766 καὶ
1082 1711 1307 1781 ψύχους,
1354 1712 1449 1765 καὶ
1495 1711 1696 1780 ἐτέρων
1735 1725 1920 1778 φορτι-

346 1799 604 1866 κωτέρων
629 1798 1016 1866 ἐπιταγμάτων
1037 1813 1050 1826 ·
1088 1793 1320 1847 ἐνταῦθα
1350 1794 1405 1845 δὲ
1442 1794 1540 1862 οὐχ
1572 1791 1764 1854 οὕτως,
1804 1789 1916 1842 ἀλλ’

344 1883 509 1952 ἀρκεῖ
543 1879 866 1933 καταϐαλεῖν
899 1879 958 1930 τὸ
984 1877 1245 1948 ἀργύριον
1271 1879 1349 1940 είς
1392 1877 1490 1939 τὰς
1527 1875 1635 1927 τῶν
1671 1873 1917 1942 πενήτων

345 1967 554 2036 χεῖρας,
587 1967 681 2017 καὶ
710 1964 886 2017 πάντα
917 1961 1117 2025 εὐθέως
1145 1961 1544 2014 ἀπολούσασθαι
1566 1959 1636 2012 τὰ
1665 1957 1918 2026 πεπλημ-

349 2045 632 2116 μελημένα
647 2047 815 2115 χωρὶς
838 2043 1030 2115 ὀδύνης
1056 2044 1150 2096 καὶ
1177 2043 1362 2096 πόνου.
1394 2043 1452 2096 '0
1480 2042 1588 2112 γὰρ
1619 2041 1718 2111 τὴν
1739 2038 1916 2108 ψυχὴν

344 2127 666 2200 θεραπεύων
705 2127 907 2196 ίατρὸς,
939 2129 1001 2179 οὐ
1051 2125 1221 2178 δεῖται
1263 2125 1498 2196 μεθόδων
1525 2125 1616 2177 καὶ
1647 2122 1916 2192 ὀργάνων,

343 2213 439 2264 καὶ
479 2209 696 2280 σιδήρου
734 2210 828 2261 καὶ
866 2207 1069 2278 πυρός·
1118 2207 1232 2261 ἀλλ’
1273 2209 1436 2276 ἀρκεῖ
1485 2207 1673 2259 νεῦσαι
1736 2203 1916 2274 μόνον,

343 2295 441 2349 καὶ
485 2294 661 2346 πάντα
696 2294 849 2362 ἐκρεῖ
880 2292 978 2361 τῆς
1023 2292 1299 2362 ἡμετέρας
1339 2290 1518 2360 ψυχῆς
1557 2287 1628 2340 τά
1666 2287 1920 2357 πλημμε-

340 2377 582 2446 λήματα,
607 2375 701 2428 καὶ
726 2375 804 2436 είς
828 2373 888 2425 τὺ
917 2374 992 2444 μὴ
1024 2373 1082 2428 ὃν
1115 2373 1456 2442 ἀφανίζεται.

415 2460 480 2515 θ’.
522 2459 633 2528 Οὐχ
673 2458 804 2528 ὁρᾷς
841 2456 965 2518 τοὺς
996 2457 1264 2525 μοναχοὺς
1291 2457 1417 2517 τοὺς
1439 2455 1531 2507 τὸν
1561 2454 1770 2525 μονήρη
1807 2453 1918 2523 βίον

340 2541 742 2611 ἐπιθυμοῦντας
792 2538 887 2592 καὶ
921 2540 1000 2600 είς
1026 2537 1125 2600 τάς
1160 2537 1402 2607 κορυφὰς
1447 2537 1553 2589 τῶν
1587 2536 1756 2608 ὀρέων
1784 2539 1918 2589 ἀνα-

340 2625 673 2696 χωροῦντας,
704 2624 833 2692 ὅσην
860 2621 1187 2690 ὑπομένουσι
1206 2619 1655 2689 σκληραγωγίαν;
1683 2620 1791 2672 Kal
1809 2620 1919 2690 γὰρ

342 2699 538 2761 σποδὸν
592 2703 1122 2776 ύποστρωννύμενοι,
1173 2703 1268 2755 καὶ
1332 2702 1535 2754 σάκκον
1596 2700 1919 2772 περιϐαλλό-

346 2807 518 2861 μενοι,
546 2788 641 2842 καὶ
668 2785 822 2839 κλοιὰ
857 2785 1020 2838 παντὶ
1053 2783 1130 2852 τῷ
1159 2781 1370 2852 σώματι
1403 2782 1794 2850 περιτιθέντες,
1823 2782 1919 2834 καὶ

340 2873 402 2926 ἐν
429 2874 560 2943 οτκῳ
585 2870 973 2944 καθείρξαντες
1031 2867 1276 2931 ἑαυτοὺς,
1321 2864 1464 2934 λιμῷ
1503 2864 1792 2917 παλαίουσι
1837 2866 1917 2917 δι-

340 2958 544 3026 ηνεκεῖ,
574 2956 792 3025 θρήνοις
810 2951 1010 3013 συζῶσι
1030 2949 1122 3000 καὶ
1148 2947 1475 3019 ἀγρυπνίαις
1491 2947 1803 3017 άφορήτοις,
1829 2949 1918 3000 ἵνα

339 3036 610 3106 δυνηθῶσι
649 3033 844 3105 μικρὸν
872 3030 1002 3099 γοῦν
1023 3031 1088 3100 μέ
1099 3047 1189 3101 ρος
1207 3031 1312 3082 τῶν
1330 3028 1732 3099 ἡμαρτημένων
1749 3031 1918 3100 ἀπορ-

343 3120 633 3194 ρίψασθαν
673 3118 757 3171 σοὶ
795 3116 851 3169 δέ
891 3115 1067 3178 ἔξεστι
1114 3114 1283 3185 χωρὶς
1327 3115 1426 3184 τῆς
1496 3113 1917 3184 σκληραγωγίας

338 3205 560 3272 ἀπάσης
589 3201 804 3270 ἐκείνης
832 3198 930 3269 τὴν
965 3195 1185 3250 εύκολον
1214 3195 1417 3266 ταύτην
1446 3198 1541 3250 καὶ
1585 3197 1774 3267 ῥᾳδίαν
1823 3196 1916 3248 εύ-

340 3285 564 3341 λάϐειαν
614 3279 1002 3346 ἐπιδείξασθαι.
1039 3281 1197 3342 Ποῖος
1229 3279 1339 3349 γὰρ
1383 3280 1580 3343 πόνος,
1635 3279 1756 3332 εἰπέ
1793 3296 1912 3349 μοι,

338 3367 449 3420 τῶ)
482 3367 650 3420 ὄντων
687 3361 1076 3426 ἀπολαύοντας,
1123 3363 1191 3415 τὰ
1235 3362 1469 3434 περιττά
1497 3363 1596 3433 τῆς
1621 3361 1811 3434 χρείας
1835 3365 1914 3426 εἰς

339 3450 468 3512 τοὺς
498 3447 784 3518 δεομένους
819 3447 1128 3511 ἀναλῶσαις
1161 3449 1224 3500 El
1245 3447 1354 3518 γὰρ
1380 3447 1456 3518 μή
1493 3447 1683 3516 μισθὸς
1712 3445 1912 3509 ἔκειτο,

340 3533 391 3584 cl
419 3530 526 3600 γὰρ
560 3529 634 3599 μὴ
668 3529 870 3598 ἀμοιϐὴ
912 3529 1150 3599 τοσαύτη
1200 3527 1421 3598 ὥριστο,
1453 3529 1593 3596 αὐτὴ
1635 3527 1730 3579 τοῦ
1774 3529 1914 3597 πρά-

340 3628 549 3682 γματος
588 3613 621 3681 ή
667 3611 827 3679 φύσις
865 3612 962 3680 οὐχ
1007 3610 1164 3681 ἱκανὴ
1195 3611 1438 3673 καὶτοὺς
1477 3609 1680 3680 σφόδρα
1711 3609 1915 3680 ἀνημέ-

343 3712 472 3764 ρους
499 3697 701 3759 πεῖσαι,
741 3697 849 3757 τοῖς
882 3694 1289 3765 περιττεύουσιν
1315 3693 1394 3755 είς
1423 3692 1777 3762 παραμυθίαν
1805 3692 1912 3745 τῶν

338 3776 609 3846 δεομένων
643 3775 1054 3846 ἀποχρήσασθαι
1083 3793 1097 3840 ;
1125 3777 1292 3829 Ὅταν
1318 3774 1375 3828 δὲ
1397 3775 1490 3827 καὶ
1517 3773 1760 3828 τοσοῦτοι
1795 3776 1914 3828 στέ-

339 3873 521 3927 φανοι,
562 3860 656 3911 καὶ
683 3857 942 3911 τοσαῦται
974 3857 1217 3927 ἀμοιϐαὶ,
1270 3859 1365 3910 καὶ
1395 3858 1632 3928 τοσαύτη
1663 3859 1913 3928 ἁμαρτη-

343 3940 530 4010 μάτων
559 3939 833 4009 ἀμνηστία
866 3939 952 3990 διά
976 3940 1072 4008 τῆς
1098 3939 1464 4010 ἐλεημοσύνης
1488 3939 1722 4010 γίνηται,
1756 3942 1912 3993 ποίαν

339 4024 554 4087 ἕξουσιν
583 4021 898 4089 ἀπολογίαν,
924 4022 1045 4073 εἰπέ
1071 4039 1185 4091 μοι,
1211 4023 1260 4074 οἱ
1285 4022 1587 4092 χρημάτων
1609 4021 1911 4091 φειδόμενοι

341 4106 436 4158 καὶ
472 4106 572 4175 τὴν
614 4105 792 4174 ψυχὴν
843 4103 940 4174 τὴν
995 4102 1205 4156 ἑαυτῶν
1265 4103 1748 4168 καταποντίζοντες
1799 4107 1911 4166 τοῖς

341 4190 769 4259 ἀμαρτήμασιν;
825 4188 888 4240 El
938 4186 1046 4258 γάρ
1081 4187 1172 4239 καὶ
1222 4188 1386 4258 μηδέν
1433 4204 1492 4240 σε
1539 4188 1722 4256 ἕτερον
1775 4192 1915 4241 κινεῖ

341 4273 437 4325 καὶ
493 4270 794 4340 διανίστησι
820 4269 955 4340 πρὸς
997 4269 1340 4339 συμπάθειαν
1368 4270 1462 4323 καὶ
1514 4270 1649 4338 πρὸς
1685 4271 1914 4341 ἐλεημο-

343 4353 530 4422 σύνην,
565 4353 662 4422 τῆς
705 4353 958 4422 τελευτῆς
1011 4351 1109 4421 τὴν
1156 4352 1382 4421 ἀδηλίαν
1425 4352 1741 4421 ἀναλόγισαι
1769 4373 1782 4385 ·
1818 4355 1912 4408 καὶ

340 4434 663 4505 ἐνθυμηθεὶς
683 4445 730 4496 α,
764 4436 844 4487 ὃτι
877 4433 980 4487 κᾶν
1005 4433 1080 4503 μὴ
1107 4434 1301 4502 πένησι
1327 4433 1452 4503 δῷς,
1484 4436 1800 4498 ἐπελθόντος
1819 4437 1911 4490 τοῦ

340 4519 568 4571 θανάτου
594 4518 686 4570 καὶ
717 4517 864 4572 ἄκων
896 4518 1135 4588 ἐκστήσῃ
1173 4516 1382 4587 ἐτέροις
1416 4518 1614 4581 αὐτῶν,
1645 4518 1746 4571 κᾶν
1769 4519 1912 4572 οὓτω

339 4601 500 4670 γενοῦ
541 4600 918 4671 φιλάνθρωπος
951 4598 1064 4652 νῦν.
1095 4600 1203 4651 Kal
1236 4600 1343 4671 γὰρ
1381 4602 1612 4670 ἐσχάτης
1644 4601 1826 4664 ἀνοίας
1845 4602 1910 4654 ἂν

340 4687 451 4756 εἴη.
488 4679 564 4739 ὧν
608 4685 703 4738 καὶ
743 4686 967 4748 ἄκοντες
1008 4683 1323 4746 ἐξίστασθαι
1367 4683 1661 4754 μέλλομεν,
1703 4685 1910 4754 ἐτέροις

343 4765 496 4838 [268]
528 4766 731 4820 τούτων
765 4767 839 4836 μὴ
885 4764 1208 4836 μεταδοῦναι
1230 4766 1454 4828 ἑκόντας
1477 4769 1587 4827 τοῖς
1611 4765 1906 4835 δεομένοις,

340 4849 630 4902 καὶταῦτα
659 4849 945 4919 μέλλοντας
971 4847 1208 4900 τοσαῦτα
1249 4847 1356 4900 ἀπὸ
1383 4849 1480 4916 τῆς
1516 4848 1911 4919 φιλοφροσύνης

338 4933 541 5004 ταύτης
556 4931 769 5002 καρποῦ
777 4930 899 4984 σθαι
912 4931 1068 4984 καλά.
1091 4930 1158 4984 Τὸ
1177 4930 1343 4999 ὑμῶν
1353 4931 1907 5004 περίσσευμαφησὶ,

337 5016 602 5084 γενέσθω
639 5018 728 5079 εἰς
766 5014 833 5066 τὸ
879 5014 1126 5067 ἐκείνων
1150 5013 1479 5082 ὑστέρημα.
1517 5013 1581 5066 Τί
1607 5014 1664 5067 δέ
1697 5015 1843 5067 ἐστιν
1881 5016 1910 5068 ὃ

336 5096 525 5163 λέγει;
563 5097 798 5160 Μείζονα
836 5095 1153 5166 λαμϐάνεις,
1183 5096 1423 5166 ἢ-δίδως.
1451 5095 1618 5159 Δίδως
1653 5096 1907 5166 αἰσθητὰ,

337 5181 432 5232 καὶ
446 5179 738 5249 λαμϐάνεις
755 5179 922 5249 νοητά
940 5181 1031 5232 καὶ
1052 5179 1396 5249 πνευματικά
1414 5196 1426 5209 °
1445 5179 1600 5241 δίδως
1623 5179 1904 5250 ἀργύριον,

336 5262 430 5314 καὶ
477 5261 774 5331 λαμϐάνεις
815 5261 1226 5332 ἁμαρτημάτων
1278 5261 1504 5330 ἄφεσιν·
1538 5262 1683 5324 λύεις
1723 5265 1786 5315 σὺ
1831 5262 1908 5333 τῷ

337 5343 528 5413 πένητι
569 5343 746 5413 λιμὸν,
792 5345 999 5405 ἐκεῖνος
1029 5343 1085 5395 δέ
1127 5360 1207 5395 σοι
1237 5343 1351 5396 λύει
1384 5341 1476 5397 τοῦ
1508 5344 1641 5397 Θεοῦ
1671 5343 1769 5414 τὴν
1812 5346 1906 5416 ὀρ-

334 5428 457 5495 γήν.
511 5426 800 5490 Ἀντίδοσίς
848 5426 932 5488 τίς
961 5427 1075 5478 ἐστι
1110 5427 1202 5478 καὶ
1234 5428 1584 5497 πραγματεία
1614 5428 1750 5482 πολὺ
1803 5429 1906 5497 τῆς

332 5509 577 5579 δαπάνης
641 5510 809 5580 μείζω
869 5508 964 5561 καὶ
1020 5510 1438 5580 χρησιμωτέραν
1488 5511 1589 5581 τὴν
1645 5511 1904 5582 πρόσοδον

333 5594 550 5662 ἔχουσα.
596 5592 662 5644 Ἢ
716 5593 813 5662 μὲν
862 5591 967 5661 γὰρ
1008 5591 1222 5662 δαπάνη
1255 5594 1312 5644 ἐν
1365 5595 1605 5664 χρήμασι
1659 5597 1901 5662 γίνεται’

334 5674 655 5745 ήπρόσοδος
703 5675 760 5727 δὲ
802 5676 903 5728 οὐκ
930 5674 1010 5726 ἔτι
1053 5676 1110 5728 ἐν
1137 5675 1382 5746 χρήμασι
1421 5677 1602 5743 μόνον,
1636 5676 1773 5733 ἀλλὰ
1811 5680 1905 5734 καὶ

382 5850 404 5877 ⁸
427 5845 536 5898 Duo
561 5861 674 5898 mss.
691 5848 978 5909 ἐνθυμήθητι.

959 375 1044 428 DE
1083 370 1327 429 VERBIS
1367 371 1717 428 APOSTOLI.
1761 367 2124 422 ιιΑιιΕΝτΕς
2165 366 2452 422 EUMDEM
2496 361 2840 419 SPIRITUM.
2889 359 2953 412 11.

3483 366 3592 422 280

2021 480 2078 532 ἐν
2111 477 2525 549 ἁμαρτημάτων
2547 477 2762 547 ἀφέσει,
2798 479 2889 531 καὶ
2915 477 3195 549 παρρησίᾳ
3233 481 3298 550 τῇ
3336 479 3471 550 πρδς
3499 484 3592 536 τὸν

2019 563 2172 628 Θεὸν,
2209 562 2306 616 καὶ
2343 562 2590 631 βασιλείᾳ
2618 561 2724 614 τῶν
2774 561 3049 632 οὐρανῶν,
3097 564 3192 615 καὶ
3223 566 3289 632 τῇ
3321 564 3430 616 τῶν
3456 566 3595 633 ἀγα.-

2021 647 2128 699 θῶν
2177 649 2496 711 ἀπολαύσει,
2535 647 2570 700 ἃ
2623 648 2759 716 μήτε
2795 645 3071 716 ὀφθαλμὸς
3117 643 3248 709 εἶδεν
3309 650 3447 719 μήτε
3499 644 3594 714 οὖς

2019 732 2239 800 ἤκουσε,
2277 734 2413 802 μήτε
2445 731 2537 783 ἐπὶ
2567 730 2795 800 καρδίαν
2825 729 3110 799 ἀνθρώπου
3135 731 3320 801 ἀνέϐη.
3353 732 3476 795 Πῶς
3499 728 3593 786 οῦν

2019 812 2118 864 ούκ
2151 813 2371 874 ἄτοπον,
2406 815 2532 873 τοὺς
2585 812 2682 881 μὲν
2721 811 2996 880 ἐμπόρους
3043 811 3268 882 μηδενὸς
3318 813 3592 880 φείδεσθαι

2018 893 2128 946 τῶν
2157 896 2347 958 ὄντων,
2392 895 2485 947 xal
2518 894 2690 946 ταῦτα
2722 894 2820 961 οὐχ
2850 894 3043 963 ἐτέρας
3069 894 3214 956 τινὸς
3251 894 3590 964 καινοτέρας,

2019 977 2133 1030 ἀλλ’
2163 979 2354 1047 ὁμοίας
2383 981 2448 1048 τῇ
2480 977 2683 1048 ἐνθήκῃ
2715 977 2812 1044 τῆς
2851 977 3119 1046 ἐμπορίας
3147 977 3329 1030 αὐτῶν
3369 977 3593 1047 μελλού-

2021 1076 2120 1128 σης
2169 1059 2422 1112 έσεσθαι’
2473 1061 2623 1130 ἡμᾶς
2675 1060 2730 1112 δὲ
2777 1058 2864 1112 διά
2895 1058 3146 1127 φθαρτῶν
3185 1060 3281 1113 καὶ
3315 1061 3595 1131 ἐπικήρων

2019 1143 2140 1210 οὐχὶ
2173 1142 2385 1212 φθαρτὰ
2409 1142 2502 1194 καὶ
2529 1142 2788 1211 ἐπίκηρα,
2821 1140 2934 1193 ἀλλ’
2961 1141 3210 1212 ἄφθαρτα
3231 1141 3323 1193 καὶ
3351 1141 3599 1194 ἀθάνατα

2022 1223 2359 1292 καρποῦσθαι
2394 1223 2684 1293 μέλλοντας
2711 1223 2909 1290 ἀγαθὰ,
2938 1223 3072 1292 μηδὲ
3122 1223 3221 1287 τὴν
3250 1222 3417 1293 αὐτὴν
3447 1223 3594 1275 ἐκεί-

2020 1321 2131 1366 νοις
2187 1306 2498 1375 φιλοτιμίαν
2538 1307 2666 1377 περὶ
2707 1305 2776 1358 τά
2817 1304 2946 1357 ὄντα
2993 1305 3432 1370 ἐπιδείκνυσθαι;
3478 1305 3594 1376 Μὴ,

2020 1386 2257 1455 ἀδελφοὶ,
2291 1388 2365 1459 μὴ
2400 1388 2543 1441 οῦτω
2569 1388 2754 1451 κακῶς
2782 1388 2908 1458 περὶ
2941 1387 3040 1456 τῆς
3085 1387 3295 1440 ἐαυτῶν
3327 1387 3596 1455 βουλευώ-

2024 1468 2164 1537 μεθα
2202 1470 2517 1540 σωτηρίας’
2561 1470 2699 1522 ἀλλά
2743 1470 2803 1521 τὸ
2843 1469 3193 1538 παράδειγμα
3234 1468 3343 1520 τῶν
3389 1468 3597 1539 παρθέ-

2021 1566 2126 1602 νων
2171 1552 2395 1618 εἰδότες,
2432 1552 2684 1614 καὶτοὺς
2736 1553 2814 1613 είς
2862 1550 2922 1602 τὸ
2977 1549 3086 1620 πῦρ
3127 1550 3507 1619 ἀπαγομένους
3535 1551 3598 1603 τδ

2019 1634 2420 1702 ἡτοιμασμένον
2447 1633 2526 1702 τῷ
2575 1633 2802 1700 διαϐόλῳ
2845 1632 2937 1685 καὶ
2963 1635 3074 1693 τοῖς
3124 1632 3375 1699 ἀγγέλοις
3408 1631 3596 1693 αὐτοῦ,

2022 1715 2208 1785 ἐπειδὴ
2233 1715 2308 1785 μὴ
2335 1715 2587 1785 ἔθρεψαν,
2611 1717 2745 1786 μηδὲ
2774 1715 3030 1767 ἐπότισαν
3050 1715 3141 1768 τὸν
3171 1715 3425 1784 Χριστὸν,
3467 1732 3598 1767 κατ-

2022 1797 2236 1867 έχωμεν
2255 1798 2349 1850 τοῦ
2381 1797 2699 1868 Πνεύματος
2731 1799 2790 1850 τὸ
2818 1798 2928 1868 πῦρ
2958 1798 3045 1850 διὰ
3073 1797 3481 1866 φιλανθρωπίας
3501 1797 3597 1850 δα-

2020 1879 2208 1947 ψιλοῦς
2239 1881 2335 1932 καὶ
2361 1881 2759 1950 ἐπιτεταμένης
2806 1881 3207 1950 ἐλεημοσύνης,
3245 1881 3332 1933 ἵνα
3363 1881 3434 1950 μὴ
3468 1879 3599 1951 περὶ

2021 1961 2117 2032 τὴν
2149 1962 2328 2015 πίστιν
2349 1965 2768 2033 ναυαγήσωμεν.
2817 1964 2880 2015 Ἠ
2911 1964 3008 2032 μὲν
3034 1963 3141 2031 γάρ
3171 1964 3352 2026 πίστις
3371 1962 3472 2031 τῆς
3503 1961 3598 2015 τοῦ

2022 2045 2339 2114 Πνεύματος
2365 2045 2536 2098 δεῖται
2569 2045 2821 2114 βοηθείας
2848 2046 2944 2098 καὶ
2976 2046 3076 2114 τῆς
3110 2047 3455 2116 παραμονῆς,
3511 2044 3600 2098 ἵνα

2020 2129 2268 2190 ἄσειστος
2293 2128 2429 2198 μένῃ
2453 2145 2466 2157 ο
2490 2130 2522 2198 ή
2555 2128 2610 2181 δὲ
2646 2128 2737 2180 τοῦ
2767 2126 3084 2197 Πνεύματος
3111 2125 3332 2197 βοήθεια
3358 2125 3445 2178 διὰ
3480 2126 3597 2196 βίου

2021 2209 2259 2281 καθαροῦ
2287 2211 2379 2263 καὶ
2407 2211 2681 2272 πολιτείας
2716 2210 2944 2280 ἀρίστης
2971 2211 3100 2279 ἡμῖν
3128 2201 3315 2261 εἴωθεν
3351 2208 3600 2278 παραμέ-

2019 2311 2153 2349 νειν.
2190 2295 2352 2346 ’Ὥστε
2380 2296 2428 2346 εί
2461 2294 2747 2364 μέλλοιμεν
2788 2291 3163 2363 ἐρριζωμένην
3196 2291 3339 2361 ἐχειν
3374 2293 3470 2362 τὴν
3510 2291 3600 2344 πί-

2023 2394 2159 2440 στιν,
2216 2377 2491 2440 πολιτείας
2539 2378 2669 2447 ὴμῖν
2713 2377 2793 2430 δεῖ
2826 2375 3074 2445 καθαρᾶς
3123 2376 3220 2446 τῆς
3263 2376 3324 2427 τὸ
3376 2375 3601 2446 Πνεύμα

2021 2459 2311 2528 πειθούσης
2353 2460 2534 2530 μένειν
2563 2460 2656 2513 καὶ
2691 2457 2936 2527 συνέχειν
2966 2458 3180 2525 ἐκείνης
3210 2458 3306 2527 τὴν
3346 2457 3597 2528 δύναμιν.

2020 2543 2092 2594 οὐ
2122 2547 2230 2613 γὰρ
2264 2542 2427 2604 ἐστιν,
2460 2543 2560 2594 ούκ
2608 2540 2723 2594 ἔστι
2768 2540 2881 2609 βίον
2913 2540 3222 2610 ἀκάθαρτον
3269 2538 3481 2608 ἔχοντα,
3522 2540 3598 2611 μὴ

2021 2624 2115 2676 καὶ
2145 2625 2273 2692 περὶ
2293 2624 2391 2694 τὴν
2415 2623 2596 2677 πίστιν
2619 2621 2957 2675 σαλεύεσθαι.

2093 2713 2145 2761 ι’.
2186 2709 2248 2759 Ol
2290 2707 2419 2774 γοῦν
2471 2706 2599 2775 περὶ
2646 2705 2987 2775 εἱμαρμένης
3025 2704 3342 2776 ληροῦντες,
3396 2705 3490 2758 καὶ
3519 2705 3599 2774 τῷ

2022 2789 2356 2860 σωτηριώδει
2381 2791 2478 2858 τῆς
2503 2789 2850 2849 ἀναστάσεως
2879 2787 3286 2851 διαπιστοῦντες
3306 2789 3469 2859 λόγῳ,
3489 2789 3599 2841 ἀπὸ

2023 2870 2320 2932 συνειδότος
2373 2868 2608 2939 πονηροῦ
2643 2870 2738 2921 καὶ
2777 2866 3027 2938 πράξεων
3056 2869 3465 2938 διεφθαρμένων
3506 2871 3601 2924 ἐπὶ

2017 2955 2078 3006 τὸ
2127 2952 2399 3023 βάραθρον
2433 2952 2535 3019 τῆς
2577 2952 2835 3013 ἀπιστίας
2882 2952 3088 3021 ταύτης
3135 2953 3454 3004 κατέπεσον.
3488 2953 3598 3004 Kal

2018 3034 2272 3104 καθάπερ
2308 3035 2354 3085 οἱ
2394 3034 2754 3101 πυρέττοντες
2789 3032 3100 3102 βουλόμενοι
3136 3032 3198 3084 τδ
3245 3034 3435 3100 πνῖγος
3461 3034 3598 3086 ἀπο-

2015 3114 2356 3179 τινάξασθαι,
2397 3114 2539 3167 κατὰ
2565 3114 2791 3184 ψυχρῶν
2817 3115 3044 3177 ἑαυτοὺς
3081 3113 3339 3177 πολλάκις
3368 3113 3598 3186 ἔρριψαν

2019 3199 2246 3259 ὑδάτων,
2272 3197 2364 3249 καὶ
2393 3196 2530 3266 πρὸς
2549 3195 2723 3267 βραχὺ
2755 3196 3282 3266 παραμυθησάμενοι
3304 3197 3399 3267 τὴν
3419 3198 3595 3262 νόσον,

2016 3280 2406 3350 χαλεπωτέραν
2461 3278 2685 3350 ὕστερον
2736 3279 2948 3348 ἀνῆψαν
2981 3280 3080 3349 τὴν
3110 3279 3286 3348 φλόγα
3306 3296 3318 3308 ·
3359 3279 3500 3334 οὕτω
3531 3281 3596 3353 δὴ

2016 3363 2112 3416 καὶ
2151 3364 2200 3415 οἱ
2230 3361 2451 3433 πονηρῷ
2493 3361 2840 3432 συνεχόμενοι
2874 3361 3155 3424 συνειδότι,
3191 3357 3309 3414 εἶτα
3339 3380 3598 3434 παραμυ-

2018 3445 2137 3498 θίαν
2200 3443 2488 3514 ζητοῦντες
2523 3443 2706 3513 εὑρεῖν
2741 3443 2835 3496 καὶ
2893 3443 2967 3513 μὴ
3000 3443 3312 3513 βουλόμενοι
3340 3447 3597 3516 μετανοίᾳ

2014 3526 2085 3579 τὰ
2122 3526 2496 3596 ἁμαρτήματα
2527 3523 2918 3592 ἀπονίψασθαι,
2970 3525 3068 3594 τὴν
3116 3525 3216 3594 τῆς
3253 3527 3597 3598 εἱμαρμένης

2015 3610 2383 3679 ἐπεισήγαγον
2433 3605 2744 3676 τυραννίδα,
2802 3606 2896 3658 καὶ
2934 3605 3032 3675 τὴν
3078 3605 3178 3675 τῆς
3245 3607 3596 3671 ἀναστάσεως

2014 3691 2290 3745 ἀπιστίαν.
2326 3691 2425 3743 Διά
2447 3688 2603 3742 τοῦτο
2625 3688 2858 3742 ἐνταῦθα
2883 3689 3110 3751 ἑαυτοὺς
3143 3689 3230 3743 διὰ
3249 3689 3356 3742 τῶν
3372 3689 3596 3761 ψυχρῶν

2014 3771 2287 3842 λογισμῶν
2312 3776 2447 3842 πρὸς
2473 3771 2648 3841 βραχὺ
2679 3769 3232 3842 παραμυθησάμενοι,
3258 3771 3477 3841 μείζονα
3493 3773 3594 3843 τῆς

2015 3856 2241 3924 γεέννης
2258 3853 2552 3923 ἀνάψουσιν
2570 3855 2781 3916 ἐαυτοῖς
2799 3852 2896 3924 τὴν
2926 3852 3120 3921 φλόγα,
3161 3853 3290 3906 ὅταν
3311 3856 3595 3924 γενόμενοι

2017 3936 2398 4007 ρᾳθυμότεροι,
2431 3930 2548 3987 εἶτα
2583 3934 2911 3996 ἀπελθόντες
2960 3936 3077 3986 ἐκεῖ
3133 3934 3434 3989 θεάσωνται
3483 3937 3593 3989 τῶν

2016 4020 2226 4081 ἑαυτοῖς
2273 4017 2823 4088 πεπλημμελημένων
2875 4017 3106 4068 ἕκαστον
3160 4017 3321 4069 αὐτὸν
3382 4018 3593 4072 διδόντα

2014 4100 2260 4162 εὐθύνας.
2297 4101 2406 4152 Kal
2430 4101 2516 4152 ἴνα
2546 4099 2753 4169 μάθητε
2774 4099 2857 4151 ὅτι
2884 4097 3042 4150 τοῦτό
3075 4099 3222 4151 ἐστιν
3249 4097 3466 4169 ἀληθὲς,
3497 4103 3592 4154 καὶ

2015 4181 2242 4252 πράξεις
2276 4181 2512 4252 πονηραὶ
2540 4183 2605 4251 τῇ
2648 4181 2746 4250 τῆς
2787 4181 3024 4242 πίστεως
3050 4179 3399 4250 λυμαίνονται
3431 4184 3590 4254 στερ-

2019 4266 2225 4336 ρότητι,
2260 4265 2490 4319 ἄκουσον
2514 4264 2564 4315 τί
2595 4279 2759 4332 φησιν
2788 4263 2815 4314 ὁ
2846 4261 3058 4325 Παῦλος
3073 4262 3150 4332 τῷ
3171 4263 3420 4333 Τιμοθέῳ
3441 4262 3590 4335 [269]

2015 4349 2241 4419 γράφων
2261 4365 2274 4378 ·
2316 4347 2437 4400 Ἵνα
2463 4345 2832 4413 στρατεύσῃ,
2858 4346 3010 4414 φησι,
3042 4344 3158 4412 τὴν
3183 4344 3385 4413 καλὴν
3411 4361 3592 4414 στρα-

2015 4431 2200 4495 τείαν,
2227 4428 2382 4497 ἔχων
2399 4428 2608 4480 πίστιν
2633 4425 2734 4478 καί
2797 4426 3032 4494 ἀγαθὴν
3060 4427 3421 4494 συνείδησιν
3449 4429 3501 4498 (ἡ
3533 4427 3591 4482 δὲ

2015 4511 2194 4580 ἀγαθὴ
2265 4509 2565 4578 συνείδησις
2621 4509 2729 4562 ἀπὸ
2783 4509 2900 4577 βίου
2963 4509 3057 4560 καὶ
3106 4509 3358 4578 πράξεων
3412 4511 3589 4580 ὀρθῶν

2015 4595 2210 4662 γένοιτ’
2241 4592 2326 4663 ἀν)
2350 4610 2363 4623 ο
2397 4591 2476 4660 ἢν
2528 4609 2688 4656 τινες
2719 4590 3104 4660 ἀπωσάμενοι
3125 4631 3139 4655 ,
3186 4592 3319 4660 περὶ
3350 4593 3465 4659 τὴν
3494 4595 3590 4646 πί-

2015 4693 2174 4742 στιν,
2230 4677 2414 4745 φησὶν,
2470 4673 2875 4743 ἐναυάγησαν.
2929 4675 3039 4727 Kal
3094 4674 3254 4727 πάλιν
3310 4674 3542 4746 ἀλλαχοῦ
3570 4693 3585 4708 ο

2026 4757 2180 4820 Ῥίζα
2199 4757 2440 4812 πάντων
2472 4754 2591 4808 τῶν
2611 4755 2813 4809 κακῶν
2843 4757 3015 4808 ἐστιν
3043 4758 3080 4824 ἡ
3109 4759 3487 4827 φιλαργυρία,
3511 4755 3589 4830 ἧς

2016 4859 2174 4907 τινες
2204 4841 2542 4909 ὀρεγόμενοι
2575 4837 3098 4904 ἀπεπλανήθησαν
3139 4839 3249 4906 τῆς
3305 4842 3585 4907 πίστεως.

2015 4922 2168 4988 Εἶδες
2195 4924 2278 4976 ὅτι
2321 4924 2563 4975 κάκεῖνοι
2611 4919 2955 4990 ἐναυάγησαν
2997 4920 3085 4974 διὰ
3111 4920 3290 4986 τοῦτο,
3317 4923 3413 4974 καὶ
3441 4919 3586 4978 οῦτοι

2012 5008 2098 5061 διά
2125 5006 2282 5059 τοῦτο
2311 5003 2791 5073 ἀπεπλανήθησαν,
2828 5003 3016 5074 ἐπειδὴ
3045 5003 3094 5056 οἱ
3126 5003 3224 5072 μὲν
3244 5005 3343 5074 τὴν
3373 5005 3587 5077 ἀγαθὴν

2016 5088 2314 5157 συνείδησιν
2371 5086 2690 5149 ἀπώσαντο,
2747 5077 2892 5137 οὗτοι
2947 5085 3004 5138 δὲ
3057 5085 3156 5155 τῆς
3227 5085 3586 5159 φιλαργυρίας

2013 5170 2368 5232 ἐπελάϐοντο;
2403 5170 2582 5240 Ἀπερ
2621 5168 2834 5222 ἅπαντα
2860 5167 3208 5238 λογισάμενοι
3235 5167 3264 5206 ι’
3286 5172 3401 5240 μετ’
3428 5172 3588 5242 ἀκρι-

2011 5253 2183 5316 ϐείας,
2203 5250 2589 5322 ἐπιμελώμεθα
2618 5249 2888 5312 πολιτείας
2915 5249 3162 5320 ἀρίστης,
3178 5248 3318 5303 ὥστε
3333 5251 3586 5318 γενέσθαι

2008 5333 2226 5387 διπλοῦν
2261 5335 2391 5402 ἡμῖν
2423 5333 2514 5384 τὸν
2550 5331 2759 5402 μισθὸν.
2794 5331 2891 5383 Eva
2939 5331 3060 5399 μὲν,
3103 5331 3193 5382 τὸν
3233 5332 3297 5383 ἐκ
3335 5333 3435 5401 τῆς
3477 5333 3586 5387 τῶν

2009 5416 2184 5487 ἔργων
2208 5408 2440 5484 ἀμδιϐῆς
2462 5413 2881 5485 ἡτοιμασμένον,
2915 5412 3100 5482 ἕτερον
3123 5411 3198 5476 δέ,
3228 5412 3320 5465 τὸν
3363 5414 3429 5468 ἐκ
3483 5416 3584 5486 τῆς

2009 5499 2150 5554 κατά
2177 5497 2357 5550 πίστιν
2393 5497 2771 5567 στερρότητος.
2820 5495 2999 5563 Ὀπερ
3024 5494 3132 5564 γάρ
3154 5495 3302 5546 ἐστιν
3339 5497 3372 5565 ή
3403 5496 3582 5566 τροφὴ

2006 5582 2084 5653 τῷ
2119 5581 2348 5651 σώματι,
2367 5579 2522 5631 τοῦτο
2551 5581 2582 5647 ή
2619 5578 2862 5631 πολιτεία
2889 5579 2956 5647 τῇ
2975 5577 3154 5629 πίστει
3174 5591 3188 5607 ⁸
3217 5578 3311 5630 καὶ⁵
3332 5577 3582 5651 καθάπερ

2007 5667 2041 5736 ἡ
2078 5662 2178 5732 τῆς
2214 5660 2413 5733 σαρκὸς
2448 5658 2607 5728 φύσις
2643 5661 2743 5731 τῆς
2796 5658 3070 5730 ἡμετέρας
3100 5659 3200 5712 οὐκ
3246 5659 3313 5714 ἀν
3363 5659 3584 5746 διακρα-

2068 5816 2220 5893 δουρί
2233 5854 2346 5891 mss.
2365 5835 2668 5904 λογιζόμενοι.
