4058 6258
538 303 638 364 281

1248 325 1287 382 S
1322 327 1605 397 J().-\NNI$
1640 329 2126 386 (IIIRYSOSTOMI
2160 331 2480 390 ARCIIIEP.
2519 332 3068 390 CONSTANTINOP.

3658 349 3758 405 ’ὶΒῖ

535 419 724 518 τηθείη
747 422 935 518 χωρὶς
968 427 1206 518 τροφῆς,
1240 428 1422 518 οὑτως
1453 433 1575 487 οὑδὲ
1621 435 1654 505 ή
1701 436 1883 500 πίστις
1929 438 2101 508 χωρὶς
2200 442 2296 494 καὶ
2320 441 2575 509 πίστεως,
2605 446 2700 499 καὶ
2728 447 3047 518 παρθενίας,
3076 449 3170 501 καὶ
3201 447 3629 518 φιλανθρωπίας,
3668 457 3757 509 καὶ

529 501 705 588 ςργων
734 506 982 588 ἀγαθῶν·
1015 512 1202 578 Χωρίς
1226 513 1332 584 γάρ
1356 516 1546 585 ἔργων
1581 518 1621 585 ἡ
1642 501 1861 584 *πίστις
1890 501 2097 588 νέλιρά.

529 581 636 636 ’Ἐν
653 580 1028 664 ὑπολέλειπται
1042 580 1444 654 λοιπδνείπείν,
1460 612 1510 647 τι
1526 580 1651 649 ποτέ
1669 598 1803 659 ἐστι,
1828 580 2054 652 Ῠὸαιῖιτό
2069 616 2088 664 ;

627 665 733 750 γάρ
761 662 913 720 εἶπεν
938 669 1142 733 ἁπλῶς,
1166 672 1379 742 ἔχοντες
1396 674 1458 729 τὸ
1478 677 1699 749 Πνεῦμα
1714 680 1814 750 τῆς
1836 662 2094 746 πίστεως,

522 747 657 800 ἀλλά
681 747 762 813 τίς
803 750 1088 817 Ἔχοντες
1113 754 1179 806 τό
1211 756 1358 809 αὐτύ
1390 747 1635 829 Πνεῦμα
1669 747 1781 829 τῆς
1803 763 2086 830 πίστεως,

523 832 631 886 Καὶ
674 832 972 904 ἐϐουλόμην
1007 834 1106 905 μὲν
1139 838 1447 904 ἐπεξελθεῖν
1470 842 1739 896 καὶτοῦτο
1774 843 1852 914 τῷ
1902 844 2046 915 λόγῳ
2070 861 2084 875 ⁸

518 915 634 967 ἀλλ’
667 916 853 988 ἐπειδὴ
887 917 1115 982 πολλοὺς
1138 923 1418 991 ποταμοὺς
1442 924 1556 994 δρῶ
1577 925 1865 996 νοημάτων
1896 928 1961 979 ὲκ
1989 926 2090 996 τῆς

517 998 679 1070 ψιλῆς
703 1000 906 1070 ταύτης
929 1002 1140 1072 ρήσεως
1155 1002 1419 1072 ἐξιόντας,
1447 1006 1659 1061 δέδοικα
1690 1008 1765 1079 μὴ
1791 1007 1869 1078 τῷ
1892 1008 2088 1079 πλήθει

515 1082 625 1135 τῶν
653 1083 985 1153 ῥηθήσεσθαι
1018 1085 1320 1154 μελλόντων
1366 1089 1435 1141 τὰ
1484 1089 1751 1160 είρημένα
1785 1091 2087 1155 ἐπικλύσας

514 1166 751 1229 ἅπαντα,
781 1166 1051 1238 ἄχρηστον
1093 1168 1221 1238 ὑμῖν
1255 1171 1466 1240 ποιήσω
1492 1172 1589 1241 τὴν
1622 1172 1971 1225 διδασκαλίαν
1997 1173 2086 1227 διά

512 1247 615 1318 τῆς
668 1249 934 1320 ἀμετρίας
984 1250 1111 1319 ὑμῖν
1158 1250 1555 1321 λυμηνάμενος.
1611 1253 1810 1324 Διόπερ
1853 1253 2088 1309 ἐνταῦθα

516 1334 720 1399 στήσας
744 1331 835 1385 τον
863 1331 1038 1399 λόγον,
1067 1334 1368 1404 παρακαλῶ
1401 1336 1494 1388 καὶ
1521 1335 1715 1405 δέομαι
1738 1337 1807 1390 τά
1843 1353 1903 1389 τε
1933 1338 2085 1405 εἰρη-

515 1413 654 1482 μένα
685 1413 803 1482 μετ’
838 1414 1125 1486 ἀκριϐείας
1149 1416 1459 1486 φυλάττειν,
1491 1418 1594 1472 ὅσα
1623 1419 1750 1489 περὶ
1790 1418 2082 1484 πολιτείας,

2199 523 2324 595 ἐλεη
2333 524 2570 595 μοσύνης
2598 527 2891 597 ἠκούσατε,
2925 531 3021 583 καὶ
3047 529 3217 583 ταῦτα
3239 531 3566 600 κατέχοντας
3590 537 3753 605 ἀσφα.

2199 605 2329 671 λῶς,
2360 607 2497 676 πρὸς
2515 609 2615 677 τὴν
2644 610 2751 663 τῶν
2793 613 3095 681 μελλόντων
3140 613 3404 683 ἀκρόασιν
3432 614 3755 686 ἀπαντῆσαι.

2198 686 2356 739 υῦτω
2390 686 2498 760 γὰρ
2528 689 2658 759 ἡμῖν
2711 694 2910 764 στερρὰ
2954 694 3046 747 καὶ
3085 693 3335 758 ἀσειστος
3366 695 3515 749 ἔσται
3567 700 3601 768 ή
3658 701 3757 754 τῶν

2194 771 2502 841 εἰρημένων
2553 774 2832 847 οἰκοδομὴ,
2890 777 3040 842 ὅταν,
3090 777 3200 830 τῶν
3250 777 3529 850 προτέρων
3584 780 3759 846 καλῶς

2192 853 2522 923 πεπηγότων
2550 855 2609 908 ἐν
2639 858 2759 918 ταῖς
2782 857 3076 930 ὑμετέραις
3101 858 3384 923 διανοίαις,
3428 860 3495 914 τὰ
3539 861 3759 935 δεύτερα

2188 936 2608 1006 ἑπεμϐάλωμεν.
2648 938 2708 991 '0
2738 939 2794 993 δὲ
2832 940 2965 1005 Θεὸς
3010 942 3153 996 ὁκαὶ
3199 944 3329 1012 ἡμῖν
3370 942 3544 997 ταῦτα
3597 946 3759 1000 εἰπεῖν

2187 1017 2331 1081 δοὺς,
2350 1019 2447 1071 καὶ
2466 1020 2594 1090 ὑμῖν
2628 1020 2766 1091 μετά
2788 1021 3093 1094 προθυμίας
3123 1023 3375 1085 ἀκοῦσαι,
3398 1024 3757 1091 καταξιώσειε

2187 1100 2281 1151 καὶ
2309 1099 2401 1152 τὸν
2423 1100 2509 1152 διὰ
2537 1101 2646 1155 τῶν
2676 1102 2853 1173 ἔργων
2904 1106 3277 1171 ἐπιδείξασθαι
3309 1107 3545 1179 καρπὸν,
3581 1109 3758 1178 χάριτι

2192 1180 2289 1233 καὶ
2339 1182 2720 1253 φιλανθρωπία
2772 1185 2867 1239 τοῦ
2920 1188 3127 1258 Κυρίου
3178 1187 3336 1258 ήμῶν
3390 1188 3569 1260 Ἰησοῦ
3625 1191 3757 1261 X9:-

2194 1263 2345 1323 στοῦ,
2375 1264 2457 1317 ὅτι
2481 1265 2629 1336 αὑτῷ
2659 1267 2692 1336 ἡ
2721 1265 2847 1333 δόξα
2881 1270 2962 1333 είς
2988 1272 3114 1335 τοὺς
3159 1271 3364 1334 αἰῶνας
3388 1270 3499 1325 τῶν
3529 1270 3736 1326 αἰώνων

2204 1342 2395 1415 Ἀμήν.

2380 1557 2599 1566 _—._.__..-

2606 1558 2968 1569 ——___

508 1702 612 1768 είς
662 1699 776 1770 τὴν
832 1698 1248 1767 ἁποστολικὴν
1297 1697 1486 1767 ῥῆσιν
1543 1696 1659 1763 τὴν
1732 1695 2057 1767 λέγουσαν,
2092 1713 2110 1745 ι
2155 1695 2438 1765 Ἔχοντες
2467 1698 2535 1752 δὲ
2580 1700 2646 1754 τὸ
2686 1701 2832 1754 αὐτὸ
2870 1703 3115 1774 Πνεῦμα
3155 1704 3269 1775 τῆς
3295 1708 3582 1774 πίστεως,
3618 1710 3759 1766 κατὰ

588 1798 656 1851 τὸ
685 1792 1106 1866 γεγφαμμένον.
1147 1810 1164 1843 ,
1202 1803 1227 1831 α
1262 1790 1360 1843 καὶ
1395 1789 1546 1857 πρὸς
1571 1788 1959 1858 Μανιχαίους,
2010 1784 2112 1841 καί
2150 1784 2385 1852 πάντας
2422 1790 2563 1855 τοὺς
2598 1790 3036 1861 διαϐάλλοντας
3062 1797 3177 1865 τὴν
3198 1799 3471 1852 Παλαιὰν
3492 1799 3597 1854 καί
3621 1799 3759 1856 διαι-

576 1890 841 1958 ροῦντας
870 1886 1066 1955 αὐτὴν
1091 1884 1210 1941 ἀπὸ
1230 1883 1341 1954 τῆς
1361 1880 1607 1951 Καινῆς,
1626 1883 1724 1937 καὶ
1756 1882 1887 1946 περὶ
1916 1880 2354 1949 ἐλεημοσύνης.

581 2122 645 2170 α’.
702 2114 1089 2178 Ἀποστολικῆς
1127 2114 1258 2186 ὑμῖν
1304 2114 1621 2186 ἐξηγήσεως
1672 2111 1833 2183 χρέος
1880 2109 2081 2178 ὀφείλω

510 2198 767 2253 παλαιόν·
798 2198 936 2251 ἀλλά
960 2197 1121 2250 τοῦτο
1148 2196 1211 2251 τὸ
1237 2196 1398 2268 χρέος
1424 2198 1582 2268 ὑμεῖς
1613 2194 1712 2266 μὲν
1746 2195 1877 2258 ἴσως
1905 2191 2085 2246 ἐπιλέ-

507 2281 672 2352 λησθε
714 2282 801 2335 διὰ
833 2281 926 2334 τὸν
956 2280 1167 2353 χρόνον,
1219 2279 1330 2348 ἐγὼ
1358 2279 1415 2333 δὲ
1444 2279 1546 2333 οὑκ
1575 2277 1938 2347 ἐπιλέλησμαι
1995 2274 2083 2329 διά

506 2365 600 2418 τὸν
630 2364 758 2436 περὶ
785 2364 929 2435 ὑμᾶς
961 2363 1145 2419 πόθον.
1175 2361 1432 2416 Τοιοῦτον
1460 2361 1570 2432 γάρ
1592 2362 1626 2431 ή
1648 2359 1835 2429 ἀγάπη
1856 2372 1872 2388 ’
1911 2359 2083 2428 ἀγρυ-

508 2448 640 2500 πνόν
662 2466 710 2500 τι
739 2449 947 2518 χρῆμα,
983 2446 1076 2501 καὶ
1122 2442 1602 2518 μεμεριμνημένον
1631 2442 1749 2496 ἐστί
1770 2460 1783 2474 ·
1814 2441 1908 2496 καὶ
1961 2440 2082 2511 οὑχὶ

507 2533 633 2593 τοὺς
659 2529 1016 2600 φιλουμένους
1051 2528 1210 2599 μόνον
1235 2529 1328 2581 ἐπὶ
1357 2529 1457 2598 τῆς
1484 2526 1724 2590 διανοίας
1759 2524 2083 2596 περιφέρου-

511 2630 594 2665 σιν
623 2614 670 2665 οἱ
707 2611 1009 2680 φιλοῦντες,
1026 2610 1163 2663 ἀλλὰ
1185 2611 1280 2663 καὶ
1305 2610 1403 2662 ὅσα
1425 2609 1490 2662 ἂν
1524 2609 1706 2672 αὑτοῖς
1736 2607 2080 2676 ὑπόσχωνται

511 2694 664 2766 [270]
680 2694 889 2759 δώσειν,
903 2693 1012 2747 τῶν
1032 2693 1334 2765 μελλόντων
1350 2690 1758 2761 ἀπολαμϐάνειν
1768 2690 1838 2744 ἀκ
1847 2689 2082 2759 ριϐέστε-

511 2795 603 2849 ρον
616 2779 711 2849 τήν
730 2779 950 2850 μνήμην
968 2776 1204 2848 ἔχουσιν.
1224 2775 1382 2829 Οὕτω
1400 2777 1494 2828 καὶ
1522 2776 1704 2846 μήτηρ
1728 2773 2080 2843 φιλόστοργος

505 2863 615 2925 τοῖς
652 2861 808 2914 παισὶ
854 2862 967 2922 τοῖς
996 2859 1194 2928 ἑαυτῆς
1243 2857 1470 2927 λείψανα
1500 2854 1783 2928 τραπέζης
1818 2856 2077 2926 διατηρή-

508 2958 664 3008 σασα,
702 2942 805 2996 κᾶν
855 2941 1049 2994 ἐκεῖνοι
1098 2940 1331 3010 τύχωσιν
1373 2938 1774 3008 ἐπιλαθόμενοι.
1825 2937 1965 3006 αὕτη
2002 2954 2067 3006 γε

504 3024 606 3077 οὑκ
640 3023 975 3095 ἐπιλήσεται,
1015 3022 1153 3076 ἀλλὰ
1184 3022 1321 3093 μετά
1351 3021 1586 3090 σπουδῆς
1632 3019 1770 3073 αὑτά
1810 3019 2075 3088 διαφυλά-

507 3104 646 3168 ξασα
666 3107 865 3176 πάσης,
896 3107 975 3169 είς
994 3105 1157 3175 μέσον
1180 3103 1334 3174 φέρει
1353 3104 1446 3157 καὶ
1459 3103 1738 3173 διατρέφει
1757 3104 2072 3164 πεινῶντας.

510 3186 652 3239 Είδὲ
688 3186 923 3257 μητέρες
974 3186 1118 3239 οὑτω
1171 3186 1299 3256 περὶ
1342 3184 1411 3238 τά
1463 3178 2072 3256 ἔκγονα’φιλόστοργοι,

507 3267 689 3337 πολλῷ
743 3267 946 3336 μᾶλλον
994 3269 1145 3338 ἡμᾶς
1195 3265 1326 3336 περὶ
1369 3265 1469 3336 τήν
1526 3266 1798 3336 ὑμετέραν
1855 3268 2075 3338 ἀγάπην

505 3350 731 3404 πλείονα
766 3348 1002 3420 σπουδὴν
1038 3348 1130 3403 καὶ
1155 3346 1475 3418 ἐπιμέλειαν
1504 3347 1907 3402 ἐπιδείκνυσθαι
1948 3349 2073 3421 χρὴ,

504 3435 618 3505 ὅσῳ
646 3433 755 3487 τῶν
790 3434 890 3502 τῆς
923 3432 1139 3501 φύσεως
1171 3431 1375 3485 ὠδίνων
1406 3432 1461 3485 αἱ
1507 3431 1601 3485 τοῦ
1637 3432 1943 3503 πνεύματός
1970 3436 2075 3487 εἰσι

504 3515 888 3587 δυνατώτεραι.
917 3513 1014 3577 Τίς
1041 3509 1133 3568 οὖν
1167 3515 1200 3586 ή
1229 3513 1476 3584 τράπεζα
1518 3508 1604 3587 ἦν,
1636 3509 1704 3586 ἧς
1755 3516 1823 3569 τὰ
1852 3515 2078 3586 λείψανα

504 3597 908 3670 διετηρήσαμεν
932 3598 1095 3668 ὑμῖνλς
1143 3596 1331 3666 Ῥῆσις
1375 3590 1444 3668 ἦν
1491 3597 1842 3665 ἀποστολικὴ,
1876 3597 2075 3668 πολλὴν

506 3681 636 3751 ἡμῖν
668 3681 788 3734 τότε
809 3678 1166 3752 παρασχοῦσα
1187 3676 1392 3750 τροφὴν
1417 3675 1890 3753 πνευματικὴν,ής
1913 3681 2077 3753 μέρος

511 3764 612 3835 μὲν
663 3763 1003 3835 ἐνεθήκαμεν
1037 3761 1189 3834 ὑμῶν
1219 3764 1282 3833 τῇ
1313 3761 1541 3832 διανοίᾳ,
1577 3764 1745 3833 μέρος
1778 3763 1837 3817 δὲ
1866 3767 1945 3828 εἰς
1976 3766 2075 3835 τὴν

506 3847 789 3919 παροῦσαν
841 3847 1054 3918 ἡμέραν
1085 3844 1509 3916 ἀνεϐαλλόμεθα,
1544 3845 1684 3899 ῶστε
1725 3846 1800 3918 μὴ
1828 3846 1904 3918 τῷ
1946 3848 2077 3920 πλή-

514 3929 597 3983 θει
623 3930 730 3983 τῶν
757 3929 1064 4001 λεγομένων
1086 3930 1400 4000 καταχῶσαι
1434 3934 1532 4005 τῆς
1557 3932 1779 4001 μνήμης
1813 3929 1914 4000 τῆς
1944 3930 2076 4001 ὑμε-

505 4014 666 4086 τέρας
686 4014 783 4086 τὴν
807 4013 1057 4084 δύναμιν.
1083 4013 1179 4073 Τίς
1201 4011 1292 4068 οὖν
1313 4016 1461 4069 ἐστιν
1492 4018 1525 4087 ή
1563 4016 1753 4088 ῥῆσιςς
1787 4016 2072 4082 Ἔχοντες

503 4096 573 4152 δὲ
588 4097 654 4152 τὸ
673 4097 819 4154 αὐτὸ
837 4097 1078 4165 Πνεῦμα
1096 4095 1203 4164 τῆς
1217 4098 1497 4164 πίστεως,
1511 4100 1661 4152 κατὰ
1679 4099 1744 4151 τὸ
1761 4102 2078 4170 γεγραμμέ-

504 4195 644 4234 νονο
683 4179 1059 4239 Ἐπίστευσα,
1077 4177 1166 4231 διὸ
1186 4178 1488 4247 ἐλάλησαθ
1509 4181 1602 4233 καὶ
1630 4182 1790 4250 ἡμεῖς
1823 4182 2075 4235 πιστεύο-

506 4277 632 4332 μεν,
666 4258 744 4312 διὸ
768 4259 860 4311 καὶ
882 4256 1168 4328 λαλοῦμεν.
1202 4260 1336 4327 Περὶ
1370 4260 1528 4324 ποίας
1568 4260 1666 4331 μὲν
1704 4256 1795 4316 οὖν
1839 4262 2075 4327 πίστεως

505 4345 744 4413 εἴρηται,
773 4341 999 4412 πότερον
1050 4341 1149 4413 τῆς
1180 4341 1290 4395 τῶν
1337 4344 1576 4415 σημείων
1606 4344 1917 4416 ποιητικῆς,
1945 4347 2074 4417 περὶ

504 4420 574 4496 ἧς
600 4426 629 4478 6
661 4424 890 4494 Χριστός
945 4441 1108 4494 φησιν
1131 4440 1144 4456 '
1189 4424 1331 4479 Ἐὰν
1364 4427 1533 4495 ἔχετε
1560 4427 1789 4493 πίστιν,
1823 4430 1904 4495 ὠς
1931 4433 2071 4484 κόκ-

504 4524 617 4562 κον
641 4506 959 4574 σινάπεως,
1011 4507 1192 4576 ἐρεῖτε
1240 4507 1313 4574 τῷ
1351 4509 1469 4577 ὄρει
1493 4513 1700 4576 τούτῳ,
1752 4510 2068 4581 Μετάϐηθι,

504 4590 605 4643 καί
652 4591 1080 4660 μεταϐήσεται·
1118 4590 1151 4661 ἢ
1189 4590 1289 4662 τῆς
1339 4591 1438 4663 τὴν
1482 4592 1682 4662 γνῶσιν
1739 4596 2073 4669 ἐμποιούσης

500 4677 658 4745 ήμῖν,
693 4674 816 4727 καθ’
845 4674 913 4744 ἢν
940 4674 1140 4738 πάντες
1181 4675 1346 4746 ἐσμὲν
1374 4675 1553 4729 πιστοί
1576 4694 1591 4707 ⁸
1620 4678 1714 4732 καὶ
1745 4677 1889 4741 τίνος
1914 4679 2074 4734 ἕνεκα

504 4755 730 4826 Πνεῦμα
755 4755 988 4820 πίστεως
1021 4757 1255 4828 εἴρηται,
1281 4757 1376 4811 καὶ
1416 4758 1469 4811 τί
1496 4759 1626 4813 ποτέ
1656 4761 1803 4814 ἐστιν
1831 4762 1862 4832 ὴ
1891 4762 2074 4826 πίστις

505 4838 668 4910 αῦτη,
698 4838 792 4893 καὶ
821 4838 1001 4893 πάντα
1028 4837 1090 4910 δὴ
1124 4838 1293 4894 ταῦτα
1339 4840 1480 4895 κατά
1526 4841 1753 4913 δύναμιν
1785 4843 1905 4896 τότε
1936 4846 2073 4916 πρὸς

503 4921 603 4994 τὴν
623 4921 893 4993 ὑμετέραν
918 4921 1268 4993 διελέχθημεν
1289 4923 1528 4996 ἀγάπην,
1551 4926 1638 4980 ὅτε
1667 4927 1761 4980 καί¹
1790 4929 1915 4992 τοὺς
1944 4928 2071 5000 περὶ

506 5005 872 5076 ὲλεημοσύνης
895 5006 1224 5079 ἐκινήσαμεν
1257 5007 1467 5076 λόγους.
1501 5010 1716 5081 Ἐπειδὴ
1743 5010 1802 5064 δὲ
1829 5011 2071 5065 ἐλείπετο

504 5090 679 5141 εἰπεῖν
704 5088 800 5142 καὶ
823 5088 966 5152 τίνος
986 5088 1169 5143 ἕνεκεν
1190 5089 1423 5161 εἴρηται,
1456 5093 1697 5163 Πνεῦμα
1728 5095 1984 5162 πίστεως
2004 5097 2072 5150 τὸ

502 5171 671 5234 αὐτὸ,
702 5171 796 5225 καὶ
819 5168 882 5224 τὸ
904 5169 1103 5243 πλῆθος
1135 5171 1243 5226 τῶν
1264 5174 1382 5228 τότε
1405 5175 1704 5247 λεχθέντων
1725 5178 1825 5232 οὑκ
1851 5178 2073 5251 ἐπέτρε-

502 5271 573 5311 πε
621 5255 717 5309 καὶ
749 5255 920 5329 ταύτῃ
971 5255 1088 5325 μετ’
1118 5255 1404 5328 ἀκριϐείας
1436 5259 1742 5323 ἐπεξελθεῖν
1785 5264 1850 5335 τῇ
1875 5265 2033 5335 ῥήσει
2055 5280 2069 5295 ⁶

501 5338 692 5393 τούτου
722 5340 881 5411 χάριν
919 5340 1001 5404 είς
1022 5339 1121 5411 τὴν
1156 5339 1436 5411 παροῦσαν
1487 5342 1699 5414 ἡμέραν
1742 5345 1911 5416 αὐτὴν
1944 5347 2069 5400 ἐτα-

505 5422 846 5491 μιευσάμεθα
865 5463 880 5488 ,
940 5421 1034 5476 καὶ
1064 5421 1160 5476 νῦν
1188 5423 1343 5477 τοῦτο
1368 5423 1562 5496 ἀνέστη
1572 5443 1672 5496 μεν
1702 5427 2071 5493 ἀποδώσοντες

503 5505 631 5575 ὑμῖν
689 5504 751 5558 τὸ
798 5504 978 5577 χρέος.
1027 5503 1184 5569 Τίνος
1218 5500 1313 5561 οὑν
1337 5506 1523 5562 ⁹ἑνεκεν
1567 5511 1778 5582 εἴρηκε,
1808 5512 1880 5565 Τὸ
1904 5512 2062 5586 αὑτό;

513 5664 721 5750 Ρὶ-ιῖιιο
742 5666 1188 5750 αὑτοῦ,
1312 5748 1322 5750 Α
1339 5672 1564 5750 προτέρᾳ-ἵ
1586 5673 1839 5750 διαλεχθεὶς
1881 5679 1945 5738 εἰς
1982 5680 2067 5740 τὴν

501 5731 1080 5793 ἀποστηηγεγραμμένον,
1102 5731 1191 5779 πα)
1201 5748 1240 5779 ιν
1260 5731 1325 5787 εἰς
1346 5731 1430 5795 τὴν
1452 5731 1598 5796 αὑτὴν
1616 5731 1732 5787 sine:

2186 2110 2392 2183 Πολλὴν
2429 2117 2749 2184 συγγένειαν
2786 2117 2888 2189 τῆς
2914 2121 3122 2190 Καινῆς
3149 2120 3425 2192 Διαθήκης
3477 2122 3623 2194 πρὸς
3664 2123 3757 2195 τήν

2184 2195 2424 2249 Παλαιὰν
2458 2199 2719 2266 ἐπιδεῖξαι
2756 2200 3038 2271 βούλεται·
3069 2203 3156 2258 διὰ
3185 2203 3340 2257 τοῦτο
3369 2205 3461 2257 καὶ
3493 2221 3758 2276 προφητι-

2183 2277 2287 2347 κῆς
2314 2279 2461 2348 ἡμᾶς
2486 2281 2755 2353 ἀνέμνησε
2783 2284 3012 2354 ρήσεως,
3044 2278 3233 2349 εἰπὼν,
3268 2283 3568 2356 Ἔχοντες
3602 2288 3670 2340 δὲ
3693 2289 3756 2340 τὸ

2181 2360 2327 2414 αὐτὸ
2357 2361 2616 2430 Πνεῦμα,
2646 2365 2743 2416 καὶ
2775 2363 3070 2434 ἐπαγαγὼν
3091 2405 3105 2427 ,
3138 2368 3297 2421 Κατὰ
3321 2368 3389 2421 τὸ
3430 2368 3753 2438 γεγραμμέ-

2180 2455 2322 2492 νον·
2363 2441 2742 2510 Ἐπίστευσα,
2782 2445 2875 2499 διὸ
2907 2446 3201 2515 ἐλάλησα.
3246 2449 3421 2502 Τοῦτο
3450 2450 3511 2504 δὲ
3560 2450 3756 2504 ἀνωθεν

2181 2522 2275 2574 καλ⁵
2300 2525 2405 2594 πρὸ
2433 2526 2642 2580 πολλῶν
2682 2528 2892 2600 χρόνων
2913 2531 2942 2582 ὁ
2984 2531 3148 2584 Δαυῒδ
3174 2526 3244 2601 ἦν
3277 2531 3546 2602 εἰρηκὼς,
3582 2533 3713 2603 ὅπερ
3731 2536 3757 2587 ό

2180 2605 2393 2665 Παῦλος
2424 2610 2715 2680 παρήγαγε
2771 2612 2886 2676 νῦν,
2918 2611 3095 2682 δηλῶν
3115 2613 3198 2666 ὅτι
3226 2614 3322 2667 τοῦ
3370 2614 3697 2684 Πνεύματος
3723 2616 3753 2686 ή

2179 2686 2340 2757 χάρις
2369 2688 2402 2758 ή
2449 2690 2583 2761 αὑτὴ
2619 2691 2711 2745 καὶ
2745 2694 2803 2746 ἐν
2855 2695 3049 2764 ἐκείνῳ
3076 2694 3220 2758 τότε,
3261 2695 3493 2749 καὶὛῦν
3534 2698 3597 2749 ὲν
3627 2699 3754 2767 ἡμῖν

2177 2767 2279 2838 τὴν
2305 2772 2405 2839 τῆς
2446 2771 2682 2837 πίστεως
2712 2774 2978 2846 ἐρρίζωσε
3009 2776 3270 2845 δύναμιν·
3322 2778 3455 2830 ὡσεὶ
3487 2777 3670 2845 ἔλεγε,
3689 2777 3756 2831 Τδ

2179 2849 2312 2903 αὑτὸ
2344 2850 2564 2924 Πνεῦμα
2588 2855 2688 2923 τῆς
2709 2856 2969 2923 πίστεως,
2992 2857 3053 2910 τὸ
3076 2859 3171 2911 καὶ
3196 2859 3254 2910 ἐν
3279 2858 3473 2930 ἐκείνῳ
3490 2858 3753 2930 λαλῆσαν,

2178 2932 2274 2985 καὶ
2302 2934 2359 2985 ἐν
2378 2935 2511 3004 ἡμῖν
2552 2936 2849 3007 ἐνήργησε.

2252 3015 2317 3085 β’.
2346 3016 2457 3069 Ποῦ
2487 3017 2585 3071 νῦν
2602 3020 2740 3071 είσιν
2766 3020 2814 3071 οί
2832 3019 2930 3090 τὴν
2947 3019 3196 3076 Παλαιὰν
3213 3022 3621 3091 διαϐάλλοντες,
3635 3023 3753 3078 οίτὸ

2180 3097 2340 3168 σῶμα
2361 3099 2461 3169 τῆς
2500 3101 2722 3171 Γραφῆς
2745 3101 3103 3171 διασπῶντες,
3135 3107 3184 3158 οί
3218 3109 3284 3177 τῇ
3329 3108 3508 3179 Καινῇ
3537 3110 3641 3178 μὲν
3666 3109 3754 3162 άλ-

2177 3179 2287 3242 λον,
2313 3181 2501 3252 ἓτερον
2523 3184 2579 3236 δὲ
2605 3187 2669 3255 τῇ
2689 3186 2902 3257 Παλαιᾷ
2930 3187 3066 3239 Θεὸν
3099 3189 3498 3260 ἀπονέμοντεςς
3535 3191 3751 3244 Ἀκουέ-

2174 3279 2356 3316 τωσαν
2404 3266 2613 3321 Παύλου
2644 3269 2712 3322 τὰ
2747 3269 2991 3340 στόματα
3029 3270 3096 3325 τὰ
3145 3272 3280 3328 ἄθεα
3325 3273 3750 3345 ἐμφράττοντος,

2177 3348 2271 3400 καὶ
2297 3349 2740 3420 ἐπιστομίζοντος
2763 3353 2792 3395 ι’
2823 3354 2921 3422 τὴν
2945 3353 3213 3425 θεομάχον
3243 3355 3515 3423 γλῶτταν,
3546 3357 3645 3410 καὶ
3667 3356 3751 3410 διὰ

2174 3431 2274 3501 τῆς
2301 3434 2513 3503 ρήσεως
2541 3435 2748 3504 ταύτης
2774 3436 3135 3500 δεικνύοντος,
3165 3439 3247 3491 ὅτι
3279 3439 3342 3491 τὸ
3363 3439 3495 3492 αὑτό
3530 3438 3750 3507 Πνεῦμα

2176 3515 2270 3567 καὶ
2298 3516 2354 3567 ἐν
2379 3518 2445 3588 τῇ
2478 3516 2723 3587 Παλαιᾷ,
2763 3518 2858 3572 καὶ
2903 3521 2961 3572 ἐν
2993 3518 3058 3591 τῇ
3105 3521 3300 3592 Καινῇ.
3331 3522 3442 3575 Καὶ
3472 3520 3588 3593 γὰρ
3620 3520 3747 3573 αὐτὰ

2173 3595 2243 3648 τά
2270 3596 2506 3666 ὀνόματα
2538 3599 2740 3668 πολλὴν
2765 3603 2899 3671 ἡμῖν
2926 3601 3038 3653 τῶν
3069 3601 3354 3671 Διαθηκῶν
3383 3602 3628 3656 δείκνυσι
3656 3602 3748 3672 τὴν

2175 3679 2517 3747 συμφωνίαν.
2566 3681 2632 3734 Ἦ
2675 3684 2783 3753 γὰρ
2814 3683 2988 3755 Καινὴ
3018 3684 3104 3738 διὰ
3120 3684 3218 3755 τὴν
3241 3685 3483 3740 Παλαιάν
3510 3685 3743 3758 εἴρηται,

2175 3761 2325 3831 καὶή
2366 3762 2580 3816 Παλαιά
2609 3763 2696 3818 διὰ
2756 3764 2854 3835 τὴν
2891 3767 3099 3838 Καινήν
3123 3784 3139 3798 ·
3175 3767 3426 3839 καθάπερ
3456 3763 3549 3821 οὖν
3605 3767 3695 3821 καὶ
3719 3766 3746 3818 ὁ

2175 3843 2388 3908 Παῦλός
2420 3863 2604 3915 φησιν,
2639 3849 2743 3900 Ἐν
2771 3846 2852 3912 τῷ
2877 3849 3081 3917 λέγειν
3107 3849 3336 3916 Καινὴν
3367 3851 3744 3906 πεπαλαίωκε

2172 3925 2288 3993 τὴν
2314 3929 2625 3995 προτέραν.
2664 3930 2727 3982 Εί
2776 3929 2833 3982 δὲ
2868 3930 2942 4000 μὴ
2986 3931 3079 3984 τοῦ
3103 3931 3266 3985 αὑτοῦ
3302 3926 3410 3983 εἷεν
3447 3932 3740 3991 Δεσπότου,

2172 4008 2296 4061 οὔτε
2322 4008 2463 4079 αὕτη
2495 4010 2693 4082 Καινὴ.
2723 4010 2834 4064 οὔτ’
2860 4013 3045 4081 ἐκείνη
3083 4013 3293 4066 Παλαιὰ
3317 4013 3522 4066 δύναιτ’
3559 4013 3630 4065 ἂν
3657 4012 3742 4064 λέ-

2172 4090 2385 4158 γεσθαι.
2417 4092 2580 4145 Ὥστε
2620 4092 2759 4165 αὕτη
2817 4096 2846 4165 ἡ
2902 4095 2958 4148 ἐν
2984 4097 3096 4157 τοῖς
3125 4095 3352 4166 ὀνόμασι
3388 4096 3624 4166 διαφορά
3648 4095 3739 4163 τὴν

2173 4172 2494 4240 συγγένειαν
2519 4175 2783 4246 ἑκατέρας
2812 4176 3174 4237 ἐκδείκνυται,
3201 4178 3350 4251 [27!]
3384 4180 3477 4232 καὶ
3498 4180 3532 4249 ή
3560 4178 3739 4246 διαφο-

2176 4254 2242 4324 ρὰ
2268 4254 2325 4307 δὲ
2352 4255 2491 4327 αὕτη
2538 4258 2600 4310 οὑ
2628 4257 2770 4311 κατὰ
2800 4257 2898 4330 τὴν
2928 4260 3138 4322 οὐσίαν,
3167 4260 3303 4313 ἀλλὰ
3341 4260 3484 4314 κατὰ
3508 4261 3615 4335 τὴν
3637 4260 3737 4313 τῶν

2170 4337 2378 4406 χρόνων
2407 4338 2706 4411 ἐναλλαγήν
2737 4342 2853 4394 ἐστι
2874 4358 2889 4371 ’
2936 4341 3032 4396 καὶ
3069 4342 3179 4410 γὰρ
3219 4342 3279 4396 τὸ
3303 4344 3490 4398 καινὸν
3518 4341 3599 4412 τῷ
3642 4360 3736 4395 πα-

2171 4421 2309 4493 λαιῷ
2338 4424 2479 4476 κατά
2512 4425 2670 4478 τοῦτο
2705 4426 3199 4481 ἀντιδιαστέλλεται
3243 4426 3430 4497 μόνον·
3474 4428 3508 4496 ή
3553 4427 3613 4480 δὲ
3636 4426 3734 4479 τῶν

2170 4506 2380 4577 χρόνων
2429 4508 2697 4578 ἑναλλαγὴ
2754 4510 2876 4563 οὑδὲ
2933 4509 3197 4580 διαφορὰν
3254 4510 3576 4574 δεσποτείας
3623 4510 3733 4564 οὑδὲ

2174 4589 2399 4659 μείωσιν
2438 4591 2670 4660 εἰσάγει.
2711 4593 2820 4647 Καὶ
2851 4593 3008 4649 τοῦτο
3037 4594 3198 4648 πάλιν
3230 4596 3258 4647 ὁ
3280 4594 3514 4664 Χριστὸς
3548 4594 3733 4660 ἐνέφηο

2170 4688 2279 4735 νεν,
2299 4672 2469 4726 είπών
2487 4690 2501 4705 ο
2533 4674 2636 4728 Διὰ
2655 4675 2830 4729 τοῦτο
2856 4676 3011 4745 λέγω
3037 4676 3198 4746 ὑμῖν,
3219 4675 3343 4743 Πᾶς
3368 4675 3733 4745 γραμματεὺς

2164 4756 2555 4824 μαθητευθεὶς
2580 4757 2649 4811 ἐν
2678 4755 2754 4825 τῇ
2774 4758 3063 4825 ,βασιλείᾳ
3095 4759 3215 4812 τῶν
3245 4758 3518 4827 οὐρανῶν
3544 4758 3733 4828 ὅμοιός

2166 4838 2338 4891 ἐστιν
2371 4838 2657 4907 ἀνθρώπῳ
2681 4839 3097 4908 οἰκοδεσπότῃ,
3149 4840 3318 4907 ὅστις
3366 4841 3646 4895 ἐκϐάλλει
3670 4839 3734 4892 ἐκ

2167 4919 2274 4974 τοῦ
2298 4922 2602 4991 θησαυροῦ
2627 4922 2813 4977 αὐτοῦ
2841 4923 3017 4976 καινὰ
3039 4922 3137 4976 καὶ
3162 4922 3408 4977 παλαιά.
3446 4924 3609 4994 Ὁρᾷς
3625 4922 3734 4974 διά-

2168 5019 2308 5075 φορα
2356 5004 2454 5075 μὲν
2493 5005 2561 5059 τά
2606 5007 2890 5076 κτήματα,
2942 5007 3071 5078 μίαν
3113 5007 3171 5061 δέ
3219 5006 3317 5077 τὴν
3383 5004 3729 5066 δεσποτείαν;

2170 5085 2381 5157 ’Ὥσπερ
2401 5081 2497 5139 οὖν
2521 5086 2729 5150 ἐκεῖνος
2761 5087 2983 5143 δύναται
3012 5087 3295 5143 ἐκϐάλλειν
3320 5087 3483 5141 καινά
3519 5087 3611 5141 καὶ
3630 5100 3733 5136 πα-

2168 5166 2294 5221 λαιά
2331 5162 2413 5231 εἷς
2451 5168 2526 5223 ῶν
2561 5170 2968 5243 οἰκοδεσπότης,
2998 5170 3142 5225 οὕτω
3166 5170 3229 5242 δὴ
3261 5171 3357 5223 καὶ
3394 5168 3622 5223 ἐνταῦθα
3646 5166 3733 5218 δυ-

2169 5250 2330 5306 νατὸν
2358 5251 2477 5315 ἐνὸς
2505 5247 2645 5305 εἶναι
2670 5252 2807 5306 Θεοῦ
2829 5253 2926 5324 τὴν
2959 5253 3165 5323 Καινὴν
3199 5254 3293 5306 καὶ
3324 5253 3422 5323 τὴν
3456 5249 3691 5305 Παλαιὰν
3714 5262 3730 5279 ’

2173 5333 2304 5387 αὑτὸ
2332 5333 2440 5405 γάρ
2456 5334 2615 5387 τοῦτο
2639 5335 2872 5405 μάλιστα
2900 5334 3168 5389 δείκνυσιν
3197 5333 3362 5389 αὑτοῦ
3401 5335 3495 5387 τὸν
3515 5328 3731 5387 πλοῦτον

2173 5417 2271 5469 καὶ
2296 5415 2395 5487 τὴν
2446 5417 2785 5487 περιουσίαν,
2820 5417 2882 5471 τὸ
2928 5416 3002 5488 μὴ
3049 5417 3211 5487 μόνον
3238 5415 3400 5471 καινά
3423 5414 3729 5485 κεκτῆσθαι,

2174 5498 2309 5553 ἀλλά
2321 5500 2412 5552 καὶ
2429 5501 2485 5553 ἐν
2505 5502 2615 5562 τοῖς
2633 5498 2882 5561 παλαιοῖς
2894 5499 2991 5569 τὴν
3010 5499 3327 5570 περιουσίαν
3350 5497 3726 5552 ἐνδείκνυσθαι.

2246 5581 2409 5635 Ὥστε
2427 5581 2659 5653 διαφορά
2683 5581 2840 5653 μόνον
2861 5582 3005 5635 ἐστὶν
3025 5581 3306 5652 ὀνομάτων
3331 5584 3386 5634 ἐν
3409 5582 3527 5644 ταῖς
3543 5576 3729 5640 Διαθή-

2236 5741 2265 5783 1»
2289 5739 2388 5790 Alii
2407 5741 2521 5790 ἄθεα
2545 5739 2940 5803 ἐνδιαϐάλλοντος,
2966 5739 3325 5804 ίμφράττοντος,
3347 5738 3721 5802 ἐκκομίζονπῆ
