4058 6258
348 395 449 453 28f

335 502 459 573 {vita
491 508 741 563 ad‘ﬁdem
768 523 781 573 ;
817 519 871 564 et
896 512 1033 564 sicut
1054 512 1229 565 carnis
1260 519 1458 565 nostra:
1485 519 1669 564 natura
1701 508 1816 562 sine
1845 506 1935 560 ali-

334 588 532 654 ‘mento
557 599 750 654 durare
789 613 893 652 non
936 610 1149 669 potest,
1180 601 1249 653 ita
1282 616 1453 670 neque
1484 599 1614 653 ﬁdes
1640 600 1755 651 sine
1782 596 1937 651 bonis

344 689 636 758 operibus:
668 686 826 743 Fides
854 691 996 743 enim
1027 690 1134 743 sine
1173 690 1404 759 aperibus
1442 698 1640 743 mortua
1678 697 1751 741 est
1781 687 1933 761 (.Iac.

342 780 396 835 2.
416 780 531 853 20).
558 780 731 837 Unum
757 791 1007 850 superest
1028 781 1309 837 dicendum
1334 800 1346 836 :
1372 782 1496 852 quid
1526 790 1626 844 est,
1653 779 1937 833 Eunulem?

342 871 461 925 Non
492 872 633 926 enim
660 871 971 940 simpliciter
998 871 1150 937 dixit,
1184 872 1451 927 Habentes
1481 870 1735 940 Spiritum
1766 869 1888 923 ﬁdei
1921 887 1933 921 :

341 962 437 1016 sed
469 962 593 1033 quid
615 961 641 1015 ἓ
670 960 923 1015 Habentes
953 962 1181 1015 eumdem
1225 961 1477 1032 Spiritum
1514 960 1654 1027 fidei.
1688 958 1754 1012 Et
1785 959 1932 1012 vole-

341 1052 469 1106 bam
495 1053 709 1122 quidem
740 1068 994 1107 enarrare
1024 1052 1125 1106 hoc
1154 1068 1364 1123 quoque
1398 1069 1411 1105 :
1443 1050 1537 1105 sed
1568 1050 1817 1120 quoniam
1848 1050 1932 1101 vi-

339 1144 445 1197 deo
474 1143 637 1197 multa
669 1142 1057 1196 sententiarum
1107 1142 1323 1195 ﬁumina
1362 1156 1427 1195 ex
1453 1141 1590 1194 nuda
1622 1139 1721 1193 bac
1744 1139 1931 1193 vocula

339 1234 763 1304 prorumpentia,
794 1248 982 1287 vereor
1011 1248 1078 1286 ne
1103 1232 1439 1287 multitudine
1468 1246 1677 1295 eorum,
1709 1246 1829 1299 quae
1854 1230 1935 1284 di-

336 1326 509 1379 cenda
536 1334 735 1381 essent.
770 1324 1019 1378 inundem
1046 1325 1244 1387 omnia,
1273 1332 1431 1394 atque
1457 1324 1527 1377 ita
1553 1322 1665 1377 lucc
1688 1321 1930 1376 doctrina

338 1417 502 1470 nimia
548 1415 851 1484 prolixitate
894 1415 1200 1470 detrimenti
1247 1415 1444 1484 aliquid
1488 1414 1735 1483 accipiat.
1786 1413 1931 1481 Qua-

340 1517 558 1577 propter
582 1506 669 1561 hic
695 1508 852 1561 ﬁnem
886 1506 1083 1563 faciens
1106 1507 1378 1578 loquendi,
1399 1521 1496 1561 oro
1512 1516 1566 1560 et
1591 1506 1848 1571 obtestor,
1872 1512 1931 1559 ut

961 398 1046 453 DE
1090 396 1331 452 VERBiS
1370 395 1720 463 APOSTOLI,
1764 393 1893 448 "All

2012 391 2125 446 res
2167 391 2457 446 t-zuuomt
2491 392 2829 448 smmum.
2877 368 2935 445 ὴ.

3534 392 3639 445 2S2

2046 514 2101 560 et
2128 521 2247 575 qua:
2273 506 2568 568 audivistis,
2594 504 2661 560 de
2686 506 2910 559 honeste
2931 503 3178 568 videndo,
3204 502 3269 557 de
3299 502 3422 568 ﬁde,
3445 503 3512 556 de
3534 505 3640 558 vir-

2041 596 2293 666 ginitate,
2325 596 2393 651 de
2439 597 2760 667 benignitate
2785 638 2800 661 ,
2844 596 2912 650 de
2952 596 3291 665 eli-emosyna
3314 636 3330 659 ,
3358 594 3642 663 diligenter

2041 687 2337 743 observetis
2358 705 2371 742 :
2393 698 2447 742 et
2473 688 2585 742 lucc
2614 688 2749 743 bene
2778 688 2827 740 in
2855 686 3116 741 memoria
3144 686 3454 751 retinentes,
3478 685 3545 739 ad
3574 703 3639 741 ea

2042 792 2162 849 qua:
2192 788 2479 849 supersunt
2506 777 2771 853 audienda
2798 788 2995 846 praesto
3018 776 3155 830 sitis.
3193 776 3283 831 Sic
3306 776 3448 830 enim
3480 777 3633 830 nobis

2042 868 2268 923 solidum
2297 872 2401 925 erit
2440 884 2505 924 ac
2546 871 2917 924 inconcussum
2946 868 3203 922 doctrina:
3246 875 3443 921 nostra:
3471 866 3639 921 aediﬁ-

2040 961 2208 1026 cium,
2236 960 2279 1014 si
2312 960 2577 1030 prioribus
2608 960 2660 1015 in
2690 969 2870 1015 tuente
2892 969 3068 1014 vestra
3103 960 3240 1014 bene
3271 959 3501 1014 fundatis
3527 1000 3541 1023 ,
3572 974 3634 1013 ea

2041 1068 2161 1122 qua}
2203 1063 2500 1123 sequuntur
2539 1053 3071 1123 superstruxerimus.
3127 1052 3267 1107 Deus
3317 1059 3497 1106 autem
3543 1052 3634 1120 qui

2041 1142 2197 1197 nobis
2220 1142 2369 1198 dedit
2395 1146 2509 1199 luce
2533 1144 2710 1199 dicere
2735 1185 2749 1211 ,
2786 1151 2840 1198 et
2869 1142 3024 1197 vobis
3063 1157 3184 1197 cum
3231 1142 3507 1197 alacritate
3535 1158 3628 1196 au-

2039 1232 2155 1287 dire
2174 1273 2188 1297 ,
2218 1233 2407 1303 dignos
2448 1248 2545 1287 nos
2577 1235 2731 1287 iaciat
2752 1274 2769 1299 ,
2795 1242 2852 1287 ut
2877 1242 2929 1287 et
2962 1248 3056 1302 per
3088 1247 3250 1302 opera
3279 1232 3503 1286 fructum
3531 1233 3633 1286 ali-

2037 1339 2194 1393 quem
2222 1325 2573 1394 proferamus,
2599 1326 2762 1395 gratia
2792 1334 2845 1378 et
2875 1324 3199 1393 benignitate
3229 1323 3433 1377 Domini
3465 1324 3631 1376 nostri

2038 1414 2164 1471 Jesu
2192 1414 2423 1481 Christi,
2454 1416 2705 1486 quoniam
2750 1415 2847 1485 ipsi
2886 1415 3054 1484 gloria
3096 1415 3147 1468 in
3186 1413 3379 1467 sarcula
3406 1413 3631 1467 saculo-

2038 1521 2177 1560 rum.
2209 1511 2400 1561 Amen.

334 1729 419 1770 DE
451 1729 685 1771 EISDEM
728 1730 955 1772 VERBIS
1001 1729 1323 1783 APOSTOLI,
1370 1727 1698 1771 HABENTES
1742 1727 1959 1769 AUTEM
2004 1727 2277 1769 EUMDEM
2322 1728 2622 1771 SPIRITUM
2666 1730 2867 1783 FIDE],
2915 1728 3097 1771 SICUT
3141 1728 3451 1771 SCRIPTUM
3498 1728 3612 1770 EST

419 1811 521 1884 (2.
570 1811 713 1872 Cor.
747 1811 807 1871 lt.
841 1812 961 1891 13)
1019 1832 1034 1871 :

1084 1831 1163 1872 ET
1207 1829 1523 1872 ADVERSUS
1570 1828 1974 1881 MANICILEOS,
2019 1828 2099 1869 ET
2141 1827 2349 1870 OMNES
2392 1828 2499 1880 QUI
2547 1829 2745 1872 VETUS
2787 1828 3257 1871 TESTAMENTUM
3301 1828 3624 1873 οΑιυΜΝι-

422 1927 656 1984 mrun,
702 1929 780 1970 ET
822 1930 859 1971 Α
905 1928 1069 1972 novo
1112 1929 1434 1972 SEPABARE
1478 1928 1837 1981 common,
1883 1928 1963 1969 ET
2007 1928 2088 1968 me
2133 1927 2547 1971 ELEEMOSYNA
2597 1911 2705 1990 (a).

401 2188 451 2241 ί.
489 2186 605 2242 Veri
629 2198 877 2243 amatores
907 2190 1268 2257 promissorum
1297 2206 1556 2245 memores.
1587 2221 1659 2230 —
1682 2190 1910 2259 Aposto-

324 2276 413 2331 tici
446 2278 595 2331 vobis
624 2280 888 2334 sermonis
913 2280 1297 2350 expositionem
1323 2281 1495 2336 debeo
1516 2281 1626 2351 jam
1654 2282 1742 2336 ditt
1770 2301 1781 2337 :
1814 2282 1911 2336 St‘ti

322 2366 429 2421 hoc
464 2368 701 2423 debitum
739 2386 837 2426 vos
875 2369 1118 2425 fortassis
1168 2372 1300 2427 estis
1350 2373 1499 2427 obliti
1542 2373 1611 2429 ob
1653 2373 1907 2443 temporis

319 2455 709 2528 longitudinem
730 2501 745 2523 ,
771 2475 871 2531 ego
899 2475 1026 2515 vero
1057 2475 1162 2515 non
1209 2475 1325 2515 sum
1372 2462 1568 2517 oblitus
1616 2462 1687 2517 ob
1728 2479 1903 2518 meum

316 2565 445 2618 erga
476 2565 573 2605 vos
597 2550 862 2607 affectum.
892 2552 979 2608 Sic
1016 2567 1075 2607 se
1119 2553 1277 2608 habet
1303 2553 1498 2609 caritas
1530 2573 1542 2607 :
1574 2555 1797 2625 vigilans
1823 2566 1905 2610 est

314 2654 381 2692 ac
406 2639 628 2695 sollicita
654 2658 672 2707 ;
702 2656 801 2696 nec
834 2642 1108 2697 adamatus
1138 2643 1307 2698 solum
1341 2644 1391 2697 in
1427 2644 1604 2699 animo
1624 2644 1904 2700 circumfe-

314 2744 441 2787 runt
467 2734 498 2788 ii
528 2735 615 2804 qui
645 2744 845 2798 amant,
876 2736 967 2790 sed
994 2752 1110 2805 qua:
1134 2736 1490 2804 promiserunt
1519 2738 1686 2807 magis
1710 2739 1903 2792 ιηαιιηί-

313 2834 509 2879 nerunt
528 2842 681 2896 qnam
706 2827 829 2896 ipsi,
849 2828 936 2897 qui
960 2828 1216 2897 promissa
1242 2838 1366 2881 sunt
1387 2830 1670 2898 recepturi.
1695 2829 1896 2883 Eodem

311 2916 475 2970 modo
504 2926 672 2973 mater
699 2919 1060 2972 amantissima
1102 2928 1376 2988 postquam
1417 2934 1615 2974 mensa:
1651 2920 1898 2990 reliquias

312 3009 493 3075 pueris
518 3011 629 3064 suis
656 3009 935 3080 reposuit,
963 3010 1169 3065 etiamsi
1218 3010 1293 3063 illi
1327 3010 1458 3066 forte
1494 3011 1895 3077 obliviscantur,

309 3096 423 3165 ipsa
457 3106 635 3152 tamen
664 3098 931 3164 meminit,
956 3114 1153 3169 easque
1177 3100 1455 3170 diligenter
1478 3112 1777 3156 asservatas
1804 3101 1894 3157 de-

308 3192 507 3258 promit
530 3234 549 3257 ,
579 3201 632 3246 et
661 3192 932 3248 famelicos
959 3194 1037 3249 eis
1066 3196 1255 3263 pascit.
1287 3195 1439 3262 Quod
1469 3196 1513 3250 si
1544 3206 1741 3251 matres
1768 3212 1893 3266 erga

310 3282 505 3338 liberos
549 3294 656 3338 tam
702 3284 1033 3355 indulgentes
1078 3296 1235 3351 sunt,
1282 3297 1427 3342 tanto
1468 3288 1655 3358 majori
1686 3304 1810 3343 cura
1839 3300 1893 3345 et

305 3374 482 3427 studio
510 3384 686 3428 vestra
717 3377 909 3429 caritas
949 3376 1102 3431 nobis
1138 3386 1222 3432 est
1262 3379 1629 3448 prosequenda
1653 3422 1666 3443 ,
1694 3390 1891 3451 qmnto

304 3462 477 3531 major
502 3464 585 3518 vis
610 3473 693 3518 est
721 3465 1008 3534 spiritualis
1038 3478 1215 3536 partus
1241 3483 1397 3538 quam
1430 3470 1703 3523 naturalis.
1736 3471 1890 3539 Quac-

305 3565 428 3605 uant
460 3552 617 3621 igitur
648 3553 742 3608 fuit
776 3555 859 3609 illa
891 3570 1072 3609 mensa
1098 3598 1113 3622 ,
1141 3557 1292 3626 cujus
1321 3559 1570 3629 reliquias
1594 3560 1743 3615 vobis
1768 3577 1887 3616 ser-

303 3642 583 3699 vavimus?
616 3644 786 3701 Verba
817 3658 969 3701 erant
1005 3649 1228 3719 ςιιωειοιὶ
1252 3690 1269 3714 ,
1298 3664 1362 3703 ex
1399 3652 1591 3719 quibus
1626 3661 1748 3707 tunc
1778 3670 1884 3708 non

302 3748 487 3802 parum
511 3736 812 3791 nutritnenti
835 3738 1125 3807 Spiritualis
1144 3740 1497 3809 percepimus,
1515 3742 1664 3813 cujus
1680 3752 1883 3813 partem

300 3827 489 3901 vestris
516 3828 779 3882 mentibus
808 3829 1113 3895 indidimns,
1144 3840 1345 3900 partem
1366 3832 1419 3887 in
1438 3832 1750 3889 hodiernum
1776 3836 1886 3891 dis-

301 3917 557 3983 tulimus,
608 3933 675 3973 ne
716 3920 1056 3975 multitudine
1101 3935 1408 3977 sermonum
1455 3924 1762 3979 memoriam
1792 3942 1884 3981 ve-

297 4014 463 4059 stram
489 4009 853 4063 ohrueremus.
897 4010 1152 4077 Qua'nam
1198 4011 1355 4081 igitur
1395 4021 1518 4067 sunt
1560 4014 1647 4068 illa
1679 4015 1881 4070 verba?

300 4095 552 4151 [labentes
580 4108 744 4152 autem
771 4102 997 4155 eumdem
1025 4100 1277 4169 Spiritum
1307 4102 1456 4171 ﬁdei,
1484 4104 1612 4158 sicut
1639 4106 1880 4175 scriptum

295 4199 368 4241 est
393 4204 410 4241 :
440 4188 642 4259 Credidi
661 4231 675 4253 ,
718 4202 922 4261 propter
957 4194 1094 4257 quod
1133 4194 1367 4263 loquutus
1404 4212 1516 4249 sunt
1547 4212 1566 4250 :
1593 4198 1743 4251 etiam
1789 4215 1879 4251 nos

294 4280 544 4335 credimus
562 4323 577 4346 ,
605 4294 909 4353 quapropter
934 4294 982 4338 et
1008 4285 1256 4352 loquimur
1277 4287 1294 4356 (
1318 4286 1378 4340 2.
1406 4286 1524 4341 Cor.
1553 4288 1603 4341 4.
1641 4289 1707 4343 i5
1732 4290 1771 4357 ).
1804 4289 1880 4344 De

292 4385 396 4438 qua
427 4373 585 4441 igitur
611 4372 714 4426 ﬁde
739 4374 807 4427 sit
833 4389 1011 4429 sermo
1033 4415 1049 4441 ,
1081 4385 1257 4430 utrum
1282 4376 1350 4431 de
1378 4393 1439 4432 ea
1473 4394 1567 4447 per
1586 4394 1743 4449 quam
1779 4395 1873 4449 pa-

292 4471 502 4517 trantur
530 4464 787 4535 prodigia,
812 4470 880 4521 de
908 4483 1010 4537 qua
1040 4467 1287 4523 Christus
1315 4469 1439 4525 dicit
1463 4513 1478 4535 ,
1513 4472 1575 4525 Si
1603 4474 1877 4529 habueritis

291 4553 445 4618 [idem
467 4554 593 4607 sicut
616 4573 831 4624 granum
856 4559 1044 4628 sinapi,
1072 4559 1245 4614 dicetis
1278 4563 1435 4615 monti
1461 4563 1605 4629 huic,
1630 4563 1798 4634 Migra
1827 4576 1874 4619 et

290 4644 527 4713 migrabit
564 4646 774 4713 (Matth.
803 4649 889 4703 Π.
920 4649 1009 4720 19)
1036 4667 1050 4703 :
1079 4666 1145 4709 an
1172 4651 1238 4707 de
1258 4667 1343 4719 ea,
1373 4668 1491 4722 qua:
1517 4655 1870 4724 cognitionem

290 4734 342 4789 in
375 4736 526 4791 nobis
548 4738 733 4808 gignit,
760 4741 1049 4798 secundum
1067 4758 1221 4810 quam
1241 4757 1429 4799 omnes
1448 4760 1631 4800 sumus
1650 4747 1871 4804 ﬁdeles:

289 4834 399 4877 tum
421 4841 526 4895 qua
548 4827 615 4882 de
634 4843 793 4882 causa
821 4829 1047 4900 Spiritus
1070 4832 1198 4886 ﬁdei
1229 4833 1299 4888 sit
1324 4834 1524 4903 dictus,
1549 4844 1604 4891 et
1624 4854 1869 4907 quamam

286 4916 355 4969 sit
392 4915 506 4971 hmo
540 4917 673 4973 ﬁdes
702 4936 723 4974 :
752 4920 866 4976 btec
905 4923 1081 4977 omnia
1113 4938 1209 4993 pro
1236 4924 1438 4980 viribus
1467 4927 1607 4997 apud
1638 4940 1867 4986 vestram

290 5006 631 5064 disseruimus
656 5012 933 5068 caritatem
953 5054 968 5077 ,
1011 5022 1170 5085 atque
1200 5015 1409 5071 interim
1435 5018 1595 5073 etiam
1624 5020 1692 5076 de
1720 5023 1865 5078 eiec-

291 5112 503 5168 mosyua
535 5101 691 5155 verba
724 5101 969 5159 fecimus.
1011 5105 1143 5159 Cum
1175 5122 1306 5161 vero
1330 5120 1629 5177 superesset
1660 5112 1865 5182 disqui-

308 5188 503 5243 endum
528 5232 543 5255 ,
576 5206 677 5246 cur
699 5192 898 5248 dictum
927 5194 1037 5260 sit,
1064 5194 1313 5251 Eumdem
1342 5198 1591 5268 Spiritum
1620 5203 1741 5269 ﬁdei
1763 5243 1779 5268 ,
1811 5213 1864 5259 et

291 5290 395 5344 piae
416 5280 753 5337 multitudine
776 5298 962 5338 eorum
984 5300 1103 5355 qua:
1126 5286 1235 5355 jam
1257 5287 1518 5357 dixeram,
1546 5306 1650 5347 non
1682 5294 1863 5351 liceret

294 5368 439 5421 etiam
470 5369 582 5424 lucc
610 5372 768 5427 verba
794 5373 1076 5444 diligenter
1094 5389 1344 5434 enarrare
1370 5396 1384 5432 :
1408 5380 1528 5436 ideo
1558 5383 1607 5436 in
1636 5398 1863 5452 praesen-

301 5472 385 5511 em
415 5458 554 5515 diem
580 5477 640 5516 ea
669 5465 1025 5532 reposuimus,
1049 5473 1103 5519 et
1127 5481 1266 5521 nune
1294 5467 1419 5523 illud
1446 5470 1679 5526 debitum
1711 5476 1858 5531 vobis

277 5549 536 5605 reddituri
566 5554 827 5609 venimus.
861 5554 967 5610 Cur
1009 5556 1165 5626 igitur
1206 5557 1377 5625 dixit,
1425 5559 1718 5617 Euntdem?
1746 5566 1857 5621 Ma-

339 5699 414 5808 gn)
437 5707 538 5773 nuo
561 5708 669 5751 Mss.
697 5718 709 5751 :
739 5703 994 5767 Ejusdem;
1017 5707 1176 5771 pridie
1199 5712 1540 5764 sermocinatus
1564 5716 1625 5765 de
1646 5717 1721 5767 his
1744 5733 1858 5782 apo-

339 5775 378 5808 ἰ
404 5762 574 5808 verbis-
606 5781 628 5808 ι
657 5765 885 5808 [labantes
903 5776 1059 5808 mtlpm
1082 5772 1302 5808 ρηηιήρηι
1397 5806 1420 5808 ν,
1456 5775 1683 5808 cndu...“
1709 5790 1775 5808 η...
1818 5801 1838 5808 _

400 5762 589 5843 Et'rbisx
606 5762 885 5843 titubantes
903 5762 1059 5843 autem
1082 5762 1426 5843 eumdem"...
1452 5762 1839 5843 scrip—tunicati

273 5824 447 5872 iterant
470 5824 531 5875 de
555 5824 724 5877 iisdem
749 5828 900 5880 verbis
921 5830 1181 5882 orationem
1204 5835 1504 5893 agqreditur.

2013 2070 2250 2084 —“

2031 2204 2188 2258 gnam
2231 2190 2601 2261 cognationem
2644 2189 2777 2245 Novi
2821 2189 3148 2247 Testamenti
3186 2200 3240 2247 et
3273 2189 3481 2246 Veteris
3512 2191 3623 2245 vult

2029 2283 2313 2337 ostendere
2340 2299 2353 2335 :
2386 2281 2502 2336 ideo
2530 2282 2803 2351 propheta:
2832 2283 2989 2336 etiam
3021 2283 3179 2336 verba
3208 2283 3361 2337 nobis
3386 2296 3622 2337 comtne‘

2029 2382 2203 2427 morat
2231 2374 2414 2429 dicens
2446 2390 2459 2427 :
2499 2372 2749 2428 Habentes
2777 2385 2945 2429 autem
2978 2376 3204 2428 eumdem
3249 2374 3537 2444 Spiritum;
3567 2384 3621 2430 ct

2025 2461 2283 2530 adjiciens
2317 2482 2330 2516 :
2358 2463 2504 2517 Sicut
2530 2465 2773 2532 scriptum
2792 2476 2865 2519 est
2884 2481 2899 2519 :
2919 2464 3122 2519 Credidi
3148 2474 3352 2535 propter
3375 2465 3509 2534 quod
3535 2465 3620 2518 lo-

2031 2562 2215 2621 quutus
2233 2570 2343 2605 sum
2372 2553 2542 2617 (Psal.
2572 2556 2691 2609 115.
2724 2554 2837 2624 10).
2862 2554 2972 2609 Hoc
3002 2565 3177 2609 autem
3208 2555 3519 2623 jamdudum
3559 2562 3617 2608 et

2022 2657 2148 2698 ante
2177 2646 2371 2699 multas
2393 2654 2577 2700 :etates
2611 2646 2773 2700 David
2811 2647 3052 2712 dixerat,
3081 2646 3224 2715 quod
3252 2661 3390 2699 nunc
3418 2645 3617 2699 Paulus

2023 2734 2265 2802 adduxit,
2308 2735 2550 2791 indicans
2584 2736 2829 2791 eamdem
2869 2736 3097 2804 Spiritus
3126 2736 3373 2806 gratiam,
3404 2744 3460 2789 et
3491 2722 3614 2789 tunc

2021 2822 2074 2877 in
2116 2825 2206 2879 illo
2229 2866 2245 2891 ,
2285 2834 2341 2880 et
2378 2841 2517 2881 nunc
2548 2828 2603 2881 in
2632 2827 2813 2889 nobis,
2848 2826 2967 2881 ﬁdei
3001 2827 3205 2881 radices
3235 2827 3472 2896 posuisse
3502 2842 3518 2881 :
3546 2839 3615 2879 ac

2016 2912 2065 2967 si
2093 2913 2317 2979 diceret,
2352 2914 2496 2969 Idem
2522 2925 2605 2969 est
2630 2915 2748 2971 fidei
2778 2915 3027 2987 Spiritus,
3048 2918 3135 2987 qui
3160 2916 3211 2970 in
3240 2916 3332 2969 illo
3358 2916 3606 2984 loquutus

2018 3012 2100 3058 est
2122 3045 2137 3069 ,
2164 3014 2218 3057 et
2248 3005 2300 3058 in
2325 3005 2477 3058 nobis
2504 3016 2774 3074 operatus.

2092 3095 2150 3149 2.
2190 3094 2380 3149 Contra
2410 3094 2742 3151 Manichazos.
2770 3126 2841 3137 -
2869 3096 2969 3153 Ubi
2998 3112 3138 3151 nunc
3177 3104 3299 3150 sunt
3327 3096 3416 3166 qui
3440 3094 3609 3149 Vetus

2016 3186 2424 3241 Testamentum
2454 3187 2826 3253 criminantur,
2856 3190 2944 3257 qui
2974 3202 3168 3257 corpus
3194 3188 3482 3257 Scriptum
3527 3188 3606 3242 di-

2013 3278 2269 3342 lacerant,
2303 3281 2392 3346 qui
2439 3279 2599 3332 alium
2643 3278 2823 3346 Novo,
2863 3282 3024 3334 alium
3049 3279 3226 3335 Veteri
3261 3281 3606 3335 Testamento

2012 3370 2182 3425 Deum
2206 3370 2539 3425 attribuunt?
2571 3372 2802 3426 Audiant
2835 3361 3058 3426 Paulum
3100 3373 3259 3443 impia
3305 3388 3400 3427 ora
3444 3373 3599 3428 obtu-

2010 3472 2240 3528 rantem,
2290 3464 2702 3533 impugnatrices
2755 3464 2849 3519 Dei
2894 3465 3099 3534 linguas
3145 3465 3514 3531 cohibentem,
3547 3476 3601 3521 et

2010 3552 2111 3608 hoc
2140 3554 2282 3609 dicto
2326 3555 2698 3609 ostendentem
2740 3556 2984 3610 eumdem
3029 3572 3148 3611 esse
3193 3557 3447 3625 Spiritum
3493 3567 3601 3612 tam

2007 3643 2139 3699 Novi
2169 3660 2333 3715 quam
2363 3644 2573 3701 Veteris
2608 3646 2955 3701 Testamenti.
2986 3646 3117 3700 Nam
3162 3657 3213 3701 et
3244 3648 3356 3717 ipsa
3385 3648 3601 3703 nomina

2008 3750 2252 3806 magnam
2287 3736 2440 3791 nobis
2485 3736 2953 3791 Testamentorum
2995 3739 3399 3793 consonantiam
3429 3738 3598 3809 signi-

2007 3824 2187 3880 ﬁcant.
2231 3826 2436 3881 Novum
2461 3828 2607 3883 enim
2639 3827 2705 3882 ad
2734 3827 3088 3883 diﬁ'erentiam
3130 3830 3337 3886 Veteris
3374 3832 3589 3895 dicitur,

2003 3926 2058 3972 et
2079 3918 2239 3973 Vetus
2264 3919 2332 3973 ad
2358 3919 2714 3974 diﬁ'ereutiam
2736 3919 2891 3985 Novi,
2921 3921 3058 3976 sicut
3083 3930 3137 3977 et
3163 3922 3356 3977 Paulus
3383 3924 3584 3993 inquit:

2002 4005 2231 4062 Dicenda
2258 4008 2482 4074 Novum,
2506 4011 2782 4080 antiquavit
2816 4012 2945 4065 illud
2981 4013 3123 4082 prius
3156 4012 3339 4083 (llcbr.
3372 4015 3426 4069 8.
3472 4015 3593 4085 l3).

2002 4099 2113 4155 Nisi
2142 4117 2270 4156 vero
2296 4102 2537 4171 ejusdem
2566 4113 2748 4158 essent
2774 4104 3006 4171 Domini,
3036 4120 3208 4174 neque
3237 4105 3339 4161 hoc
3358 4106 3588 4170 Novum,

2001 4208 2173 4263 neque
2205 4193 2333 4247 illud
2361 4193 2519 4248 Vetus
2547 4194 2804 4265 appellari
2833 4204 3031 4265 posset.
3064 4194 3245 4265 Itaque
3277 4196 3378 4251 hoc
3414 4196 3591 4265 ipsum

2001 4286 2274 4338 nominum
2301 4285 2590 4341 discrimen
2633 4287 3006 4357 cognationem
3041 4288 3316 4358 utriusque
3355 4288 3547 4342 indicat
3571 4306 3592 4342 :

2003 4384 2057 4429 et
2085 4374 2381 4430 diﬁ‘erentia
2430 4376 2543 4429 haec
2571 4392 2675 4431 non
2707 4387 2789 4431 est
2815 4377 2867 4430 in
2897 4392 3083 4432 eorum
3119 4378 3372 4443 essentia,
3399 4378 3499 4435 sed
3532 4380 3587 4435 in

1997 4468 2294 4527 mutatione
2334 4477 2679 4537 temporum:
2712 4469 2827 4523 solo
2870 4470 3013 4523 enim
3045 4478 3288 4539 tempore
3332 4488 3528 4525 novum
3553 4486 3587 4525 a

1994 4558 2165 4612 Veteri
2193 4558 2375 4612 distat.
2405 4557 2677 4611 Caeterum
2728 4569 3024 4627 temporum
3065 4558 3361 4614 diﬁ‘ercntia
3390 4563 3587 4619 nullam

1994 4647 2214 4703 dominii
2270 4648 2618 4703 mutationem
2672 4649 2863 4714 aﬁ‘ert,
2907 4665 3081 4719 neque
3120 4650 3524 4707 diminutionem
3564 4672 3581 4707 :

1996 4738 2047 4792 id
2074 4738 2215 4808 quod
2262 4748 2316 4793 et
2353 4738 2599 4793 Christus
2631 4738 2883 4793 indicavit
2908 4739 3130 4795 dicens:
3164 4739 3440 4812 PrOpterea
3467 4742 3586 4795 diro

1991 4829 2127 4883 vobis
2157 4845 2176 4883 :
2206 4830 2370 4883 omnis
2419 4829 2582 4882 scriba
2622 4829 2798 4883 doctus
2840 4831 2893 4883 in
2930 4846 3085 4901 regno
3125 4833 3362 4886 calorum
3399 4834 3583 4887 similis

1992 4929 2063 4975 est
2090 4921 2284 4975 homini
2328 4921 2710 4992 patrifamilias,
2750 4922 2836 4991 qui
2880 4925 3072 4993 profert
3116 4923 3179 4976 de
3222 4925 3456 4978 thesauro
3485 4943 3583 4978 suo

1988 5028 2116 5067 nova
2142 5023 2187 5067 et
2211 5024 2377 5068 vetera
2406 5014 2619 5084 (Matth.
2654 5016 2739 5070 15.
2772 5014 2889 5085 52).
2914 5015 3070 5070 Vides
3091 5014 3328 5071 diversas
3355 5018 3571 5089 quidem

1990 5104 2374 5173 possessiones,
2402 5105 2539 5160 idem
2580 5120 2708 5160 vero
2737 5105 3074 5162 dominium?
3110 5107 3571 5174 Quemadmodum

1986 5198 2143 5268 igitur
2169 5198 2262 5253 ille
2289 5207 2461 5268 potest
2482 5198 2799 5269 depromere
2843 5213 2978 5254 nova
3021 5208 3077 5255 et
3114 5210 3315 5265 vetera,
3343 5216 3463 5256 cum
3501 5203 3570 5254 sit

1985 5305 2121 5345 unus
2146 5299 2201 5346 et
2231 5291 2369 5345 idem
2414 5291 2794 5361 paterfamilias
2820 5308 2833 5344 :
2865 5291 2934 5345 ita
2967 5290 3052 5345 hic
3076 5306 3288 5363 quoque
3323 5293 3453 5347 nihil
3483 5309 3573 5347 ve-

1984 5389 2061 5436 tat
2089 5380 2329 5450 ejusdem
2364 5396 2491 5436 esse
2517 5382 2608 5436 Dei
2636 5392 2746 5436 tum
2776 5382 3003 5448 Novum,
3033 5391 3145 5436 tum
3184 5382 3347 5437 Vetus
3384 5382 3571 5438 Testa-

1984 5484 2220 5529 mentum
2257 5490 2272 5526 :
2316 5473 2417 5529 hoc
2455 5474 2627 5543 ipsum
2658 5475 2801 5529 enim
2846 5475 3078 5530 maxime
3114 5474 3310 5530 indicat
3346 5476 3463 5545 ejus
3489 5477 3571 5531 di-

1981 5565 2138 5620 vitias
2178 5574 2233 5620 et
2278 5565 2682 5632 abundantiam,
2717 5566 2859 5636 quod
2903 5581 3009 5621 non
3055 5567 3227 5623 solum
3274 5584 3409 5624 nova
3438 5585 3565 5641 pos-

1980 5655 2173 5719 sideat,
2200 5670 2385 5711 verum
2426 5658 2587 5711 etiam
2634 5657 2686 5712 in
2718 5657 2983 5714 veteribus
3024 5658 3403 5717 abundantiam
3455 5676 3565 5733 prae

1979 5760 2037 5801 se
2069 5747 2219 5802 ferat.

2051 5838 2171 5895 Non
2210 5841 2462 5898 contraria
2492 5851 2605 5897 sunt
2635 5842 2735 5899 duo
2763 5838 3117 5908 Testamenta;
3149 5842 3349 5902 Novum
3388 5842 3563 5901 Vetere
