4058 6258
459 300 568 356 283

460 411 748 480 perfectius.
774 441 845 452 —
871 413 1049 482 Itaque
1068 417 1286 470 nomine
1315 425 1515 470 tantum
1541 418 1679 473 inter
1703 434 1762 474 se
1790 419 2043 475 differunt

461 499 824 566 Testamenta,
856 512 911 556 at
940 518 1044 557 non
1087 517 1340 573 pugnant,
1375 523 1548 576 neque
1591 519 1715 563 sunt
1755 513 2043 567 contraria.

467 589 632 644 Vetus
658 591 797 645 enim
820 607 882 645 ex
909 608 1047 667 novo
1084 595 1142 648 fit
1169 604 1350 661 vetus;
1381 597 1482 654 hoc
1513 608 1690 654 autem
1719 617 1823 655 non
1855 617 2045 672 pugnae

460 687 542 732 est
579 694 752 749 neque
771 683 1180 751 contrarietatis,
1205 686 1295 739 Sed
1323 686 1636 743 diﬂ‘erentia:
1671 692 1900 745 nominis
1932 701 2046 746 tan-

467 771 763 824 tummodo.
815 772 928 842 Ego
971 785 1146 829 autem
1173 778 1332 842 addo,
1362 781 1504 848 quod
1531 782 1738 836 etiamsi
1765 785 2047 838 contraria:

463 870 646 915 essent
692 864 832 933 leges
867 865 1070 922 Veteris
1121 869 1326 938 legibus
1379 872 1534 938 Novi,
1582 889 1944 930 asseverarem
1981 893 2048 931 ne

463 951 542 1005 sic
575 953 786 1020 quidem
823 957 983 1010 alium
1012 959 1175 1013 Deum
1206 959 1372 1016 fuisse
1410 964 1952 1031 superinducentlum.
1992 967 2046 1021 Si

466 1040 608 1094 enim
638 1043 826 1098 eodem
860 1056 1120 1116 tempore,
1153 1051 1355 1104 eisdem
1389 1053 1714 1118 hominibus,
1747 1056 1800 1109 in
1845 1056 2047 1110 eisdem

468 1129 629 1186 rebus
667 1137 1022 1202 versantibus,
1055 1140 1240 1194 eadem
1269 1142 1448 1196 munia
1473 1145 1816 1212 abeuntibus,
1836 1156 2048 1200 contra-

468 1220 576 1276 rias
601 1222 745 1293 leges
775 1227 1068 1295 statuisset,
1100 1232 1360 1285 rationem
1409 1233 1649 1289 fortassis
1693 1236 1925 1305 aliquam
1960 1238 2051 1288 ha-

468 1311 596 1367 bere
640 1317 900 1384 potuisset
945 1331 1305 1377 couuuentum
1356 1325 1591 1394 ipsorum
1626 1345 1638 1379 :
1672 1328 1814 1397 quod
1844 1328 1889 1382 si
1932 1329 2051 1382 aliis

468 1402 593 1470 illae,
626 1407 743 1461 aliis
778 1409 859 1463 ha:
906 1413 1119 1480 scripta:
1164 1424 1308 1481 sunt,
1341 1417 1445 1470 alio
1498 1429 1738 1488 tempore
1787 1421 1914 1486 illis,
1945 1421 2051 1476 alio

468 1493 572 1560 his,
603 1496 756 1552 aliter
797 1514 857 1553 se
897 1502 1214 1558 habentibus
1244 1505 1350 1560 illis
1390 1507 1714 1575 hominibus,
1748 1511 1901 1564 aliter
1943 1509 2048 1577 his,

468 1583 594 1650 quid
645 1601 866 1642 necesse
896 1599 980 1644 est
1029 1603 1245 1662 prOpter
1296 1597 1468 1666 legum
1520 1597 1870 1653 differentiam
1919 1599 2052 1656 duos

466 1677 768 1731 contrarios
822 1681 1153 1748 legislatores
1202 1686 1500 1742 inducere?
1546 1688 1806 1758 Equidem
1854 1691 2051 1744 nullam

473 1769 842 1825 necessitatem
894 1773 1090 1830 video:
1134 1778 1231 1846 ipsi
1263 1779 1555 1848 proferant,
1596 1783 1638 1836 si
1685 1782 1882 1838 habent
1911 1783 2050 1854 quod

471 1856 648 1913 dicant
683 1878 696 1913 :
737 1863 832 1917 sed
879 1865 1010 1919 nihil
1044 1866 1241 1924 habere
1285 1882 1524 1940 possunt.
1572 1873 1812 1945 Namque
1841 1886 1895 1929 et
1939 1891 2052 1930 me-

472 1947 622 2003 dicus
659 1966 1030 2021 saepenumero
1079 1961 1240 2014 multa
1291 1965 1558 2018 contraria
1608 1965 1750 2030 facit,
1801 1967 1896 2020 sed
1949 1982 2052 2021 non

468 2042 736 2096 contraria
766 2047 991 2114 ratione,
1022 2049 1129 2104 imo
1152 2052 1337 2106 eadem
1369 2063 1423 2108 et
1451 2057 1823 2112 conveniente.
1843 2057 2053 2112 Etenim

471 2131 576 2184 urit
611 2144 665 2186 et
705 2149 808 2188 non
856 2141 977 2202 urit,
1020 2150 1166 2195 secnt
1194 2152 1246 2196 et
1278 2160 1380 2198 non
1412 2156 1558 2200 secat
1604 2164 1766 2202 unum
1797 2159 1850 2203 et
1905 2149 2046 2202 idem

469 2233 664 2288 corpus
697 2241 707 2276 :
742 2240 882 2279 nunc
916 2242 1119 2294 amara,
1163 2247 1304 2286 nunc
1334 2233 1505 2288 dulcia
1548 2235 1834 2304 pharmace
1880 2237 1946 2290 ad
1977 2237 2057 2292 bi-

471 2311 700 2367 bendum
721 2316 878 2371 offert
901 2337 914 2372 :
943 2329 996 2374 et
1026 2321 1149 2376 facit
1171 2323 1384 2392 quidem
1407 2327 1702 2395 contraria,
1728 2328 1821 2383 sed
1849 2329 2056 2384 ratione

471 2403 629 2458 simili
657 2416 816 2477 atque
855 2410 1042 2465 eadem
1074 2431 1086 2465 :
1121 2430 1284 2470 unum
1324 2417 1467 2471 enim
1513 2417 1673 2473 finem
1718 2429 1945 2488 spectat,
1978 2421 2059 2475 ni-

473 2494 666 2549 mirum
697 2499 824 2567 mgri
865 2500 1168 2558 sanitatem.
1215 2506 1407 2560 Annon
1451 2509 1611 2578 igitur
1650 2510 1938 2564 absurdum
1976 2519 2060 2566 est

472 2583 736 2639 medicum
760 2589 974 2657 quidem
1008 2608 1112 2645 non
1146 2594 1412 2662 incusare,
1434 2597 1572 2665 quod
1604 2599 1768 2652 multa
1791 2602 2056 2654 contraria

473 2673 631 2728 faciat
653 2676 794 2730 circa
823 2680 981 2734 unius
1001 2684 1240 2752 corporis
1264 2693 1531 2752 naturam,
1555 2687 1722 2741 Deum
1745 2699 1923 2742 autem
1951 2690 2058 2743 cri-

475 2766 666 2821 minari
714 2769 854 2838 quod
899 2770 1113 2826 diverso
1167 2784 1429 2844 tempore,
1473 2776 1699 2832 diversis
1729 2777 2054 2846 hominibus,

477 2854 690 2912 diversa
721 2861 966 2914 mandata
995 2862 1244 2919 dederit?

545 2948 598 3002 3.
643 2948 1072 3009 Demonstratum
1121 2966 1202 3010 est
1251 2958 1410 3027 igitur
1440 2974 1546 3014 non
1596 2959 1762 3016 fuisse
1807 2962 2060 3018 incusan-

476 3038 622 3105 dum,
657 3043 869 3101 etiamsi
922 3047 1068 3117 leges
1116 3049 1253 3104 inter
1294 3065 1352 3105 se
1383 3051 1609 3108 fuissent
1648 3056 1970 3109 contrariae:
2002 3065 2059 3112 ut

473 3141 651 3186 autem
699 3137 932 3193 sciamus
983 3155 1089 3193 non
1141 3155 1262 3195 esse
1309 3144 1626 3208 contrarias,
1677 3146 1771 3199 sed
1821 3146 2058 3202 diversas

475 3232 711 3292 tantum,
760 3244 858 3298 age
916 3230 1058 3298 ipsas
1107 3232 1252 3300 leges
1304 3234 1355 3286 in
1399 3235 1634 3289 medium
1681 3238 2055 3306 producamus.

473 3316 722 3385 Audistis,
742 3320 930 3389 inquit,
961 3324 1096 3391 quod
1115 3325 1306 3378 dictum
1326 3327 1391 3379 sit
1421 3328 1661 3395 antiquis,
1691 3328 1814 3382 Non
1841 3331 2056 3385 occides.

473 3407 601 3464 Haec
647 3411 732 3465 lex
778 3420 860 3467 est
911 3423 1104 3481 vetus;
1156 3416 1428 3472 videamus
1475 3434 1615 3473 nunc
1663 3434 1853 3474 novam
1890 3439 1903 3476 :
1944 3420 2057 3491 Ego

471 3513 638 3556 autent
683 3505 795 3558 dico
839 3507 993 3570 vobis,
1035 3508 1335 3579 quicumque
1383 3510 1618 3563 irascitur
1663 3512 1814 3582 fratri
1855 3528 1947 3565 suo
1989 3523 2058 3566 te-

472 3614 627 3664 mere,
679 3615 792 3653 reus
845 3609 918 3654 est
966 3601 1208 3671 gehenna:
1251 3603 1382 3674 ignis
1431 3602 1640 3673 (Matth.
1696 3605 1748 3660 5.
1797 3604 1886 3659 21.
1940 3605 2052 3674 22).

472 3687 720 3743 llaeccine
743 3700 884 3755 sunt,
914 3692 1157 3757 obsecro,
1195 3696 1460 3748 contraria
1492 3695 1776 3751 mandata?
1823 3697 1891 3751 Et
1938 3697 2058 3767 quis

475 3777 576 3832 hoc
620 3779 822 3835 diceret
868 3784 1191 3848 mortalium,
1225 3784 1383 3838 modo
1428 3786 1648 3840 rationis
1690 3789 1948 3858 compos?
2000 3788 2056 3842 Si

472 3870 614 3923 enim
639 3872 815 3940 priore
855 3872 969 3942 lege
999 3884 1210 3930 vetante
1235 3876 1499 3940 occidere,
1530 3878 1795 3945 posterior
1815 3879 2052 3947 juberet,

472 3960 695 4018 fortasse
707 3965 899 4036 aliquis
913 3966 962 4018 in
982 3965 1065 4020 his
1082 3982 1165 4022 vel
1180 3966 1445 4036 bislegnm
1464 3983 1690 4037 pugnam
1704 3984 1820 4024 esse
1832 3969 2051 4024 diceret:

471 4069 613 4109 nunc
652 4071 772 4109 cum
822 4057 908 4110 illa
930 4057 1152 4126 jnbente
1198 4073 1306 4110 non
1354 4058 1618 4124 occidere,
1668 4060 1782 4113 hate
1805 4059 1957 4127 jubet
1988 4075 2055 4114 ne

471 4145 624 4200 irasci
653 4147 887 4214 quidem,
912 4157 1136 4215 augetur
1159 4148 1306 4215 prius
1337 4146 1664 4212 mandatum,
1696 4165 1799 4201 non
1836 4148 2054 4202 affertur

471 4240 846 4290 contrarium:
888 4237 976 4290 illa
1004 4238 1144 4291 enim
1186 4237 1411 4291 fructum
1455 4239 1668 4294 malitiae
1707 4249 1934 4306 resecat,
1970 4241 2053 4293 vi-

470 4325 658 4380 delicet
681 4331 880 4380 caedem
910 4345 922 4380 :
954 4327 1067 4382 hzec
1088 4343 1214 4383 vero
1234 4328 1390 4383 etiam
1414 4329 1642 4384 radicem
1668 4331 1832 4401 ipsam
1854 4332 2051 4400 evellit,

471 4417 721 4472 nimirum
749 4419 1073 4474 iracundiam
1107 4438 1119 4473 :
1153 4421 1239 4474 illa
1271 4422 1440 4475 rivum
1469 4422 1757 4490 tollitvitii,
1791 4423 1903 4478 hinc
1932 4424 2051 4478 fon-

472 4518 578 4563 tem
625 4508 796 4579 ipsum
848 4512 1098 4565 exsiccet.
1156 4511 1297 4565 Fons
1340 4514 1480 4566 enim
1509 4523 1562 4566 et
1589 4514 1738 4568 radix
1780 4516 1944 4570 caedis
1973 4525 2054 4572 est

470 4599 616 4652 furor
660 4608 714 4653 et
756 4600 1046 4654 iracundia.
1082 4600 1171 4654 Illa
1203 4601 1285 4654 lex
1317 4608 1559 4655 naturam
1606 4613 1842 4657 nostram
1873 4615 2052 4673 poste-

469 4690 596 4743 riori
652 4691 970 4758 paratiorem
1012 4691 1272 4753 reddidit,
1325 4692 1440 4746 hrcc
1485 4697 1866 4762 superveniens
1912 4696 2050 4766 quod

469 4781 873 4837 desiderabatur
921 4784 1203 4853 supplevit.
1238 4784 1491 4852 Quaenam
1538 4785 1653 4840 haec
1705 4795 1789 4840 est
1834 4797 2050 4842 contra-

470 4873 648 4934 rietas,
683 4873 808 4928 dum
857 4891 956 4928 una
992 4875 1150 4929 ﬁnem
1197 4875 1478 4940 malorum,
1509 4877 1674 4931 altera
1720 4893 1847 4932 vero
1890 4879 2049 4932 etiam

472 4965 785 5032 principium
813 4966 1110 5034 exstirpat?
1154 4965 1243 5019 Illa
1271 4982 1483 5020 manum
1513 4983 1697 5036 puram
1727 4967 1848 5022 facit
1873 4985 1902 5023 a
1921 4985 2048 5024 san-

469 5055 646 5123 guine,
677 5055 791 5110 hare
817 5067 1047 5111 mentem
1078 5059 1236 5112 etiam
1265 5069 1441 5113 servat
1474 5074 1503 5112 a
1541 5060 1676 5113 mala
1705 5051 2043 5130 cogitatione.

471 5145 597 5199 Hmc
616 5155 792 5199 autem
820 5148 1262 5202 consentientium
1286 5158 1410 5202 sunt
1447 5150 1643 5218 legum,
1672 5166 1774 5203 non
1809 5165 2049 5221 pugnan-

468 5236 619 5302 tium,
654 5237 792 5291 sicut
816 5237 1053 5292 verilatis
1096 5239 1294 5293 inimici
1326 5239 1601 5294 adstruere
1629 5250 1907 5308 conantur,
1943 5259 2046 5296 non

466 5329 976 5391 animadvertentes,
1007 5329 1147 5398 quod
1180 5331 1256 5383 sic
1295 5345 1487 5398 magno
1530 5331 1746 5385 incuriae
1775 5343 1828 5386 et
1869 5335 2046 5406 segni-

474 5420 564 5473 tiei
604 5419 812 5474 crimini
844 5423 1006 5475 Deum
1035 5421 1168 5474 Novi
1214 5421 1540 5476 Testamenti
1587 5423 2039 5492 objiciunt:com-

470 5509 705 5577 perietur
725 5511 865 5565 enim
892 5512 1029 5566 Deus
1053 5512 1192 5580 (qua:
1221 5511 1432 5581 quidem
1467 5511 1790 5581 blasphemia
1818 5513 1870 5568 in
1892 5523 2051 5584 caput

467 5597 679 5653 illorum
709 5607 900 5664 vertat,
931 5601 1016 5670 qui
1050 5602 1201 5656 nobis
1238 5601 1351 5655 hmc
1389 5601 1636 5671 loquendi
1678 5603 2046 5659 necessitatem

463 5688 779 5760 imponunt)
809 5690 1182 5762 intempestive
1230 5707 1319 5747 res
1369 5702 1578 5748 nostras
1627 5693 2040 5762 dispensavisse.

1170 305 1225 360 S.
1261 305 1536 362 JOANNIS
1571 306 2055 365 CHRYSOSTOMI
2095 310 2409 366 ARCHIEP.
2451 307 2986 365 CONSTANTINOP.

3633 304 3742 358 284

2153 422 2283 488 Quae
2314 433 2486 475 autem
2511 420 2649 483 dico,
2681 420 2757 474 sic
2783 419 2934 472 vobis
2958 417 3180 471 clariora
3209 413 3417 470 faciam.
3439 415 3618 470 Laetis
3637 416 3743 468 ali-

2150 521 2331 565 mento
2359 511 2546 564 similis
2571 521 2652 564 est
2686 509 2890 562 Veteris
2931 507 3257 561 Testamenti
3281 505 3549 570 educatio,
3572 505 3748 560 solido

2151 617 2279 656 vero
2301 603 2420 656 cibo
2440 602 2569 655 Novi
2594 599 2923 655 Testamenti
2951 598 3285 669 philosophia
3308 617 3319 651 :
3345 613 3410 653 ac
3437 613 3598 652 nemo
3617 609 3744 654 ante

2152 693 2302 748 lactis
2331 694 2632 747 alimoniam
2676 693 2905 746 solidum
2941 692 3115 746 cibum
3157 692 3392 746 adhibet.
3426 690 3578 758 Quod
3619 690 3744 759 qui-

2152 782 2271 836 dem
2300 782 2431 836 Novi
2463 782 2795 836 Testamenti
2826 782 2965 836 Deus
2995 781 3136 846 fecit,
3162 781 3205 835 si
3235 797 3337 835 non
3370 780 3513 836 idem
3543 789 3625 835 est
3654 781 3744 848 qui

2151 873 2309 927 etiam
2335 873 2496 927 Vetus
2528 871 2759 940 prodidit
2792 890 2806 927 :
2840 873 2984 940 prius
3011 873 3154 926 enim
3189 887 3348 941 quam
3390 871 3530 925 lacte
3576 871 3746 923 nutri-

2153 974 2255 1030 ret,
2287 963 2389 1018 hoc
2433 971 2519 1018 est
2559 964 2691 1033 legis
2741 963 3041 1032 disciplina,
3071 964 3135 1018 ad
3177 964 3405 1018 solidum
3437 976 3537 1016 nos
3566 961 3746 1015 cibum

2152 1055 2389 1109 adduxit.
2423 1055 2536 1108 Non
2567 1055 2722 1124 hujus
2749 1065 2926 1109 autem
2959 1057 3152 1116 solum,
3182 1055 3275 1109 sed
3317 1054 3537 1123 majoris
3581 1053 3743 1106 etiam

2152 1149 2388 1202 criminis
2405 1163 2524 1202 eum
2554 1165 2703 1204 reum
2742 1148 2962 1213 faciunt,
2980 1147 3407 1216 quandoquidem
3431 1155 3551 1215 post
3577 1143 3740 1214 quin-

2154 1238 2305 1306 quies
2339 1237 2484 1291 mille
2527 1239 2741 1292 demum
2785 1253 2976 1303 annos,
3006 1246 3096 1291 aut
3125 1238 3322 1306 plures,
3354 1235 3742 1304 providentiam

2155 1329 2321 1382 nostri
2361 1329 2576 1397 generis
2605 1330 2856 1398 suscepit.
2899 1329 2952 1384 Si
2983 1329 3124 1382 enim
3159 1343 3261 1380 non
3295 1326 3434 1380 idem
3470 1335 3612 1390 erat,
3652 1325 3743 1394 qui

2155 1433 2250 1486 per
2294 1418 2578 1486 prophetas
2617 1428 2675 1474 et
2721 1419 3049 1488 patriarchas
3080 1428 3132 1473 et
3168 1419 3343 1488 justos
3386 1418 3631 1471 homines
3657 1431 3742 1470 res

2155 1517 2367 1562 nostras
2389 1509 2751 1577 dispensabat,
2785 1509 2877 1563 sed
2907 1509 3041 1563 alter
3067 1509 3326 1578 quispiam
3360 1517 3554 1576 przeter
3580 1506 3740 1571 hunc,

2155 1612 2278 1652 sero
2303 1597 2588 1652 admodum
2620 1609 2670 1652 et
2695 1599 2844 1654 tarde
2871 1599 3136 1654 videbitur
3164 1599 3327 1652 nostri
3359 1597 3742 1667 providentiam

2156 1704 2457 1759 aggressus,
2486 1691 2635 1760 quasi
2676 1706 2771 1760 per
2795 1701 3160 1745 anleactorum
3190 1690 3556 1758 pmnitentiam
3583 1687 3648 1741 ad
3683 1703 3744 1741 se

2157 1798 2442 1837 reversus:
2475 1783 2615 1852 quod
2659 1784 2871 1852 quidem
2913 1793 3114 1837 tantum
3157 1782 3309 1836 abest
3336 1798 3364 1835 a
3396 1781 3527 1841 Deo,
3562 1789 3742 1832 utnec

2159 1874 2210 1928 in
2244 1890 2406 1928 unum
2447 1875 2688 1944 quemvis
2727 1875 2883 1944 vulgo
2935 1875 3203 1928 hominem
3255 1880 3542 1941 competat,
3596 1879 3742 1923 tanto

2159 1975 2398 2033 tempore
2445 1974 2548 2019 tam
2594 1965 2775 2018 multis
2823 1965 2997 2034 perire
3042 1963 3332 2033 permissis,
3385 1962 3438 2015 in
3488 1959 3743 2014 extremis

2158 2054 2371 2108 demum
2401 2055 2608 2108 saeculis
2634 2054 2698 2108 ad
2740 2070 3025 2123 paucorum
3063 2053 3411 2123 quorumdam
3457 2050 3745 2120 providen-

2159 2147 2283 2201 tiam
2313 2161 2374 2200 ac
2403 2162 2582 2200 curam
2624 2146 2900 2200 accedere.

2229 2238 2282 2292 4.
2329 2237 2474 2291 Unus
2503 2247 2573 2291 est
2622 2240 2879 2306 utrittsque
2913 2236 3215 2290 Testamenti
3261 2234 3540 2303 legislator.
3589 2232 3742 2284 Pauli

2161 2327 2531 2382 Samosatensis
2581 2344 2740 2381 error.
2776 2357 2848 2368 --
2875 2327 3104 2381 Videsne
3143 2327 3354 2395 quantis
3399 2322 3742 2392 blasphemiis

2161 2419 2330 2474 Deum
2359 2419 2556 2474 faciant
2585 2420 2875 2475 obnoxium
2919 2419 3026 2484 isti,
3057 2419 3146 2488 qui
3191 2419 3357 2473 alium,
3381 2417 3515 2471 Novi
3558 2416 3744 2470 Testa-

2160 2514 2323 2566 menti
2351 2513 2705 2582 legislatorem
2729 2513 2931 2576 dicunt,
2963 2512 3124 2566 alium
3156 2509 3409 2566 Veteris?
3454 2509 3584 2574 Qure
3614 2523 3744 2562 sane

2161 2615 2348 2658 omnes
2391 2611 2738 2667 evanescunt,
2789 2602 2832 2656 si
2881 2617 3044 2656 unum
3096 2602 3370 2668 utriusque
3415 2597 3745 2652 Testamenti

2160 2691 2518 2745 assentiamur
2546 2706 2664 2746 esse
2715 2693 2903 2747 Deum.
2955 2691 3046 2746 Sic
3091 2691 3232 2746 enim
3275 2688 3573 2758 apparebit,
3619 2702 3744 2741 eum

2161 2780 2347 2835 ordine
2372 2789 2425 2834 et
2463 2781 2602 2835 bona
2647 2783 2854 2836 ratione
2897 2797 2984 2836 res
3009 2793 3219 2835 nostras
3254 2781 3585 2848 dispensare,
3619 2787 3746 2831 tunc

2160 2871 2373 2941 quidem
2402 2888 2497 2940 per
2528 2872 2720 2942 legem,
2754 2886 2895 2926 nunc
2921 2880 3096 2925 autem
3137 2886 3229 2940 per
3261 2870 3482 2940 gratiam
3509 2886 3522 2922 :
3554 2879 3605 2923 et
3635 2882 3745 2921 non

2159 2977 2368 3028 recens,
2393 2977 2566 3032 neque
2619 2978 2804 3030 nuper,
2838 2963 2929 3016 sed
2982 2963 3091 3030 jam
3145 2961 3266 3014 inde
3315 2961 3382 3019 ab
3429 2961 3579 3014 initio
3604 2969 3661 3014 et
3710 2974 3742 3013 a

2164 3055 2332 3122 prima
2360 3068 2529 3122 usque
2550 3054 2636 3108 die
2667 3062 2846 3109 nostra
2875 3055 3052 3115 omnia
3082 3055 3394 3123 gubernare.
3422 3052 3539 3120 Quo
3564 3059 3742 3105 autem

2162 3144 2328 3212 magis
2379 3158 2564 3197 eorum
2593 3159 2683 3198 ora
2731 3144 3104 3208 obstruamus,
3136 3159 3233 3214 age
3279 3143 3388 3212 jam
3437 3142 3743 3202 testimonia

2160 3241 2270 3287 tum
2304 3235 2700 3303 prophetarum,
2727 3244 2837 3289 tum
2866 3236 3227 3304 apostolorum
3257 3235 3601 3296 adducamus,
3625 3234 3748 3288 cla-

2161 3323 2442 3389 mantium,
2464 3339 2624 3377 unum
2652 3340 2770 3379 esse
2813 3327 3086 3394 utriusque
3112 3324 3432 3379 Testamenti
3474 3323 3744 3393 legislato-

2159 3429 2293 3468 rem.
2337 3415 2594 3469 Proeedat
2640 3416 2797 3485 igitur
2842 3415 2894 3470 in
2943 3416 3177 3470 medium
3219 3415 3478 3470 Jeremias
3511 3415 3562 3468 in
3590 3424 3742 3468 utero

2160 3507 2542 3571 sanctificatus,
2575 3516 2629 3562 et
2674 3507 2868 3576 probet
2917 3507 3018 3560 hoc
3065 3506 3364 3570 manifeste,
3412 3520 3576 3561 unum
3621 3519 3742 3560 esse

2159 3599 2513 3668 eumdemque
2537 3599 2697 3652 Deum
2728 3608 2838 3652 tum
2869 3597 2999 3652 Novi
3028 3598 3352 3652 Testamenti
3381 3639 3395 3662 ,
3443 3605 3551 3650 tum
3583 3595 3741 3650 Vete-

2159 3689 2252 3742 ris.
2282 3688 2420 3754 Quid
2451 3689 2612 3758 igitur
2640 3689 2724 3742 hic
2750 3689 2876 3743 dicit
2913 3703 2977 3742 ex
3004 3703 3230 3758 persona
3276 3687 3597 3756 legislatoris
3634 3686 3742 3739 cla-

2161 3780 2348 3832 mans?
2399 3777 2634 3832 Testabor
2675 3779 2811 3832 vobis
2851 3789 3199 3833 testamentum
3229 3793 3430 3843 nouum,
3470 3793 3573 3830 non
3614 3777 3742 3854 sicut

2160 3882 2507 3927 testamentum
2532 3874 2667 3942 quod
2696 3882 2903 3926 testatus
2927 3889 3040 3927 sum
3071 3871 3294 3941 patribus
3322 3870 3495 3924 vestris
3525 3869 3737 3940 (lerant.

2160 3966 2246 4019 5i.
2281 3965 2394 4033 51).
2428 3965 2609 4034 Itaque
2638 3965 2728 4033 qui
2754 3963 2958 4018 Novum
2986 3963 3384 4016 Testamentum
3411 3958 3581 4024 dedit,
3601 3957 3741 4012 idem

2158 4064 2242 4110 est
2290 4057 2445 4121 Deus,
2492 4057 2581 4125 qui
2625 4057 2752 4110 olim
2786 4056 2948 4109 Vetus
2988 4056 3146 4108 etiam
3184 4053 3314 4107 illud
3361 4052 3602 4106 dederat.
3643 4049 3743 4104 Hic

2159 4162 2287 4201 sane
2313 4147 2460 4202 Pauli
2486 4162 2697 4216 quoque
2717 4147 3108 4202 Samosatensis
3133 4144 3487 4200 sectatoribus
3501 4158 3594 4198 ora
3617 4151 3744 4196 sunt

2158 4238 2393 4303 occlusa,
2433 4239 2523 4306 qui
2573 4246 2766 4305 negant
2812 4245 2936 4291 ante
2969 4237 3160 4290 srecula
3193 4235 3354 4290 fuisse
3405 4233 3744 4303 Unigenitum

2159 4327 2272 4380 Dei.
2306 4308 2369 4380 Si,
2393 4327 2534 4380 enim
2584 4335 2708 4380 ante
2752 4327 2928 4379 Maria:
2982 4335 3212 4394 partum,
3255 4333 3309 4379 et
3353 4333 3639 4394 antequam
3687 4324 3743 4377 in

2157 4433 2318 4472 carne
2343 4432 2401 4472 se
2429 4417 2711 4471 videndum
2742 4417 3024 4486 praeberet,
3059 4431 3164 4470 non
3195 4426 3327 4478 erat,
3361 4414 3634 4483 quomodo
3658 4414 3737 4467 le-

2156 4523 2274 4577 gem
2307 4507 2507 4562 ferebat
2533 4523 2650 4561 cum
2677 4523 2779 4561 non
2801 4507 2986 4561 esset?
3010 4507 3278 4575 quomodo
3302 4513 3479 4559 autem
3501 4504 3738 4559 dicebat:

2157 4597 2399 4652 Testabor
2427 4598 2563 4651 vobis
2589 4606 2939 4650 testamentum
2965 4613 3168 4661 novum,
3198 4613 3299 4649 non
3323 4597 3451 4649 sicut
3477 4604 3742 4648 testamen-

2159 4699 2264 4744 tum
2283 4689 2419 4758 quod
2448 4697 2651 4742 testatus
2679 4704 2793 4740 sum
2817 4689 3042 4757 patribus
3068 4688 3280 4740 vestris?
3305 4686 3578 4757 quomodo
3597 4685 3738 4739 enim

2159 4788 2533 4834 testamentum
2577 4778 2735 4831 dabat
2780 4779 3016 4848 patribus
3063 4794 3285 4841 eorum,
3331 4792 3454 4832 cum
3504 4775 3741 4831 nondum

2157 4879 2317 4932 esset,
2351 4878 2408 4922 ut
2451 4869 2524 4923 illi
2556 4870 2769 4938 quidem
2814 4868 3120 4921 affirmant?
3156 4867 3262 4925 Sed
3301 4877 3486 4922 contra
3527 4866 3742 4922 Iudaeos

2156 4961 2391 5030 quidem,
2422 4959 2714 5027 eodemque
2752 4959 2938 5013 morbo
2967 4959 3269 5012 laborantes
3300 4959 3604 5024 Paulianos,
3629 4959 3742 5010 ido—

2156 5068 2312 5106 neum
2341 5061 2422 5105 est
2450 5050 2590 5119 quod
2640 5059 2939 5118 Opponatur
2971 5049 3242 5118 prOphctre
3294 5048 3452 5117 hujus
3495 5047 3740 5102 testimo.

2157 5144 2346 5197 nium:
2386 5151 2444 5195 ut
2489 5151 2666 5195 autem
2695 5142 2852 5196 etiam
2896 5141 3303 5196 Manichaeorum
3347 5155 3441 5194 ora
3485 5141 3738 5194 cohibea-

2157 5249 2294 5298 mus,
2327 5249 2390 5287 ex
2421 5232 2572 5286 Novo
2611 5231 2952 5285 Tesmmenlo
2989 5230 3314 5285 adducamus
3344 5231 3734 5294 testimonium,

2154 5322 2579 5394 quandoquidem
2612 5322 2776 5376 Vetus
2807 5322 2955 5375 nihili
2983 5322 3250 5391 pendunt:
3286 5323 3392 5376 imo
3420 5336 3555 5377 vero
3581 5321 3735 5375 etiam

2155 5415 2382 5481 Novum,
2417 5415 2500 5468 cui
2528 5414 2768 5484 quamvis
2799 5413 3054 5467 honorem
3105 5413 3300 5467 habere
3340 5412 3511 5467 videri
3554 5413 3734 5475 velint,

2156 5522 2260 5561 non
2295 5508 2553 5559 minorem
2602 5514 2776 5559 tamen
2814 5504 2936 5560 huic
2974 5521 3130 5575 quam
3181 5495 3441 5559 illi-alteri
3490 5504 3734 5572 injuriam

2156 5600 2390 5653 inferunt
2420 5617 2432 5651 :
2464 5614 2567 5652 uno
2595 5597 2807 5666 quidem
2837 5597 3014 5663 modo,
3033 5597 3172 5666 quod
3201 5596 3324 5650 dum
3356 5596 3482 5650 illud
3503 5611 3531 5648 a
3557 5591 3732 5650 Veteri

2155 5688 2504 5756 exscindunt,
2547 5687 2702 5758 hujus
2726 5702 2938 5759 quoque
2981 5687 3350 5743 auctoritatem
3398 5685 3728 5742 labefactant.
