4058 6258
227 363 346 434 αδ

233 495 380 579 καις,
429 490 485 545 λὺ
520 507 691 579 μάχη,
727 491 847 544 οὺδέ
881 493 1217 579 ἐναντίωσις.
1249 494 1321 545 Τὸ
1350 493 1460 564 γὰρ
1491 494 1722 548 παλαιὸν
1753 495 1818 546 ἐκ

233 573 330 628 τοῦ
363 573 791 640 καινοῦ-γίνεται
823 574 1050 627 παλαιόν
1073 593 1086 607 ·
1117 575 1274 629 τοῦτο
1301 577 1357 628 δὲ
1385 577 1444 630 ού
1479 578 1678 647 μάχης,
1697 575 1818 630 οὐδὲ

233 655 628 719 ἐναντιώσεως,
655 656 791 709 ἀλλά
813 656 1074 726 διαφορᾶς
1089 657 1348 729 ὀνόματος
1375 661 1564 730 μόνης.
1600 659 1740 728 Ἐγὼ
1765 659 1821 712 δὲ

233 739 851 818 τοσαύτηνὶὺπερϐολὴν
902 740 1184 812 ποιοῦμαι,
1241 743 1418 806 ὃτι,εί
1451 743 1546 795 καὶ
1589 743 1820 796 ἐναντίοι

233 817 376 902 ἦσαν
400 819 450 874 οί
481 821 637 891 νόμοι
668 821 767 892 τῆς
800 821 1041 887 Halani;
1068 823 1179 889 τοῖς
1210 827 1309 895 τῆς
1339 825 1568 896 Καινῆς,
1617 825 1822 897 σφόδρα

237 905 304 958 ἂν
337 905 780 978 διισχυρισάμην,
811 907 887 970 ὦς
921 909 1042 961 οὐδὲ
1075 908 1248 973 οὕτως
1279 910 1466 978 ἕτερον
1509 909 1824 977 ἐπεισάγειν

233 989 372 1044 Θεὸν
404 992 592 1061 ἐχρῆν.
626 991 688 1044 El
718 991 816 1062 μὲν
845 993 954 1064 γὰρ
975 995 1116 1046 κατά
1143 994 1238 1046 τὸν
1264 994 1428 1047 αὐτὸν
1469 993 1680 1064 καιρὸν,
1713 995 1820 1052 τοῖξ

237 1074 422 1137 αὐτοῖς
441 1073 772 1144 ἀνθρώποις,
800 1077 1012 1146 περὶτὰ
1041 1077 1180 1130 αὑτά
1206 1077 1593 1149 διατρίϐουσιν,
1625 1079 1683 1130 ἐν
1711 1077 1825 1136 τοῖς

235 1159 426 1220 αὐτοῖς
457 1154 577 1211 οὖσι
607 1158 950 1230 πράγμασιν,
978 1161 1256 1224 ἐναντίους
1294 1160 1558 1215 ἐπέταττε
1601 1161 1819 1230 νόμους,

237 1236 388 1311 εἶχεν
422 1241 487 1295 ἄν
518 1257 642 1295 τινα
691 1243 874 1306 αὐτοῖς
922 1243 1078 1310 λόγον
1111 1243 1240 1306 ἴσως
1282 1243 1344 1296 τὸ
1365 1243 1638 1313 σόφισμα·
1689 1245 1738 1294 εί
1764 1242 1822 1296 δέ

237 1323 450 1396 ἐτέροις
485 1324 584 1394 μὲν
615 1326 833 1390 ἐκεῖνοι,
866 1326 1074 1398 ἑτέροις
1101 1328 1158 1381 δὲ
1190 1327 1514 1399 ἐγράφησαν
1539 1322 1704 1393 οὗτοι,
1728 1327 1824 1379 καὶ

240 1406 300 1459 ἐν
340 1407 512 1478 ἐτέρῳ
553 1407 654 1477 μὲν
687 1409 919 1473 ἐκείνοις
971 1411 1170 1482 καιρῷ,
1211 1414 1268 1466 ἐν
1291 1413 1462 1482 ἑτέρῳ
1501 1411 1560 1466 δὲ
1587 1411 1822 1477 τούτοις,

238 1487 420 1574 άλλως
466 1489 696 1574 ἐκείνοις
747 1491 1128 1562 διακειμένοις,
1178 1495 1272 1548 καὶ
1322 1494 1525 1564 ἑτέρως
1569 1493 1822 1556 τούτοις,

239 1573 374 1625 ποία
401 1583 428 1613 α
458 1573 670 1644 ἀνάγκη
691 1574 778 1627 διὰ
804 1575 1026 1648 τὴντῶν
1053 1577 1230 1646 νόμων
1261 1577 1525 1648 διαφοράν
1551 1575 1824 1637 ἐναντίους

240 1658 485 1726 εἰσάγειν
500 1659 801 1728 ’νομοθέτας
822 1660 914 1712 δύο
937 1677 952 1726 ;
983 1660 1126 1736 ξΕγὼ
1143 1661 1243 1732 μὲν
1263 1662 1518 1733 οὐδεμίαν
1535 1659 1668 1733 ὁρῶ,
1691 1661 1741 1712 εί
1766 1658 1824 1712 δέ

240 1741 398 1794 αὐτοὶ
422 1739 600 1810 λέγειν
633 1741 837 1812 έχουσι,
875 1745 1186 1798 εἰπάτωσαν
1207 1763 1220 1776 ο
1249 1745 1365 1798 ἀλλ’
1394 1745 1494 1798 ούκ
1526 1745 1592 1798 ἂν
1627 1744 1822 1815 ἔχοιεν.
1849 1795 1852 1798 .

239 1824 349 1878 Καὶ
379 1827 486 1898 γὰρ
528 1827 622 1882 καὶ
653 1827 837 1899 ίατρὸς
879 1819 1098 1883 ἐναντία
1137 1830 1308 1884 πολλά
1338 1823 1482 1884 ποιεῖ
1523 1830 1783 1892 πολλάκις
1805 1845 1820 1860 ·

240 1909 362 1962 ἀλλ’
388 1911 489 1962 οὐκ
526 1911 636 1964 ἀπὸ
678 1913 928 1982 ἐναντίας
982 1914 1078 1984 τῆς
1110 1912 1354 1985 γνώμης,
1397 1903 1510 1966 ἀλλ’
1550 1913 1658 1968 άπὸ
1697 1905 1825 1984 μιᾶς

240 1994 340 2046 καὶ
369 1995 681 2064 συμφώνου.
738 1997 850 2050 Καὶ
902 1997 1009 2067 γὰρ
1043 1998 1186 2050 καίει
1223 1999 1314 2050 καὶ
1345 1997 1404 2050 οὐ
1441 1998 1605 2063 καίει,
1636 1997 1825 2068 τέμνει

243 2079 343 2131 καὶ¹
372 2079 433 2131 οὐ
471 2077 660 2150 τέμνει
693 2080 752 2132 τὸ
783 2081 914 2134 αὐτὸ
944 2081 1100 2150 σῶμα
1147 2081 1434 2144 πολλάκις·
1468 2071 1563 2134 καλ.
1599 2080 1694 2134 νῦν
1726 2080 1826 2150 μὲν

245 2165 444 2234 πικρά,
477 2164 572 2217 νῦν
594 2164 649 2216 δὲ
679 2163 885 2234 γλυκέα
907 2165 1088 2218 δίδωσι
1119 2165 1294 2218 πίνειν
1320 2165 1588 2235 φάρμακα
1607 2179 1620 2193 ·
1649 2163 1741 2217 καὶ
1759 2161 1826 2214 τά

249 2248 352 2316 μὲν
383 2248 640 2318 γινόμενα
661 2247 900 2312 ἐναντία,
937 2249 970 2316 ἡ
994 2245 1187 2320 γνώμη
1220 2247 1296 2311 δὲ,
1329 2248 1422 2316 ἀφ’
1450 2241 1518 2317 ἦς
1539 2245 1712 2299 ταῦτα
1739 2243 1826 2312 γί-

245 2347 422 2396 νεται,
455 2332 744 2403 σύμφωνος
773 2331 868 2384 καὶ
890 2331 1016 2400 μία·
1055 2331 1187 2400 πρὸς
1216 2331 1324 2402 γὰρ
1353 2331 1412 2384 ἐν
1439 2331 1592 2392 τέλος
1616 2328 1825 2398 βλέπει,

242 2415 346 2486 τὴν
359 2414 454 2467 τοῦ
475 2416 773 2485 κάμνοντος
797 2415 1026 2483 ὑγίειαν.
1057 2413 1184 2477 Πῶς
1199 2409 1292 2466 οὖν
1311 2413 1410 2466 οὐκ
1432 2412 1631 2466 ἄτοπον
1659 2407 1830 2481 ίατρῷ

247 2500 352 2570 μὲν
391 2498 467 2570 μὴ
518 2499 770 2568 ἐγκαλεῖν
815 2497 1032 2552 ἐναντία
1073 2495 1314 2549 ποιοῦντι
1361 2493 1531 2548 πολλὰ
1569 2492 1664 2546 καὶ
1700 2490 1830 2561 περὶ

249 2582 504 2653 σώματος
533 2583 650 2646 ἐνὸς
678 2582 860 2652 φύσιν,
895 2580 973 2652 τῷ
1001 2580 1120 2651 Θεῷ
1157 2581 1213 2633 δὲ
1249 2578 1458 2650 μέμψιν
1500 2577 1748 2644 ἐπάγειν,
1781 2575 1830 2627 εί

247 2667 395 2720 κατὰ
410 2665 697 2738 διαφόρους
726 2665 950 2736 καιροὺς
972 2663 1246 2734 διαφόροις
1269 2659 1575 2733 ἀνθρώποις
1599 2658 1832 2728 διάφορα

247 2751 422 2804 ἔδωκε
452 2750 522 2803 τά
543 2751 937 2821 προστάγματα
959 2765 973 2814 ;

276 2910 282 2916 _
322 2839 392 2907 γ’.
420 2840 543 2891 Ὀτι
569 2840 667 2910 μὲν
696 2836 811 2904 οὖν,
836 2839 886 2890 εἰ
912 2837 1006 2890 καὶ
1027 2836 1259 2890 ἐναντίοι
1275 2831 1414 2910 ἦσαν
1443 2833 1494 2886 οἱ
1513 2833 1690 2902 νόμοι,
1709 2830 1832 2884 ούδέ

247 2914 426 2989 οὕτως
479 2925 730 2994 ἐγκαλεῖν
778 2925 903 2988 ἔδει,
936 2925 1092 2996 δῆλον
1115 2926 1180 2976 ἐκ
1230 2922 1464 2975 τούτων’
1511 2921 1594 2973 ὅτι
1629 2917 1684 2970 δὲ
1714 2914 1834 2968 οὐδέ

247 3015 389 3066 εἰσιν
412 2999 665 3078 ἐναντίοι,
685 3011 820 3065 ἀλλὰ
838 2999 1084 3082 διάφοροι
1111 3009 1293 3080 μόνον,
1313 3007 1466 3077 φέρε,
1488 3005 1614 3066 τοὺς
1636 3003 1835 3072 νόμους

251 3103 333 3166 ἐίς
369 3101 535 3172 μέσον
582 3087 1076 3172 προχειρισώμεθα.
1143 3097 1494 3158 Ἠκούσατε,
1523 3093 1708 3163 φησιν,
1746 3089 1836 3172 ὅτι

249 3169 462 3258 ἐρῤέθη
485 3187 610 3254 τοῖς
627 3169 921 3256 άρχιιίοις,
949 3187 1030 3240 Οὐ
1056 3185 1396 3254 φονεύσεις.
1416 3175 1584 3242 Οὗτος
1609 3169 1836 3256 παλαιὸς

251 3253 292 3330 6
315 3253 516 3347 ’νόμοςο
819 3274 911 3326 τὸν
961 3253 1068 3343 τῆς
1091 3261 1338 3340 Καινῆς·
1385 3267 1532 3336 Ἐγὼ
1575 3263 1644 3318 δὲ
1681 3253 1837 3333 λέγω

255 3353 876 3433 ῦμῖν,⁹Οόργιζόμενος
898 3359 980 3425 τῷ
1019 3355 1260 3426 ἁδελφῷ
1302 3353 1488 3412 αὐτοῦ
1546 3351 1697 3420 εἰκῆ.
1743 3348 1838 3402 ἐν·

255 3452 402 3520 οχός
414 3451 582 3502 ἐστιν
603 3451 690 3515 εἰς
708 3447 821 3516 τὴν
834 3445 1088 3517 γέενναν
1111 3443 1218 3500 τοῦ
1242 3443 1450 3512 πυρός.
1479 3441 1663 3494 Ταῦτα
1686 3440 1838 3492 ἐνιιιν·⁵

257 3537 367 3594 ‘tia.
398 3535 520 3588 είπέ
561 3553 670 3604 μοι,
702 3535 769 3588 τὰ
807 3534 1238 3605 προστάγματα;
1263 3529 1370 3582 Καὶ
1396 3528 1480 3592 τίς
1512 3525 1836 3596 ἀνθρώπων,

259 3623 362 3677 κᾶν
379 3622 626 3677 ὁπωσοῦν
644 3622 880 3685 διανοίας
905 3620 1168 3691 μετέχων,
1191 3617 1346 3673 τοῦτο
1363 3617 1428 3671 ἂν
1447 3615 1591 3668 εῐποι
1615 3631 1628 3680 ;
1653 3615 1714 3667 Et
1741 3611 1841 3682 μὲν

262 3711 372 3780 γὰρ
419 3709 513 3763 τοῦ
561 3709 826 3780 προτέρου
880 3707 1233 3769 κελεύσαντος
1267 3706 1340 3776 μὴ
1392 3703 1658 3771 φονεύειν,
1689 3695 1841 3764 οὗτος

261 3801 581 3864 ἐκέλευσεν,
609 3797 740 3862 ἴσως
777 3797 842 3852 άν
879 3815 963 3856 τις
989 3794 1304 3865 ἀντινομίαν
1352 3793 1551 3864 ἐφησεν
1599 3787 1740 3843 εἶναι
1781 3788 1842 3841 τὸ

263 3883 418 3958 [272]
435 3883 723 3954 λεγόμενον
740 3897 753 3910 ⁸
777 3883 824 3934 εἰ
852 3880 907 3934 δὲ
927 3880 1133 3933 ἐκείνου
1152 3877 1462 3940 κελεύοντος
1482 3875 1554 3946 μὴ
1579 3873 1842 3943 φονεύειν,

259 3968 420 4034 οὗτος
449 3969 700 4024 ἐκέλευσε
735 3969 869 4041 μηδέ
901 3966 1236 4040 ὀργίζεσθαι,
1269 3964 1538 4026 ἐπίτασις,
1566 3963 1666 4014 οὐκ
1695 3963 1845 4014 ἐναν-

262 4060 458 4122 τίωσις
489 4059 517 4110 6
543 4058 806 4130 πρότερος
839 4055 931 4110 τοῦ
954 4055 1206 4126 δευτέρου
1231 4053 1260 4094 ι)
1286 4052 1444 4122 νόμος
1478 4049 1624 4103 ἐστίν
1644 4067 1657 4080 ·
1689 4051 1718 4101 6
1749 4048 1845 4130 μέν

265 4149 380 4217 γὰρ
403 4146 495 4198 τὸν
520 4129 732 4216 καρπὸν
759 4144 858 4216 τῆς
887 4142 1086 4206 κακίας
1119 4141 1340 4210 ἐξέτεμε
1364 4178 1378 4198 ,
1431 4139 1521 4191 τὸν
1550 4138 1726 4206 φόνον,
1756 4129 1846 4188 οὗ-

265 4251 362 4297 τος
385 4234 442 4287 δὲ
494 4233 587 4286 καὶ
632 4232 730 4301 τὴν
761 4231 913 4302 ῥίζαν
939 4228 1232 4292 ἀνέσπασε,
1270 4228 1366 4300 τὴν
1399 4228 1566 4298 ὀργήν
1593 4241 1606 4254 ·
1643 4226 1848 4302 ἐκεῖνος

269 4322 334 4375 τὸ
367 4319 547 4390 ῥεῦμα
579 4321 678 4390 τῆς
703 4301 966 4389 πονηρίας
991 4317 1268 4386 ἐξέκοψεν,
1298 4309 1452 4378 οὗτος
1482 4313 1576 4366 καὶ
1617 4312 1714 4382 τὴν
1737 4301 1848 4380 ’πη-

274 4408 380 4479 τὴν
415 4407 584 4478 αὐτὴν
629 4405 877 4476 ἐξήρανε.
925 4404 1084 4475 Πηγὴ
1122 4403 1232 4474 γάρ
1273 4403 1364 4456 καί
1407 4400 1529 4472 ῥίζα
1557 4399 1652 4452 τοῦ
1689 4398 1848 4468 φόνου

276 4495 448 4565 θυμὸς
477 4495 571 4548 καὶ
608 4494 766 4564 ὀργή.
811 4492 1044 4555 Ἐκεῖνος
1098 4489 1256 4543 τοῦτο
1285 4499 1307 4528 α
1336 4484 1852 4560 προπαρεσκεύασεν

274 4583 302 4636 6
331 4582 495 4652 νόμος
521 4581 620 4651 τὴν
650 4581 812 4650 φύσιν
841 4577 940 4649 τὴν
969 4577 1263 4649 ἡμετέραν,
1286 4569 1443 4639 οὗτος
1469 4573 1638 4627 ἐλθὼν
1665 4573 1725 4626 τὸ
1746 4572 1854 4624 λεῖα

277 4687 378 4724 πον
406 4670 713 4740 ἐπλήρωσε.
750 4668 886 4721 Ποία
921 4665 1248 4735 ἐναντιότης,
1273 4665 1400 4717 ὅταν
1425 4665 1453 4715 6
1485 4663 1584 4733 μὲν
1615 4662 1676 4714 τὸ
1705 4662 1855 4722 τέλος

275 4757 387 4810 τῶν
415 4756 622 4823 κακῶν,
664 4757 692 4809 6
716 4756 773 4808 δὲ
806 4755 899 4808 καὶ
939 4753 1038 4824 τὴν
1071 4753 1247 4824 ἀρχὴν
1298 4750 1572 4820 ἐκκόπτῃς
1619 4749 1857 4810 Ἐκεῖνος

275 4846 376 4918 τὴν
409 4847 568 4916 χεῖρα
614 4842 862 4916 καθαράν
887 4841 1142 4911 ἐποίησεν
1175 4828 1425 4910 αἵματος,
1447 4831 1600 4900 οὗτος
1635 4836 1728 4890 καὶ
1757 4836 1857 4906 τὴν

277 4934 517 4988 διάνοιαν
538 4931 710 5001 αὐτὴν
736 4929 1012 5002 ἀπήλλαξε
1035 4928 1144 4982 τῶν
1169 4927 1424 4998 πονηρῶν
1451 4925 1855 4996 βουλευμάτων.

278 5021 467 5075 Ταῦτα
493 5021 550 5074 δέ
581 5017 1014 5091 συμφωνούντων
1042 5016 1292 5086 ἀλλήλοις
1315 5015 1514 5086 νόμων,
1541 5013 1664 5084 οὐχὶ
1691 5029 1860 5084 μαχο-

281 5110 463 5180 μένων
489 5107 637 5162 ἐστίν
661 5125 673 5136 ·
699 5108 835 5178 ὅπερ
861 5105 974 5160 άνω
1001 5091 1096 5157 καὶ
1127 5103 1276 5157 κάτω
1309 5101 1666 5166 σπουδάζουσι
1695 5115 1864 5152 κατα·

279 5197 572 5260 σκευάζειν
606 5197 656 5249 οί
681 5196 778 5266 τῆς
817 5192 1075 5264 ἀληθείας
1126 5191 1332 5263 ἐχθροὶ,
1395 5189 1468 5266 μὴ
1505 5187 1858 5259 συνορῶντες,

277 5279 364 5340 ὅτι
398 5288 462 5338 ἐκ
494 5283 682 5338 τούτου
713 5265 924 5355 μεγάλῃ
961 5271 1230 5353 ῥᾳθυμίας
1264 5278 1357 5331 καὶ
1389 5265 1690 5347 ὗπεροῲίας
1717 5273 1864 5344 αἰτίᾳ

279 5366 374 5428 τὸν
401 5375 498 5444 τῆς
535 5373 745 5442 Καινῆς
767 5371 897 5425 Θεὸν
920 5359 1312 5423 ὗποϐάλλουσιν
1331 5381 1344 5395 ⁸
1372 5355 1726 5436 εὑρεθήσεται
1758 5361 1868 5432 γὰρ

283 5463 352 5532 (ή
400 5461 458 5514 δὲ
493 5459 813 5531 βλασφημία
858 5460 938 5522 είς
966 5457 1066 5528 τὴν
1099 5456 1205 5510 τῶν
1231 5453 1412 5507 ταῦτα
1451 5450 1869 5520 ἀναγκαζόντων

351 5633 503 5684 ‘Mss
555 5633 670 5681 ποία
708 5631 906 5692 ἀνάγκη.
955 5629 1058 5678 Vox
1099 5629 1214 5677 ποία
1263 5632 1418 5692 totum
1455 5629 1610 5692 muLgt
1647 5635 1866 5692 gensum.

285 5695 498 5748 Prntan
524 5706 688 5744 autem
713 5685 960 5743 Ediiornnm
982 5692 1198 5746 lectioni,
1225 5693 1272 5738 in
1295 5687 1472 5751 quibus
1495 5685 1608 5733 ποία
1629 5685 1786 5733 deest:

350 5757 377 5796 h
415 5759 564 5804 Saail.
589 5757 717 5812 conj.
741 5757 768 5802 6
793 5755 1005 5816 δεύτερος
1026 5751 1110 5800 τοῦ
1133 5751 1377 5814 προτέρου.

350 5821 376 5851 ⁸
409 5818 538 5866 l"0rl.
563 5818 736 5875 τούτῳ.

619 5901 890 5962 ΡΔτειοι.
937 5893 1053 5952 Gn.
1102 5891 1194 5953 LI.

855 375 944 446 DE
983 391 1230 449 VERBIS
1265 387 1630 455 APOSTOLI,
1671 368 2038 441 uA'BEN'rEs
2078 381 2366 438 EUMDEM
2409 366 2757 438 svum-rm.
2803 379 2864 432 ιι.

3393 378 3497 432 2M

1927 495 2072 564 ἡμᾶς
2102 495 2279 562 λέγειν
2310 495 2676 567 περιτραπείη
2711 493 2980 563 κεφαλὴν)
3009 495 3250 563 ἀκαίρως
3283 491 3350 543 τά
3379 494 3497 542 καθ’
3569 555 3579 564 .

1925 585 2071 654 ἡμᾶς
2099 585 2490 654 οἰκονομήσας·
2528 585 2588 636 τὸ
2611 583 2666 636 δὲ
2707 583 2842 646 πῶς,
2872 581 2983 650 ἐγὼ
3027 581 3190 650 λέγω.
3231 577 3503 632 Γαλακτοο

1923 673 2123 743 τροφία
2155 673 2538 742 προσέοικενὴ
2573 671 2673 742 τῆς
2703 672 2947 734 Halani;
2991 666 3266 737 Διαθήκης
3307 665 3508 728 παιδασ,

1925 764 2124 832 γωγία,
2158 764 2356 834 στερεᾷ
2385 764 2441 816 δὲ
2474 765 2648 834 τροφῇ
2695 763 2794 832 τῆς
2818 761 3026 832 Καινῆς
3051 758 3325 829 Διαθήκης
3351 757 3384 826 ἡ
3417 772 3504 822 φι-

1925 853 2150 922 λοσοφία
2168 871 2180 883 ·
2217 853 2390 914 οὐδεὶς
2413 853 2470 906 δέ
2500 853 2628 922 πρὶν
2651 852 2682 922 ἢ
2709 851 2904 924 θρέψαι
2951 849 3204 919 γάλακτι,
3233 847 3368 914 πρὸς
3405 846 3504 915 τὴν

1927 945 2154 1014 στερεὰν
2183 945 2306 1012 άγει
2335 945 2562 1014 τροφήν;
2597 943 2773 1013 Ὅπερ
2806 941 2960 995 ἔσται
3009 936 3324 1008 πεποιηκὼς
3353 937 3380 988 6
3407 935 3506 1003 τῆς

1929 1029 2135 1098 Καινῆς
2167 1028 2299 1092 Θεὸς
2322 1029 2496 1100 άνπερ
2525 1029 2600 1099 μὴ
2631 1024 2846 1102 αὑτὸςῇ
2877 1030 2904 1081 6
2942 1028 3040 1098 τὴν
3081 1025 3319 1080 Παλαιὰν
3346 1023 3505 1076 δεδω-

1928 1117 2037 1181 κώς
2059 1135 2072 1150 ο
2103 1119 2209 1190 πρὸ
2236 1120 2346 1190 γάρ
2378 1119 2472 1172 τοῦ
2527 1120 2722 1189 θρέψαι
2752 1120 2984 1188 γάλακτι
3019 1119 3114 1172 καὶ
3160 1119 3226 1187 τῇ
3287 1115 3372 1169 διὰ
3409 1113 3504 1166 τοῦ

1927 1210 2093 1280 νόμου
2120 1211 2488 1281 παιδαγωγίᾳ,
2518 1211 2610 1262 ἐπὶ
2642 1211 2738 1281 τὴν
2771 1210 2998 1282 στερεὰν
3020 1211 3168 1280 ἡμᾶς
3191 1209 3365 1277 ἤγαγε
3383 1221 3508 1276 τΡ⁰⁶

1929 1303 2056 1372 φήν.
2096 1301 2172 1355 υύ
2214 1301 2390 1373 τούτῳ
2437 1303 2494 1356 δὲ
2537 1303 2698 1372 μόνον
2725 1345 2740 1370 ,
2791 1303 2926 1356 ἀλλὰ
2955 1302 3050 1356 καὶ
3079 1301 3252 1370 ἐτέρῳ
3302 1295 3507 1368 μείζονι

1926 1393 2118 1448 τούτου
2172 1393 2332 1448 πάλιν
2378 1394 2540 1448 αὐτὸν
2570 1394 2961 1448 ὑποϐάλλουσιν
3011 1392 3335 1462 ἐγκλήματι,
3370 1388 3424 1441 εῐ
3444 1404 3508 1456 γε

1932 1481 2072 1552 μετά
2107 1481 2521 1552 πεντακισχίλια
2573 1483 2667 1535 καλ⁵
2699 1483 2918 1536 πλείονα
2945 1481 3039 1550 ἐτη
3067 1480 3162 1533 τοῦ
3193 1481 3382 1549 γένους
3405 1474 3509 1550 ἧκε

1929 1575 2246 1644 προνοήσων
2270 1572 2364 1626 τοῦ
2391 1575 2680 1644 ἡμετέρου.
2733 1575 2796 1626 Et
2826 1573 2933 1642 γὰρ
2963 1573 3040 1643 μὴ
3062 1570 3222 1634 αὐτὸς
3259 1566 3348 1640 ἦν,
3375 1573 3403 1622 6
3423 1568 3512 1623 διὰ

1929 1665 2037 1718 τῶν
2067 1665 2362 1736 προφητῶν
2393 1665 2618 1719 καὶτῶν
2646 1663 2996 1736 πατριαρχῶν
3021 1663 3114 1716 καὶ
3149 1663 3257 1714 τῶν
3287 1660 3510 1714 δικαίων

1929 1755 2232 1829 ἀνθρώπων
2259 1757 2326 1810 τά
2349 1756 2468 1809 καθ’
2491 1757 2640 1826 ἡμᾶς
2661 1754 2874 1808 ἅπαντα
2900 1752 3218 1823 οἰκονομῶν,
3249 1751 3364 1804 ἀλλ’
3392 1750 3510 1802 ἐτε-

1933 1848 2026 1917 ρός
2056 1865 2140 1911 τις
2167 1848 2316 1920 παρὰ
2363 1847 2550 1902 τοῦτον
2581 1847 2678 1916 ὀψέ
2713 1863 2843 1900 ποτε
2890 1845 2986 1899 καὶ
3015 1844 3253 1917 βραδέως
3281 1841 3510 1914 εὑρεθῆὲ

1933 1955 2083 1991 σεται
2111 1941 2212 2009 τῆς
2245 1939 2520 2010 ἡμετέρας
2571 1936 2974 2008 ἐπειλημμένος
3013 1936 3289 2008 προνοίας,
3323 1931 3512 2004 ὥσπερ

1933 2029 1996 2082 ἐκ
2027 2047 2171 2094 τινος
2205 2029 2490 2100 μετανοίας
2518 2028 2825 2098 ἀνενεγκών
2850 2043 2864 2058 ·
2892 2029 3030 2098 ὅπερ
3063 2027 3122 2079 οὐ
3155 2023 3292 2078 Θεοῦ
3331 2025 3510 2095 μόνον,

1933 2121 2068 2175 ἀλλά
2097 2122 2192 2174 καὶ
2220 2121 2508 2192 ἀνθρώπου
2528 2121 2622 2174 τοῦ
2651 2120 2907 2190 τυχόντος
2929 2115 3144 2182 ἀνάξιον
3171 2116 3240 2170 ἂν
3261 2115 3369 2185 εἴη,
3397 2130 3514 2166 τοσ-

1932 2211 2121 2274 ούτους
2139 2211 2366 2281 ἀφέντος
2379 2211 2676 2265 ἀπολέσθαι
2700 2212 2758 2264 ἐν
2786 2209 3024 2279 τοσούτῳ
3045 2206 3240 2278 χρόνῳ,
3259 2204 3358 2274 ὀψέ
3381 2219 3514 2255 ποτε

1935 2306 1991 2356 ἐν
2019 2304 2230 2374 ἐσχάτῳ
2277 2303 2386 2356 τῶν
2415 2299 2622 2372 καιρῶν
2655 2300 2756 2370 τῆς
2785 2298 2892 2352 τῶν
2933 2297 3130 2366 ὀλίγων
3158 2291 3513 2348 ἐπιλαϐέσθαι

1938 2397 2216 2466 προνοίας.

2007 2489 2072 2542 δ’.
2123 2489 2281 2559 Ὁρᾷ,
2305 2489 2457 2552 ὃσαις
2477 2487 2567 2541 τὸν
2589 2485 2721 2540 Θεὸν
2751 2481 3112 2538 ὑποϐάλλουσι
3141 2473 3512 2550 βλασφημίαις

1936 2579 2153 2641 ἐκεῖνοι,
2181 2579 2368 2646 ἕτερον
2401 2577 2498 2648 μὲν
2537 2577 2638 2646 τῆς
2675 2576 2886 2644 Καινῆς
2910 2612 2924 2638 ,
2971 2571 3157 2642 ἕτερον
3195 2571 3252 2622 δὲ
3278 2568 3378 2637 τῆς
3407 2567 3516 2619 Παλ

1937 2668 2092 2731 λαιᾶς
2131 2667 2379 2736 λέγοντες
2408 2663 2544 2720 εἶναι
2575 2665 2902 2736 νομοθέτηνς
2939 2663 3118 2732 Ἀπερ
3151 2661 3366 2714 ἅπαντα
3390 2657 3512 2709 λύε-

1939 2777 2046 2824 ται,
2073 2758 2139 2813 ἃν
2171 2759 2266 2811 ἕνα
2296 2758 2563 2830 ἑκατέρας
2592 2758 2688 2828 τῆς
2705 2755 2978 2824 Διαθήκης
2999 2751 3179 2821 δῶμεν
3203 2746 3343 2803 εἶναι
3363 2747 3514 2800 Θεόν.

1940 2850 2307 2921 Εὐρεθήσεται
2339 2849 2447 2920 γὰρ
2477 2849 2617 2902 κατὰ
2675 2847 2831 2913 λόγον
2856 2845 2923 2898 τά
2957 2844 3078 2897 καθ’
3123 2843 3271 2913 ἡμᾶς
3315 2842 3518 2892 οἰκονο-

1944 2942 2081 3012 μῶν,
2114 2941 2236 2994 τότε
2262 2939 2364 3009 μὲν
2389 2939 2478 2992 διὰ
2505 2938 2596 2990 τοῦ
2623 2938 2806 3007 νόμου,
2837 2936 2930 2988 νῦν
2959 2935 3013 2987 δὲ
3033 2933 3122 2986 διὰ
3147 2931 3248 3002 τῆς
3277 2930 3515 3000 χάριτος,

1942 3030 2038 3084 καὶ
2057 3030 2118 3082 οὐ
2159 3028 2508 3100 προσφάτως,
2534 3027 2654 3079 ούδέ
2682 3025 2898 3088 νεωστὶ,
2939 3023 3052 3076 ἀλλ’
3085 3020 3292 3076 ἀνωθεν
3329 3019 3424 3072 καὶ
3456 3019 3518 3069 ἐκ

1942 3119 2166 3191 πρώτης
2181 3120 2286 3189 ήμέ
2295 3136 2393 3191 ρας
2407 3120 2507 3190 τῆς
2532 3115 2802 3188 ἡμετέρας
2826 3111 3224 3184 ἐπειλημμένος
3239 3108 3516 3180 προνοίαςι

1945 3213 2063 3266 Ἵνα
2093 3211 2150 3265 δὲ
2181 3209 2444 3280 μειζόνως
2483 3207 2663 3262 αὐτῶν
2692 3207 2760 3260 τά
2817 3206 3058 3275 στόματα
3087 3200 3519 3271 ἀπορῥάψωμεν,

1944 3304 2096 3375 φέρε,
2131 3303 2227 3357 καὶ
2254 3302 2422 3364 αύτάς
2451 3300 2550 3364 τὰς
2585 3299 2770 3371 ῥήσεις
2801 3296 3234 3368 παραγάγωμεν,
3263 3292 3356 3344 καὶ
3385 3305 3520 3360 προε-

1945 3397 2144 3467 φήτας,
2169 3395 2264 3446 καί⁵
2288 3392 2618 3453 ἀποστόλους
2649 3389 2906 3458 βοῶντας,
2939 3389 3021 3440 ὅτι
3053 3386 3262 3454 Καινῆς
3294 3383 3386 3436 καὶ
3407 3383 3520 3434 Ila:

1944 3487 2102 3548 λαιᾶς
2125 3481 2203 3548 εἷς
2227 3486 2374 3537 ἐστιν
2395 3485 2422 3536 ὀ
2450 3481 2767 3553 νομοθέτης.
2795 3478 3014 3548 Παρίτω
3043 3477 3220 3529 τοίνυν
3247 3477 3326 3536 είς
3361 3473 3524 3542 μέσον

1945 3581 1974 3632 ὁ
2009 3582 2071 3632 ἐκ
2098 3577 2306 3639 κοιλίας
2333 3574 2615 3644 άγιασθεὶς
2641 3573 2930 3642 Ἱερεμίας,
2961 3569 3056 3624 καὶ
3079 3569 3212 3622 αὐτὸ
3239 3565 3396 3619 τοῦτο
3417 3564 3526 3617 δει-

1947 3668 2125 3722 κνύτω
2153 3668 2338 3737 σαφῶς
2363 3667 2458 3720 ἕνα
2489 3666 2582 3718 καὶ
2612 3665 2702 3716 τὸν
2730 3663 2890 3717 αὐτὸν
2919 3659 3070 3733 [275]
3103 3659 3367 3730 ἑκατέρας
3393 3655 3524 3710 ὅντα

1947 3761 2046 3830 τῆς
2074 3759 2344 3829 Διαθήκης
2365 3757 2514 3811 Θεόν.
2550 3757 2614 3809 Τί
2637 3751 2728 3809 οὖν
2759 3751 2909 3816 οὗτός
2939 3769 3124 3823 φησιν,
3147 3752 3210 3804 ἐκ
3231 3746 3526 3820 προσώπου

1948 3850 2041 3904 τοῦ
2075 3849 2366 3918 νομοθέτου
2403 3845 2724 3918 κηρύττων;
2754 3843 3121 3912 Διαθήσομαι
3152 3839 3294 3910 ὑμῖν
3323 3835 3529 3902 διαθήά

1951 3959 2068 4010 κην
2087 3941 2323 4010 καινὴν,
2359 3942 2431 3994 οὐ
2460 3939 2610 3992 κατὰ
2647 3937 2760 4006 τὴν
2782 3935 3096 4001 διαθήκην,
3130 3930 3212 3998 ῆν
3249 3929 3532 3996 διεθέμην

1951 4035 2077 4100 τοῖς
2116 4032 2416 4102 πατράσιν
2457 4030 2643 4101 ὑμῶνι
2694 4031 2856 4083 Ὥστε
2903 4030 2931 4080 6
2977 4025 3075 4096 τὴν
3108 4021 3316 4093 Καινὴν
3349 4021 3531 4081 αὐτοῖς

1951 4129 2288 4198 διαθέμενος,
2313 4127 2475 4189 αὐτός
2497 4129 2643 4178 ἐστιν
2670 4125 2698 4177 6
2723 4123 2813 4176 καὶ
2842 4123 2942 4192 τὴν
2967 4118 3210 4174 Παλαιὰν
3233 4117 3356 4179 δοὺς
3375 4112 3527 4175 Θεός.

1967 4217 2228 4274 Ἐνταῦθα
2258 4219 2352 4272 καὶ
2383 4219 2510 4280 τοὺς
2543 4215 2649 4269 ἀπὸ
2675 4213 2886 4268 Παύλου
2901 4211 2994 4266 τοῦ
3019 4208 3377 4282 Σαμοσατέως
3407 4207 3536 4258 ἐπε-

1958 4310 2211 4381 στόμισεν
2258 4307 2457 4371 ίκανῶς
2482 4347 2496 4372 ,
2530 4305 2576 4358 οἳ
2605 4305 2702 4376 τὴν
2737 4302 3062 4376 προαιώνιον
3109 4297 3342 4368 ὓπαρξιν
3385 4295 3536 4348 ἀναι-

1961 4400 2112 4472 ροῦσι
2139 4398 2232 4452 τοῦ
2264 4396 2622 4466 Μονογενοῦς.
2643 4399 2705 4448 El
2725 4396 2834 4466 γάρ
2865 4394 2970 4465 πρὸ
2991 4391 3086 4446 τοῦ
3111 4391 3271 4444 τόκου
3295 4388 3398 4457 τῆς
3423 4387 3536 4440 Μα-

1961 4493 2081 4566 ρίας
2110 4494 2211 4546 οὐκ
2231 4487 2320 4562 ἦν,
2361 4491 2482 4543 οὺδέ
2507 4489 2718 4560 ὑπῆρχε
2757 4487 2886 4557 πρὶν
2919 4486 2952 4556 ἢ
2987 4486 3216 4554 φανῆναι
3245 4483 3304 4534 ἐν
3349 4479 3536 4549 σαρκὶ,

1961 4584 2078 4648 πῶς
2111 4581 2416 4654 ἐνομοθέτει
2447 4581 2474 4634 6
2514 4579 2588 4650 μὴ
2641 4578 2752 4642 ὥν;
2789 4577 2905 4638 πῶς
2936 4577 2992 4628 δὲ
3023 4575 3177 4642 ἐλεγε
3197 4613 3212 4638 ,
3253 4569 3540 4636 Διᾱθήσό-

1955 4693 2064 4747 μαι
2079 4677 2222 4746 ὑμῖν
2241 4673 2539 4741 διαθήκην
2559 4671 2798 4739 καινὴν,
2826 4673 2896 4724 οὐ
2919 4668 3070 4722 κατὰ
3095 4668 3208 4734 τὴν
3222 4664 3538 4734 διαθήκην,

1964 4769 2045 4838 ἣν
2089 4767 2368 4836 διεθέμην
2421 4764 2540 4830 τοῖς
2589 4761 2891 4831 πατράσιν
2916 4759 3116 4829 ὑμῶν;
3170 4757 3286 4820 πῶς
3337 4756 3542 4808 διέθετο

1964 4865 2077 4925 τοῖς
2107 4859 2376 4930 πατράσιν
2411 4855 2590 4908 αὐτῶν
2622 4854 2696 4925 μὴ
2731 4853 2992 4923 ὑπάρχων
3017 4891 3031 4915 ,
3087 4849 3220 4920 μηδέ
3251 4848 3348 4914 ὢν,
3404 4845 3544 4899 κατά

1964 4955 2056 5007 τὸν
2089 4951 2312 5006 ἐκείνων
2350 4949 2540 5016 λόγον;
2578 4944 2744 4998 Ἀλλά
2792 4944 2928 5016 πρὸς
2979 4943 3264 5002 Ἰουδαίους
3309 4940 3406 5010 μὲν
3452 4939 3544 4991 καὶ

1965 5047 2092 5109 τοὺς
2113 5045 2180 5098 τά
2212 5041 2478 5096 Ἰουδαίων
2500 5037 2788 5099 νοσοῦντας
2811 5034 3146 5098 Παυλιανοὺς
3171 5031 3330 5103 ίκανὴ
3353 5031 3544 5102 στῆναι

1969 5143 2002 5210 ὴ
2038 5137 2130 5192 τοῦ
2165 5136 2444 5208 προφήτου
2482 5131 2786 5203 μαρτυρία·
2849 5129 2936 5182 Eva
2967 5127 3025 5180 δὲ
3067 5128 3164 5181 καὶ
3211 5125 3547 5195 Μανιχαίους

1970 5232 2434 5303 ἐπιστομίσωμεν,
2467 5228 2574 5282 άπὸ
2589 5226 2687 5297 τῆς
2717 5224 2928 5293 Καινῆς
2942 5224 3039 5293 τὴν
3073 5219 3378 5292 μαρτυρίαν
3409 5232 3550 5286 παρ-

1972 5326 2293 5394 αγάγωμεν,
2365 5320 2553 5389 ἐπειδὴ
2601 5320 2702 5390 τῆς
2747 5316 2993 5379 Παλαιᾶς
3021 5313 3196 5376 οὐδεὶς
3219 5312 3399 5371 αὐτοῖς
3434 5311 3550 5360 ἐστι

1973 5419 2148 5485 λόγος,
2175 5415 2372 5486 μᾶλλον
2408 5412 2466 5464 δὲ
2498 5411 2620 5465 οὐδὲ
2639 5411 2736 5480 τῆς
2765 5407 2976 5478 Καινῆς
2997 5421 3009 5433 ·
3043 5404 3179 5457 ἀλλὰ
3213 5401 3306 5454 καὶ
3324 5397 3549 5468 ταύτην,

1980 5510 2040 5581 ἢν
2067 5507 2283 5560 δοκοῦσι
2321 5503 2508 5572 τιμᾷν,
2540 5501 2638 5570 οὐχ
2659 5495 2820 5572 ἦττον
2856 5495 3064 5563 ἐκείνης
3097 5487 3513 5558 καθυϐρίζουσιν
3537 5501 3550 5516 ·

1977 5604 2058 5655 ἐνὶ
2090 5601 2188 5671 μὲν
2209 5599 2416 5669 τρόπῳ,
2441 5596 2517 5666 τῷ
2539 5596 2638 5665 τῆς
2663 5593 2909 5654 Halani;
2938 5589 3187 5659 ἐκκόψαι,
3217 5587 3312 5640 καὶ
3332 5586 3392 5639 τὸ
3413 5583 3558 5650 ἀξιό-

1981 5711 2168 5747 πιστον
2193 5691 2360 5761 αὐτῆς
2383 5689 2446 5740 λυ
2455 5684 2746 5756 μήνασθαι.
2775 5685 2849 5737 Οὐ
2878 5683 2986 5754 γάρ
3010 5679 3182 5753 μικρά
3202 5678 3309 5732 τῶν
3341 5678 3398 5729 ἐν
3419 5677 3556 5744 αύτῇ

1835 5791 1880 5820 “
1984 5787 2248 5860 κειμένων
2282 5789 2381 5860 τῆς
2417 5785 2676 5857 ἀληθείας
2709 5777 3000 5845 ἀπόδειξις,
3036 5775 3146 5829 τῶν
3169 5776 3226 5827 ἐν
3253 5775 3318 5844 τῇ
3347 5769 3560 5838 Halani}

3119 5881 3193 5944 18
