4058 6258
570 371 680 428 εδδ

572 481 916 552 προφητειῶν
939 483 970 554 ὴ
998 487 1449 560 προαναφώνησις
1477 484 1564 562 ῆν,
1589 491 1683 557 οὓς
1703 492 2144 568 ἀποστραφέντας

570 566 715 626 οὗτοι
748 574 848 626 οὐκ
896 575 1238 630 αἰσθάνονται
1288 580 1397 632 τῶν
1428 585 1721 654 προφητῶν
1775 566 1974 656 μᾶλλον
2017 589 2146 652 τοὺς

568 665 897 730 ἀποστόλους
923 667 1306 738 ἀτιμάσαντες.
1349 672 1460 726 Ἑνὶ
1501 674 1600 746 μὲν
1634 672 1727 730 οὖν
1748 678 1935 750 τρόπῳ
1971 681 2146 752 τούτῳ

569 754 668 824 τὴν
700 756 908 828 Καινὴν
938 757 1377 829 καθυϐρίζουσιν,
1409 763 1582 836 ἑτέρῳ
1605 765 1662 818 δὲ
1694 767 1854 822 πάλιν
1883 769 2140 842 δευτέρῳ,

567 845 648 914 τῷ
671 845 740 898 τὰ
779 846 997 900 πλείονα
1050 849 1220 922 αὐτῆς
1262 853 1513 922 ἐκκόψαι.
1544 855 1692 925 Πλὴν
1719 858 1854 911 ἀλλά
1887 859 1981 913 καὶ
2007 861 2144 932 αὐτὴ

552 937 674 990 -τῶν
707 939 764 991 ἐν
792 941 857 1008 τῇ
886 941 1022 1011 αὐτῇ
1070 942 1338 1010 κειμένων
1372 946 1405 1015 ἡ
1435 945 1666 1016 δύναμις
1705 949 1946 1021 τοσαύτη
1980 963 2031 1019 ι,
2070 952 2146 1017 ὡς

552 1028 661 1080 η-καὶ
686 1028 779 1082 ἀπ’
811 1029 991 1082 αὐτῶν
1009 1031 1116 1084 τῶν
1141 1032 1409 1102 λειψάνων
1437 1037 1756 1108 εὐφώρατον
1781 1041 1963 1095 αὐτῶν
1993 1045 2147 1112 γενέ-

569 1117 692 1172 σθαι
714 1122 976 1191 ποιεῖτὴν
1001 1125 1333 1193 κακουργίαν
1352 1143 1367 1158 ο
1401 1125 1470 1181 τὰ
1497 1129 1606 1200 γὰρ
1635 1130 1985 1186 ἀποκοπέντα
2008 1133 2145 1204 μέλη

568 1209 762 1279 κράζει
782 1211 873 1263 καὶ
900 1212 1018 1283 βοᾷ,
1056 1213 1154 1285 τὴν
1178 1215 1312 1286 πρὸς
1350 1218 1421 1273 τὰ
1447 1220 1621 1275 οἰκεῖα
1647 1221 1788 1295 μέλη
1827 1224 2146 1297 συμφωνίαν

567 1301 944 1372 ἐπιζητοῦντα.

636 1465 702 1513 ε’.
736 1459 859 1522 Πῶς
888 1454 979 1514 οὖν
1000 1461 1375 1531 ἀποδείξομεν,
1405 1464 1485 1518 ὅτι
1523 1466 1732 1538 Καινῆς
1762 1469 1854 1522 καὶ
1898 1470 2141 1536 Παλαιᾶς

565 1545 646 1612 εἷς
666 1551 813 1602 ἐστιν
833 1553 860 1603 6
878 1550 1174 1622 νομοθέτης
1193 1569 1206 1617 ;
1251 1555 1382 1608 Ἀπὸ
1411 1557 1614 1611 τούτων
1631 1559 1658 1599 1³
1678 1559 1782 1612 τῶν
1809 1563 1938 1633 παρ’
1958 1565 2141 1629 αὐτοῖς

565 1639 1036 1709 ὑπολελειμμένων
1076 1643 1336 1712 ῥημάτων
1374 1645 1481 1700 τῶν
1509 1648 1898 1714 ἀποστολικῶν,
1924 1652 1960 1706 ἀ
1995 1652 2142 1707 δοκεῖ

551 1728 666 1798 ,μὲν
695 1729 838 1799 ἔχειν
861 1731 954 1784 τοῦ
984 1731 1148 1802 νόμου
1178 1737 1532 1807 κατηγορίαν,
1572 1740 1852 1811 συνίστησι
1890 1743 1947 1795 δὲ
1977 1744 2139 1799 αὐτὸν

549 1818 818 1888 μάλιστα,
841 1822 936 1874 καὶ
965 1822 1198 1877 δεικνύει
1233 1824 1375 1878 θεῖον
1399 1827 1528 1883 ὄντα
1553 1832 1799 1901 χρησμὸν
1816 1834 1910 1886 καὶ
1935 1834 2140 1890 ἀνωθεν

559 1909 784 1978 ἥκοντα.
814 1911 925 1964 Καὶ
952 1912 1110 1966 τοῦτο
1135 1914 1193 1967 δὲ
1218 1917 1318 1987 τῆς
1337 1917 1431 1974 τοῦ
1472 1920 1789 1991 Πνεύματος
1812 1925 2026 1992 ἐγένετο
2047 1943 2137 1980 σοι

470 1999 476 2006 ’
563 1999 712 2067 φίας,
745 2001 885 2056 ὥστε
906 2006 972 2074 τῇ
1010 2007 1281 2078 προχείρῳ
1303 2010 1459 2080 ῥήσει
1487 2011 1872 2080 δελεασθέντας
1898 2017 2024 2081 τοὺς
2044 2019 2136 2072 τοῦ

561 2093 724 2164 νόμου
760 2096 1198 2166 κατηγοροῦντας
1227 2099 1456 2166 ἄκοντας
1487 2103 1583 2156 καὶ
1617 2105 1947 2172 ἀγνοοῦντας
1989 2109 2139 2174 δέξα-

561 2183 684 2236 σθαι
721 2184 820 2255 τὴν
860 2187 999 2258 ὑπὲρ
1039 2189 1203 2242 αὐτοῦ
1236 2195 1630 2266 γεγραμμένην
1662 2197 1988 2267 ἀπολογίαν·
2027 2202 2133 2266 ἵνα,

559 2269 627 2322 ἂν
666 2271 764 2339 μὲν
793 2272 1059 2344 θελήσωσι
1084 2277 1220 2347 πρὸς
1253 2279 1349 2349 τὴν
1379 2280 1639 2353 ἀλήθειαν
1667 2286 1814 2352 ἰδεῖν,
1844 2288 2009 2359 ἔχωσι
2038 2291 2136 2362 τὴν

559 2360 716 2429 ῥῆσιν
747 2362 843 2433 τὴν
873 2368 1318 2435 χειραγωγοῦσαν
1347 2371 1547 2437 αύτούς
1568 2395 1579 2405 ·
1627 2375 1693 2428 ἂν
1746 2377 1802 2431 δέ
1837 2381 2134 2450 ἐπιμένωσι

557 2451 624 2519 τῇ
655 2452 895 2523 ἀπιστίᾳ,
923 2455 1192 2525 μηδεμιᾶς
1219 2460 1547 2534 συγγνώμης
1573 2464 1755 2520 λοιπὸν
1784 2467 2007 2539 τύχωσι,
2042 2474 2136 2526 καὶ

558 2539 761 2604 αὐτοῖς,
793 2540 874 2604 οἷς
908 2543 1123 2597 δοκοῦσι
1159 2549 1453 2616 πιστεύειν,
1487 2554 1841 2621 ἀπιστοῦντες
1867 2561 2009 2614 κατά
2037 2563 2134 2631 τῆς

546 2627 766 2681 -ἐαυτῶν
799 2632 1093 2702 σωτηρίας.
1149 2636 1254 2688 Ποῦ
1286 2638 1462 2692 τοίνυν
1497 2641 1529 2711 ἡ
1561 2644 1736 2715 Καινὴ
1794 2647 1994 2716 ἑαυτῆς
2042 2652 2134 2703 καὶ

556 2723 658 2789 τῆς
691 2720 936 2786 Παλαιᾶς
983 2723 1078 2777 ἕνα
1112 2725 1202 2779 τὸν
1233 2729 1527 2800 νομοθέτην
1553 2729 1692 2786 εἷναί
1715 2752 1880 2806 φησι;
1925 2739 2131 2792 Πολλα-

556 2811 654 2881 χοῦ
683 2813 780 2882 μὲν
813 2813 906 2866 καὶ
933 2814 1167 2886 ἀλλαχοῦ
1190 2833 1202 2848 ⁸
1232 2820 1392 2888 ἡμεῖς
1411 2821 1466 2873 δὲ
1494 2823 1709 2892 ἐκείνην
1737 2826 1872 2889 τέως
1904 2831 2134 2883 σπουδά-

557 2902 721 2971 ζομεν
745 2903 841 2974 τὴν
862 2907 1165 2978 περικοπὴν
1182 2911 1260 2972 είς
1288 2909 1452 2979 μέσον
1474 2913 1719 2982 ἀγαγεῖν,
1739 2917 1836 2986 τὴν
1866 2919 1958 2971 καὶ
1983 2922 2133 2992 παρά

552 2995 666 3056 τοῖς
696 2992 1012 3063 Μανιχαίοις
1036 2998 1347 3070 σωζομένην
1370 3000 1449 3054 ἔτι
1479 3004 1572 3056 καὶ
1602 3005 1715 3058 νῦν.
1745 3008 1840 3071 Τίς
1864 3005 1956 3062 οῦν
1985 3012 2131 3068 ἐστιν

554 3083 723 3154 αῦτη;
755 3085 966 3155 Λέγετέ
1004 3106 1136 3156 μοι,
1174 3093 1228 3143 οἱ
1256 3092 1374 3146 ὑπὸ
1415 3095 1602 3163 νόμον
1643 3097 1921 3167 θέλοντος
1956 3104 2127 3174 εἶναι,

555 3175 708 3242 φησὶ,
738 3177 843 3228 τὸν
885 3179 1073 3246 νίψον
1102 3183 1212 3234 οὐκ
1259 3183 1536 3252 ἀκούετες,
1589 3187 1678 3240 ὅτι
1732 3190 1983 3261 Ἀϐραὰμ
2019 3194 2128 3249 δύο

553 3263 723 3328 υἱοὺς
753 3265 939 3334 ἔσχεν
962 3311 975 3333 ,
1006 3269 1114 3320 ἕνα
1152 3271 1220 3322 ἐκ
1250 3271 1358 3339 τῆς
1411 3276 1756 3346 παιδίσκης,
1787 3281 1885 3333 καὶ
1924 3281 2031 3335 ἕνα
2060 3285 2127 3338 ἐκ

555 3352 1220 3426 τῆςῘΞἹέμλευθέραω
1280 3363 1554 3417 Ἤκουσαν
1611 3371 1657 3420 οἱ
1712 3371 1997 3442 αἱρετικοὶ,
2045 3377 2126 3429 ὅτι

552 3444 648 3496 ἕνα
677 3445 742 3496 ἐκ
772 3445 869 3516 τῆς
896 3448 1203 3522 παιδίσκης,
1237 3453 1328 3505 καὶ
1355 3454 1556 3520 εὐθέως
1593 3459 1943 3533 ἐπεπήδησαν
1963 3481 1976 3494 °
2009 3469 2123 3520 ἐνό-

551 3554 717 3606 μισαν
744 3537 850 3609 γὰρ
875 3543 1207 3612 κατηγορίαν
1235 3540 1372 3597 εἶναι
1402 3546 1496 3598 τοῦ
1528 3549 1691 3618 νόμου
1723 3552 1781 3604 τὸ
1811 3553 2120 3625 λεγόμενον⁸

529 3627 642 3677 καὶ
694 3627 1024 3696 ἐκκόψαντες
1073 3632 1241 3703 αὐτὴν
1294 3634 1392 3704 τῆς
1429 3636 1618 3708 λοιπῆς
1677 3641 2016 3709 ἀκολουθίας,
2049 3647 2124 3711 ὡς

553 3715 954 3786 συνηγοροῦσαν
986 3719 1168 3784 αὐτοῖς
1201 3724 1507 3794 κατέχουσι.
1540 3729 1676 3798 Φέρε
1703 3727 1794 3782 οῦν
1833 3733 1926 3785 ἀπ’
1958 3739 2123 3791 αὐτοῦ

525 3805 807 3877 δείξωμεν
825 3807 919 3862 ἕνα
947 3810 1075 3864 ὄντα
1099 3812 1189 3865 τὸν
1219 3816 1532 3888 νομοθέτην.
1568 3820 1808 3891 Ἀϐραὰμ
1829 3824 1936 3878 δύο
1957 3831 2124 3896 υἱοὺς

547 3899 749 3966 ἔσχεν,
798 3899 905 3954 ἕνα
953 3902 1022 3956 ἐκ
1068 3903 1177 3972 τῆς
1231 3908 1575 3978 παιδίσκης,
1620 3914 1720 3966 καὶ
1756 3915 1863 3968 ἕνα
1895 3918 1963 3972 ἐκ
2014 3921 2122 3989 τῆς

526 3987 863 4057 ἐλευθέρας
883 4008 896 4021 ·
921 3993 1107 4046 ταῦτα
1133 3995 1200 4048 δέ
1224 3996 1377 4060 ἐστι,
1407 4003 1592 4070 φησὶν,
1609 3987 2118 4078 ἁιῑληγοροὺμενα.

547 4077 610 4128 Τί
642 4077 698 4130 δέ
747 4083 932 4145 ἐστιν,
979 4084 1532 4155 Ἀλληγορούμενα;
1595 4093 1636 4143 Τ
1642 4093 1764 4148 ύποι
1809 4098 1917 4149 τῶν
1947 4077 2026 4152 ἐν
2056 4105 2119 4172 τῇ

545 4166 728 4237 χάριτι
763 4171 1066 4240 γενομένων
1093 4169 1230 4243 ἦσαν
1267 4176 1334 4230 τὰ
1355 4179 1410 4230 ἐν
1433 4183 1498 4250 τῇ
1526 4182 1737 4254 Παλαιᾷ
1769 4188 2011 4262 Διαθήκῃ
2040 4166 2121 4259 γιζ

544 4258 763 4325 νόμενα.
799 4261 1008 4331 ’Ὠσπερ
1034 4264 1142 4336 γὰρ
1175 4268 1292 4318 ἐκεῖ
1319 4268 1411 4322 δύο
1437 4276 1711 4342 γυναῖκες,
1742 4277 1913 4343 οὕτως
1937 4283 2120 4337 ἐνταῦ-

530 4345 612 4398 ’θα
636 4345 727 4399 δύο
751 4351 1036 4420 Διαθῆκαι.
1075 4357 1295 4427 Πρῶτον
1325 4362 1423 4430 μὲν
1461 4366 1519 4416 ἐν
1545 4367 1716 4438 τούτῳ
1754 4369 1992 4426 δείκνυσι
2022 4377 2119 4448 τὴν

545 4437 860 4504 συγγένειαν
884 4443 980 4513 τῆς
1001 4446 1204 4516 Καινῆς
1228 4450 1364 4520 πρὸς
1389 4451 1484 4522 τὴν
1509 4455 1772 4522 Παλαιὰν,
1789 4460 1915 4513 ὅταν
1939 4464 2118 4517 ἐκεῖνα

523 4529 744 4586 τούτων
794 4530 1044 4605 ᾗτύπος.
1109 4540 1166 4593 Ὃ
1198 4542 1305 4614 γὰρ
1339 4545 1506 4609 τύπος
1557 4549 1656 4620 τῆς
1713 4552 1971 4624 ἀληθείας
2020 4559 2117 4610 οὐκ

540 4622 781 4677 ἐναντίον
802 4667 815 4690 ,
862 4627 996 4681 ἀλλὰ
1043 4636 1324 4701 συγγενές.
1371 4639 1434 4689 Εἰ
1467 4638 1523 4692 δὲ
1554 4643 1792 4708 ἐναντίος
1831 4641 1898 4715 ἦν
1927 4649 1953 4700 ό
1983 4649 2114 4714 Θεὸς

529 4712 637 4782 τῆς
664 4716 903 4781 Παλαιᾱς
929 4721 1004 4790 τῷ
1037 4724 1153 4794 Θεῴ
1180 4727 1276 4796 τῆς
1303 4729 1532 4799 Καινῆς,
1566 4733 1665 4786 οὐκ
1687 4734 1875 4805 ἔμελλε
1891 4738 1976 4792 διὰ
2010 4741 2113 4794 τῶν

538 4809 812 4872 γυναικῶν
842 4812 1237 4881 προδιατυποῦν
1286 4821 1384 4890 τῆς
1428 4825 1634 4895 Καινῆς
1686 4828 1963 4902 Διαθήκης
2015 4835 2112 4904 τὴν

536 4897 829 4972 ὑπεροχήν.
860 4904 923 4956 ΕΞ
955 4905 1010 4958 δὲ
1047 4908 1140 4960 καὶ
1172 4913 1376 4975 ἐκεῖνος
1404 4914 1828 4984 προδιετύπωσε,
1853 4923 1944 4976 τὸν
1969 4924 2112 4976 Παῦ-

526 4989 810 5080 λον
847 4996 922 5065 μὴ
955 4998 1368 5070 ἀποχρήσασθαι
1399 5004 1476 5074 τῷ
1506 5006 1680 5077 τύπῳ.
1715 5010 1778 5062 El
1801 5011 1856 5064 δὲ
1877 5011 2106 5080 λέγοιεν,

531 5074 616 5126 ὃτι
659 5077 916 5151 Ἰουδαϊκῇ
951 5090 1395 5152 συγκαταϐαίνων
1418 5094 1691 5167 ἀσθενείᾳ,
1722 5099 1877 5152 τοῦτο
1910 5105 2101 5167 ἐποίει,

531 5167 703 5238 ἐχρῆν
753 5171 847 5224 καὶ
875 5174 1097 5250 Ἕλλησι
1141 5182 1479 5253 κηρύττοντα
1522 5187 1724 5252 τύπους
1769 5190 2108 5262 Ἑλληνικοὺς

532 5259 793 5329 εἰσάγειν,
826 5265 918 5317 καὶ
954 5268 1195 5341 ἱστορίας
1221 5275 1531 5345 μεμνῆσθαι
1565 5277 1674 5331 τῶν
1709 5281 1838 5352 παρ’
1883 5282 2106 5356 Ἕλλησι

531 5354 908 5424 γεγενημένων
936 5363 1298 5430 πραγμάτων.
1341 5366 1499 5420 Ἀλλὰ
1523 5369 1621 5422 οὐκ
1657 5371 1879 5442 ἐποίησε
1909 5354 2064 5428 τοῦτο
2090 5392 2102 5405 ⁸

531 5441 624 5494 καὶ
648 5445 793 5513 μάλα
812 5449 1055 5516 εἰκότως.
1095 5455 1306 5510 Ἐκεῖνα
1335 5458 1434 5528 μὲν
1461 5462 1569 5530 γὰρ
1604 5463 1755 5515 οὐδὲν
1790 5441 1964 5518 κοινὸν
1993 5461 2104 5537 εἶχε

532 5533 668 5595 πρὸς
705 5534 804 5596 τὴν
843 5537 1097 5609 ἀλήθειαν
1119 5581 1133 5607 ,
1169 5544 1339 5600 ταῦτα
1375 5548 1429 5602 δὲ
1471 5550 1606 5604 Θεοῦ
1635 5553 1871 5624 χρησμοὶ
1902 5557 1992 5610 καὶ

591 5679 620 5746 f‘
645 5687 866 5746 Τοσαύτη
891 5692 1029 5739 deest
1055 5696 1100 5740 in
1126 5709 1239 5744 mss.

593 5743 618 5779 ε
644 5743 753 5793 MSS.
777 5743 865 5794 άπί
877 5751 1043 5802 αὐτῶν.

1261 385 1317 440 s.
1361 387 1647 444 JO.\NNIS
1685 392 2173 450 cnm'sosmm
2214 399 2530 454 AIUZIIIEP.
2573 401 3118 461 CONSTANTINOP.
3201 380 3208 384 “

3710 401 3813 454 ΞΕΒ

2259 513 2376 568 μοι·
2409 500 2488 555 διὸ
2522 503 2614 556 καὶ
2643 504 2844 574 πολλὴν
2879 510 3194 575 συγγένειαν
3230 506 3340 577 ἔχει
3367 509 3431 562 τὰ
3455 509 3658 564 παλαιὰ
3687 517 3822 584 πρὸς

2251 590 2347 660 τὴν
2371 593 2577 664 Καινὴν
2612 594 2906 666 Διαθήκην.

2319 769 2393 826 ς’.
2436 764 2658 834 Πρῶτον
2694 767 2793 837 μὲν
2828 763 2919 822 οὖν
2964 768 3120 822 τοῦτο
3143 770 3431 837 δείκνυσιν,
3472 774 3556 825 ὅτι
3585 774 3751 846 πολλὴ
3778 778 3811 845 η

2250 856 2537 923 συμφωνία
2561 857 2660 929 τῆς
2679 859 2887 929 Καινῆς
2908 859 3043 930 πρὸς
3065 859 3162 930 τὴν
3186 861 3455 917 Παλαιάν·
3478 864 3732 936 δεύτερον
3764 867 3818 920 δὲ

2245 943 2344 996 οὐκ
2367 943 2584 997 ἐλαττον
2601 945 2813 1013 τούτου,
2835 948 2928 1001 καὶ
2951 949 3088 1019 αὐτῇ
3114 952 3178 1019 τῇ
3211 952 3438 1022 ἱστορίᾳ.
3477 954 3690 1022 Ὥσπερ
3713 955 3819 1024 γὰρ

2248 1035 2367 1086 τότε
2391 1033 2484 1088 δύο
2515 1039 2771 1104 γυναῖκες
2807 1034 2945 1110 ἦσαν
2984 1041 3100 1103 ἑνὸς
3138 1041 3349 1112 ἀνδρὸς,
3403 1041 3546 1096 οὕτω
3597 1046 3694 1097 καὶ
3725 1046 3818 1097 νῦν

2243 1121 2337 1175 δύο
2357 1124 2622 1197 Διαθῆκαι
2650 1129 2767 1193 ἐνὸς
2818 1130 3105 1201 νομοθέτου
3134 1149 3147 1161 ·
3193 1134 3336 1196 ἐπεὶ,
3371 1133 3436 1186 ἂν
3465 1135 3625 1198 ἄλλος
3720 1137 3817 1206 τῆς

2245 1215 2474 1287 Καινῆς,
2506 1219 2600 1271 καὶ
2626 1219 2784 1284 ἄλλος
2814 1221 2912 1292 τῆς
2939 1223 3204 1289 Παλαιᾶς,
3249 1225 3514 1300 περιττῶς
3537 1227 3639 1297 τὴν
3677 1229 3817 1281 1010-

2248 1304 2366 1375 ρίαν
2411 1310 2724 1379 εἰσήγαγεν.
2776 1313 2850 1365 Οὐ
2890 1314 2999 1383 γὰρ
3053 1316 3213 1379 ἄλλος
3253 1318 3350 1386 μὲν
3389 1313 3456 1388 ῆν
3476 1322 3578 1389 τῆς
3605 1320 3814 1390 Σάρρας

2242 1398 2382 1469 ἀνὴρ
2405 1439 2421 1466 ,
2473 1399 2631 1463 ἄλλος
2667 1402 2726 1454 δὲ
2778 1403 2876 1472 τῆς
2911 1404 3115 1476 Ἅγαρ,
3170 1402 3284 1458 ἄλλ’
3315 1403 3393 1471 εἷς
3427 1409 3521 1461 καὶ
3559 1411 3587 1462 6
3632 1411 3810 1472 αὑτός.

2245 1487 2438 1552 Ὥστε,
2486 1489 2615 1543 ὅταν
2640 1491 2773 1564 λέγῃ
2794 1531 2808 1555 ,
2841 1489 3024 1548 Αὗται
3077 1494 3187 1564 γάρ
3212 1499 3329 1549 εισι
3365 1498 3475 1552 δύο
3510 1498 3814 1566 διαθῆκαι,

2239 1576 2390 1630 οὐδὲν
2417 1577 2601 1648 ἕτερον
2631 1579 2778 1648 λέγει
2804 1623 2818 1647 ,
2843 1583 2954 1634 ἀλλ’
3059 1585 3140 1636 ὅτι
3161 1585 3257 1639 ἕνα
3284 1585 3464 1655 έχουσι
3493 1588 3813 1658 νομοθέτην,

2241 1667 2490 1740 καθάπερ
2529 1672 2734 1724 ἐκεῖναι
2790 1673 2884 1726 ἕνα
2920 1673 3088 1744 ἄνδρα
3119 1677 3210 1728 τὸν
3277 1678 3548 1749 Ἀϐραάμ.
3608 1680 3749 1732 Ἀλλ’
3783 1684 3817 1752 ἡ

2243 1759 2338 1829 μὲν
2369 1761 2547 1832 δούλη,
2585 1764 2766 1832 φησὶν,
2799 1766 2832 1834 ἡ
2865 1765 2918 1817 δὲ
2947 1765 3209 1839 ἐλευθέρα
3254 1763 3341 1838 ἦν.
3393 1771 3502 1822 Καὶ
3546 1771 3598 1823 τί
3621 1770 3816 1838 τοῦτο;

2237 1851 2374 1914 τέως
2403 1853 2509 1923 γὰρ
2535 1853 2864 1923 ζητούμενον
2894 1851 2981 1925 ἦν,
3008 1860 3056 1910 εί
3082 1853 3160 1921 εἷς
3191 1861 3468 1931 ἑκατέρων
3493 1860 3807 1931 νομοθέτης.

2239 1943 2736 2008 Καταδεξάσθωσαν
2793 1947 2971 2000 τοίνυν
3027 1948 3183 2002 τοῦτο
3226 1949 3512 2019 πρότερον,
3553 1951 3649 2002 καὶ
3693 1951 3813 2002 τότε

2238 2035 2373 2104 πρὸς
2425 2038 2597 2089 ἐκεῖνο
2652 2037 2832 2100 αὐτοῖς
2887 2039 3351 2110 ἀποκρινούμεθα.
3394 2042 3489 2092 Ἂν
3516 2042 3625 2110 γὰρ
3656 2041 3818 2094 τοῦτο

2237 2127 2656 2198 καταναγκάζης
2684 2129 2878 2190 αὐτοὺς
2903 2129 3176 2194 δέξασθαι,
3213 2131 3305 2184 καὶ
3336 2130 3647 2192 πεισθῶσιν,
3669 2131 3818 2184 ἅπαν

2236 2217 2413 2269 αὐτῶν
2441 2218 2500 2270 τὸ
2521 2217 2696 2287 δόγμα
2721 2220 3018 2289 οἰχήσεται.
3053 2223 3217 2275 Ὅταν
3238 2223 3345 2293 γὰρ
3368 2224 3566 2294 εὑρεθῇ
3589 2223 3684 2277 τοῦ
3717 2226 3816 2278 αὐ-

2235 2307 2326 2359 τοῦ
2361 2308 2650 2378 νομοθέτου
2685 2310 2775 2362 καὶ
2807 2314 2837 2381 ἡ
2873 2311 3083 2364 Παλαιὰ
3108 2308 3264 2378 οὖσα,
3305 2315 3557 2386 καθάπερ
3590 2312 3682 2369 οῦν
3719 2317 3815 2368 καὶ

2234 2398 2368 2465 ἔστι,
2404 2402 2549 2453 πᾶσα
2575 2400 2790 2455 λέλυται
2819 2403 2948 2472 ἡμῖν
2971 2405 3002 2473 ή
3033 2404 3169 2472 πρὸς
3193 2405 3434 2469 ἐκείνους
3462 2407 3814 2476 ἀμφισϐήτη-

2236 2504 2339 2550 σις.
2377 2489 2492 2541 Ἷνα
2543 2489 2598 2541 δὲ
2649 2490 2781 2560 μηδέ
2841 2490 2997 2543 τοῦτο
3026 2492 3169 2560 ὑμᾶς
3203 2492 3426 2563 θορυϐῇ,
3484 2495 3816 2566 πρόσχωμεν

2234 2577 2474 2647 ἀκριϐῶς
2501 2582 2564 2648 τῇ
2597 2581 2770 2649 ρήσει.
2809 2581 2884 2632 Ού
2914 2581 3019 2650 γὰρ
3054 2577 3197 2645 εἷπε,
3227 2585 3340 2639 Μία
3376 2585 3474 2654 μὲν
3503 2584 3684 2655 δούλη,
3714 2587 3814 2655 μία

2230 2666 2284 2718 δὲ
2315 2667 2572 2738 ἐλευθέρα
2600 2686 2610 2698 ·
2635 2670 2788 2734 ἀλλά,
2815 2673 2932 2724 Μία
2949 2671 3065 2740 μὲν
3084 2675 3171 2739 είς
3194 2674 3482 2729 δουλείαν
3510 2677 3812 2745 γεννῶσιν

2231 2758 2291 2810 ού
2333 2760 2547 2823 πάντως
2581 2762 2635 2813 δέ
2667 2763 2699 2832 ἡ
2730 2765 2807 2824 είς
2849 2763 3092 2816 δουλείαν
3123 2767 3448 2835 γεννήσασα,
3480 2765 3639 2831 δούλη
3667 2785 3679 2797 ·
3719 2770 3816 2821 κ;ὶ

2231 2849 2359 2900 αὐτὸ
2392 2849 2448 2901 δέ
2482 2851 2542 2903 τὸ
2591 2854 2671 2914 είς
2719 2852 2961 2906 δουλείαν
3009 2854 3282 2924 τεχθῆναι,
3319 2855 3379 2908 ού
3416 2856 3516 2925 τῆς
3544 2859 3812 2926 τεκούσης

2229 2937 2499 3010 ἔγκλημα,
2533 2943 2664 2995 ἀλλὰ
2709 2943 2817 2996 τῶν
2843 2944 3140 3013 τεχθέντων
3172 2946 3414 3000 παιδίων.
3461 2949 3674 3020 Ἐπειδὴ
3701 2951 3813 3021 γάρ

2228 3030 2328 3100 τῆς
2351 3031 2662 3102 ἐλευθερίας
2691 3033 2779 3086 διά
2801 3035 2898 3104 τὴν
2919 3036 3117 3090 κακίαν
3149 3038 3370 3101 ἑαυτοὺς
3397 3039 3809 3111 ἀπεστέρησθε

2229 3123 2320 3174 καὶ
2347 3123 2443 3192 τῆς
2469 3124 2742 3191 εὐγενείας
2767 3125 3040 3190 ἐξέπεσον,
3069 3126 3143 3190 ὡς
3163 3127 3380 3192 δούλους
3407 3130 3600 3192 αὐτοὺς
3629 3132 3811 3200 ἀγνώ-

2231 3229 2394 3281 μονας
2430 3215 2744 3267 ἐπαίδευσεν
2795 3217 2822 3268 ό
2854 3215 2985 3279 Θεὸς
3042 3217 3190 3288 φόϐῳ
3242 3218 3498 3287 διηνεκεῖ,
3557 3222 3809 3286 κολάζων

2226 3304 2512 3374 τιμωρίαις
2539 3307 2630 3358 καὶ
2656 3305 2921 3369 ἀπειλαῖς.
2959 3308 3151 3360 Πολλοὶ
3173 3309 3302 3376 γοῦν
3329 3310 3422 3363 καὶ
3439 3311 3531 3363 νῦν
3568 3312 3809 3383 πατέρες

2229 3393 2375 3465 [27o]
2411 3397 2534 3458 τοὺς
2569 3397 2775 3450 ἑαυτῶν
2833 3401 2998 3461 υἱοὺς,
3033 3402 3130 3470 οἰχ
3165 3401 3239 3463 ὡς
3287 3404 3434 3465 υἱοὺς
3490 3403 3806 3471 ἐναγουσιν,

2225 3485 2358 3540 ἀλλὰ
2396 3487 2531 3556 μετᾶ
2571 3487 2662 3539 τοῦ
2709 3488 3005 3557 πρέποντος
3040 3491 3276 3554 οἰκέταις
3323 3491 3486 3560 φόϐου
3513 3509 3525 3521 ·
3589 3494 3683 3547 καὶ
3741 3496 3809 3548 τὸ

2223 3574 2470 3644 ἔγκλημα
2521 3578 2638 3646 οὐχὶ
2687 3577 2794 3630 τῶν
2855 3579 3104 3650 πατέρων
3137 3582 3302 3647 ἐστὶν,
3351 3581 3486 3635 ἀλλά
3531 3583 3638 3635 τῶν
3673 3585 3810 3648 τοὺς

2226 3667 2466 3736 πατέρας
2501 3669 3035 3737 παρασκευασάντων
3078 3671 3314 3738 παίδων,
3347 3673 3420 3736 ὡς
3468 3673 3675 3737 δούλοις
3704 3693 3805 3728 κε-

2225 3755 2456 3825 χρῆσθαι
2489 3760 2600 3821 τοῖς
2643 3759 2965 3830 ἐλευθέροις.
3002 3760 3157 3813 Οῦτω
3188 3763 3280 3815 καὶ
3312 3764 3339 3815 ό
3369 3764 3498 3827 Θεὸς
3544 3765 3636 3817 τὸν
3669 3765 3808 3819 λαὸν

2224 3847 2342 3898 τότε
2369 3849 2571 3902 ἐκεῖνον
2606 3851 2745 3918 μετά
2771 3852 3021 3905 τοσούτου
3067 3853 3229 3921 φόϐου
3265 3855 3356 3907 καὶ
3383 3857 3651 3925 τιμωρίας
3678 3874 3807 3908 τοσι

2224 3936 2391 4005 αύτης
2419 3938 2598 4007 ἐνῆγε,
2638 3940 2755 4009 μεθ’
2775 3941 2906 4010 ὅσης
2935 3942 3080 4004 εἰκὸς
3106 3938 3173 4013 ἧν
3209 3944 3425 4015 οἰκέτην
3463 3946 3758 4016 ἀγνώμονα
3783 3965 3801 3978 °

2221 4026 2334 4079 ἀλλ’
2373 4029 2432 4080 ού
2489 4030 2788 4100 κατηγορία
2818 4032 2911 4083 τοῦ
2943 4031 3076 4084 Θεοῦ
3119 4035 3177 4086 τὸ
3226 4035 3529 4105 γινόμενον,
3552 4037 3672 4088 οὐδὲ
3702 4037 3804 4107 ἐγ-

2221 4118 2404 4187 κλημα
2435 4119 2528 4172 τοῦ
2557 4121 2743 4190 νόμου,
2773 4122 2909 4174 ἀλλὰ
2934 4123 3040 4177 τῶν
3066 4123 3473 4193 ἀφηνιαζόντων
3507 4127 3802 4192 Ἰουδαίων,

2222 4211 2579 4282 σφοδροτέρου
2627 4212 2926 4283 δεηθέντων
2965 4215 3202 4285 χαλινοῦ.
3277 4218 3364 4270 Ἐν
3393 4218 3530 4288 αὐτῇ
3565 4219 3694 4287 γοῦν
3724 4225 3798 4294 τῇ

2221 4298 2428 4370 [Ιαλαιᾷ
2454 4301 2836 4372 εὑρεθήσονται
2867 4304 3048 4358 πολλοὶ
3077 4306 3174 4376 οὐχ
3191 4306 3361 4372 οὕτως
3383 4308 3661 4378 ἀχθέντες,
3679 4306 3798 4365 οἷον

2217 4389 2244 4440 ό
2275 4389 2458 4456 Ἅϐελ,
2492 4392 2520 4442 ὁ
2545 4391 2689 4457 Νῶε,
2722 4395 2750 4444 6
2796 4393 3067 4466 Ἀϐρααμ,
3103 4397 3131 4448 6
3187 4398 3392 4462 Ἰσαὰκ,
3439 4402 3466 4452 ό
3513 4399 3726 4467 Ἰακὼϐ,
3763 4403 3796 4454 ό

2229 4479 2445 4551 Ἰωσὴφ,
2475 4482 2504 4534 ὁ
2529 4484 2786 4553 Μωῦσῆς,
2819 4487 2848 4537 ό
2887 4487 3090 4550 Ἠλίας,
3126 4491 3154 4540 ὁ
3203 4490 3524 4553 Ἐλισσαῖος,
3556 4493 3602 4544 οί
3635 4491 3789 4545 ἄλλοι

2216 4575 2435 4639 πάντες,
2462 4575 2574 4628 ὅσοι
2603 4577 2700 4646 τὴν
2723 4579 2779 4629 ἐν
2800 4581 2865 4647 τῇ
2904 4579 3080 4650 Καινῇ
3131 4579 3446 4648 φιλοσοφίαν
3485 4581 3785 4652 ἐζήλωσαν.

2215 4665 2289 4716 Οὐ
2316 4664 2424 4735 γὰρ
2451 4665 2599 4734 φόϐῳ
2625 4667 2717 4720 καὶ
2745 4667 2982 4735 κολάσει,
3011 4670 3134 4722 ούδέ
3160 4672 3353 4740 ἀπειλῇ
3389 4673 3482 4724 καὶ
3521 4673 3787 4744 τιμωρίᾳ,

2213 4754 2327 4806 ἀλλ’
2347 4753 2533 4826 ἀγάπῃ
2556 4755 2676 4828 θείᾳ
2705 4759 2796 4812 καὶ
2820 4759 3026 4830 φίλτρῳ
3052 4759 3225 4824 ζέοντι
3255 4763 3334 4833 τῷ
3362 4764 3488 4833 περὶ
3513 4763 3647 4815 Θεὸν
3667 4765 3789 4832 ἐγέ-

2211 4863 2360 4898 ε.οντο
2377 4847 2624 4913 τοιοῦτοι,
2646 4843 2746 4903 οἷοι
2769 4850 2832 4920 δὴ
2850 4853 2942 4904 καὶ
2971 4851 3233 4920 ἐγένοντο.
3254 4854 3328 4906 Ού
3355 4854 3462 4924 γὰρ
3485 4854 3789 4925 ἐδεήθησαν

2217 4941 2665 5009 προσταγμάτων,
2721 4943 2840 4995 ούδέ
2871 4943 3097 4996 ἐντολῶν
3127 4946 3220 4998 καὶ
3247 4946 3445 5017 νόμων,
3480 4947 3623 5000 ὥστε
3657 4950 3792 5017 ἁρε-

2208 5029 2305 5098 τὴν
2330 5029 2540 5083 ἑλέσθαι
2565 5033 2659 5086 καὶ
2679 5034 2899 5104 φεύγειν
2929 5037 3144 5100 κακίαν,
3181 5038 3297 5091 ἀλλ’
3321 5038 3509 5110 ὥσπερ
3541 5040 3791 5106 εὐγενεῖς

2209 5118 2394 5181 παῖδες
2421 5120 2511 5173 καὶ
2560 5121 2856 5192 ἐλεύθεροι,
2895 5125 2992 5196 τὴν
3022 5127 3228 5180 οἰκείαν
3258 5131 3570 5198 ἐπιγνόντες
3599 5131 3790 5196 ἀξίαν,

2209 5209 2374 5278 χωρὶς
2405 5210 2570 5277 φόϐου
2617 5213 2760 5277 τινὸς
2788 5215 2882 5268 καὶ
2928 5217 3200 5284 κολάσεως
3231 5222 3608 5293 ηὐτομόλησαν
3645 5226 3794 5296 πρὸς

2207 5299 2304 5370 τὴν
2337 5301 2562 5370 ἀρετήν·
2619 5307 2667 5357 οί
2704 5306 2758 5358 δέ
2788 5307 2962 5361 λοιποὶ
3011 5311 3210 5374 πάντες
3270 5315 3545 5380 Ἰουδαῖοι,
3592 5317 3794 5389 ἐπειδὴ

2207 5392 2342 5461 πρὸς
2370 5395 2566 5447 κακίαν
2601 5397 2914 5463 ἀπέκλιναν,
2952 5400 3043 5454 τοῦ
3077 5404 3217 5457 κατά
3243 5405 3332 5458 τὸν
3358 5406 3519 5476 νόμον
3554 5409 3791 5479 ἐδεήθης

2208 5498 2306 5534 σαν
2336 5483 2572 5552 χαλινοῦ.
2610 5487 2738 5540 Ὅτε
2764 5491 2892 5557 γοῦν
2913 5492 3174 5564 ἐποίησαν
3208 5497 3297 5548 τὸν
3341 5497 3561 5568 μόσχον,
3597 5504 3689 5553 καὶ
3723 5502 3795 5556 τὸ

2207 5574 2443 5642 γλυπτὸν
2501 5581 2932 5652 προσεκύνησαν,
2991 5587 3110 5640 τότε
3170 5589 3438 5658 ἥκουσαν-
3496 5595 3713 5662 Κύριος
3744 5600 3783 5649 ὁ

2207 5667 2349 5732 Θεός
2393 5682 2530 5733 σου,
2567 5672 2780 5738 Κύριος
2827 5674 2914 5740 εἷς
2958 5677 3155 5730 ἐστιν·
3196 5681 3282 5733 ὅτε
3315 5683 3633 5753 ἐφόνευσαν,
3680 5688 3791 5741 λιιι

2210 5755 2303 5818 τὰς
2324 5761 2584 5824 γυναῖκας
2614 5763 2720 5815 τῶν
2745 5763 2967 5835 πλησίον
2992 5767 3323 5842 διέφθειραν,
3365 5775 3480 5826 τότε
3512 5776 3785 5844 ἤκουσαν,
