4058 6258
297 424 406 484 εδδ

302 540 418 593 Non
474 554 662 608 parum
710 539 854 592 enim
901 540 1178 592 veritatem
1224 534 1341 603 ejus
1393 533 1658 588 illustrant
1691 531 1892 586 Veteris

303 629 637 684 'i‘estamcuti
681 631 1060 699 prophetarum
1104 627 1386 696 pra-conia,
1431 639 1566 694 quos
1611 623 1694 678 isti
1743 637 1894 676 aver-

303 722 474 776 saudo
519 737 624 776 non
676 721 978 789 intelligunt
1020 718 1222 787 majore
1266 719 1540 786 apostolos
1567 729 1724 784 quam
1772 727 1896 783 pro-

303 813 493 881 phetas
533 811 859 868 contumelia
899 826 959 864 se
988 811 1224 864 afﬁcere.
1256 808 1451 880 Unam,
1484 807 1716 876 inquam,
1745 803 1896 860 Novo

307 904 654 958 Testamento
685 902 930 972 injuriam
964 904 1160 956 faciunt
1197 901 1384 966 istam;
1425 899 1534 954 alio
1577 912 1708 952 vero
1734 895 1893 951 modo

302 996 524 1059 iterum,
546 993 690 1064 quod
718 994 914 1049 bonam
936 1008 1000 1046 ex
1028 1007 1094 1046 eo
1122 1000 1322 1061 partem
1354 997 1620 1044 resecant.
1645 992 1892 1042 Attamen

305 1096 452 1140 tanta
483 1095 564 1140 est
595 1099 802 1148 eorum,
829 1099 949 1152 qua!
977 1083 1030 1137 in
1075 1083 1164 1136 illo
1201 1081 1562 1144 continentur,
1591 1079 1694 1144 vis,
1730 1087 1788 1134 ut
1814 1079 1894 1133 vel

302 1192 370 1231 ex
403 1177 534 1246 ipsis
561 1175 798 1246 reliquiis
832 1173 984 1228 facile
1009 1173 1328 1228 maleﬁcium
1352 1172 1572 1225 istorum
1598 1169 1896 1239 deprchen-

303 1267 466 1321 datur
498 1285 510 1320 :
554 1275 758 1321 resecta
787 1264 928 1318 enim
959 1265 1198 1318 membra
1235 1263 1488 1328 clamant,
1519 1271 1588 1314 et'
1615 1260 1894 1330 pristinunt

302 1373 430 1411 cum
487 1357 598 1411 suis
639 1353 895 1410 membris
925 1367 1244 1408 eoi-sensum
1295 1351 1658 1406 indesinenter
1715 1350 1893 1419 requi-

305 1465 322 1500 Ι
338 1459 454 1502 ιιιιι.

377 1539 432 1594 5.
476 1537 666 1592 Probat
702 1555 856 1592 unum
905 1554 1013 1592 esse
1059 1537 1393 1608 legislatorcnt
1435 1545 1696 1602 utriusque
1719 1532 1894 1588 Testa-

300 1630 460 1682 πιθηιὶ
483 1645 548 1682 ea:
573 1629 862 1697 apostolicis
891 1629 1068 1694 verbis,
1098 1639 1142 1683 et
1167 1644 1229 1682 ea:
1255 1644 1313 1682 eo
1342 1629 1474 1696 quod
1515 1627 1664 1679 Vetus
1692 1625 1894 1680 Novum

301 1721 729 1790 prwﬁguraveril.
757 1751 828 1760 ——
864 1719 1144 1786 Quomodo
1195 1718 1354 1788 igitur
1411 1716 1896 1772 demonstrabimus

310 1812 518 1866 \‘etcris
547 1821 600 1866 et
624 1811 759 1866 Novi
782 1811 1110 1866 Testamenti
1145 1826 1306 1864 unum
1335 1823 1456 1864 esse
1496 1808 1896 1878 legislatorem?

303 1900 388 1954 Ex
410 1900 540 1970 ipsis
561 1903 868 1969 apos:olicis
899 1901 1094 1964 verbis,
1123 1916 1242 1970 qua:
1278 1898 1420 1968 apud
1448 1901 1594 1968 ipsos
1621 1897 1790 1952 etiam
1812 1912 1896 1953 re-

303 1991 429 2044 licta
457 2000 582 2044 sunt
605 2008 618 2043 :
639 2007 758 2060 qum
781 1993 987 2044 tametsi
1033 1991 1198 2058 prima
1230 1990 1403 2043 fronte
1430 1987 1709 2042 videantur
1734 1987 1896 2042 Vetus

307 2079 436 2134 illttd
475 2095 752 2146 accusare,
785 2097 890 2134 non
937 2081 1280 2134 mediocriter
1322 2089 1495 2133 tamen
1541 2079 1592 2132 id
1621 2093 1896 2132 commen-

301 2171 458 2236 dant,
487 2183 542 2226 et
565 2172 762 2226 divinis
801 2172 1032 2226 oraculis
1069 2171 1274 2224 caelitus
1321 2169 1584 2239 proditum
1613 2183 1732 2223 esse
1757 2168 1897 2222 indi—

297 2271 452 2315 cant.
498 2262 568 2316 Et
596 2262 696 2316 hoc
721 2263 890 2317 sancti
937 2262 1165 2332 Spiritus
1195 2261 1454 2332 sapientia
1483 2261 1680 2314 factum
1705 2269 1806 2324 est,
1843 2267 1902 2314 ut

299 2365 648 2409 accusatores
677 2354 830 2424 legis,
858 2354 1034 2408 allecti
1081 2353 1250 2424 prima
1299 2352 1436 2408 facie
1463 2354 1764 2420 verborum,
1801 2353 1900 2406 im—

305 2443 600 2513 prudentes
627 2453 680 2499 et
711 2445 860 2498 inviti
884 2443 1340 2514 adscriptuutejus
1355 2443 1724 2498 defensionem
1751 2457 1897 2497 rece-

301 2536 528 2604 perint:
559 2544 616 2590 ut
663 2536 708 2590 si
750 2536 946 2590 vellent
973 2535 1038 2590 ad
1082 2551 1266 2590 verum
1323 2535 1609 2604 respicere,
1640 2535 1902 2590 haberent

301 2643 608 2684 sermonem
637 2643 795 2698 quem
818 2637 1168 2698 sequerentur
1197 2645 1210 2682 :
1234 2627 1373 2698 quod
1387 2629 1430 2681 si
1455 2628 1508 2680 in
1527 2626 1899 2684 incredulitate

305 2729 700 2788 permanerent,
737 2719 933 2773 nullam
985 2719 1085 2772 sibi
1132 2721 1184 2772 in
1233 2727 1506 2786 posterum
1549 2719 1720 2772 venia:
1749 2733 1900 2786 spem

303 2809 566 2879 reliquam
596 2809 829 2864 facerent
858 2827 872 2862 :
907 2817 964 2863 ut
991 2808 1081 2878 qui
1110 2803 1270 2862 etiam
1315 2807 1420 2862 illis
1457 2823 1576 2876 qua:
1604 2807 1736 2860 alias
1759 2808 1900 2862 rcci-

303 2915 440 2970 pere
463 2899 734 2967 vidcutur,
763 2899 924 2954 tidem
956 2899 1008 2952 in
1035 2913 1184 2954 suam
1215 2899 1452 2967 ipsorum
1491 2897 1780 2966 perniciem
1807 2897 1900 2951 ab-

305 3001 582 3063 rogarent.
623 2993 724 3048 Ubi
776 2994 935 3063 igitur
983 2991 1188 3045 Novum
1239 2990 1638 3044 Testamentum
1685 3004 1902 3044 suarum

299 3100 374 3139 ac
400 3093 642 3141 veterum
672 3087 844 3154 legum
875 3085 1122 3137 eumdem
1163 3091 1439 3136 auctorem
1486 3095 1608 3135 esse
1640 3081 1903 3135 testatur?

307 3177 377 3231 Et
409 3176 534 3230 alibi
561 3175 774 3245 quidem
801 3189 906 3228 non
939 3189 1046 3228 uno
1069 3173 1189 3227 loco
1215 3191 1228 3226 :
1263 3187 1360 3226 nos
1392 3181 1568 3226 tamen
1594 3171 1716 3226 data
1739 3186 1901 3240 Opera

309 3281 430 3321 cam
487 3275 664 3319 textus
713 3273 916 3334 partem
966 3262 1314 3328 adducemus,
1349 3277 1466 3331 qua:
1491 3261 1574 3315 vel
1629 3261 1682 3315 in
1735 3261 1902 3315 Mani-

311 3357 587 3409 cita-orum
620 3353 892 3408 codicibus
921 3353 1177 3407 hactenus
1199 3353 1394 3406 mansit
1421 3351 1722 3406 incolumis.
1746 3351 1904 3418 Qum-

307 3463 434 3502 nam
477 3447 630 3502 haec?
671 3446 836 3500 Dicite
859 3447 1000 3513 mihi,
1034 3446 1222 3516 inquit,
1245 3445 1330 3514 qui
1357 3445 1448 3498 sub
1473 3445 1580 3514 lege
1599 3443 1750 3498 uultis
1771 3461 1898 3510 esse,

315 3541 478 3608 legem
505 3555 603 3592 non
629 3539 885 3593 audistis?
927 3538 1062 3607 quod
1095 3537 1350 3590 Abraham
1377 3536 1505 3590 duo:
1532 3537 1664 3604 ﬁlios
1688 3536 1861 3589 habuit
1881 3551 1900 3589 :

311 3648 558 3687 «nume-.1:
586 3632 793 3697 ancilla,
822 3629 1038 3684 alterum
1081 3647 1108 3683 ε
1153 3631 1309 3684 libera
1359 3627 1500 3700 (Gal.
1546 3631 1600 3683 4.
1644 3628 1734 3682 21.
1766 3629 1899 3699 ‘29)?

313 3725 646 3781 Audivcrunt
665 3723 902 3778 haeretici
927 3737 1086 3777 unum
1110 3722 1359 3776 habuisse
1380 3737 1445 3776 ex
1467 3723 1662 3776 ancilla
1680 3763 1694 3786 ,
1707 3734 1762 3776 et
1781 3741 1903 3776 con-

315 3815 492 3870 fcstim
513 3824 860 3871 accurrerunt
885 3833 898 3869 :
931 3814 1030 3868 rati
1057 3815 1200 3868 enim
1231 3813 1314 3868 bis
1335 3812 1512 3868 verbis
1531 3813 1662 3884 legis
1682 3829 1902 3868 accusa-

315 3909 514 3961 tionem
539 3908 819 3971 contineri,
843 3907 1062 3962 resectis
1082 3909 1556 3978 consequentibus,
1575 3908 1716 3962 illam
1746 3923 1904 3962 accu-

311 4000 578 4054 sationem
595 3999 827 4054 retinent
842 4001 942 4055 sibi
963 4000 1403 4069 patrocinantem.
1421 4003 1530 4070 Age
1548 4001 1706 4070 igitur
1721 4015 1783 4054 ex
1806 4001 1903 4055 hoc

309 4093 434 4160 ipso
485 4091 604 4146 loco
655 4092 1002 4146 ostendamus
1053 4093 1302 4146 eumdem
1355 4107 1474 4148 esse
1523 4093 1900 4162 legislatorent.

315 4183 573 4236 Abraham
609 4183 736 4237 duos
777 4183 914 4252 ﬁlios
949 4183 1144 4248 habuit,
1180 4199 1336 4237 unum
1367 4199 1430 4237 ex
1455 4182 1663 4248 ancilla,
1689 4183 1902 4236 alterunt

315 4280 590 4334 aclibcm.
645 4281 767 4335 Ηιινσ
805 4291 979 4334 autem
1025 4287 1171 4342 sunt,
1221 4279 1417 4348 inquit,
1465 4297 1558 4350 per
1583 4279 1908 4350 allegoriam

316 4369 459 4420 dicta
489 4368 588 4438 (Ib.
617 4387 665 4424 υ.
697 4371 808 4440 Eli).
843 4369 984 4436 Qttid
1003 4379 1107 4434 est,
1141 4369 1242 4422 Per
1270 4368 1586 4439 allegoriam
1610 4370 1751 4422 dicta
1771 4370 1796 4421 Ρ
1823 4367 1911 4422 Fi-

309 4471 460 4525 gurzc
490 4471 699 4519 eorum,
733 4474 848 4525 quae
879 4460 978 4510 sub
1017 4459 1184 4528 gratia
1214 4468 1549 4528 gererentur,
1583 4470 1736 4514 erant
1759 4476 1904 4530 qutu-

305 4565 544 4619 cumquc
565 4549 664 4605 sub
687 4549 828 4619 Lege
856 4551 1071 4605 fiebant.
1105 4552 1255 4606 Sicut
1285 4551 1430 4605 enim
1483 4553 1590 4606 illic
1632 4552 1752 4606 duze
1783 4569 1901 4606 mu-

311 4637 498 4706 lieres,
533 4641 602 4694 ita
634 4639 720 4695 hic
747 4640 855 4698 duo
895 4641 1254 4697 Testamenta.
1301 4642 1536 4696 Primum
1581 4642 1634 4696 in
1685 4643 1785 4696 hoc
1814 4660 1908 4711 ap-

308 4739 469 4800 paret
492 4732 738 4803 cognatio
785 4732 912 4786 Novi
961 4749 1082 4788 cum
1116 4733 1328 4796 Veteri,
1384 4732 1526 4803 quod
1574 4733 1664 4788 illa
1713 4734 1902 4788 horntn

315 4823 500 4890 ﬁgura:
529 4833 700 4878 erant.
731 4824 922 4895 Figura
947 4827 1092 4880 enim
1121 4827 1332 4881 veritati
1363 4843 1467 4880 non
1497 4829 1766 4882 contraria
1799 4841 1901 4892 est,

311 4912 408 4965 sed
435 4923 680 4983 cognata.
709 4915 862 4982 Quod
889 4917 932 4969 si
967 4917 1170 4972 Veteris
1197 4917 1337 4971 illius
1381 4918 1518 4972 Deus
1562 4916 1696 4972 Novi
1748 4919 1904 4989 hujus

317 5004 430 5057 ilco
463 5006 767 5060 contrarius
797 5016 959 5072 esset,
993 5008 1396 5078 haudquaquam
1443 5023 1537 5078 per
1565 5009 1682 5063 illas
1719 5012 1907 5065 mulie-

311 5109 404 5147 res
433 5094 562 5148 Novi
604 5097 1021 5164 prwcellentiam
1075 5098 1487 5169 pra-figttrasst:t.
1521 5100 1674 5167 Quod
1725 5102 1768 5156 si
1819 5103 1906 5157 ille

314 5185 697 5256 prtcfignravit,
733 5204 828 5258 par
857 5198 972 5242 erat
1015 5189 1234 5244 Paulum
1265 5206 1370 5246 non
1400 5192 1544 5246 abuti
1574 5192 1672 5246 hac
1715 5193 1904 5262 figura.

313 5278 410 5332 Sin
443 5291 620 5331 autent
653 5280 852 5346 dicant,
886 5281 1024 5349 quod
1056 5281 1122 5334 ad
1150 5281 1424 5336 Judaicam
1456 5283 1815 5337 infirmitatem
1847 5299 1906 5338 sc

313 5369 605 5423 tlemittens
635 5371 738 5425 hoc
770 5371 1015 5436 faciebat,
1049 5374 1330 5441 Oportebat
1363 5389 1482 5428 eum
1512 5375 1672 5428 etiam
1705 5375 1906 5429 Οτιυςίε

317 5463 699 5530 praedicantem
751 5465 944 5534 ﬁguras
984 5467 1295 5519 Gra'corunt
1339 5466 1614 5532 adhibere,
1642 5477 1695 5521 et
1723 5481 1902 5520 rerum

313 5553 456 5621 apud
485 5553 704 5608 GI'RTCOS
730 5565 999 5624 gestat-tun
1033 5556 1282 5611 historias
1323 5573 1764 5612 commemorare.
1798 5558 1900 5612 Sed

307 5643 418 5698 hoc
457 5661 718 5714 nusquam
765 5647 906 5713 fecit,
947 5657 1001 5700 et
1041 5649 1252 5701 merito.
1299 5649 1389 5702 illa
1434 5650 1575 5704 enim
1607 5649 1738 5703 nihil
1781 5667 1901 5706 cum

309 5744 534 5790 verttate
573 5751 860 5793 commune
909 5737 1194 5804 habebant,
1228 5739 1340 5793 lure
1386 5751 1561 5795 autem
1617 5739 1706 5794 Dei
1758 5741 1904 5812 leges

309 5837 485 5895 erant,
509 5837 562 5884 et
591 5829 808 5885 oracula
917 5851 931 5888 :
999 5843 1330 5904 quapropter
1393 5853 1586 5908 magna
1652 5831 1904 5908 cognatio

947 419 1034 475 liii
1079 418 1322 475 VERBIS
1362 416 1712 484 APOSTOLI,
1755 413 2120 473 HABENTES
2155 415 2438 474 EUMDEH
2477 416 2818 472 SPllll'i‘UM.
2863 417 2929 471 ll.

3463 421 3566 474 ἓξ·ἴῦ

1995 530 2278 586 veteribus
2327 528 2432 582 illis
2483 544 2605 582 cum
2655 527 2806 582 Novo
2854 529 3202 583 Testamento
3253 529 3563 588 intercedit.

2063 623 2120 677 6.
2145 625 2521 692 Argumentum
2550 622 2830 674 secundum
2853 636 2920 676 ea:
2947 624 3128 675 eadem
3166 621 3410 675 historia.
3447 620 3498 674 Ν
3505 639 3568 674 an

2005 716 2154 782 pauci
2181 715 2232 767 in
2276 713 2434 767 Veteri
2463 711 2782 769 Testamento
2805 731 2978 769 amore
3001 716 3159 778 ducti,
3193 733 3292 769 non
3315 719 3588 772 timore.—

2005 806 2240 861 Primum
2259 805 2422 876 igitur
2448 817 2818 877 argumentum
2839 807 2939 862 hoc
2965 818 3066 874 est,
3095 809 3257 864 Vetus
3277 809 3588 867 Testamen-

2005 905 2115 952 tum
2147 897 2320 951 mudis
2345 898 2591 952 omnibus
2618 913 2737 952 cum
2765 897 2914 954 Novo
2937 914 3266 956 consonare:
3297 903 3588 958 secundum

2001 997 2180 1042 autem
2233 987 2323 1042 illo
2371 1003 2480 1041 non
2531 987 2744 1054 minus,
2795 1003 2858 1043 ex
2914 989 3025 1058 ipsa
3071 990 3292 1046 historia
3340 994 3586 1047 sumitur.

2001 1077 2460 1144 Quemadmodum
2485 1079 2632 1134 enim
2665 1087 2790 1134 tunc
2817 1078 2938 1135 diue
2970 1081 3224 1138 mulieres
3257 1093 3412 1139 erant
3433 1086 3589 1140 unius

2001 1170 2129 1224 viri:
2161 1171 2231 1222 ita
2262 1186 2402 1225 nunc
2443 1171 2550 1225 duo
2589 1171 2928 1227 Testamenta
2961 1174 3118 1229 unius
3162 1175 3514 1245 legislatoris;
3543 1181 3586 1233 si

2001 1262 2144 1328 enim
2172 1263 2304 1317 alius
2335 1273 2478 1318 esset
2497 1263 2628 1318 Novi
2651 1305 2665 1328 ,
2689 1264 2824 1320 alius
2853 1265 3058 1321 Veteris
3088 1308 3103 1333 ,
3135 1282 3587 1338 supervacaneum

2001 1361 2116 1406 erat
2143 1352 2280 1408 hanc
2311 1353 2585 1408 historiam
2608 1355 2894 1411 adducere.
2921 1357 3102 1426 Neque
3128 1360 3270 1413 enim
3301 1361 3464 1415 alium
3495 1361 3589 1414 ha—

2003 1444 2160 1500 bebat
2181 1447 2312 1500 Sara
2347 1447 2540 1510 virum,
2571 1446 2733 1500 alium
2767 1447 2935 1517 Agar;
2974 1449 3068 1503 sed
3101 1459 3322 1520 utraque
3351 1467 3510 1506 unum
3535 1464 3591 1507 et

1999 1537 2470 1608 eumdennltaque
2493 1537 2720 1592 dicendo
2751 1579 2768 1602 ,
2810 1537 2936 1592 ΙΙαέ
2969 1541 3098 1592 enim
3134 1551 3252 1594 sunt
3285 1543 3388 1596 duo
3413 1542 3590 1597 Testa-

2001 1637 2166 1684 menta
2217 1628 2384 1700 (Gal.
2414 1629 2468 1684 4.
2507 1630 2666 1702 2i),
2697 1631 2826 1684 nihil
2881 1631 3024 1686 aliud
3073 1632 3202 1687 dicit
3246 1649 3404 1703 quam
3449 1636 3590 1706 quod

1999 1719 2248 1774 eumdem
2279 1719 2508 1775 habeant
2531 1720 2914 1791 legislatorem,
2945 1722 3082 1776 sicut
3107 1723 3208 1777 illae
3231 1739 3400 1778 unum
3417 1725 3590 1782 virum

2001 1809 2296 1864 Abraham.
2337 1810 2444 1866 Sed
2473 1812 2642 1866 altera
2673 1811 2888 1882 quidem
2915 1823 3029 1867 erat
3055 1828 3208 1868 serva
3233 1857 3248 1880 ,
3272 1816 3592 1872 altera-vero

2001 1902 2188 1958 libera.
2209 1903 2346 1970 Quid
2365 1905 2512 1958 tum?
2537 1904 2794 1960 hactenus
2823 1905 2964 1958 enim
2986 1907 3343 1975 quaerebatur,
3366 1923 3433 1963 an
3457 1925 3592 1964 unus

2003 1993 2278 2063 utriusque
2317 1994 2386 2048 sit
2435 1994 2722 2064 legislator.
2771 1994 3050 2063 Recipiunt
3093 1996 3252 2066 igitur
3279 1998 3426 2067 prius
3452 1998 3589 2066 hoc,

2001 2097 2064 2136 ac
2119 2091 2228 2136 tum
2287 2084 2501 2136 demum
2559 2083 2624 2138 ad
2689 2084 2815 2137 illttd
2881 2085 3108 2139 alterum
3157 2086 3240 2140 eis
3301 2090 3596 2157 responde-

2005 2178 2196 2230 bimus.
2241 2178 2296 2233 Si
2353 2180 2494 2232 enim
2544 2193 2637 2232 eos
2687 2179 2789 2233 hoc
2845 2190 2901 2233 ut
2961 2179 3278 2248 admittant,
3325 2197 3388 2238 ac
3436 2184 3592 2238 nobis

2004 2271 2364 2325 assentiamur
2392 2315 2406 2340 ,
2457 2273 2696 2344 coegeris
2725 2315 2740 2339 ,
2785 2274 3094 2329 universum
3135 2275 3348 2330 illorum
3395 2277 3588 2348 dogma

2003 2371 2236 2416 corruet.
2288 2361 2579 2430 Comperto
2619 2362 2761 2418 enim
2811 2366 2971 2418 etiam
3013 2364 3221 2420 Veteris
3262 2368 3592 2424 Testamenti

2003 2451 2248 2506 eumdem
2283 2452 2639 2523 legislatorem
2671 2469 2792 2510 esse
2821 2497 2837 2520 ,
2881 2457 3018 2510 sicut
3059 2471 3246 2511 revera
3276 2467 3398 2526 est,
3433 2459 3592 2516 linem

2005 2541 2219 2598 habebit
2245 2544 2419 2598 omnis
2449 2545 2661 2598 illorum
2689 2546 2966 2600 nobiscum
3007 2549 3393 2602 controversia.
3439 2551 3590 2604 Atta-

2006 2649 2127 2688 men
2173 2650 2240 2687 ne
2283 2636 2364 2688 vel
2404 2634 2528 2688 hinc
2569 2636 2852 2690 turbcmini
2877 2675 2894 2702 ,
2936 2635 3276 2694 advertamus
3316 2638 3595 2710 diligenter

2008 2724 2120 2778 lure
2147 2725 2328 2778 verba.
2361 2724 2476 2778 Non
2506 2726 2647 2780 enim
2675 2725 2808 2779 dixit
2833 2767 2848 2793 ,
2881 2725 2995 2782 Una
3021 2726 3237 2796 quidem
3280 2743 3432 2782 serva
3451 2771 3465 2793 ,
3489 2745 3592 2784 una

2004 2828 2132 2867 vero
2161 2814 2367 2868 libera:
2395 2814 2488 2869 sed
2517 2855 2532 2880 ,
2569 2813 2684 2869 Una
2723 2815 2924 2886 quidem
2954 2815 3008 2869 in
3054 2817 3339 2870 servitutem
3383 2820 3594 2888 gignem

2006 2903 2190 2974 (Ibid.)
2225 2922 2238 2958 :
2271 2919 2368 2958 nec
2393 2907 2570 2959 statim
2599 2919 2752 2960 senva
2775 2915 2856 2960 cst
2883 2947 2896 2970 ,
2935 2921 3056 2976 quae
3085 2907 3136 2961 in
3164 2909 3476 2963 servitutem
3507 2912 3590 2980 gi-

2004 2995 2120 3065 gnit
2143 3013 2156 3049 :
2181 2995 2358 3050 ethoc
2387 2997 2556 3065 ipsum
2582 2998 2647 3050 ad
2667 2999 2980 3052 servitutem
2997 3009 3176 3054 uatum
3203 3015 3322 3056 esse
3345 3017 3448 3055 non
3475 3017 3590 3056 ma-

2008 3086 2103 3139 tris
2155 3096 2239 3141 cst
2303 3088 2552 3154 crimen,
2602 3089 2695 3142 sed
2745 3090 3084 3158 parvulorum
3130 3092 3220 3162 qui
3277 3103 3589 3148 nascuntur.

2007 3178 2268 3244 Quoniam
2289 3181 2438 3234 ettim
2483 3196 2576 3235 sua
2611 3182 2812 3236 malitia
2844 3183 3050 3253 seipsos
3081 3183 3324 3242 libertate
3351 3187 3594 3258 privare.

2007 3279 2130 3327 runt
2161 3315 2175 3339 ,
2207 3282 2263 3328 et
2299 3289 2330 3327 a
2364 3273 2486 3342 jure
2529 3274 2868 3344 ingenuitatis
2898 3275 3212 3332 exciderunt
3243 3320 3258 3344 ,
3303 3294 3406 3332 non
3437 3295 3591 3336 secus

2005 3378 2163 3433 quam
2195 3363 2434 3434 ingratos
2462 3377 2649 3419 servos
2679 3366 2924 3419 tractavit
2947 3379 3042 3421 cos
3078 3367 3218 3423 Deus
3249 3409 3265 3435 ,
3300 3377 3506 3424 terrore
3532 3387 3593 3424 ac

2007 3455 2165 3508 minis
2199 3457 2485 3526 castigans.
2517 3455 2656 3524 Quin
2695 3466 2752 3511 et
2787 3458 2945 3512 hodie
2983 3461 3133 3530 multi
3176 3471 3355 3530 patres
3394 3462 3592 3517 liberes

2006 3559 2133 3600 suos
2155 3561 2260 3600 non
2294 3555 2348 3599 ut
2369 3545 2528 3613 filios,
2560 3546 2653 3602 sed
2670 3555 2736 3626 ut
2761 3561 2947 3602 servos
2983 3560 3128 3604 metu
3159 3559 3442 3606 coercent:
3473 3568 3592 3621 quae

2005 3640 2160 3708 culpa
2192 3655 2295 3693 non
2323 3648 2599 3708 parentum
2622 3650 2724 3706 est,
2765 3641 2860 3695 sed
2885 3643 3134 3707 liliorunt,
3164 3643 3252 3713 qui
3281 3659 3440 3700 causa
3481 3647 3592 3701 fue-

2008 3739 2132 3784 runt
2159 3731 2468 3800 parentibus
2493 3739 2547 3784 ut
2568 3731 2818 3787 servilem
2848 3733 2900 3786 in
2934 3733 3148 3788 modum
3189 3735 3254 3789 ab
3281 3736 3360 3790 eis
3386 3736 3586 3792 educa-

2005 3831 2208 3876 rentur.
2236 3821 2498 3878 Eumdem
2527 3821 2593 3876 ad
2621 3822 2839 3878 modum
2877 3825 3037 3878 etiam
3069 3825 3207 3880 Deus
3235 3825 3355 3896 ejus
3383 3837 3592 3898 tempo-

2007 3913 2080 3966 ris
2101 3914 2355 3984 populum
2381 3915 2676 3968 terroribus
2699 3929 2762 3968 ac
2794 3915 2966 3984 pinnis
2992 3915 3289 3980 erudiebat,
3310 3919 3590 3974 nonaliter

2009 4019 2165 4072 quam
2213 4005 2412 4058 nullius
2455 4004 2620 4074 frugis
2661 4019 2914 4068 servmn;
2968 4021 3068 4059 nec
3119 4015 3294 4060 tamen
3341 4007 3454 4061 h.-t-c
3499 4009 3597 4063 Dei

2007 4095 2160 4164 culpa
2189 4095 2303 4160 fuit,
2333 4105 2424 4148 aut
2443 4095 2593 4164 legis,
2625 4095 2716 4150 sed
2739 4095 3044 4150 Julia-orum
3095 4099 3460 4165 respnentiutu
3489 4097 3596 4153 free

2009 4202 2166 4251 num,
2199 4195 2254 4241 et
2279 4185 2478 4240 duriori
2507 4187 2663 4242 freno
2688 4203 2822 4257 opus
2860 4187 3190 4242 habentium.
3231 4189 3501 4260 Siquidem
3539 4191 3592 4248 in

2009 4276 2125 4345 ipso
2150 4275 2330 4331 Veteri
2349 4277 2690 4336 Testamento
2710 4279 2906 4334 multos
2937 4281 3174 4350 reperire
3201 4281 3343 4346 licet,
3367 4283 3454 4352 qtti
3485 4299 3593 4338 non

2008 4369 2075 4422 ad
2110 4370 2354 4424 eamdem
2393 4371 2500 4424 sint
2541 4371 2694 4426 tracti
2734 4371 3066 4441 disciplinam
3095 4415 3111 4439 ,
3149 4384 3205 4426 ιιι
3229 4375 3356 4428 Abel
3383 4416 3398 4440 ,
3434 4375 3544 4429 Noe
3580 4420 3594 4435 .

2008 4457 2276 4513 Abraham
2305 4500 2320 4525 ,
2347 4459 2524 4525 Isaac,
2553 4459 2720 4514 .lacob
2739 4502 2752 4522 ,
2778 4460 2977 4529 Joseph
2997 4504 3012 4528 ,
3033 4461 3205 4516 Moses
3224 4505 3236 4526 ,
3267 4463 3411 4518 Elias
3433 4507 3446 4530 ,
3481 4465 3588 4518 Eli-

2009 4563 2148 4602 szens
2175 4588 2189 4612 ,
2219 4555 2275 4601 et
2301 4561 2488 4602 omnes
2517 4549 2606 4615 qui
2651 4548 2783 4602 Novi
2831 4549 3156 4604 Testamenti
3192 4552 3430 4606 instituta
3470 4567 3590 4606 sunt

2009 4637 2277 4692 tumulati:
2307 4653 2413 4692 non
2460 4639 2602 4692 enim
2641 4649 2848 4694 terrore
2878 4655 2943 4694 ac
2981 4641 3172 4710 pmnis,
3217 4657 3314 4695 ncc
3345 4643 3502 4696 minis
3530 4659 3590 4697 ac

2011 4732 2240 4799 mutetis,
2271 4733 2368 4787 sed
2397 4745 2582 4786 amore
2609 4731 2698 4786 Dci
2726 4773 2742 4798 ,
2776 4741 2830 4786 et
2859 4731 3083 4786 ferventi
3113 4748 3237 4802 erga
3277 4734 3421 4787 illum
3463 4736 3584 4789 all'e-

2010 4824 2187 4878 ctione
2219 4822 2352 4877 tales
2371 4837 2495 4892 erga
2527 4823 2688 4877 Deum
2730 4831 2854 4876 sunt
2891 4823 3082 4876 redditi
3106 4865 3118 4886 ,
3148 4817 3330 4893 quales
3357 4824 3590 4879 fuerunt.

2009 4915 2124 4970 Non
2151 4915 2293 4969 enim
2319 4929 2454 4984 opus
2481 4913 2745 4968 habebant
2771 4913 3054 4980 mandatis,
3077 4929 3248 4981 neque
3267 4916 3595 4984 prmscriptis

2010 5016 2064 5061 et
2093 5007 2320 5077 legibus,
2353 5015 2409 5059 ut
2435 5005 2685 5059 virtutem
2723 5015 3058 5059 sectarentur
3082 5019 3144 5058 ac
3165 5005 3289 5058 vitia
3324 5004 3592 5075 fugerent:

2011 5099 2105 5154 sed
2135 5109 2190 5154 ut
2217 5098 2428 5168 ingenui
2461 5106 2514 5151 et
2556 5097 2759 5150 liberali
2804 5096 3018 5166 ingenio
3061 5095 3150 5149 lilii
3178 5139 3191 5164 ,
3232 5105 3592 5165 agnoscentes

2011 5205 2160 5245 suam
2191 5189 2576 5254 conditionem,
2606 5187 2805 5258 alisque
2832 5197 2974 5241 metu
3005 5187 3112 5240 ullo
3129 5197 3220 5240 aut
3242 5188 3593 5258 castigatione

2015 5285 2064 5337 in
2089 5284 2300 5337 virtutis
2325 5294 2498 5337 casmt
2531 5297 2588 5336 se
2619 5281 2996 5335 contulerunt:
3024 5281 3288 5349 reliquum
3319 5297 3447 5334 vero
3474 5282 3590 5334 vul-

2011 5391 2108 5444 gus
2151 5373 2454 5428 Judmorum
2490 5415 2504 5440 ,
2541 5374 2792 5444 quoniam
2841 5373 2906 5426 ad
2955 5371 3210 5424 malitiam
3255 5369 3594 5438 defecerant,

2016 5467 2148 5537 legis
2187 5467 2340 5520 freno
2389 5467 2694 5520 necessario
2739 5464 3020 5519 coercendi
3075 5465 3305 5517 fuerunt.
3361 5463 3592 5540 ideoque

2012 5570 2293 5630 postquam
2328 5559 2549 5620 vitulum
2598 5563 2866 5612 tinxerunt
2895 5600 2910 5624 ,
2941 5565 2994 5610 et
3040 5557 3287 5628 sculptile
3336 5558 3596 5612 adoraVe-

2014 5659 2165 5717 ruttt,
2193 5659 2304 5703 tum
2331 5649 2546 5703 detnum
2575 5649 2877 5713 audierunt,
2909 5645 3158 5701 Dominus
3185 5646 3319 5700 Deus
3349 5659 3464 5701 tuus
3491 5647 3596 5702 Do-

2014 5741 2180 5802 minus
2209 5757 2340 5795 unus
2367 5741 2480 5812 εει(
2507 5737 2653 5793 Deut.
2679 5739 2732 5794 6.
2761 5739 2795 5793 ιι
2821 5742 2874 5807 );
2909 5749 3253 5808 posteaquam
3282 5739 3460 5796 ca-dcs
3501 5743 3590 5808 pa-

2023 5843 2291 5890 travcrunt
2356 5842 2409 5888 ct
2465 5846 2659 5888 uxores
2713 5831 2942 5904 proximi
3015 5841 3431 5904 stulti-avorum,
3473 5841 3594 5888 nuit:
