4058 6258
408 370 530 424 -287

409 480 745 535 ‘audivcrunt
773 519 785 539 ,
820 474 935 529 Non
969 473 1161 528 occides
1192 514 1206 539 ,
1242 488 1339 526 non
1367 468 1723 525 tita'ehaberis:
1754 477 1805 521 et
1841 466 1999 519 simili

430 568 591 625 modo
614 569 812 635 reliqua
840 564 1034 618 omnia.

480 662 555 715 -7.
589 660 766 727 Itaque
806 670 910 709 non
942 664 1024 708 est
1064 653 1383 722 vitupcrium
1428 650 1561 721 legis
1586 648 1726 720 quod
1756 647 1932 717 puniat
1952 653 2005 697 ct

430 753 689 816 ainlctet,
717 757 772 804 et
795 762 987 803 servus
1007 746 1150 800 velut
1178 744 1451 814 improbos
1478 741 1728 797 emendet
1752 756 1814 795 ac
1833 739 2001 795 casti-

431 852 542 912 get,
568 840 664 896 sed
694 839 1015 910 paeonium
1043 839 1267 907 insigne.
1301 851 1399 890 nec
1427 835 1659 905 vulgaris
1687 833 1802 887 laus
1821 873 1836 897 ,
1862 829 2003 901 quod

433 950 531 989 eos
552 935 642 1004 qui
661 932 727 987 ad
753 941 1044 988 extremam
1069 930 1329 984 malitiam
1365 927 1592 998 prolapsi
1618 924 1826 979 t‘uerant
1854 962 1870 987 ,
1907 938 2002 990 pu-

436 1025 593 1081 tucrit
622 1024 910 1079 severitate
953 1036 1049 1076 sua
1087 1021 1314 1075 liberare
1341 1034 1371 1072 a
1398 1018 1539 1071 vitiis
1560 1058 1576 1082 ,
1609 1016 1928 1082 motlireque
1952 1021 2006 1067 rt

434 1121 788 1185 obsequentes
833 1113 1014 1184 gratiae
1075 1112 1281 1173 facere,
1321 1120 1481 1178 atque
1530 1107 1596 1161 ad
1634 1120 1824 1161 novam
1872 1103 2007 1156 lrane

438 1209 825 1279 pltilOSOpltialtt
838 1221 937 1261 ceu
950 1205 1086 1259 viam
1111 1201 1392 1273 quamdam
1413 1210 1671 1256 sternere.
1700 1197 1843 1253 Idem
1864 1196 2006 1252 enim

435 1301 663 1372 Spiritus
710 1309 823 1354 tum
865 1298 918 1352 in
959 1295 1134 1350 Veteri
1183 1293 1561 1355 Testamento,
1601 1299 1711 1344 tum
1762 1288 1814 1341 in
1862 1286 2008 1341 Novo

438 1391 784 1465 dispensabat
832 1387 1010 1444 omnia
1038 1428 1052 1455 ,
1101 1386 1226 1441 licet
1261 1384 1473 1439 diverso
1510 1380 1689 1436 modo.
1721 1380 2007 1448 Propterea

439 1484 632 1539 Paulus
644 1482 853 1537 dicebat
873 1496 887 1535 :
907 1478 1153 1533 Habentes
1168 1484 1334 1529 autem
1353 1473 1581 1528 eumdem
1597 1470 1844 1540 Spiritum
1867 1468 2007 1537 ﬁdei,

440 1572 566 1627 sicut
593 1573 831 1642 scriptum
861 1580 933 1623 est
951 1610 964 1629 .
984 1565 1209 1631 Credidi,
1242 1572 1446 1635 propter
1468 1561 1602 1632 quod
1624 1562 1858 1631 loquutus
1878 1575 2005 1612 sum.

515 1665 714 1717 Marum
741 1660 1098 1730 probitasJum
1122 1655 1243 1725 ﬁdei
1258 1653 1543 1708 sinceritate
1546 1648 2014 1722 jungentla.—Nec

443 1754 610 1808 solum
642 1761 859 1822 propter
886 1749 985 1804 huc
1009 1748 1164 1809 dixit,
1202 1743 1449 1798 Eumdem
1469 1741 1722 1809 spiritum,
1741 1734 1834 1795 sed
1861 1746 1914 1791 et
1940 1737 2014 1791 ob

426 1849 595 1900 ‘aliam
636 1858 740 1898 non
771 1841 1023 1896 leviorem
1054 1851 1267 1891 causam
1299 1875 1312 1895 ,
1334 1849 1493 1903 quam
1526 1830 1768 1885 volebam
1797 1828 2011 1898 quidem

404 1949 585 1991 “amne
628 1932 858 1997 afferre;
887 1929 982 1984 sed
1029 1927 1232 1982 veritus
1277 1938 1342 1977 ne
1383 1920 1621 1992 pluribus
1662 1915 1863 1989 gravati
1904 1915 2013 1985 jam

418 2027 699 2080 Edictorum
727 2017 1129 2078 obliviscamini,
1160 2016 1210 2069 in
1229 2014 1383 2068 aliam
1407 2012 1547 2067 diem
1575 2009 1723 2065 vobis
1751 2023 1872 2062 cum
1901 2020 2013 2061 ser-

408 2132 653 2173 qnouctn
674 2112 898 2169 servabo
922 2151 937 2175 ,
967 2109 1173 2165 interim
1198 2106 1435 2160 hortatus
1454 2143 1470 2169 ,
1504 2110 1560 2156 ut
1587 2108 1902 2172 praesentem
1933 2106 2017 2152 to-

424 2218 554 2262 ‘tum
582 2208 630 2261 in
661 2203 970 2260 memoriam
1005 2197 1300 2255 recondatis
1333 2237 1349 2260 ,
1381 2206 1539 2263 atque
1577 2193 1859 2262 diligenter
1886 2189 2011 2244 reti-

406 2296 616 2352 rneatis
652 2336 669 2358 ,
696 2304 865 2363 utque
912 2291 1134 2344 virtutes
1183 2286 1509 2339 Christianas
1545 2297 1665 2338 cum
1715 2280 2017 2351 dogmatum

441 2389 675 2458 {unitate
711 2382 1078 2454 ueniungatis:
1117 2378 1181 2433 Ut
1223 2379 1293 2432 sic
1324 2377 1413 2444 ﬁat
1437 2376 1627 2443 integer
1655 2371 1802 2425 homo
1834 2369 1927 2423 Dei
1955 2368 2022 2422 ad

406 2495 595 2533 “autne
617 2492 741 2547 Opus
764 2474 944 2526 bonum
966 2477 1281 2540 praeparatus
1306 2467 1379 2537 (Ξ.
1404 2464 1533 2520 Tim.
1561 2464 1613 2518 5.
1639 2459 1720 2532 l7)
1749 2458 2024 2529 :quando-

405 2569 660 2638 squidem
685 2562 832 2617 nihil
883 2561 1034 2614 nobis
1072 2556 1334 2628 profuerit
1380 2562 1524 2609 recte
1567 2553 1764 2606 sentire
1794 2590 1808 2615 ,
1835 2549 1878 2603 si
1918 2549 2021 2601 vita

407 2653 856 2711 “interinrfuerit
881 2650 1037 2705 malis
1064 2648 1302 2703 moribus
1331 2645 1509 2699 vitiata
1535 2662 1549 2697 :
1580 2640 2022 2713 quemadmodum

438 2755 635 2807 contra
658 2741 1026 2813 uihiiprodest
1049 2741 1157 2793 vita
1187 2739 1526 2806 incorrupta,
1566 2735 1665 2789 nisi
1703 2731 1923 2789 accedat
1958 2730 2024 2784 li-

454 2834 772 2905 ici__quoque
796 2831 1090 2887 sinceritas.
1141 2828 1207 2885 Ut
1234 2827 1388 2897 igitur
1430 2827 1689 2895 integram
1742 2821 2024 2877 utilitatem

426 2936 839 2994 =conscquamur
864 2962 879 2988 ,
909 2921 1155 2988 utrinque
1183 2917 1335 2972 nobis
1366 2914 1737 2985 provideamus
1767 2953 1783 2978 ,
1825 2911 2026 2966 fructus

446 3016 608 3071 etiam
634 3026 923 3083 generosos
964 3011 1016 3064 in
1059 3009 1176 3063 aliis
1220 3005 1588 3077 prolerentes:
1617 3012 1818 3058 etcum
1845 3001 2029 3071 primis

451 3106 867 3175 eluemosynam,
887 3101 954 3157 de
983 3116 1084 3171 qua
1112 3100 1271 3154 etiam
1301 3112 1469 3168 nuper
1495 3096 1561 3150 ad
1592 3109 1687 3150 vos
1710 3093 1872 3149 verba
1904 3092 2025 3158 feci,

450 3212 640 3267 nutgua
665 3210 783 3249 cum
811 3193 1048 3264 largitate
1062 3203 1221 3259 atque
1240 3191 1509 3244 alacritate
1533 3187 1672 3241 illam
1692 3193 2026 3240 exercentes.

445 3286 556 3352 Qui
583 3286 725 3340 enim
765 3299 912 3352 parce
946 3281 1275 3343 srminat,a'.t
1298 3278 1590 3347 Scriptura,
1619 3291 1772 3345 pane
1792 3283 1840 3329 et
1863 3282 2028 3327 metet:

450 3386 496 3432 et
520 3375 606 3448 qui
623 3374 833 3429 seminat
869 3368 1419 3432 iul'benedictiouibus,
1445 3362 1948 3419 debenedictionibus
1974 3371 2022 3415 et

438 3476 594 3523 nictet
617 3464 694 3536 (2.
720 3463 837 3520 Cor.
869 3462 1014 3529 9.6).
1034 3460 1168 3527 Quid
1197 3457 1375 3524 est,ln
1387 3454 1873 3511 benedictionibus?
1898 3453 2030 3508 Cum

430 3573 644 3629 'magua
677 3557 940 3626 largitate.
985 3553 1083 3609 llic
1125 3551 1340 3622 quidem
1386 3550 1438 3603 in
1490 3547 1649 3603 rrbus
1692 3544 2036 3602 smcularibns

453 3661 559 3705 tam
591 3647 779 3702 messis
801 3660 958 3717 quam
988 3643 1242 3699 sementis
1267 3639 1576 3697 eorumdem
1607 3644 1689 3692 est
1727 3635 1988 3692 seminum
2018 3651 2031 3687 :

432 3755 577 3795 nam
608 3738 697 3808 qui
726 3737 856 3793 serit
887 3775 903 3803 ,
939 3735 1166 3790 triticum
1208 3741 1300 3786 aut
1340 3730 1598 3786 hordeum
1648 3729 1917 3792 seminat,
1945 3734 2036 3781 aut

452 3829 650 3903 aiiquid
689 3829 862 3884 simile
886 3866 903 3894 ,
940 3836 996 3884 et
1023 3826 1110 3896 qui
1152 3825 1334 3891 metit,
1380 3822 1607 3893 idipsum
1638 3820 1826 3886 metit;
1871 3830 1926 3875 at
1974 3819 2027 3874 in

443 3924 798 3993 clcemosyna
833 3935 936 3974 non
981 3918 1120 3972 idem
1153 3931 1251 3971 usu
1276 3915 1443 3970 venit.
1471 3912 1578 3969 Sed
1611 3912 1816 3983 spargis
1845 3924 2038 3980 argen-

457 4023 566 4068 tum
586 4055 601 4077 ,
631 4022 684 4067 et
706 4011 911 4081 colligis
943 4009 1185 4063 liduciam
1213 4021 1338 4075 erga
1370 4005 1572 4058 Deum:
1598 4003 1694 4057 das
1722 3999 2037 4071 pecuniam,

456 4113 511 4160 ct
538 4103 735 4172 accipis
785 4099 1153 4155 remissionem
1203 4103 1537 4164 peccatorum
1562 4108 1577 4147 :
1603 4092 1810 4162 praebes
1846 4106 2037 4161 panem

459 4210 523 4249 ac
551 4204 775 4255 vestem,
801 4199 856 4245 et
874 4201 978 4258 pro
1004 4184 1087 4240 his
1117 4199 1334 4255 regnum
1362 4184 1614 4239 cmlurum
1651 4183 1742 4237 tibi
1777 4191 1989 4251 paratur
2021 4221 2037 4245 ,

450 4279 811 4350 bonaqueilla
842 4275 1065 4336 inﬁnita,
1097 4289 1215 4343 qtae
1242 4288 1340 4329 nec
1367 4273 1551 4328 oeulos
1577 4272 1742 4338 vidit,
1767 4286 1866 4326 nec
1894 4272 2039 4326 auris

459 4371 680 4438 audivit,
707 4383 802 4424 uec
824 4367 877 4421 iu
893 4381 988 4421 cor
1007 4365 1241 4418 hominis
1257 4365 1616 4419 ascmnlerunt
1632 4363 1708 4433 (ι.
1733 4362 1852 4417 Cor.
1875 4363 1928 4417 2.
1955 4363 2038 4433 9):

448 4473 513 4519 et
539 4459 680 4532 quod
709 4469 789 4515 est
812 4458 1049 4513 omnium
1067 4456 1334 4510 bonorum
1364 4469 1569 4510 summa
1593 4496 1608 4518 ,
1642 4454 1832 4509 similis
1856 4453 2041 4510 efﬁce-

449 4555 534 4608 .ris
565 4552 691 4618 Dee,
719 4558 979 4620 quatenus
1009 4547 1060 4602 id
1091 4546 1290 4600 homini
1318 4556 1400 4600 est
1427 4545 1699 4614 possibile.
1739 4544 1872 4599 Nam
1912 4560 2034 4599 cum

446 4645 528 4698 de
573 4643 911 4710 elecmosyna
949 4648 1003 4693 et
1048 4636 1372 4706 benignitate
1412 4636 1758 4691 disseruisset
1804 4635 2043 4690 Christus

462 4733 771 4801 subiunxit:
801 4729 866 4785 Ut
897 4729 1179 4800 rﬁiciuntini
1204 4725 1393 4781 similes
1420 4726 1570 4782 Patri
1606 4737 1768 4781 vestro
1790 4728 1993 4782 celesti
2020 4768 2039 4793 ,

458 4824 545 4889 qui
589 4822 744 4876 solent
784 4836 929 4875 suum
965 4820 1089 4873 oriri
1122 4819 1269 4882 jubet
1299 4834 1450 4889 super
1490 4818 1652 4872 mulos
1679 4835 1737 4870 ac
1763 4818 1918 4871 bonos
1940 4858 1959 4885 ,
1995 4829 2042 4872 et

458 4913 600 4983 pluit
629 4929 781 4982 super
805 4913 976 4981 justos
1004 4926 1063 4962 ac
1088 4910 1303 4979 injustas
1336 4907 1546 4980 (.ilnttlt.
1580 4909 1630 4963 5.
1665 4909 1734 4963 45
1827 4909 1903 4964 Tu
1938 4925 2041 4963 non

451 5017 615 5080 putes
644 5005 771 5057 oriri
805 5003 994 5071 jubere
1033 5001 1198 5054 solem
1234 5041 1250 5066 ,
1285 5016 1457 5068 neque
1488 5000 1685 5053 itnbrcs
1712 4999 1996 5055 inunittcre
2024 5041 2040 5065 ,

453 5110 637 5167 suoque
680 5094 948 5149 bent-licus
985 5105 1105 5147 esse
1145 5090 1196 5144 iu
1231 5090 1412 5144 orbem
1443 5100 1702 5144 terrarum
1749 5098 1852 5144 tam
1892 5091 2046 5160 longe

465 5190 674 5257 lateque
698 5191 976 5255 patentem
1001 5198 1017 5239 :
1047 5190 1197 5236 utere
1244 5180 1578 5235 facultatibus
1620 5181 1723 5234 tuis
1747 5180 1813 5235 ad
1845 5182 2043 5236 beneﬁ-

462 5282 691 5335 centiam
710 5319 730 5343 ,
764 5284 829 5332 et
859 5276 1029 5330 factus
1048 5289 1109 5328 es
1132 5272 1321 5328 similis
1350 5272 1400 5326 ci
1423 5272 1510 5340 qui
1541 5273 1708 5326 solctu
1736 5290 1886 5327 suum
1915 5275 2043 5329 oriri

458 5373 610 5443 jubet
641 5411 656 5436 ,
684 5371 733 5423 in
756 5377 1010 5440 quantum
1041 5365 1309 5419 ltoutiucm
1338 5364 1445 5418 ilco
1479 5363 1705 5419 similent
1748 5366 1858 5420 lieri
1901 5367 2042 5422 ticet.

542 5465 594 5516 8.
623 5461 954 5529 Elccmosyna
981 5459 1130 5512 etiam
1158 5457 1380 5528 indignis
1411 5457 1581 5510 tiatur.
1634 5457 1824 5529 Segncs
1853 5470 2046 5514 revocat

469 5556 531 5604 ab
555 5552 655 5603 otio
697 5550 921 5614 Paulus,
944 5549 1031 5601 red
1067 5548 1277 5601 multum
1311 5548 1448 5601 abest
1488 5548 1605 5617 quin
1633 5564 1664 5601 a
1694 5550 1943 5619 benefarie
1965 5553 2048 5604 :da

471 5637 1196 5693 auertat.~—A:tim:ulrertitc
1226 5638 1509 5708 diligenter
1546 5655 1663 5708 qum
1691 5639 1810 5693 diro
1836 5659 1848 5694 :
1881 5641 2049 5710 Super

473 5735 626 5787 (auos
646 5746 705 5790 ac
727 5733 885 5785 malus
908 5772 921 5795 ,
954 5731 1143 5800 inquit.
1175 5730 1313 5799 Ergo
1342 5740 1393 5783 tn
1420 5746 1630 5800 quoque
1665 5732 1872 5802 quoties
1903 5735 2046 5789 elec-

1132 360 1189 416 S.
1230 356 1509 416 ιοᾹΝΝιε
1542 352 2021 414 CHRYSOSTOMI
2061 352 2374 408 ARCHIEP.
2416 350 2949 409 CONSTANTINOP.

3580 357 3685 415 388

2107 478 2386 534 mosyuam
2410 463 2541 518 facis
2565 506 2580 527 ,
2611 480 2677 518 ne
2718 465 2878 518 vitam
2923 464 3198 518 examines
3225 506 3240 532 ,
3264 480 3450 536 neque
3477 482 3685 524 moram

2106 556 2366 610 rationem
2395 569 2663 625 reposcas.
2694 555 3041 628 Eleemosyna
3068 557 3211 611 enim
3235 598 3251 623 ,
3283 558 3384 613 hoc
3408 567 3493 613 est
3521 560 3684 615 mise-

2109 647 2244 701 ratio
2275 689 2289 712 ,
2323 647 2443 702 ideo
2481 647 2677 702 dicitur
2701 686 2718 715 ,
2765 657 2823 703 ut
2858 648 3017 703 etiam
3064 648 3293 720 indignis
3322 651 3687 721 praebuimus:

2107 741 2199 813 qui
2227 743 2368 797 enim
2392 744 2697 810 miseratur,
2728 758 2837 797 non
2861 751 3004 798 recte
3026 744 3291 801 viventem
3309 784 3327 810 ,
3353 745 3451 800 sed
3473 760 3693 814 peccmo

2110 843 2215 888 tem
2257 835 2573 890 miseratur:
2603 849 2723 889 nam
2749 835 2837 904 qui
2863 845 3007 890 recte
3030 835 3177 896 vivit.
3206 835 3363 890 laude
3393 846 3478 890 est
3501 836 3692 906 dignus

2109 932 2164 978 et
2186 937 2384 978 corona
2410 941 2424 984 ;
2448 925 2537 994 qui
2574 939 2701 978 vero
2743 932 2928 994 peccat
2959 964 2975 986 ,
3005 924 3160 979 venia
3202 932 3258 979 et
3296 925 3688 980 misericordia.

2110 1016 2443 1084 Quapropter
2489 1015 2588 1069 hac
2619 1029 2832 1085 quoque
2866 1024 3021 1085 parte
3061 1015 3227 1068 Deum
3259 1015 3617 1080 imitabimur,
3649 1018 3693 1070 si

2112 1107 2272 1159 etiam
2304 1105 2455 1158 matis
2486 1105 2871 1174 benignitatem
2897 1114 3132 1159 nostram
3165 1120 3270 1159 non
3308 1105 3686 1161 subducamus.

2112 1193 2401 1250 Considera
2427 1193 2568 1249 enim
2595 1210 2751 1264 quam
2775 1194 2926 1249 multi
2955 1194 3141 1249 orbem
3165 1203 3430 1250 terrarum
3454 1194 3696 1251 habitent

2113 1285 2445 1355 blasphemi,
2491 1284 2771 1349 scelerati,
2803 1285 3217 1354 priestigiatores
3236 1327 3251 1349 ,
3279 1286 3532 1341 omnibus
3553 1288 3697 1340 vitiis

2115 1376 2327 1441 referti;
2353 1386 2586 1430 attamen
2615 1379 2711 1430 hos
2735 1391 2946 1446 quoque
2967 1391 3063 1446 per
3090 1377 3330 1447 singulos
3351 1376 3466 1431 dies
3493 1379 3696 1432 enutrit

2116 1467 2255 1522 Deus
2281 1507 2296 1532 ,
2329 1466 2528 1521 docens
2556 1481 2656 1521 nos
2674 1476 2730 1520 ut
2757 1467 3041 1522 universos
3073 1467 3322 1523 homines
3342 1466 3693 1523 beneﬁcentia

2113 1558 2554 1627 complectamur.
2587 1557 2696 1612 Nos
2730 1573 2855 1612 vero
2881 1559 3056 1614 omnia
3091 1558 3360 1615 contrario
3388 1559 3550 1614 modo
3574 1557 3700 1613 faci-

2115 1662 2399 1709 mns:n0n
2437 1652 2609 1702 solum
2642 1648 2785 1703 enim
2826 1648 3000 1704 malos
3040 1659 3096 1704 et
3141 1649 3414 1719 improbos
3452 1648 3701 1703 homines

2116 1751 2444 1803 aversamur,
2472 1739 2816 1794 verumetiam
2839 1754 2960 1793 cum
2990 1754 3151 1793 sanus
3165 1740 3429 1810 quispiam
3446 1754 3548 1794 nos
3567 1739 3700 1796 adit.

2116 1840 2210 1886 aut
2238 1842 2455 1901 propter
2479 1831 2817 1900 probitatem,
2843 1841 2933 1885 aut
2960 1841 3178 1902 propter
3200 1830 3504 1887 libertatem
3525 1871 3538 1893 .
3565 1830 3705 1885 forte

2118 1922 2279 1977 etiam
2312 1930 2525 1991 propter
2557 1922 2861 1991 plgritiam(
2892 1931 2949 1974 ut
2977 1931 3032 1977 et
3058 1923 3159 1976 hoc
3180 1920 3454 1993 addam),
3488 1923 3539 1976 in
3570 1937 3707 1992 pau-

2122 2020 2326 2083 pertate
2352 2013 2553 2073 vivens,
2588 2013 2802 2081 probra,
2830 2012 3182 2066 contumelias
3205 2051 3221 2076 ,
3255 2020 3309 2067 et
3334 2012 3611 2066 innumera
3651 2012 3707 2065 in

2120 2119 2242 2159 eum
2265 2104 2480 2174 jaculati
2505 2104 2728 2159 dicteria
2753 2145 2767 2169 ,
2792 2103 2975 2159 vacuis
2998 2104 3170 2174 ipsum
3210 2104 3457 2158 manibus
3480 2103 3709 2157 remitti-

2124 2209 2263 2261 mus,
2285 2194 2645 2249 valetudinem
2676 2193 3066 2262 exprobrantes
3096 2234 3109 2258 ,
3151 2193 3317 2247 otium
3338 2192 3659 2263 objicientes
3684 2234 3703 2257 ,

2124 2301 2311 2356 poenas
2336 2294 2703 2355 reposcentes.
2733 2284 2966 2340 llocciue
2991 2284 3173 2354 jussus
3190 2299 3250 2339 es
3273 2325 3288 2350 ,
3321 2299 3357 2338 θ
3386 2284 3547 2339 homo
3570 2323 3586 2349 ,
3609 2284 3711 2339 ob-

2121 2376 2337 2447 jurgare
2382 2386 2586 2430 tantum
2642 2390 2707 2430 ac
2759 2375 3038 2444 increpare
3081 2375 3322 2445 egt'ﬂOS?
3359 2374 3598 2430 Miser-ari
3648 2388 3714 2428 ae

2127 2467 2407 2522 sublevare
2432 2475 2797 2536 paupertatem
2824 2482 3008 2520 eorum
3033 2466 3191 2536 jussit
3222 2467 3381 2533 Deus,
3413 2480 3518 2520 non
3548 2466 3721 2519 ratio-7

2128 2572 2251 2612 nem
2276 2572 2558 2627 reposcere
2577 2572 2641 2612 ac
2661 2557 2968 2612 conviciari.
3001 2558 3105 2612 Sed
3133 2559 3209 2611 vis
3241 2559 3377 2613 illius
3404 2572 3581 2611 mores
3596 2573 3715 2610 cor-

2129 2647 2319 2718 rigere,
2349 2659 2402 2703 et
2431 2646 2698 2702 hominem
2723 2648 2948 2703 inertem
2973 2664 3003 2702 a
3032 2648 3256 2718 segnitie
3287 2664 3381 2703 sua
3409 2658 3714 2703 revocatum

2129 2739 2194 2792 ad
2236 2753 2371 2808 opus
2400 2739 2612 2808 aliquod
2641 2740 2944 2809 applicare?
2971 2740 3044 2794 Da
3072 2741 3237 2810 prius,
3270 2755 3334 2795 ac
3360 2751 3471 2795 tum
3499 2740 3720 2795 demum

2132 2829 2368 2899 increpa,
2402 2839 2459 2883 ut
2480 2846 2586 2884 non
2608 2830 2938 2885 crudelitatis
2974 2841 3253 2901 suspectus
3275 2831 3371 2886 llas
3392 2873 3406 2897 ,
3435 2831 3532 2887 sed
3570 2832 3719 2886 beni-

2131 2919 2352 2989 gnitatis
2397 2920 2609 2975 laudem
2651 2931 2910 2990 reportes.
2940 2922 3075 2976 Eunt
3107 2923 3248 2977 enim
3277 2924 3363 2993 qui
3410 2923 3541 2977 nihil
3584 2923 3721 2977 dans

2135 3017 2338 3062 tantum
2365 3010 2671 3080 opprobrat,
2696 3021 2971 3066 aversatur
2995 3027 3196 3083 pauper
3225 3053 3240 3078 ,
3268 3021 3321 3068 et
3361 3013 3545 3083 inique
3573 3013 3674 3067 fert
3698 3053 3715 3078 .

2133 3115 2196 3155 ac
2221 3116 2289 3156 ne
2338 3103 2577 3171 aspicere
2624 3104 2839 3172 quidem
2894 3104 3249 3169 sustinet;et
3296 3104 3510 3160 merito.
3556 3104 3715 3157 Putat

2134 3192 2276 3246 enim
2302 3206 2407 3246 non
2435 3192 2578 3263 quod
2601 3193 2735 3249 bene
2763 3195 2868 3250 sibi
2895 3195 3058 3260 velit,
3101 3194 3195 3249 sed
3216 3194 3354 3265 quod
3378 3194 3509 3250 dare
3537 3194 3678 3248 nolit
3703 3233 3721 3255 .

2136 3280 2528 3351 obiurgatorem
2555 3298 2677 3337 eum
2720 3298 2843 3340 esse
2876 3300 2892 3349 ;
2920 3285 2988 3337 ita
3019 3294 3075 3339 ut
3101 3301 3288 3340 revera
3319 3294 3421 3340 est.
3453 3284 3554 3354 Qui
3592 3300 3724 3339 vero

2143 3383 2486 3443 posteaquam
2522 3373 2672 3430 dedit
2715 3375 2999 3446 obiurgat,
3041 3377 3164 3433 facit
3203 3387 3262 3432 ut
3307 3377 3492 3432 libenti
3540 3377 3724 3432 animo

2138 3462 2441 3533 objurgatio
2487 3478 2583 3519 sua
2634 3465 2918 3535 recipiatur
2946 3482 3052 3521 :eo
3089 3468 3229 3538 quod
3262 3482 3366 3522 non
3395 3482 3614 3538 prop'er
3642 3469 3746 3537 in-_

2143 3557 2548 3623 humanitatem,
2578 3557 2672 3613 sed
2706 3568 2922 3629 propter
2949 3560 3372 3615 benevolentiam
3402 3561 3726 3630 increpatio-

2140 3663 2261 3702 nem
2284 3648 2540 3704 adhibere
2560 3648 2823 3704 videatur.
2855 3651 2945 3705 Sic
2970 3653 3128 3706 etiam
3177 3652 3373 3706 Paulus
3411 3651 3534 3706 fecit
3561 3670 3575 3713 ;
3603 3667 3724 3706 cum

2141 3742 2281 3795 enim
2307 3741 2560 3798 dixisset:
2587 3742 2687 3810 Qui
2713 3760 2813 3798 non
2832 3745 2935 3798 vult
2961 3747 3179 3815 aperari,
3211 3762 3274 3799 ne
3293 3746 3407 3800 edat
3435 3746 3525 3815 (2.
3545 3744 3726 3799 Thess.

2144 3833 2198 3886 '5.
2231 3833 2297 3887 i0
2325 3832 2363 3902 ),
2406 3832 2644 3903 adjungit
2679 3833 3105 3891 exhortationem
3147 3836 3370 3891 dicens:
3413 3835 3512 3891 Vos
3559 3846 3729 3889 autem

2142 3920 2328 3976 bonum
2375 3923 2613 3993 facientes
2653 3940 2715 3977 ne
2752 3925 2997 3993 deﬁciatis
3026 3924 3153 3998 (Ib.
3178 3942 3225 3979 υ.
3256 3926 3383 3997 i5).
3408 3927 3569 3995 Atqui
3613 3925 3732 3980 hac

2146 4024 2407 4083 pra'ccpta
2449 4017 2717 4071 contraria
2768 4031 2889 4072 esse
2931 4018 3194 4073 videntur.
3254 4018 3308 4073 Si
3353 4018 3496 4073 enim
3528 4016 3737 4074 otiosos

2147 4122 2251 4160 non
2273 4108 2679 4175 oportetcibmn
2707 4123 2900 4177 capere
2923 4150 2938 4174 ,
2963 4110 3232 4179 quomodo
3254 4110 3412 4179 jubes
3442 4110 3582 4165 bene
3605 4111 3733 4164 talio

2148 4198 2246 4252 bus
2279 4197 2483 4253 laerrc?
2504 4198 2608 4253 Sed
2641 4213 2746 4253 non
2775 4209 2901 4254 sunt
2922 4200 3187 4254 contraria
3207 4217 3222 4254 ε
3242 4200 3398 4255 absit.
3432 4199 3556 4255 Ideo
3584 4200 3736 4254 enim

2150 4286 2251 4341 hoc
2274 4286 2411 4354 dixi,
2437 4287 2626 4358 inquit,
2654 4289 2752 4355 Qui
2783 4305 2881 4342 non
2908 4291 3010 4344 vult
3039 4291 3263 4360 operari,
3289 4306 3352 4344 ne
3370 4291 3508 4355 edat,
3538 4304 3644 4345 non
3680 4301 3737 4343 ut

2147 4392 2242 4433 eos
2276 4378 2365 4448 qui
2394 4379 2589 4448 alioqui
2618 4378 2858 4449 largituri
2900 4389 3094 4447 erant,
3133 4392 3432 4436 averti-rem
3485 4396 3518 4435 a
3559 4379 3735 4435 danda

2147 4469 2506 4540 eleemosyna,
2533 4469 2629 4524 sed
2661 4479 2718 4523 ut
2743 4471 2793 4523 in
2821 4470 2931 4524 otio
2953 4471 3190 4525 viventes
3211 4485 3240 4524 a
3270 4470 3498 4539 segnitie
3525 4484 3619 4525 sua
3648 4485 3739 4525 re-

2149 4573 2418 4613 vocarent.
2451 4558 2629 4627 Itaque
2645 4575 2767 4614 cum
2800 4559 2948 4627 dicit,
2981 4560 3066 4614 Ne
3093 4562 3246 4625 edat,
3280 4561 3400 4616 illos
3424 4561 3738 4617 exstimulat

2149 4647 2215 4702 ad
2245 4648 2499 4709 laborent.
2528 4649 2939 4704 comminatione
2964 4650 3062 4706 hac
3086 4651 3335 4706 territos:
3358 4666 3479 4705 cum
3507 4666 3635 4706 vero
3657 4651 3742 4705 di-

2150 4736 2246 4803 cit,
2278 4735 2477 4791 Banuin
2499 4737 2737 4808 facientes
2757 4755 2819 4792 ne
2840 4738 3108 4808 deﬁciatis,
3142 4740 3239 4794 bos
3258 4740 3456 4795 excitat
3475 4738 3545 4794 ad
3567 4740 3737 4794 bene-

2152 4827 2416 4882 ﬁcentiam
2434 4868 2450 4893 ,
2488 4827 2606 4882 utili
2632 4828 3006 4884 exhortatione
3030 4829 3311 4899 impulsos.
3331 4829 3408 4884 Ne
3434 4830 3579 4885 enim
3610 4830 3739 4898 qui-

2150 4918 2272 4973 dam
2295 4918 2633 4974 retraherent
2660 4935 2848 4974 manus
2874 4919 3056 4975 audito
3085 4935 3189 4991 qua
3218 4921 3291 4975 illi
3319 4921 3742 4976 comminatione

2155 5009 2433 5072 feriantur,
2451 5008 2523 5063 ad
2553 5009 2958 5064 beneﬁcentiam
2989 5009 3073 5065 his
3095 5011 3273 5065 verbis
3298 5011 3419 5066 illos
3442 5020 3742 5079 provocat;

2150 5100 2350 5157 Bonum
2384 5101 2623 5172 faciendo
2663 5090 2725 5156 ne
2765 5103 3033 5171 deﬁciatis.
3076 5103 3254 5174 Itaque
3292 5101 3510 5158 etiamsi
3563 5102 3743 5157 otioso

2151 5195 2266 5259 des,
2295 5193 2490 5248 bonum
2515 5192 2713 5250 iecisti.

2221 5286 2275 5341 9.
2310 5285 2422 5342 Hoc
2460 5295 2515 5341 et
2551 5286 2605 5341 in
2649 5287 2991 5356 sequentibus
3033 5289 3370 5344 manifestum
3415 5288 3564 5344 fecit.
3605 5287 3742 5344 Cum

2153 5377 2294 5432 enim
2328 5377 2550 5434 dixisset
2581 5395 2595 5434 :
2626 5378 2688 5434 Si
2711 5381 2822 5447 quis
2847 5397 2946 5434 non
2971 5380 3114 5435 audit
3138 5397 3393 5436 sermones
3418 5390 3615 5435 nostros
3654 5395 3743 5449 per

2149 5469 2445 5535 epistolam,
2477 5470 2612 5521 hunc
2638 5469 2885 5533 indicate,
2917 5480 2965 5524 et
2997 5485 3061 5525 ne
3098 5486 3195 5525 con
3217 5471 3525 5525 misceantini
3550 5470 3626 5524 illi
3650 5470 3742 5539 (3.

2156 5556 2332 5612 Thess.
2360 5559 2413 5613 '5.
2447 5561 2556 5629 14),
2584 5571 2745 5630 atque
2775 5561 2873 5616 hoc
2912 5561 3071 5615 modo
3101 5561 3370 5617 hominem
3400 5562 3649 5632 eiecisset
3675 5575 3745 5615 ex

2155 5648 2390 5705 Ecclesia
2416 5690 2431 5714 ,
2459 5666 2670 5705 rursum
2710 5652 2816 5706 alio
2855 5652 3012 5707 modo
3040 5667 3162 5710 eum
3203 5652 3511 5708 reconciliat
3534 5693 3550 5716 ,
3585 5651 3744 5705 redu—

2156 5752 2284 5795 cens
2329 5740 2379 5793 in
2423 5743 2643 5810 gratiam
2684 5758 2804 5796 cum
2850 5742 2929 5798 eis
2975 5757 3002 5794 a
3042 5745 3237 5813 quibus
3278 5743 3479 5815 ejectus
3518 5740 3690 5797 fuerat
3726 5758 3743 5797 :
