4060 6260
444 312 549 370 239

444 436 619 502 ήγαγε
647 429 778 499 γοῦν
802 428 993 497 λέγων’
1018 426 1114 495 Μὴ
1134 428 1216 494 ὡς
1247 427 1485 497 ἐχθρὸν,
1523 426 1709 497 φησὶν,
1748 424 2011 496 ἡγεῖσθε,

440 513 580 570 ἀλλ’
607 514 688 578 ὡς
713 512 1002 581 ἀδελφόν.
1021 510 1231 580 Ὠσπερ
1256 506 1348 565 οὖν
1379 508 1567 573 εἰπὼν,
1600 509 1674 563 El
1698 526 1789 575 τις
1821 509 1893 563 οὐ
1923 506 2016 563 θέ-

442 601 532 652 λει
555 593 918 665 ἐργάζεσθαι,
932 591 1088 662 μηδὲ
1107 593 1374 658 ἐσθιέτω,
1395 593 1508 656 τοῖς
1535 592 1745 664 κυρίοις
1759 591 2013 645 ἐκέλευσε

442 680 643 750 πολλὴν
678 676 858 732 αὐτῶν
907 676 1175 730 ποιεῖσθαι
1215 675 1472 746 πρόνοιαν
1503 675 1699 730 πάλινο
1738 674 1881 729 οὕτω
1920 674 2017 728 καί

442 760 674 815 ἐνταῦθα
692 758 882 822 εἰπὼν,
917 763 976 814 Μ
980 759 1012 827 ἡ
1041 760 1574 828 συναναμίγνυσθε
1593 757 1773 823 αὐτῷ,
1796 757 1897 811 οὐκ
1912 757 2017 810 ἀπ-

446 842 672 915 έστησεν
694 840 858 896 αὐτοῦ
890 841 989 913 τῆς
1013 841 1333 912 ἐπιμελείας
1364 842 1492 906 τούς
1524 841 1844 905 ἀκούοντας,
1879 838 2014 892 ἀλλά

443 926 539 980 καὶ
600 925 806 997 σφόδρα
862 924 1044 988 αὐτοῖς
1089 923 1471 979 ἀντιλαϐέσθαι
1537 923 2011 994 παρεκελεύσατο,

443 1007 700 1079 προσθεὶς
726 1008 821 1061 καὶ
846 1006 1037 1071 εἰπὼν,
1081 1006 1192 1062 Καὶ
1235 1005 1322 1076 μὴ
1365 1007 1448 1072 ὡς
1490 1007 1708 1076 ἐχθρὸν
1748 1005 2013 1076 ἡγεῖσθε,

443 1092 582 1145 ἀλλ’
629 1091 710 1156 ὡς
745 1089 1034 1160 ἀδελφόν.
1088 1089 1422 1161 Ἐχωρίσθης
1469 1089 1635 1142 αὐτοῦ
1681 1089 1779 1159 τῆς
1828 1104 2009 1141 συνου-

447 1173 568 1237 σίας
591 1212 607 1237 ,
643 1171 778 1226 ἀλλά
805 1171 879 1243 μὴ
911 1171 1187 1243 χωρισθῇς
1214 1171 1315 1239 τῆς
1342 1171 1665 1241 κηδεμονίας
1685 1188 1699 1202 ο
1731 1170 2017 1239 ἀπέκοψας

442 1254 605 1308 αὐτὸν
635 1254 734 1325 τῆς
761 1255 1000 1316 συνόδου,
1029 1253 1103 1324 μὴ
1136 1252 1418 1326 ἀποκόψῃς
1449 1252 1611 1306 αὐτὸν
1640 1253 1740 1323 τῆς
1770 1252 2011 1322 ἀγάπης.

445 1337 553 1391 Kal
576 1336 685 1408 γὰρ
729 1336 859 1391 αὐτὸ
898 1334 1054 1389 τοῦτο
1097 1335 1164 1388 δι’
1197 1335 1416 1406 ἀγάπην
1455 1335 1717 1388 ἐκέλευσα
1746 1334 2014 1402 γίνεσθαι,

446 1410 533 1471 ἵνα
552 1418 630 1488 τῷ
655 1418 917 1488 χωρισμῷ
959 1417 1248 1487 γενόμενος
1274 1416 1521 1486 βελτίων,
1555 1416 1689 1488 πρὸς
1731 1416 1792 1469 τὸ
1829 1415 2015 1470 λοιπὸν

444 1501 719 1573 ἐπανέλθῃ
758 1500 945 1570 σῶμα·
998 1498 1121 1551 ἐπεὶ
1171 1499 1266 1551 καὶ
1320 1501 1367 1552 οἰ
1416 1498 1653 1569 πατέρες
1695 1498 1794 1568 τῆς
1837 1498 2016 1564 οἰκίας

443 1583 544 1653 τῆς
576 1582 788 1635 ἑαυτῶν
806 1579 1124 1633 ὲκσάλλουσι
1152 1580 1280 1643 τοὺς
1306 1579 1519 1645 παῖδας,
1553 1581 1651 1650 οὐχ
1673 1581 1760 1633 ἵνα
1784 1579 1889 1647 ἔξω
1917 1582 2016 1652 μέ-

444 1682 576 1718 νωσι
611 1663 872 1733 διηνεκῶς
894 1705 911 1729 ,
955 1660 1070 1714 ἀλλ’
1127 1662 1214 1715 ἴνα
1261 1662 1338 1733 τῷ
1386 1662 1487 1732 τῆς
1532 1662 1709 1725 οἰκίας
1763 1664 2016 1717 ἐκπεσεῖν

444 1745 725 1817 γενόμενοι
764 1743 1191 1817 σωφρονέστεροι
1214 1786 1228 1807 ,
1259 1746 1396 1817 πρὸς
1437 1744 1535 1815 τὴν
1585 1746 1761 1799 οἰκίαν
1794 1745 2017 1799 ἐπανέλ-

444 1827 578 1881 θωσι
615 1826 799 1882 πάλιν.
839 1828 982 1900 Πρὸς
1017 1830 1114 1899 μὲν
1141 1825 1234 1882 οὖν
1273 1829 1399 1890 τοὺς
1424 1827 1619 1897 ἀργίαν
1652 1828 1949 1896 ὲγκαλοῦντ

447 1908 607 1963 ἰκανά
628 1909 698 1961 τά
724 1910 1006 1980 εἰρημένα.
1924 1940 1931 1945 ·

526 1993 742 2063 Ἐπειδὴ
763 1994 820 2047 δὲ
844 1994 940 2047 καὶ
966 1993 1154 2065 ἕτερός
1184 1995 1299 2046 ἐστι
1330 1992 1544 2056 πολλοῖς
1581 1992 2016 2063 μεμελετημένος

443 2070 600 2144 λόγος
631 2075 767 2146 πρὸς
798 2075 1114 2143 ἀπολογίαν,
1163 2074 1559 2144 ἀπανθρωπίας
1600 2075 1694 2128 καί
1734 2075 2018 2144 ὠμότητος

443 2157 661 2229 γέμων,
700 2157 913 2228 ἀνάγκη
957 2158 1050 2212 καί
1088 2157 1276 2211 τοῦτον
1313 2156 1641 2227 διεξελέγξαι
1690 2157 1874 2220 πάλιν,
1919 2157 2017 2228 οὐχ

445 2242 532 2295 ἵνα
552 2241 849 2310 ἀπολογίας
875 2243 1071 2306 αὐτοὺς
1101 2241 1587 2314 ἀποστερήσωμεν,
1610 2240 1761 2313 [278]
1787 2242 1899 2295 ἁλλ’
1929 2243 2018 2297 ἵνα

445 2322 723 2393 πείσωμεν
751 2323 849 2395 τὴν
875 2323 975 2378 οὐκ
1006 2321 1192 2387 οὖσαν,
1237 2324 1356 2377 οὐδὲ
1379 2323 1694 2392 ὠφελοῦσαν
1722 2324 2017 2392 ἀπολογίαν

445 2405 765 2469 ἀποθέσθαι,
810 2405 910 2477 τὴν
936 2406 994 2460 δὲ
1020 2402 1187 2461 οὖσαν
1231 2406 1325 2461 καὶ
1371 2406 1673 2477 προστῆναι
1714 2405 2017 2476 δυναμένην

445 2487 538 2540 ἐπὶ
564 2486 657 2540 τοῦ
696 2486 937 2558 βήματος
965 2486 1060 2541 τοῦ
1099 2486 1369 2557 Χριστοῦ,
1404 2486 1609 2557 ταύτην
1652 2487 1741 2541 διὰ
1784 2488 1894 2541 τῶν
1936 2487 2018 2559 έρ-

445 2583 556 2636 γων
590 2568 818 2639 μελετᾷν
841 2569 1126 2639 διηνεκῶς.

516 2650 613 2713 Τίς
646 2645 738 2703 οὖν
780 2650 927 2704 ἐστιν
958 2653 990 2721 ή
1018 2650 1202 2721 ψυχρὰ
1239 2651 1334 2705 καί
1381 2650 1633 2722 ἀνόνητος
1662 2649 1772 2703 τῶν
1807 2648 2016 2704 πολλῶν

445 2731 738 2799 ἀπολογία;
773 2732 1137 2804 Παιδοτροφίᾳ
1165 2732 1330 2797 συζῶ,
1349 2735 1534 2803 φησὶν,
1552 2734 1728 2797 οἰκίας
1757 2734 2016 2805 προΐστα-

450 2830 568 2884 μαι,
607 2817 841 2882 γυναῖκα
867 2814 1074 2886 τρέφω,
1106 2814 1304 2880 πολλάς
1330 2816 1439 2886 έχω
1465 2815 1712 2887 δαπάνης
1746 2816 2014 2885 ἀνάγκας

445 2897 573 2952 ὅθεν,
598 2898 697 2951 οὐκ
736 2897 951 2969 εὐπορῶ
984 2899 1110 2962 τοὺς
1138 2900 1460 2968 προσιόντας
1491 2915 1581 2969 μοι
1606 2899 1796 2953 ἐλεεῖν.
1838 2901 1902 2953 Τί
1925 2900 2016 2953 λέ-

448 2996 602 3048 γεις;
634 2979 825 3035 Παιδία
860 2979 1100 3050 τρέφεις,
1130 2982 1226 3034 καὶ
1250 2981 1338 3035 διά
1366 2980 1524 3034 τοῦτο
1548 2981 1675 3045 τοὺς
1698 2982 2019 3052 προσιόντας

446 3063 547 3116 οὐκ
591 3061 789 3129 ὲλεεῖς;
821 3065 899 3113 Δι’
932 3063 1072 3117 αὐτὰ
1118 3064 1214 3134 μὲν
1242 3059 1335 3117 οὖν
1377 3062 1550 3118 ταῦτα
1581 3064 1705 3126 τοὺς
1735 3063 2019 3134 δεομένους

448 3144 616 3198 ἐλεεῖν
642 3144 740 3207 δεῖ,
768 3145 855 3198 διά
879 3145 946 3198 τὰ
970 3145 1179 3211 παιδία,
1213 3146 1308 3200 καὶ
1334 3146 1434 3217 τὴν
1456 3145 1635 3199 αὐτῶν
1660 3147 2017 3217 προστασίαν,

450 3226 536 3282 ἵνα
569 3226 675 3278 ἀπὸ
702 3225 898 3293 ὀλίγων
929 3227 1226 3297 χρημάτων
1263 3229 1390 3281 ῖλεω
1420 3228 1512 3282 τὸν
1534 3229 1692 3281 δόντα
1728 3228 1866 3283 αὐτὰ
1889 3229 2020 3284 Θεὸν

447 3307 716 3377 ποιήσῃς,
764 3307 851 3359 ῖνα
894 3309 1199 3379 καταλίπῃς
1231 3310 1416 3373 αὐτοῖς
1461 3310 1770 3381 προστάτην
1815 3312 2020 3365 ἐκεῖνον

450 3389 543 3442 καί
575 3388 713 3459 μετά
741 3389 835 3443 τὸν
861 3388 951 3444 σὺν
979 3389 1226 3456 θάνατον,
1256 3392 1343 3445 ἵνα
1370 3392 1569 3464 πολλὴν
1603 3395 1789 3457 αὐτοῖς
1814 3393 2021 3448 ἄνωθεν

448 3468 660 3524 εὔνοιαν
706 3471 987 3544 ἐπισπάσῃ
1025 3473 1135 3526 ἀπὸ
1177 3473 1287 3528 τῶν
1329 3475 1552 3529 ἐκείνων
1596 3476 1894 3546 χρημάτων
1941 3477 2021 3548 τῷ

448 3551 565 3622 Θεῷ
610 3551 882 3611 δαπανῶν.
934 3557 1047 3625 Οὐχ
1093 3556 1227 3627 ὁρᾷς
1250 3593 1265 3618 ,
1323 3557 1408 3610 ὅτι
1457 3557 1640 3610 πολλοί
1700 3557 2021 3629 ἀνθρώπους

449 3634 811 3697 πλουτοῦντας
830 3636 924 3688 καὶ
951 3637 1011 3689 ὲν
1033 3637 1373 3703 δυναστείαις
1402 3639 1583 3706 ὄντας,
1608 3641 1903 3710 οὐδαμόθεν
1925 3642 2019 3696 αὐ-

448 3717 561 3779 τοῖς
590 3717 995 3787 προσήκοντας,
1025 3722 1105 3782 εἰς
1147 3719 1248 3783 τὰς
1285 3720 1551 3791 διαθήκας
1582 3723 1843 3786 πολλάκις
1905 3725 2017 3777 εἰσ-

448 3800 661 3869 ήγαγον
685 3798 785 3862 τάς
809 3800 1035 3868 ἑαυτῶν,
1052 3803 1145 3856 καὶ
1171 3805 1282 3866 τοῖς
1300 3803 1507 3858 ἑαυτῶν
1532 3806 1689 3860 παισί
1718 3806 2019 3879 συγκληρο-

448 3882 645 3952 νόμους
672 3881 958 3954 ἐποίησαν,
1001 3884 1068 3938 δι’
1116 3885 1245 3940 ἀλλο
1295 3888 1394 3957 μὲν
1435 3890 1606 3954 οὐδὲν,
1650 3875 1735 3943 ἵνα
1762 3891 1818 3944 δὲ
1846 3875 2022 3959 ἀσφά-

446 3966 603 4025 λειαν,
654 3966 766 4028 τοῖς
810 3965 1018 4025 ἑαυτῶν
1073 3970 1381 4039 κτήσωνται
1425 3975 1612 4025 παισὶν
1663 3973 1777 4026 ἀπὸ
1826 3974 2021 4043 ὀλίγων

447 4046 779 4120 χρημάτων;
806 4049 901 4101 καί
927 4047 1121 4113 ταῦτα,
1147 4052 1251 4104 οὐκ
1285 4053 1484 4116 εἰδότες
1513 4054 1629 4117 πῶς
1657 4056 2019 4111 διακείσονται

450 4127 590 4199 μετά
624 4127 725 4197 τὴν
753 4128 934 4181 αὐτῶν
958 4130 1213 4202 τελευτὴν
1241 4135 1368 4203 περί
1394 4137 1521 4199 τοὺς
1548 4137 1728 4189 αὐτῶν
1753 4140 1949 4203 παῖδας
1969 4144 2019 4194 οἰ

446 4207 540 4292 τοῦ
574 4207 776 4278 κλήρου
800 4211 1080 4279 γενόμενοι
1109 4216 1387 4282 κοινωνοί;
1439 4218 1512 4270 Σὺ
1541 4217 1598 4271 δὲ
1639 4219 1795 4284 εἰδὼς
1818 4221 1878 4274 τὸ
1910 4222 2023 4292 φιλ-

448 4290 736 4362 άνθρωπον
766 4293 861 4346 καὶ
896 4295 1130 4372 χρηστὸν
1177 4297 1279 4357 καί
1304 4299 1547 4365 ἐπιεικὲς
1573 4301 1665 4355 τοῦ
1696 4304 1789 4356 σοῦ
1823 4290 2022 4359 Δεσπό-

1124 322 1183 382 5.
1223 319 1507 382 JOANMS
1541 320 2035 381 CHRYSOSTOMI
2070 317 2393 375 ARCIIEEP.
2430 313 2976 374 CONSTA‘NTINOP.

3587 292 3698 357 290

2114 442 2208 479 του
2229 467 2245 491 ,
2276 425 2337 478 οὐ
2379 424 2625 494 ποιήσεις
2672 421 2831 476 αὐτὸν
2866 418 3119 474 κοινωνὸν
3149 418 3249 488 τῆς
3283 415 3553 485 διαθήκης
3588 415 3688 482 τῆς

2116 508 2248 578 σῆςς
2287 508 2348 560 οὐ
2379 507 2624 577 ποιήσεις
2659 503 2824 557 αὐτὸν
2855 499 3294 571 συγκληρονόμον
3327 497 3436 550 τῶν
3471 496 3676 549 παίδων

2114 591 2222 644 τῶν
2266 589 2404 655 σῶν;
2450 590 2545 642 καὶ
2578 589 2680 642 ποῦ
2713 588 2887 642 ταῦτα
2917 585 3122 654 πατρὸς
3143 625 3158 649 ,
3195 582 3317 636 εἰπέ
3352 597 3463 651 μοι,
3496 579 3688 643 παῖδας

2116 671 2422 742 φιλοῦντοςς
2460 673 2522 724 Εἰ
2547 670 2658 743 γὰρ
2684 671 2822 741 κήδῃ
2854 669 2961 723 τῶν
2990 667 3287 743 τεχθέν-των
3322 663 3682 743 παίδων,κα-

2114 741 2336 810 τάλειπε
2378 741 2762 826 γραμματεῖον
2811 752 2995 815 αὐτοῖς
3020 791 3034 814 ,
3070 752 3130 803 ὲν
3161 741 3206 815 ᾧ
3241 747 3333 800 τὸν
3377 745 3509 798 Θεὸν
3552 742 3690 813 ἔχεις

2116 838 2433 892 ὑπεύθυνον.
2454 837 2627 891 Τοῦτο
2646 837 2877 906 μεγίστη
2896 831 3254 905 κληρονομία,
3275 828 3433 884 τοῦτο
3464 827 3691 896 κόσμος,

2114 921 2272 975 τοῦτο
2297 921 2585 989 ἀσφάλεια.
2600 920 2877 988 Εἰσάγαγε
2908 917 2976 971 αὐ
2989 916 3076 969 τὸν
3103 917 3185 977 εἰς
3203 913 3304 984 τὴν
3327 909 3691 981 κληρονομίαν

2114 1006 2215 1078 τὴν
2260 1002 2517 1067 ἐνταῦθα,
2552 1002 2641 1056 ῖνα
2673 1018 2734 1055 σε
2763 1000 2903 1070 μετά
2935 997 3042 1051 τῶν
3086 996 3292 1078 παίδων
3340 995 3420 1078 εἰς
3448 991 3546 1060 τὴν
3574 989 3691 1078 κλη-

2119 1069 2375 1160 ρονομίαν
2402 1069 2775 1155 ἀντεισαγάγη
2805 1083 2904 1152 τὴν
2938 1081 3072 1134 ἐκεῖ.
3101 1069 3271 1140 Οὗτος
3356 1072 3693 1160 κληρονόμος

2123 1153 2385 1239 γενναῖος,
2414 1153 2816 1236 φιλάνθρωπος,
2848 1162 3104 1235 χρηστὸς,
3134 1157 3380 1220 δυνατὸς,
3414 1153 3688 1239 πλούσιος·

2115 1237 2255 1305 ὥστε
2304 1250 2423 1304 κατ’
2472 1249 2623 1302 οὐδὲν
2684 1247 2831 1300 ἔστιν
2883 1241 3221 1299 ὑποπτεῦσαι
3267 1240 3363 1309 τὴν
3411 1237 3694 1291 κοινωνίαν

2116 1335 2300 1389 αὐτοῦ.
2337 1332 2437 1386 Διά
2458 1332 2617 1386 τοῦτο
2637 1329 2736 1384 καὶ
2759 1328 2956 1399 σπόρος
2985 1329 3019 1398 ή
3046 1323 3389 1397 ἐλεημοσύνη
3419 1320 3691 1383 καλεῖται,

2116 1418 2303 1490 ἐπειδὴ
2339 1417 2439 1471 οὐκ
2475 1415 2592 1470 ἔστι
2643 1412 2853 1484 δαπάνη
2897 1410 2958 1464 τὸ
3008 1410 3274 1480 πρᾶγμα,
3328 1404 3467 1460 ἀλλὰ
3519 1402 3689 1490 πρόσ-

2114 1503 2235 1565 οδος
2257 1486 2363 1553 "ab
2404 1500 2497 1564 δὲ,
2534 1499 2662 1551 ὅταν
2700 1496 2798 1566 μὲν
2833 1493 3076 1567 σπείρειν
3116 1491 3247 1560 δέῃ,
3285 1490 3347 1543 οὐ
3380 1486 3692 1559 προσέχεις,

2116 1587 2198 1640 ὅτι
2238 1585 2415 1647 κενοῖς
2459 1583 2528 1636 τὰ
2568 1582 2792 1652 ταμιεῖα
2836 1578 2945 1632 τῶν
2978 1575 3223 1631 παλαιῶν
3261 1571 3615 1642 γεννημάτων
3641 1582 3692 1631 δ,

2117 1667 2253 1723 ἀλλά
2292 1666 2577 1737 προσέχεις
2633 1663 2710 1734 τῷ
2756 1662 2983 1734 μηδέπω
3013 1658 3242 1731 παρόντι
3269 1657 3380 1711 τῶν
3418 1654 3694 1725 γεννημάο

2115 1767 2224 1803 των
2261 1747 2485 1819 ἀμητῷ’
2520 1747 2616 1800 καὶ
2662 1745 2855 1810 ταῦτα,
2902 1744 3005 1797 οὐκ
3037 1741 3216 1804 εἰδὼς,
3249 1741 3332 1793 ὅτι
3364 1738 3581 1799 πάντως
3607 1737 3700 1788 ὲκ-

2117 1832 2362 1901 6ήσεται.
2433 1830 2541 1883 Καὶ
2582 1828 2692 1899 γὰρ
2743 1828 2837 1880 καὶ
2882 1824 3131 1897 ὲρυσίϐη,
3179 1823 3276 1875 κτιιί⁵
3324 1820 3556 1892 χάλαζα,
3600 1820 3699 1901 καὶ

2117 1900 2307 1984 ἀκρὶς,
2345 1912 2440 1965 καὶ
2475 1911 2653 1980 ἀέρων
2682 1907 2987 1980 ἀνωμαλία,
3045 1906 3140 1961 καὶ
3165 1903 3338 1957 πολλά
3365 1903 3465 1972 τῆς
3488 1900 3700 1984 ἐλπίδος

2115 1981 2263 2069 ἡμᾶς
2301 1994 2614 2065 ἀντικρούει
2643 1994 2741 2063 τῆς
2773 1989 3102 2062 μελλούσηςο
3145 1989 3225 2050 εἰς
3258 1985 3316 2039 δὲ
3341 1985 3432 2069 τὸν
3471 1981 3698 2069 οὐρανὸν

2120 2066 2326 2152 μέλλων
2358 2079 2627 2150 σπείρειν,
2674 2078 2808 2130 ὅπου
2838 2076 2991 2129 πᾶσα
3030 2072 3126 2143 μὲν
3182 2068 3468 2152 ἀνωμαλία
3513 2066 3698 2152 ἀέρων

2117 2150 2464 2234 έκϐέϐληται,
2488 2161 2669 2230 πάσης
2697 2160 2754 2212 δὲ
2780 2157 2957 2227 λύπης
2986 2154 3081 2209 καὶ
3109 2151 3399 2222 ἐπιϐουλῆς
3431 2150 3700 2234 ἀνῄρηται

2117 2246 2389 2318 πρόφασις
2412 2285 2429 2307 ,
2473 2244 2652 2306 ὀκνεῖς
2697 2241 2790 2295 καὶ
2823 2239 3060 2311 ἀναδύῃ;
3095 2236 3206 2289 Kal
3238 2234 3397 2318 ποίαν
3422 2233 3698 2318 ,εὑρήσεις

2120 2314 2472 2398 συγγνώμην,
2505 2326 2633 2381 ὅταν
2674 2326 2755 2388 εἰς
2793 2325 2889 2395 μὲν
2920 2322 3018 2392 τὴν
3046 2320 3149 2389 γῆν
3176 2316 3529 2371 καταϐάλλων
3562 2314 3698 2398 θαρ-

2119 2412 2242 2481 ρᾗν
2289 2396 2568 2479 κάὶὴμετά
2606 2406 2915 2478 προθυμίας
2957 2402 3118 2457 τοῦτο
3148 2404 3330 2471 ποιῇς,
3376 2402 3458 2463 εἰς
3504 2399 3560 2452 δὲ
3600 2396 3700 2469 τὴν

2117 2495 2273 2563 χεῖρα
2295 2491 2388 2545 τοῦ
2418 2490 2555 2545 Θεοῦ
2595 2490 2803 2561 μέλλων
2827 2487 3210 2549 καταϐάλλειν,
3232 2484 3412 2546 ὀκνεῖς
3451 2482 3547 2535 καὶ
3571 2482 3702 2551 ἀμε-

2116 2572 2261 2636 λεῖς;
2310 2573 2377 2626 Εἰ
2426 2570 2535 2641 γὰρ
2581 2573 2616 2642 ή
2670 2572 2742 2640 γῆ
2787 2570 2857 2623 τὰ
2899 2566 3315 2638 καταϐληθέντα
3370 2563 3700 2625 ἀποδίδωσι,

2117 2654 2298 2726 πολλῷ
2336 2654 2536 2726 μᾶλλον
2578 2656 2613 2726 ή
2652 2653 2746 2708 τοῦ
2790 2650 2928 2706 Θεοῦ
2969 2652 3121 2723 χεὶρ,
3169 2649 3313 2719 άπερ
3349 2646 3417 2701 ἂν
3458 2646 3699 2716 δέξηται,

2121 2739 2262 2811 μετά
2289 2740 2470 2809 πάσης
2496 2736 2767 2792 ἀποδώσει
2801 2751 2883 2789 σοι
2905 2734 3007 2805 τῆς
3037 2731 3374 2803 περιουσίας.

2191 2821 2240 2875 ι’.
2257 2821 2421 2875 Ταῦτ’
2457 2816 2550 2874 οὖν
2590 2819 2813 2884 εἰδότες,
2863 2817 2939 2890 μὴ
2970 2819 3036 2888 τῇ
3071 2814 3287 2886 δαπάνῃ
3316 2811 3701 2883 προσέχωμεν,

2117 2904 2246 2959 ὅταν
2262 2902 2633 2974 ἐλεημοσύνην
2652 2902 2916 2972 ποιῶμεν,
2930 2899 3068 2953 ἀλλά
3085 2900 3149 2969 τῇ
3169 2895 3417 2968 προσόδῳ
3437 2894 3531 2947 καὶ
3548 2891 3704 2964 [279}

2115 2989 2236 3051 ταῖς
2271 2985 2595 3057 μελλούσαις
2630 2983 2813 3037 ὲλπίσι
2832 3023 2848 3049 ,
2886 2981 2981 3035 καὶ
3006 2979 3084 3051 τῷ
3113 2979 3342 3051 παρόντι
3366 2976 3427 3029 δὲ
3471 2974 3655 3046 κέρδει
3675 2993 3690 3006 ·

2115 3071 2180 3122 οὐ
2213 3068 2325 3139 γὰρ
2361 3066 2644 3137 βασιλείαν
2671 3063 2915 3136 οὐρανῶν
2945 3061 3284 3133 ἐλεημοσύνη
3319 3057 3574 3131 προξενεῖ
3606 3057 3703 3127 μό-

2118 3168 2228 3217 νον,
2259 3149 2396 3203 am
2423 3149 2518 3203 καὶ
2543 3148 2641 3220 τὴν
2670 3145 2815 3200 κατά
2840 3145 2934 3199 τὸν
2970 3144 3211 3215 παρόντα
3244 3141 3357 3212 βίον
3400 3140 3703 3210 ἀσφάλειάν

2115 3248 2175 3284 τε
2219 3231 2316 3285 καὶ
2348 3231 2630 3300 ἀφθονίαν.
2668 3230 2765 3293 Τίς
2791 3226 2967 3282 ταῦτά
3013 3244 3179 3298 φησιν
3206 3243 3223 3290 ;
3257 3225 3431 3289 Αὐτὸς
3464 3227 3494 3278 ὀ
3523 3223 3700 3277 ταῦτα

2116 3313 2298 3366 δοῦναι
2347 3313 2554 3384 κύριος.
2590 3314 2650 3366 '0
2678 3312 2789 3384 γὰρ
2815 3310 2885 3364 τὰ
2920 3308 3087 3364 αὐτοῦ
3119 3306 3337 3378 πένησι,
3369 3305 3524 3376 φησί,
3555 3306 3700 3370 δοὺς,

2119 3396 2654 3450 ἑκατονταπλασίονα
2691 3395 2922 3467 λήψεται
2974 3392 3033 3447 ἐν
3056 3390 3137 3462 τῷ
3168 3389 3327 3445 αἰῶνι
3368 3389 3566 3458 τούτῳ,
3607 3388 3703 3442 καὶ

2120 3477 2267 3549 ζωὴν
2307 3478 2526 3532 αἰώνιον
2573 3478 2993 3551 κληρονομήσει.
3049 3475 3216 3546 Ὀρᾷς
3250 3475 3309 3527 ὲν
3355 3472 3596 3543 ἑκατέρᾳ
3624 3473 3695 3542 τῇ

2120 3559 2234 3632 ζωῇ
2264 3560 2363 3624 τὰς
2392 3561 2629 3632 ἀμοιϐὰς
2647 3559 2928 3632 διδομένας
2954 3556 3094 3631 μετά
3123 3556 3324 3625 πολλῆς
3350 3556 3453 3626 τῆς
3477 3571 3699 3626 περιουο

2121 3643 2275 3708 σίας;
2308 3643 2400 3713 Μὴ
2426 3646 2607 3697 τοίνυν
2632 3642 2902 3713 ὀκνῶμεν,
2932 3637 3543 3713 μηδέἀναϐαλλώμεθα,
3568 3637 3703 3691 ἀλλὰ

2119 3723 2241 3777 καθ’
2272 3725 2516 3795 ἑκάστην
2565 3724 2778 3796 ἡμέραν
2821 3723 2912 3776 τὸν
2939 3722 3039 3793 τῆς
3069 3720 3442 3793 ἐλεημοσύνης
3488 3719 3703 3792 καρπὸν

2119 3807 2397 3880 φέρωμεν,
2448 3809 2535 3864 ῖνα
2562 3809 2656 3863 καὶ
2690 3808 2758 3861 τά
2784 3807 3028 3878 παρόντα
3060 3806 3195 3876 ήμῖν
3226 3804 3532 3875 πράγματα
3562 3803 3706 3857 κατὰ

2122 3891 2249 3961 ῥοῦν
2279 3892 2536 3962 φέρηται,
2565 3892 2658 3944 καὶ
2689 3890 2791 3961 τῆς
2816 3889 3117 3960 μελλούσης
3151 3887 3501 3956 ὲπιτύχωμεν
3520 3885 3703 3954 ζωῆς·

2117 3968 2187 4042 ἧς
2222 3972 2432 4040 γένοιτο
2466 3972 2676 4036 πάντας
2724 3973 2872 4042 ἡμᾶς
2906 3972 3220 4040 μετασχεῖν,
3253 3970 3437 4039 χάριτι
3479 3967 3575 4021 καί
3616 3983 3709 4035 φι-

2119 4052 2438 4125 λανθρωπίᾳ
2466 4054 2562 4108 τοῦ
2601 4053 2811 4125 Κυρίου
2857 4053 3014 4122 ήμῶν
3056 4049 3231 4122 Ἰησοῦ
3275 4047 3540 4121 Χριστοῦ,
3584 4049 3700 4119 μεθ’

2120 4130 2181 4190 οὐ
2205 4135 2285 4205 τῷ
2332 4136 2531 4208 Πατρὶ,
2568 4136 2687 4206 ἅμα
2719 4133 2799 4205 τῷ
2840 4133 2980 4205 ἁγίῳ
3027 4132 3325 4205 Πνεύματι,
3355 4130 3517 4198 δόξα,
3542 4129 3705 4201 τιμὴ,

2124 4217 2328 4288 κράτος
2361 4219 2442 4281 εἰς
2465 4219 2593 4281 τοὺς
2621 4215 2826 4280 αἰῶνας
2853 4216 2963 4270 τῶν
2998 4217 3231 4273 αἰώνων.
3283 4217 3481 4287 Ἀμήν.

2187 4321 2217 4353 ⁸
2239 4320 2375 4371 Unus
2397 4334 2488 4371 ms.
2511 4321 2593 4372 hic
2615 4326 2670 4371 et
2690 4335 2803 4372 mox
2820 4320 3113 4384 γενημάτων.
3230 4302 3242 4309 ’

452 4448 3701 4481 W

1224 4567 1576 4658 ΠΑΛΙΝ
1631 4571 1803 4658 ΕΙΣ
1848 4576 2079 4659 ΤΗΝ
2127 4578 2504 4664 ΑΥΤΗΝ
2553 4580 2880 4667 ΡΗΣΙΝ

438 4732 464 4763 ι
484 4713 763 4791 Ἓχρνπες
789 4717 857 4773 δέ
888 4718 953 4777 τό
980 4721 1124 4775 αὐτὸ
1155 4724 1397 4795 Πνεῦμα
1423 4726 1533 4796 τῆς
1565 4730 1841 4798 πίστεως,
1889 4734 2039 4789 κατὰ
2067 4735 2132 4788 τὸ
2160 4739 2586 4808 γεγραμμένον
2615 4761 2632 4792 ι
2675 4741 2773 4794 καί
2812 4740 2911 4795 διὰ
2957 4740 3013 4793 τί
3062 4736 3236 4806 κοινῇ
3278 4736 3503 4801 πάντες
3552 4731 3702 4787 ἀπο-

1354 4818 1729 4888 λαμϐάνουσι
1755 4823 1827 4879 τὰ
1850 4824 2059 4902 ἀγαθὰ,
2088 4827 2343 4899 καὶπερὶ
2381 4831 2822 4903 ἐλεημοσύνης.

513 5043 587 5094 α’.
605 5037 953 5116 Τῇγπροτέρᾳ
975 5040 1194 5106 συνάξει
1212 5042 1307 5097 καὶ
1323 5047 1395 5116 τῇ
1411 5046 1517 5117 πρὸ
1536 5044 1752 5118 ἐκείνης
1774 5047 1902 5117 μίαν
1926 5046 2019 5101 τοῦ
2116 5045 2304 5115 λς’·ψωι,
2334 5046 2429 5097 καὶ
2460 5045 2556 5116 τὴν
2592 5044 2868 5118 ὑμετέραν
2896 5048 3148 5119 διεγείρω
3179 5045 3517 5119 προθυμίαν,
3545 5044 3693 5099 οῦτω

449 5127 487 5176 Α
498 5120 753 5174 ποστόλου
778 5120 933 5190 ῥῆσιν
956 5123 1340 5194 ἀπολαϐόντες,
1371 5130 1451 5190 εἰς
1484 5128 1584 5199 τὴν
1608 5127 1870 5200 ἐξήγησιν
1886 5131 2021 5183 ταύ-
2120 5124 2485 5198 μεταχειρίζω
2522 5127 2617 5185 τὸν
2643 5127 2837 5197 λόγον.
2869 5130 2942 5184 Τό
2968 5147 3027 5183 τε
3052 5130 3160 5202 γὰρ
3186 5128 3349 5199 βάθος
3366 5127 3468 5197 τῆς
3493 5128 3700 5182 ἐκείνου

440 5223 543 5277 της
582 5203 800 5267 ᾶπαντα
831 5204 923 5256 τὸν
960 5205 1117 5275 λόγον
1149 5208 1540 5280 ἀνηλώσαμεν’
1578 5212 1671 5265 καὶ
1698 5213 1939 5282 τήμερον
1963 5211 2028 5271 δὲ,
2119 5212 2384 5271 συνέσεως
2430 5210 2681 5276 φαίνεται
2711 5211 3005 5279 μειζόνως,
3056 5215 3183 5266 ὃταν
3212 5213 3277 5264 ὲκ
3313 5212 3444 5279 μιᾶς
3490 5212 3702 5281 ῥήσεως

444 5293 515 5362 τῇ
575 5289 714 5360 αὐτῇ
766 5288 940 5361 ταύτῃ
996 5290 1158 5345 πάλιν
1210 5292 1550 5365 ἔνδιατρίψαι
1607 5295 2019 5365 σπουδάζομεν·
2115 5290 2402 5356 τοσούτους
2446 5294 2578 5367 ἡμῖν
2621 5294 2783 5367 τίκτῃ
2834 5296 3112 5365 ποταμοὺς
3162 5293 3452 5363 νοημάτων
3480 5308 3496 5323 ’
3537 5292 3700 5362 ὑμεῖς

441 5371 707 5442 ποιοῦμεν
730 5372 790 5426 δὲ
819 5372 981 5427 τοῦτο
1003 5373 1257 5446 ἐπίτηδες
1296 5377 1433 5449 πρὸς
1460 5377 1729 5447 ὠφέλειαν
1752 5378 1856 5448 τῆς
1886 5377 2020 5447 ὐμε-
2113 5393 2173 5433 τε
2219 5376 2502 5448 μαθόντες,
2530 5377 2613 5431 ὅτι
2639 5379 2736 5432 καὶ
2779 5379 2887 5434 ἀπὸ
2921 5381 3050 5450 μιᾶς
3086 5378 3286 5444 λέξεως
3326 5376 3696 5447 ἀποστολικῆς

440 5454 608 5525 τέρας
639 5455 900 5528 ἀγάπης,
933 5458 995 5511 οὐ
1021 5458 1158 5529 πρὸς
1194 5460 1453 5526 ἐπίδειξιν
1477 5460 1575 5532 τὴν
1613 5459 1906 5532 ἡμετέραν.
1941 5459 2015 5512 Οὐ
2122 5458 2328 5529 ἄφατον
2375 5458 2489 5520 ἔστι
2542 5460 2937 5531 καρπώσασθαι
2985 5461 3303 5531 φιλοσοφίας
3352 5459 3603 5523 πλοῦτον,
3636 5460 3703 5513 οὐ

442 5535 553 5606 γάρ
580 5534 669 5589 ἵνα
712 5537 936 5611 γόνιμόν
967 5542 986 5564 ⁸
1033 5558 1153 5595 τινα
1182 5545 1277 5597 καὶ
1303 5543 1569 5598 πολύνουν
1596 5542 1836 5614 ἐμαυτὸν
1879 5543 2017 5597 ἀπο·
2125 5542 2573 5613 παμδραμεῖσθε
2604 5542 2700 5607 τάς
2736 5544 3047 5610 Ἐπιστολάς
3070 5544 3280 5609 ἁπλῶς,
3312 5542 3448 5596 άλλά
3492 5558 3698 5612 προαχ-

441 5619 621 5689 ξήνω,
657 5619 773 5672 ἀλλ’
809 5622 897 5677 ἵνα
937 5625 1030 5678 καὶ
1065 5625 1163 5695 τὴν
1194 5628 1411 5687 Παύλου
1449 5626 1643 5703 σοφίαν
1689 5629 1818 5698 ὑμῖν
1857 5629 2020 5682 ὲκκας
2125 5626 2377 5696 θήσεσθε,
2404 5628 2524 5690 ταῖς
2553 5625 2732 5679 ἐλπίσι
2760 5627 2985 5691 ταύταις
3011 5627 3355 5698 τρεφόμενοι,
3384 5624 3493 5677 τῶν
3512 5627 3690 5693 ἐγκει-

502 5710 517 5730 “
553 5709 687 5762 {Inus
705 5723 819 5769 mss.
849 5713 1094 5779 γνώριμον.
2132 5709 2304 5783 μένων
2330 5711 2537 5783 ῥήσεων
2574 5710 2805 5784 ἑκάστην
2838 5711 2975 5781 μετὰ
3010 5711 3208 5781 πολλῆς
3240 5706 3696 5781 περιεργάζεσθαι
