4060 6260
297 272 406 332 280

299 391 626 455 quapropter
653 384 770 438 lucc
797 383 956 438 verba
989 381 1160 436 subdit
1189 421 1204 446 ,
1236 380 1352 433 Non
1394 391 1448 433 ut
1487 381 1742 434 inimicum
1781 383 1890 436 cxi-

299 481 518 542 uimate,
536 475 624 530 sed
647 487 700 528 ut
723 477 927 546 fratrem
957 474 1010 543 (2
1029 472 1206 532 Thess.
1222 473 1274 526 5.
1293 468 1402 542 lii).
1435 471 1890 538 Quemadmodum

299 568 460 638 igitur
483 583 602 622 cum
632 567 872 631 dixisset,
906 565 963 619 Si
989 565 1100 634 quis
1135 581 1236 618 non
1274 564 1379 618 t'ttlt
1409 563 1658 628 laborare,
1689 581 1750 618 ne
1775 565 1890 616 edat

301 657 426 730 (Ib.
455 675 505 714 υ.
537 659 604 714 l0
629 658 646 726 )
673 698 686 722 ,
718 657 834 710 illos
863 665 1008 710 certe
1028 697 1043 722 ,
1073 656 1159 724 qui
1205 665 1463 724 possunt,
1491 669 1672 708 curam
1703 670 1888 709 eorum

297 748 500 804 habere
534 749 693 817 jussit
736 765 748 798 :
793 748 862 800 ita
907 747 1064 800 etiam
1107 745 1197 802 hic
1232 753 1576 815 posteaquam
1609 745 1774 810 dixit,
1811 745 1893 800 Ne

298 838 724 893 commisceamini
750 838 847 902 illi,
881 853 986 892 non
1013 837 1262 891 alienavit
1289 835 1357 890 ab
1383 835 1498 905 ejus
1525 851 1651 890 cura
1681 835 1890 890 audito-

297 945 342 984 rt
358 943 407 996 5,
435 929 530 985 sed
557 929 708 998 jubet
735 928 1018 997 diligenter
1043 943 1165 982 eum
1197 927 1487 994 suscipere,
1519 927 1703 980 dicens
1730 944 1742 980 :
1775 926 1891 980 Non

299 1029 354 1072 ut
381 1019 638 1072 inimicum
665 1019 947 1084 egistimate
970 1059 982 1082 ,
1014 1019 1102 1071 sed
1129 1026 1181 1068 ut
1208 1020 1436 1086 fratrem.
1469 1015 1748 1086 Reliquisti
1777 1017 1890 1086 ejus

297 1108 784 1172 censuetudinem,
813 1107 906 1161 sed
945 1122 1013 1160 ne
1056 1105 1324 1175 relinquas
1362 1103 1429 1158 de
1472 1120 1537 1159 eo
1576 1105 1880 1162 sollicitudi.

300 1216 426 1256 nem
458 1219 472 1254 :
501 1201 771 1254 exclusisti
804 1215 921 1254 eum
950 1213 978 1252 a
1011 1206 1296 1263 conventu,
1327 1213 1396 1252 ne
1421 1197 1672 1250 excludas
1702 1213 1729 1251 a
1757 1200 1893 1252 cari-

297 1299 430 1345 tate.
461 1291 671 1344 Etenim
701 1288 798 1343 hoc
827 1289 997 1358 ipsum
1029 1287 1218 1342 allecto
1246 1286 1484 1342 caritatis
1525 1289 1805 1354 mandavi,
1838 1299 1894 1342 ut

299 1377 405 1434 hac
451 1379 788 1448 separatione
835 1379 1000 1432 factus
1044 1377 1262 1442 melior,
1296 1376 1362 1431 ad
1403 1376 1664 1446 reliquum
1699 1393 1894 1448 corpus

299 1479 703 1534 reverteretur;
736 1469 1166 1540 quandoquidem
1207 1469 1368 1523 etiam
1408 1477 1584 1538 patres
1613 1469 1770 1525 domo
1797 1487 1890 1524 sua

299 1560 445 1616 ﬁlios
473 1560 746 1630 expellunt
765 1601 782 1628 ,
815 1577 917 1613 non
950 1568 1007 1613 ut
1037 1569 1293 1628 perpetuo
1323 1558 1452 1613 foris
1487 1570 1770 1626 maneant,
1799 1561 1890 1614 sed

299 1664 362 1707 ut
389 1653 530 1722 quod
559 1651 720 1706 domo
745 1651 1072 1716 exciderint,
1106 1649 1456 1704 modestiores
1486 1649 1605 1704 facti
1629 1692 1642 1714 ,
1673 1650 1890 1704 domum

297 1743 632 1812 postliminio
653 1749 1010 1796 revertantur.
1037 1741 1209 1811 Atque
1236 1741 1350 1796 hinc
1375 1740 1640 1794 sufficiant
1662 1741 1726 1795 ad
1752 1742 1889 1807 illos,

293 1835 392 1903 qui
423 1833 687 1903 pigritiam
719 1831 839 1886 aliis
866 1831 1100 1900 objicere
1126 1831 1320 1885 solent.

375 1923 571 1976 Verum
613 1923 864 1992 quoniam
903 1920 1051 1974 multi
1091 1919 1208 1974 aliis
1247 1929 1468 1974 utuntur
1498 1921 1893 1989 verbis-quibus

295 2029 362 2068 se
391 2027 648 2068 excusent
669 2056 682 2076 ,
715 2029 831 2083 qua:
859 2013 1012 2081 plena
1045 2011 1374 2066 crudelitatis
1402 2026 1465 2065 ac
1491 2012 1893 2068 inhmnanitatis

293 2113 465 2170 sunt,
499 2118 720 2158 necesse
749 2111 832 2157 est
871 2112 925 2156 ut
965 2101 1053 2155 illa
1083 2115 1294 2171 quoque
1322 2101 1630 2170 redarguam
1655 2142 1670 2166 ,
1703 2119 1806 2157 non
1837 2113 1901 2157 nt.

291 2193 700 2247 excusationem
742 2192 819 2246 eis
863 2191 1122 2256 adimam,
1167 2189 1260 2244 sed
1304 2205 1410 2260 quo
1453 2190 1795 2259 persuadeam
1839 2201 1894 2246 ut

291 2285 499 2338 ornissa
531 2298 658 2336 vana
690 2292 742 2336 et
779 2281 950 2337 inutili
973 2323 986 2344 ,
1019 2281 1083 2335 ad
1118 2296 1299 2335 veram
1327 2290 1379 2335 et
1406 2280 1542 2348 apud
1572 2278 1764 2334 Christi
1795 2284 1891 2336 tri-

293 2375 466 2430 bunal
497 2373 830 2446 profuturam
855 2371 1219 2428 defensionem
1246 2371 1496 2442 operibus
1521 2371 1646 2440 ipsis
1669 2387 1726 2426 se
1748 2388 1892 2426 exer-

289 2474 482 2521 ςθθηι.

375 2557 741 2610 Excusationes
767 2555 897 2608 alias
922 2569 1192 2608 avarorum
1213 2551 1396 2624 refellit
1420 2567 1439 2615 ;
1465 2551 1728 2604 coheredes
1756 2554 1892 2620 ﬁlio-

288 2670 417 2706 rum
446 2662 560 2706 sunt
595 2665 884 2722 pauperes;
923 2657 1191 2703 sementem
1235 2663 1324 2699 σω·
1361 2647 1728 2716 elceuwsynam
1757 2659 1891 2701 vocet

289 2744 597 2814 Scriptura.
623 2773 692 2781 —
713 2743 842 2810 Qua:
866 2749 947 2793 est
988 2739 1147 2808 igitur
1174 2737 1261 2792 illa
1295 2737 1586 2806 vulgarium
1615 2736 1888 2792 hominum

285 2834 492 2904 frigida
536 2849 599 2888 ae
635 2833 836 2886 inutilis
865 2828 1145 2884 defensio?
1173 2825 1366 2881 Alendi
1405 2834 1565 2890 sunt,
1599 2825 1800 2895 inquit,
1832 2828 1894 2879 li-

285 2925 420 2980 beri
442 2967 454 2986 ,
489 2924 565 2977 rei
609 2921 884 2976 familiaris
922 2917 1154 2990 gerenda
1193 2925 1274 2970 cst
1315 2931 1442 2969 cura
1467 2957 1481 2980 ,
1516 2929 1734 2968 uxorem
1769 2915 1854 2968 alo
1876 2957 1891 2978 ,

283 3013 638 3069 necessarios
687 3019 932 3079 sumptus
977 3007 1172 3061 multos
1217 3005 1458 3058 sustineo
1498 3020 1510 3055 :
1549 3002 1892 3072 quamobrem

283 3119 412 3159 non
454 3103 727 3172 suppetit,
775 3099 914 3154 unde
947 3097 1134 3151 obvios
1172 3095 1452 3150 sublevare
1498 3091 1717 3162 possim.
1760 3093 1893 3158 Quid

282 3213 322 3249 at
341 3196 423 3250 is?
451 3194 616 3249 Filios
643 3193 740 3247 alis
759 3235 774 3258 ,
804 3201 857 3246 et
885 3191 1004 3244 ideo
1035 3205 1140 3243 non
1168 3195 1250 3242 est
1281 3185 1420 3240 unde
1445 3186 1718 3240 venientes
1746 3183 1810 3238 ad
1845 3195 1894 3239 te

287 3287 596 3344 subleves?
635 3286 746 3338 lmo
793 3293 1008 3353 propter
1055 3279 1154 3333 hoc
1201 3280 1373 3346 ipsum
1419 3273 1729 3330 sublevandi
1773 3283 1896 3328 sunt

292 3377 481 3448 egeni,
513 3383 567 3429 ut
594 3375 778 3443 exigua
810 3371 1028 3441 pecunia
1066 3369 1345 3423 Dominum
1373 3366 1460 3434 qui
1491 3379 1584 3420 eos
1611 3365 1700 3419 tibi
1726 3364 1891 3428 dedit,

296 3469 584 3542 propitios,
615 3475 670 3520 nt
700 3467 860 3520 etiam
905 3473 1022 3532 post
1052 3470 1276 3516 mortem
1308 3467 1448 3512 tuam
1479 3465 1760 3526 patronum
1793 3456 1897 3511 illis

295 3562 604 3630 relinquas,
635 3566 692 3612 ut
715 3558 791 3611 eis
828 3569 1076 3626 magnum
1117 3551 1352 3606 favorem
1379 3548 1580 3602 caelitus
1610 3548 1892 3612 concilies,

298 3657 438 3713 dum
467 3653 556 3708 illa
593 3651 811 3720 pecunia
851 3655 1096 3716 sumptus
1133 3645 1242 3698 Deo
1280 3652 1462 3711 gratos
1495 3638 1674 3692 facies.
1709 3639 1896 3692 Annon

297 3746 491 3811 vides,
523 3759 552 3798 a
583 3743 760 3797 multis
803 3740 1047 3794 homines
1089 3741 1445 3807 praepotentes
1483 3746 1546 3785 ac
1584 3730 1895 3800 opulentos,

300 3836 442 3892 nihil
467 3833 663 3904 alioqui
692 3831 757 3886 ad
785 3845 936 3885 suum
963 3843 1130 3899 genus
1159 3825 1468 3888 attinentcs,
1500 3821 1550 3874 in
1581 3829 1900 3875 testamento

301 3941 411 3982 suo
435 3924 667 3978 insertos
695 3921 858 3976 fuisse
885 3962 900 3988 ,
937 3927 992 3972 ct
1019 3915 1200 3971 liberis
1235 3912 1347 3968 suis
1372 3909 1663 3966 coheredes
1694 3908 1860 3964 factos
1881 3949 1897 3974 ,

304 4016 444 4072 nihil
470 4013 539 4069 ob
567 4011 706 4067 aliud
743 4025 900 4080 quam
944 4017 1000 4063 ut
1043 4005 1383 4061 securitatem
1417 4001 1539 4054 filiis
1569 3999 1773 4054 modica
1807 4014 1900 4067 pe-

301 4111 468 4168 eunia
507 4107 800 4178 pararent?
838 4105 995 4173 idque
1037 4119 1156 4158 cmn
1200 4101 1456 4156 incertum
1487 4101 1630 4152 esset
1667 4106 1900 4163 quonam

303 4199 507 4256 affectu
545 4207 663 4268 post
689 4197 888 4252 obitum
918 4195 1152 4266 ipsorum
1181 4193 1318 4246 filios
1345 4190 1464 4244 illos
1492 4185 1786 4242 coheredes
1813 4198 1901 4238 es-

307 4301 434 4349 sent
458 4289 869 4362 proseqnuturi?
895 4287 972 4342 Tu
999 4303 1127 4342 vero
1153 4299 1272 4339 cum
1299 4283 1438 4339 scias
1479 4278 1859 4333 humanitatem
1881 4313 1898 4340 ,

1879 4371 2648 4399 ____________________

1244 4402 1460 4410 _——-——

987 4405 1236 4414 ____._—————

941 266 1028 324 DE
1070 265 1314 324 VERBIS
1351 267 1710 339 APOSTOLI,
1750 265 2114 326 HABENTES
2154 266 2451 326 EUMDEM
2488 263 2834 330 SPlltlTUlil.
2875 265 2963 322 lll.

3467 271 3604 328 293‘-

1997 379 2284 436 bonitatem
2308 421 2322 446 ,
2349 387 2403 433 et
2431 379 2730 448 a‘quitatem
2769 379 2841 434 tui
2887 379 3092 434 Domini
3117 421 3129 443 ,
3156 388 3428 449 expertem
3455 397 3574 437 eum

1997 471 2067 524 tui
2099 471 2396 524 testamenti
2433 467 2633 524 facies?
2673 485 2776 523 non
2819 469 2980 524 facies
3018 486 3137 524 cum
3166 471 3482 526 coheredem
3511 475 3576 528 li-

1995 561 2244 615 berorum
2276 561 2520 615 tuorum?
2553 561 2782 616 Hoccine
2805 569 2886 616 est
2911 563 3258 618 amantissimi
3287 567 3449 634 patris
3471 567 3579 620 olli-

1995 650 2176 704 cium?
2201 650 2330 704 Nam
2357 652 2401 706 si
2439 651 2600 719 prolis
2631 659 2733 705 tute
2761 667 2942 705 curam
2971 653 3114 722 geris
3138 695 3152 718 ,
3194 655 3436 725 relinque
3476 658 3578 714 illis

1995 740 2288 794 chartulam
2315 742 2598 811 scriptam,
2629 742 2679 794 in
2708 758 2808 811 qua
2844 743 3006 796 Deum
3035 744 3328 801 debitorem
3357 746 3577 804 habeas.

1997 833 2121 887 ﬂa'c
2147 832 2376 886 maxima
2407 833 2692 898 hereditas,
2723 836 2820 888 hoc
2846 834 3010 889 decus
3028 843 3130 900 est,
3159 835 3273 891 hinc
3298 839 3580 895 securitas.

2000 923 2160 976 Indue
2182 939 2306 977 eum
2343 923 2393 975 in
2430 931 2697 976 terrenam
2729 923 2864 977 hanc
2893 924 3245 980 hereditatem
3271 967 3286 991 ,
3320 937 3375 982 ut
3399 937 3450 984 te
3476 946 3580 986 una

1997 1029 2114 1067 eum
2146 1013 2249 1065 tuis
2277 1013 2457 1066 liberis
2483 1014 2532 1066 in
2561 1014 2826 1068 carlestem
2871 1014 3012 1068 illam
3053 1015 3400 1073 hereditatem
3428 1021 3585 1075 indu-

1997 1113 2100 1157 cat.
2131 1104 2230 1158 llie
2257 1103 2412 1158 heres
2443 1104 2634 1158 nobilis
2657 1113 2768 1168 est,
2799 1105 3092 1171 hmnanus,
3123 1107 3322 1176 bonus,
3351 1119 3544 1178 potens
3564 1155 3580 1180 ,

1997 1195 2181 1260 dives;
2212 1211 2374 1265 quare
2403 1196 2529 1250 nihil
2558 1205 2638 1249 est
2658 1211 2758 1249 cur
2789 1195 2905 1264 ejus
2933 1197 3243 1253 societatem
3274 1212 3578 1270 suspectam

1999 1283 2213 1340 habeas.
2262 1286 2385 1340 Ideo
2424 1285 2585 1340 etiam
2633 1287 2886 1341 sementis
2930 1296 3148 1342 vocatur
3199 1289 3536 1363 elcemosyna
3565 1337 3578 1358 ,

1997 1381 2119 1450 quia
2150 1395 2235 1434 res
2262 1380 2377 1433 ltzec
2409 1394 2510 1434 non
2539 1387 2644 1434 tam
2677 1363 2918 1448 sumptus
2943 1389 3043 1445 est,
3070 1397 3226 1451 quam
3253 1383 3455 1438 reditus
3485 1403 3498 1439 :
3529 1395 3580 1438 tn

1997 1481 2174 1526 autem
2198 1470 2410 1540 quando
2431 1470 2799 1526 seminandum
2827 1481 2928 1535 cst,
2959 1488 3062 1525 non
3089 1475 3262 1542 n'tagni
3293 1475 3422 1530 facis
3439 1479 3580 1546 quod

1998 1579 2221 1618 evaeues
2251 1563 2514 1616 fructuum
2545 1570 2783 1616 veterum
2813 1564 3193 1631 promptuaria,
3223 1565 3316 1618 sed
3341 1566 3407 1619 ad
3439 1583 3580 1622 mes-

1997 1654 2071 1708 sis
2101 1652 2290 1706 futurm
2324 1652 2548 1706 fructum
2593 1661 2800 1721 spectas
2826 1693 2838 1714 ,
2874 1651 3030 1720 idque
3059 1668 3177 1708 cum
3207 1665 3453 1709 eventum
3487 1674 3581 1710 ne-

1998 1745 2154 1800 scias.
2177 1742 2308 1798 Nam
2331 1753 2384 1797 et
2405 1743 2612 1812 rubigo,
2635 1752 2690 1797 et
2713 1743 3010 1807 calamitas,
3038 1754 3092 1798 et
3119 1745 3339 1811 locusta,
3369 1756 3424 1800 et
3447 1751 3584 1803 acris

2000 1836 2344 1905 intemperies
2373 1843 2427 1889 et
2454 1835 2616 1888 multa
2644 1849 2740 1889 nos
2769 1849 2796 1887 a
2828 1849 2922 1903 spe
2951 1843 3006 1890 et
3028 1839 3423 1904 exspectatione
3451 1840 3584 1909 ιιι-Ῑί-

1997 1928 2146 1982 ciunt
2177 1945 2190 1981 :
2221 1942 2341 1981 cum
2370 1940 2498 1980 vero
2527 1925 2578 1979 in
2612 1925 2800 1980 caelum
2825 1935 2905 1980 est
2935 1940 3118 1980 semen
3141 1927 3467 1996 iaciendum,
3494 1931 3580 1984 ubi

2000 2021 2140 2074 nulla
2176 2018 2316 2074 aeris
2357 2016 2720 2086 intemperies,
2753 2017 2930 2070 nullus
2959 2015 3132 2082 dolor,
3166 2018 3324 2072 nulla:
3355 2019 3580 2082 insidiae,

2001 2107 2364 2179 tergiversaris
2387 2122 2450 2162 ac
2471 2107 2858 2176 procrastinas?
2883 2106 2948 2158 Et
2968 2122 3123 2175 quam
3147 2121 3330 2177 speras
3352 2110 3582 2174 veniam,

1998 2202 2086 2270 qui
2131 2201 2184 2254 in
2218 2212 2408 2254 terram
2451 2196 2794 2264 seminando,
2827 2196 3154 2253 confidenter
3180 2207 3232 2252 et
3262 2199 3506 2254 alacriter
3533 2201 3584 2255 id

1999 2289 2128 2344 facis
2153 2307 2165 2355 ;
2195 2306 2312 2344 cunt
2343 2305 2467 2343 vero
2495 2288 2546 2341 in
2577 2303 2790 2342 manum
2823 2287 2911 2342 Dei
2943 2288 3308 2342 scminandum
3341 2300 3440 2356 est,
3467 2307 3584 2346 ces-

1997 2397 2085 2436 sas
2126 2388 2181 2435 et
2223 2380 2482 2450 negligis?
2513 2377 2642 2432 Nam
2687 2379 2729 2432 si
2776 2387 2914 2431 terra
2962 2378 3134 2432 reddit
3178 2381 3316 2448 quod
3367 2382 3466 2436 sibi
3501 2394 3585 2436 est

1997 2469 2282 2534 creditum,
2313 2466 2669 2535 multomagis
2698 2465 2788 2518 Dei
2821 2483 3028 2529 manus,
3057 2483 3403 2539 qua-eumque
3433 2486 3584 2526 accc-

1999 2561 2156 2632 perit,
2183 2574 2374 2630 magno
2400 2574 2520 2613 cum
2549 2557 2752 2613 [ωηοτο
2778 2569 2858 2610 est
2885 2558 3171 2612 redditura.

2073 2653 2159 2706 10.
2189 2651 2314 2705 Haec
2344 2649 2500 2719 igitur
2525 2649 2756 2703 scientes
2783 2663 2886 2702 non
2917 2651 3263 2718 respiciamus
3291 2662 3582 2720 sumptum,

1997 2744 2208 2814 quando
2237 2742 2629 2812 eleemosynam
2660 2738 2900 2804 facimus,
2932 2739 3024 2793 sed
3048 2755 3168 2794 eum
3196 2741 3284 2810 qui
3318 2741 3438 2798 inde
3465 2757 3585 2812 spe-

2001 2845 2145 2887 ratur
2181 2841 2526 2901 proventum,
2569 2831 2674 2884 imo
2711 2831 2870 2885 etiam
2917 2845 3154 2899 praisens
3191 2831 3398 2885 lucrum
3427 2849 3446 2886 ι
3479 2847 3582 2890 non

1999 2925 2170 2978 solum
2207 2923 2346 2978 enim
2387 2937 2609 2992 regnum
2641 2922 2894 2976 cat-lorum
2927 2923 3262 2993 eleemosyna
3300 2935 3584 2994 procurat,

1999 3015 2092 3070 sed
2122 3015 2172 3068 in
2205 3014 2453 3082 praisenti
2481 3013 2638 3066 etiam
2673 3013 2776 3065 vita
2804 3012 3139 3066 securitatem
3163 3012 3316 3066 atfert
3343 3024 3394 3068 et
3419 3015 3586 3068 abun-

2001 3085 2254 3160 dantiam.
2277 3104 2404 3170 Quis
2426 3104 2538 3157 haec
2557 3102 2871 3172 pollicetur?
2895 3101 3110 3170 lpsequi
3135 3111 3388 3170 praestare
3413 3114 3588 3174 potest

2006 3198 2274 3252 Dominus.
2311 3195 2444 3250 Dicit
2471 3195 2610 3249 enim
2644 3211 2656 3246 :
2691 3193 2792 3260 Qui
2831 3209 2921 3245 sua
2971 3194 3288 3261 pauperibus
3333 3195 3584 3262 largitur,

2001 3289 2305 3358 centuplum
2331 3287 2551 3355 accipiet
2579 3285 2630 3338 in
2661 3284 2762 3338 hoc
2786 3283 3013 3342 smculo,
3038 3292 3090 3336 et
3119 3283 3238 3336 vitae
3261 3293 3474 3337 aeterna:
3503 3283 3587 3337 he-

2001 3380 2279 3434 reditatem
2320 3375 2535 3430 habebit
2562 3373 2790 3443 (Matth.
2820 3375 2904 3427 tt).
2935 3371 3060 3442 9.9).
3091 3371 3249 3426 Vides
3281 3375 3586 3428 retributio-

2005 3485 2126 3525 nem
2153 3470 2206 3522 in
2231 3477 2453 3535 utraque
2481 3465 2584 3517 \ita
2606 3477 2726 3517 cum
2754 3478 2887 3531 mag:
2913 3479 2944 3514 ο
2968 3464 3168 3514 iuniore
3198 3463 3588 3529 recipiendam?

2003 3561 2080 3617 Ne
2109 3561 2268 3630 igitur
2295 3571 2600 3619 cessemus,
2631 3568 2803 3623 neque
2850 3553 3332 3620 procrastincmus,
3369 3551 3460 3605 Sed
3497 3568 3589 3622 per

2005 3653 2240 3725 singulos
2264 3650 2377 3704 dies
2403 3649 2754 3717 elcemosynre
2785 3643 3011 3698 fructum
3053 3643 3423 3713 percipiatuus,
3455 3653 3510 3698 ut
3535 3655 3590 3698 et

2005 3747 2059 3800 in
2101 3742 2347 3814 prtesenti
2377 3740 2572 3795 sreculo
2599 3738 2757 3792 rebus
2788 3735 3038 3790 secundis
3065 3735 3334 3800 fruamur,
3364 3746 3418 3790 et
3446 3735 3589 3790 futu-

2007 3851 2119 3891 ram
2149 3835 2308 3888 vitam
2337 3843 2725 3899 consequamur
2753 3845 2764 3882 :
2791 3841 2908 3896 qua:
2939 3825 3089 3879 nobis
3113 3825 3358 3879 omnibus
3382 3826 3592 3878 contin-

2005 3937 2114 3999 gat,
2143 3927 2310 3997 gratia
2339 3933 2392 3979 et
2427 3920 2750 3992 benignitate
2779 3919 2986 3972 Domini
3019 3917 3183 3971 nostri
3219 3916 3346 3972 Jcsu
3373 3916 3590 3982 Christi,

2007 4035 2126 4074 cum
2156 4032 2259 4087 quo
2287 4013 2428 4070 Patri
2458 4027 2559 4066 una
2587 4026 2708 4066 cum
2736 4009 2936 4080 Spiritu
2965 4017 3152 4062 sancto
3177 4009 3366 4080 gloria,
3397 4007 3588 4072 honor,

2010 4109 2287 4178 imperium
2317 4106 2366 4160 in
2397 4103 2587 4158 strcula
2620 4101 2956 4155 saeculorum.
2985 4101 3176 4154 Amen.

2651 4367 3384 4378 “mw
3391 4362 3586 4376 -πρ-φ

1431 4477 1572 4546 DE
1619 4466 2017 4543 EISDEM
2053 4451 2474 4538 VERBIS,

315 4653 648 4700 HABENTES
693 4651 904 4695 AU'I‘EM
954 4645 1222 4691 E‘UMDEM
1268 4641 1568 4686 SPIRITUM
1613 4637 1813 4686 FIDEI,
1859 4633 1896 4676 Si

2003 4631 2038 4672 ι·
2082 4623 2392 4670 SCRIPTUM
2435 4621 2549 4663 εει·
2596 4600 2614 4682 (
2659 4599 2718 4658 2.
2749 4595 2994 4659 COI‘..’I-.
3025 4597 3142 4674 13)
3235 4612 3312 4654 ur
3355 4612 3478 4663 Qu
3517 4611 3596 4653 ma

763 4749 954 4792 CAUSA
1003 4745 1198 4788 REBUS
1245 4743 1422 4785 BONIS
1467 4736 1674 4782 OMNES
1717 4735 1802 4776 EX
1847 4729 2028 4782 Λερυο
2071 4721 2436 4771 FBUANTUB.
2483 4719 2564 4762 Ετ
2599 4719 2680 4762 DE
2725 4713 3137 4759 ELEEMOSYNA

395 4967 448 5020 l.
477 4963 612 5018 Cum
641 4961 816 5030 priore
841 4962 1126 5020 conventu,
1157 4961 1212 5008 et
1241 4950 1328 5021 qui
1366 4949 1512 5004 illum
1544 4953 1910 5016 praecesserat,

323 5070 489 5110 unum
520 5049 744 5121 apostoli
775 5049 975 5102 dictum
1001 5046 1394 5113 susceperimus
1419 5036 1790 5108 exponendum
1815 5076 1830 5099 ,
1861 5036 1910 5088 ia

323 5145 441 5215 ejus
468 5141 809 5198 enarratione
849 5147 1014 5191 totum
1045 5147 1347 5188 sermonem
1371 5128 1832 5196 consumpsimus,
1862 5131 1916 5175 et

327 5235 490 5290 hodie
535 5245 748 5300 quoque
791 5229 842 5282 in
888 5225 1074 5281 eodem
1119 5221 1320 5278 versari
1368 5219 1737 5290 pr0posnimus
1769 5232 1780 5268 :
1815 5217 1916 5268 hoc

327 5336 506 5380 autem
534 5325 656 5378 data
681 5337 840 5391 opera
865 5317 1108 5379 facimus,
1135 5314 1200 5370 ad
1227 5323 1452 5368 vestram
1483 5311 1788 5374 utilitatem,
1813 5321 1914 5361 non

329 5419 396 5472 ad
423 5425 660 5472 nostram
687 5409 1116 5468 ostentationem.
1141 5406 1252 5460 Non
1277 5405 1418 5459 enim
1441 5412 1496 5456 ut
1527 5398 1810 5456 fecundum
1833 5413 1920 5452 me

329 5517 386 5562 et
409 5504 733 5561 multiscium
759 5501 1070 5564 ostendam;
1094 5497 1187 5554 sed
1214 5507 1271 5552 ut
1300 5505 1408 5550 tum
1435 5493 1580 5548 l’auli
1607 5489 1917 5562 sapientiam

332 5598 484 5652 vobis
509 5595 767 5664 aperiam,
795 5602 906 5647 tum
929 5599 1158 5645 vestram
1198 5586 1525 5642 alacritatem
1569 5581 1822 5646 excitem,
1849 5579 1921 5634 ita

333 5689 584 5746 eumdem
613 5700 767 5744 verso
790 5697 1112 5742 sermonem.
1140 5680 1268 5735 Nam
1300 5687 1352 5736 et
1388 5677 1528 5732 illius
1560 5671 1921 5743 intelligentia:

2015 4937 2348 5012 profunditas
2378 4932 2544 5002 magis
2573 4927 2821 4991 elucebit,
2853 4925 2896 4980 si
2923 4939 2992 4980 ex
3027 4939 3131 4976 uno
3155 4919 3299 4976 dicto
3328 4929 3468 4974 tanta
3497 4936 3591 4974 no-

2017 5009 2100 5086 bis
2128 5026 2508 5084 sententiarum
2545 5020 2740 5075 fluenta
2777 5015 3044 5086 proferat;
3071 5021 3122 5067 et
3156 5025 3249 5064 vos
3269 5051 3284 5076 ,
3311 5025 3432 5066 eum
3461 5009 3596 5064 didi-

2015 5120 2196 5176 ueritis
2231 5132 2300 5171 ex
2346 5129 2452 5168 uno
2497 5107 2724 5180 apostoli
2775 5106 2938 5161 verbo
2985 5101 3280 5158 inelTabiles
3325 5099 3602 5168 sapientia:

2015 5210 2228 5268 divitias
2247 5203 2488 5276 depromi
2513 5213 2689 5271 posse,
2715 5212 2818 5250 non
2843 5195 3130 5249 oscitantes
3152 5190 3468 5260 pereurrctis
3490 5188 3604 5256 ejus

2019 5302 2292 5373 epistolas,
2326 5297 2420 5353 sed
2449 5295 2548 5350 hac
2577 5307 2670 5363 spe
2700 5287 2899 5344 inducti
2928 5284 3162 5354 singulas
3189 5296 3372 5336 earum
3397 5289 3606 5334 sentcn-

2023 5371 2123 5450 tias
2161 5391 2420 5463 exquisita
2457 5401 2585 5444 cura
2625 5397 2687 5438 ac
2725 5379 2994 5451 diligentia
3037 5371 3522 5446 perscrutabimini.
3550 5371 3604 5428 Si

2023 5487 2163 5542 cnim
2190 5499 2350 5540 unum
2377 5481 2576 5536 dictum
2603 5474 2780 5531 triduo
2808 5471 2962 5527 nobis
2998 5465 3294 5522 disserendi
3332 5463 3604 5519 materiam

2024 5576 2290 5652 praebuit,
2319 5579 2569 5643 quantum
2611 5566 2807 5639 putatis
2847 5564 3150 5618 thesaurum
3193 5557 3346 5616 nobis
3387 5554 3604 5652 profun-

2027 5645 2178 5724 derct
2205 5679 2306 5721 una
2337 5661 2596 5734 quazpiam
2627 5672 2750 5730 pars
2779 5653 3057 5724 diligenter
3085 5658 3308 5706 tractata
3341 5663 3404 5706 ac
3435 5645 3596 5704 cousi-
