4060 6260
450 296 551 352 ἳϋί

452 403 674 464 derata!
705 403 781 459 Ne
810 401 967 472 igitur
999 399 1327 455 delassemur
1367 398 1670 468 priusquam
1700 402 1866 448 totum
1897 389 2036 460 quod

454 506 698 568 superest
747 493 1188 561 decerpserimus.
1238 489 1296 545 Si
1346 489 1488 543 enim
1538 485 1874 541 metallorum
1924 476 2042 535 auri

455 591 686 644 l'cssores
709 627 725 651 ,
765 585 890 639 licet
928 583 1270 653 quantumvis
1299 580 1598 634 divntiarum
1631 577 1750 631 inde
1775 575 2037 630 exhause-

455 680 594 742 rint,
631 691 735 740 non
781 675 929 744 prius
975 682 1150 736 tamen
1194 671 1318 725 inde
1360 669 1654 730 absistunt,
1687 682 1842 736 quam
1873 674 2038 717 totum

453 782 638 830 aurum
683 763 966 826 auferant:
997 761 1166 816 multo
1205 760 1458 828 majorem
1496 773 1594 815 nos
1625 756 1949 816 alacritatem
1979 769 2041 807 ac

457 859 783 931 diligentiam
814 859 865 912 in
896 854 1292 928 perscrutandis
1321 852 1512 908 divinis
1539 850 1763 920 eloquiis
1788 847 2042 903 adhibere

456 951 723 1008 convenit.
747 949 881 1004 Nam
904 957 958 1004 et
983 962 1080 1002 nos
1101 961 1286 1001 aurum
1307 943 1608 1006 ell'odimus,
1634 957 1737 994 non
1767 939 2037 1000 sensibile,

459 1043 552 1097 sed
593 1042 868 1112 spirituate
901 1057 913 1093 :
945 1054 1051 1093 non
1089 1037 1232 1092 enim
1273 1037 1325 1090 in
1366 1033 1591 1089 metallis
1630 1039 1817 1094 terr-.e,
1857 1028 1950 1083 sed
1991 1028 2041 1081 in

454 1135 682 1206 Spiritus
721 1133 950 1188 metallis
989 1144 1289 1199 operantur.
1339 1127 1573 1181 Paulina:
1617 1124 1758 1178 enim
1800 1120 2040 1192 epislttltc

457 1226 670 1291 metalla
697 1234 818 1286 sunt
843 1222 1072 1292 Spiritus
1097 1228 1151 1275 et
1179 1219 1350 1273 fontes
1380 1236 1392 1272 :
1421 1216 1630 1271 metalla
1662 1214 1896 1284 quidem,
1920 1213 2044 1282 quia

456 1317 644 1400 quovis
671 1329 804 1378 auro
833 1311 1176 1383 pretiosiores
1204 1308 1358 1377 nobis
1385 1307 1623 1376 pra‘bcnt
1651 1304 1862 1358 divitias
1889 1319 1902 1358 :
1929 1301 2046 1356 fon-

459 1392 542 1462 tes
572 1423 719 1466 vero.
750 1392 870 1475 quia
902 1418 1188 1472 numquam
1220 1400 1508 1465 deﬁciunt;
1541 1398 1633 1452 sed
1660 1396 2047 1468 quantumlibet

457 1497 743 1552 exhaurias
764 1538 777 1560 ,
808 1492 1136 1548 tantumdem
1176 1506 1239 1545 ac
1279 1492 1445 1544 multo
1479 1489 1705 1558 amplius
1733 1503 1940 1543 rursum
1971 1488 2046 1540 al-

462 1588 596 1641 llnit.
626 1587 692 1640 Et
717 1586 819 1651 hoc
844 1584 1120 1640 evidenter
1146 1581 1422 1636 declarare
1445 1588 1619 1650 potest
1644 1588 1813 1634 totum
1838 1588 2046 1647 tempus

460 1677 601 1745 quod
640 1676 914 1760 prmteriit.
947 1672 1218 1740 Siquidem
1245 1686 1307 1724 ex
1337 1655 1667 1738 qno‘Paulus
1699 1668 1861 1733 vixit,
1889 1667 2048 1736 quin-

465 1765 607 1834 genti
631 1755 738 1833 jam
761 1763 925 1831 elapsi
948 1771 1071 1822 sunt
1095 1761 1240 1825 anni,
1267 1769 1480 1829 totoque
1509 1759 1609 1812 hoc
1638 1767 1874 1828 tempore
1898 1755 2046 1811 multi

463 1866 574 1922 tum
595 1841 1066 1928 commentatores,
1087 1862 1196 1906 tum
1214 1852 1458 1906 doctores
1473 1865 1534 1910 ac
1555 1851 1866 1917 interpretes
1884 1847 2046 1902 multa

463 1961 607 2014 saepe
635 1944 756 1999 inde
783 1944 1162 2010 exhauserunt,
1197 1956 1294 1996 nec
1325 1950 1408 1996 ta‘:
1435 1956 1500 1995 en
1533 1955 1660 2010 repo
1691 1940 1790 1993 itas
1815 1937 1942 1992 inibi
1970 1938 2048 1992 di-

462 2035 619 2089 vitias
642 2047 900 2088 evacuare
927 2033 1224 2086 valuerunt.
1252 2031 1365 2085 Non
1398 2039 1479 2084 est
1505 2029 1644 2083 enim
1669 2027 1937 2082 sensibilis
1965 2027 2051 2082 hic

466 2126 750 2194 thesaurus
775 2169 788 2192 ,
820 2134 873 2179 et
910 2124 1108 2179 ideirco
1155 2138 1259 2178 non
1294 2123 1622 2177 consmnitnr
1650 2137 1678 2175 a
1710 2121 1886 2176 multis
1915 2119 2046 2173 επο-

463 2215 722 2270 dientium
755 2215 998 2270 manibus
1023 2256 1038 2282 ,
1078 2214 1173 2269 sed
1217 2221 1438 2284 augetur
1468 2223 1520 2267 et
1559 2213 1954 2282 multiplicatur.
1985 2211 2052 2264 Et

465 2308 588 2377 quid
620 2307 739 2362 dico
767 2307 835 2362 de
866 2307 968 2363 illis
997 2307 1083 2377 qui
1112 2317 1237 2361 ante
1277 2320 1374 2361 nos
1413 2304 1663 2360 luerunt?
1693 2303 1860 2371 Quam
1897 2303 2046 2357 multi

469 2409 589 2465 post
613 2414 708 2451 nos
737 2397 927 2464 dicturi
954 2406 1096 2462 sunt,
1127 2411 1189 2451 ac
1214 2410 1398 2450 rursus
1422 2403 1543 2465 post
1572 2396 1689 2450 illos
1713 2395 1822 2459 alii,
1847 2407 1945 2448 nec
1975 2403 2052 2446 ta-

470 2468 590 2542 men
619 2487 866 2542 deﬁcient
895 2487 1055 2547 fontis
1081 2487 1130 2540 in
1160 2485 1373 2542 modum
1403 2494 1667 2541 scatentes
1691 2485 1886 2538 divitia?
1911 2524 1923 2547 ,
1957 2499 2053 2538 ne-

467 2594 573 2648 que
616 2579 951 2649 metallorum
997 2577 1097 2632 hoc
1137 2591 1303 2646 genus
1342 2575 1724 2630 exhauriatur?
1763 2572 2050 2643 spiritualia

467 2670 610 2723 enim
635 2679 776 2736 sunt,
800 2677 853 2722 et
877 2676 1062 2737 suapte
1088 2676 1271 2721 natura
1299 2682 1582 2736 numquam
1607 2667 1824 2719 omnino
1848 2665 2051 2720 absumi

471 2766 710 2830 possunt.
757 2758 906 2826 Quod
945 2769 1026 2812 est
1066 2759 1222 2828 igitur
1265 2758 1390 2812 illud
1427 2749 1623 2812 dictum
1661 2753 2054 2826 apostolicum?

471 2850 724 2904 [labentes
748 2841 915 2923 autem
943 2850 1171 2904 eumdem
1202 2850 1453 2918 Spiritum
1480 2849 1602 2917 ﬁdei
1619 2889 1634 2911 ,
1664 2847 1789 2910 sicut
1815 2847 2054 2916 scriptum

472 2950 563 3001 est,
593 2939 818 3005 Credidi,
847 2950 1152 3010 quapropter
1177 2939 1407 3008 loquutus
1435 2956 1563 2992 smn.

539 3030 593 3082 2.
628 3011 989 3099 Nuperigitur
1013 3029 1352 3099 qumsivimus
1377 3045 1603 3099 quanam
1630 3029 1696 3083 de
1723 3043 1880 3083 causa
1906 3027 2056 3082 dixe-

472 3122 571 3186 rit,
606 3119 851 3191 Eumdem
891 3120 1142 3191 Spiritum
1172 3120 1292 3189 ﬁdei
1313 3136 1332 3184 ,'
1363 3130 1416 3174 et
1443 3136 1601 3174 unam
1639 3119 1897 3174 hactenus
1925 3133 2051 3172 cau-

471 3229 583 3277 sam
611 3215 882 3268 attulimus
913 3230 926 3266 :
959 3220 1074 3266 erat
1098 3221 1276 3266 autem
1317 3211 1430 3266 lucc
1461 3227 1474 3264 :
1509 3221 1565 3264 ut
1591 3209 1896 3264 ostenderet
1923 3224 2052 3264 eon-

473 3304 771 3369 sonaatiam
813 3302 1023 3366 Veteris
1067 3317 1130 3356 ac
1177 3301 1308 3355 Novi
1352 3300 1698 3357 Testamenti.
1738 3299 1870 3355 Cum
1913 3300 2055 3355 enim

474 3395 740 3466 invenitur
764 3393 901 3467 idem
932 3393 1049 3449 ﬁdei
1090 3393 1318 3464 Spiritus
1343 3403 1396 3446 et
1433 3392 1646 3461 Davidis
1675 3393 1903 3462 linguam
1938 3407 2054 3447 mo-

475 3487 612 3540 visse
632 3527 646 3550 ,
675 3486 935 3561 dicentem
955 3526 968 3548 ,
1002 3483 1240 3550 Credidi,
1281 3493 1482 3561 prOpter
1515 3485 1650 3554 quod
1687 3485 1923 3552 loquutus
1945 3500 2056 3538 sum

474 3573 648 3645 (Paul.
677 3575 800 3630 H5.
824 3558 938 3641 l0),
966 3583 1020 3628 et
1049 3574 1100 3628 in
1121 3573 1267 3628 Pauli
1291 3558 1464 3628 anima
1488 3583 1737 3643 Operatus
1761 3589 1900 3639 esse,
1929 3573 2056 3628 satis

473 3674 694 3734 apparet
725 3678 966 3734 magnam
998 3677 1116 3718 esse
1140 3663 1519 3734 prophetarum
1546 3680 1664 3718 eum
1688 3665 1942 3734 apostolis
1962 3677 2056 3718 co-

473 3743 803 3827 gnationem,
822 3763 976 3824 atque
1001 3757 1070 3810 ita
1091 3756 1392 3810 necessario
1413 3757 1652 3826 sequitur
1671 3770 1914 3826 magnam
1939 3769 2057 3810 esse

475 3846 682 3910 Veteris
707 3855 758 3900 et
782 3846 910 3904 Novi
933 3845 1260 3915 Tcstamcnti
1285 3847 1708 3901 consonantiam.
1737 3846 1839 3902 Sed
1869 3861 1937 3901 ne
1963 3846 2058 3900 ite-

475 3952 592 3991 rum
634 3937 818 4010 eadem
867 3945 1168 4006 repetentes
1211 3937 1418 3991 molesti
1459 3937 1609 3991 vobis
1647 3938 1841 3999 simus,
1875 3951 1971 4006 age
2005 3945 2058 3990 et

473 4028 698 4098 alteram
719 4012 942 4082 causam
963 4027 1312 4095 proferamus,
1343 4027 1409 4081 ob
1429 4042 1583 4095 quam
1608 4027 1759 4094 dixit,
1785 4027 2051 4082 Eumdem.

473 4117 591 4172 Jam
621 4127 728 4178 tum
769 4118 912 4170 enim
955 4105 1176 4178 alteram
1218 4115 1372 4182 hujus
1400 4116 1524 4169 dicti
1551 4131 1763 4169 causam
1797 4118 2057 4185 promise-

477 4222 674 4268 ramns.
707 4205 814 4259 Sed
846 4221 979 4273 Opus
1011 4216 1092 4258 est
1124 4213 1179 4257 ut
1209 4204 1508 4266 excitemini
1543 4222 1555 4257 :
1592 4204 1882 4272 profundus
1915 4208 2056 4259 enim

477 4305 564 4358 est
586 4310 953 4363 sensusqucm
980 4294 1184 4358 caritati
1219 4303 1409 4359 vestra:
1433 4310 1550 4360 sum
1578 4295 1837 4364 dicturus,
1861 4307 1914 4359 et
1941 4312 2057 4366 per-

478 4386 673 4456 spicaci
700 4387 878 4440 animo
906 4400 1039 4455 opus
1072 4385 1248 4451 habet,
1277 4385 1592 4456 ingenioque
1623 4399 1874 4458 peracute
1903 4407 1914 4441 :
1939 4404 2038 4458 qua

479 4487 695 4548 propter
735 4477 970 4531 obtestor
1009 4485 1067 4528 ut
1103 4490 1308 4528 summa
1345 4469 1644 4531 attentione
1678 4494 1796 4546 qua:
1835 4478 2056 4532 dicenda

478 4579 604 4637 sunt,
646 4567 973 4637 auscultetis.
1019 4566 1266 4621 Vestrum
1311 4577 1394 4622 cst
1437 4567 1681 4636 lucrum,
1714 4577 1895 4637 uoster
1933 4585 2060 4632 vero

479 4658 665 4722 labor;
699 4658 806 4709 into
839 4656 1022 4726 gratiae
1047 4656 1273 4728 Spiritus
1300 4657 1465 4713 Sancti
1493 4655 1690 4722 donum
1717 4701 1729 4718 ,
1760 4673 1866 4726 quo
1897 4674 2057 4726 reve-

481 4750 623 4804 lante
648 4756 850 4801 secreta
878 4788 892 4812 ,
921 4763 1092 4818 neque
1120 4748 1208 4817 qui
1236 4747 1392 4811 dicit,
1421 4763 1592 4816 neque
1619 4749 1706 4817 qui
1735 4749 1880 4802 audit
1907 4749 2048 4804 dela-

480 4841 673 4909 tigatur
701 4856 714 4893 :
747 4838 1123 4914 revelationem
1155 4838 1296 4892 enim
1329 4853 1516 4907 magna
1551 4838 1770 4912 facilitas
1799 4841 2054 4911 sequitur.
2091 4825 2098 4831 ’

479 4922 832 4988 Attendamus
866 4932 1027 5000 igitur
1055 4946 1176 4985 cum
1206 4931 1476 5001 diligentia
1510 4949 1522 4982 :
1554 4932 1674 4986 licet
1705 4933 1845 4986 enim
1887 4936 2058 5002 majo-,

477 5037 592 5075 rem
635 5031 838 5090 partem
881 5021 1098 5074 auribus
1141 5021 1567 5090 persequamini,
1596 5020 1640 5075 si
1671 5021 1760 5075 vel
1781 5021 2057 5076 minimum

476 5110 921 5184 dormitavcritis,
938 5111 1234 5179 interrupto
1258 5096 1426 5165 semel
1448 5119 1696 5165 contextu
1720 5119 1885 5165 totum
1911 5113 2060 5182 igno-

479 5202 685 5257 rabitis.
715 5201 782 5255 Et
810 5201 1253 5274 quemadmodum
1285 5202 1379 5265 iis,
1410 5201 1498 5270 qui
1526 5202 1663 5255 viam
1705 5203 1978 5272 ignorant,
2006 5213 2066 5264 et

479 5293 701 5346 ductore
728 5306 865 5361 opus
903 5291 1131 5356 habent,
1161 5290 1248 5344 diu
1281 5290 1405 5344 licet
1441 5290 1586 5345 illum
1615 5294 1823 5360 sequuti
1847 5334 1863 5358 ,
1895 5293 1939 5347 si
1967 5308 2061 5362 per

483 5385 853 5455 negligentiam
880 5383 970 5438 vel
995 5383 1262 5453 paululum
1301 5397 1366 5436 ex
1403 5383 1573 5438 oculis
1613 5399 1735 5439 eum
1774 5385 2056 5451 amittant,

485 5475 614 5544 nihil
655 5477 872 5545 prodest
899 5476 1153 5530 hactenus
1182 5483 1434 5544 sequutus
1460 5490 1578 5530 esse
1597 5515 1614 5542 ,
1642 5475 1734 5530 sed
1765 5477 2064 5533 consistunt

484 5566 652 5637 ignari
681 5581 907 5637 quanam
939 5567 1008 5620 sit
1049 5566 1489 5636 progrediendum
1521 5583 1533 5619 :
1569 5567 1638 5621 ita
1667 5569 1828 5622 etiam
1856 5569 1943 5638 qui
1975 5568 2060 5628 die

490 5664 692 5725 gentem
731 5669 1122 5732 prosequuntur
1151 5658 1328 5725 animo
1351 5697 1368 5725 ,
1398 5658 1613 5714 etiamsi
1633 5668 1834 5716 attente
1860 5660 2060 5716 doctri-

1203 289 1259 344 S.
1299 284 1578 342 JUANNIS
1615 275 2094 337 CllRYSOSTOMl
2135 272 2452 330 ARCIIIEP.
2493 269 3034 328 CONSTANTINOP.

3627 276 3727 336 9.02

2150 400 2272 440 nam
2311 385 2427 455 ejus
2471 383 2776 449 hauserint,
2819 383 2862 437 si
2899 382 3166 452 paulisper
3209 392 3410 438 tantum
3451 384 3740 441 oscitanter

2147 476 2398 542 audiant,
2432 484 2538 530 tota
2581 475 2720 528 serie
2749 475 2948 527 antisse
2971 515 2984 536 ,
3016 489 3122 527 non
3154 485 3376 544 possunt
3414 475 3643 542 amplius
3672 477 3739 529 ad

2147 567 2532 622 sententiarum
2575 566 2733 620 linem
2774 565 3072 634 [-ezvenire.
3111 565 3186 620 Ne
3228 566 3386 636 igitur
3417 565 3558 620 idem
3589 566 3740 621 vobis

2146 659 2378 722 accidat,
2411 657 2659 711 omnibus
2695 673 2813 726 qua:
2855 658 3042 709 dicturi
3083 672 3264 710 smnus
3302 656 3412 726 pari
3445 665 3632 711 tenore
3660 657 3740 709 in-

2149 749 2371 815 tendite,
2403 748 2574 803 donec
2601 747 2667 801 ad
2702 747 2861 801 ﬁnem
2896 749 3283 816 perveniamus.

2217 840 2271 892 5.
2291 837 2392 893 Cur
2415 839 2547 892 dicat
2565 839 2790 891 eumdem
2814 853 2921 891 esse
2945 837 3198 907 Spiritum
3222 837 3362 905 fidei.
3399 837 3583 909 Imago
3621 854 3746 906 prr-

2146 931 2517 999 sequutionum.
2549 959 2616 968 —
2660 927 2860 985 Dicturi
2903 929 3060 997 igitur
3098 943 3201 998 qua
3235 929 3304 984 de
3351 944 3510 984 causa
3559 928 3740 994 dicat,

2080 1036 2091 1048 ·
2160 1021 2404 1080 Habentes
2433 1029 2600 1072 autem
2629 1020 2858 1083 eumdem
2891 1017 3142 1086 Spiritum
3173 1019 3310 1087 ﬁdei,
3341 1019 3529 1072 volens
3553 1030 3723 1074 osten.

2148 1111 2275 1165 dere
2295 1109 2535 1167 eamdem
2553 1123 2672 1162 esse
2691 1109 2965 1176 utriusque
2983 1107 3305 1162 Testatnenti
3327 1108 3485 1162 Iidem
3503 1109 3740 1161 omnium

2148 1203 2410 1265 bonorum
2435 1213 2658 1254 matrem
2684 1241 2696 1264 ,
2727 1196 2886 1268 paulo
2907 1197 3067 1251 altius
3090 1212 3390 1254 sermonem
3415 1209 3741 1267 repetamus.

2148 1295 2236 1350 Sic
2275 1296 2418 1350 enim
2465 1295 2619 1349 nobis
2645 1274 2803 1347 causa
2833 1293 3130 1347 evidentius
3157 1292 3450 1362 apparebit.
3485 1292 3743 1358 Qua-nant

2150 1387 2311 1456 igitur
2343 1396 2426 1447 est
2457 1389 2568 1440 haec
2593 1385 2796 1446 causa?
2822 1385 3065 1454 Magnum
3092 1385 3286 1439 bellum
3315 1387 3746 1443 circumsteterat

2152 1479 2337 1534 ﬁdeles
2358 1479 2483 1532 dum
2517 1477 2632 1531 hmo
2657 1477 2971 1532 dicebantur
2999 1493 3012 1540 ;
3047 1476 3242 1530 bellum
3265 1516 3280 1540 ,
3309 1475 3523 1545 inquam
3544 1516 3559 1540 ,
3584 1491 3748 1544 grave

2150 1580 2205 1625 et
2248 1571 2448 1640 absque
2496 1571 2620 1624 ullis
2651 1569 2895 1623 induciis.
2928 1568 3058 1624 Nam
3084 1576 3140 1623 et
3165 1568 3408 1623 civitates
3437 1569 3656 1638 integra:
3686 1577 3746 1630 et

2154 1662 2330 1730 populi
2362 1662 2593 1731 undique
2620 1662 2670 1714 in
2694 1676 2787 1714 eos
2811 1662 3234 1728 insnrrcxerant,
3251 1669 3306 1714 et
3331 1659 3538 1730 tyranni
3559 1675 3748 1714 tllllllCS

2153 1751 2538 1805 insidiabantur
2561 1792 2575 1815 ,
2619 1761 2671 1804 et
2701 1765 2854 1822 reges
2881 1759 3066 1804 contra
3093 1764 3187 1803 eos
3213 1748 3410 1804 bellum
3439 1749 3700 1818 parabant
3731 1767 3744 1802 :

2151 1857 2298 1903 arma
2331 1843 2703 1906 movebantur,
2731 1842 2888 1913 gladii
2921 1843 3270 1908 acuebantur,
3293 1843 3559 1896 exercitus
3585 1843 3748 1896 ador—

2153 1932 2435 1992 nabantur,
2469 1941 2522 1986 et
2546 1932 2721 1985 omnia
2748 1947 2941 2001 genera
2967 1946 3243 2006 poenarum
3271 1945 3336 1984 ac
3365 1932 3750 2002 suppliciorrm

2153 2021 2590 2092 excogitabantur
2623 2040 2636 2075 :
2669 2023 2790 2074 inde
2831 2021 3139 2075 facultatum
3172 2021 3372 2091 rapinas
3403 2031 3454 2075 et
3484 2022 3755 2077 confisca-

2155 2097 2324 2165 tione's
2344 2152 2358 2176 ,
2401 2119 2453 2165 et
2481 2124 2726 2164 carceres
2757 2125 2818 2172 ac
2850 2119 3049 2164 mortes
3076 2110 3400 2181 quotidiana:
3423 2151 3438 2174 ,
3464 2119 3749 2182 tormenta,

2154 2201 2358 2254 vincula
2382 2241 2396 2266 ,
2423 2201 2560 2270 ignis
2581 2243 2596 2267 ,
2628 2199 2849 2266 ferrum,
2883 2199 3090 2264 bestim,
3118 2199 3373 2274 patibula,
3409 2210 3560 2262 rotae,
3589 2201 3747 2255 bara-

2155 2292 2292 2353 thra,
2316 2289 2628 2359 pmcipitia,
2649 2300 2698 2344 et
2721 2289 2972 2360 quidquid
3001 2289 3051 2342 in
3081 2289 3370 2358 perniciem
3392 2289 3620 2351 ﬁdelium
3640 2308 3740 2357 ex-

2154 2383 2371 2452 c0gitari
2405 2391 2612 2452 poterat
2637 2399 2650 2435 :
2683 2397 2744 2436 ae
2774 2397 2840 2436 ne
2862 2383 2995 2434 intra
3025 2381 3122 2435 hos
3142 2381 3354 2450 quidem
3385 2381 3518 2436 ﬁnes
3545 2383 3748 2446 bellum

2155 2489 2212 2530 se
2233 2475 2513 2529 continuit.
2543 2473 2658 2528 Non
2688 2475 2860 2528 solum
2889 2475 3030 2529 enim
3053 2475 3121 2529 ab
3141 2475 3370 2529 inimicis
3393 2477 3749 2542 excitabatur,

2156 2565 2252 2620 sed
2278 2566 2390 2634 ipsa
2413 2565 2574 2619 etiam
2598 2575 2782 2618 natura
2807 2574 2989 2618 contra
3013 2565 3242 2634 seipsam
3291 2567 3613 2621 irritabatur.
3657 2568 3753 2622 Et-

2155 2657 2296 2711 enim
2323 2655 2505 2710 liberis
2543 2656 2928 2713 insidiabantur
2955 2665 3148 2726 pnlrt's,
3185 2669 3236 2711 et
3267 2657 3388 2711 ﬁlim-
3418 2673 3606 2714 cxosas
3635 2676 3754 2714 ma-

2158 2757 2266 2804 tres
2308 2747 2614 2812 habebant,
2659 2758 2711 2802 et
2751 2748 2910 2801 amici
2949 2748 3151 2802 atnicos
3187 2749 3588 2816 aversabantur,
3616 2761 3671 2804 et
3699 2752 3752 2810 in

2157 2841 2500 2914 cognationes
2524 2854 2586 2894 ac
2611 2839 2836 2893 familias
2862 2839 3058 2903 bellum
3089 2839 3192 2894 hoc
3218 2839 3448 2895 latenter
3477 2856 3597 2895 sese
3624 2841 3754 2897 insi-,

2159 2933 2360 2988 nuabat
2382 2975 2397 2999 ,
2427 2946 2756 3002 magnusque
2783 2933 3040 2986 tumultus
3064 2941 3180 2988 erat
3201 2947 3298 3002 per
3323 2933 3626 2989 universum
3656 2951 3754 2999 ora

2158 3026 2277 3081 bent
2316 3025 2677 3080 habitabilem.
2708 3024 2769 3078 Et
2797 3024 2934 3079 sicut
2959 3025 3109 3077 navis
3139 3023 3292 3082 undis
3320 3025 3746 3096 insurgentibus,

2159 3114 2389 3177 nubibus
2429 3115 2871 3169 concurrentibus
2895 3154 2910 3180 ,
2963 3115 3112 3170 elisis
3160 3115 3446 3170 tonitribus
3470 3157 3484 3179 ,
3522 3117 3753 3189 caligine

2161 3207 2392 3276 undique
2419 3206 2970 3276 scaphanLeingente,
3004 3208 3136 3261 mari
3170 3206 3398 3271 furente,
3429 3208 3620 3264 belluis
3647 3225 3755 3264 sa:-

2158 3297 2444 3362 vientibus,
2474 3299 2661 3371 piratis
2691 3300 3151 3368 oppugnantibus,
3184 3298 3312 3368 ipsis
3340 3301 3640 3354 vectoribus
3671 3302 3754 3354 in-

2163 3400 2241 3444 ter
2285 3405 2344 3444 se
2383 3389 2801 3454 dissidentibus,
2845 3389 3248 3459 haudquaquam
3278 3391 3504 3446 evadere
3529 3403 3752 3463 potest,

2160 3481 2260 3534 nisi
2289 3480 2518 3539 caelestis
2545 3481 2762 3535 dextera
2788 3520 2804 3548 ,
2838 3496 3026 3552 magna
3052 3481 3136 3534 illa
3164 3495 3228 3534 ac
3253 3492 3441 3556 potens
3462 3524 3476 3548 ,
3507 3483 3758 3538 discusso

2162 3569 2402 3640 periculo
2426 3579 2478 3624 et
2509 3571 2690 3624 sedata
2721 3579 3039 3646 tempestate
3063 3613 3076 3635 ,
3112 3571 3163 3624 in
3195 3573 3627 3641 tranquillitatem
3662 3591 3754 3627 re—

2160 3661 2319 3716 ducat
2346 3661 2654 3732 naxigautcs
2683 3680 2696 3716 :
2728 3663 2798 3715 ita
2823 3662 2984 3716 etiam
3013 3672 3137 3717 tunc
3159 3663 3298 3718 inter
3320 3664 3468 3718 initia
3491 3666 3754 3734 prmdica-

2161 3755 2320 3809 tionis
2361 3753 2568 3808 accidit.
2617 3754 2732 3808 Non
2778 3755 2950 3809 solum
2997 3756 3140 3808 enim
3181 3766 3402 3810 externa
3433 3766 3756 3827 tempestate

2161 3845 2536 3916 pulsabantur,
2568 3845 2660 3899 sed
2690 3845 2830 3900 intus
2859 3848 3018 3900 etiam
3051 3848 3360 3916 μΙιξΓυΙηιιιιο
3389 3850 3652 3906 seditione
3680 3853 3760 3906 la-

2164 3938 2449 3994 borabant.
2501 3937 2630 4006 Quis
2661 3937 2760 3993 hoc
2791 3937 2956 3992 dicit?
2986 3940 3177 3994 Paulus
3205 3941 3319 4010 ipse
3362 3940 3439 3994 sic
3465 3943 3705 3998 scribens
3739 3963 3758 4013 :_

2162 4028 2317 4083 Foris
2357 4045 2578 4100 pugme,
2621 4029 2757 4082 intus
2801 4030 3003 4084 timores
3043 4030 3122 4103 (2.
3157 4029 3275 4086 Cor.
3319 4033 3372 4086 7.
3403 4033 3484 4104 5).
3517 4033 3582 4087 Et
3610 4037 3759 4104 qum!

2163 4118 2265 4174 hoc
2293 4133 2476 4174 verum
2507 4119 2605 4186 sit,
2634 4120 2888 4192 quodque
2913 4121 3162 4176 doctores
3192 4123 3390 4192 pariter
3419 4138 3484 4177 ac
3503 4123 3756 4195 discipuli

2163 4211 2459 4266 innumeris
2485 4212 2622 4280 septi
2655 4213 2851 4267 fuerint
2880 4213 3063 4279 malis,
3093 4222 3146 4267 et
3174 4229 3270 4282 per
3295 4229 3482 4268 omnes
3507 4231 3574 4270 ex
3597 4232 3761 4286 aequo

2161 4301 2362 4368 bellum
2403 4303 2505 4357 hoc
2545 4302 2704 4357 fuerit
2739 4313 3039 4373 grassatum
3069 4344 3084 4367 ,
3128 4303 3374 4358 eumdem
3409 4305 3627 4360 Paulum
3659 4309 3758 4363 itc-

2177 4405 2278 4445 'um
2302 4399 2493 4457 testem
2519 4390 2747 4458 adduco.
2781 4391 2990 4446 Vestra:
3015 4401 3192 4447 autem
3222 4402 3401 4462 partes
3421 4406 3543 4448 sunt
3562 4398 3759 4451 memi-

2163 4481 2304 4537 nisse
2341 4483 2578 4537 omnium
2608 4481 2799 4538 horum
2829 4499 2948 4553 qute
2972 4483 3128 4550 dico,
3159 4493 3214 4538 ut
3242 4486 3470 4554 cognitis
3497 4489 3756 4555 periculis

2161 4588 2226 4628 ac
2272 4573 2687 4637 tentationibus,
2735 4574 3091 4643 omnibusque
3131 4575 3578 4642 adversitatibus,
3621 4594 3761 4648 quas

2163 4663 2279 4732 ejus
2316 4663 2572 4731 temporis
2600 4661 2784 4732 ﬁdeles
2811 4662 3173 4736 perferebant,
3201 4673 3347 4718 tanto
3375 4668 3604 4736 majores
3636 4685 3760 4738 gr..-

2166 4753 2265 4820 tias
2292 4754 2470 4823 agatis
2493 4753 2625 4820 Deo,
2660 4755 2748 4822 qui
2772 4754 3022 4808 omnibus
3054 4755 3158 4809 illis
3179 4757 3570 4813 calamitatibus
3596 4759 3762 4814 linem

2164 4847 2436 4925 imposuit,
2463 4855 2520 4904 et
2543 4858 2904 4916 averruncato
2934 4847 3074 4902 bello
3097 4889 3112 4913 ,
3143 4849 3636 4918 tranquillissimam
3673 4871 3767 4922 pa-

2163 4950 2279 4996 cem
2309 4937 2463 4992 nobis
2491 4937 2721 4993 confecit
2749 4954 2764 4990 :
2793 4947 2850 4990 ut
2871 4953 3028 4991 nemo
3050 4938 3142 4992 vel
3156 4940 3651 5009 socordizeptenam
3681 4945 3764 4998 el-

2164 5026 2350 5096 fugiat,
2382 5027 2464 5082 vel
2495 5027 2563 5081 ob
2586 5029 2745 5080 vitam
2775 5036 2920 5082 recte
2946 5038 3116 5080 actam
3141 5029 3446 5083 extollatur.

2235 5119 2289 5184 4.
2313 5117 2450 5172 Pace
2477 5117 2716 5172 Ecclesia:
2744 5135 2844 5180 non
2870 5118 3452 5189 abutendum—Neque
3478 5125 3619 5176 enim
3642 5140 3768 5193 per.

2166 5207 2289 5274 inde
2333 5216 2450 5274 est,
2500 5209 2543 5260 si
2589 5207 2927 5277 undiqnaque
2977 5209 3314 5277 impugnatus
3361 5221 3415 5264 et
3463 5211 3766 5271 innumeris

2167 5297 2580 5358 adversitatibus
2624 5296 2846 5350 obrutus
2896 5313 3154 5364 generose
3201 5299 3500 5366 subsistas,
3540 5316 3604 5356 ac
3631 5305 3679 5357 si
3714 5306 3764 5358 in

2166 5395 2323 5457 portu
2366 5401 2508 5440 nunc
2547 5385 2761 5451 sedens,
2793 5396 2847 5439 et
2877 5387 2928 5438 in
2958 5401 3163 5439 summa
3197 5389 3488 5443 securitate
3510 5393 3762 5448 eundem

2165 5479 2400 5534 animum
2450 5492 2559 5546 pra:
2601 5489 2652 5532 te
2691 5477 2853 5531 feras.
2903 5477 3118 5530 Illorum
3149 5480 3291 5532 enim
3323 5479 3562 5535 conditio
3593 5484 3764 5539 nihilo

2169 5572 2358 5626 melior
2385 5580 2522 5636 erat,
2550 5585 2706 5640 quam
2731 5584 2917 5624 eormn
2940 5572 3027 5640 qui
3063 5572 3274 5625 turbato
3297 5581 3428 5627 marl
3453 5573 3759 5644 jactantur:

2171 5680 2266 5720 nos
2296 5679 2422 5720 vero
2445 5664 2684 5719 securius
2711 5663 2916 5734 agimus
2942 5679 3096 5734 quam
3125 5666 3212 5733 qui
3239 5666 3288 5720 in
3313 5675 3530 5740 portum
3554 5667 3761 5730 devecti
