4060 6260
348 312 454 374 291

351 432 450 498 τῆς
476 427 730 498 σπουδῆς.
755 427 820 482 Εἰ
843 429 949 499 γάρ
973 429 1070 499 μία
1094 429 1235 494 λέξις
1255 429 1658 504 τριῶνήμερῶν
1687 433 1920 498 διάλεξιν

347 514 486 584 ημῖν
517 510 691 573 ἔτεκε,
729 512 892 564 πόσον
919 514 1050 581 ἡμῖν
1071 512 1364 565 ἀναϐλύσει
1399 513 1674 586 θησαυρὸν
1704 515 1923 584 ὁλόκλη-

349 611 448 664 ρος
477 593 752 665 περικοπή
784 594 920 664 μετὰ
953 594 1240 664 ἀκριϐείας
1261 595 1659 668 -θεωρουμένη;
1705 599 1794 669 Μὴ
1820 597 1925 650 τοί-

348 695 446 731 νυν
490 677 888 746 ἀποκάμωμεν,
925 677 1031 739 ἕως
1075 677 1140 730 ἂν
1180 678 1240 730 τὸ
1277 680 1384 732 πᾶν
1429 680 1921 752 ἀποτρυγήσωμεν.

351 763 418 820 Et
462 759 571 832 γάρ
616 763 665 814 οἱ
714 760 950 831 μέταλλα
983 761 1351 830 διορύττοντες
1393 763 1639 834 χρυσίου,
1687 765 1811 816 ὅσον
1858 763 1924 816 ἀν

349 845 560 898 ἐκεῖθεν
591 843 870 896 κενώσωσι
909 843 1158 910 πλοῦτον,
1188 845 1247 897 οὐ
1280 847 1546 916 πρότερον
1574 846 1924 914 ἀφίστανται.

349 928 458 991 ἕως
500 926 566 981 ἂν
611 925 672 979 τὸ
719 927 827 980 πᾶν
869 926 1166 980 ἀνέλωνται
1214 928 1466 998 χρυσίον·
1501 927 1678 999 πολλῷ
1725 929 1925 999 μᾶλλον

349 1011 501 1080 ἡμᾶς
535 1008 743 1078 μείζονι
788 1009 1068 1080 προθυμίᾳ
1111 1009 1412 1079 κεχρῆσθαι
1457 1009 1668 1064 δεῖκαὶ
1721 1012 1923 1082 σπουδῇ

351 1093 484 1164 περὶ
515 1094 615 1164 τὴν
663 1093 769 1147 τῶν
813 1093 973 1146 θείων
1021 1093 1220 1161 λογίων
1253 1093 1499 1165 ἔρευναν.
1534 1095 1644 1149 Καὶ
1675 1094 1784 1167 γὰρ
1831 1098 1927 1150 καὶ

350 1178 514 1246 ἡμεῖς
537 1176 758 1247 χρυσίον
781 1175 1078 1246 ὀρύττομεν
1098 1215 1112 1238 ,
1145 1176 1244 1230 οὐκ
1277 1176 1554 1246 αίσθητὺν,
1595 1177 1730 1231 ἀλλά
1762 1195 1926 1232 πνευ-

356 1258 618 1328 ματικόν
663 1258 726 1311 οὐ
773 1258 882 1328 γὰρ
928 1258 1165 1327 μέταλλα
1201 1259 1304 1328 γῆς
1325 1297 1338 1320 ,
1367 1259 1504 1312 ἀλλά
1552 1260 1792 1328 μέταλλα
1830 1259 1925 1313 τοῦ

349 1339 670 1410 ιινεύματος
713 1338 1080 1411 ἐργαζόμεθα.
1117 1341 1182 1392 Αἱ
1209 1340 1318 1410 γάρ
1347 1340 1625 1394 ἐπιστολαὶ
1651 1341 1744 1395 τοῦ
1777 1342 1926 1396 Παύ-

352 1422 447 1478 λου
477 1423 570 1476 τοῦ
595 1423 912 1492 Πνεύματός
938 1424 1042 1476 εξσι
1065 1423 1300 1493 μέταλλα
1330 1424 1425 1481 καὶ
1451 1425 1622 1495 πηγαί
1647 1441 1660 1454 ο
1689 1425 1926 1495 μέταλλα

357 1507 480 1576 μὲν,
509 1507 592 1564 ὄτι
619 1506 846 1576 χρυσίου
877 1507 1076 1569 παντὸς
1105 1507 1431 1580 τιμιώτερον
1471 1510 1600 1578 ἡμῖν
1625 1509 1926 1580 παρέχουσι

354 1588 585 1646 πλοῦτον
607 1605 622 1619 ο
653 1591 829 1658 πηγαὶ
859 1589 937 1654 δὲ,
967 1590 1048 1642 ὅτι
1083 1591 1335 1643 οὐδέποτε
1365 1590 1738 1644 ἐπιλείπουσιν
1765 1607 1777 1622 ·
1811 1591 1928 1643 ἀλλ’

349 1673 480 1724 ὅσον
507 1671 572 1724 ἂν
611 1669 856 1744 κενὼσῃς
893 1671 1121 1736 ἐκεῖθεν,
1158 1671 1408 1724 τοσοῦτον
1437 1673 1532 1726 καὶ⁸
1559 1671 1740 1742 πολλῷ
1767 1672 1928 1726 πλέον

349 1755 576 1826 ἐπιρρεῖ
603 1754 782 1808 πάλιν.
813 1751 965 1825 [280]
993 1755 1101 1808 Καὶ
1128 1754 1317 1807 τούτου
1342 1755 1538 1824 γένοιτ’
1561 1755 1624 1808 ἂν
1655 1755 1927 1822 ἀπόδειξις

351 1837 535 1906 σαφὴς
561 1838 590 1889 6
614 1836 804 1907 χρόνος
833 1839 860 1889 ό
890 1835 1174 1908 παρελθὼν
1211 1836 1375 1898 ἄπας.
1419 1836 1507 1901 Ἐξ
1530 1830 1590 1888 οὗ
1620 1835 1748 1904 γοῦν
1779 1837 1926 1888 Παῦ-

353 1919 448 1982 λος
475 1919 724 1988 ἐγένετο,
769 1919 1100 1972 πεντακόσια
1131 1919 1317 1972 λοιπὶν
1370 1918 1465 1988 ἔτη
1507 1919 1790 1990 παρῆλθεο
1836 1921 1929 1973 καὶ

349 2001 542 2056 τοῦτον
586 2003 802 2056 ἀπάντα
845 2001 936 2054 τὸν
978 2001 1166 2073 χρόνον
1203 2001 1386 2054 πολλοὶ
1435 2002 1534 2072 μὲν
1566 2005 1926 2073 συγγραφεῖς,

351 2085 542 2139 πολλοὶ
581 2087 637 2140 δέ
678 2085 988 2139 διδάσκαλοι
1020 2086 1114 2138 καὶ
1155 2084 1422 2156 ’ἐξηγηταὶ
1469 2085 1638 2138 πολλά
1672 2084 1930 2149 πολλάκις

349 2167 566 2222 ἐκεῖθεν
589 2167 942 2240 ἐξήντλησαν,
982 2168 1077 2222 καὶ
1101 2167 1192 2220 τὸν
1215 2168 1577 2237 ἀποκείμενον
1598 2168 1698 2221 οὐκ
1730 2167 1928 2220 ἐκένω-

354 2265 459 2306 σαν
511 2252 756 2305 πλοῦτον.
797 2252 870 2304 Οὐ
925 2250 1033 2322 γάρ
1093 2251 1350 2322 αἰσθητὸς
1387 2253 1416 2304 6
1468 2251 1786 2323 θησαυρός·
1839 2249 1928 2304 διὰ

351 2333 512 2390 τοῦτο
529 2335 625 2386 οὐκ
639 2333 991 2388 ἀναλίσκεται
1015 2335 1080 2404 τῇ
1103 2333 1208 2385 τῶν
1231 2333 1566 2404 όρυττόντων
1587 2333 1926 2404 πολυχειρίᾳ,

353 2416 472 2478 ἀλλ’
495 2415 712 2480 αὔξεται
741 2417 834 2470 καὶ
860 2416 1164 2478 πλεονάζει.
1192 2416 1299 2468 Καὶ
1326 2414 1379 2468 τί
1402 2415 1544 2484 λέγω
1565 2418 1690 2479 τοὺς
1720 2417 1930 2486 ἐμπρο-

358 2499 518 2564 σθενς
545 2500 704 2552 Πόσοι
736 2499 853 2568 μεθ’
883 2500 1029 2569 ἡμᾶς
1045 2497 1226 2570 ἐροῦσι
1239 2499 1331 2551 καὶ
1355 2498 1472 2569 μετ’
1499 2497 1735 2559 ἐκείνους
1753 2497 1930 2568 ἕτεροι

356 2580 544 2645 πάλιν,
589 2583 680 2635 καὶ
729 2582 788 2634 οὐ
827 2581 1093 2634 παύσεται
1125 2577 1389 2651 πηγάζων
1433 2581 1460 2633 6
1505 2579 1769 2644 πλοῦτος,
1809 2571 1930 2632 ούδέ

357 2661 625 2732 ἐπιλείψει
660 2663 831 2734 ταύτῃ
869 2663 937 2716 τὰ
974 2663 1248 2732 μέταλλα;
1282 2663 1625 2733 πνευματικά
1651 2664 1760 2734 γάρ
1792 2663 1929 2728 ἐστι,

357 2746 454 2798 καὶ
493 2747 553 2800 οὐ
597 2746 806 2816 πέφυκε
855 2743 1196 2798 δαπανᾶσθαι
1242 2761 1393 2799 ποτε.
1439 2745 1537 2807 Τίς
1581 2741 1673 2798 οὖν
1706 2747 1852 2798 ἐστιν
1898 2747 1932 2815 ή

359 2827 520 2897 ῥῆσις
553 2829 585 2897 ἡ
623 2827 956 2898 ἀποστολικὴ
984 2866 998 2888 ,
1033 2827 1162 2897 περὶ
1203 2821 1272 2898 ἦς
1303 2827 1398 2880 καὶ
1439 2825 1630 2897 πρώην
1659 2825 1794 2896 πρὸς
1831 2826 1932 2894 τὴν

359 2911 636 2981 ὑμετέραν
659 2912 880 2982 ἀγάπην
905 2911 1150 2982 διελέχθη
1160 2927 1258 2981 μεν
1276 2928 1291 2974 ;
1313 2913 1600 2978 Ἔχοντες
1621 2909 1690 2962 δὲ
1705 2909 1933 2963 τὸαύτὸ

353 2993 602 3062 Πνεῦμα
655 2992 766 3060 τῆς
820 2994 1074 3058 πίστεως
1095 3032 1114 3060 ,
1169 2993 1318 3046 κατὰ
1371 2991 1440 3047 τὸ
1493 2990 1931 3061 γεγραμμένον·

371 3075 765 3140 Ἐπίστευσα,
797 3075 890 3128 διὸ
921 3074 1218 3142 ἐλάλησα.

433 3156 504 3227 β’.
538 3159 671 3211 Τότε
707 3157 806 3228 μὲν
842 3153 934 3212 οὖν
968 3155 1290 3229 ἐζητοῦμεν,
1324 3157 1467 3221 τίνος
1507 3157 1692 3210 ἕνεκεν
1723 3158 1933 3229 εἴρηκε,

356 3240 606 3310 Πνεῦμα
637 3241 896 3306 πίστεως
939 3239 1002 3293 τὸ
1051 3231 1234 3294 αὐτό·
1270 3242 1362 3294 καὶ
1410 3240 1540 3310 μίαν
1577 3241 1760 3293 αἰτίαν
1797 3241 1936 3304 τέως

359 3325 689 3394 εἰρήκαμεν·
709 3321 846 3393 αὕτη
872 3323 926 3375 δέ
954 3317 1040 3392 ἦν,
1069 3323 1128 3375 τὸ
1159 3321 1326 3388 δεῖξαι
1357 3323 1645 3392 σύμφωνον
1667 3325 1731 3392 τῇ
1759 3324 1933 3393 Καινῇ

358 3405 460 3498 τήν
490 3404 733 3498 Παλαιὰν
761 3401 952 3498 οὖσαν..
983 3405 1160 3498 ἰυτανι
1193 3405 1302 3498 γάρ
1331 3404 1588 3498 φαῇρηται
1715 3403 1938 3498 Πνεῦμα

363 3480 464 3557 τῆς
510 3487 747 3550 πίστεως
787 3487 848 3539 τὸ
895 3486 1028 3539 αὐτὸ
1074 3488 1171 3539 καὶ
1214 3486 1314 3556 τὴν
1352 3485 1447 3538 τοῦ
1501 3480 1662 3538 Δαυῖδ
1705 3489 1937 3556 κινῆσαν

361 3563 608 3644 γλῶτταν
641 3569 738 3640 τὴν
768 3569 1053 3637 λέγουσαν,
1099 3568 1484 3631 Ἐπίστευσα,
1507 3565 1598 3619 διὸ
1621 3567 1897 3634 ἐλάλησα
1919 3607 1934 3632 ,

365 3645 462 3704 καὶ
491 3653 570 3715 είς
602 3645 704 3722 τὴν
721 3653 815 3705 τοῦ
847 3651 1058 3706 Παύλου
1081 3650 1258 3722 ψυχήν
1291 3648 1568 3720 ἐνεργοῦν,
1609 3647 1830 3718 εὔδηλον
1855 3651 1936 3702 ὅτι

362 3739 537 3810 πολλὴ
597 3741 884 3808 συγγένεια
945 3739 1242 3812 προφητῶν
1303 3739 1396 3792 καὶ
1452 3737 1784 3801 ἀποστόλων,
1843 3739 1938 3790 καὶ

361 3827 580 3899 ἀνάγκη
613 3828 811 3900 πολλὴν
847 3827 1088 3890 Παλαιᾱς
1119 3827 1212 3880 καὶ
1251 3827 1460 3895 Καινῆς
1488 3820 1630 3877 εῖναι
1662 3824 1760 3895 τὴν
1800 3841 1940 3895 συμ-

365 3916 596 3984 φωνίαν.
637 3915 776 3970 Ἀλλ’
823 3915 911 3970 ἵνα
950 3916 1024 3987 μὴ
1068 3915 1229 3970 πάλιν
1267 3913 1338 3967 τά
1365 3913 1507 3967 αὑτά
1549 3912 1934 3978 ἀνακινοῦντες

363 4002 670 4071 ἐνοχλῶμεν
687 4004 834 4071 ὑμῖν,
848 4001 1001 4076 φέρε,
1035 4002 1127 4056 καὶ
1148 4001 1249 4071 τὴν
1271 4001 1463 4071 ἑτέραν
1475 3999 1655 4053 αἰτίαν
1671 3999 1936 4071 εἴπωμεν,

363 4090 434 4142 δι’
459 4089 524 4160 ἥν
537 4088 747 4160 εἴρηκε,
768 4091 834 4142 T6
861 4090 1029 4143 αὐτό·
1052 4087 1264 4161 καὶγὰρ
1289 4089 1382 4141 καὶ
1402 4087 1522 4140 τότε
1544 4087 1674 4156 ὑμῖν
1697 4087 1936 4157 ὑπεσχό-

319 4227 324 4232 .
369 4176 509 4248 μεθα
540 4176 732 4248 ἐτέραν
758 4175 937 4230 αἰτίαν
968 4177 1111 4246 ἐρεῖν
1143 4174 1244 4246 τῆς
1274 4176 1486 4247 ρήσεως
1505 4173 1730 4246 ταύτης.
1775 4173 1934 4228 Ἀλλά

364 4265 710 4336 διανάστητεη
743 4265 880 4334 βαθὺ
910 4264 1019 4338 γὰρ
1049 4265 1111 4318 τὺ
1128 4265 1306 4334 νόημα
1331 4263 1488 4318 τοῦτό
1519 4265 1686 4328 ἐστιν,
1707 4263 1736 4316 ὃ
1764 4263 1941 4332 μέλλω

365 4352 548 4420 λέγειν
591 4352 730 4424 πρὸς
756 4351 855 4423 τὴν
897 4351 1170 4422 ὑμετέραν
1208 4350 1450 4420 ἀγάπην,
1489 4349 1586 4412 καὶ
1627 4351 1940 4420 διορατικῆς

366 4440 622 4511 δεόμενον
649 4440 906 4504 διανοίας,
935 4439 1029 4494 καὶ
1044 4439 1310 4508 ὀξυτάτης
1325 4438 1522 4507 ψυχῆς·
1539 4438 1619 4490 διδ
1639 4438 1942 4508 παρακαλῶ

371 4527 509 4598 μετά
518 4527 802 4598 ἀκριϐείας
816 4525 1242 4598 παρακολουθεῖν
1254 4528 1363 4588 τοῖς
1377 4524 1706 4595 ῥηθήσεσθαι
1727 4523 1944 4594 μέλλου-

371 4633 473 4670 σιν.
501 4617 564 4668 Εἰ
586 4615 694 4686 γὰρ
715 4615 982 4685 ἡμέτερος
997 4613 1026 4665 6
1047 4613 1224 4676 πόνος,
1243 4611 1356 4666 ἀλλ’
1373 4611 1636 4682 ὑμέτερον
1657 4611 1718 4664 τὸ
1731 4611 1939 4682 κέρδος,

372 4702 644 4774 μᾶλλονδέ
661 4702 782 4755 οὐδὲ
804 4702 1072 4772 ἡμέτερος
1101 4703 1130 4754 6
1163 4699 1322 4762 πόνος
1365 4698 1500 4753 ἀλλά
1528 4699 1628 4768 τῆς
1658 4699 1751 4752 τοῦ
1786 4699 1947 4760 Πνεύ-

373 4808 541 4860 ματος
560 4790 780 4862 χάριτος
795 4791 828 4859 ή
855 4789 1050 4859 δωρεά·
1079 4789 1202 4842 ὅταν
1221 4788 1278 4841 δὲ
1301 4786 1643 4859 ἀποκαλύψῃ,
1666 4785 1788 4844 οὔτε
1811 4788 1840 4840 6
1859 4786 1946 4840 λέ-

367 4891 506 4946 ¹γων,
532 4874 656 4928 οὔτε
678 4877 725 4928 οί
752 4874 1040 4937 ἀκούοντες
1059 4873 1346 4944 κάμνουσι·
1375 4871 1544 4942 πολλὴ
1562 4870 1672 4943 γάρ
1689 4872 1788 4942 τῆς
1809 4873 1946 4926 ἀπο-

370 4961 656 5032 καλύψεως
680 4965 713 5033 ή
743 4961 982 5016 εὐκολία.
1023 4959 1356 5034 Πρόσχωμεν
1393 4959 1571 5020 τοίνυν
1608 4959 1748 5031 μετά
1783 4961 1944 5032 ἀκρι-

370 5049 545 5113 βείαςο
572 5047 672 5103 κᾶν
687 5049 922 5120 γάρτοῐς
945 5047 1151 5102 πλείοσι
1169 5045 1708 5119 παρακολουθήσητε,
1739 5048 1866 5118 περὶ
1887 5047 1946 5100 δέ

374 5137 548 5207 βραχὺ
583 5136 746 5207 μέρος
783 5135 1223 5205 ἀπονυστάξητε,
1253 5132 1315 5186 τὺ
1363 5135 1470 5188 πᾶν
1503 5134 1800 5206 ἀγνοήσετε
1851 5134 1946 5187 τοῦ

373 5224 625 5290 κάλλους,
677 5223 1033 5295 διακοπείσης
1077 5223 1180 5294 τῆς
1224 5221 1547 5285 ἀκολουθίας
1594 5221 1800 5274 λοιπόν.
1840 5219 1946 5276 Καὶ

374 5309 626 5381 καθάπερ
653 5310 701 5362 οί
723 5309 824 5374 τάς
848 5309 999 5375 ὁδοὺς
1023 5309 1344 5378 ἀγνοοῦντες
1365 5308 1460 5362 καὶ
1475 5307 1676 5378 ἐτέρων
1704 5305 1948 5376 δεόμενοι

374 5396 483 5450 τῶν
509 5397 866 5467 όδηγούντων,
899 5397 1002 5450 κᾶν
1021 5395 1153 5450 πολὺ
1173 5395 1508 5467 προέλθωσιν
1531 5393 1950 5457 ἀκολουθοῦντες

374 5485 582 5548 αὐτοῖς,
622 5485 814 5555 μικρὸν
848 5485 905 5537 δὲ
931 5482 1495 5556 ἀπορῤᾳθυμήσαντες
1524 5480 1831 5534 ἀπολέσωσι
1861 5481 1949 5534 τὸν

375 5569 702 5641 ἡγούμενον,
731 5570 882 5623 οὐδὲν
922 5569 1108 5633 αὐτοῖς
1137 5567 1326 5638 ὄφελος
1353 5566 1504 5620 ἐσται
1541 5565 1641 5634 τῆς
1678 5569 1950 5638 προτέρας

379 5655 811 5728 ἀκολουθήσεως,
834 5656 948 5710 ἀλλ’
972 5657 1218 5711 ἵστανται
1239 5653 1447 5718 λοιπὸν,
1469 5653 1568 5706 οὐκ
1591 5652 1788 5716 εἰδότες
1815 5653 1949 5707 ὅπου

385 5742 722 5812 προέλθωσιν
743 5760 756 5775 °
789 5742 929 5798 οῦτω
947 5743 1038 5798 καὶ
1070 5743 1118 5797 οἱ
1148 5742 1224 5812 τῷ
1245 5741 1434 5810 λέγοντ
1479 5738 1946 5812 παρακολουθοῦν-

939 333 1024 388 DE
1055 333 1302 392 VERBIS
1341 336 1703 398 APOSTI"I.‘.
1751 335 2126 391 H.\BENTES
2170 332 2458 390 EUMDEM
2501 327 2854 388 SPIRITUM.
2895 327 2983 383 111.

3487 317 3592 376 29')

2028 451 2140 498 τες.
2179 433 2274 488 ἐὰν
2313 435 2462 508 παρά
2497 437 2676 490 πᾶσαν
2719 434 2818 504 τὴν
2859 431 3204 488 διδασκαλίαν
3239 432 3590 503 προσέχοντςς

2029 517 2224 588 μικρὸν
2270 519 2680 590 ρᾳθυμήσωσιν,
2737 519 2954 572 ἃπασαν
3001 517 3099 587 τὴν
3145 515 3464 569 ἀκολουθίαν
3510 521 3591 587 ῥί-

2025 598 2245 667 ψαντες,
2278 601 2378 654 οὐκ
2407 601 2487 654 ἔτι
2522 602 2708 654 λοιπὸν
2737 601 3025 669 ἐπιστῆναι
3054 598 3130 667 τῷ
3153 597 3293 650 τέλει
3328 598 3436 650 τῶν
3467 617 3592 672 νοη-

2029 681 2215 750 μάτων
2259 682 2594 754 δυνήσονται.
2631 685 2724 736 Ἵν’
2773 680 2865 736 οὖν
2911 683 2984 752 μὴ
3036 681 3192 734 τοῦτο
3240 681 3466 751 πάθητε,
3507 682 3599 736 διά

2027 764 2245 816 πάντων
2271 765 2378 818 τῶν
2402 766 2702 834 μελλόντων
2733 764 3065 835 ῥηθήσεσθαι
3097 763 3196 834 τὴν
3223 764 3342 833 ῐσην
3369 780 3458 833 μοι
3487 781 3594 816 πα-

2033 846 2217 916 ρέχετε
2249 848 2504 919 σπουδήν,
2539 848 2644 912 ἕως
2672 849 2736 902 ἂν
2771 849 2851 912 είς
2885 848 3018 901 αὐτὸ
3045 847 3106 900 τὸ
3136 846 3289 910 τέλος
3327 847 3591 918 ἔλθωμεν.

1971 957 2006 1008 ι.
2097 935 2164 997 γ’.
2191 929 2346 992 Τίνος
2367 926 2458 984 οὖν
2479 929 2666 984 ἕνεκεν
2691 931 2932 1001 εἴρηκεν,
2966 931 3250 1000 Ἔχοντες
3275 928 3342 981 δὲ
3363 929 3428 982 τὸ
3448 928 3594 984 αὐτὸ

2028 1011 2269 1081 Πνεῦμα
2289 1010 2396 1080 τῆς
2431 1013 2710 1078 πίστεως,
2753 1013 2848 1065 καὶ
2891 1009 3178 1074 σπουδάζει
3207 1010 3376 1076 δεῖξαι
3407 1011 3500 1063 καὶ¹
3537 1013 3596 1063 ἐν

2025 1095 2092 1163 τῇ
2115 1093 2328 1165 Παλαιᾷ
2360 1096 2452 1148 καὶ
2475 1097 2533 1149 ἐν
2557 1098 2622 1166 τῇ
2645 1098 2819 1166 Καινῇ
2854 1094 3036 1147 πίστιν
3065 1089 3226 1147 οὖσαν
3255 1094 3354 1164 τὴν
3386 1093 3595 1164 μητέρα

2026 1175 2134 1228 τῶν
2158 1176 2399 1246 ἀγαθῶν,
2437 1178 2628 1250 μικρὸν
2654 1178 2858 1232 ἄνωθεν
2901 1179 3196 1245 ἀναγκαῖον
3223 1179 3428 1230 εἰπεῖν·
3457 1176 3597 1228 οὕτω

2026 1257 2136 1329 γὰρ
2169 1258 2320 1312 ἔσται
2365 1261 2663 1331 κατάδηλος
2705 1263 2835 1330 ἡμῖν
2873 1262 2906 1330 ή
2948 1260 3097 1313 αἰτία
3129 1259 3347 1329 μᾶλλον.
3382 1259 3478 1320 Τίς
3504 1253 3597 1312 οὖν

2028 1341 2174 1392 ἐστιν
2229 1342 2261 1411 ἡ
2308 1341 2457 1414 [⁵281]
2495 1343 2676 1406 αίτίας
2723 1343 2892 1405 Πολὺς
2944 1342 3178 1412 πόλεμος
3225 1341 3598 1411 περιειστήκει

2027 1422 2154 1484 τοὺς
2188 1425 2412 1487 πιστοὺς
2438 1466 2452 1484 ,
2497 1427 2658 1494 ήνίκα
2691 1425 2862 1478 ταῦτα
2893 1425 3129 1492 ἐλέγετο,
3166 1423 3400 1492 πόλεμος
3439 1422 3596 1492 χαλε-

2031 1503 2130 1566 πὸς
2185 1505 2280 1558 καὶ
2330 1507 2660 1577 ἀκήρυκτος.
2723 1505 2827 1558 Καὶ
2883 1506 2992 1576 γὰρ
3043 1507 3136 1558 καὶ
3187 1505 3369 1566 πόλεις
3416 1504 3598 1565 αὐτοῖς

2029 1587 2312 1658 ὁλόκληροι
2359 1591 2449 1641 καὶ
2481 1589 2641 1658 δῆμοι
2675 1587 2938 1642 πάντοθεν
2971 1588 3347 1652 ἐπανίσταντο,
3388 1587 3482 1638 καὶ
3505 1585 3584 1637 τύ-

2034 1686 2214 1740 ραννοι
2247 1671 2448 1734 πάντες
2467 1673 2839 1735 ἐπεϐούλευον,
2875 1671 2969 1724 καὶ
2991 1669 3228 1739 βασιλεῖς
3256 1667 3599 1739 παρεσκευά-

2031 1753 2203 1816 ζοντο,
2257 1757 2347 1808 καὶ
2395 1756 2534 1809 ὅπλα
2571 1757 2830 1818 ἐκινεῖτο,
2867 1755 2960 1807 καὶ
3006 1753 3132 1823 ξίφη
3175 1751 3407 1820 ήκονᾶτο
3436 1791 3448 1815 ,
3497 1749 3600 1802 καὶ

2033 1839 2370 1904 στρατόπεδα
2418 1838 2798 1908 ηὑτρεπίζετο,
2848 1837 2943 1890 καὶ
2991 1837 3098 1888 πᾶν
3131 1829 3267 1896 εἶδος
3319 1832 3597 1893 κολάσεως

2032 1920 2123 1972 καὶ⁹
2159 1921 2426 1992 τιμωρίας
2459 1923 2732 1974 ἐπενοεῖτο
2755 1935 2768 1948 ⁸
2801 1921 2922 1974 ὅθεν
2962 1918 3317 1987 ὑπαρχόντων
3352 1913 3601 1986 ἁρπαγαὶ

2031 2003 2124 2054 καὶ
2152 2003 2466 2074 δημεύσεις.
2493 2005 2588 2058 καὶ
2614 2003 2906 2073 ἀπαγωγαὶ
2935 2005 3028 2058 καὶ
3051 2004 3268 2056 θάνατοι
3295 2000 3600 2068 καθημερι-

2031 2087 2127 2146 vol.
2163 2087 2257 2139 καὶ
2285 2086 2664 2159 στρεϐλώσεις,
2693 2088 2786 2140 καὶ
2815 2087 3184 2157 δεσμωτήρια,
3219 2083 3312 2137 καὶ
3341 2081 3472 2153 πῦρ,
3507 2078 3600 2132 καὶ

2034 2169 2268 2240 σίδηρος,
2317 2171 2411 2224 καὶ
2445 2169 2628 2241 θηρία,
2665 2170 2758 2222 καὶ
2788 2169 2964 2234 ξύλον,
3006 2170 3097 2222 καὶ
3125 2169 3341 2239 τροχὸς,
3371 2165 3464 2218 καὶ
3507 2161 3600 2232 βάιτ

2036 2251 2230 2322 ραθρα,
2262 2253 2356 2306 καὶ
2382 2253 2636 2322 κρημνοὶ,
2670 2254 2764 2306 καὶ
2794 2254 2972 2306 πάντα
2997 2252 3064 2304 τά
3089 2254 3168 2315 εἱς
3191 2251 3433 2304 ἐπίνοιαν
3465 2245 3602 2314 πρὸς

2031 2335 2121 2386 τὸν
2165 2335 2272 2387 τῶν
2323 2336 2530 2389 πιστῶν
2563 2335 2781 2406 ὄλεθρον
2827 2337 3092 2388 ἐκινεῖτοθ
3147 2334 3242 2386 καὶ
3271 2331 3390 2384 ούδέ
3439 2331 3600 2396 μέχρι

2029 2420 2235 2474 τούτων
2289 2422 2318 2474 6
2371 2423 2605 2493 πόλεμος
2650 2421 2914 2492 εἱστήκει.
2969 2421 3100 2474 Ούδέ
3137 2419 3246 2489 γάρ
3297 2417 3448 2485 παρά
3495 2415 3600 2480 τῶν

2031 2508 2244 2580 ἐχθρῶν
2292 2510 2670 2581 ἀνερῤιπίζετο
2732 2511 2925 2580 μόνον,
2975 2508 3110 2560 ἀλλά
3153 2507 3248 2558 καὶ
3293 2505 3428 2571 αὑτὴ
3480 2501 3600 2554 καθ’

2034 2598 2232 2666 ἑαυτῆς
2259 2600 2290 2668 ή
2328 2598 2489 2666 φύσις
2517 2597 2780 2668 ἐσχίζετο.
2809 2596 2919 2649 Καὶ
2949 2595 3056 2664 γὰρ
3085 2593 3270 2647 παισὶν
3303 2591 3601 2659 ἐπολέμουν

2033 2685 2288 2757 πατέρες,
2324 2685 2416 2741 καὶ
2445 2685 2740 2757 θυγατέρες
2775 2685 3000 2754 ἐμίσουν
3028 2683 3125 2744 τὰς
3159 2681 3442 2750 κυησάσας
3463 2719 3475 2741 ,
3510 2679 3604 2728 καὶ

2037 2774 2181 2843 φίλοι
2223 2775 2407 2842 φίλους
2437 2773 2843 2845 ἀπεστρέφοντο
2863 2812 2876 2834 ,
2910 2771 3002 2824 καὶ
3029 2771 3108 2832 εἰς
3136 2767 3232 2831 τὰς
3285 2764 3603 2834 συγγενείας

2037 2861 2128 2913 καὶ
2161 2861 2240 2920 είς
2269 2859 2367 2922 τὰς
2388 2859 2564 2921 οίκίας
2592 2861 2620 2911 6
2646 2859 2880 2928 πόλεμος
2902 2851 3055 2920 οὗτος
3079 2856 3263 2925 ἕρπων
3287 2853 3479 2923 εἰσῄει,
3512 2853 3604 2909 καὶ

2039 2945 2264 3016 θόρυϐος
2305 2941 2374 3016 ἦν
2421 2946 2539 2997 τότε
2587 2944 2754 3006 πολὺς
2795 2943 2936 2996 κατά
2965 2943 3063 3012 τὴν
3106 2939 3450 3009 οἰκουμένην.
3495 2939 3604 2990 Καὶ

2037 3033 2291 3103 καθάπερ
2348 3032 2549 3094 πλοῖον,
2603 3031 2861 3100 κυμάτων
2919 3027 3368 3098 διανισταμένων,
3428 3025 3606 3094 νεφῶν

2041 3119 2528 3192 συρρηγνυμένων,
2574 3117 2811 3189 βροντῶν
2845 3115 3400 3187 καταρρηγνυμένων,
3438 3112 3605 3182 ζόφου

2040 3207 2304 3260 πάντοθεν
2327 3205 2650 3268 κυκλοῦντος
2679 3203 2740 3256 τὸ
2776 3202 3005 3273 σκάφος,
3035 3205 3135 3274 τῆς
3172 3202 3446 3273 θαλάσσης
3479 3217 3608 3271 μαι-

2036 3294 2288 3365 νομένης,
2335 3293 2539 3364 θηρίων
2579 3290 3050 3362 ἐπανισταμένων,
3103 3289 3380 3360 πειρατῶν
3434 3303 3606 3358 προσ-

2039 3379 2363 3444 ϐαλλόντων,
2413 3380 2591 3433 αὐτῶν
2621 3378 2728 3432 τῶν
2769 3377 2916 3432 ἔνδον
2949 3376 3377 3441 στασιαζόντων,
3407 3376 3508 3428 οὐκ
3541 3375 3608 3427 ἀν

2038 3467 2290 3535 διαφύγοι
2322 3467 2413 3519 τὸν
2441 3465 2700 3529 κίνδυνον,
2733 3466 2781 3516 εἰ
2811 3464 2886 3534 μὴ
2925 3465 2958 3532 ή
2995 3463 3107 3516 ἀνω
3135 3465 3274 3533 χεὶρ,
3307 3464 3340 3532 ή
3375 3464 3610 3532 κραταιιά

2041 3554 2136 3607 καὶ
2168 3552 2399 3624 μεγάλη,
2435 3549 2836 3622 ἀποκρούσαιτο
2863 3549 2954 3602 τὸν
2981 3547 3240 3618 πόλεμον,
3272 3550 3366 3602 καὶ
3398 3549 3610 3602 λύσασα

2037 3641 2132 3694 τὸν
2157 3639 2400 3711 χειμῶνα
2422 3637 2812 3707 καταστήσειεν
2836 3635 2894 3688 ἐν
2923 3633 3136 3705 γαλήνῃ
3153 3635 3282 3697 τοὺς
3311 3635 3570 3706 πλέοντας
3594 3649 3608 3661 ·

2040 3727 2184 3780 οὕτω
2211 3727 2276 3797 δὴ
2309 3726 2405 3779 καὶ
2434 3725 2554 3778 τότε
2583 3725 2640 3776 ἐν
2669 3713 2811 3794 ἀρχῇ
2849 3721 2944 3775 τοῦ
2975 3720 3330 3792 κηρύγματος
3363 3722 3608 3789 γέγονεν.

2039 3817 2113 3871 Οὐ
2141 3815 2250 3885 γὰρ
2295 3812 2493 3880 ἔξωθεν
2536 3810 2900 3882 προσέϐαλλεν
2940 3811 2969 3862 6
3003 3809 3210 3880 χειμὼν
3248 3810 3427 3880 μόνον,
3476 3807 3612 3862 ἀλλά

2041 3904 2136 3958 καὶ
2186 3903 2236 3956 οἱ
2283 3901 2429 3954 ἔνδον
2472 3899 2733 3963 πολλάκις
2772 3898 2908 3967 πρὸς
2960 3897 3226 3968 ἀλλήλους
3265 3895 3607 3960 ἐστασίαζον.

2043 3991 2139 4053 Τίς
2161 3987 2319 4043 τοῦτό
2346 4005 2508 4058 φησιν
2530 4005 2546 4054 ;
2577 3986 2746 4050 Αὐτὸς
2773 3987 2802 4039 6
2831 3985 3040 4049 Παῦλος
3067 3987 3314 4056 γράφων,
3351 3985 3613 4048 Ἐξωθεν

2036 4076 2242 4147 μάχαι,
2288 4077 2515 4130 ἔσωθεν
2555 4074 2742 4143 φόϐοι.
2783 4073 2894 4125 Καὶ
2920 4073 3000 4125 ὅτι
3039 4071 3192 4125 ταῦτ’
3222 4071 3367 4124 ἐστιν
3405 4071 3612 4141 ἀληθῆ,

1991 4175 1994 4178 ’
2043 4165 2138 4219 καὶ
2165 4162 2516 4224 διδασκάλους
2553 4160 2647 4214 καὶ
2683 4159 2932 4231 μαθητάς
2968 4159 3138 4229 μυρία
3183 4157 3616 4229 περιεστοίχιστο

2043 4251 2208 4316 κακὰ,
2243 4253 2338 4304 καὶ
2367 4248 2575 4308 πάντας
2607 4247 2636 4299 6
2663 4245 2896 4316 πόλεμος
2923 4246 3238 4316 ἐπενέμετο,
3265 4244 3429 4298 αὐτοῦ
3458 4245 3617 4299 πάλιν

2043 4339 2139 4392 τοῦ
2168 4337 2384 4392 Παύλου
2410 4335 2511 4405 τήν
2543 4333 2846 4404 μαρτυρίαν
2874 4333 3126 4404 παράγω.
3177 4331 3366 4403 Ὑμεῖς
3393 4332 3449 4385 δὲ
3480 4349 3616 4403 μνη-

2051 4423 2303 4493 μονεύετε
2336 4421 2443 4474 τῶν
2487 4419 2795 4488 λεγομένων
2825 4418 3106 4482 ἁπάντων,
3146 4419 3212 4472 ἵν’
3241 4420 3369 4472 ὅταν
3406 4419 3616 4490 μάθητε

2045 4511 2170 4572 τοὺς
2202 4507 2502 4572 κινδύνους,
2535 4507 2662 4567 τοὺς
2706 4504 3075 4575 πειρασμοὺς,
3115 4501 3184 4556 τά
3233 4503 3406 4574 μυρία
3435 4505 3616 4569 κακά,

2047 4599 2190 4668 ειπερ
2235 4596 2285 4648 οί
2326 4593 2446 4648 τότε
2483 4590 2832 4654 πιστεύοντες
2881 4591 3174 4662 ὑπέμενον,
3213 4589 3476 4660 μειζόνως
3521 4592 3618 4644 καὶ

2045 4685 2135 4740 διὰ
2159 4683 2318 4738 τοῦτο
2355 4680 2712 4753 εὐχαριστῆτε
2743 4677 2820 4749 τῷ
2865 4677 3015 4750 Θεῷ,
3062 4677 3141 4749 τῷ
3172 4677 3398 4732 λύσαντι
3440 4678 3618 4734 πάντα

2047 4775 2233 4827 ἐκεῖνα
2274 4769 2340 4823 τὰ
2383 4767 2564 4833 δεινά,
2597 4767 2692 4820 καὶ
2735 4765 2958 4837 εἰρήνην
2987 4765 3333 4834 είσαγαγόντι
3377 4765 3616 4835 βαθεῖαν,

2048 4861 2143 4914 καὶ
2165 4858 2256 4912 τδν
2287 4857 2521 4925 πόλεμον
2541 4851 2900 4917 ἀπελάσαντι,
2921 4851 3018 4906 κα)⁸
3046 4851 3246 4922 πολλὴν
3273 4851 3618 4906 κατασκευά-

2051 4965 2203 5002 σαντι
2229 4945 2326 5017 τὴν
2347 4943 2590 5014 γαλήνην
2611 4957 2624 4971 ο
2653 4941 2740 4993 ἵνα
2765 4939 2956 5010 μηδεὶς
2979 4939 3118 5010 μήτε
3141 4938 3402 5010 ῥᾳθυμῶν
3423 4939 3617 5012 νομίζῃ

2047 5034 2362 5106 διαφεύγειν
2403 5031 2503 5104 τήν
2536 5029 2787 5095 κόλασιν,
2833 5028 2972 5100 μήτε
3002 5025 3284 5098 κατορθῶν
3321 5027 3619 5100 ἐπαίρηται

2047 5143 2164 5180 νυν.

2117 5211 2178 5265 δ’.
2221 5209 2296 5263 Οὐ
2331 5207 2440 5278 γάρ
2477 5207 2624 5260 ἐστιν
2669 5205 2785 5258 ῖσον
2829 5201 3168 5272 πανταχόθεν
3215 5199 3621 5272 πολεμούμενον

2049 5297 2144 5352 καὶ
2173 5287 2388 5369 μυρίοις
2410 5291 2732 5365 περιαντλού
2741 5307 2898 5362 μενον
2922 5289 3112 5350 κακοῖς
3125 5287 3418 5356 δυνηθῆναι
3433 5287 3620 5356 στῆναι

2050 5385 2333 5455 γενναίως,
2365 5381 2460 5435 καὶ
2492 5379 2740 5450 καθάπερ
2768 5380 2825 5431 ἐν
2859 5377 3038 5447 λιμένι
3065 5374 3372 5444 καθήμενον
3402 5371 3498 5426 νῦν
3527 5375 3622 5426 καὶ

2052 5473 2233 5542 πάσης
2285 5466 2628 5523 ἀπολαύοντα
2661 5465 2846 5527 ἀδείας
2892 5464 2991 5533 τὴν
3031 5460 3200 5532 αὐτὴν
3253 5458 3621 5525 ἐπιδείξασθαι

2054 5556 2386 5633 προθυμίαν.
2446 5554 2672 5606 Ἐκεῖνοι
2719 5551 2817 5622 μὲν
2862 5550 2971 5621 γάρ
3011 5549 3118 5604 τῶν
3170 5549 3228 5600 ἐν
3273 5546 3499 5616 πελάγει
3535 5564 3621 5600 σα.

2054 5645 2318 5703 λευόντων
2345 5643 2466 5696 τότε
2488 5641 2582 5694 καὶ
2608 5635 3081 5707 κλυδωνιζομένων
3101 5634 3253 5689 οὐδὲν
3281 5634 3500 5703 ἄμεινον
3545 5633 3620 5686 δι-

2063 5739 2268 5794 έκειντο
2286 5754 2298 5768 ·
2322 5734 2478 5805 ἡμεῖς
2498 5733 2553 5786 δὲ
2571 5733 2676 5786 τῶν
2694 5732 2751 5784 ἐν
2771 5725 2949 5798 λιμένι
2971 5725 3292 5796 καθημένων
3309 5723 3618 5788 ἀδεέστερον
3641 5787 3644 5790 λ
