4060 6260
275 327 385 384 ‘29‘5

276 441 571 497 incolumes
610 438 720 510 jam
769 454 862 509 per
911 439 1077 492 otium
1127 451 1186 491 se
1233 434 1501 490 reficiunt.
1529 431 1867 501 Quapropter

275 548 448 602 neque
491 541 708 601 propter
751 531 942 584 bonam
988 527 1198 583 vivendi
1225 526 1486 582 rationem
1517 523 1872 586 extollamur,

273 637 448 692 neque
475 621 859 676 tentationibns
892 620 1165 683 ced:-mus,
1190 633 1362 688 neque
1387 616 1672 672 securitate
1696 614 1878 668 Eccle-

272 718 364 768 siue
388 723 628 766 nostram
653 712 720 766 ad
751 711 1029 781 segnitiem
1055 710 1342 764 abutamur
1373 725 1385 761 :
1419 708 1548 778 quin
1582 706 1758 777 potius
1781 719 1872 760 so-

273 803 376 859 brii
411 803 579 858 simus
618 817 682 858 ac
716 803 1017 870 vigilemus.
1045 800 1176 855 Nam
1203 799 1358 855 nobis
1388 813 1601 869 quoque
1623 809 1705 852 est
1732 797 1872 850 lucta

271 894 532 948 adversus
555 893 763 947 innatas
787 891 1266 962 concupiscentias.
1296 889 1412 944 Non
1435 890 1716 958 insurgunt
1737 901 1872 942 eon-

275 995 482 1039 tra-nos
510 983 758 1038 homines
781 1023 796 1050 ,
825 983 917 1038 sed
947 983 1231 1053 insurgunt
1259 981 1502 1036 carnales
1529 980 1869 1049 voluptates;

273 1091 383 1130 non
431 1077 744 1144 impugnant
784 1089 882 1129 nos
922 1089 1076 1144 rcges
1102 1083 1263 1140 atque
1289 1073 1497 1143 tyranni
1524 1111 1539 1138 ,
1572 1071 1665 1126 sed
1697 1071 1872 1139 impu-

272 1177 403 1237 gnat
443 1168 522 1221 ira
548 1207 562 1230 ,
601 1182 752 1220 vana:
789 1166 973 1236 gloria:
1017 1165 1246 1235 cupido,
1293 1163 1528 1228 invidia,
1568 1163 1871 1228 azmulatio,

273 1265 437 1327 atque
481 1256 536 1310 id
581 1270 752 1326 genus
790 1257 880 1310 alii
910 1254 1130 1310 affectus
1158 1254 1442 1309 innumeri.
1469 1253 1692 1320 Quando
1717 1253 1874 1324 igitur

274 1349 398 1403 illas
440 1347 762 1402 tentationcs
800 1347 1068 1401 evasimus
1088 1388 1104 1414 ,
1149 1361 1219 1401 ne
1245 1345 1312 1401 ab
1337 1347 1421 1400 his
1441 1345 1717 1400 vincamur
1740 1359 1873 1414 ope-

279 1455 394 1493 ram
436 1437 648 1494 demus.
692 1436 818 1492 Ideo
855 1437 998 1493 enim
1026 1437 1179 1492 vobis
1206 1438 1256 1490 in
1285 1437 1598 1491 memoriam
1626 1435 1871 1490 revocavi

276 1528 422 1582 illius
458 1528 715 1597 temporis
740 1528 1073 1582 calamitates
1097 1569 1111 1592 ,
1142 1536 1198 1582 ut
1227 1541 1368 1582 nunc
1391 1537 1447 1582 et
1468 1527 1557 1597 qui
1583 1525 1836 1596 afﬂigitur
1855 1565 1871 1591 ,

275 1618 524 1672 idoneam
568 1618 693 1674 inde
731 1627 1087 1688 consequatur
1123 1619 1580 1684 consolationem,
1622 1627 1677 1673 et
1701 1619 1790 1688 qui
1817 1617 1869 1671 in

273 1709 564 1764 securitate
616 1709 753 1778 agit,
796 1718 979 1779 utpote
1027 1725 1132 1764 non
1171 1711 1494 1765 exercitatus
1536 1725 1662 1765 acre
1685 1720 1870 1766 contra

272 1799 536 1854 absurdas
562 1800 912 1870 cogitationes
936 1812 1205 1858 certamen
1231 1804 1871 1876 suscipiat'.Propterno-

274 1902 446 1946 stram
485 1893 628 1946 enim
669 1893 1089 1950 admonitionem
1121 1903 1175 1950 et
1197 1897 1615 1951 consolationem
1645 1911 1707 1951 ac
1735 1896 1870 1952 tole-

275 1983 510 2037 rantiam
534 1983 623 2038 illa
652 1985 830 2040 omnia
857 1995 981 2041 sunt
1001 1988 1200 2056 scripta
1232 2005 1246 2042 :
1273 2003 1392 2059 qua:
1415 1989 1629 2058 quidem
1653 2004 1872 2044 necesse

272 2075 540 2131 habemus
576 2092 716 2133 nunc
755 2078 898 2148 apud
935 2095 1032 2134 vos
1069 2081 1284 2149 eloqui,
1327 2089 1382 2136 ct
1422 2081 1618 2136 docere
1661 2083 1874 2150 quantis

270 2168 690 2224 adversitatibus
717 2170 834 2240 ejus
862 2173 1117 2242 temporis
1137 2173 1320 2228 fideles
1335 2172 1538 2228 obsessi
1553 2173 1746 2228 fuerint
1766 2188 1870 2226 non

269 2258 525 2315 doctores
569 2261 782 2327 solum,
825 2265 1174 2319 verumetiam
1229 2263 1496 2334 discipuli.
1547 2265 1681 2319 Audi
1716 2265 1874 2334 igitur

268 2353 406 2422 quid
454 2353 596 2408 dicat
641 2355 834 2410 Paulus
875 2355 942 2411 ad
986 2357 1238 2412 Hebraeos
1283 2358 1526 2412 scribens
1563 2376 1576 2412 :
1625 2358 1873 2412 Mentores

265 2453 438 2500 estote
458 2445 686 2515 priorum
707 2448 924 2512 dierum,
952 2450 1005 2502 in
1035 2448 1213 2518 quibus
1238 2449 1512 2502 illuminati
1537 2449 1746 2503 multum
1767 2467 1874 2504 cer-

269 2545 450 2590 tamen
471 2539 806 2608 afﬂictionum
822 2541 1129 2594 sustinuistis
1150 2539 1328 2611 (IIebr.
1355 2541 1438 2594 10.
1463 2541 1576 2608 52).
1601 2541 1714 2595 Non
1732 2543 1872 2596 enim

269 2643 378 2697 per
399 2628 562 2707 breve
593 2639 803 2701 tempus
822 2672 837 2698 ,
869 2632 965 2688 sed
991 2648 1112 2688 mox
1143 2633 1210 2687 ab
1233 2635 1348 2704 ipso
1373 2635 1592 2689 exordio
1618 2636 1874 2704 pradica-

269 2722 445 2777 tionis
487 2731 542 2779 et
579 2724 840 2780 doctrina:
879 2726 1278 2782 insurrexerunt
1303 2727 1561 2783 adversus
1582 2744 1675 2783 eos
1699 2738 1874 2783 tenta-

271 2812 488 2879 tiones,
531 2823 586 2870 et
629 2831 752 2870 mox
797 2831 827 2869 a
869 2826 1121 2886 suscepto
1157 2818 1421 2887 baptismo
1451 2821 1700 2888 periculis
1725 2829 1877 2875 erant

266 2903 507 2959 obnoxii
537 2921 551 2958 :
580 2914 635 2959 at
656 2907 928 2975 quomodo
951 2907 1075 2962 audi
1103 2925 1116 2960 :
1145 2907 1444 2977 Opprobriis
1473 2919 1519 2962 et
1539 2910 1879 2965 tribulationi-

264 2994 372 3049 bus
397 2997 739 3063 spectaculum
757 2997 880 3066 facti
910 2997 1016 3066 (Ib.
1045 3013 1092 3052 υ.
1121 2998 1237 3069 55).
1258 2999 1458 3054 Omnes
1483 3001 1626 3054 enim
1650 3001 1879 3071 despue-

268 3083 412 3140 bant
435 3099 564 3153 eos,
595 3088 938 3144 contumeliis
976 3088 1314 3157 afficiebant,
1361 3090 1704 3156 deridebant,
1736 3093 1876 3147 vitu-

265 3175 578 3245 perabant,
626 3177 798 3232 fatuus
836 3179 1101 3234 vocabant
1147 3195 1210 3235 ac
1239 3181 1544 3238 insensatos
1568 3224 1580 3248 ,
1613 3183 1753 3253 quod
1780 3185 1875 3240 dc-

265 3277 428 3322 scrta
472 3268 641 3336 patria
682 3269 887 3324 vivendi
927 3270 1184 3337 formula,
1217 3288 1352 3328 nova
1376 3274 1569 3342 placita
1607 3279 1877 3344 suscepis-

267 3367 427 3414 sent.
467 3358 601 3425 Quae
638 3360 854 3428 quidem
887 3377 992 3415 non
1023 3378 1208 3432 parum
1240 3365 1418 3419 valent
1443 3365 1512 3419 ad
1536 3380 1880 3421 commoven-

269 3450 411 3504 dam
450 3451 717 3515 animam,
762 3451 814 3504 ni
855 3451 991 3507 fides
1036 3453 1296 3523 profunde
1337 3455 1407 3508 sit
1447 3456 1703 3512 radicata.
1739 3457 1879 3514 Nihil

271 3542 430 3597 cnim
471 3559 622 3612 teque
658 3543 891 3598 animam
925 3545 1166 3610 mordet,
1196 3561 1260 3600 ac
1291 3547 1714 3618 improperium;
1748 3548 1879 3604 nihil

271 3647 442 3701 aeque
467 3632 710 3687 tabefacit
737 3642 972 3688 mentem
995 3675 1008 3699 ,
1039 3649 1102 3690 ac
1126 3635 1346 3690 dicteria
1371 3645 1426 3691 et
1451 3637 1691 3693 convicia
1720 3654 1880 3694 :nam

277 3723 444 3778 multi
481 3724 576 3777 viri
620 3739 714 3794 per
758 3726 997 3780 convicia
1025 3735 1149 3780 sunt
1175 3742 1318 3796 saepe
1342 3728 1606 3784 subversi.
1635 3729 1762 3784 llaec
1782 3745 1881 3784 au-

281 3825 397 3870 tem
435 3815 625 3884 loquor
651 3832 824 3881 nunc,
859 3828 914 3872 ut
945 3834 1065 3872 cum
1091 3819 1279 3873 fiducia
1310 3820 1466 3876 fidem
1496 3830 1795 3877 teneamus.
1823 3823 1880 3878 Si

279 3908 432 3962 enim
483 3907 556 3961 illi
609 3911 770 3961 totius
810 3909 956 3964 orbis
995 3911 1238 3964 convicio
1277 3926 1383 3964 non
1427 3920 1552 3966 sunt
1599 3913 1882 3982 subversi,

281 4001 462 4056 multo
484 4002 654 4072 magis
678 4010 859 4057 nostra
887 4012 1042 4058 mtate
1073 4003 1202 4059 fides
1231 4019 1422 4074 magna
1451 4005 1774 4060 confidentia
1799 4021 1882 4063 rc-

283 4093 508 4148 tinenda
539 4104 620 4148 est
641 4137 654 4159 ,
679 4096 893 4165 quando
927 4104 1068 4150 totus
1095 4097 1239 4152 orbis
1263 4098 1329 4151 ad
1355 4107 1564 4152 nostras
1590 4107 1772 4169 partes
1797 4115 1885 4155 ac-

283 4184 474 4239 cessit.
503 4185 654 4251 Quod
683 4197 858 4241 autem
891 4188 963 4242 illi
996 4202 1099 4242 non
1131 4188 1267 4242 intra
1299 4190 1593 4244 calumnias
1613 4199 1814 4245 tantum
1833 4199 1887 4246 et

282 4274 577 4344 opprobria
607 4278 954 4347 eonviciaque
975 4279 1284 4348 patientiam
1307 4281 1622 4336 retinnerint
1641 4323 1656 4347 ,
1679 4281 1773 4336 sed
1798 4282 1884 4337 illa

286 4381 413 4420 cum
443 4367 634 4435 gaudio
660 4368 1022 4433 toleraveriut,
1055 4370 1176 4423 andi
1200 4387 1319 4439 qua:
1339 4380 1655 4442 sequuntur.
1682 4372 1818 4426 Nam
1841 4383 1886 4427 et

285 4458 654 4527 direptionem,
700 4460 869 4528 inquit
888 4503 900 4521 ,
935 4461 1232 4529 facultatum
1259 4469 1534 4515 uestrarum
1559 4479 1674 4516 cum
1699 4464 1886 4533 gaudio

289 4551 571 4621 pertulisti:
599 4550 704 4624 (Ib.
731 4567 760 4606 υ
811 4552 922 4624 δι).
955 4552 1120 4607 Vides
1146 4553 1290 4622 quod
1311 4561 1363 4608 et
1390 4553 1526 4608 bona
1549 4569 1733 4608 eorum
1753 4569 1884 4609 con-

290 4641 623 4697 ﬁscabantur
662 4644 789 4698 olim
817 4685 830 4708 ,
873 4654 925 4699 et
959 4637 1210 4700 omnibus
1241 4645 1293 4699 in
1323 4645 1556 4714 przedam
1583 4654 1767 4711 erant,
1796 4647 1886 4716 qui

290 4747 387 4786 eos
413 4732 609 4787 lzederc
631 4745 909 4803 cuperent.
945 4737 1118 4804 Atque
1151 4736 1264 4790 haec
1290 4735 1504 4806 quidem
1537 4737 1600 4791 ad
1636 4737 1888 4793 llcbrteos

286 4823 500 4877 scribit.

364 4915 422 4968 5.
485 4915 560 4970 De
623 4916 1191 4971 'fhcssalunicensibus
1259 4932 1386 4970 vero
1458 4933 1668 4971 rursum
1737 4917 1886 4973 aliud

284 5005 548 5076 quiddam
610 5008 713 5063 tale
776 5016 1060 5062 testatur:
1122 5005 1223 5060 Vos
1270 5009 1441 5070 enim,
1507 5008 1711 5077 inquit,
1769 5009 1886 5061 imi-

289 5107 483 5150 latores
535 5097 662 5166 facti
703 5099 821 5153 estis
879 5097 1084 5152 Domini
1131 5114 1190 5150 ac
1238 5098 1418 5164 nostri,
1472 5099 1560 5167 qui
1605 5100 1890 5169 suscepistis

284 5203 576 5241 sermonem
604 5188 737 5242 hunc
763 5191 816 5242 in
838 5189 1157 5242 tribulatione
1181 5205 1366 5259 magna
1408 5188 1484 5261 (Ι.
1517 5187 1692 5244 Thess.
1723 5192 1773 5248 l.
1807 5191 1885 5259 6).

291 5279 434 5334 Vide
467 5279 629 5336 etiam
681 5279 780 5335 bus
832 5279 1032 5349 afﬂigi,
1081 5294 1253 5349 neque
1298 5279 1349 5333 id
1395 5281 1741 5350 simpliciter,
1794 5281 1890 5336 sed

287 5369 594 5426 afﬂictione
642 5387 852 5441 magna.
911 5371 1216 5426 Vehemens
1267 5375 1520 5437 tentatio,
1579 5374 1889 5428 continuum

288 5463 598 5532 periculum
644 5480 744 5519 nec
792 5463 1066 5520 minimam
1115 5465 1329 5534 quidem
1381 5465 1681 5533 reSpirandi
1719 5463 1891 5519 facul-

291 5565 464 5610 tatem
513 5555 841 5612 concedebat
883 5557 995 5622 eis,
1050 5557 1139 5626 qui
1197 5563 1324 5610 tunc
1368 5555 1622 5623 temporis
1675 5555 1726 5610 in
1774 5570 1892 5610 ecr-

291 5647 506 5702 tamine
558 5657 731 5704 erant.
773 5649 1022 5703 Attamen
1074 5663 1194 5703 cum
1251 5648 1366 5702 haec
1411 5646 1733 5712 tolerarent,
1787 5662 1890 5702 non

302 5741 492 5808 inique
529 5740 790 5806 ferebant,
844 5757 1015 5811 neque
1059 5743 1293 5796 animum
1333 5737 1752 5810 despondcbant,
1786 5739 1893 5795 imo

806 326 898 382 DE
927 323 1175 382 VERBlS
1215 317 1567 386 APOSTOLI,
1607 314 1878 373 llABENT

2003 310 2096 372 Eli
2111 312 2303 370 ΜῡΕΜ
2339 310 2682 369 ΞΡΙΒΙΤυΜ.
2729 305 2813 365 ΙΙΙ.

3459 319 3566 371 ⁸294

1979 425 2282 496 gaudebant
2333 425 2513 482 etiam.
2582 421 2736 481 Unde
2783 423 2884 478 hoc
2938 423 3208 495 apparet?
3263 423 3338 480 Ex
3390 427 3563 482 verbis

1983 518 2150 589 ipsius
2190 518 2359 573 Pauli.
2393 517 2493 572 Ubi
2526 516 2668 571 enim
2700 515 2838 570 dixit
2870 533 2882 567 :
2915 513 2978 568 In
3015 516 3334 568 tribulatione
3361 534 3566 590 magna,

1979 611 2202 675 addidit,
2220 611 2345 666 Cum
2364 610 2550 682 gaudio
2572 609 2796 678 Spiritus
2815 611 2974 661 sancti
2991 611 3007 677 (
3022 609 3039 662 ι
3055 647 3067 659 .
3092 606 3269 661 Thess.
3295 609 3343 662 Ι.
3362 609 3416 670 6)
3434 647 3448 669 ,
3464 615 3567 662 sei-

1981 701 2101 757 licet
2129 702 2350 757 tentatio
2373 701 2607 770 pariebat
2651 699 3014 765 afﬂictionem,
3050 698 3352 767 gaudebant
3392 707 3568 752 tamen

1980 804 2288 866 reputantes
2315 809 2481 864 quare
2512 802 2860 848 tentarentur.
2891 791 3084 845 Idonea
3113 793 3255 845 enim
3294 801 3409 846 erat
3435 807 3568 846 con-

1980 889 2199 952 solatio,
2231 888 2370 958 quod
2391 887 2590 942 conscii
2617 897 2796 940 essent
2819 896 3032 956 propter
3064 886 3333 941 Christum
3371 901 3428 941 se
3457 887 3571 942 hmc

1981 981 2109 1050 pati.
2133 991 2456 1050 quaprOpter
2493 995 2598 1035 non
2644 992 2747 1034 tam
2789 979 3021 1033 demiror
3048 979 3188 1050 quod
3217 980 3306 1034 illo
3333 989 3572 1051 tempore

1979 1073 2378 1142 afﬂigerentur,
2427 1089 2586 1143 quam
2645 1073 2786 1143 quod
2833 1072 2993 1141 afﬂigi
3035 1088 3094 1127 se
3138 1083 3355 1143 propter
3402 1074 3569 1128 Deum

1981 1163 2303 1218 lmtarentur.
2359 1166 2469 1220 Hoc
2511 1166 2650 1220 enim
2701 1180 2978 1234 generosae
3018 1180 3081 1219 ac
3134 1165 3301 1220 Deum
3339 1167 3568 1220 amantis

1979 1255 2171 1310 animae
2213 1257 2448 1312 officium
2502 1267 2604 1323 est,
2653 1258 2902 1312 nimirum
2949 1257 3267 1313 afﬂictioncs
3295 1267 3349 1313 et
3375 1258 3568 1314 adver-

1977 1347 2163 1401 sitatcs
2191 1347 2344 1404 ferre.
2367 1351 2628 1404 Czeterum
2655 1365 2914 1419 generose
2944 1351 3171 1406 tolerare
3198 1350 3566 1414 tentatiouem,

1978 1448 2140 1509 atque
2192 1443 2410 1512 insuper
2442 1443 2644 1512 gratias
2687 1457 2847 1512 agere
2897 1442 2968 1507 ei,
3018 1443 3107 1512 qui
3139 1458 3197 1496 se
3225 1443 3416 1497 tentari
3445 1458 3569 1512 per—

1980 1531 2161 1595 mittit,
2212 1531 2263 1585 id
2317 1533 2531 1587 demum
2581 1546 2806 1586 summae
2855 1529 3180 1585 fortitudinis
3215 1541 3316 1596 est.
3348 1533 3569 1586 anima--

1977 1638 2081 1691 que
2112 1619 2393 1692 vigilantis,
2439 1634 2496 1679 et
2540 1639 2659 1694 qua:
2706 1623 2956 1678 omnibus
2996 1622 3244 1677 humanis
3290 1623 3571 1678 affectibus

1976 1717 2045 1769 sit
2087 1717 2348 1786 superior.

2047 1806 2090 1860 Α
2158 1807 2495 1878 familiaribus
2548 1818 2594 1861 et
2658 1807 2952 1877 prapinqnis
3028 1807 3195 1860 vexati
3265 1807 3559 1860 Christiani.

1975 1897 2180 1952 —-Nec
2220 1897 2304 1952 hic
2361 1907 2607 1962 tantum,
2681 1897 2775 1952 sed
2829 1908 2878 1952 et
2929 1897 3051 1950 alibi
3117 1896 3318 1950 docens
3377 1908 3568 1966 quanta

1979 1989 2116 2042 mala
2150 1999 2458 2058 paterentur
2485 1990 2604 2058 ejus
2633 1991 2886 2060 temporis
2919 1989 3104 2044 fideles
3141 2004 3172 2042 a
3225 1988 3571 2044 familiaribus

1977 2094 2039 2132 ac
2081 2081 2390 2150 propinquis
2427 2084 2552 2152 (hoc
2581 2082 2722 2137 enim
2751 2092 2864 2136 erat
2893 2081 3309 2151 gravissimum),
3346 2083 3396 2134 in
3428 2083 3569 2136 hunc

1979 2169 2196 2224 modum
2227 2171 2462 2240 loquitur
2495 2191 2512 2226 :
2550 2170 2650 2226 Vos
2693 2173 2969 2225 imitatores
3017 2173 3185 2243 fuistis
3229 2171 3571 2226 Ecclesiarmn

1981 2257 2105 2325 Dei,
2172 2277 2286 2330 qua:
2329 2272 2444 2316 sunt
2496 2264 2548 2316 in
2593 2262 2798 2316 Judtea.
2868 2262 2981 2329 Qua
3032 2264 3082 2317 in
3131 2278 3190 2316 re
3243 2263 3571 2318 imitatores?

1981 2351 2231 2416 Quoniam
2275 2361 2322 2406 et
2369 2369 2454 2408 vos
2495 2354 2669 2407 eadem
2719 2355 2834 2407 estis
2861 2354 3082 2423 perpessi
3131 2370 3162 2406 a
3207 2357 3426 2425 propriis
3449 2370 3571 2407 cono

1978 2443 2284 2509 tribulibus,
2346 2446 2473 2499 sicut
2524 2455 2570 2499 et
2614 2446 2693 2499 illi
2734 2462 2764 2498 α
2818 2444 3016 2500 Iudicis
3081 2446 3262 2518 (Ibid.
3315 2449 3370 2502 2.
3439 2451 3569 2518 Η).

1981 2536 2124 2591 Ecce
2175 2537 2406 2602 bellum,
2461 2538 2556 2592 sed
2611 2537 2806 2592 bellum
2865 2539 3053 2601 civile,
3111 2540 3254 2607 quod
3316 2540 3572 2610 majorem

1981 2628 2105 2683 facit
2145 2629 2584 2698 indignationem.
2646 2629 2708 2683 Si
2754 2635 2886 2681 enim
2940 2630 3175 2684 inimicus
3223 2632 3572 2700 exprobrasset

1981 2721 2122 2785 mihi,
2149 2723 2334 2792 inquit,
2369 2722 2714 2776 sustinuissent
2746 2723 2935 2790 utique.
2969 2721 3044 2776 Tu
3081 2739 3216 2788 vero,
3265 2725 3414 2778 homo
3447 2742 3572 2779 una-

1981 2813 2150 2880 nimis,
2209 2814 2314 2866 dnx
2343 2832 2480 2868 meus
2522 2826 2567 2868 et
2613 2825 2763 2867 notus
2801 2831 2938 2868 meus
2963 2813 3182 2886 (Psalm.
3223 2817 3311 2870 54.
3344 2819 3427 2871 15.
3459 2819 3572 2888 ll);

1983 2901 2032 2956 id
2101 2903 2241 2972 quod
2310 2913 2418 2955 tum
2486 2905 2536 2956 in
2612 2904 2776 2973 figura
2835 2906 3196 2974 contingebat.
3241 2907 3574 2977 Quapropter

1984 2993 2148 3048 multa
2197 3009 2330 3063 opus
2390 2992 2654 3049 habebant
2717 2997 3102 3052 consolatione.
3155 2997 3305 3064 Quod
3360 2999 3572 3069 quidem

1988 3086 2180 3140 Paulus
2232 3102 2352 3141 cum
2397 3087 2632 3154 videret,
2684 3103 2885 3157 eosque
2931 3089 3020 3158 qui
3071 3089 3135 3142 ad
3183 3105 3334 3144 suam
3389 3107 3570 3146 curam

1985 3178 2322 3248 pertinebant
2395 3179 2640 3233 laborare
2707 3194 2770 3234 ac
2833 3180 3026 3234 sudare
3089 3181 3572 3245 animadverteret,

1983 3269 2123 3338 quod
2187 3270 2392 3338 magnis
2448 3271 2839 3324 calamitatibus
2892 3283 3262 3340 gravarentur,
3333 3284 3388 3329 et
3445 3276 3574 3329 alias

1983 3377 2143 3431 super
2185 3363 2315 3415 alias
2371 3363 2552 3430 plagas
2607 3378 2749 3432 a‘gre
2791 3364 3156 3432 sustinerent,
3227 3366 3346 3422 vide
3415 3384 3572 3436 quant

1987 3453 2146 3505 variis
2194 3453 2365 3506 modis
2410 3455 2618 3506 animos
2665 3469 2850 3508 eorum
2902 3457 3131 3519 excitet,
3177 3472 3316 3511 nunc
3361 3460 3573 3526 quidem

1989 3543 2070 3597 his
2109 3543 2284 3598 verbis
2338 3561 2351 3597 :
2410 3545 2472 3598 Si
2520 3544 2720 3614 quidem
2764 3546 2956 3612 iustum
2994 3557 3065 3598 est
3110 3547 3250 3616 apud
3300 3547 3460 3601 Deum
3507 3568 3576 3602 rc-

1987 3633 2201 3687 tribuere
2243 3633 2597 3688 tribulanlibus
2643 3649 2730 3687 vos
2770 3635 3165 3701 tribulationem,
3213 3647 3259 3690 et
3304 3638 3439 3692 vobis
3490 3643 3577 3709 qui

1987 3722 2315 3788 tribulamini,
2377 3724 2598 3792 requiem
2669 3725 2928 3777 nobiscum
2985 3725 3057 3795 (Ξ.
3101 3725 3279 3781 Thess.
3315 3729 3363 3782 1.
3397 3729 3452 3783 ϐ.
3482 3731 3572 3800 7);

1989 3830 2129 3870 nunc
2177 3831 2304 3869 vero
2350 3816 2431 3868 bis
2475 3833 2488 3870 :
2530 3814 2778 3868 Dominus
2819 3833 2976 3885 prope
3019 3826 3133 3881 est,
3183 3819 3310 3872 nihil
3367 3821 3574 3874 solliciti

1987 3908 2096 3960 sitis
2147 3906 2399 3977 (Philipp.
2433 3908 2485 3961 4.
2533 3909 2584 3962 5.
2628 3908 2700 3976 6).
2735 3911 2810 3961 Ac
2849 3924 3081 3971 rursum,
3135 3909 3309 3964 Nolite
3351 3913 3578 3968 amittere

1988 3999 2342 4067 confidentiam
2393 4010 2610 4052 vestram
2638 4016 2656 4053 :
2689 4017 2808 4053 nam
2842 4002 3085 4071 patientia
3117 4019 3242 4072 opus
3271 4005 3480 4070 habetis,
3526 4021 3577 4059 ut

1994 4091 2086 4144 Dei
2153 4092 2458 4144 voluntatem
2531 4093 2800 4163 facientes,
2872 4097 3136 4165 reperietis
3199 4100 3578 4164 promissionem

1989 4181 2177 4251 (Hebr.
2232 4183 2318 4238 10.
2361 4185 2449 4238 5‘5.
2502 4183 2613 4255 '56).
2649 4185 2846 4240 Deinde
2886 4185 2950 4239 ad
2990 4189 3296 4255 patientiam
3328 4205 3420 4245 eos
3444 4206 3578 4246 con-

1991 4271 2212 4326 firmans
2237 4273 2498 4328 subinfert
2530 4291 2543 4327 :
2572 4273 2751 4328 Adhuc
2781 4276 2914 4328 enim
2944 4277 3196 4330 modicum
3212 4279 3578 4346 aliquantulum

1989 4366 2076 4434 qui
2123 4376 2359 4419 venturus
2405 4375 2474 4420 est
2526 4367 2705 4431 veniet,
2733 4378 2777 4420 et
2807 4384 2906 4420 non
2941 4369 3160 4423 tardabit
3200 4369 3360 4440 (Ibid.
3385 4388 3431 4426 υ.
3461 4373 3577 4444 57).

1989 4456 2139 4511 Sicut
2205 4457 2486 4526 puerulum
2561 4457 2896 4526 plorantem,
2981 4461 3206 4514 moleste
3284 4465 3578 4527 ferentem,

1993 4559 2321 4616 matremque
2370 4562 2517 4600 suam
2571 4548 2951 4618 requirentem,
2998 4551 3239 4606 assidens
3277 4553 3467 4623 aliquis
3504 4556 3583 4612 sic

1992 4637 2297 4690 consolatur
2343 4655 2353 4688 :
2403 4637 2678 4706 Paulisper
2726 4639 2903 4692 adhuc
2945 4650 3218 4710 exsliecta,
3266 4651 3322 4697 et
3363 4643 3584 4698 omnino

1996 4738 2082 4781 tua
2133 4735 2302 4781 mater
2355 4726 2528 4781 aderit
2577 4745 2590 4780 :
2643 4727 2712 4780 ita
2749 4729 2908 4783 etiam
2957 4729 3171 4794 Paulus,
3219 4732 3406 4788 videns
3443 4749 3584 4805 πει-ο

1997 4819 2249 4882 furentes,
2304 4826 2734 4886 conquerentes.
2791 4818 3077 4874 adventum
3136 4821 3333 4876 Christi
3397 4834 3579 4892 requi-

1995 4921 2174 4966 rentes
2223 4911 2338 4980 ejus
2383 4911 2647 4980 temporis
2697 4911 2882 4966 fideles
2930 4923 3146 4982 propter
3190 4915 3578 4971 intolerabilem

1997 5003 2254 5055 malorum
2304 5004 2432 5066 vim,
2479 5003 2850 5056 consolaturus
2907 5003 3027 5057 illos
3073 5003 3202 5058 dicit
3230 5023 3244 5059 :
3272 5005 3582 5060 Adhucmo-

1996 5095 2162 5146 dicunt
2191 5094 2561 5164 aliquantulum
2588 5094 2674 5164 qui
2703 5105 2938 5150 venturus
2961 5105 3034 5150 est
3059 5098 3238 5166 veniet,
3279 5107 3325 5152 et
3353 5115 3453 5153 non
3485 5108 3588 5154 tar-

1995 5185 2152 5240 dabit.

2072 5281 2125 5335 6.
2169 5279 2414 5334 Doctores
2461 5280 2566 5350 ipsi
2619 5279 2820 5351 gravius
2863 5280 3065 5351 afﬂicti.
3106 5310 3174 5320 —
3217 5279 3398 5350 Itaque
3446 5281 3588 5349 quod

1999 5374 2241 5443 discipuli
2285 5373 2667 5444 afﬂigerentur,
2712 5382 2766 5428 et
2810 5373 3034 5442 plurima
3081 5371 3218 5425 mala
3259 5379 3581 5438 paterunur,

2006 5475 2061 5519 ct
2113 5466 2250 5520 sicut
2303 5466 2425 5534 agni
2482 5465 2534 5518 in
2597 5463 2775 5518 medio
2827 5463 3070 5531 luporum
3123 5462 3358 5533 undique
3408 5477 3586 5532 perse-

2007 5557 2317 5625 quutionem
2363 5557 2708 5620 sustinerent,
2756 5570 2854 5625 per
2902 5554 3017 5608 ha'c
3056 5555 3186 5608 satis
3227 5562 3479 5623 apparet;
3533 5573 3594 5617 ιη

2007 5658 2183 5702 autem
2246 5648 2461 5712 sciatis,
2507 5649 2666 5702 etiam
2718 5646 2964 5701 doctores
3025 5662 3128 5701 non
3189 5645 3428 5711 minora,
3491 5644 3596 5698 imo

2013 5755 2141 5796 vero
2192 5739 2360 5795 multo
2405 5739 2649 5811 graviora
2708 5738 3025 5795 sustinuisse
3070 5738 3229 5811 (nam
3278 5753 3382 5807 quo
3425 5735 3595 5804 magis

386 5901 408 5927 °
437 5895 563 5945 Vide
591 5894 721 5945 hunc
749 5897 908 5945 locum
934 5895 1162 5948 secundis
1188 5897 1320 5950 curis
1345 5904 1659 5950 retractatum
1687 5896 1734 5950 in
1766 5899 1956 5948 l‘rzefat.
1988 5897 2132 5957 hujus
2159 5899 2294 5957 tomi,
2318 5898 2411 5947 col.
2440 5896 2516 5948 ιιι.
