4060 6260
496 321 599 376 2‘35

499 434 745 488 inimicos
767 430 1009 486 veritatis
1037 427 1442 491 contristabant,
1472 441 1536 480 eo
1566 425 1732 495 magis
1761 432 1815 480 et
1846 437 1876 478 a
1907 423 2073 493 pluri-

502 529 600 582 bus
655 517 1119 590 infestabantur).
1186 520 1285 572 hoc
1329 531 1538 586 quoque
1596 515 1664 570 ab
1709 514 1935 580 eodem,
1989 512 2079 584 qui

497 615 780 684 superiora
829 625 928 665 nos
983 609 1195 674 docuit,
1244 609 1541 663 audiemus.
1589 607 1878 662 Corinthiis
1939 606 2080 660 enim

498 706 759 772 scribens,
801 704 878 759 sic
923 702 1156 772 loquitur
1185 717 1198 752 :
1234 699 1442 754 Nemini
1469 699 1646 752 dantes
1669 697 1827 751 ullam
1855 697 2081 751 occasio-

502 814 637 863 nem,
685 805 740 849 ut
788 812 889 849 non
931 795 1241 863 vituperetur
1281 792 1610 845 ministerium
1660 800 1883 844 nostrum
1929 803 1947 842 :
1994 788 2082 840 sed

500 889 551 941 in
585 885 816 940 omnibus
862 883 1146 938 exhibentes
1194 881 1553 951 nosmetipsos,
1606 881 1734 934 sicut
1772 877 1869 932 Dei
1929 877 2081 930 mini-

498 988 629 1032 stros
647 1017 664 1044 ,
687 977 740 1030 in
770 978 928 1030 multa
956 975 1217 1046 patientia,
1247 976 1299 1027 in
1330 972 1710 1043 afﬂictionibus,
1741 973 1792 1024 in
1815 971 2083 1023 necessita-

501 1070 661 1134 tibus,
689 1069 744 1121 in
767 1067 1034 1138 angustiis,
1062 1065 1114 1118 in
1145 1063 1328 1136 plagis,
1351 1065 1402 1116 in
1427 1062 1728 1128 carceribus,
1750 1063 1802 1114 in
1827 1059 2084 1114 seditioni-

499 1159 611 1224 bus,
633 1159 684 1212 in
705 1158 979 1224 laboribus,
1006 1156 1058 1209 in
1082 1154 1285 1226 uigiliis,
1314 1153 1364 1207 in
1383 1153 1598 1222 jejuniis
1626 1152 1702 1219 (2.
1724 1150 1839 1205 Cor.
1861 1150 1911 1204 6.
1933 1150 2078 1218 5-3).

506 1249 748 1304 Vidistin’
796 1259 924 1318 quot
970 1245 1263 1301 certamina
1307 1242 1717 1305 enumeraverit,
1757 1255 1916 1309 quam
1960 1254 2081 1293 cre-

502 1341 624 1394 bras
652 1337 1008 1395 tentationes?
1055 1336 1284 1390 Rursum
1314 1332 1517 1389 eisdem
1543 1331 1804 1396 scribens,
1862 1330 2083 1384 Ministri

501 1433 688 1489 Christi
724 1440 862 1496 sunt,
905 1430 1094 1499 inquit,
1139 1435 1189 1479 ut
1232 1427 1396 1480 minus
1433 1425 1635 1494 sapiens
1664 1424 1800 1491 dico,
1847 1421 1958 1490 plus
1992 1437 2084 1491 ego

507 1526 580 1597 (2.
608 1524 727 1579 Cor.
759 1524 844 1578 11.
875 1523 988 1592 9.5).
1043 1519 1243 1574 Deinde
1296 1519 1478 1572 volens
1525 1518 1679 1571 nobis
1725 1515 2079 1586 persuadere,

504 1618 671 1671 multo
698 1613 1032 1684 praestantius
1063 1626 1179 1664 esse
1208 1619 1423 1678 propter
1443 1607 1712 1661 Christum
1738 1604 1897 1673 afﬂigi
1927 1619 2082 1674 quam

504 1707 740 1778 prodigia
772 1706 965 1767 facere,
996 1713 1046 1757 et
1073 1702 1438 1772 probationem
1464 1700 1708 1754 adferens
1733 1697 2080 1767 apostolatus,

500 1798 894 1866 ostendensque
943 1810 1002 1850 se
1050 1793 1436 1865 pra-terendum
1489 1806 1609 1846 esse
1653 1790 1791 1856 aliis,
1825 1807 1927 1843 non
1957 1805 2086 1856 apo-

501 1889 676 1954 stolis,
721 1887 816 1940 sed
868 1883 1380 1956 psemlo-aposlolis,
1432 1898 1536 1938 non
1572 1898 1602 1936 a
1661 1881 1929 1936 miraculis
1991 1895 2085 1949 per

501 1995 561 2034 se
602 1978 758 2034 editis
809 1984 1246 2046 argumentatur,
1316 1973 1410 2028 sed
1452 1989 1482 2026 a
1527 1972 1794 2028 continuis
1837 1969 2084 2040 periculis

503 2073 556 2127 in
598 2072 791 2143 quibus
845 2069 1173 2132 versabatur,
1221 2071 1270 2122 in
1320 2068 1461 2122 hunc
1513 2066 1728 2122 modum
1781 2067 2020 2122 scribens
2066 2080 2082 2119 :

502 2164 568 2220 In
623 2161 874 2218 laboribus
917 2161 1188 2232 copiosius,
1232 2163 1283 2215 in
1322 2160 1600 2214 verberibus
1649 2177 1806 2228 supra
1856 2159 2079 2222 modum,

500 2255 552 2309 in
605 2255 890 2309 carceribus
935 2253 1298 2316 abundantius,
1350 2253 1403 2305 in
1457 2253 1698 2305 mortibus
1752 2255 2034 2322 frequenter
2062 2265 2081 2304 :

498 2363 531 2400 a
578 2345 776 2400 Judteis
826 2346 1087 2416 quinquies
1133 2343 1483 2414 quadragenas
1531 2360 1634 2396 una
1679 2344 1847 2396 minus
1889 2342 2078 2412 accepi,

499 2449 574 2492 ter
616 2438 767 2509 virgis
820 2452 976 2491 cwsus
1022 2451 1154 2502 sum,
1203 2435 1356 2490 semel
1383 2435 1640 2504 lapidatus
1666 2450 1800 2500 sum,
1845 2445 1920 2487 ter
1948 2449 2078 2486 nau-

499 2531 719 2601 fragium
769 2529 884 2599 feci,
931 2539 1074 2581 nocte
1125 2543 1187 2582 ac
1235 2528 1317 2581 die
1358 2527 1411 2581 in
1464 2527 1717 2599 profundo
1755 2528 1834 2598 egi
1860 2542 1879 2579 :
1905 2527 1957 2579 in
1999 2527 2081 2580 iti-

499 2623 699 2675 neribus
742 2635 897 2690 sa'pe,
939 2620 990 2672 in
1041 2619 1276 2690 periculis
1311 2619 1603 2688 ﬂuminum,
1650 2618 1882 2688 periculis
1924 2617 2084 2672 latro-

498 2729 662 2778 num,
735 2710 971 2781 periculis
1027 2726 1090 2764 ea:
1138 2725 1346 2780 genere,
1415 2709 1652 2780 periculis
1705 2725 1769 2764 ea:
1810 2708 2078 2780 gentibus,

497 2803 730 2874 periculis
776 2803 830 2854 in
865 2801 1064 2855 ciuitate
1087 2841 1102 2866 ,
1159 2798 1396 2870 periculis
1441 2801 1494 2852 in
1545 2800 1740 2854 deserto
1767 2841 1782 2865 ,
1845 2799 2081 2869 periculis

493 2897 547 2950 in
593 2895 722 2949 mari
745 2936 760 2962 ,
803 2895 1038 2964 periculis
1080 2893 1135 2946 in
1193 2892 1338 2962 falsis
1380 2891 1621 2962 fratribus
1669 2907 1688 2945 :
1733 2893 1784 2944 in
1825 2890 1996 2946 labore
2033 2900 2080 2944 et

496 2987 750 3052 molestia,
805 2987 858 3040 in
912 2985 1099 3056 vigiliis
1145 3000 1321 3054 sa'pe,
1378 2985 1430 3037 in
1483 2985 1617 3056 fame
1665 2993 1711 3036 et
1751 2983 1852 3045 siti,
1885 2983 1938 3036 in
1981 2983 2077 3054 fri-

493 3093 612 3147 gore
654 3087 700 3130 et
765 3075 1024 3142 nuditate,
1078 3084 1258 3144 prater
1303 3072 1397 3127 illa
1443 3089 1556 3142 qum
1605 3074 1914 3127 extrinsecus
1959 3082 2077 3127 sunt

494 3164 622 3235 (Ib.
661 3166 728 3218 ad
773 3181 820 3219 ν.
861 3165 934 3220 28
956 3173 997 3236 ).
1048 3164 1111 3218 lli
1167 3171 1290 3217 sunt
1337 3163 1447 3216 veri
1508 3163 1832 3231 apostolatus
1887 3164 2078 3218 chara-

491 3264 683 3309 cteres.
719 3253 961 3322 Prodigia
985 3253 1243 3321 siquidem
1280 3260 1334 3305 et
1359 3251 1448 3304 alii
1489 3266 1633 3318 saepe
1659 3251 1934 3318 fecerunt,
1979 3268 2076 3307 nec

493 3347 572 3401 eis
611 3343 801 3399 fecisse
842 3341 1059 3412 profuit,
1109 3341 1205 3396 sed
1249 3350 1368 3411 post
1410 3342 1587 3396 omnia
1624 3343 1708 3396 illa
1737 3342 2073 3407 audiverunt,

492 3434 762 3498 Recedile,
833 3450 934 3486 non
978 3433 1092 3487 novi
1141 3449 1227 3486 vos
1284 3433 1369 3503 qui
1421 3432 1704 3500 operamini
1764 3433 2076 3503 iniquitatem

492 3525 706 3599 (Matth.
759 3526 813 3579 7.
856 3523 952 3593 25)
984 3541 996 3576 :
1030 3539 1190 3578 nemo
1216 3539 1343 3578 vero
1374 3539 1558 3578 eorum
1602 3524 1692 3594 qui
1729 3525 1914 3580 eadem
1956 3542 2075 3595 qua:

490 3617 686 3674 Paulus
711 3631 1132 3672 commemorare
1163 3624 1404 3684 possunt,
1437 3629 1620 3670 vocem
1653 3615 1794 3670 illam
1825 3633 2072 3686 umquam

486 3717 573 3762 est
618 3707 896 3762 auditurus
941 3724 956 3761 :
1007 3722 1188 3761 verum
1241 3721 1362 3760 cum
1409 3721 1598 3775 magna
1648 3706 1836 3761 fiducia
1883 3707 2072 3761 caelum

487 3798 846 3866 conscendet,
917 3797 1176 3867 bonisque
1227 3797 1526 3852 ca'lestibus
1589 3798 1893 3867 perfruetur
1951 3799 2071 3853 uni-

486 3891 674 3946 versis.

559 3981 608 4034 τ.
653 3980 902 4035 Fortasse
947 3978 1206 4048 prolixior
1249 3978 1390 4032 visus
1438 3986 1522 4034 est
1564 3978 1716 4034 vobis
1754 3995 1932 4034 sermo
1976 3995 2072 4035 no-

484 4081 596 4127 ster
641 4088 654 4124 :
702 4070 795 4124 sed
835 4085 903 4123 ne
943 4068 1060 4123 sitis
1102 4067 1351 4132 solliciti;
1392 4083 1500 4121 non
1539 4083 1655 4122 sum
1701 4069 1899 4124 oblitus
1945 4086 2069 4139 pro-

485 4161 773 4225 missionis,
814 4158 908 4212 sed
950 4158 1126 4210 statim
1161 4157 1228 4210 ad
1273 4157 1417 4210 illam
1453 4166 1711 4211 revertar.
1743 4158 1867 4212 Hac
1891 4171 2068 4214 autem

485 4269 590 4307 non
655 4261 856 4305 temere
907 4248 1131 4318 longiori
1180 4248 1424 4305 oratione
1481 4252 1787 4320 proscquuti
1847 4267 2064 4320 sumus,

483 4341 578 4398 sed
617 4351 672 4395 ut
702 4339 973 4410 prolixiori
1003 4339 1282 4393 verborum
1329 4349 1584 4410 apparatu
1618 4343 1811 4397 certius
1851 4358 1916 4398 ac
1954 4345 2066 4398 cla-

483 4433 593 4490 rius
645 4429 941 4486 doctrinam
995 4439 1232 4484 nustram
1283 4431 1732 4499 approbaremus,
1803 4436 2066 4505 simulque

479 4522 796 4578 al'llictorum
860 4521 1066 4576 animas
1125 4521 1554 4586 coasolarcumr,
1609 4533 1666 4576 ut
1715 4535 1971 4594 quotquot
2010 4527 2062 4581 in

479 4618 725 4689 periculis
772 4625 1050 4670 versantur
1090 4623 1145 4668 et
1196 4616 1595 4681 tentatiOuibus,
1636 4617 1877 4672 idoneam
1924 4621 2060 4674 nacti

479 4711 896 4766 consolationem
945 4707 1242 4772 discedant,
1297 4707 1526 4762 scientes
1569 4709 1708 4777 quod
1748 4711 1876 4764 socii
1915 4711 2059 4765 Pauli

479 4820 572 4874 per
607 4803 700 4858 has
729 4801 1044 4856 alllictiones
1071 4799 1390 4865 efficiantur,
1434 4800 1693 4854 imo‘vero
1720 4801 1884 4870 ipsius
1908 4801 2062 4857 Chri-

473 4907 542 4952 sti
592 4894 900 4966 angelorum
941 4891 1148 4947 Domini
1187 4907 1202 4944 :
1244 4891 1332 4961 qui
1360 4901 1536 4946 autem
1568 4889 1913 4948 afflictionum
1943 4893 2058 4964 ejus

475 4985 742 5056 particeps
793 4992 876 5039 est
910 4984 963 5036 in
1017 4982 1118 5036 hoc
1163 4980 1383 5047 szeculo,
1427 4981 1478 5035 in
1513 4982 1606 5036 illo
1647 4981 1911 5054 particeps
1956 4985 2060 5040 erit

473 5087 634 5132 etiam
683 5075 899 5146 gloriae;
971 5073 1048 5128 ait
1095 5073 1236 5128 enim
1281 5090 1295 5126 :
1337 5072 1398 5127 Si
1441 5073 1639 5142 quidem
1690 5077 2052 5145 eompatimur,

473 5176 526 5220 ut
579 5175 626 5220 et
674 5163 1112 5236 congloriﬁcemur
1161 5161 1338 5232 (Rom.
1367 5164 1422 5219 8.
1455 5165 1574 5234 l7);
1619 5180 1682 5218 ac
1709 5180 1916 5219 rursum
1951 5183 1964 5217 :
1995 5165 2056 5220 Si

469 5248 796 5325 sustinemus,
838 5265 892 5311 ut
935 5257 1090 5312 simul
1117 5256 1267 5311 etiam
1293 5273 1552 5326 regnemus
1589 5256 1663 5329 (Ξ.
1692 5256 1826 5310 Tim.
1853 5257 1908 5310 2.
1939 5258 2050 5328 12).

467 5348 703 5410 Omnino
751 5351 894 5407 enim
941 5364 1161 5406 necesse
1213 5357 1331 5416 est,
1381 5358 1437 5403 ut
1485 5349 1718 5405 fidelium
1766 5366 1934 5422 genus
1968 5350 2050 5405 al-

467 5441 790 5499 flictionibus
826 5450 1100 5512 prematur
1135 5460 1149 5495 :
1181 5441 1366 5496 Omnes
1408 5443 1538 5495 enim
1567 5443 1654 5514 qui
1687 5445 1856 5496 uolunt
1886 5444 1970 5514 pie
1997 5445 2048 5497 in

467 5532 666 5587 Christo
711 5533 891 5601 uiuere,
943 5534 1376 5604 persequutionem
1417 5535 1671 5603 patientur
1729 5535 1805 5603 (Ξ.
1838 5535 1967 5588 Tim.
1991 5537 2044 5589 5.

470 5622 596 5688 1‘2);
641 5639 706 5680 ac
749 5640 1006 5682 rursum:
1038 5623 1179 5692 Fili,
1224 5625 1347 5680 dum
1388 5627 1584 5681 accedis
1627 5627 1694 5680 ad
1734 5628 2046 5684 serviendum

468 5710 720 5782 Domino,
773 5732 1006 5786 praepara
1066 5719 1284 5772 animam
1349 5728 1484 5773 tuam
1543 5721 1610 5773 ad
1678 5727 2039 5784 tentattonem;

1238 312 1295 372 S.
1337 311 1614 370 JOANNIS
1651 306 2127 368 CllRYSOSTOlll
2169 308 2482 368 .XRClllliP.
2528 311 3058 372 CONS‘I'ANTINOP.

3664 325 3768 382 296

2191 432 2324 478 recte
2368 429 2472 496 fac,
2523 436 2570 480 et
2609 443 2864 494 persevera
2916 427 3101 495 (Eccli.
3137 428 3187 480 ‘2.
3226 427 3294 496 l).
3337 427 3495 482 Bella:
3546 433 3773 498 promis-

2189 514 2391 581 siones,
2440 517 2617 570 statim
2660 517 2726 570 ab
2775 517 2995 571 exordio
3043 519 3094 570 in
3142 518 3464 572 tentatioues
3495 518 3776 571 incidere?

2189 605 2398 674 egregia
2445 621 2570 660 vero
2617 607 2922 662 exhortatio
2956 619 3008 662 et
3049 609 3268 676 insignis
3317 609 3616 662 consolatio
3658 611 3775 676 ejus

2189 696 2462 750 servitutis
2492 736 2507 760 ,
2564 698 2794 765 pericula
2855 697 3137 752 confestim
3193 697 3518 769 degustare?
3597 699 3775 752 I'lana'

2190 789 2402 858 egregia
2455 791 2609 844 simul
2663 801 2717 844 ct
2769 790 3100 856 admiranda,
3143 799 3197 843 ct
3249 789 3534 844 maximum
3571 790 3774 843 lucrum

2187 877 2455 934 adferens.
2513 881 2789 948 Quodnam
2851 881 3017 936 illud?
3065 881 3198 935 Audi
3251 897 3370 951 quae
3420 891 3773 950 sequuntur:

2190 971 2334 1024 Sicut
2378 971 2511 1024 enim
2569 973 2623 1025 in
2673 973 2789 1043 igne
2838 972 3080 1042 probatur
3122 989 3339 1037 aurum,
3405 973 3478 1026 sic
3547 974 3776 1026 homines

2188 1065 2378 1133 accepti
2407 1065 2457 1117 in
2484 1066 2690 1134 fornace
2717 1065 3004 1120 tentationis
3036 1063 3223 1135 (Eccli.
3267 1065 3322 1120 2.
3353 1065 3428 1134 5).
3476 1065 3630 1132 Quod
3677 1082 3772 1118 au-

2190 1164 2294 1208 tem
2322 1156 2450 1210 dicit
2475 1159 2552 1210 sic
2577 1157 2760 1226 accipe
2801 1175 2816 1210 :
2848 1158 2984 1211 sicut
3020 1172 3209 1210 anrtnn
3253 1155 3372 1227 igne
3409 1156 3774 1210 examinatum

2193 1249 2376 1316 purius
2432 1248 2692 1311 redditur,
2763 1249 2873 1318 pari
2945 1247 3104 1303 modo
3159 1248 3318 1302 etiam
3367 1248 3579 1312 anima,
3653 1265 3775 1318 qua:

2191 1341 2331 1394 inter
2372 1339 2688 1395 afllictioucs
2728 1351 2972 1395 versatur
3020 1355 3084 1394 ac
3138 1339 3402 1409 pericula,
3451 1339 3673 1394 hilarior
3716 1357 3778 1394 ac

2189 1433 2516 1504 Splendidior
2562 1449 2656 1503 per
2696 1434 2782 1488 illa
2824 1435 3021 1499 evadit,
3075 1449 3396 1502 omnemque
3435 1444 3774 1503 peccatorum

2191 1527 2448 1581 maculam
2477 1527 2749 1597 abstergit.
2794 1527 2928 1581 llinc
2973 1537 3052 1581 est
3105 1526 3243 1594 quod
3272 1527 3336 1578 ad
3379 1525 3595 1579 divitem
3625 1525 3776 1577 illum

2188 1617 2398 1672 dicebat
2446 1618 2710 1672 Abraham
2766 1636 2779 1672 :
2828 1617 3057 1672 Lazarus
3101 1617 3283 1685 recepit
3324 1615 3458 1669 mala
3507 1633 3600 1668 sua
3644 1632 3664 1668 :
3695 1617 3778 1668 hic

2187 1717 2354 1762 autem
2391 1709 2779 1762 consolationem
2809 1709 2982 1778 recipit
3021 1706 3173 1777 (Luc.
3209 1707 3296 1762 16.
3323 1707 3437 1772 25).
3473 1707 3548 1758 Ac
3578 1705 3776 1758 Paulus

2188 1801 2476 1857 Corinthiis
2505 1803 2746 1857 scribens
2790 1801 2916 1855 dicit
2948 1818 2962 1855 :
3001 1799 3215 1867 Prapter
3238 1800 3330 1854 hoc
3357 1799 3485 1852 inter
3511 1813 3598 1852 vos
3629 1799 3776 1850 multi

2187 1892 2457 1946 imbecilles
2503 1903 2549 1945 et
2594 1892 2821 1950 invalidi.
2872 1901 2918 1945 et
2966 1890 3221 1944 dormiunt
3263 1889 3429 1941 mulli.
3486 1888 3688 1940 Etenim
3732 1887 3777 1938 si

2189 2003 2280 2040 nos
2319 1986 2458 2057 ipsos
2520 1985 2944 2056 dijudicaremus,
3007 1999 3108 2037 non
3159 1985 3326 2051 utique
3364 1981 3718 2051 judicaremnr
3759 1993 3776 2028 :

2187 2085 2238 2128 at
2281 2091 2393 2128 cum
2437 2075 2736 2144 judicamur
2789 2091 2820 2125 a
2861 2071 3080 2127 Domino
3135 2071 3472 2142 corripinmr,
3534 2086 3598 2122 ne
3663 2085 3775 2120 cum

2188 2168 2374 2221 mundo
2420 2168 2719 2220 damnentur
2745 2166 2822 2235 (1.
2854 2166 2970 2218 Cor.
3006 2166 3088 2219 ll.
3133 2163 3354 2232 50-52).
3404 2163 3542 2229 Quin
3579 2172 3631 2214 ct
3671 2163 3777 2213 for—

2188 2263 2477 2316 nicatorem
2524 2259 2673 2313 illum
2722 2259 2820 2312 hac
2859 2257 2927 2311 de
2970 2272 3128 2312 causa
3161 2254 3375 2309 tradidit
3414 2255 3466 2307 in
3499 2254 3777 2306 interitum

2186 2353 2382 2417 carnis,
2416 2360 2473 2405 ut
2497 2351 2715 2420 spiritus
2745 2350 2924 2402 salvus
2949 2348 3104 2404 fieret
3146 2349 3227 2416 (1.
3255 2345 3375 2400 Cor.
3411 2346 3464 2400 5.
3493 2346 3570 2411 5).
3594 2354 3779 2399 osten-

2185 2441 2319 2496 dens
2348 2441 2594 2510 prmsenti
2625 2441 2915 2492 tentationc
2950 2437 3176 2492 salutem
3220 2433 3421 2504 perlici,
3455 2445 3508 2488 et
3541 2433 3778 2512 pericula

2186 2535 2272 2596 iis,
2311 2533 2400 2603 qui
2439 2548 2559 2589 cum
2595 2533 2884 2601 gratiarum
2923 2531 3133 2584 actione
3171 2528 3398 2583 subeunt
3440 2526 3550 2590 illa,
3579 2525 3781 2578 anima:

2186 2623 2555 2694 purgationem
2582 2638 2702 2678 esse
2745 2624 3051 2675 maximam.
3083 2619 3270 2689 Itaque
3285 2616 3425 2688 quod
3453 2616 3782 2671 afﬂictiones

2185 2712 2502 2783 pertulerint
2531 2712 2737 2780 fideles,
2769 2722 2822 2766 et
2850 2712 3154 2766 innumeras
3175 2707 3504 2763 calamitates
3547 2715 3652 2759 tam
3685 2706 3782 2758 dio

2183 2805 2372 2874 seipuli
2434 2819 2592 2874 quam
2644 2802 2934 2868 ductores,
2992 2816 3056 2855 ac
3106 2815 3174 2854 ne
3218 2799 3494 2853 minimum
3553 2796 3782 2866 quidem

2185 2896 2603 2966 respiras-crint,
2660 2895 2820 2949 variis
2865 2892 3100 2948 omnium
3131 2905 3384 2961 generum
3425 2888 3576 2942 bellis
3604 2886 3780 2940 undi-

2183 3003 2289 3056 que
2347 2986 2692 3051 circumdati,
2735 2985 2864 3038 satis
2909 2983 2993 3037 hic
3032 2991 3213 3036 noster
3257 2994 3436 3035 sermo
3459 2978 3782 3037 declaravit,

2182 3089 2236 3133 et
2279 3078 2428 3148 plura
2479 3077 2639 3132 etiam
2695 3075 2760 3130 de
2818 3074 2919 3128 hoc
2971 3081 3028 3128 et
3078 3070 3246 3127 sacris
3301 3070 3494 3125 Literis
3541 3068 3780 3123 studiosi

2181 3170 2430 3243 colligere
2473 3177 2716 3236 possunt.

2252 3259 2304 3312 8.
2346 3258 2606 3327 Superest
2647 3266 2704 3310 ut
2743 3256 2857 3309 hare
2896 3254 2962 3308 ad
3011 3250 3341 3322 propositum
3389 3260 3629 3304 nostrum
3679 3249 3782 3303 ad-

2179 3353 2456 3406 ducamus.
2500 3349 2636 3417 Quid
2673 3357 2850 3402 autem
2899 3359 3348 3415 proposueramus
3391 3341 3608 3396 dicere?
3648 3340 3782 3406 Qua

2179 3443 2246 3498 de
2294 3457 2451 3497 causa
2497 3441 2691 3496 Paulus
2759 3439 2978 3501 dixerit,
3029 3435 3280 3489 [labentes
3329 3435 3553 3487 eumdem
3595 3433 3784 3499 Spiri-

2177 3545 2282 3589 tum
2335 3535 2474 3605 fidei.
2537 3535 2644 3589 Cur
2694 3534 2853 3603 igitur
2920 3531 3087 3585 dixit?
3141 3528 3412 3583 Turbabat
3462 3527 3561 3580 hoc
3601 3526 3782 3579 disci-

2179 3629 2352 3700 pulos,
2401 3626 2542 3697 quod
2582 3626 2762 3696 gravia
2814 3623 3027 3694 quidem
3078 3622 3130 3674 in
3185 3635 3245 3674 re
3287 3620 3531 3690 przesenti
3565 3633 3782 3689 exper-

2178 3719 2455 3782 iebantur,
2519 3717 2655 3770 bona
2712 3729 2839 3770 vero
2883 3727 2978 3783 spe
3021 3713 3194 3768 solum
3239 3709 3636 3779 eoneipiebaut,
3711 3719 3782 3762 et

2178 3809 2264 3864 illa
2315 3809 2529 3879 quidem
2570 3807 2679 3876 jam
2728 3805 2990 3869 aderant,
3063 3804 3177 3857 litec
3249 3801 3405 3870 longe
3452 3801 3777 3862 distabant;

2176 3900 2265 3954 illa
2310 3899 2417 3969 jam
2481 3896 2895 3967 contingebant,
2963 3895 3080 3948 haec
3144 3891 3318 3946 adhuc
3383 3889 3772 3960 sperabantur.

2175 3990 2309 4057 Quid
2359 3988 2549 4043 mirum
2591 3987 2635 4040 si
2678 3986 2830 4040 initio
2871 3982 3262 4054 praedicationis
3303 3979 3612 4051 quibusdam
3660 3978 3777 4033 hoc

2175 4095 2272 4135 usu
2313 4078 2578 4145 veniebat,
2616 4073 3045 4146 quandoquidem
3077 4087 3219 4127 nunc
3247 4080 3364 4141 post
3396 4078 3594 4124 tantum
3626 4079 3774 4122 tem-

2175 4171 2318 4242 poris
2364 4169 2615 4239 spatium,
2675 4177 2797 4237 post
2825 4166 3254 4237 pricdicationem
3297 4171 3410 4218 toto
3456 4162 3585 4216 orbe
3642 4177 3774 4230 pro-

2173 4271 2437 4334 pagatam,
2481 4269 2604 4332 post
2637 4269 2714 4315 tot
2764 4268 2909 4314 certa
2963 4257 3373 4328 promissionum
3419 4263 3764 4323 argumenta,

2171 4356 2310 4411 idem
2352 4354 2530 4408 multis
2561 4353 2738 4408 adhuc
2781 4367 2880 4406 usu
2927 4350 3108 4404 venire
3159 4346 3332 4402 solet?

2239 4446 2308 4501 In
2362 4445 2520 4500 Veteri
2549 4443 2867 4498 Testamento
2908 4441 3116 4512 prarmia
3147 4439 3229 4492 hic
3258 4437 3658 4506 accipiebantur.
3679 4463 3763 4477 —-

2168 4537 2278 4592 Nec
2306 4536 2408 4591 hoc
2435 4535 2609 4589 solum
2637 4533 2756 4587 illos
2782 4530 3156 4602 perterrebat,
3185 4528 3281 4583 sed
3326 4537 3380 4582 et
3406 4525 3546 4580 aliud
3591 4525 3759 4594 quid-

2165 4628 2287 4683 dam
2312 4668 2327 4691 ,
2370 4625 2526 4695 idque
2564 4639 2668 4678 non
2711 4624 2903 4677 minus.
2947 4620 3224 4687 Quodnam
3258 4618 3404 4674 hoc?
3441 4616 3764 4686 Cogitabam

2163 4719 2303 4790 apud
2332 4734 2410 4784 se,
2441 4719 2490 4771 in
2517 4718 2682 4773 veteri
2704 4716 3044 4770 Testamento
3064 4731 3099 4769 ιι
3123 4730 3174 4769 τη
3197 4713 3263 4767 ad
3285 4729 3405 4768 eum
3429 4712 3644 4773 modum
3667 4728 3765 4766 res

2166 4811 2436 4865 hominum
2463 4807 2795 4878 dispensatas
2817 4805 2999 4873 fuisse,
3030 4805 3123 4861 sed
3153 4805 3363 4859 virtutis
3383 4805 3598 4872 przcmia
3621 4819 3764 4858 eon-

2165 4899 2338 4956 l‘estim
2356 4898 2624 4966 accepisse
2652 4897 2970 4967 quicumque
2987 4896 3184 4966 justam
3209 4909 3273 4950 ac
3297 4902 3645 4964 temperatam
3676 4897 3762 4947 vi-

2161 4993 2314 5048 vendi
2343 4993 2599 5046 rationem
2628 4990 2999 5058 praetulissent.
3027 4988 3143 5043 Non
3165 4988 3306 5043 enim
3331 4995 3448 5058 post
3465 5001 3761 5055 corporum

2161 5083 2626 5147 resurrectionem,
2661 5096 2833 5152 neque
2860 5082 2912 5136 in
2943 5081 3114 5136 futura
3142 5080 3268 5145 vita,
3299 5079 3393 5135 sed
3417 5078 3505 5133 hic
3527 5079 3580 5132 in
3613 5093 3760 5148 prm-

2159 5175 2296 5229 senti
2343 5175 2446 5228 vita
2471 5188 2658 5228 omnes
2698 5172 2777 5226 eis
2807 5171 3187 5241 promissiones
3233 5169 3611 5239 implebantur.
3661 5171 3764 5222 Ait

2158 5264 2334 5320 enim:
2362 5263 2422 5318 Si
2446 5263 2681 5318 dilexeris
2709 5261 2985 5316 Dominum
3007 5261 3168 5315 Deum
3199 5270 3360 5324 tuum,
3381 5260 3503 5313 bene
3521 5259 3608 5310 tibi
3632 5260 3757 5317 erit.

2155 5365 2204 5410 et
2247 5354 2595 5425 multiplicabit
2623 5353 2758 5409 Deus
2785 5363 3014 5408 armenta
3045 5355 3193 5407 boum
3227 5362 3429 5406 tuorum
3451 5391 3468 5418 ,
3499 5360 3546 5404 et
3571 5367 3764 5422 greges

2157 5463 2394 5519 pecorum
2420 5457 2622 5500 tuorum
2657 5463 2674 5500 .'
2698 5463 2798 5499 non
2841 5447 2930 5499 erit
2960 5445 3099 5514 apud
3119 5454 3164 5497 te
3193 5442 3517 5511 infecundum
3543 5482 3557 5504 ,
3589 5458 3760 5506 neque

2154 5538 2354 5593 sterile:
2385 5553 2484 5590 non
2506 5538 2597 5590 erit
2623 5537 2759 5606 apud
2781 5547 2825 5589 te
2846 5536 3058 5606 languor
3101 5551 3257 5602 neque
3273 5534 3522 5604 (egritudo
3550 5531 3570 5602 (
3593 5531 3749 5584 Deut.

2154 5631 2205 5683 7.
2235 5631 2320 5686 15.
2353 5629 2476 5697 l5).
2506 5628 2713 5683 Eminet
2744 5627 2879 5683 Deus
2909 5627 3297 5682 benedictionem
3323 5627 3376 5680 in
3399 5625 3756 5695 promptuaria

2157 5721 2393 5776 cellarum
2427 5723 2662 5791 tuarum(
2687 5719 2833 5774 Dcttl.
2862 5721 2949 5775 9.8.
2978 5719 3027 5774 8.
3068 5719 3130 5775 l2
3150 5721 3168 5789 )
3189 5737 3206 5785 ;
3231 5720 3418 5789 aperiet
3445 5719 3647 5786 «slum.
3693 5731 3755 5773 et
