4060 6260
317 303 434 361 9‘35

322 423 424 492 τῆς
479 423 762 494 ἀληθείας,
809 429 1045 499 τοσούτῳ
1095 431 1189 484 καὶ
1233 429 1382 503 παρὰ
1431 429 1692 484 πλειόνων
1739 427 1900 481 ἐϐάλ-

321 513 546 583 λοντο),
589 517 684 568 καὶ
721 517 892 571 ταῦτα
940 521 1090 591 παρά
1128 519 1222 575 τοῦ
1251 521 1318 576 τά
1355 524 1595 594 πρότερα
1623 521 1903 594 εἰρηκότος

325 602 670 674 ἀκούσωμεν.
728 607 1034 678 Κορινθίοις
1073 611 1181 681 γὰρ
1209 613 1466 680 γράφων,
1498 611 1670 674 οὕτως
1713 611 1898 678 ἐλεγε-

319 694 634 764 Μηδεμίαν
669 696 739 748 ἐν
771 699 986 766 μηδενὶ
1036 701 1306 768 διδόντες
1357 704 1748 772 προσκοπὴν,
1805 703 1906 756 ἵνα

311 783 406 852 μὴ
442 787 735 856 μωμασθῇ
777 787 818 855 ἠ
867 789 1140 844 διακονία
1189 792 1388 861 ὑμῶν,
1443 795 1581 848 ἀλλ’
1613 795 1682 847 ἐν
1725 793 1902 847 παντί

315 875 732 942 -συνιστῶντες
759 878 1032 945 ἑαυτοὺς,
1068 881 1149 945 ὡς
1183 882 1330 936 Θεοῦ
1357 881 1642 946 διάκονοι,
1673 882 1743 935 ἐν
1763 885 1906 937 ὐπο-

313 964 482 1035 μονῇ
505 968 710 1035 πολλῇ
731 1008 746 1030 ,
777 969 847 1022 ἐν
880 971 1166 1039 θλίψεσιν
1184 1011 1198 1034 ,
1223 973 1293 1026 ἐν
1320 971 1632 1042 ἀνάγκαις,
1668 975 1738 1026 ὲν
1764 987 1906 1026 στε-

321 1058 643 1125 νοχωρίαις
661 1099 674 1122 ,
702 1059 774 1113 ἐν
801 1061 1062 1128 πληγαῖς
1083 1103 1098 1126 ,
1137 1064 1203 1118 ὲν
1230 1063 1531 1132 φυλακαῖς
1549 1103 1564 1128 ,
1585 1064 1656 1116 ἐν
1687 1065 1880 1117 ἀκατα

323 1148 635 1215 στασίαις,
656 1149 723 1202 ἐν
749 1151 978 1216 κόποις,
997 1152 1066 1204 ἐν
1087 1153 1464 1222 ἀγρυπνίαις,
1487 1153 1558 1206 ἐν
1579 1154 1902 1221 νηστείαις.

327 1231 482 1299 Εἶδες
531 1238 732 1301 πόσους
779 1238 973 1302 ἄθλους
1014 1241 1320 1312 ἠρίθμησε,
1371 1242 1541 1305 πόσας
1585 1241 1906 1312 πειρασμῶν

323 1327 585 1394 νιφάδαςς
620 1329 786 1382 Πάλιν
817 1333 931 1393 τοῖς
977 1332 1160 1396 αὐτοῖς
1191 1331 1341 1405 [284]
1385 1334 1742 1398 ἐπιστέλλων,
1779 1332 1908 1386 Aui-

321 1433 492 1471 πονοι
541 1419 801 1486 Χριστοῦ
847 1423 995 1484 είσι,
1049 1425 1210 1494 φησὶ,
1263 1426 1664 1496 παραφρονῶν
1708 1425 1902 1488 λαλῶ,

321 1507 475 1576 ὑπὲρ
524 1509 656 1579 ἐγώ.
707 1505 840 1564 Εἶτα
881 1511 1202 1584 βουλόμενος
1251 1519 1398 1587 ἡμᾶς
1445 1521 1665 1582 πεῖσαι,
1697 1520 1779 1572 ὃτι
1811 1519 1904 1572 τοῦ

323 1603 531 1671 σημεῖα
572 1604 743 1654 ποιεῖν
783 1603 961 1674 πολλῷ
994 1605 1372 1678 λαμπρότερον
1421 1609 1482 1662 τὸ
1519 1609 1607 1664 διὰ
1641 1610 1730 1662 τὸν
1765 1612 1902 1680 Χρι-

328 1692 454 1747 στὸν
477 1691 778 1757 θλίϐεσθαι,
809 1696 902 1746 καὶ
933 1697 1252 1768 ποιούμενος
1277 1700 1548 1765 ἀπόδειξιν
1577 1701 1904 1772 ἀποστολῆς,

325 1785 424 1838 καὶ
453 1785 666 1849 δεικνὺς
692 1786 772 1840 ὅτι
809 1787 1038 1856 βελτίων
1067 1790 1244 1845 αὐτῶν
1270 1795 1449 1856 ἐστιν,
1483 1793 1604 1864 οὐχὶ
1637 1794 1745 1846 τῶν
1768 1795 1904 1847 ἀπο-

320 1875 530 1929 στόλων
567 1877 742 1946 λέγω,
790 1877 928 1931 ἀλλά
979 1879 1089 1934 τῶν
1125 1881 1606 1951 ψευδαποστόλων,
1651 1885 1751 1938 οὐκ
1799 1886 1908 1939 ἀπὸ

318 1963 616 2036 θαυμάτων
652 1967 746 2021 καὶ
792 1968 1066 2039 σημείων,
1121 1971 1234 2026 ἀλλ’
1268 1975 1374 2026 ἀπὸ
1435 1974 1692 2028 κινδύνων
1737 1977 1907 2028 ἐπαλ-

317 2057 498 2127 λήλων
532 2060 763 2112 ποιεῖται
805 2059 896 2112 τὸν
939 2062 1038 2131 τῆς
1071 2063 1344 2135 ὑπεροχῆς
1393 2064 1646 2134 ἔλεγχον,
1705 2067 1907 2120 οὑτωσὶ

317 2147 496 2215 λέγων
519 2167 530 2178 ·
599 2150 694 2203 Ἐν
739 2152 949 2218 κόποις
1000 2154 1470 2222 περισσοτέρως,
1524 2157 1590 2210 ἐν
1647 2157 1908 2226 πληγαῖς

319 2241 823 2308 ὑπερϐαλλόντως
844 2283 857 2305 ,
896 2245 966 2296 ἑν
1005 2245 1306 2312 φυλακαῖς
1334 2245 1806 2315 περισσοτέρως,
1841 2249 1909 2304 ἐν

319 2328 600 2396 θανάτοις
621 2331 921 2400 πολλάκις
939 2350 952 2363 ·
973 2334 1258 2401 πεντάκις
1280 2337 1733 2404 τεσσαράκοντα
1749 2337 1908 2406 παρὰ

313 2422 465 2489 μάν
506 2421 618 2474 ὑπὸ
657 2421 964 2476 Ἰουδαίων
1002 2423 1260 2488 ἔλαϐον,
1302 2426 1430 2493 τρῖς
1471 2427 1907 2496 ἐρῤαϐδίσθην,

317 2511 484 2576 ἅπαξ
537 2509 900 2582 ἐλιθάσθην,
931 2517 1056 2584 τρίς
1105 2516 1492 2587 ἐναυάγησα,
1529 2519 1910 2589 νυχθήμερον

314 2605 390 2657 ἐν
433 2603 512 2670 τῷ
550 2605 721 2672 ,ϐυθῷ
767 2609 1098 2676 πεποίηκα·
1151 2609 1518 2678 ὁδοιπορίαις
1568 2611 1906 2676 πολλάκις,

316 2691 627 2760 κινδύνοις
675 2695 988 2766 ποταμῶν,
1025 2698 1329 2764 κινδύνοις
1373 2699 1656 2770 λῃστῶν,
1707 2702 1910 2754 κινδύ-

315 2797 451 2846 νοις
472 2780 540 2834 ἐκ
567 2781 799 2852 γένους,
835 2784 1144 2852 κινδύνοις
1175 2787 1244 2850 ἐξ
1265 2787 1476 2850 ἐθνῶν,
1511 2787 1816 2854 κινδύνοις
1843 2789 1910 2842 ἐν

317 2871 527 2935 πόλει,
575 2873 882 2940 κινδύνοις
925 2876 996 2928 ἐν
1041 2877 1283 2944 ἐρημίᾳ,
1350 2874 1654 2942 κινδύνοις
1693 2877 1764 2930 ἐν
1809 2881 1912 2931 θα-

315 2960 564 3031 λάσσῃ,
610 2964 916 3031 κινδύνοις
952 2966 1022 3018 ἐν
1079 2964 1566 3033 ψευδαδέλφοις·
1617 2967 1689 3019 ἐν
1747 2967 1912 3032 κόπῳ

317 3051 424 3104 καὶ
443 3053 668 3120 μόχθῳ.
700 3053 770 3105 ἐν
803 3054 1162 3123 ἀγρυπνίαις
1191 3053 1509 3120 πολλάκις,
1550 3056 1620 3108 ἐν
1641 3055 1792 3124 λιμῷ
1815 3057 1910 3111 καί

315 3141 504 3210 δίψει,
538 3145 608 3196 ἐν
641 3145 824 3212 ψύχει
865 3145 960 3198 καὶ
999 3147 1348 3214 γυμνότητι,
1377 3147 1560 3214 χωρίς
1605 3146 1724 3200 τῶν
1770 3163 1906 3216 παρ-

315 3237 523 3300 εκτός.
553 3229 712 3289 Οὗτοι
739 3237 838 3306 τῆς
853 3237 1114 3307 ἀκριϐοῦς
1143 3237 1445 3308 ἀποστολῆς
1462 3238 1509 3290 οἱ
1539 3239 1905 3310 χαρακτῆρες.

320 3328 532 3398 Σημεῖα
564 3327 662 3398 μὲν
689 3328 798 3401 γὰρ
833 3329 928 3382 καὶ
974 3330 1152 3399 ἕτεροι
1193 3329 1378 3382 πολλοὶ
1421 3330 1679 3394 πολλάκις
1725 3331 1910 3401 ἐποίη-

323 3433 453 3480 σαν,
482 3416 575 3470 καὶ
607 3417 757 3471 οὐδὲν
783 3417 1070 3472 ἁπὼναντο
1099 3419 1203 3471 τῶν
1237 3419 1556 3489 θαυμάτων,
1594 3420 1730 3473 ἀλλὰ
1775 3423 1912 3490 μετὰ

321 3507 499 3561 πάντα
521 3510 714 3561 ’ἐκλνα
745 3510 983 3579 ἥκουσαν
1003 3526 1016 3539 ·
1062 3509 1350 3578 Ὑπάγετε
1370 3549 1384 3572 ,
1421 3511 1532 3564 οὐκ
1566 3507 1708 3564 οῖδα
1730 3509 1907 3578 ὑμᾶς,

320 3601 373 3653 οὶ
415 3599 791 3668 ἐργαζόμενοι
827 3599 942 3668 τὴν
987 3600 1275 3668 ἀνομίαν·
1314 3600 1422 3653 τῶν
1459 3600 1516 3652 δέ
1549 3601 1717 3653 ταῦτα
1755 3601 1912 3654 δυνα-

325 3689 505 3761 μένων
548 3692 749 3756 εἰπεῖν,
803 3691 948 3762 άπερ
997 3693 1025 3744 ό
1061 3692 1271 3756 Παῦλος
1317 3690 1742 3764 ἀπηριθμήσατο
1787 3694 1908 3759 νῦν,

321 3781 500 3844 οὐδεὶς
551 3781 767 3854 ἐκείνης
821 3781 1112 3848 ἀκούσεται
1169 3783 1265 3853 τῆς
1313 3784 1530 3853 φωνῆς·
1589 3783 1724 3836 ἀλλά
1773 3783 1911 3854 μετὰ

325 3873 527 3944 πολλῆς
587 3873 688 3944 τῆς
751 3873 1064 3946 παρρησίας
1103 3873 1210 3926 τῶν
1272 3873 1516 3944 οὐρανῶν
1589 3875 1910 3946 ἐπιϐήσεται

323 3966 419 4020 καὶ
445 3965 554 4018 τῶν
585 3967 643 4018 ἐν
671 3968 782 4030 τοῖς
810 3966 1058 4037 οὐρανοῖς
1081 3964 1301 4032 ἀγαθῶν
1354 3965 1717 4019 ἀπολαύσεται
1772 3966 1909 4020 πάν·-

323 4075 456 4113 των.

401 4164 468 4228 ζ’.
504 4162 656 4232 Τάχα
691 4162 1024 4235 μακρότερος
1056 4164 1188 4233 ἡμῖν
1221 4163 1248 4216 ὁ
1281 4163 1436 4232 λόγος
1479 4161 1728 4230 ἐγένετο·
1773 4160 1912 4215 ἀλλά

328 4254 404 4326 μὴ
429 4253 664 4324 δείσητε·
708 4253 809 4306 οὐκ
831 4252 1238 4323 ἐπιλελήσμεθα
1265 4253 1364 4324 τῆς
1395 4253 1762 4324 ὑποσχέσεως,
1793 4251 1909 4306 ἀλλ’

324 4346 522 4400 αὐτίκα
558 4345 623 4416 δὴ
653 4345 789 4416 πρὸς
816 4345 982 4415 αὐτὴν
1016 4344 1177 4398 πάλιν
1207 4345 1568 4414 ἐπανήξομεν.
1600 4345 1707 4398 Καὶ
1738 4344 1911 4397 ταῦτα

323 4435 382 4488 δέ
412 4435 472 4488 οὐ
509 4434 685 4504 μάτην
729 4433 1081 4504 ἐμηκύναμεν
1104 4475 1118 4500 ,
1165 4432 1298 4486 ἀλλά
1337 4432 1424 4486 διά
1456 4431 1700 4494 πλείονος
1743 4449 1908 4484 κατα-

327 4528 529 4595 σκευῆς
581 4525 1065 4596 ἀναμφισϐήτητον
1112 4525 1208 4578 καὶ
1240 4523 1570 4595 σαφέστερον
1599 4523 1911 4593 βουλόμενοι

326 4614 660 4686 ποιήσασθαι
696 4614 793 4686 τὴν
827 4615 1135 4681 ἀπόδειξιν,
1175 4613 1312 4684 ὁμοῦ
1360 4613 1417 4666 δέ
1448 4614 1546 4676 τὰς
1592 4612 1913 4684 θλιϐομένας

327 4706 710 4776 παρακαλέσαι
751 4705 928 4776 ψυχάς
950 4746 965 4772 ,
1019 4707 1084 4759 ἵν’
1113 4706 1341 4769 ἕκαστος
1365 4703 1472 4757 τῶν
1503 4706 1558 4756 ἐν
1593 4707 1913 4776 πειρασμοῖς

325 4796 494 4850 ὅντων
511 4795 603 4849 καὶ
617 4794 880 4858 κινδύνοις
898 4795 1088 4864 ἱκανὴν
1103 4794 1282 4848 λαϐὼν
1299 4792 1654 4864 παραμυθίαν
1673 4793 1909 4864 ἀπέλθῃ,

330 4886 520 4957 μαθὼν
557 4887 638 4941 ὅτι
668 4887 882 4941 Παύλου
913 4887 1166 4950 κοινωνὸς
1189 4886 1277 4940 διὰ
1303 4885 1412 4938 τῶν
1455 4884 1798 4957 παθημάτων
1824 4884 1910 4952 γί-

326 4997 511 5047 νεται,
561 4982 764 5052 μᾶλλον
815 4981 873 5035 δέ
903 4981 998 5036 τοῦ
1028 4981 1137 5035 τῶν
1181 4981 1430 5050 ἀγγέλων
1461 4982 1732 5034 Δεσπότου
1777 4984 1912 5053 Χρι-

329 5071 486 5125 στοῦ·
519 5071 791 5126 κοινωνῶν
812 5072 868 5126 δὲ
913 5071 1078 5126 αὐτοῦ
1121 5072 1230 5126 τῶν
1283 5072 1622 5144 παθημάτων
1653 5071 1884 5126 ἐνταῦθα

330 5165 652 5236 κοινωνήσει
682 5165 781 5235 τῆς
821 5164 981 5236 δόξης
1008 5167 1155 5219 ἐκεῖ·
1194 5165 1378 5233 Εἷπερ
1406 5165 1538 5234 τὰρ,
1573 5165 1734 5235 φησὶ,
1769 5181 1914 5234 συμ-

329 5254 670 5325 πάσχομεν,
689 5257 789 5309 ἵνα
813 5257 908 5312 καί
934 5255 1448 5324 συνδοξασθῶμεν
1467 5272 1480 5286 ·
1506 5257 1600 5309 καὶ
1621 5256 1782 5309 πάλιν
1809 5272 1821 5285 ·
1843 5256 1915 5309 Ei

333 5345 744 5416 ὑπομένομεν,
779 5348 880 5400 ἵνα
910 5346 1006 5400 καί
1037 5347 1636 5415 συμϐασιλεύσωμεν.
1681 5346 1911 5418 Ἀνάγκη

331 5440 442 5510 γὰρ
504 5439 596 5492 τὸν
643 5440 828 5494 πιστὸν
889 5439 1168 5492 θλίϐεσθαι
1219 5439 1468 5502 πάντως.
1525 5437 1756 5504 Πάντες
1807 5439 1914 5507 γὰρ

331 5533 388 5584 οἱ
437 5529 718 5596 θέλοντες
764 5529 868 5599 ζῇν
915 5531 1180 5598 εὐσεϐῶς
1225 5531 1294 5584 ἐν
1343 5527 1607 5596 Χριστῷ,
1660 5529 1914 5598 διωχθή-

332 5634 582 5674 σονται·
635 5623 732 5674 καὶ
778 5622 979 5676 πάλιν·
1043 5623 1282 5686 Τέκνον,
1331 5623 1384 5674 εὶ
1426 5620 1730 5689 προσέρχῃ
1779 5619 1915 5673 δου-

341 5712 538 5765 λεύειν
572 5714 764 5781 Κυρίῳ
779 5757 791 5781 ,
833 5714 1154 5786 ἑτοίμασον
1176 5713 1291 5782 τὴν
1314 5715 1529 5783 ψυχήν
1552 5725 1668 5766 σου
1690 5714 1776 5779 εἷς
1798 5727 1916 5766 πει-

931 323 1016 378 DE
1065 319 1306 377 VERBIS
1343 323 1699 388 APOSTOIJ,
1747 317 2113 379 IIABENTES
2153 326 2440 383 EUMDEM
2483 329 2827 387 SPIRITUM.
2871 331 2960 388 111.

3473 311 3580 365 296

1996 430 2256 498 ρασμὸν,
2285 429 2544 484 εὔθυνον
2567 429 2664 483 καὶ
2705 427 3090 499 καρτέρησον.
3126 425 3300 480 Καλαὶ
3329 427 3384 480 αἱ
3412 429 3582 496 ἐπαγ-

2003 517 2180 585 γελίαι
2211 519 2274 572 ἐκ
2323 520 2625 590 προοιμίων
2670 521 2750 582 είς
2783 519 3120 588 πειρασμούς
3163 517 3454 586 ἐμπεσεῖν·
3492 534 3582 586 με·

2003 608 2143 678 γάλη
2167 611 2450 682 προτροπὴ
2473 611 2564 663 καὶ
2583 611 2930 680 παράκλησις
2957 607 3190 678 ἐναργὴς
3214 609 3312 677 τῆς
3335 607 3581 670 δουλείας

2005 701 2264 754 κινδύνων
2307 701 2511 762 εὐθέως
2564 699 2991 767 ἀπογεύσασθαι.
3045 698 3290 769 Μεγίστη
3343 693 3435 751 οὖν
3487 698 3584 752 καὶ

2006 790 2323 862 θαυμασία,
2372 791 2468 842 καὶ
2525 789 2715 861 κέρδος
2761 789 2961 860 ἔχουσα
3015 789 3288 859 μέγιστον.
3337 791 3494 844 Ποῖον
3524 789 3581 840 δὲ

2005 881 2190 944 τοῦτος
2243 881 2506 933 ’Ἄκουσον
2556 881 2664 932 τῶν
2713 878 2836 947 ἑξῆς
2861 896 2873 910 ·
2924 879 3150 945 Ὥσπερ
3189 877 3298 946 γὰρ
3331 877 3399 929 ἐν
3439 875 3584 943 πυρὶ

2004 970 2375 1040 δοκιμάζεται
2415 969 2674 1040 χρυσὸς,
2725 970 2912 1034 οὕτως
2953 968 3248 1036 ἄνθρωποι
3283 966 3478 1020 δεκτοὶ
3513 967 3586 1018 ἐν

2007 1063 2234 1130 καμίνῳ
2274 1061 2705 1127 ταπεινώσεως.
2765 1063 2830 1114 "0
2861 1061 2918 1114 δέ
2958 1059 3106 1128 λέγει
3137 1059 3376 1112 τοιοῦτόν
3403 1060 3548 1110 ἐστιν
3567 1073 3582 1088 ·

2011 1149 2222 1220 Ὥσπερ
2239 1152 2297 1203 τὸ
2327 1151 2546 1222 χρυσίον
2589 1151 2666 1222 τῷ
2710 1152 2844 1222 πυρὶ
2882 1149 3302 1220 βασανιζόμενον
3336 1149 3585 1221 καθαρώ-

2005 1261 2164 1316 τερον
2191 1245 2432 1313 γίνεται,
2482 1244 2624 1298 οὕτω
2656 1245 2749 1298 καὶ
2779 1247 2812 1314 ή
2843 1244 3018 1316 ψυχὴ,
3053 1243 3294 1312 θλίψεσιν
3322 1241 3587 1313 ὁμιλοῦσα

2009 1337 2102 1389 καὶ
2146 1336 2442 1398 κινδύνοις,
2503 1336 2830 1408 φαιδρστέρα
2887 1337 2980 1389 καὶ
3026 1334 3178 1406 [285]
3229 1333 3586 1404 λαμπροτέρα

2008 1423 2214 1488 ἄνεισι,
2265 1427 2356 1478 καὶ
2390 1428 2570 1479 πᾶσαν
2622 1427 3038 1497 ἁμαρτημάτων
3085 1425 3446 1497 ἀπορρίψεται
3495 1441 3588 1494 κη-

2007 1515 2142 1568 λῖδα.
2180 1517 2344 1569 ’Όθεν
2373 1517 2464 1570 καὶ
2498 1517 2629 1587 πρὸς
2657 1517 2747 1571 τὸν
2774 1517 3027 1569 πλούσιον
3054 1517 3205 1583 ἔλεγε
3233 1518 3262 1569 δ
3313 1514 3584 1585 Ἁϐραάμ,

2007 1607 2089 1660 ὅτι
2120 1604 2380 1674 Λάζαρος
2421 1607 2684 1662 άπέ.-ίιιϐε
2717 1608 2789 1661 τὰ
2817 1607 2993 1670 κακὰ,
3037 1608 3132 1660 καὶ
3181 1607 3442 1660 ἐνταῦθα
3483 1620 3586 1660 πα-

2001 1700 2371 1768 ρακαλεῖται.
2447 1701 2557 1754 Καὶ
2609 1700 2818 1762 Παῦλος
2881 1698 3186 1770 Κορινθίοις
3256 1696 3588 1750 ἐπιστέλλων

2009 1786 2216 1858 ἔγραφε
2238 1804 2249 1816 ·
2281 1787 2386 1840 Διὰ
2415 1789 2592 1842 τοῦτο
2621 1787 2691 1842 ἐν
2724 1789 2864 1856 ὑμῖν
2897 1786 3116 1841 πολλοὶ
3159 1785 3437 1852 ἀσθενεῖς
3488 1786 3586 1838 καί

2007 1875 2316 1942 ἄρρωστοι.
2368 1880 2437 1931 El
2497 1878 2602 1947 γὰρ
2657 1878 2913 1943 ἑαυτοὺς
2967 1877 3302 1946 ἑκρίνομει-·,
3355 1877 3468 1930 οὐκ
3513 1875 3592 1928 ἂν

2007 1965 2383 2035 ἐκρινόμεθα·
2413 1971 2750 2037 κρινόμενοι
2791 1967 2858 2019 δὲ
2893 1967 3007 2022 ὑπὸ
3053 1969 3274 2035 Κυρίου
3312 1966 3590 2020 παιδευό-

2001 2061 2154 2126 μεθα
2173 2101 2186 2122 ,
2233 2061 2333 2113 ἵνα
2353 2061 2438 2129 μὴ
2474 2061 2596 2114 σὺν
2634 2059 2712 2126 τῷ
2741 2061 2946 2130 κόσμῳ
2981 2059 3445 2128 κατακριθῶμεν.
3477 2057 3590 2109 Καὶ

2006 2152 2096 2202 τὴν
2131 2151 2541 2222 πεπορνευκότα
2585 2152 2641 2204 δὲ
2691 2153 2760 2205 δι’
2787 2152 2918 2206 αὐτὸ
2949 2153 3106 2204 τοῦτο
3155 2151 3472 2222 παρέδωκεν
3507 2149 3590 2211 είς

2011 2239 2224 2311 ὄλεθρον
2271 2243 2368 2313 τῆς
2412 2243 2641 2314 σαρκὸς,
2697 2243 2782 2296 ἵνα
2809 2244 2869 2296 τὸ
2911 2243 3129 2314 πνεῦμα
3163 2241 3346 2312 σωθῇ·
3376 2238 3591 2301 δεικνὺς

2009 2329 2089 2382 ὅτι
2119 2333 2396 2404 σωτηρίαν
2427 2333 2454 2383 ὁ
2485 2331 2674 2403 παρὼν
2719 2331 3015 2404 ἐργάζεται
3064 2330 3388 2401 πειρασμὸς,
3418 2329 3512 2382 καὶ
3540 2327 3588 2381 οἱ

2009 2423 2240 2476 κίνδυνοι
2277 2426 2389 2489 τοῖς
2427 2427 2544 2496 μετ’
2577 2411 2927 2497 εὐχαριστίας
2974 2424 3170 2486 αὐτοὺς
3211 2421 3467 2492 φέρουσιν
3502 2435 3592 2472 κα·

2009 2512 2231 2584 θάρσιον
2257 2515 2434 2586 ψυχῆς
2460 2517 2565 2569 είσι
2600 2516 2873 2586 μέγιστον.
2909 2516 3030 2566 Ὀτι
3066 2513 3165 2583 μὲν
3196 2509 3290 2564 οὖν
3317 2510 3592 2563 ἐθλίϐοντο

2009 2605 2057 2658 οἱ
2089 2606 2298 2668 πιστοὶ,
2327 2607 2418 2659 καὶ
2445 2606 2612 2676 μυρία
2647 2606 2882 2676 ἔπασχον
2913 2604 3060 2658 δεινὰ
3087 2603 3180 2656 καὶ
3218 2601 3460 2672 μαθηταὶ
3491 2600 3587 2653 καὶ

2009 2695 2314 2748 διδάσκαλοι
2360 2699 2453 2750 καὶ
2487 2697 2605 2750 οὐδὲ
2647 2697 2842 2768 μικρὸν
2868 2694 3146 2757 ἀνέπνεον,
3185 2691 3452 2752 ποικίλοις
3475 2691 3588 2742 τισὶ

2012 2787 2106 2840 καὶ
2145 2788 2507 2852 παντοδαποῖς
2565 2787 2824 2842 πάντοθεν
2877 2803 2936 2839 πε
2948 2783 3399 2856 ριεστοιχισμένοι
3445 2781 3594 2834 πολέ-

2015 2893 2156 2948 μοις,
2179 2875 2374 2939 ἱκανῶς
2393 2879 2419 2929 ὸ
2439 2877 2591 2944 λόγος
2612 2873 2978 2939 απὲδειξε,καὶ
2997 2876 3166 2928 πλείω
3183 2873 3238 2925 δέ
3257 2873 3363 2924 τῶν
3381 2871 3594 2940 εἰρημέ-

2013 2986 2119 3022 νων
2147 2971 2258 3030 τοῖς
2281 2967 2584 3036 φιλοπόνοις
2606 2965 2813 3032 ἔξεστιν
2831 2965 3191 3033 ἀναλέξασθαι
3221 2965 3286 3017 ἐκ
3305 2963 3414 3016 τῶν
3436 2962 3594 3016 θείων

2017 3060 2269 3130 Γραφῶν.

2081 3157 2152 3220 η’.
2177 3147 2375 3202 Λοιπὸν
2405 3149 2460 3202 δὲ
2488 3147 2580 3201 ἐπὶ
2609 3147 2668 3201 τὸ
2691 3148 3050 3220 προκείμενον
3076 3147 3167 3200 τὸν
3190 3146 3348 3212 λόγον
3381 3147 3594 3214 ἀγάγω·

2015 3256 2146 3308 μεν.
2193 3241 2236 3292 Τ
2243 3241 2258 3292 ί
2301 3240 2357 3293 δὲ
2391 3240 2451 3292 τὸ
2493 3239 2849 3311 προκείμενον
2894 3235 2962 3311 ἦν
2993 3239 3195 3302 είπεῖν;
3227 3238 3383 3299 Τίνος
3410 3237 3596 3288 ἕνεκεν

2012 3326 2164 3383 εἶπεν
2181 3331 2207 3383 ὁ
2228 3331 2460 3396 Παῦλος,
2493 3334 2777 3402 Ἔχοντες
2801 3331 3038 3399 Πνεῦμα
3062 3331 3324 3393 πίστεως
3337 3329 3403 3381 τὸ
3423 3330 3594 3380 αὑτό.

2011 3421 2166 3484 Τίνος
2195 3417 2288 3474 οὗν
2318 3423 2503 3475 ἕνεκεν
2529 3421 2716 3487 εἷπεν;
2759 3421 3038 3492 Ἐθορύϐει
3063 3421 3220 3474 τοῦτο
3259 3422 3385 3483 τοὺς
3431 3417 3596 3489 μαθηο

2011 3510 2136 3576 τὰς,
2168 3513 2248 3564 ὅτι
2295 3513 2362 3564 τά
2406 3513 2505 3582 μὲν
2552 3513 2698 3566 δεινά
2747 3514 2805 3566 ἐν
2857 3513 3057 3581 πείρᾳ,
3108 3510 3178 3564 τά
3205 3511 3258 3562 δὲ
3293 3509 3505 3579 χρηστὰ
3536 3510 3591 3560 ἐν

2011 3603 2224 3656 ἐλπίσι·
2261 3604 2353 3656 καὶ
2385 3603 2454 3656 τὰ
2499 3604 2597 3674 μὲν
2641 3605 2856 3675 παρῆν,
2903 3601 2972 3654 τά
2999 3603 3055 3654 δέ
3105 3601 3460 3672 ἀφειστήκει·
3499 3599 3595 3651 καὶ

2010 3695 2078 3749 τά
2110 3695 2207 3766 μὲν
2241 3694 2482 3762 ἐγίνετο,
2517 3694 2586 3747 τὰ
2618 3694 2674 3747 δέ
2707 3693 2986 3764 ¹ήλπίζετο.
3033 3693 3142 3744 Καὶ
3175 3693 3226 3744 τί
3259 3689 3592 3760 θαυμαστὸν,

2012 3789 2059 3841 εί
2082 3788 2199 3840 τότε
2225 3789 2281 3840 ἐν
2307 3787 2448 3858 ἀρχῇ
2480 3785 2570 3838 τοῦ
2599 3784 2953 3855 κηρύγματος
2975 3782 3131 3835 τοῦτο
3157 3781 3390 3850 ἔπασχόν
3420 3797 3586 3843 τινες,

2011 3877 2143 3931 ὅπου
2191 3894 2254 3946 γε
2311 3877 2406 3929 καὶ
2447 3873 2542 3927 νῦν
2606 3874 2747 3944 μετά
2794 3872 3048 3926 τοσοῦτον
3100 3872 3324 3942 χρόνον,
3363 3871 3499 3942 μετὰ
3532 3869 3594 3923 τὺ

2013 3967 2297 4039 πανταχοῦ
2336 3969 2434 4035 τῆς
2484 3965 2808 4035 οἰκουμένης
2855 3964 3145 4034 ἐκταθῆναι
3188 3962 3249 4015 τὸ
3297 3963 3590 4032 κήρυγμα,

2015 4059 2154 4130 μετά
2177 4059 2234 4111 τὸ
2255 4058 2438 4111 λαϐεῖν
2465 4056 2768 4122 ἀποδείξεις
2789 4055 3056 4118 τοσαύτας
3085 4053 3194 4106 τῶν
3225 4051 3590 4122 ὑποσχέσεων,

2013 4149 2198 4203 πολλοὶ
2230 4151 2278 4202 οἱ
2307 4149 2465 4201 τοῦτο
2495 4146 2796 4216 πάσχοντές
2828 4147 3001 4208 είσινς

2082 4240 2156 4292 Οὐ
2197 4237 2355 4291 τοῦτο
2386 4237 2442 4290 δέ
2469 4237 2627 4308 μόνον
2656 4235 2849 4298 αὐτοὺς
2882 4233 3232 4305 διετάραττεν
3255 4272 3270 4294 ,
3323 4232 3458 4286 ἀλλά
3499 4233 3594 4286 καὶ

2011 4329 2096 4383 ἓτε
2105 4347 2196 4400 ρον
2221 4328 2322 4382 οὐκ
2345 4328 2566 4380 ἔλαττον
2591 4325 2801 4380 τούτου.
2830 4325 2988 4377 Ποῖον
3013 4323 3076 4395 δὴ
3100 4322 3285 4386 τοῦτο;
3320 4323 3594 4377 Ἐνενόουν

2013 4419 2148 4490 πρὸς
2183 4417 2406 4479 ἑαυτοὺς
2427 4456 2442 4479 ,
2471 4417 2552 4468 ὅτι
2582 4416 2639 4466 ἐν
2667 4417 2731 4484 τῇ
2780 4414 2997 4484 Παλαιᾷ
3028 4414 3274 4484 Διαθήκῃ
3307 4413 3404 4482 οὐχ
3445 4411 3588 4465 οὕτω

2011 4509 2081 4562 τά
2129 4509 2428 4579 πράγματα
2479 4505 2843 4578 ᾠκονομήθη,
2885 4504 3020 4558 ἀλλά
3069 4507 3166 4574 τῆς
3213 4505 3414 4574 ἀρετῆς
3469 4503 3594 4567 τούς·

2013 4609 2207 4672 ἄθλους
2229 4608 2323 4661 καὶ
2350 4607 2477 4670 τοὺς
2509 4605 2734 4676 μισθοὺς
2761 4603 2962 4667 εὐθέως
2987 4603 3372 4673 ἀπελάμϐανον
3402 4603 3452 4654 οἱ
3477 4605 3593 4672 μετ’

2013 4709 2314 4772 ἐπιεικείας
2339 4709 2432 4762 καὶ
2455 4706 2809 4779 σωφροσύνης
2839 4705 3212 4778 προῃρημένοι
3243 4703 3360 4775 ζῇν.
3387 4703 3461 4756 Οὐ
3485 4703 3594 4775 γὰρ

2015 4807 2155 4878 μετά
2187 4807 2284 4878 τὴν
2319 4805 2429 4860 τῶν
2461 4805 2728 4875 σωμάτων
2753 4803 3050 4857 ἀνάστασιν
3072 4843 3088 4868 ,
3123 4804 3243 4857 οὐδὲ
3272 4804 3329 4856 ἐν
3359 4805 3424 4872 τῇ
3463 4803 3593 4873 μελ-

2013 4905 2180 4978 λούσῃ
2213 4906 2361 4976 ζωῇ,
2395 4903 2510 4957 ἀλλ’
2559 4901 2820 4966 ἐνταῦθα,
2879 4901 2974 4954 καὶ
3012 4901 3154 4954 κατά
3204 4901 3296 4953 τὸν
3349 4899 3593 4970 παρόντα

2015 5007 2129 5076 βίον
2158 5008 2328 5060 πᾶσαι
2378 5005 2561 5068 αὐτοῖς
2605 5003 2938 5074 ἐπληροῦντο
2980 5003 3038 5056 αἱ
3076 5001 3416 5072 ὑποσχέσεις.
3455 5000 3595 5054 Ἐὰν

2013 5109 2122 5182 γὰρ
2154 5107 2478 5180 ἀγαπήσῃς
2499 5149 2513 5172 ,
2550 5107 2683 5180 φησὶ
2706 5149 2722 5175 ,
2753 5109 2972 5176 Κύριον
3011 5105 3122 5160 τὸν
3167 5107 3316 5160 Θεόν
3345 5121 3492 5170 σου,
3522 5099 3592 5159 εὖ

2014 5225 2112 5263 σοι
2138 5211 2330 5275 ἔσται,
2358 5208 2454 5261 καί
2485 5205 2789 5276 πληθυνεῖ
2813 5211 2845 5260 o'
2885 5206 3030 5272 Θεὸς
3059 5206 3132 5260 τὰ
3150 5206 3453 5270 ,βουκόλια
3477 5203 3595 5256 τῶν

2008 5311 2176 5376 ,βοῶν
2209 5326 2327 5364 σου
2347 5349 2362 5372 ,
2392 5309 2488 5362 καὶ
2529 5307 2600 5362 τὰ
2641 5308 2885 5377 ποίμνια
2933 5305 3052 5359 τῶν
3084 5304 3394 5372 προϐάτων
3439 5319 3554 5356 σου
3573 5319 3589 5334 ·

2015 5413 2126 5466 οὐκ
2154 5411 2322 5464 ἕσται
2345 5409 2414 5460 ἐν
2434 5406 2532 5461 σοί
2556 5405 2796 5476 ἄγονον,
2823 5403 2964 5459 οὐδὲ
2990 5403 3231 5470 στεῖρον
3249 5419 3262 5430 ·
3296 5403 3406 5454 οὐκ
3422 5401 3594 5455 ἔσται

2013 5511 2083 5565 ἐν
2112 5510 2212 5565 σοί
2237 5509 2522 5580 μαλακία,
2551 5509 2735 5579 φησὶν,
2761 5503 2903 5559 οὐδὲ
2931 5505 3138 5568 νόσος.
3169 5497 3596 5564 Ἐξαποστελιτῖ

2018 5617 2050 5666 ὀ
2080 5612 2223 5677 Θεὸς
2257 5610 2369 5678 τὴν
2401 5609 2688 5678 εὐλογίαν
2731 5606 2918 5660 αὑτοῦ
2957 5607 3044 5670 είς
3082 5604 3152 5658 τὰ
3203 5600 3430 5671 ταμιεῖα
3473 5601 3594 5653 τῶν

2025 5707 2344 5778 ἀποθηκῶν
2377 5723 2491 5762 σου
2515 5726 2528 5737 ·
2562 5704 2788 5768 ἀνοίξει
2825 5703 2930 5757 τὸν
2958 5701 3246 5772 οὐρανὸν,
3282 5699 3379 5754 καὶ
3417 5698 3594 5751 δώσει
