4060 6260
518 325 625 380 ξΞΞΠ

520 454 619 490 σοι
666 433 846 489 ὑετὸν
898 434 1150 502 πρὼτμον
1202 433 1299 486 καί
1328 433 1570 502 ὄψιμον.
1599 432 2025 501 Καταλήψεται
2054 434 2087 485 ὁ

518 524 783 591 ἀλοητός
803 524 909 577 τὸν
922 523 1214 592 τρυγητὸν
1234 523 1329 575 καὶ
1362 526 1395 577 ὀ
1417 524 1704 594 τρυγητὸς
1718 523 1823 576 τόν
1834 524 2083 591 σπόρον.

521 618 629 670 Καὶ
656 613 824 669 πολλὰ
854 615 1016 686 ἔτερα
1047 613 1269 667 τοιαῦτα
1298 614 1477 678 αὐτοῖς
1521 613 1911 684 ἐπηγγείλατο,
1945 612 2089 684 άπερ

520 709 733 761 ἅπαντα
767 705 906 760 κατά
952 707 1050 776 τὴν
1082 704 1360 776 παροῦσαν
1388 704 1530 776 ζωὴν
1561 706 1747 768 αὐτοῖς
1788 703 2084 757 ἀπεδίδοτο.

518 800 583 853 Εἰ
604 816 689 862 τις
711 796 992 869 ὀξύτερος,
1024 796 1124 867 ήδη
1151 796 1447 869 προϐλέπει
1469 796 1570 868 τὴν
1595 794 1769 849 λύσιν.
1816 794 1968 847 Ἐπεὶ
1993 789 2087 847 οὖν

519 888 769 959 σώματος
793 887 972 957 ὑγίεια
995 926 1010 950 ,
1044 886 1138 941 καὶ
1162 887 1266 957 γῆς
1308 886 1569 958 εὐκληρία
1590 925 1608 952 ,
1632 887 1726 939 καὶ
1762 885 2089 939 πολυπαιδία

517 980 612 1034 καὶ
638 978 892 1032 εὐπαιδία
912 1020 929 1045 ,
963 979 1057 1032 καὶ
1082 979 1309 1051 λιπαρὸν
1337 977 1515 1049 γῆρας
1539 1016 1554 1041 ,
1586 976 1680 1031 καὶ
1707 974 1866 1046 ὡρῶν
1893 976 2089 1046 κρᾶσις

516 1071 711 1142 ἀρίστη
731 1110 747 1134 ,
802 1072 898 1124 καὶ
950 1070 1205 1141 εὐετηρία
1229 1109 1244 1133 ,
1278 1069 1375 1123 καὶ
1424 1068 1645 1138 ὄμϐρων
1670 1066 1923 1137 εὐκαιρία
1944 1104 1961 1129 ,
1994 1064 2090 1119 καὶ

516 1163 687 1216 πολλά
714 1163 938 1231 ποίμνια
969 1175 995 1203 ι
1030 1161 1123 1215 καὶ
1162 1160 1432 1230 βουκόλια,
1462 1158 1554 1211 καὶ
1590 1158 1768 1210 πάντα
1800 1155 1985 1220 ἅπλῶς
2019 1153 2090 1213 τὰ

517 1252 695 1321 ἀγαθά
734 1253 874 1306 κατὰ
910 1251 1010 1323 τὴν
1042 1251 1324 1323 παροῦσαν
1371 1251 1552 1312 αὐτοῖς
1588 1247 1887 1318 ἐπληροῦτο
1919 1246 2085 1315 ζωὴν,

516 1345 666 1417 [286]
696 1347 790 1399 καὶ
816 1345 965 1399 οὐδὲν
984 1346 1041 1397 ἐν
1065 1344 1276 1397 ἐλπίσιν
1303 1338 1390 1412 ἦν,
1414 1340 1532 1393 οὐδὲ
1559 1339 1695 1409 μετά
1721 1340 1820 1408 τὴν
1840 1336 2088 1391 ἐντεῦθεν

517 1436 823 1506 ἀποδημίαν
840 1452 852 1465 ·
880 1431 1321 1503 ἀναλογιζόμενοι
1354 1428 1448 1484 οὖν
1475 1429 1643 1483 ταῦτα
1681 1429 1730 1481 οἱ
1764 1428 1944 1481 πιστοὶ
1965 1466 1980 1490 ,
2006 1427 2085 1478 δτι

517 1529 629 1587 τοῖς
657 1525 940 1596 προγόνοις
972 1526 1084 1585 τοῖς
1131 1521 1339 1575 ἐαυτῶν
1388 1520 1536 1590 παρά
1569 1518 1732 1581 πόδας
1761 1519 1976 1573 ἅπαντα
2018 1514 2088 1569 τὰ

519 1616 698 1684 ἁγαθά
723 1617 957 1686 ἀπήντα,
992 1614 1173 1676 αὐτοῖς
1202 1613 1258 1666 δέ
1283 1613 1360 1675 εἰς
1388 1613 1485 1681 τὴν
1518 1611 1811 1682 μέλλουσαν
1845 1608 1989 1679 ζωὴν
2020 1606 2090 1660 τά

521 1704 727 1757 ἔπαθλα
754 1704 849 1756 καὶ
897 1705 945 1756 οἱ
988 1703 1240 1770 στέφανοι
1271 1702 1468 1764 πάντες
1497 1701 1623 1759 εἰσὶ,
1653 1697 2086 1769 τεταμιευμένοι,

521 1797 614 1849 καὶ
638 1797 694 1847 ἐν
720 1795 898 1848 πίστει
922 1794 991 1848 τά
1008 1793 1119 1846 τῶν
1138 1790 1499 1861 ἐπαγγελιῶν,
1521 1787 2086 1859 ἕκαμνον,ἐξελύοντο,

516 1886 616 1958 τὴν
649 1885 929 1957 παροῦσαν
984 1883 1128 1954 ζωὴν
1181 1884 1398 1937 ἀπασαν
1428 1881 1517 1935 διά
1564 1878 1885 1949 πειρασμῶν
1912 1879 2089 1932 ’έλκειν

515 1974 962 2043 ἀναγκαζόμενοι.
998 1971 1183 2025 Ταῦτα
1230 1966 1322 2024 οὖν
1355 1968 1550 2023 ἐννοῶν
1580 1968 1609 2020 6
1653 1968 1864 2032 Παῦλος
1900 1967 1994 2021 καὶ
2028 1965 2091 2019 τὸ

519 2063 746 2133 μέγεθος
767 2062 876 2116 τῶν
899 2061 1294 2133 ἐπηρτημένων
1319 2060 1501 2122 αὐτοῖς
1528 2058 1581 2112 δε
1591 2056 1735 2118 ινῶν,
1755 2057 1851 2111 καὶ
1875 2057 1956 2108 ὄτι
1973 2054 2093 2110 τού-

514 2171 628 2217 τοις
661 2153 756 2223 μὲν
793 2153 883 2204 τὸν
934 2149 1123 2221 μισθὸν
1155 2148 1264 2202 τῶν
1297 2146 1474 2200 πόνων
1523 2145 1659 2216 μετά
1697 2144 1795 2216 τὴν
1841 2142 2090 2197 ἐντεῦθεν

514 2245 697 2308 αὐτοῖς
730 2242 1037 2311 ἀποδημίαν
1069 2244 1096 2294 6
1126 2240 1257 2303 Θεὸς
1296 2238 1679 2308 ἐπηγγείλατο,
1709 2237 1835 2299 τοὺς
1865 2236 1923 2289 δὲ
1952 2252 2088 2307 προ-

514 2336 703 2402 γόνους
728 2332 905 2388 αὐτῶν
930 2331 1180 2385 ἐντεῦθεν
1203 2331 1506 2401 ἠμείψατο,
1540 2330 1635 2382 καὶ
1680 2326 1919 2397 συνορῶν
1962 2327 2088 2379 πολ-

513 2428 610 2496 λὴν
640 2428 704 2478 ἐκ
752 2425 859 2476 τῶν
892 2423 1167 2492 λογισμῶν
1218 2421 1420 2475 τούτων
1464 2420 1692 2490 ἀκηδίαν
1734 2418 2088 2489 ἐγγινομένην

514 2522 695 2581 αὐτοῖς
723 2559 738 2583 ,
780 2517 1099 2587 βουλόμενος
1133 2518 1329 2579 αὐτοὺς
1374 2516 1675 2585 ἀναστῆσαι
1722 2515 1813 2567 καὶ
1858 2512 2083 2578 διδάξαι,

514 2610 596 2663 ὅτι
631 2609 725 2667 καὶ
753 2607 845 2659 ἐπὶ
871 2605 980 2659 τῶν
1008 2605 1259 2675 πατέρων
1288 2605 1397 2659 τῶν
1447 2603 1625 2656 αὐτῶν
1654 2602 1797 2655 οῦτω
1834 2602 1903 2656 τὰ
1958 2601 2090 2673 πρά-

514 2717 697 2770 γματα
721 2682 1068 2768 ιξικονόμητο,
1100 2697 1195 2749 καὶ
1227 2696 1284 2748 ἐν
1326 2694 1506 2747 πίστει
1534 2692 1716 2746 πολλοὶ
1757 2692 1848 2746 τὸν
1899 2689 2087 2762 μισθὸν

512 2788 725 2849 ελαϐον,
755 2787 856 2839 οὐκ
882 2787 939 2838 ἐν
969 2786 1034 2855 τῇ
1072 2783 1259 2854 πείρᾳ,
1292 2782 1593 2852 ἀνέμνησεν
1623 2781 1817 2843 αὐτοὺς
1842 2780 1939 2850 τῆς
1964 2797 2089 2851 προ-

514 2876 750 2947 φητικῆς
778 2876 1005 2946 ρήσεως,
1036 2873 1202 2926 εἰπών
1227 2889 1237 2900 ·
1271 2873 1557 2940 Ἔχοντες
1586 2869 1652 2923 τὸ
1674 2869 1820 2924 αὐτὸ
1846 2869 2087 2939 Πνεῦμα

468 3011 497 3035 τ
511 2968 622 3034 τῆς
656 2968 913 3031 πίστεως
930 3005 945 3031 ,
969 2966 1118 3021 κατὰ
1139 2965 1205 3019 τὸ
1226 2963 1632 3033 γεγραμμένον
1652 2978 1665 2991 ο
1698 2962 2084 3026 Ἐπίστευσα,

512 3057 606 3111 διὸ
638 3057 914 3124 ἐλάλησα
938 3072 953 3086 '
1008 3055 1289 3126 μονονουχὶ
1320 3053 1526 3122 λέγων,
1577 3053 1657 3105 ὅτι
1711 3053 1806 3107 καὶ
1851 3055 1879 3105 6
1915 3052 2085 3122 μέγας

511 3150 676 3203 Δαϐὶδ
698 3188 714 3213 ,
739 3151 768 3202 6
800 3146 1111 3217 Θαυμαστὸς
1161 3146 1254 3199 καὶ
1280 3145 1523 3213 γενναῖος
1552 3142 1835 3214 προφήτης
1862 3144 2084 3206 ἐκεῖνος,

516 3240 694 3292 πίστει
717 3238 816 3307 τὴν
840 3236 1073 3305 ἀμοιϐὴν
1102 3234 1412 3303 ἐκομίσατο,
1440 3232 1558 3300 οὐχὶ
1579 3234 1642 3300 τῇ
1670 3231 1861 3300 πείρᾳ·
1889 3232 1948 3283 οὐ
1978 3232 2086 3303 γάρ

515 3328 581 3381 ἀν
603 3366 617 3390 ,
651 3328 701 3378 ει
750 3326 824 3395 μὴ
857 3324 1015 3376 τοῦτο
1039 3318 1138 3393 ἣν,
1184 3317 1371 3384 εἶπεν,
1411 3320 1781 3373 Ἐπίστευσα
1804 3359 1819 3383 ,
1867 3318 1958 3372 διὸ
1987 3320 2082 3374 καί

511 3417 810 3483 ἐλάλησα.
845 3414 910 3466 Ἥ
942 3413 1050 3483 γάρ
1077 3411 1257 3474 πίστις
1290 3408 1655 3480 ἐλπιζομένων
1684 3409 1831 3463 ἐστὶν
1858 3409 2088 3464 ὑπόστα-

514 3525 598 3570 σις
629 3504 987 3578 πραγμάτων,
1016 3503 1076 3555 οὐ
1113 3500 1484 3573 βλεπομένων·
1517 3500 1544 3553 δ
1573 3500 1627 3553 δὲ
1663 3498 1848 3570 βλέπει
1878 3517 1960 3563 τις
1981 3540 1997 3565 ,
2020 3501 2081 3554 οὐ

513 3598 728 3660 πάντως
758 3595 852 3649 καὶ
874 3593 1101 3657 ἐλπίζει.
1138 3594 1201 3646 El
1230 3592 1409 3647 τοίνυν
1435 3591 1747 3653 ἐπίστευσε,
1783 3593 1895 3654 τοῖς
1928 3590 2082 3644 ἐλπιοη

514 3688 759 3757 ζομένοις
806 3683 1142 3736 ἐπίστευσεν.
1178 3680 1239 3733 El
1289 3681 1345 3734 δέ
1398 3682 1507 3742 τοῖς
1558 3678 1930 3748 ἐλπιζομένοις
1965 3678 2084 3731 ἐπίο

514 3794 728 3840 στευσε,
760 3775 829 3828 τά
855 3775 911 3826 δέ
932 3772 1257 3843 ἐλπιζόμενα
1284 3771 1493 3823 οὐδέπω
1523 3769 1798 3839 βλέπεται,
1831 3768 1983 3822 οὔπω
2014 3765 2082 3840 ἦν

510 3866 825 3938 ἀπειληφὼς
865 3864 1073 3927 ταῦτα,
1112 3865 1192 3924 είς
1242 3862 1385 3933 ᾶπερ
1424 3861 1708 3914 ἐπίστευσε
1733 3876 1745 3891 ο
1790 3859 1878 3913 διὰ
1925 3860 2081 3912 τοῦτό

510 3979 675 4031 φησιν
698 3999 714 4024 ,
742 3960 1028 4025 Ἔχοντες
1074 3953 1142 4007 τὸ
1174 3951 1320 4006 αὐτὸ
1352 3951 1594 4020 Πνεῦμα
1642 3950 1753 4017 τῆς
1799 3950 2076 4017 πίστεως,

507 4051 653 4104 τοῦτ’
676 4049 811 4114 ἔστι,
845 4046 942 4115 τὴν
968 4045 1135 4114 αὐτὴν
1164 4041 1366 4102 πίστιν,
1394 4041 1491 4109 τὴν
1534 4043 1590 4092 ἐν
1621 4044 1686 4111 τῇ
1716 4040 1927 4112 Παλαιᾷ
1949 4081 1962 4105 ,
1987 4042 2082 4095 καὶ

508 4144 668 4213 ἡμεῖς
700 4140 913 4208 ἔχομεν.
938 4135 1036 4187 Διά
1068 4133 1226 4185 τοῦτο
1243 4131 1337 4184 καὶ
1364 4130 1596 4200 ἀλλαχοῦ
1634 4147 1787 4200 φησι,
1816 4135 1945 4202 περὶ
1972 4132 2081 4186 τῶν

509 4229 631 4283 τότε
660 4227 829 4294 ἀγίων
849 4222 1020 4290 λέγων
1045 4237 1059 4252 ο
1085 4218 1420 4287 Περιῆλθον
1437 4219 1507 4271 ἐν
1524 4219 1829 4287 μηλωταῖς
1846 4262 1862 4286 ,
1888 4221 1957 4273 ὲν
1988 4222 2078 4274 αι-

507 4318 692 4389 τείοις
733 4312 1019 4382 δέρμασιν
1040 4350 1056 4376 ,
1088 4309 1543 4377 ὑστερούμενοι,
1578 4309 1909 4377 θλιϐόμενοι
1930 4350 1945 4372 ,
1973 4327 2078 4364 κα-

508 4404 902 4473 κουχούμενοι
922 4440 937 4465 ,
971 4395 1058 4456 ὧν
1078 4401 1187 4454 οὐκ
1210 4395 1290 4470 ἦν
1317 4398 1484 4465 ἄξιος
1517 4402 1550 4453 ὀ
1569 4400 1795 4469 κόσμος
1819 4417 1832 4429 -
1857 4396 1974 4454 εἶτα
1996 4402 2075 4454 δι-

506 4496 740 4556 δάσκων,
767 4494 847 4546 ὅτι
871 4491 938 4545 τά
964 4489 1111 4544 δεινά
1146 4490 1244 4561 μὲν
1268 4489 1582 4560 ὑπέμειναν,
1616 4490 1742 4554 τοὺς
1769 4490 1825 4544 δέ
1853 4492 2077 4563 μισθοὺς

504 4585 715 4641 οὐδέπω
742 4584 835 4637 καὶ
878 4582 971 4635 νῦν
1024 4580 1293 4635 ἀπέλαϐον
1318 4621 1332 4646 ,
1373 4582 1619 4651 ἐπήγαγε
1670 4581 1842 4650 λέγων
1867 4598 1881 4614 ο
1915 4583 2076 4638 Κατὰ

504 4675 621 4740 τὴν
643 4674 850 4726 πίστιν
880 4671 1182 4726 ἀπέθανον
1217 4666 1379 4727 οὗτοι
1413 4670 1634 4736 πάντες
1660 4711 1674 4734 ,
1712 4673 1799 4739 μὴ
1831 4674 2075 4741 κομισά-

499 4780 669 4835 μενοι
714 4763 821 4827 τὰς
870 4763 1228 4831 ἐπαγγελίας
1250 4802 1264 4826 ,
1329 4761 1491 4816 ἀλλὰ
1534 4762 1835 4830 πόρῤωθεν
1887 4763 2069 4831 αὑτὰς

504 4853 732 4920 ἰδόντες
754 4853 851 4906 καὶ
874 4854 1313 4922 ἀσπασάμενοι.
1337 4852 1446 4905 Καὶ
1471 4852 1586 4915 πῶς
1617 4849 1777 4917 εἶδον,
1806 4855 1925 4907 είπέ
1958 4873 2068 4926 μοι,

501 4944 599 5007 τὰς
657 4942 883 5013 μηδέπω
940 4942 1260 5013 παρούσας;
1301 4942 1425 5005 Τοῖς
1461 4941 1564 5012 τῆς
1600 4942 1835 5007 πίστεως
1871 4943 2071 5013 ὀφθαλ-

503 5038 623 5108 μοῖς
644 5075 660 5100 ,
692 5037 805 5097 τοῖς
858 5032 1240 5102 ὑπερϐαίνουσι
1288 5031 1380 5085 τὸν
1411 5032 1639 5104 οὐρανὸν
1662 5071 1677 5097 ,
1712 5034 1809 5086 καὶ
1852 5033 1921 5088 τὰ
1956 5035 2075 5088 ἐκεῖ

499 5122 844 5179 κατασκοποῦ
852 5140 934 5177 σιν
970 5122 1204 5177 ἀπάντα.

569 5217 633 5269 θ’.
668 5216 740 5268 Σὺ
764 5214 821 5268 δέ
855 5232 942 5284 μοι
973 5213 1164 5268 σκόπει
1189 5213 1323 5267 Θεοῦ
1351 5214 1561 5283 σοφίαν,
1605 5213 1721 5277 πῶς
1748 5215 1841 5268 καὶ
1867 5213 2068 5278 ἔδειξεν

494 5310 675 5371 αὐτοῖς
700 5306 767 5360 τὰ
791 5305 1017 5377 βραϐεῖα
1056 5302 1337 5375 πόρρωθεν
1362 5345 1376 5369 ,
1414 5303 1509 5356 καὶ
1540 5303 1639 5355 οὐκ
1667 5302 1831 5356 ἔδωκε
1860 5303 1956 5373 μέν
1979 5303 2067 5357 εὐ-

495 5398 630 5460 θέως
650 5437 663 5459 ,
699 5397 786 5450 ἴνα
820 5396 1039 5466 μείζονα
1062 5394 1238 5449 αὐτῶν
1273 5394 1573 5464 ἐργάσηται
1609 5393 1708 5463 τὴν
1739 5393 2015 5463 ὑπομονήν
2047 5409 2060 5423 ·

495 5486 660 5550 ἔδειξε
685 5486 742 5538 δέ
770 5484 1072 5557 πόρρωθεν,
1096 5484 1181 5536 ἵνα
1208 5484 1325 5546 ταῖς
1358 5481 1536 5535 ἐλπίσι
1563 5479 1787 5543 ταύταις
1807 5480 2064 5551 τρεφόμε-

496 5594 595 5637 νοι.
627 5578 759 5647 μηδέ
789 5577 1038 5647 αἴσθησιν
1066 5574 1173 5628 τῶν
1203 5574 1483 5645 παρόντων
1516 5572 1722 5626 λάϐωσι
1756 5571 1952 5625 πόνων.

551 5756 582 5822 _‘
602 5756 774 5822 Alﬁo}
793 5758 1024 5822 (106,768
1047 5759 1376 5822 πολυποίμνια.
1405 5759 1554 5809 Savil.
1577 5763 1628 5806 in
1649 5771 1797 5821 marg.
1827 5760 2055 5808 πολυποι-

485 5818 617 5878 μνία,
635 5820 716 5868 ιαι
737 5819 973 5881 βονκολίο.

1207 340 1264 395 S.
1305 339 1593 395 JOANNlS
1625 334 2113 395 CHRYSOSTOMI
2157 332 2477 392 ARCIIIEP.
2518 332 3064 391 CONSTANTINOP.

3651 329 3755 388 295

2278 434 2437 488 Ἀλλά
2463 436 2602 506 τάχα
2631 453 2715 501 τις
2739 437 2848 492 τῶν
2883 436 3134 508 ὀξύτερον
3175 438 3545 508 προσεχόντων
3582 441 3765 511 ἐαυτῷ

2198 526 2670 594 περιπεπτωκέναι
2705 528 2796 581 τὸν
2828 527 2985 596 λόγον
3016 529 3301 597 ἡγήσεται.
3333 530 3394 581 El
3436 526 3544 599 γὰρ
3571 530 3691 583 οὐδέ
3713 532 3765 583 oi

2194 615 2469 688 πρότεροι,
2499 620 2683 688 φησιν,
2716 619 3101 690 ἀπελάμϐανον
3130 619 3279 690 παρά
3308 620 3476 682 πόδας
3494 620 3562 673 τά
3587 621 3768 689 ἀγαθά

2194 706 2289 760 καὶ
2324 708 2423 771 τὰς
2444 710 2698 780 ἀμοιϐὰς,
2726 711 2841 774 πῶς
2873 712 3004 782 ἡμῖν
3034 711 3243 781 μακρὸν
3269 711 3560 775 ἀπέτεινας
3587 711 3764 779 λόγον,

2193 798 2668 870 ἀπαριθμούμενος
2701 800 2861 872 ὡρῶν
2890 800 3185 872 εὐκρασίαν
3205 842 3220 866 ,
3249 799 3500 871 σώματος
3533 801 3769 868 ὑγίειαν,

2193 890 2474 944 εὐπαιδίαν
2493 933 2509 957 ,
2559 892 2947 957 πολυπαιδίαν,
2989 892 3307 962 εὐετηρίαν,
3346 891 3577 963 καρπῶν
3602 892 3772 961 ἀφθο-

2193 980 2334 1040 νίαν,
2356 981 2628 1051 βουκόλια,
2655 982 3141 1054 ποίμνια,-ἀπασαν
3166 983 3266 1053 τὴν
3293 981 3547 1053 βιωτικὴν
3570 984 3771 1052 εὐπραο

2193 1071 2347 1140 γίαν;
2378 1073 2527 1146 [287]
2568 1074 2633 1127 Τί
2668 1071 2762 1128 οῦν
2814 1074 2881 1128 ἂν
2928 1073 3176 1145 εἴποιμεν
3226 1074 3363 1144 πρὸς
3402 1073 3591 1140 τοῦτο;
3643 1075 3769 1130 Ὅτι

2194 1163 2394 1233 ἐτέρως
2437 1165 2536 1235 μὲν
2579 1166 2640 1220 τὸ
2679 1165 2880 1236 πλῆθος
2909 1166 3004 1218 καὶ
3039 1165 3131 1218 τὸν
3159 1164 3546 1235 ἀσθενέστερον
3575 1164 3768 1234 δῆμον,

2193 1251 2467 1322 ἐτέρωςδέ
2499 1255 2624 1318 τούς
2659 1254 2938 1323 γενναίους
2970 1254 3061 1308 καὶ
3094 1253 3191 1325 τὴν
3224 1255 3282 1306 ἐν
3306 1255 3372 1324 τῇ
3412 1253 3590 1322 Καινῇ
3617 1250 3769 1321 φιλο-

2195 1342 2387 1410 σοφίαν
2410 1343 2509 1414 ἤδη
2544 1344 2826 1414 μετιόντας
2851 1340 2986 1416 ἦγεν
3015 1347 3043 1398 6
3060 1345 3192 1408 Θεὸς
3219 1344 3359 1396 τότε.
3383 1344 3506 1406 Τοῖς
3535 1343 3635 1413 μὲν
3657 1342 3775 1412 γὰρ

2194 1432 2408 1497 πολλοῖς
2434 1434 2528 1487 καὶ
2551 1436 2725 1505 χαμαὶ
2760 1436 3082 1507 ἐρπομένοις
3125 1436 3220 1490 καὶ
3242 1436 3395 1489 οὐδὲν
3428 1435 3571 1506 μέγα
3604 1434 3769 1488 86v:-

2198 1518 2378 1595 μένοις
2402 1526 2550 1589 ἰδεῖν,
2567 1526 2687 1579 οὐδέ
2712 1527 2946 1580 ἐκτεῖναι
2970 1527 3068 1597 τὴν
3095 1527 3193 1597 τῆς
3217 1526 3396 1596 ψυχῆς
3420 1525 3610 1578 ἐλπίδα
3632 1524 3772 1597 πρὸς·

2195 1611 2291 1683 τὴν
2310 1613 2419 1667 τῶν
2435 1613 2732 1683 μελλόντων
2755 1613 3049 1667 ἀπόλαυσιν
3067 1612 3308 1682 ἀγαθῶν,
3332 1611 3507 1666 ταῦτα
3530 1612 3601 1665 τὰ
3624 1628 3772 1684 παρ-

2194 1703 2321 1757 όντα
2357 1707 2614 1774 παρεῖχεν
2643 1703 2843 1772 ἀγαθά,
2893 1704 2993 1775 τήν
3035 1702 3318 1757 ἀσθένειαν
3350 1704 3450 1771 τῆς
3472 1701 3649 1772 ψυχῆς
3667 1701 3775 1755 αὐ-

2195 1793 2303 1846 τῶν
2330 1794 2845 1865 παραμυθούμενος,
2871 1794 2966 1849 καὶ
2988 1793 3076 1847 διά
3097 1793 3301 1848 τούτων
3331 1794 3527 1857 αὐτοὺς
3558 1792 3774 1862 ὁδηγῶν

2197 1881 2288 1933 ἐπὶ
2312 1880 2409 1951 τὴν
2431 1884 2529 1953 τῆς
2554 1884 2753 1953 ἀρετῆς
2782 1884 3043 1955 ἐργασίαν
3063 1922 3079 1947 ,
3109 1885 3203 1937 καὶ
3230 1886 3311 1947 εἰς
3334 1882 3431 1952 τὴν
3449 1882 3559 1935 τῶν
3583 1880 3776 1936 καλῶν

2196 1967 2486 2038 ἐπιθυμίαν
2518 1969 2802 2039 ἐμϐάλλων
2831 1984 2844 1999 ·
2898 1970 2990 2026 τὸν
3017 1971 3073 2025 δὲ
3109 1968 3293 2024 Ἠλίαν
3331 1969 3428 2022 καὶ
3455 1969 3548 2021 τὸν
3590 1967 3770 2020 Ἐλισ·

2198 2055 2372 2117 σαῖον,
2418 2055 2509 2108 τὸν
2562 2056 2863 2127 Ἰερεμίαν,
2899 2057 2988 2110 τὸν
3034 2057 3262 2110 Ἡσαΐαν
3284 2096 3298 2118 ,
3332 2055 3425 2109 καὶ
3460 2055 3670 2118 πάντας
3700 2053 3772 2125 δὴ

2195 2141 2381 2206 ἀπλῶς
2410 2143 2539 2207 τοὺς
2582 2147 2892 2215 προφήτας,
2928 2145 3021 2198 καὶ
3053 2145 3166 2198 ὅσοι
3197 2144 3292 2198 τοῦ
3318 2143 3477 2215 χοροῦ
3507 2143 3772 2213 γεγένην-

2194 2244 2283 2281 ται
2313 2230 2420 2282 τῶν
2449 2231 2616 2298 ἀγίων
2645 2233 2738 2285 καὶ
2771 2233 3020 2302 μεγάλων
3059 2233 3297 2304 ἀνδρῶν,
3326 2234 3417 2285 ἐπὶ
3440 2233 3566 2296 τούς
3605 2232 3770 2302 οὐρα-

2196 2315 2320 2380 νοὺς
2369 2317 2552 2371 ἐκάλει
2589 2322 2683 2372 καὶ
2715 2319 2781 2373 τὰ
2814 2321 2929 2374 ἐκεῖ
2958 2319 3443 2392 παρεσκευασμένα
3471 2322 3585 2382 τοῖς
3621 2320 3771 2372 εὐδο·

2196 2406 2486 2475 κιμηκόσιν
2518 2406 2717 2475 ἀγαθά.
2745 2407 2833 2460 Διὸ
2864 2408 2959 2460 καὶ
2995 2408 3023 2461 6
3052 2407 3263 2470 Παῦλος
3291 2407 3389 2477 οὐχ
3419 2406 3605 2470 ἁπλῶς
3632 2406 3773 2459 πάν-

2195 2506 2294 2552 τας
2320 2489 2742 2560 ἀπηριθμήσατο
2766 2530 2780 2551 ,
2824 2489 2958 2544 ἀλλά
2989 2491 3115 2554 τοὺς
3148 2492 3207 2543 ἐν
3250 2490 3561 2561 μηλωταῖς,
3592 2492 3649 2544 ἐν
3683 2490 3773 2542 al-

2196 2576 2362 2644 γείοις
2391 2574 2641 2646 δέρμασι,
2673 2577 2800 2638 τοὺς
2820 2578 2875 2628 ἐν
2897 2577 3130 2646 καμίνῳ,
3152 2577 3278 2639 τοὺς
3305 2577 3363 2629 ἐν
3384 2576 3768 2647 δεσμωτηρίῳ,

2194 2661 2319 2723 τοὺς
2346 2661 2945 2731 ἀποτυμπανισθέντας,
2973 2663 3097 2726 τοὺς
3125 2661 3609 2727 καταλευσθέντας,
3638 2666 3770 2728 τοὺς

2195 2747 2251 2801 ἐν
2287 2746 2462 2817 λιμῷ,
2490 2749 2618 2811 τοὺς
2647 2750 2706 2801 ἐν
2733 2748 2894 2820 πενίᾳ
2916 2792 2931 2813 ,
2975 2749 3102 2813 τοὺς
3138 2751 3195 2803 ἐν
3228 2749 3486 2820 ἐρημίαις
3508 2789 3524 2813 ,
3557 2750 3683 2813 τοὺς
3713 2751 3773 2802 ἐν

2197 2834 2482 2905 σπηλαίοις
2502 2876 2516 2898 ,
2552 2836 2678 2898 τοὺς
2712 2837 2769 2888 ἐν
2792 2839 2910 2899 ταῖς
2938 2835 3099 2899 όπαῖς
3122 2835 3221 2905 τῆς
3251 2836 3357 2905 γῆς
3373 2877 3389 2901 ,
3414 2837 3539 2899 τοὺς
3565 2835 3633 2889 τά
3670 2853 3770 2906 μυ·

2199 2916 2288 2988 ρία
2322 2916 2592 2980 παθόντας
2616 2916 2781 2972 δεινά.
2814 2920 2922 2971 Καὶ
2943 2918 3063 2971 τότε
3087 2913 3208 2970 εἶπε
3243 2917 3383 2971 κατά
3419 2917 3600 2970 πίστιν
3628 2918 3772 2972 πάν-

2193 3016 2294 3062 τας
2329 2998 2807 3068 τετελευτηκέναι,
2872 3000 2965 3052 καὶ
3021 3000 3248 3070 μηδέπω
3296 2999 3619 3069 κεκομίσθαι
3668 2999 3773 3063 τὰς

2195 3080 2526 3149 ἐπαγγελίας
2545 3096 2560 3111 ⁸
2587 3082 2706 3151 οὐχὶ
2737 3083 2798 3135 τὸ
2828 3080 3030 3149 πλῆθος
3055 3081 3117 3134 τὸ
3153 3081 3457 3143 Ἰουδαϊκὸν,
3478 3081 3616 3133 άλλά
3640 3082 3773 3145 τούς

2194 3163 2335 3218 κατά
2355 3163 2446 3217 τὸν
2482 3162 2668 3217 Ἠλίαν
2695 3167 2826 3235 ἡμῖν
2850 3165 3236 3233 αἰνιττόμενος.
3279 3165 3340 3216 Εἰ
3380 3163 3436 3216 δέ
3460 3164 3606 3231 λέγοι
3641 3182 3728 3228 τις
3750 3183 3766 3197 ο

2192 3250 2356 3303 Αὐτοὶ
2378 3248 2433 3302 δέ
2461 3245 2604 3304 οὗτοι
2622 3250 2765 3312 τίνος
2794 3247 2977 3301 ἐνεκεν
3008 3248 3217 3300 οὐδέπω
3240 3247 3333 3299 καλ⁸
3371 3246 3467 3299 νῦν
3493 3247 3772 3300 ἀπέλαϐον

2191 3333 2316 3394 τούς
2347 3332 2723 3402 ὀφειλομένους
2765 3332 2947 3393 αὐτοῖς
2980 3330 3306 3397 στεφάνους;
3334 3329 3648 3399 μανθανέτω
3673 3330 3770 3382 καὶ

2189 3415 2392 3486 ταύτην
2423 3414 2572 3485 παρὰ
2604 3414 2812 3466 Παύλου
2846 3412 2946 3483 τὴν
2974 3412 3171 3466 αἰτίαν.
3202 3412 3388 3465 Είπὼν
3422 3410 3531 3481 γάρ
3552 3451 3569 3475 ,
3604 3414 3770 3465 Κατὰ

2190 3499 2400 3552 πίστιν
2424 3499 2725 3553 ἀπέθανον
2754 3493 2921 3553 οὗτοι
2954 3495 3176 3561 πάντες
3203 3535 3218 3560 ,
3253 3494 3334 3564 μὴ
3376 3494 3769 3565 κομισάμενοι

2190 3584 2296 3648 τὰς
2330 3583 2687 3653 ἐπαγγελίας
2710 3622 2725 3647 ,
2760 3582 3026 3651 ἐπήγαγε,
3060 3578 3176 3633 Τοῦ
3223 3580 3370 3632 Θεοῦ
3400 3579 3667 3647 κρεῖττόν
3709 3596 3769 3632 τι

2189 3667 2686 3736 προϐλεψαμένου
2724 3666 2857 3733 περὶ
2886 3664 3055 3734 ἡμῶν
3077 3705 3093 3731 ,
3124 3665 3224 3716 ἵνα
3265 3662 3350 3732 μὴ
3383 3662 3558 3730 χωρίς
3594 3660 3771 3731 ἡμῶν

2187 3749 2557 3804 τελειωθῶσι.
2597 3751 2762 3820 Κοινὴ
2799 3748 2908 3819 γάρ
2947 3751 3103 3813 ἐστι,
3135 3747 3297 3817 φησὶν
3319 3785 3336 3813 ,
3371 3748 3404 3816 ή
3434 3748 3761 3816 πανήγυρις,

2189 3834 2374 3904 ἐπειδὴ
2401 3834 2494 3886 καὶ
2528 3832 2728 3902 μείζων
2767 3831 2925 3903 ήδονὴ
2949 3873 2963 3895 ,
3017 3831 3143 3883 ὅταν
3176 3832 3326 3899 κοινῇ
3373 3827 3768 3897 σπφανώμεθα

2188 3916 2408 3978 πάντες.
2436 3915 2607 3968 Τοῦτο
2653 3916 2745 3968 καὶ
2778 3916 2836 3966 ἐν
2884 3916 2993 3977 τοῖς
3040 3912 3425 3982 Ὀλυμπιακοῖς
3470 3909 3646 3979 ἀγῶσι
3678 3911 3768 3981 γί-

2187 4014 2337 4052 νεται
2356 4015 2370 4028 ’
2398 3999 2426 4051 6
2458 3996 2728 4060 παλαίσας
2746 4035 2761 4060 ,
2790 3996 2817 4048 6
2839 3994 3179 4059 πυκτεύσας,
3207 3996 3236 4047 6
3260 3992 3680 4063 παγκρατιάσας
3706 3995 3771 4047 ἐν

2185 4078 2460 4150 διαφόροις
2489 4080 2587 4149 μὲν
2621 4081 2830 4149 καιροῖς
2859 4078 2984 4140 τοὺς
3014 4075 3229 4145 ἀγῶνας
3269 4074 3629 4145 ὑπομένουσιν
3651 4114 3670 4132 .
3704 4076 3767 4127 ἐν

2189 4162 2289 4232 μιᾷ
2324 4161 2379 4213 δὲ
2430 4160 2623 4230 καιροῦ
2659 4162 2799 4231 ῥοπῇ
2852 4159 3051 4222 πάντες
3081 4154 3565 4229 ἀνακηρύττονται.
3604 4156 3766 4210 Οὕτω

2186 4245 2279 4298 καὶ
2306 4247 2362 4297 ἐν
2383 4246 2493 4306 τοῖς
2519 4244 2761 4314 ἀρίστοις
2787 4243 3015 4313 γίνεται.
3051 4243 3219 4296 Ὅταν
3247 4242 3356 4313 γάρ
3378 4240 3486 4294 τῶν
3506 4240 3766 4312 δαιτυμό-

2186 4344 2290 4382 νων
2323 4328 2372 4380 οί
2407 4327 2506 4397 μὲν
2532 4327 2776 4396 φθάσωσι
2806 4326 3346 4397 προαπαντήσαντες,
3369 4326 3418 4377 οἱ
3442 4324 3497 4376 δέ
3523 4323 3603 4376 ἔτι
3633 4325 3765 4395 μέλ-

2184 4410 2316 4463 λωσι
2341 4452 2353 4469 .
2388 4408 2654 4478 τιμῶντες
2704 4410 2831 4473 τούς
2865 4408 3287 4476 ἀπολειφθέντας
3329 4410 3380 4461 οἱ
3423 4408 3757 4479 ἑστιάτορες,

2180 4494 2307 4556 τοὺς
2336 4492 2644 4561 φθάσαντας
2675 4492 2775 4563 ήδη
2804 4493 2898 4546 καὶ
2939 4492 3415 4565 παραγενομένους
3448 4490 3761 4545 κελεύουσιν

2181 4575 2474 4646 ἀναμένειν
2502 4574 2628 4637 τούς
2655 4575 3077 4645 ὑστερήσαντας.
3119 4573 3289 4627 Τοῦτο
3316 4575 3407 4628 καὶ
3435 4577 3464 4627 6
3492 4572 3626 4636 Θεὸς
3663 4590 3759 4626 πε-

2181 4657 2434 4727 ποίηκεν·
2470 4655 2656 4727 ἐπειδὴ
2694 4656 2801 4727 γὰρ
2830 4658 2954 4719 τούς
2982 4658 3044 4709 ἐκ
3072 4656 3170 4726 τῆς
3195 4657 3515 4726 οἰκουμένης
3535 4656 3761 4726 ἀπάσης

2181 4741 2322 4795 κατὰ
2348 4740 2637 4811 διαφόρους
2662 4740 2886 4811 καιροὺς
2918 4740 3341 4811 εὐδοκιμηκότας
3366 4741 3458 4793 ἐπὶ
3483 4740 3674 4809 κοινήν
3699 4754 3759 4792 τε

2180 4824 2273 4877 καὶ
2298 4822 2672 4893 πνευματικὴν
2697 4822 2929 4892 εὐωχίαν
2953 4822 3201 4887 ἐκάλεσε,
3235 4823 3359 4885 τούς
3383 4821 3489 4891 ήδη
3521 4822 3759 4890 φθάσαν-

2177 4923 2276 4969 τας
2318 4905 2414 4959 καὶ
2472 4903 2909 4977 προαπελθόντας
2955 4904 3166 4959 κελεύει
3214 4906 3340 4968 τοὺς
3395 4903 3533 4974 μετά
3579 4902 3757 4957 ταῦτα

2178 4987 2395 5042 ἀπιέναι
2426 4987 2717 5058 μέλλοντας
2751 4988 3073 5059 ἀναμένειν,
3116 4988 3182 5043 ἵν’
3218 4987 3361 5042 οὕτω
3386 4989 3537 5057 κοινῇ
3569 5005 3757 5059 παρα-

2148 5070 2482 5142 ξγενομένων
2508 5071 2802 5136 ἀπάντων,
2835 5071 2989 5142 καλή
3033 5072 3166 5142 τιμὴ
3220 5072 3312 5126 καὶ
3364 5073 3399 5142 ή
3444 5069 3605 5141 ἡδονὴ
3655 5070 3759 5141 μία

2178 5157 2347 5209 ἆπασι
2381 5155 2627 5227 γένηται.

2249 5246 2297 5292 ι’.
2334 5239 2612 5311 Ἐννόησον
2629 5238 2737 5309 γάρ
2753 5238 2938 5311 ἡλίκον
2956 5240 3101 5293 ἐστὶν
3123 5240 3201 5302 είς
3221 5238 3386 5309 τιμῆς
3404 5238 3581 5307 λόγον,
3607 5237 3755 5291 Παῦ-

2173 5322 2262 5375 λον
2294 5322 2388 5377 καὶ
2414 5324 2538 5385 τοὺς
2565 5323 2687 5376 κατ’
2712 5324 2917 5377 ἐκεῖνον
2942 5323 3206 5387 ἅπαντας,
3228 5321 3319 5376 τὸν
3356 5320 3629 5393 Ἀϐραὰμ,
3656 5322 3753 5375 καὶ

2172 5405 2297 5469 τοὺς
2329 5405 2448 5460 κατ’
2482 5406 2686 5458 ἐκεῖνον
2706 5446 2720 5467 ,
2752 5405 2845 5458 καὶ
2880 5406 3005 5468 τοὺς
3044 5405 3149 5475 πρὸ
3205 5403 3412 5457 ἐκείνου
3443 5403 3605 5457 πάλιν
3640 5403 3753 5473 πρὸ

2170 5488 2437 5541 τοσούτων
2467 5487 2602 5541 ἐτῶν
2635 5488 2972 5558 ἀθλήσαντας
3002 5487 3096 5540 καὶ
3119 5488 3441 5557 νικήσαντας
3479 5486 3752 5556 καθῆσθαι

2171 5571 2266 5626 νῦν
2290 5572 2386 5643 τὴν
2415 5572 2690 5643 ἡμετέραν
2720 5571 3083 5639 ἀναμένοντας
3106 5570 3469 5640 εὐδοκίμησιν.
3493 5569 3616 5621 ὐτι
3637 5567 3752 5636 γὰρ

2168 5653 2378 5706 οὐδέπω
2407 5654 2499 5707 τὸν
2529 5654 2789 5723 στέφανον
2820 5652 3033 5714 Παῦλος
3061 5651 3388 5721 ἀπείληφεν,
3418 5649 3541 5703 οὐδέ
3587 5649 3751 5710 ἄλλος

2168 5736 2342 5800 οὐδεὶς
2373 5737 2483 5791 τῶν
2516 5735 2574 5800 ἐξ
2609 5735 2783 5807 ἀρχῆς
2818 5734 3282 5806 εὐηρεστηκότων,
3310 5732 3422 5785 ἀλλ’
3457 5729 3580 5785 οὐδέ
3605 5730 3750 5783 ἀπο-

2169 5818 2467 5891 λήψονται,
2504 5820 2607 5883 ἕως
2642 5818 2721 5893 ,ἀν
2762 5819 2997 5882 ἅπαντες
3055 5817 3103 5871 οἱ
3131 5815 3291 5888 μέχρι
3328 5814 3515 5878 τέλους
3543 5827 3745 5883 στεφα-
