4060 6260
240 326 348 384 297

239 451 380 506 dabit
394 449 481 504 tibi
501 447 724 520 plurium
745 445 1036 499 matutinum
1059 449 1104 495 et
1123 437 1396 493 serotinum
1417 431 1586 507 (Ibid.
1615 429 1708 520 li.
1727 427 1837 520 Li).

240 539 476 606 Excipiet
502 518 622 592 orca
645 536 971 598 vindemiam,
999 541 1042 586 et
1068 527 1318 583 vindemia
1345 531 1610 579 sementem
1640 521 1658 590 (
1682 518 1837 572 chit.

238 633 332 686 26.
365 631 418 685 4.
452 631 486 684 5
513 631 551 698 ξ.
586 629 811 696 Aliaque
855 624 1022 678 multa
1063 620 1222 675 simili
1254 617 1414 672 modo
1453 614 1532 669 eis
1561 611 1840 682 promisit,

238 737 360 790 «grue
406 719 620 790 quidem
652 718 831 772 omnia
877 715 928 769 in
959 711 1208 782 prmaenti
1235 709 1341 763 vita
1368 707 1448 762 eis
1495 701 1743 760 reddidit.
1787 700 1844 754 Si

241 812 363 878 quis
390 819 473 864 est
500 808 735 870 acutior,
781 805 888 874 jam
917 801 1172 873 praevidet
1212 798 1553 854 solutionem.
1587 791 1839 861 Quando-

241 902 462 968 quidem
493 900 653 970 igitur
677 897 918 966 corporis
939 893 1142 948 sanitas
1161 933 1174 956 ,
1207 903 1459 960 agrorqu
1486 885 1708 940 felicitas
1731 922 1746 944 ,
1774 881 1842 935 li-

245 994 496 1046 berorum
527 990 734 1043 bonitas
759 995 915 1056 atque
941 983 1091 1054 copia
1117 1023 1133 1048 ,
1185 982 1352 1034 fausta
1393 987 1643 1032 senectus
1664 1015 1679 1039 ,
1719 973 1843 1027 anui

246 1083 478 1150 partium
513 1079 798 1148 temperies
823 1076 1042 1145 optima,
1070 1087 1298 1128 annonm
1327 1070 1536 1124 bonitas
1555 1109 1569 1134 ,
1599 1066 1844 1120 imbrium

243 1172 656 1243 opportunitas,
699 1177 1064 1222 armentorum
1109 1173 1162 1219 et
1205 1175 1428 1233 gregum
1481 1156 1803 1213 abundantia
1829 1194 1845 1220 ,

248 1264 430 1318 omnia
455 1262 684 1330 denique
725 1260 860 1312 bona
889 1258 994 1312 illis
1021 1256 1075 1311 in
1105 1254 1206 1308 hac
1244 1253 1352 1306 vita
1381 1247 1846 1320 repraesentabat:-

249 1366 336 1408 tur
360 1398 374 1420 ,
408 1354 645 1423 nihilque
671 1363 790 1421 post
819 1353 954 1404 hanc
981 1349 1140 1402 vitam
1171 1357 1224 1402 et
1248 1347 1299 1400 in
1329 1344 1565 1398 futurum
1597 1340 1849 1396 smeulum

248 1447 572 1516 sperandum
627 1445 1018 1515 proponebatur
1061 1441 1220 1495 :hzcc
1266 1447 1576 1506 reputantes
1623 1433 1805 1486 fideles
1831 1471 1848 1497 ,

245 1539 541 1608 majoribus
563 1536 768 1606 quidem
798 1536 906 1588 suis
933 1533 1108 1588 omnia
1136 1533 1272 1586 bona
1303 1545 1410 1598 prce
1441 1526 1662 1596 pedibus
1685 1522 1852 1577 fuisse

247 1633 352 1685 sita
382 1672 396 1694 ,
429 1631 527 1685 sibi
557 1644 682 1684 vero
731 1628 783 1680 in
819 1629 1048 1680 futuram
1079 1629 1240 1678 vitam
1289 1619 1505 1691 praemia
1535 1626 1586 1671 et
1625 1627 1852 1670 coronas

251 1725 490 1794 reposita
523 1736 676 1788 esse,
709 1730 758 1774 et
787 1737 850 1774 ex
885 1720 986 1774 fide
1031 1719 1264 1787 ipsorum
1308 1711 1688 1783 promissioncs
1721 1723 1850 1778 peu-

248 1818 382 1872 dere
409 1833 424 1870 :
453 1816 854 1871 delassahantur
873 1828 934 1866 ae
954 1810 1291 1874 deﬁciebant,
1321 1817 1376 1862 ut
1396 1808 1586 1877 quibus
1610 1805 1852 1858 universa
1885 1839 1892 1846 ς

249 1907 360 1960 vita
392 1907 530 1960 inter
557 1906 876 1960 tentationcs
905 1902 1207 1957 necessario
1235 1908 1374 1953 esset
1405 1897 1680 1968 exigenda.
1723 1895 1848 1948 ll:cc

251 2001 420 2070 igitur
447 1999 792 2054 considerans
819 1997 1046 2059 Paulus,
1093 2003 1146 2048 et
1193 1993 1454 2046 malorum
1487 2004 1605 2060 qua:
1644 1987 1724 2042 eis
1753 1987 1856 2040 im-

251 2093 562 2162 pendebant
613 2088 1031 2160 magnitudinem
1057 2131 1070 2150 ,
1103 2085 1321 2154 etquod
1353 2083 1436 2136 his
1479 2081 1694 2150 quidem
1741 2085 1859 2148 post

249 2183 462 2235 obitum
490 2181 726 2234 laborum
757 2177 1060 2232 mercedem
1089 2176 1227 2230 Deus
1256 2181 1398 2227 esset
1426 2169 1696 2242 pollicitus
1719 2209 1732 2233 ,
1765 2181 1856 2236 pa-

251 2275 430 2327 tribus
456 2283 630 2326 autem
675 2279 992 2341 praeSentem
1041 2267 1444 2322 retributionem
1487 2263 1856 2332 pra-stitisset;

249 2366 690 2436 perspiciensque
735 2379 979 2434 magnam
1031 2363 1080 2416 in
1138 2362 1242 2415 illis
1290 2358 1569 2428 segnitiem
1599 2372 1629 2411 e
1657 2355 1849 2410 talibus

251 2459 670 2530 cogitationibus
701 2457 961 2522 suboriri,
994 2467 1046 2512 et
1075 2457 1262 2510 volens
1293 2469 1386 2508 eos
1413 2454 1644 2506 excitare
1671 2465 1734 2505 ac
1762 2451 1856 2504 do-

251 2568 410 2618 cere,
439 2560 642 2618 patrum
666 2565 874 2620 quoque
897 2547 1224 2617 temporibus
1241 2544 1479 2600 eamdem
1503 2541 1666 2596 fuisse
1683 2556 1860 2595 rerum

250 2649 740 2718 dispensationem,
767 2641 1066 2709 multosque
1093 2637 1197 2692 ﬁde
1221 2635 1519 2689 mercedem
1543 2633 1862 2702 percepisse,

253 2757 370 2795 non
401 2755 477 2804 rc,
509 2736 870 2808 prepheticum
894 2732 996 2784 illis
1017 2730 1211 2783 dictum
1239 2728 1290 2780 in
1313 2725 1624 2781 memoriam
1655 2731 1868 2777 revocat

247 2835 490 2887 dicens:
529 2830 781 2884 Habentes
829 2823 1056 2879 eumdem
1089 2820 1340 2889 Spiritum
1385 2816 1525 2884 ﬁdei,
1566 2815 1692 2868 sicut
1735 2814 1864 2866 scri-

171 2915 182 2926 ’
249 2935 407 2994 ptum
434 2932 524 2986 est,
555 2919 779 2980 Credidi,
815 2921 1018 2984 propter
1038 2909 1172 2982 quod
1201 2909 1438 2976 loquutus
1467 2922 1578 2959 sum
1610 2921 1628 2958 :
1661 2912 1862 2956 tantum

251 2993 370 3067 non
403 3013 588 3066 dicens
609 3007 749 3078 quod
780 3018 1000 3073 magnus
1028 3000 1189 3054 etiam
1219 2997 1306 3052 ille
1335 2995 1518 3057 David,
1547 2993 1789 3064 egregius
1817 2996 1870 3046 et

249 3101 611 3156 admirandus
635 3096 892 3169 propheta
915 3134 930 3156 ,
963 3091 1064 3144 [ide
1092 3087 1500 3144 retributionem
1531 3083 1829 3152 perceperit
1851 3120 1867 3144 ,

253 3209 370 3249 non
413 3191 786 3257 exlierimeuto
817 3204 829 3239 :
862 3181 1060 3252 alioqui
1086 3222 1100 3244 ,
1147 3180 1244 3232 nisi
1307 3191 1394 3232 res
1422 3176 1494 3230 ita
1525 3190 1583 3229 se
1612 3175 1866 3238 haberet,

254 3303 372 3340 non
397 3285 618 3338 dixisset
645 3279 814 3348 (Psul.
843 3277 963 3332 115.
999 3275 1082 3342 10)
1113 3293 1125 3326 :
1156 3271 1378 3336 Credidi,
1407 3279 1610 3340 propter
1633 3267 1768 3338 quod
1791 3269 1870 3320 lo-

254 3387 460 3448 quutus
485 3391 615 3428 sum.
637 3371 795 3426 Fides
823 3369 964 3423 enim
995 3366 1058 3421 ad
1088 3381 1148 3420 ea
1171 3381 1288 3435 quae
1310 3371 1594 3432 sperantur
1621 3361 1868 3423 refertur,

257 3485 376 3524 non
401 3467 466 3521 ad
496 3481 556 3520 ea
583 3480 702 3534 qua:
729 3462 977 3516 videntur
1001 3477 1014 3512 :
1039 3457 1178 3528 quod
1201 3456 1343 3512 enim
1373 3453 1516 3508 videt
1544 3453 1684 3522 quis,
1715 3451 1873 3520 plane

259 3577 378 3616 non
411 3566 588 3627 sperat
617 3555 799 3626 (llebr.
831 3555 920 3609 11.
951 3550 1048 3623 1.).
1081 3549 1136 3605 Si
1177 3548 1334 3618 igitur
1359 3545 1584 3600 credidit
1606 3585 1620 3610 ,
1656 3543 1757 3596 illis
1793 3543 1875 3597 ni-

257 3654 470 3709 mirum
511 3648 740 3704 credidit
771 3661 889 3716 quae
919 3643 1186 3714 sperabat.
1217 3638 1368 3708 Quod
1409 3638 1454 3692 si
1499 3637 1578 3691 eis
1607 3651 1726 3706 quas
1752 3649 1874 3705 spe-

262 3744 428 3798 rabat
474 3739 718 3802 credidit,
749 3751 866 3806 quas
916 3750 1040 3788 vero
1087 3739 1406 3802 Sperantur,
1451 3743 1556 3782 non
1604 3727 1872 3792 videntur,

265 3831 624 3900 consequitur
661 3844 784 3883 eum
829 3841 938 3879 non
985 3823 1254 3889 recepisse
1281 3835 1341 3874 ea
1369 3835 1487 3888 qum
1532 3817 1872 3880 crediderat;

269 3935 558 3997 propterea
589 3917 1004 3986 dicit,Habentes
1033 3915 1260 3970 eumdem
1292 3911 1543 3982 Spiritum
1579 3909 1701 3978 ﬁdei
1731 3925 1750 3962 :
1777 3907 1876 3962 hoc

269 4027 360 4074 est
386 4060 400 4081 ,
431 4015 676 4070 eamdem
708 4012 862 4066 fidem
883 4051 896 4074 ,
928 4025 1046 4078 qua:
1075 4006 1170 4061 fuit
1200 4005 1251 4058 in
1283 4002 1458 4056 Veteri
1487 4001 1828 4055 Testamento
1857 4041 1872 4065 ,

269 4110 442 4165 etiam
470 4121 568 4160 nos
593 4105 874 4159 habemus.
905 4102 1242 4168 Quapropter
1271 4101 1326 4149 et
1351 4092 1474 4147 alibi
1500 4091 1568 4146 de
1593 4091 1710 4159 ejus
1739 4098 1876 4144 tem-

275 4199 432 4270 poris
458 4197 656 4250 sanctis
671 4195 734 4247 ad
760 4195 902 4247 hunc
929 4190 1142 4245 modmn
1175 4187 1409 4256 loquitur
1439 4201 1452 4239 :
1485 4182 1798 4238 Circuierunt
1825 4183 1877 4234 in

277 4287 500 4350 nn'lotis,
533 4287 583 4338 in
605 4285 820 4354 pellibus
847 4280 1087 4352 caprinis,
1119 4285 1336 4348 egentes,
1361 4274 1548 4344 amicti,
1575 4273 1870 4346 angnstiuti,

278 4379 462 4442 quibus
506 4375 688 4447 dignus
727 4391 828 4427 non
867 4381 972 4426 erat
999 4368 1215 4424 mundus
1244 4367 1261 4434 (
1293 4365 1447 4418 Ilcbr.
1479 4365 1564 4418 11.
1594 4363 1682 4416 57.
1719 4361 1828 4432 58)
1863 4378 1876 4414 :

281 4469 482 4526 deinde
529 4469 729 4523 docens
781 4481 874 4522 eos
916 4462 1243 4519 calamitates
1286 4456 1497 4527 quidem
1550 4455 1874 4524 pertulisse,

279 4558 589 4614 mercedem
617 4571 742 4612 vero
765 4553 998 4609 nondum
1025 4549 1311 4619 recepisse.
1340 4544 1519 4601 subdit
1541 4543 1702 4599 verba
1731 4543 1844 4596 hate
1863 4583 1880 4609 ,

263 4650 354 4704 in
383 4649 486 4719 [ide
513 4647 698 4701 mortui
733 4655 848 4701 sunt
889 4658 1060 4696 onum
1108 4640 1160 4693 hi
1185 4681 1197 4698 .
1231 4654 1320 4691 nec
1359 4635 1712 4705 promissione:
1744 4651 1856 4687 rere

287 4749 492 4808 prrnnt,
524 4739 611 4793 sed
640 4755 670 4790 a
715 4739 860 4808 longe
889 4745 1080 4788 tantum
1107 4742 1334 4799 aspectas
1380 4726 1726 4780 salutaverunt
1757 4723 1774 4797 (
1801 4722 1880 4777 lb.

283 4851 338 4888 v.
373 4833 462 4888 59.
493 4841 590 4886 etc.
615 4841 662 4886 et
712 4831 780 4886 15
801 4829 843 4897 ).
879 4827 945 4881 Ει
974 4823 1242 4896 quomodo
1261 4821 1509 4874 viderunt
1537 4833 1648 4884 eas,
1681 4835 1882 4887 quant),

284 4939 412 4993 quae
443 4921 676 4976 uetulum
709 4927 860 4974 erant
891 4913 1215 4986 praesentes?
1243 4909 1393 4966 Fidei
1425 4909 1670 4962 nimirum
1697 4907 1884 4972 oculis,

287 5015 382 5082 qui
410 5012 602 5066 caelum
632 5015 932 5080 penetrant,
957 5015 1009 5060 et
1038 5019 1156 5074 quae
1181 5004 1232 5056 in
1257 5017 1323 5057 eo
1339 5007 1465 5055 sunt
1491 5001 1734 5054 universa
1758 5013 1889 5052 coa-

289 5102 641 5172 templantur.

369 5198 424 5250 9.
454 5193 535 5248 Tu
557 5207 686 5246 vero
706 5189 982 5246 considera
1005 5186 1134 5240 mihi
1154 5185 1244 5238 Dei
1268 5181 1602 5252 sapienti-nn,
1625 5178 1892 5250 quomodo

298 5287 408 5340 illis
435 5285 652 5355 prmutia
679 5298 709 5337 e
731 5281 1018 5352 longinquo
1036 5275 1349 5337 ostenderit,
1368 5289 1485 5341 qua:
1513 5272 1630 5326 ideo
1652 5271 1764 5324 suis
1792 5285 1896 5322 non

295 5381 482 5434 statim
506 5377 672 5444 dedit,
704 5391 809 5446 quo
837 5372 1006 5442 major
1028 5377 1168 5425 essttt
1197 5381 1380 5422 eorum
1403 5363 1652 5434 patientia
1679 5381 1692 5417 :
1721 5371 1898 5417 osten-

297 5471 385 5526 dit
425 5477 605 5524 autem
635 5483 668 5522 e
695 5453 983 5535 longinquo
1023 5463 1144 5516 ideo
1191 5468 1272 5524 ut,
1303 5457 1402 5511 hac
1438 5471 1534 5524 spe
1573 5453 1754 5508 refecti
1787 5493 1800 5518 ,
1833 5468 1900 5505 ne

299 5575 525 5617 sensum
552 5558 765 5630 quidem
797 5553 1134 5626 prtesentium
1161 5551 1402 5605 laborum
1431 5545 1744 5615 percipiant.

383 5655 544 5708 Aliter
567 5668 680 5705 cum
707 5651 856 5720 vulgo
877 5659 922 5701 et
943 5648 1090 5700 aliter
1119 5661 1230 5697 cum
1254 5641 1402 5712 iustis
1429 5650 1472 5692 et
1501 5637 1690 5690 sanctis
1717 5651 1768 5688 sc
1789 5651 1900 5704 ges-

311 5745 380 5800 sit
411 5744 564 5798 Deus.
599 5741 794 5797 -—Sed
835 5740 1009 5794 forsan
1050 5736 1236 5806 aliquis
1263 5750 1326 5787 ex
1374 5731 1454 5785 his
1486 5729 1572 5800 qui
1613 5729 1788 5783 aerius
1817 5739 1895 5780 at-

875 319 960 374 or:
1004 313 1248 373 VERBIS
1286 309 1634 374 arosrou,
1681 303 2040 362 llABENTES
2082 307 2368 364 nouom
2411 309 2752 366 smnn‘uu.
2796 311 2880 366 ιιι.

3417 327 3522 382 9.98

1955 426 2196 494 tendunt,
2230 428 2370 484 inter
2397 443 2454 483 sc
2487 430 2768 500 pugnantia
2801 445 2896 484 nos
2923 427 3102 486 dicere
3129 434 3349 501 putabit.
3387 435 3534 490 Dicet

1951 520 2092 573 enim
2123 537 2136 572 :
2167 519 2220 574 Si
2253 537 2425 589 neque
2466 524 2654 591 priscis
2693 523 2796 576 illis
2820 523 2996 577 statim
3025 524 3201 578 oblata
3228 535 3350 580 sum
3395 526 3531 582 bona

1951 621 2003 665 et
2034 613 2268 680 prmmia,
2300 613 2422 682 quid
2451 614 2521 666 ita
2546 615 2756 684 longum
2787 615 3011 670 habuisti
3044 631 3371 684 sermonem,
3401 636 3532 672 cnu-

1954 703 2207 756 merando
2224 705 2344 758 anni
2369 706 2595 772 partium
2623 707 2953 773 temperiem.
2973 706 3213 775 corporis
3229 708 3533 772 sanitatem,

1954 794 2240 850 liberorum
2269 796 2559 850 bonitatem
2590 811 2651 850 ac
2679 797 2910 866 copiam,
2941 813 3168 852 annona!
3196 798 3499 854 facilitatem
3521 844 3534 862 ,

1957 885 2218 939 fructuum
2247 885 2660 953 abundantiam,
2701 897 2962 951 armenta,
2993 901 3211 957 greges,
3245 897 3300 943 et
3327 907 3542 943 munem

1957 975 2165 1030 vivendi
2205 975 2556 1031 felicitatem?
2585 977 2719 1043 Quid
2768 979 2923 1048 igitur
2953 979 3016 1031 ad
3050 979 3150 1034 hoc
3187 991 3268 1034 est
3316 997 3537 1052 respon-

1956 1068 2188 1123 dendum
2212 1069 2236 1123 ?
2260 1070 2428 1124 Aliter
2465 1087 2584 1124 cum
2635 1069 2790 1139 vulgo
2840 1080 2892 1124 et
2923 1071 3269 1128 imbecilliore
3299 1075 3494 1144 populo
3523 1117 3554 1140 ,.

1955 1161 2109 1214 aliter
2127 1177 2246 1215 cum
2267 1166 2541 1232 generosis
2564 1162 2889 1228 hominibus,
2921 1173 2972 1217 et
2994 1179 3134 1228 eain,
3163 1181 3280 1234 ‹ιιι.ιτ
3308 1177 3386 1220 est
3412 1166 3542 1222 Novi

1957 1251 2280 1308 Testameuti
2305 1296 2321 1320 ,
2357 1254 2744 1323 philosophiam
2767 1256 2875 1325 jam
2905 1265 3013 1308 tum
3043 1256 3420 1314 meditantibus
3441 1302 3455 1322 ,
3489 1276 3546 1314 se

1957 1346 2186 1413 gessisse
2237 1346 2398 1399 Deum
2440 1345 2532 1400 illo
2583 1357 2842 1414 tempore.
2877 1347 3194 1402 Multitudini
3240 1351 3380 1404 enim
3430 1368 3549 1420 qua:

1959 1434 2104 1488 humi
2147 1436 2364 1504 repebal
2389 1479 2401 1499 ,
2433 1449 2532 1490 nec
2561 1451 2804 1504 magnum
2836 1437 3030 1506 aliquid
3077 1439 3256 1493 videre
3299 1452 3498 1510 poterat
3532 1487 3545 1508 ,

1961 1541 2131 1594 neque
2163 1541 2308 1592 Spem
2349 1542 2496 1578 suam
2535 1527 2598 1579 ad
2630 1527 2921 1581 futurorum
2955 1529 3213 1584 honorum
3247 1533 3548 1588 frnitiouent

1960 1618 2285 1682 extendere,
2331 1622 2610 1689 pratscntia
2644 1621 2778 1674 bona
2824 1622 3098 1690 exhibuit,
3143 1625 3550 1680 imbecillitatem

1961 1710 2152 1763 animus
2197 1725 2380 1764 eorum
2432 1711 2794 1776 consolando,
2849 1721 2899 1766 et
2930 1729 3024 1783 per
3051 1713 3150 1770 hoc
3193 1715 3257 1769 ad
3305 1717 3552 1772 virtutem

1963 1802 2315 1855 exercendam
2347 1801 2492 1870 ipsos
2521 1801 2866 1870 deducendo,
2899 1813 3057 1874 atque
3083 1807 3147 1860 ad
3181 1823 3353 1862 rerum
3388 1810 3554 1866 hone-

1963 1905 2162 1946 starum
2187 1893 2508 1950 desiderium
2541 1911 2554 1956 ;
2587 1895 2752 1948 Ellam
2782 1907 2957 1950 autem
2988 1908 3038 1950 et
3065 1898 3310 1954 Elisatum
3334 1911 3382 1955 et
3406 1902 3556 1958 .lerc-

1965 1986 2124 2038 miam
2154 1995 2202 2040 et
2235 1986 2477 2039 llesaiam
2509 1995 2562 2038 et
2594 1987 2642 2038 in
2676 2002 2887 2040 summa
2921 1989 3199 2044 universos
3229 1993 3516 2061 prophetas
3540 2037 3553 2056 ,

1965 2085 2018 2130 et
2061 2084 2321 2144 quotquot
2371 2077 2435 2128 ad
2482 2091 2791 2145 magnarum
2835 2089 2888 2131 et
2931 2089 3235 2134 sanctorum
3287 2083 3558 2137 hominum

1972 2166 2192 2219 chorum
2220 2167 2572 2234 pertinebant,
2603 2167 2666 2220 ad
2697 2183 2760 2221 et
2779 2169 2856 2223 los
2879 2169 3122 2237 vocabat,
3151 2171 3214 2225 ad
3237 2188 3404 2241 eaque
3427 2175 3560 2230 bona

1967 2273 2086 2326 qua:
2126 2257 2310 2312 electis
2343 2267 2466 2310 sunt
2510 2258 2616 2311 illic
2645 2271 2960 2328 przeparata.
2997 2261 3355 2328 Quamobrem
3401 2267 3558 2318 etiam

1969 2349 2161 2403 Paulus
2209 2367 2312 2404 non
2347 2366 2532 2404 onmes
2581 2352 2736 2404 simul
2787 2355 3154 2420 enumeravit,
3207 2357 3300 2411 sed
3340 2359 3564 2414 amictos

1969 2441 2138 2493 ovillis
2164 2455 2226 2494 ac
2249 2439 2479 2509 caprinis
2508 2441 2730 2508 pellibus
2753 2483 2768 2508 ,
2833 2443 2883 2496 in
2915 2441 3188 2500 fornacem
3237 2447 3512 2516 conjectos
3537 2491 3551 2511 ,

1971 2531 2192 2584 vinculis
2223 2532 2538 2584 constrictos
2561 2573 2573 2594 ,
2609 2530 2867 2588 distentos
2890 2574 2903 2597 ,
2929 2535 3072 2588 saxis
3101 2533 3359 2604 lapidatus
3381 2579 3395 2601 ,
3431 2537 3568 2591 fame

1971 2630 2024 2675 et
2069 2622 2242 2691 inopia
2277 2623 2578 2678 laborantes
2605 2665 2617 2687 ,
2663 2622 2716 2676 in
2765 2624 3140 2680 solitudinibus
3163 2667 3178 2690 ,
3220 2627 3488 2697 speluncis
3515 2639 3570 2682 et

1970 2727 2048 2764 ca'
2067 2714 2212 2766 ernis
2231 2721 2383 2767 terra!
2409 2715 2682 2785 degentes,
2706 2716 3088 2786 innumerath
3131 2719 3268 2771 mala
3300 2720 3568 2775 sustinen—

1974 2810 2073 2854 tes.
2104 2803 2172 2855 At
2203 2812 2310 2855 tum
2344 2805 2556 2858 demum
2588 2807 2721 2860 dixit
2752 2823 2938 2862 omnes
2971 2807 3067 2862 hos
3091 2809 3140 2862 in
3170 2823 3264 2877 spe
3297 2822 3568 2877 mortuos,

1977 2908 2074 2946 nec
2105 2895 2276 2948 adhuc
2311 2899 2718 2963 promissionem
2763 2901 3028 2968 recepisse
3057 2919 3068 2952 :
3099 2901 3439 2956 Subindieans
3471 2917 3564 2957 no-

1976 2983 2056 3037 bis
2085 3000 2188 3037 non
2217 2985 2402 3055 vulgus
2428 2986 2726 3052 Iudaicum,
2755 2989 2848 3042 sed
2880 2989 3123 3043 homines
3149 2991 3214 3043 ad
3249 2991 3378 3044 Elia:
3419 2993 3568 3047 simt-

1975 3073 2250 3128 litndinem
2295 3077 2630 3131 accedentes.
2663 3077 2812 3145 Quod
2859 3079 2901 3132 si
2930 3081 3048 3149 quis
3079 3081 3221 3134 dicat
3251 3100 3262 3133 :
3298 3082 3358 3136 lli
3389 3092 3568 3138 autem

1978 3165 2074 3235 ipsi
2099 3167 2442 3236 quamobrem
2477 3185 2544 3222 ne
2571 3183 2711 3222 nunc
2739 3170 2952 3238 quidem
2983 3171 3188 3225 debitas
3213 3173 3312 3226 sibi
3346 3187 3572 3228 coronas

1977 3260 2380 3325 perceperunt?
2421 3273 2634 3313 causam
2664 3259 2820 3328 huius
2851 3261 2926 3315 rei
2958 3261 3128 3317 discat
3153 3279 3178 3314 τι
3215 3263 3394 3319 Paulo.
3429 3265 3560 3318 Cum

1977 3350 2118 3414 enim
2152 3351 2371 3403 dixisset
2402 3369 2413 3403 :
2449 3349 2578 3404 Fide
2605 3361 2722 3404 sunt
2749 3354 2932 3406 mortui
2953 3369 3124 3406 omnes
3151 3356 3202 3406 lii
3230 3371 3327 3407 non
3356 3357 3572 3424 (receptis

1980 3439 2407 3508 promissionibus,
2437 3441 2724 3509 subiunxit,
2757 3440 2865 3494 Deo
2890 3459 2982 3511 pro
3012 3443 3154 3496 nobis
3178 3446 3354 3497 melius
3381 3446 3574 3515 aliquid

1980 3531 2286 3600 providente,
2309 3541 2361 3582 ut
2389 3547 2488 3584 non
2509 3532 2616 3584 sine
2636 3533 2776 3584 trabis
2793 3533 3456 3602 consummarentm-(Hebr.
3487 3537 3571 3590 11.

1983 3623 2070 3676 15.
2103 3623 2174 3676 40
2196 3621 2234 3693 ).
2267 3623 2576 3676 Connnunis
2607 3623 2749 3676 enim
2777 3635 2852 3677 est
2882 3624 3164 3679 celebritas
3196 3625 3309 3681 lucc
3333 3667 3346 3692 ,
3383 3627 3572 3696 inquit,

1981 3714 2406 3784 quandoquidem
2435 3713 2606 3784 mai-nr
2635 3717 2795 3769 etiam
2827 3723 2909 3768 est
2937 3717 3204 3785 voluptas,
3237 3719 3360 3772 dum
3391 3735 3576 3774 omnes

1984 3805 2168 3858 eadem
2213 3819 2371 3874 Opera
2415 3820 2754 3859 coronamur.
2805 3806 2946 3860 Idem
2979 3808 3036 3861 lit
3079 3821 3130 3861 et
3175 3809 3225 3862 in
3254 3807 3578 3881 Olympiacis

1982 3899 2360 3952 certaminibus
2389 3917 2400 3951 :
2433 3898 2692 3963 luctator,
2727 3899 2900 3968 pugil.
2936 3899 3285 3967 pancratiasta
3305 3941 3322 3967 ,
3353 3901 3578 3956 dvetsis

1982 3990 2193 4059 quidem
2227 3988 2554 4056 temporibus
2583 3999 2850 4043 certamen
2883 3989 3112 4044 subeunt
3140 4032 3153 4054 ,
3184 3990 3274 4044 sed
3307 4006 3414 4045 uno
3441 4001 3574 4046 tem-

1983 4081 2130 4150 poris
2177 4089 2452 4134 momento
2477 4095 2665 4134 omnes
2704 4095 2733 4134 a
2779 4096 3024 4149 [ir-meone
3071 4083 3298 4136 victores
3340 4099 3578 4154 pronun-

1989 4171 2204 4224 tiantur.
2237 4169 2378 4223 idem
2409 4171 2465 4224 fit
2494 4179 2546 4224 et
2571 4169 2622 4223 in
2655 4171 2933 4224 conviviis.
2974 4169 3190 4236 Qunt'e.
3218 4173 3358 4226 enim
3385 4174 3572 4228 convi-

1987 4275 2172 4314 varum
2198 4260 2286 4314 alii
2314 4270 2575 4314 venerunt
2604 4259 2862 4314 maturius
2881 4302 2894 4323 ,
2923 4261 3012 4314 alii
3040 4260 3213 4316 adlmc
3235 4270 3572 4331 cunctantur,

1987 4351 2356 4405 convivatores
2385 4350 2438 4403 in
2466 4350 2720 4404 honorem
2748 4351 3044 4405 absentium
3067 4352 3254 4418 jubent
3285 4363 3576 4422 prmsentes

1974 4444 2260 4515 'paulisper
2304 4458 2522 4495 manere
2550 4482 2564 4506 ,
2606 4441 2778 4496 donec
2809 4443 2880 4496 illi
2909 4459 3122 4511 quoque
3162 4443 3396 4497 veniant.
3428 4443 3574 4498 Idem

1989 4535 2150 4590 etiam
2177 4535 2312 4586 Deus
2341 4533 2456 4586 fecit
2495 4549 2507 4583 :
2537 4533 2784 4602 quon'am
2814 4532 2953 4584 enim
2977 4547 3041 4585 ex
3072 4541 3184 4584 toto
3205 4531 3334 4586 orbe
3354 4531 3580 4588 diversis

1993 4623 2319 4692 temporibus
2357 4621 2557 4674 electos
2587 4621 2651 4674 ad
2684 4635 2966 4674 commune
3006 4629 3061 4674 et
3089 4617 3363 4688 spiritualc
3390 4621 3574 4676 convi-

1995 4717 2134 4768 vium
2153 4713 2404 4775 invitavit,
2427 4713 2574 4781 jubet
2593 4726 2686 4765 eos
2702 4711 2786 4779 qui
2806 4711 3010 4779 priores
3031 4712 3252 4774 in'l‘lll’ll,
3268 4723 3578 4782 exspectare

1997 4821 2090 4860 eos
2115 4805 2202 4874 qui
2237 4803 2558 4872 posteriores
2583 4811 2706 4856 sunt
2733 4801 2938 4856 venturi
2951 4807 2970 4865 ',
3003 4809 3062 4855 ut
3103 4801 3204 4855 hoc
3233 4811 3384 4870 pacto
3410 4803 3584 4855 omni-

1997 4897 2096 4953 bus
2122 4912 2223 4952 una
2265 4895 2636 4965 prresentibus,
2674 4909 2814 4949 unus
2839 4893 3086 4947 omnibus
3115 4895 3384 4964 contingat
3413 4895 3587 4948 bonru-

1998 4997 2052 5042 et
2081 5002 2184 5042 una
2211 4986 2470 5055 Voluptas.

2075 5081 2158 5135 10.
2183 5078 2368 5148 Cogita
2388 5078 2528 5132 enim
2551 5087 2746 5146 quanta
2765 5075 2832 5128 sit
2853 5073 3072 5128 honoris
3091 5074 3346 5139 accessio,
3367 5075 3588 5129 Paulum

2003 5182 2057 5228 et
2085 5171 2166 5225 sui
2197 5169 2450 5238 temporis
2470 5167 2732 5233 homines,
2761 5167 3116 5220 Abrahamum
3141 5167 3266 5221 item
3291 5177 3448 5234 atque
3473 5167 3590 5234 ejus

2005 5261 2176 5315 mtatis
2207 5262 2389 5326 viros,
2433 5274 2498 5312 ac
2535 5273 2744 5312 rursum
2774 5257 2908 5310 alios
2953 5254 3042 5324 qui
3086 5264 3162 5308 tot
3207 5255 3420 5310 satcnlis
3465 5263 3588 5308 ante

2007 5356 2152 5409 illum
2181 5359 2514 5408 certaverunt
2541 5359 2590 5406 et
2615 5351 2872 5414 vicerunt,
2903 5347 3090 5403 sedere
3112 5361 3252 5400 nunc
3275 5355 3591 5415 exstiectan-

2011 5457 2090 5501 tes
2109 5447 2278 5501 donec
2297 5459 2394 5499 nos
2413 5451 2621 5520 quoque
2641 5441 2848 5520 probati
2867 5441 3054 5496 simus.
3077 5437 3224 5506 Quod
3245 5436 3386 5492 enim
3403 5436 3596 5492 Paulus

2012 5537 2246 5592 nondum
2273 5517 2525 5606 coronam
2569 5515 2828 5601 recepe'rit
2853 5573 2866 5590 .
2903 5543 3075 5598 neque
3101 5543 3286 5583 eorum
3317 5529 3595 5600 quisquam

2013 5631 2102 5701 qui
2133 5623 2362 5697 unquam
2393 5625 2460 5680 ab
2491 5624 2644 5678 initio
2673 5623 2780 5676 Deo
2811 5621 3152 5690 placuerunt,
3198 5619 3304 5673 imo
3335 5635 3403 5674 ne
3444 5634 3598 5674 rece-

2019 5724 2156 5794 pturi
2185 5719 2398 5792 quidem
2431 5719 2539 5772 sint
2579 5717 2748 5771 donec
2779 5727 2968 5770 omnes
3007 5713 3094 5782 qui
3148 5711 3438 5768 eoronandi
3478 5709 3608 5761 sunt
