4060 6260
420 331 528 386 299

420 442 770 500 eonvcnetint
798 481 814 506 ,
861 439 982 492 andi
1017 439 1186 504 ipsmn
1227 431 1447 486 Paulum
1475 429 1739 483 dicentem
1773 444 1785 480 :
1817 423 2012 478 Bonum

424 546 678 589 certamen
719 531 900 586 σενιαυὶ
925 573 942 597 ,
973 544 1172 583 rursum
1197 523 1537 579 consummavi
1555 565 1568 583 .
1599 521 1748 590 ﬁdem
1772 521 1961 573 servavi
1994 535 2014 572 :

426 625 480 678 in
512 627 702 695 reliquo
735 624 953 691 reposita
979 629 1052 674 est
1085 619 1210 670 mihi
1233 631 1419 669 corona
1437 613 1650 684 justitia:
1669 654 1682 678 ,
1727 627 1879 683 quam
1901 611 2013 664 red-

425 721 504 769 det
537 715 658 767 mihi
680 713 1035 785 justttsjndex
1063 709 1154 782 (Ξ.
1197 707 1330 762 Tim.
1363 709 1415 762 4.
1449 707 1501 760 7.
1534 703 1628 776 8
1658 703 1923 769 Quando?
1955 701 2016 755 In

424 807 515 860 illa
543 804 644 867 die,
675 820 776 856 non
806 804 972 855 solum
996 811 1160 852 autem
1188 799 1331 862 mihi,
1363 796 1452 851 sed
1472 807 1519 849 et
1546 794 1775 848 omnibus
1817 793 1904 862 qui
1932 793 2012 846 di-

424 904 590 972 ligunt
613 895 883 948 adventum
919 895 1047 964 ejus.
1079 892 1142 944 Et
1186 905 1396 943 rursum
1426 887 1551 940 alibi
1598 885 1836 938 indicans
1877 883 2014 935 bona

427 989 513 1041 illa
553 987 820 1041 universis
867 985 1024 1038 simul
1065 983 1132 1038 ad
1177 981 1459 1036 fruendum
1494 978 1832 1034 concedenda
1861 991 2016 1041 esse,

423 1077 988 1132 Thessalonicensibus
1021 1075 1100 1129 sic
1138 1073 1322 1128 scribit
1352 1090 1365 1125 :
1395 1071 1657 1138 Siquidem
1694 1070 1890 1140 justum
1947 1077 2019 1122 est

425 1167 564 1237 apud
584 1168 747 1220 Deum
775 1176 828 1219 ut
859 1165 1098 1219 reddatur
1131 1161 1458 1235 aﬂiigentibus
1495 1176 1582 1214 vos
1621 1159 1820 1229 aﬁlirtio
1844 1200 1857 1222 ,
1882 1157 2019 1210 vobis

426 1267 592 1311 autent
609 1258 695 1326 qui
736 1256 1013 1328 aﬂligintiui
1047 1255 1292 1308 relaxatio
1319 1269 1417 1305 una
1441 1250 1692 1304 nobiscum
1721 1249 1792 1320 (2
1846 1247 2016 1300 Thess.

437 1351 480 1402 I.
509 1350 562 1404 6.
593 1349 684 1417 7).
717 1351 794 1403 Ac
825 1362 1036 1403 rursum
1072 1364 1084 1399 :
1116 1345 1369 1413 Quoniam
1410 1359 1502 1396 nos
1527 1341 1611 1411 qui
1655 1342 1895 1404 vivimus,
1929 1339 2015 1409 qui

428 1441 756 1511 relinquimur
780 1441 830 1492 in
853 1440 1121 1492 adventum
1146 1435 1368 1497 Domini,
1398 1450 1499 1487 non
1537 1433 1895 1504 prwveniemus
1937 1447 2021 1484 eos

427 1531 510 1598 qui
556 1531 865 1583 dormierunt
911 1526 1004 1600 (1.
1052 1525 1232 1579 Thess.
1269 1525 1324 1578 4.
1371 1523 1518 1593 14)ι
1553 1539 1646 1591 per
1690 1522 1804 1576 h:l'c
1843 1521 2020 1574 omnia

427 1624 624 1677 docens
655 1629 904 1690 oportere
929 1633 1026 1673 nos
1050 1617 1207 1672 simul
1236 1631 1424 1671 omnes
1451 1623 1502 1669 et
1529 1615 1581 1667 in
1611 1627 1892 1667 commune
1921 1627 2023 1665 cte-

431 1713 576 1766 Iestis
606 1711 820 1765 honoris
848 1709 1242 1780 possessionem
1271 1722 1336 1761 ac
1365 1705 1593 1760 fructum
1615 1705 1878 1773 accipere.
1913 1703 2024 1757 lloc

434 1805 605 1872 ipsum
627 1803 785 1856 etiam
820 1802 923 1854 illis
953 1799 1042 1870 qui
1069 1815 1165 1852 nos
1189 1805 1582 1868 prmcesserunt
1605 1810 1847 1864 magnam
1873 1793 2027 1847 affert

438 1893 783 1961 voluptatem,
814 1891 953 1961 quod
980 1906 1081 1944 ttna
1099 1905 1216 1944 cum
1239 1888 1470 1960 propriis
1491 1886 1744 1940 membris
1764 1887 1870 1940 sint
1895 1885 2026 1938 int-f-

439 1986 684 2039 fabilibus
716 1985 816 2037 illis
844 1984 998 2037 bonis
1015 1981 1341 2054 perfruitnri.
1371 1979 1578 2033 Etenim
1609 1985 1760 2047 paler
1788 1990 2026 2031 mensam

431 2076 632 2130 habens
659 2074 988 2143 splendidam
1013 2087 1075 2125 ac
1100 2073 1374 2141 epiparam
1395 2110 1412 2136 ,
1443 2078 1552 2123 tum
1582 2068 1796 2123 demmn
1826 2067 2030 2137 majore

429 2183 548 2222 cmn
582 2169 848 2236 voluptate
879 2182 940 2220 ea
974 2164 1196 2229 fruetur,
1226 2163 1436 2233 quando
1467 2163 1616 2216 liberi
1643 2173 1766 2217 sunt
1789 2161 1904 2232 ejus
1931 2176 2030 2217 v0-

435 2260 651 2330 luptatis
695 2275 757 2312 ac
806 2259 1089 2312 hilaritatis
1141 2257 1445 2326 participes.
1498 2256 1586 2311 Sic
1629 2255 1787 2310 etiam
1836 2255 2031 2309 Paulus

432 2354 656 2422 ejusque
682 2352 882 2405 similes
912 2352 980 2404 ita
1007 2351 1221 2404 demum
1253 2350 1572 2418 ampliorem
1605 2349 1839 2402 sentient
1862 2347 2026 2400 animi

435 2446 763 2514 voluptatem
791 2485 807 2511 ,
839 2444 1052 2513 quando
1083 2460 1184 2497 una
1224 2458 1346 2498 cum
1386 2443 1613 2512 propriis
1645 2442 1899 2496 membris
1945 2441 2030 2493 illa

432 2537 787 2606 perfruentur.
820 2535 1000 2605 Neque
1027 2536 1169 2590 enim
1203 2535 1437 2603 patribus
1475 2542 1651 2588 tantus
1692 2541 1775 2588 est.
1801 2549 1924 2599 erga
1964 2534 2028 2586 li-

439 2632 595 2682 beros
623 2626 844 2681 alieetus
864 2669 878 2693 ,
909 2637 1160 2696 quantam
1199 2626 1273 2679 illi
1320 2626 1728 2680 sollicitudinem
1753 2633 1943 2694 gerunt
1969 2625 2036 2679 de

433 2720 511 2774 eis
546 2718 636 2789 qtti
673 2717 914 2773 eaunlem
962 2717 1168 2771 virtutis
1193 2718 1331 2770 viam
1358 2723 1483 2770 sunt
1512 2715 1754 2785 ingressi.
1786 2713 1858 2770 Ut
1880 2715 2036 2784 igitur

437 2811 596 2865 etiam
631 2824 727 2862 nos
759 2808 810 2862 in
853 2823 1042 2863 eorum
1073 2807 1160 2876 qui
1207 2816 1330 2860 tunc
1369 2805 1772 2860 honorabttntur
1812 2819 2034 2859 numero

435 2902 635 2967 simus,
667 2899 855 2954 demus
898 2913 1113 2967 operam
1153 2907 1208 2951 ttt
1252 2907 1466 2951 sanctos
1505 2896 1623 2950 illos
1668 2909 2032 2965 assequamur.

437 2995 505 3050 Et
533 2997 799 3066 quomodo
839 2995 1051 3066 assequi
1079 2995 1372 3064 poterimus
1397 3035 1413 3060 ,
1445 2993 1693 3062 inquies?
1718 2993 1839 3062 quis
1883 2991 2037 3046 nobis

436 3089 575 3143 viam
598 3131 611 3152 ,
641 3106 758 3160 qua:
798 3089 863 3143 ad
896 3089 1016 3142 illos
1046 3087 1224 3151 ducit,
1256 3086 1548 3140 indicabit?
1581 3085 1696 3156 Ipse
1729 3094 2034 3139 sanctorum

439 3181 650 3234 illorum
681 3180 954 3243 Dominus,
988 3179 1078 3247 qui
1103 3193 1206 3230 non
1235 3177 1407 3230 solum
1439 3175 1707 3245 quomodo
1737 3175 1854 3228 illos
1880 3190 2033 3228 asse-

438 3285 664 3340 quamur
688 3269 862 3333 docet,
895 3269 1244 3321 verumetiam
1273 3266 1540 3335 quomodo
1569 3267 1777 3318 illorum
1801 3265 2036 3318 omnium

439 3360 846 3416 contubernales
885 3374 947 3414 ac
991 3357 1201 3412 sodales
1247 3358 1357 3411 ﬁeri
1407 3359 1672 3426 possimus
1703 3374 1716 3410 :
1746 3357 1820 3411 ait
1848 3356 1989 3416 enim
2024 3374 2037 3410 :

447 3450 623 3506 Facite
657 3452 797 3505 robis
826 3451 1012 3504 amicos
1057 3451 1119 3502 de
1163 3449 1748 3518 mammonainiquitatis
1777 3491 1792 3515 ,
1830 3458 1886 3502 ut
1924 3465 2040 3502 cum

443 3544 742 3617 defeceritis,
766 3544 1010 3614 recipiant
1035 3557 1120 3595 eos
1147 3543 1196 3594 in
1225 3551 1412 3594 a'terna
1431 3558 1523 3595 sua
1542 3541 1864 3594 tabernacula
1887 3540 2038 3610 (Luc.

448 3628 534 3682 16.
554 3627 630 3696 9).
654 3627 814 3680 Recte
834 3625 984 3687 dixit,
1007 3623 1078 3677 Ai
1085 3635 1243 3678 terna.
1263 3623 1393 3677 Nam
1424 3624 1475 3677 in
1499 3624 1601 3678 hoc
1616 3625 1814 3679 sazculo
1834 3625 2040 3679 etiamsi

447 3717 779 3789 splendidam
809 3716 1024 3771 domum
1058 3715 1270 3779 habeas,
1306 3716 1527 3770 omnino
1555 3724 1818 3770 vetustate
1845 3725 1925 3770 est.
1954 3731 2042 3785 pe-

444 3812 610 3868 ritura
641 3829 655 3864 :
685 3812 791 3864 imo
838 3810 988 3880 prius
1041 3824 1199 3878 quam
1250 3808 1336 3862 illa
1384 3817 1609 3878 pereat,
1644 3823 1789 3863 mors
1832 3807 2044 3862 irruens

447 3906 628 3975 ejiciet
658 3911 708 3958 te
740 3919 803 3957 ex
836 3901 1115 3973 magniﬁco
1158 3901 1263 3954 isto
1289 3901 1558 3956 domicilio
1590 3919 1602 3954 :
1635 3918 1738 3954 non
1771 3917 1893 3956 raro
1929 3903 2045 3969 qui-

447 3997 572 4052 dem
594 3996 674 4050 Vel
706 4005 828 4050 ante
853 3995 1055 4049 obitum
1080 3991 1304 4047 infausta
1334 3994 1574 4063 negotia,
1603 3993 2043 4048 calumniatorum

453 4091 683 4160 impetus
708 4105 770 4143 ac
801 4089 1004 4142 insidia:
1030 4088 1232 4142 faciunt
1257 4128 1272 4152 ,
1303 4097 1360 4141 ut
1385 4086 1505 4140 inde
1537 4086 1786 4154 ejiciaris.
1815 4088 1925 4140 lllic
1955 4103 2046 4140 att-

454 4189 560 4234 tem
593 4195 697 4232 non
722 4188 800 4231 est
833 4178 972 4247 quod
1021 4179 1124 4231 tale
1168 4177 1453 4245 quidquam
1481 4178 1714 4230 verearis
1748 4195 1760 4230 :
1795 4193 1900 4231 non
1928 4193 2046 4232 cor-

455 4271 759 4340 ruptionem
789 4311 801 4331 ,
833 4285 934 4323 non
965 4277 1210 4332 mortem,
1247 4284 1349 4321 non
1381 4270 1625 4334 ruinam,
1660 4285 1762 4322 non
1793 4269 2044 4324 damnum

451 4378 478 4414 a
497 4361 986 4428 calumniatoribus,
1012 4378 1116 4415 inn
1129 4361 1268 4415 aliud
1286 4361 1591 4431 quidquam;
1613 4362 1703 4416 sed
1725 4361 2051 4417 itnmmobile

454 4464 506 4508 et
548 4454 845 4508 immortale
895 4463 977 4508 est
1015 4454 1365 4510 domicilium.
1408 4454 1744 4524 Quapropter
1787 4465 2049 4510 aeternum

453 4544 579 4599 illud
609 4544 909 4614 appellavit.
943 4543 1116 4599 Facite
1145 4545 1279 4599 vobis
1299 4547 1490 4599 amicos
1520 4587 1534 4612 ,
1565 4546 1735 4615 inquit
1760 4587 1773 4611 ,
1810 4547 1871 4599 de
1893 4559 2051 4600 utant-

453 4652 604 4689 mona
627 4635 926 4706 iniquitatis.

534 4728 621 4781 11.
656 4725 986 4798 Eleemosyna
1011 4744 1072 4783 ea:
1098 4728 1276 4794 rapina
1305 4728 1446 4795 datu,
1471 4745 1570 4782 non
1597 4737 1670 4783 est
1714 4729 2046 4801 eleemosyna.

465 4819 814 4891 Elcemosyna:
839 4819 1035 4874 laudes.
1077 4819 1180 4875 Cur
1210 4837 1298 4890 pro
1322 4821 1512 4890 foribus
1538 4820 1838 4891 templorum
1861 4839 2052 4893 paupe-

461 4929 544 4966 res
569 4928 586 4976 ;
613 4915 778 4982 fontes
822 4918 936 4964 ante
978 4913 1218 4966 oratoria.
1254 4941 1322 4954 -ο
1352 4911 1482 4966 Vide
1509 4919 1703 4980 quanta
1748 4913 1816 4966 sit
1844 4913 2050 4968 Domini

470 5003 790 5072 benignitas,
822 5012 1021 5071 quanta
1065 5003 1272 5057 bonitas
1315 5019 1376 5058 ac
1407 5005 1666 5073 aequitas;
1701 5019 1872 5074 neque
1909 5006 2050 5059 enim

473 5104 673 5147 temere
694 5092 795 5146 hoc
821 5092 1060 5161 adjnnxit
1085 5109 1096 5144 :
1126 5093 1217 5148 sed
1246 5093 1491 5163 quoniam
1517 5093 1753 5165 plerique
1783 5095 1970 5149 divites
1987 5113 2050 5151 ex

469 5183 672 5252 rapinis
698 5198 760 5236 ac
791 5183 976 5238 fraude
1017 5183 1228 5237 divitias
1254 5183 1354 5238 sibi
1385 5195 1846 5253 comparaverunt,
1897 5186 2049 5251 Male,

464 5274 656 5343 inquit,
687 5275 904 5337 iactent,
933 5289 1034 5329 nec
1058 5273 1340 5343 oportebat
1379 5284 1429 5328 te
1457 5274 1522 5327 ita
1553 5276 1803 5344 pecunias
1832 5275 2048 5346 collige-

464 5382 556 5429 re;
583 5377 952 5422 verumtamen
978 5365 1403 5435 quandoquidem
1422 5366 1530 5433 jam
1554 5367 1833 5436 Colit-gisti,
1855 5367 1901 5420 dt
1923 5368 2052 5422 siStc

467 5473 494 5508 a
524 5460 706 5526 rapina
751 5471 805 5512 et
847 5458 1050 5519 fraude.
1083 5469 1135 5512 et
1180 5465 1333 5512 utere
1378 5459 1596 5525 pecunia
1638 5459 1702 5511 ad
1749 5474 1830 5518 ea,
1864 5459 2056 5528 quibus

467 5562 598 5614 opus
642 5549 824 5603 habes.
856 5548 969 5603 Non
998 5549 1166 5618 jubeo
1209 5560 1258 5602 te
1300 5539 1418 5603 csse
1461 5565 1522 5603 ex
1565 5559 1718 5619 rapto
1757 5551 2056 5605 misericor-

470 5637 614 5702 dem,
660 5640 750 5693 sed
780 5655 809 5692 a
840 5639 1020 5693 fraude.
1054 5649 1458 5708 temperantem,
1491 5639 1687 5693 divitiis
1717 5640 1780 5694 ad
1814 5640 2055 5710 benigni-

467 5724 1115 5797 tatemeteleemosynatn
1134 5731 1234 5785 uti.
1259 5731 1366 5785 Nisi
1395 5731 1534 5786 enim
1555 5745 1584 5784 a
1603 5733 1784 5800 rapina
1807 5731 2052 5797 desistas,

1094 323 1150 374 S.
1193 313 1470 373 JOANNIS
1509 306 1980 367 CllllYSOSTOMl
2023 303 2339 361 ARClllEP.
2382 300 2915 360 CONSTANTINOI‘.

3599 319 3670 376 39
3694 326 3713 364 1.

2125 441 2190 480 ne
2220 426 2560 496 eleemosyna
2593 424 2805 494 quidem
2836 425 2937 479 erit
2973 444 2983 478 :
3017 425 3112 480 sed
3155 428 3360 484 etiamsi
3406 435 3710 488 innumeras

2121 519 2371 588 pecunias
2400 517 2497 572 des
2527 519 2577 570 in
2607 534 2792 572 manus
2817 533 3129 588 egenorum,
3159 538 3188 576 a
3237 520 3423 578 fraude
3448 534 3502 579 et
3528 529 3711 595 rapina

2123 611 2333 664 interim
2363 625 2465 663 non
2493 610 2786 675 abstinens,
2815 612 2864 663 iu
2890 609 3272 666 homicidarum
3298 627 3522 670 munero
3549 625 3581 669 α
3602 616 3714 670 Deo

2121 701 2536 772 computaberis.
2560 702 2893 770 Quapropter
2917 711 3130 772 Oportet
3153 719 3182 757 a
3219 703 3405 759 fraude
3429 706 3712 768 absistere.

2122 808 2185 847 ac
2213 803 2323 846 tum
2353 793 2568 848 demum
2616 794 2666 845 in
2699 807 2896 862 egenos
2925 794 3320 850 misericordem
3353 811 3492 851 esse.
3525 797 3713 868 Magna

2124 886 2264 940 enim
2293 894 2374 939 est
2400 885 2756 955 el‘cetnosynaa
2777 886 2874 947 vis,
2898 886 2963 940 de
2993 902 3095 956 qua
3125 887 3284 942 etiam
3316 889 3367 943 in
3391 889 3566 959 priore
3586 906 3718 945 con-

2125 985 2286 1029 ventu
2314 975 2453 1043 apud
2499 991 2592 1030 vos
2638 976 3008 1040 disseruimus,
3040 993 3101 1031 ac
3133 995 3273 1033 nunc
3302 997 3513 1052 quoque
3538 981 3719 1036 disse-

2125 1080 2324 1118 remus.
2371 1065 2474 1120 Sed
2521 1081 2680 1120 nemo
2727 1079 2958 1121 vesmnn
3006 1069 3073 1120 ita
3119 1071 3335 1138 cogitet,
3369 1071 3503 1126 hanc
3528 1073 3724 1126 admo-

2129 1157 2288 1209 nendi
2315 1157 2677 1212 assiduitatem
2707 1159 2771 1212 ad
2813 1158 3112 1211 auditorum
3158 1161 3377 1216 tendere
3417 1164 3719 1218 accusatio-

2129 1264 2273 1302 nem.
2324 1247 2454 1301 Nam
2521 1257 2573 1302 et
2626 1250 2678 1302 in
2732 1249 3112 1304 certaminibus
3163 1251 3233 1304 illi
3305 1254 3636 1322 potissimum
3686 1269 3722 1312 a

2127 1341 2518 1410 Spectatoribus
2565 1342 2880 1403 excitantur,
2909 1342 2998 1409 qui
3029 1342 3094 1396 ad
3127 1354 3320 1398 metam
3373 1346 3588 1415 propius
3628 1359 3723 1401 aea

2128 1432 2345 1494 cedunt,
2378 1442 2431 1485 ct
2457 1433 2737 1487 certiorem
2772 1433 3006 1486 victorite
3034 1449 3182 1503 spem
3224 1435 3421 1491 habere
3452 1438 3718 1492 videntur.

2131 1523 2272 1592 Ergo
2301 1522 2423 1592 quia
2453 1538 2642 1592 magna
2672 1524 2943 1578 alacritate
2967 1525 3120 1579 video
3146 1541 3241 1580 vos
3270 1525 3338 1581 de
3378 1527 3722 1601 eleemosyna

2130 1628 2432 1668 sermonem
2465 1614 2740 1682 excipere,
2770 1630 2836 1668 eo
2864 1616 3031 1684 magis
3061 1615 3189 1670 libet
3215 1617 3367 1670 istatn
3392 1617 3726 1674 exhortatio-

2132 1721 2252 1759 nem
2297 1707 2630 1761 continuare.
2679 1705 2864 1760 Medici
2906 1708 3202 1762 animarum
3253 1721 3550 1764 nostrarum
3594 1722 3728 1766 sunt

2133 1813 2413 1867 pauperes,
2460 1797 2828 1852 bcnel‘actores
2866 1809 2919 1852 et
2957 1809 3290 1868 protectores
3322 1819 3333 1853 :
3369 1817 3539 1872 neque
3578 1805 3726 1858 enim

2134 1900 2338 1944 tantmn
2379 1890 2494 1957 das,
2520 1900 2774 1960 quantum
2819 1889 3054 1960 accipis;
3085 1892 3181 1946 das
3213 1895 3507 1962 pecuniam,
3538 1905 3591 1949 et
3631 1911 3731 1950 ac.

2133 1981 2267 2050 cipis
2315 1996 2535 2050 regnum
2577 1981 2827 2034 carlorum
2859 1997 2872 2044 ;
2905 1982 3152 2036 sublevas
3196 1994 3505 2052 egestatem,
3544 1995 3596 2039 et
3643 1999 3734 2040 res

2133 2070 2391 2124 concilias
2423 2071 2516 2124 tibi
2564 2070 2866 2124 Dominum.
2896 2071 3058 2125 Vides
3100 2073 3355 2140 itnparcm
3401 2090 3519 2128 (sse
3563 2077 3725 2129 retri-

2134 2163 2452 2217 butionem?
2499 2162 2623 2216 llaec
2673 2173 2797 2216 sunt
2847 2173 3096 2226 terrena,
3142 2165 3228 2219 illa
3286 2166 3554 2230 cmlestia;
3609 2165 3734 2222 hzcc

2137 2255 2395 2324 peritura,
2446 2254 2532 2308 illa
2583 2255 2981 2322 permanentia;
3014 2255 3126 2309 haec
3171 2269 3599 2326 corrumpuntur,
3636 2258 3734 2313 illa

2137 2355 2262 2400 sunt
2291 2355 2440 2400 extra
2469 2347 2826 2414 corruptionis
2858 2346 3166 2414 periculum.
3195 2347 3306 2402 Hac
3334 2348 3399 2403 de
3426 2365 3577 2403 causa
3610 2365 3736 2403 ma-

2132 2437 2279 2506 jores
2309 2437 2476 2490 nostri
2510 2451 2604 2505 pro
2635 2436 2836 2490 foribus
2865 2437 3210 2492 ecclesiarum
3243 2455 3499 2509 pauperes
3523 2443 3740 2495 consti-

2140 2537 2353 2584 tuerunt
2385 2570 2399 2596 ,
2455 2538 2512 2582 nt
2557 2528 2637 2582 vel
2687 2528 3186 2584 inhumanissimum
3247 2542 3300 2585 et
3355 2533 3740 2603 segnissimum

2139 2635 2406 2688 quemque
2455 2629 2702 2688 aspectus
2735 2621 2847 2688 ipse
2888 2635 3180 2690 egenorum
3225 2622 3290 2676 ad
3334 2623 3741 2697 eleetnosynam

2141 2713 2354 2766 excitet.
2390 2713 2488 2767 Ubi
2535 2714 2678 2767 enim
2726 2722 2830 2766 stat
2879 2713 3077 2768 chorus
3121 2730 3306 2768 senum
3350 2717 3686 2771 incurvet-um
3718 2752 3741 2783 ,~

2145 2819 2536 2872 pannosorum,
2585 2803 2986 2874 stualidorum,
3039 2806 3466 2872 sordidatorum,
3515 2809 3746 2863 beenlos

2145 2901 2461 2963 tenentium,
2510 2909 2668 2966 atque
2713 2896 2794 2950 his
2833 2913 2975 2966 εῖδει-ο
3019 2913 3076 2952 se
3124 2901 3553 2966 sustentantium,
3605 2918 3748 2956 non-

2144 3007 2432 3061 numquam
2479 2990 2646 3045 oculis
2694 2990 3024 3056 orhatorum,
3081 3000 3296 3060 totoque
3330 3007 3550 3061 corpore
3593 2995 3750 3048 male

2147 3083 2546 3148 mulctatorum,
2575 3083 2692 3151 quis
2727 3091 2832 3135 tant
2856 3096 3048 3136 saxeus
3071 3091 3170 3148 est,
3201 3083 3319 3152 quis
3346 3092 3449 3136 tam
3479 3084 3749 3137 adaman-

2148 3175 2310 3240 tinus,
2343 3174 2436 3243 qui
2476 3174 2542 3227 ad
2575 3188 2759 3227 eorum
2803 3172 3261 3242 grantkevitatcm,
3295 3173 3746 3240 imbecillitatem,

2143 3267 2459 3330 cmcitatcm,
2492 3275 2809 3334 egestatem,
2863 3263 3073 3319 habitus
3117 3264 3396 3330 vilitatem,
3425 3274 3605 3334 totque
3630 3265 3748 3320 alia

2145 3357 2208 3410 ad
2243 3355 2634 3412 eondolendum
2679 3355 2965 3419 moventia,
2996 3355 3265 3411 obdurare
3305 3371 3363 3412 se
3389 3368 3441 3412 et
3471 3356 3746 3411 inﬂexibi-

2149 3448 2215 3502 lis
2241 3456 2404 3518 queat
2444 3445 2802 3517 permanere?
2830 3446 2942 3502 Hac
2981 3446 3048 3500 de
3078 3462 3237 3501 causa
3265 3463 3358 3517 pro
3406 3447 3607 3502 foribus
3633 3464 3706 3502 no
3735 3476 3750 3486 ο

2147 3543 2271 3594 stris
2299 3550 2462 3604 stant,
2505 3547 2560 3594 ct
2585 3539 2702 3608 ipso
2730 3547 2970 3609 aspectu,
3001 3541 3168 3609 magis
3213 3556 3370 3610 quatn
3401 3541 3519 3595 ullis
3560 3541 3749 3596 verbis

2149 3643 2390 3702 possunt,
2423 3630 2488 3684 ad
2534 3630 2936 3685 beneﬁcentiam
2976 3640 3267 3699 provocant
3311 3645 3405 3684 eos
3431 3631 3520 3700 qui
3565 3630 3750 3683 intro-

2150 3724 2485 3793 grediutttur.
2537 3721 2996 3788 Quemadmodum
3063 3723 3205 3776 enim
3267 3724 3508 3776 solemne
3555 3730 3639 3775 est
3683 3732 3753 3776 ut

2151 3817 2324 3872 fontes
2353 3825 2548 3886 ιιι-ωειο
2596 3815 2700 3870 sint
2726 3822 2849 3868 ante
2874 3814 3128 3880 oratoria,
3173 3823 3228 3868 ut
3257 3815 3528 3870 adoraturi
3573 3816 3748 3870 Deum

2152 3923 2340 3964 manus
2387 3909 2534 3980 prius
2582 3908 2718 3962 lotas
2767 3908 2906 3962 inter
2948 3909 3268 3976 precandum
3318 3907 3567 3962 attollant
3611 3927 3625 3962 :
3670 3909 3751 3965 ita

2153 4015 2419 4070 pauperes
2449 3999 2674 4054 fontium
2721 3999 2838 4053 vice
2869 4009 2992 4055 ante
3023 3999 3164 4055 fores
3188 3999 3591 4054 collocaverunt
3631 4015 3717 4053 ma
3737 4033 3749 4040 ο

2150 4093 2297 4158 jores
2325 4091 2514 4153 nostri,
2539 4101 2594 4142 ut
2617 4090 3063 4160 quemadmodum
3093 4107 3278 4145 manus
3299 4090 3567 4144 abluimus
3586 4106 3747 4158 aqua,

2154 4183 2232 4235 sic
2263 4183 2408 4251 prius
2444 4197 2536 4250 per
2567 4181 2968 4236 beneﬁcentiam
3001 4183 3238 4236 abstersa
3283 4182 3481 4247 anima,
3515 4190 3626 4236 tum
3654 4183 3752 4235 de-

2159 4287 2300 4325 mum
2329 4286 2514 4340 preces
2545 4281 2756 4328 nostras
2785 4272 3094 4328 aderamus.

2229 4363 2315 4417 12.
2357 4361 2472 4417 Non
2515 4363 2656 4418 enim
2707 4372 2810 4418 tam
2861 4373 2980 4433 apta
3030 4373 3113 4418 est
3151 4378 3284 4432 aqua
3337 4363 3404 4417 ad
3452 4362 3748 4417 abluendas

2156 4453 2397 4525 corporis
2445 4455 2700 4519 maculas,
2751 4470 2910 4524 quam
2958 4454 3294 4526 eleetnosyna
3336 4454 3403 4508 ad
3456 4453 3750 4509 abolendae

2157 4545 2345 4602 sordes
2370 4544 2580 4599 animae.
2615 4544 3073 4612 Quemadmodum
3106 4545 3265 4612 igitur
3296 4559 3399 4599 non
3431 4545 3598 4598 audes
3629 4543 3748 4597 illo-

2160 4637 2226 4691 tis
2256 4635 2500 4690 manibus
2528 4635 2594 4690 ad
2624 4637 2947 4706 precandum
2971 4637 3188 4697 intrare.
3211 4637 3451 4706 quamvis
3489 4635 3660 4691 levius
3682 4636 3749 4688 sit

2165 4729 2265 4784 hoc
2292 4729 2518 4792 crimen,
2552 4728 2622 4781 ita
2668 4741 2766 4782 nec
2808 4728 3009 4797 absque
3039 4728 3381 4800 eleemosyna
3425 4729 3492 4781 ad
3527 4742 3751 4797 precan-

2158 4822 2284 4876 dum
2315 4836 2566 4891 umquam
2606 4810 2849 4875 accedas.
2897 4820 3055 4888 Atqui
3105 4836 3208 4873 non
3250 4834 3374 4874 raro
3419 4820 3587 4874 etiam
3632 4833 3756 4874 cum

2161 4929 2319 4982 puras
2347 4929 2534 4966 manus
2567 4911 2876 4974 habeamus,
2907 4927 3013 4964 non
3059 4911 3327 4965 tendimus
3359 4909 3426 4964 ad
3456 4910 3626 4964 Deum
3655 4909 3756 4962 nisi

2161 5007 2308 5074 prius
2339 5005 2474 5058 lotas
2505 5021 2516 5057 :
2549 5013 2752 5056 tantum
2786 5003 2924 5057 valet
2949 5001 3298 5058 consuetudo.
3330 5001 3564 5071 ldipsum
3599 5001 3756 5069 igitur

2161 5095 2211 5149 in
2237 5095 2575 5165 eleemosyna
2615 5103 2698 5148 est
2727 5093 3024 5148 faciendum
3049 5111 3064 5159 ;
3095 5103 3147 5148 et
3176 5094 3299 5148 licet
3345 5093 3545 5147 nullius
3575 5092 3756 5161 magni

2161 5185 2360 5254 peccati
2404 5186 2555 5240 nobis
2585 5187 2750 5249 simus
2779 5186 3010 5250 conscii,
3043 5194 3217 5239 tamen
3260 5185 3604 5254 eleemosyna
3632 5183 3754 5238 data

2161 5279 2542 5333 conscientiam
2590 5287 2824 5332 nostram
2875 5278 3180 5346 obstet-gere
3218 5287 3448 5346 oportet.
3498 5276 3658 5331 Multa
3706 5279 3756 5330 itt

2167 5370 2280 5423 faro
2320 5369 2409 5423 tibi
2451 5367 2762 5422 conttaxisti
2796 5369 2933 5422 mala
2968 5387 2979 5420 :
3015 5369 3262 5422 inimicus
3302 5368 3550 5434 irritavit,
3592 5368 3753 5438 judcx

2163 5460 2358 5529 aliquid
2389 5474 2574 5528 parum
2604 5458 2858 5514 decorum
2891 5460 3066 5514 facere
3101 5459 3377 5529 compulit.
3411 5459 3573 5515 verba
3614 5472 3754 5528 saepe

2164 5547 2432 5606 effutiviSti
2467 5567 2570 5604 non
2603 5551 2762 5616 bona,
2795 5566 2861 5604 ne
2890 5551 3116 5605 amicum
3148 5551 3450 5606 otienderes
3478 5560 3752 5623 peccatum

2165 5644 2379 5714 aliquod
2411 5643 2668 5697 admisisti
2702 5661 2712 5694 :
2743 5643 2872 5695 alias
2903 5658 3006 5696 non
3038 5658 3231 5710 paucas
3265 5644 3500 5697 maculas
3538 5653 3752 5695 eontra-

2171 5735 2310 5798 xisti,
2345 5744 2399 5787 ut
2443 5733 2614 5789 solent
2645 5733 2885 5787 homines
2916 5732 3002 5798 qui
3051 5734 3100 5786 in
3132 5732 3247 5788 {oro
3273 5743 3578 5796 versantur,
3612 5728 3752 5795 judi-
