4060 6260
276 432 500 487 νοῦσθαι
552 432 834 501 μέλλοντες
873 430 1212 498 ἀφίκωνται.
1267 430 1495 483 ἄκουσον
1549 426 1712 481 αὐτοῦ
1759 424 1850 478 τοῦ

280 512 432 585 [288]
470 514 682 566 Παύλου
707 514 953 580 λέγοντος
976 528 990 542 ³
1024 513 1132 566 Τὸν
1146 511 1346 581 ἀγῶνα
1364 512 1469 565 τόν
1491 511 1686 565 καλὸν
1711 508 1856 579 ἠγπώο

276 614 508 667 νισμαι,
542 596 650 649 τὸν
668 596 890 665 δρόμον
912 596 1212 657 τετέλεκα,
1238 597 1355 663 τὴν
1378 596 1586 649 πίστιν
1610 595 1849 663 τετήρη-

276 697 387 734 κεν
415 680 635 735 λοιπόν
657 681 965 734 ἀπόκειταί
980 697 1083 748 μοι
1102 682 1135 731 ὀ
1156 679 1266 746 τῆς
1298 679 1690 745 δικαιοσύνης
1715 674 1855 731 στέ-

275 781 471 833 φανος
489 807 504 829 ,
535 765 608 817 δν
628 764 933 818 ἀποδώσει·
954 783 1056 833 μοι
1088 768 1120 818 ό
1159 764 1389 828 δίκαιος
1417 763 1640 830 κριτής.
1671 762 1806 815 Πότε
1836 778 1851 825 ;

288 850 396 902 Ἐν
426 849 628 916 ἐκείνῃ
670 847 745 916 τῇ
782 848 1007 915 ἡμέρᾳο
1050 850 1121 901 οὐ
1150 850 1344 916 μόνον
1390 848 1459 900 δὲ
1494 848 1621 916 ἐμοὶ
1648 886 1662 906 .
1695 844 1854 899 ἀλλὰ

275 930 377 984 καί
406 931 557 984 πᾶσι
589 931 713 996 τοῖς
739 932 1083 1001 ἠγαπηκόσι
1109 930 1226 998 τὴν
1255 929 1610 998 ἐπιφάνειαν
1642 929 1850 983 αὐτοῦ.

275 1014 387 1067 Καὶ⁸
416 1014 579 1067 πάλιν
612 1014 850 1085 ἀλλαχοῦ
888 1015 1133 1077 δεικνὺς,
1164 1015 1245 1066 ὅτι
1278 1016 1430 1083 κοινῇ
1464 1014 1629 1065 πᾶσιν
1663 1014 1695 1082 ή
1744 1012 1853 1065 τῶν

273 1095 497 1163 ἀγαθῶν
521 1096 822 1160 ἀπόλαυσις
873 1096 1070 1149 δίδοται
1095 1136 1109 1157 ,
1134 1095 1587 1149 Θεσσαλονικεῦσι
1623 1095 1853 1166 γράφων

273 1178 461 1246 ἐλεγεν
480 1196 494 1209 ·
523 1179 710 1247 Εἵπερ
733 1179 966 1232 δίκαιον
986 1178 1147 1246 παρὰ
1193 1177 1316 1242 Θεῷ
1345 1176 1677 1232 ἀποδοῦναι
1727 1177 1854 1243 τοῖς

273 1263 592 1316 θλίϐουσιν
617 1261 770 1330 ὑμᾶς
791 1263 1021 1330 θλίψιν,
1048 1261 1145 1315 καί
1172 1259 1314 1328 ὑμῖν
1336 1260 1459 1326 τοῖς
1484 1259 1853 1327 θλιϐομένοις

272 1343 491 1398 ἄνεσιν
521 1345 650 1414 μεθ’
682 1344 868 1413 ἡμῶν.
892 1344 1001 1397 Καὶ
1032 1343 1194 1397 πάλιν
1215 1360 1228 1373 ο
1258 1343 1387 1397 Ὀτι
1413 1342 1587 1412 ἡμεῖς
1627 1345 1680 1395 οὶ
1709 1340 1851 1401 ζῶν-

271 1444 395 1493 τες,
425 1431 481 1482 ol
506 1429 980 1496 περιλειπόμενοι
1005 1429 1092 1492 εἰς
1111 1426 1227 1494 τὴν
1249 1426 1590 1493 παρουσίαν
1615 1426 1718 1478 τοῦ
1736 1429 1851 1478 Kv-

265 1511 428 1579 ρίου,
444 1513 516 1564 οὐ
535 1511 621 1578 μὴ
643 1509 965 1579 φθάσωμεν
982 1510 1125 1574 τοὺς
1150 1509 1571 1577 κοιμηθέντας·
1600 1507 1687 1561 διὰ
1716 1508 1852 1562 πάνυ

271 1610 381 1646 των
412 1593 616 1647 τούτων
645 1593 842 1663 δηλῶν,
867 1594 948 1646 ὅτι
978 1594 1129 1663 κοινῇ
1158 1591 1366 1655 πάντας
1395 1591 1489 1644 καὶ
1513 1591 1646 1662 ὁμοῦ
1674 1608 1848 1661 παραυ

270 1675 598 1744 γενομένους
617 1675 724 1729 τῶν
746 1674 1010 1745 οὐρανίων
1029 1674 1203 1743 τιμῶν
1220 1673 1510 1727 ἀπολαύειν
1532 1674 1661 1745 χρή.
1681 1672 1851 1727 Τοῦτο

269 1756 367 1810 καὶ
390 1760 503 1821 τοῖς
534 1758 769 1825 φθάσασι
792 1758 992 1828 πολλὴν
1017 1758 1170 1828 φέρει
1196 1756 1294 1827 τὴν
1323 1756 1537 1826 ἡδονὴν,
1560 1758 1686 1809 ὅταν
1713 1757 1851 1826 μετά

266 1839 381 1892 τῶν
406 1840 621 1893 οἰκείων
651 1841 829 1909 μελῶν
856 1841 964 1893 τῶν
1003 1841 1328 1911 ἀπορρήτων
1365 1839 1587 1891 ἐκείνων
1613 1837 1850 1892 ἀπολαύ-

270 1937 441 1974 σωσιν
470 1922 707 1990 ἀγαθῶν.
754 1924 863 1977 Καὶ
911 1922 1019 1994 γὰρ
1070 1922 1252 1992 πατὴρ
1280 1921 1558 1992 τραπέζης
1608 1920 1849 1991 μετέχων

266 2005 533 2075 λαμπρᾶς
560 2007 653 2059 καὶ
688 2007 1044 2069 πολυτελοῦς,
1071 2006 1194 2058 τότε
1231 2004 1369 2075 μετὰ
1411 2005 1653 2068 πλείονος
1679 2005 1850 2073 αὐτῆς

265 2088 641 2141 ἀπολαύσεται
664 2089 764 2158 τῆς
804 2090 1173 2160 εὐφροσύνης.
1203 2090 1331 2143 ὅταν
1364 2089 1503 2159 μετά
1542 2088 1650 2141 τῶν
1682 2088 1847 2141 αὐτοῦ

268 2169 503 2223 παιδίων
543 2172 742 2242 μετέχῃ
774 2172 872 2243 τῆς
899 2173 1131 2243 εὐωχίας
1169 2172 1263 2224 καὶ
1296 2170 1653 2243 εὐφροσύνης.
1691 2170 1848 2225 Οῦτω

265 2252 365 2303 καὶ
398 2251 608 2316 Παῦλος
658 2255 752 2306 καὶ
800 2256 849 2307 οἰ
894 2256 1013 2307 κατ’
1063 2255 1267 2306 ἐκεῖνον
1320 2253 1557 2317 ἅπαντες
1606 2253 1849 2324 μείζονος

265 2332 625 2404 αἰσθήσονται
659 2334 760 2405 τῆς
805 2335 1099 2407 θυμηδίας,
1133 2336 1261 2390 ὅταν
1301 2336 1439 2407 μετά
1475 2336 1585 2389 τῶν
1631 2337 1847 2389 οἰκείων

267 2417 452 2486 μελῶν
488 2418 639 2482 ὄντες
668 2419 1050 2473 ἀπολαύσωσιν
1080 2420 1270 2490 αὐτῆς.
1317 2420 1392 2473 Οὐ
1437 2420 1547 2492 γὰρ
1580 2421 1848 2489 τοσαύτην

266 2501 505 2572 πατέρες
562 2502 687 2573 περὶ
742 2502 939 2566 παῖδας
994 2503 1391 2558 ἐπιδείκνυνται
1438 2503 1846 2575 φιλοστοργίαν,

261 2589 402 2656 ὅσην
429 2586 624 2638 ἐκεῖνοι
655 2586 781 2657 περὶ
803 2588 929 2649 τούς
950 2585 1017 2640 τὰ
1049 2584 1189 2639 αὐτά
1211 2585 1643 2657 κατωρθωκότας
1665 2587 1847 2650 αὐτοῖς

262 2669 450 2737 ἔχουσι
482 2668 827 2738 κηδεμονίαν.
852 2669 948 2722 Ἶν’
980 2663 1071 2723 οῦν
1095 2670 1186 2722 καὶ
1208 2670 1367 2739 ἡμεῖς
1390 2668 1499 2723 τῶν
1516 2670 1639 2722 τότε
1670 2686 1845 2739 τιμω-

266 2752 453 2822 μένων
502 2751 788 2822 γενώμεθα
815 2794 829 2815 ,
893 2750 1281 2820 σπουδάζωμεν
1335 2750 1662 2805 καταλαϐεῖν
1720 2752 1848 2816 τοὺς

260 2834 460 2903 ἁγίους
494 2835 753 2897 ἐκείνους.
790 2836 899 2887 Καὶ
926 2834 1042 2897 πῶς
1068 2833 1429 2903 δυνησόμεθα,
1454 2836 1608 2905 φησὶ,
1649 2836 1847 2900 αὐτοὺς

260 2916 593 2970 καταλαϐεῖν
616 2933 631 2982 ;
665 2917 747 2980 τίς
772 2918 902 2987 ἡμῖν
927 2916 1090 2980 δείξει
1124 2916 1222 2985 τὴν
1247 2918 1364 2968 ἐκεῖ
1388 2916 1659 2985 φέρουσαν
1692 2916 1809 2969 όδόν
1830 2933 1844 2979 ;

256 3000 440 3064 Αὐτὸς
458 3002 487 3053 ό
514 2999 622 3053 τῶν
667 3001 841 3068 ἀγίων
888 2999 1108 3052 ἐκείνων
1136 2998 1413 3067 Δεσπότης
1436 3037 1452 3063 ,
1482 3000 1541 3062 ὃς
1569 2998 1666 3069 οὐχ
1698 3001 1847 3063 ὅπως

257 3084 468 3147 αὐτοὺς
490 3082 932 3152 καταληψώμεθα
957 3083 1114 3153 μόνον
1137 3081 1399 3147 διδάσκει,
1425 3081 1562 3135 ἀλλά
1585 3085 1678 3135 καὶ
1697 3084 1847 3147 ὅπως

255 3166 564 3236 ὁμωρόφιοι
617 3166 709 3218 καὶ
764 3164 1020 3235 σύσκηνοι
1078 3163 1363 3234 γενώμεθα
1408 3166 1574 3218 πᾶσιν
1625 3166 1842 3229 αὐτοῖς’

256 3246 570 3312 Ποιήσατε
602 3247 711 3318 γὰρ
741 3248 883 3316 ὑμῖν
914 3248 1133 3316 φίλους
1164 3247 1232 3301 ἐκ
1263 3248 1369 3300 τοῦ
1401 3245 1694 3316 μαμμωνᾶ
1734 3246 1846 3314 τῆς

256 3330 505 3396 ἀδικίας
523 3370 537 3393 ,
562 3331 745 3401 φησὶν.
779 3331 854 3383 ἵν’
876 3330 1021 3384 ὅταν
1043 3332 1348 3399 ἐκλίπητε,
1370 3330 1656 3394 δέξωνται
1690 3330 1846 3399 ὑμᾶς

262 3415 352 3478 ⁸εἰς
392 3414 501 3478 τὰς
550 3414 826 3477 αἰωνίους
856 3410 1055 3466 αὐτῶν
1108 3411 1362 3481 σκηνάς.
1414 3412 1610 3475 Καλῶς
1670 3409 1843 3478 εἶπεν,

262 3495 548 3557 Αἰωνίους.
597 3494 860 3549 Ἐνταῦθα
902 3495 999 3566 μὲν
1032 3495 1142 3567 γὰρ
1174 3497 1279 3551 κᾶν
1304 3497 1564 3567 λαμπράν
1604 3497 1732 3567 ἐχῃς
1764 3500 1844 3551 οἰ-

262 3576 412 3639 κίαν,
444 3576 724 3629 ἀπολεῖται
755 3577 973 3641 πάντως
996 3577 1326 3650 φθειρομένη
1356 3578 1434 3648 τῷ
1464 3579 1640 3650 χρόνῳ
1660 3595 1673 3608 ⁸
1711 3580 1846 3649 μᾶλ-

260 3658 358 3710 λον
392 3658 448 3710 δὲ
481 3660 573 3712 καὶ
604 3660 708 3731 πρὸ
732 3659 831 3729 τῆς
857 3658 995 3712 κατά
1023 3661 1113 3712 τὸν
1137 3662 1327 3732 χρόνον
1354 3661 1587 3731 φθορᾶς,
1619 3662 1847 3725 θάνατος

267 3739 524 3809 ἐμπεσὼν
553 3741 807 3794 ἐκϐάλλει
830 3758 889 3794 σε
914 3742 1012 3811 τῆς
1043 3742 1303 3813 λαμπρᾶς
1326 3742 1529 3813 ταύτης
1559 3744 1843 3814 οἰκήσεως’

266 3823 525 3889 πολλάκις
555 3826 612 3878 δὲ
637 3825 728 3879 καὶ
768 3824 873 3896 πρὸ
909 3826 1003 3879 τοῦ
1036 3825 1266 3880 θανάτου
1312 3827 1651 3897 πραγμάτων
1682 3827 1845 3880 τινῶν

264 3904 550 3960 δυσκολίαι
604 3909 699 3961 καῖ¹
754 3909 1107 3979 συκοφαντῶν
1168 3907 1351 3976 ἔφοδοι
1402 3911 1497 3962 καὶ
1556 3908 1845 3962 ἐιιτιϐουλαῖ⁵

263 3994 520 4044 ἐκπεσεῖν
542 3993 709 4062 αὐτῆς
735 3988 1173 4065 παρεσκεύασαν.
1211 3992 1361 4045 Ἐκεῖ
1379 3991 1435 4045 δὲ
1460 3991 1613 4046 οὐδὲν
1640 3992 1845 4045 τούτων

259 4072 415 4126 ἐστὶν
450 4074 787 4128 ὑποπτεῦσαι
807 4116 822 4141 ,
849 4075 908 4128 οὐ
946 4074 1173 4144 φθορὰν,
1209 4075 1270 4127 οὐ
1298 4075 1526 4129 θάνατον
1544 4113 1560 4135 ,
1589 4074 1652 4127 οὐ
1681 4075 1847 4129 κατά-

259 4173 475 4211 πτωσιν
500 4200 514 4221 ,
554 4159 614 4213 οὐ
662 4158 1010 4229 συκοφαντῶν
1051 4160 1336 4230 ἐπήρειαν,
1379 4160 1479 4213 οὐκ
1508 4158 1636 4213 ἀλλο
1668 4159 1842 4225 οὐδὲν,

258 4239 380 4294 ἀλλ’
410 4240 662 4311 ἀκίνητος
688 4243 779 4295 καὶ
799 4241 1066 4304 ἀθάνατός
1093 4242 1239 4295 ἐστιν
1262 4244 1294 4313 ἡ
1316 4243 1548 4314 οίκησις.
1569 4242 1666 4295 Διὰ
1689 4242 1846 4296 τοῦτο

258 4323 517 4387 αἰωνίους
548 4324 715 4388 αὐτάς
765 4325 1010 4378 ἐκάλεσε.
1048 4323 1348 4389 Ποιήσατε
1404 4324 1547 4394 ὑμῖν
1588 4325 1841 4393 φίλους,

262 4408 453 4475 φησὶν,
487 4406 556 4459 ἐκ
583 4408 687 4461 τοῦ
705 4408 995 4477 μαμμωνᾶ
1038 4407 1151 4475 τῆς
1179 4407 1436 4474 ἀδικίας.

340 4503 431 4553 ια’.
492 4498 633 4568 Ὂρα
671 4498 813 4569 πόση
846 4498 1222 4567 φιλανθρωπία
1249 4497 1343 4550 τοῦ
1375 4500 1666 4562 Δεσπὸτου,
1701 4501 1841 4570 πόση

266 4579 574 4650 χρηστότης
591 4580 685 4633 καὶ
703 4580 989 4634 ἐπιείκεια·
1007 4581 1067 4633 οὐ
1084 4581 1193 4653 γὰρ
1211 4579 1395 4642 ἀπλῶς
1413 4580 1615 4652 ταύτην
1633 4582 1842 4634 τέθεικε

264 4664 364 4732 τὴν
399 4662 715 4735 προσθήκην
738 4680 751 4694 ·
776 4664 888 4717 ἀλλ’
922 4664 1109 4732 ἐπειδὴ
1140 4663 1352 4727 πολλοῖς
1380 4663 1656 4728 πλουσίοις
1682 4663 1845 4718 πλοῦ-

262 4762 352 4807 τος
392 4745 727 4798 συνείλεκται
761 4746 819 4809 ἐξ
846 4748 1099 4816 ἁρπαγῆς
1133 4746 1228 4800 καὶ
1262 4746 1594 4811 πλεονεξίας,
1640 4749 1843 4813 Κακῶς

267 4828 388 4896 μὲν,
431 4828 585 4897 φησὶ,
620 4829 712 4880 καὶ
748 4829 846 4881 οὐκ
881 4830 1044 4898 ἐχρῆν
1073 4845 1130 4880 σε
1151 4828 1291 4881 οὕτω
1333 4826 1583 4896 συλλέξαι
1609 4832 1676 4884 τὰ
1709 4833 1844 4903 χρή-

266 4928 415 4980 ματα
440 4928 452 4941 ·
488 4912 626 4982 πλὴν
654 4912 766 4965 ἀλλ’
788 4912 971 4983 ἐπειδὴ
1005 4913 1293 4978 συνέλεξας
1312 4952 1325 4971 ,
1353 4913 1509 4983 στῆθι
1534 4914 1633 4985 τῆς
1664 4916 1843 4987 όιρπαυ

263 5001 369 5071 γῆς
395 5000 608 5070 καὶτῆς
634 5000 961 5064 πλεονεξίας,
987 5001 1079 5054 καὶ
1104 5001 1304 5071 χρῆσαι
1333 5002 1411 5065 είς
1436 5002 1553 5054 δέον
1575 5005 1688 5066 τοῖς
1708 5005 1840 5075 χρή-

267 5103 453 5155 μασιν.
494 5089 571 5141 Οὐ
602 5087 746 5155 λέγω
771 5127 786 5151 ,
843 5088 930 5141 ἴνα
973 5086 1233 5158 ἁρπάζων
1261 5088 1415 5160 ἐλεῇς
1436 5130 1452 5159 ,
1488 5088 1600 5142 ἀλλ’
1629 5092 1717 5146 ῖνα
1743 5092 1843 5161 τῆς

267 5172 581 5239 πλεονεξίας
603 5174 847 5237 ἀποστὰς
868 5213 881 5235 ,
909 5173 1045 5242 πρὸς
1071 5174 1440 5247 ἐλεημοσύνην
1463 5173 1613 5248 [289]
1638 5177 1731 5231 καὶ
1761 5196 1844 5247 φι-

263 5250 615 5329 λανθρωπίαν
636 5260 921 5331 ἁποχρήσῃ
940 5258 1019 5329 τῷ
1041 5260 1273 5331 πλούτῳ.
1293 5262 1355 5314 Εἰ
1381 5264 1489 5333 γάρ
1509 5280 1594 5327 τις
1616 5265 1690 5336 μὴ
1706 5265 1844 5339 ¹παύ-

263 5360 422 5399 σαιτο
462 5346 564 5415 τῆς
612 5348 897 5417 ἁρπαγῆς,
932 5346 1054 5400 οὐδέ
1101 5346 1471 5419 ἐλεημοσύνην
1508 5351 1799 5420 ἐργάσεται
1825 5370 1838 5382 ·

261 5431 403 5486 ἀλλὰ
436 5432 540 5486 κᾶν
571 5433 740 5504 μυρία
763 5433 1044 5507 καταϐάλῃ
1075 5435 1334 5505 χρήματα
1362 5437 1441 5498 είς
1468 5437 1568 5500 τάς
1591 5439 1699 5493 τῶν
1727 5440 1839 5493 δεο-

264 5520 448 5591 μένων
468 5524 661 5593 χεῖρας
680 5562 696 5584 ,
724 5521 795 5574 τὰ
824 5522 1025 5592 ἐτέρων
1066 5522 1325 5592 ἁρπάζων
1363 5524 1455 5575 καὶ
1484 5524 1841 5590 πλεονεκτῶν,

262 5610 376 5672 τοῖς
401 5609 751 5681 ἀνδροφόνοις
779 5610 965 5679 ἐξίσης
987 5610 1292 5679 λελόγισται
1327 5610 1405 5682 τῷ
1434 5611 1572 5681 Θεῷ.
1615 5613 1705 5666 Διὸ
1734 5614 1843 5687 χρὴ

263 5693 585 5761 πλεονεξίας
607 5697 919 5751 ἀποστάντα
942 5698 1227 5768 πρότερον,
1245 5697 1388 5751 οὕτω
1407 5699 1532 5763 τούς
1558 5699 1843 5771 δεομένους

582 5804 848 5872 ΡΑτιιοι.
893 5805 1013 5870 Gn.
1059 5807 1158 5873 Ll.

887 323 978 389 DE
1015 324 1267 380 VERBIS
1303 326 1663 391 APOSTOLI,
1701 325 2067 383 HABENTES
2106 321 2391 380 EUMDEM
2436 317 2779 377 SPIRITUM.
2821 315 2907 369 111.

3428 318 3533 375 5οθ

1965 428 2150 483 ἐλεεῖν.
2194 430 2367 502 Πολλὴ
2394 430 2503 503 γάρ
2532 430 2630 499 τῆς
2658 429 3026 501 ἐλεημοσύνης
3057 432 3088 500 ή
3117 429 3374 500 δύναμις,
3410 444 3472 485 πε
3484 431 3537 495 ρὶ

1960 508 2028 583 ἧς
2055 513 2148 565 καὶ
2176 515 2239 583 τῇ
2265 514 2564 585 προτεραίᾳ
2584 513 2801 578 συνάξει
2829 512 2964 581 πρὸς
2992 513 3135 582 ὑμᾶς
3163 512 3537 583 διελέχθημεν,

1962 595 2057 646 καὶ
2085 594 2180 646 νῦν
2199 596 2533 665 διαλέξομαι.
2575 595 2734 649 Ἀλλὰ
2777 595 2962 666 μηδεὶς
2998 596 3095 666 τὴν
3131 596 3413 666 συνέχειαν
3437 596 3539 664 τῆς

1963 675 2319 746 ὑπομνήσεως
2342 678 2675 748 κατηγορίαν
2699 678 2938 748 ἡγείσθω
2958 678 3066 731 τῶν
3088 678 3413 731 ἀκουόντων.
3428 679 3539 731 Καὶ

1962 758 2071 828 γὰρ
2097 761 2153 810 ἐν
2183 763 2295 819 τοῖς
2326 762 2531 829 ἀγῶσιν
2558 761 2798 824 ἐκείνους
2826 761 2934 814 τῶν
2971 760 3218 832 δρομέων
3240 760 3536 831 διεγείρου-

1964 856 2047 893 σιν
2079 844 2128 893 οἱ
2154 841 2361 906 θεαταὶ,
2381 842 2473 905 οὒς
2502 842 2568 895 ἂν
2595 842 2776 896 ῖδωσιν
2803 844 2968 911 ἐγγὺς
2993 843 3087 895 τοῦ
3116 843 3370 913 βραϐείου
3395 860 3540 910 γενο-

1965 924 2190 993 μένους,
2224 926 2318 977 καὶ
2351 925 2550 988 πολλὰς
2577 926 2675 995 τῆς
2705 925 2861 994 νίκης
2895 927 3117 991 ἐλπίδας
3154 926 3396 996 ἔχοντας.
3428 926 3538 980 Καὶ

1962 1006 2073 1074 ἐγὼ
2098 1007 2277 1059 τοίνυν
2295 1048 2311 1071 ,
2350 1007 2536 1077 ἐπειδὴ
2567 1008 2706 1077 μετά
2755 1009 2958 1078 πολλῆς
2983 1010 3070 1062 ἀεὶ
3097 1009 3404 1081 προθυμίας
3430 1009 3539 1081 ὁρῶ

1959 1091 2086 1152 τούς
2116 1091 2243 1161 περὶ
2272 1090 2640 1161 ἐλεημοσύνης
2668 1092 2990 1162 δεχομένους
3022 1091 3212 1160 λόγους
3242 1094 3386 1163 ὑμᾶς
3405 1135 3419 1160 ,
3451 1096 3541 1148 διὰ

1959 1174 2119 1227 τοῦτο
2143 1174 2237 1228 καὶ
2267 1175 2426 1238 αὐτὸς
2457 1176 2840 1248 συνεχέστερον
2868 1176 2968 1246 τὴν
3001 1177 3140 1249 ὑπὲρ
3173 1177 3377 1231 τούτων
3403 1179 3539 1232 κινῶ

1962 1256 2298 1327 παραίνεσιν.
2319 1256 2517 1328 ’ἰατροὶ
2539 1257 2646 1310 τῶν
2670 1257 2858 1328 ψυχῶν
2877 1258 3033 1329 ἡμῶν
3055 1262 3190 1312 εἰσιν
3213 1263 3263 1313 οἰ
3286 1260 3537 1329 πένητες,

1960 1340 2244 1411 εὐεργέται
2278 1341 2369 1393 καὶ
2420 1341 2752 1410 προστάταιι
2786 1343 2847 1395 οὐ
2908 1343 3012 1414 γὰρ
3061 1344 3312 1398 τοσοῦτον
3360 1344 3534 1408 δίδως,

1958 1421 2081 1474 ὅσον
2105 1422 2401 1492 λαμϐάνεις
2420 1438 2433 1450 ’
2462 1423 2618 1486 δίδως
2646 1423 2929 1495 ἀργύριον,
2952 1427 3045 1479 καὶ
3065 1427 3360 1496 λαμϐάνεις
3383 1428 3537 1497 βασι-

1958 1504 2108 1557 λείαν
2129 1504 2374 1575 οὐρανῶν
2390 1521 2402 1534 ·
2428 1504 2575 1569 λύεις
2606 1507 2817 1567 πενίαν,
2843 1508 2937 1559 καὶ
2958 1508 3346 1572 καταλλάττεις
3377 1525 3538 1563 atauo

1957 1585 2036 1655 τῷ
2084 1587 2175 1639 τὸν
2213 1588 2512 1657 Δεσπότην.
2561 1586 2725 1660 Ὁρᾷς
2752 1590 2833 1643 ὅτι
2879 1590 2981 1643 οὐκ
3023 1591 3111 1660 ίση
3159 1593 3189 1661 ἡ
3229 1592 3535 1655 ἀντίδοσιςς

1959 1668 2145 1722 Ταῦτα
2176 1669 2268 1721 ἐπὶ
2297 1669 2423 1739 γῆς,
2454 1672 2639 1723 ἐκεῖνα
2668 1673 2725 1724 ἐν
2743 1670 2983 1742 οὐρανῷ·
3016 1672 3188 1724 ταῦτα
3218 1672 3535 1736 ἀπόλλυται,

1958 1752 2138 1804 ἐκεῖνα
2160 1751 2406 1823 διαμένει
2428 1768 2440 1781 ·
2465 1752 2637 1807 ταῦτα
2663 1754 2965 1825 φθείρεται,
2986 1757 3166 1809 ἐκεῖνα
3191 1756 3368 1825 πάσης
3391 1759 3539 1809 ἐστὶν

1956 1833 2204 1906 ἀνώτερα
2223 1835 2516 1900 ἀπωλείας.
2541 1837 2638 1891 Διά
2667 1837 2823 1892 τοῦτο
2845 1839 2938 1891 καὶ
2967 1838 3073 1909 πρὸ
3098 1839 3205 1893 τῶν
3232 1841 3408 1908 θυρῶν
3430 1840 3538 1893 τῶν

1956 1915 2121 1970 οἴκων
2152 1918 2261 1972 τῶν
2288 1921 2592 1992 εὐκτηρίων
2613 1921 2849 1992 ἔστησαν
2873 1924 2997 1987 τοὺς
3023 1924 3261 1996 πένητας
3289 1926 3338 1977 οί
3369 1926 3538 1978 πατέ-

1959 2014 2051 2068 ρες
2069 2002 2117 2053 οἱ
2146 2002 2422 2074 ἡμέτεροι,
2443 2005 2529 2057 ἵνα
2551 2005 2755 2058 καὶτὸν
2776 2005 3112 2076 νωθρότατον
3132 2007 3225 2059 καὶ
3251 2007 3537 2078 ἀπανθρω-

1958 2082 2190 2137 πότατον
2216 2086 2355 2157 αὐτὴ
2404 2086 2514 2140 τῶν
2544 2089 2791 2158 πενήτων
2821 2090 2855 2159 ἡ
2888 2090 3012 2159 ὄψις
3062 2090 3199 2160 πρδς
3230 2090 3534 2158 ὑπόμνησιν

1956 2166 2144 2238 ἐγείρῃ
2187 2168 2285 2238 τῆς
2338 2170 2725 2241 ἐλεημοσύνης.
2762 2173 2929 2226 Ὅταν
2957 2173 3066 2244 γὰρ
3120 2176 3323 2244 ἑστήκῃ
3377 2174 3536 2246 χορὸς

1955 2250 2226 2321 γερόντων
2251 2294 2266 2319 ,
2318 2256 2773 2323 συγκεκυφότων,
2817 2257 2983 2326 ῥάκια
3030 2257 3532 2328 περιϐεϐλημένων,

1955 2334 2291 2403 αὐχμώντων
2311 2376 2327 2400 ,
2377 2336 2701 2408 ρυπώντων,
2741 2339 3038 2411 βακτηρίας
3069 2340 3299 2409 ἐχόντων
3322 2379 3336 2402 ,
3383 2341 3533 2410 μόλις

1959 2415 2308 2487 στηρίζεσθαι
2337 2420 2668 2491 δυναμένων,
2695 2422 2952 2486 πολλάκις
2984 2423 3040 2475 δὲ
3067 2423 3161 2475 καὶ
3183 2424 3308 2486 τούς
3334 2421 3535 2491 ὀφθαλ-

1959 2500 2093 2568 μοὺς
2120 2500 2544 2572 ἐκκεκομμένων
2568 2544 2582 2567 ,
2613 2505 2707 2559 καὶ
2756 2505 2819 2558 τὸ
2864 2505 3025 2575 σῶμα
3058 2506 3178 2559 ὅλον
3212 2506 3532 2576 ἀναπήρων.

1955 2580 2038 2644 τίς
2063 2580 2205 2635 οὕτω
2231 2582 2450 2648 λίθινος,
2482 2585 2565 2649 τίς
2591 2585 2763 2649 οὕτως
2796 2586 3026 2656 ἀδάμας,
3062 2588 3137 2650 ώς
3166 2588 3261 2640 καὶ
3292 2587 3390 2656 τῆς
3418 2586 3534 2657 ηλι-

1955 2663 2111 2727 κίας,
2142 2665 2237 2717 καὶ
2277 2666 2377 2734 τῆς
2431 2666 2714 2732 ἀσθενείας
2738 2709 2753 2732 ,
2803 2671 2897 2723 καὶ
2933 2671 3034 2739 τῆς
3068 2670 3369 2742 πηρώσεως
3392 2709 3408 2733 ,
3440 2673 3535 2723 καὶ

1953 2748 2053 2816 τῆς
2080 2748 2303 2813 πενίας,
2354 2751 2449 2804 καὶ
2490 2752 2590 2820 τῆς
2640 2753 2889 2817 εὐτελοῦς
2926 2753 3119 2824 στολῆς
3140 2794 3154 2818 ,
3191 2754 3285 2807 καὶ
3316 2753 3534 2806 πάντων

1954 2830 2142 2893 ἀπλῶς
2168 2831 2304 2901 πρὸς
2337 2832 2681 2901 συμπάθειαν
2705 2835 3050 2889 ἐπικλώντων
3072 2836 3253 2897 αὐτὸν,
3282 2836 3533 2905 ἀντιστῆ-

1955 2928 2042 2963 ναι
2077 2913 2172 2964 κα¹ι
2227 2916 2405 2982 μεῖναι
2452 2915 2588 2985 πρὸς
2617 2916 2833 2971 ἅπαντα
2869 2919 3043 2972 ταῦτα
3095 2918 3400 2982 ἀνένδοτοςς
3434 2921 3533 2972 Διὰ

1953 2993 2126 3046 ταῦτα
2167 2995 2272 3064 πρὸ
2303 2994 2412 3047 τῶν
2446 2995 2625 3067 θυρῶν
2657 2999 2813 3068 ήμῶν
2842 3002 3107 3070 ἑστήκασι
3137 3000 3335 3063 παντὸς
3370 3000 3531 3069 λόγου

1953 3074 2307 3147 δυνατώτεροι
2332 3115 2346 3139 ,
2382 3076 2468 3130 διὰ
2505 3078 2604 3147 τῆς
2634 3079 2805 3149 ὅψεως
2847 3083 3248 3153 ἐπισπώμενοι,
3281 3082 3416 3153 πρὸς
3443 3101 3532 3151 φι-

1954 3155 2301 3228 λανθρωπίαν
2340 3160 2467 3223 τοῦς
2507 3162 2775 3225 εἰσιόντας
2819 3164 3226 3235 ἐκκαλούμενοι.
3264 3166 3532 3237 Καθάπερ

1953 3239 2063 3309 γὰρ
2092 3242 2300 3312 κρήνας
2322 3237 2461 3296 εἶναι
2482 3245 2539 3296 ἐν
2560 3247 2680 3308 ταῖς
2707 3247 2895 3309 αὐλαῖς
2913 3248 3024 3300 τῶν
3049 3249 3352 3321 εὐκτηρίων
3369 3252 3532 3303 οίκων

1952 3324 2284 3395 νενόμισται,
2323 3328 2410 3381 ἵνα
2435 3329 2485 3380 οἱ
2521 3328 2804 3398 μέλλοντες
2836 3331 3091 3401 εὔχεσθαι
3120 3332 3197 3403 τῷ
3223 3331 3362 3403 Θεῷ,
3402 3334 3533 3404 πρό-

1951 3423 2110 3477 τερον
2139 3410 2536 3480 ἀπονιψάμενοι
2564 3412 2662 3475 τάς
2694 3416 2915 3483 χεῖρας,
2947 3413 3119 3478 οὕτως
3141 3416 3312 3478 αὐτὰς
3335 3417 3416 3479 εἰς
3443 3418 3531 3469 εὐ-

1952 3491 2055 3561 χὴν
2080 3492 2430 3545 ἀνατείνωσιν
2457 3510 2472 3524 σ
2507 3494 2647 3547 οὕτω
2699 3498 2793 3549 καὶ
2822 3497 2949 3559 τοὺς
2992 3498 3232 3566 πένητας
3269 3500 3389 3551 ἀντὶ
3428 3518 3533 3569 πη-

1951 3573 2065 3641 γῶν
2092 3576 2184 3627 καὶ
2214 3575 2429 3645 κρηνῶν
2458 3575 2691 3645 ἔστησαν
2718 3579 2767 3629 οἰ
2799 3579 3033 3649 πατέρες
3066 3581 3170 3650 πρὸ
3196 3580 3302 3632 τῶν
3329 3581 3528 3653 θυρῶν⁹

1954 3656 2041 3720 ἵν’,
2076 3656 2264 3728 ὥσπερ
2292 3658 2442 3711 ὐδατι
2474 3660 2574 3723 τὰς
2605 3664 2790 3732 χεῖρας
2817 3663 3217 3732 ἁπονίπτομεν,
3259 3664 3400 3718 οῦτω
3438 3685 3528 3735 φι-

1952 3738 2269 3812 λανθρωπίᾳ
2293 3742 2390 3813 τὴν
2412 3741 2588 3814 ψυχὴν
2616 3745 3027 3815 ἀποσμήχοντες
3048 3746 3329 3819 πρότερον,
3357 3747 3529 3815 οὕτως

1953 3824 2259 3895 εὐχώμεθα.

2026 3916 2113 3987 ιβ’.
2156 3919 2289 3971 Οὐδέ
2306 3919 2414 3991 γὰρ
2432 3920 2602 3984 οὓτως
2620 3920 2811 3984 ὓδατος
2826 3921 2987 3991 φύσις
3003 3923 3291 3978 ἀπονίπτει
3307 3925 3529 3995 κηλῖδας

1954 4000 2226 4071 σώματος,
2258 4003 2332 4066 ὡς
2367 4003 2489 4074 ἐλεη
2500 4004 2738 4075 μοσύνης
2764 4005 2992 4076 δύναμις
3021 4008 3330 4079 ἀποσμήχει
3356 4009 3529 4082 ῥύπον

1951 4084 2128 4153 ψυχῆς
2157 4083 2387 4156 ,Ὥσπερ
2418 4082 2512 4138 οὖν
2546 4087 2606 4139 οὐ
2635 4089 2838 4159 τολμᾷς
2866 4090 3111 4153 ἀνίπτοις
3140 4092 3325 4162 χερσὶν
3350 4091 3525 4145 εἰσελ⁹
3610 4090 3618 4144 Ξ

1953 4165 2061 4218 θὼν
2080 4164 2360 4231 εὔξασθαι,
2383 4168 2558 4222 καίτοι
2579 4169 2798 4223 ἔλαττον
2819 4171 2879 4224 τὺ
2903 4170 3152 4243 ἔγκλημα
3173 4176 3368 4236 ἐκεῖνο,
3385 4172 3529 4226 οῦτω

1955 4250 2093 4319 μήτε
2130 4251 2295 4320 χωρὶς
2326 4250 2694 4323 ἐλεημοσύνης
2716 4255 2803 4306 ἐπ’
2837 4255 3003 4325 εὐχὴν
3026 4255 3185 4327 ἔλθῃς
3215 4257 3364 4312 ποτέ.
3400 4258 3529 4311 Καί-

1951 4349 2033 4385 τοι
2060 4333 2151 4385 καὶ
2178 4333 2424 4405 καθαρὰς
2459 4335 2718 4400 πολλάκις
2748 4337 2962 4408 ἔχοντες
2988 4338 3086 4402 τάς
3113 4344 3319 4412 χεῖρας,
3354 4342 3421 4395 ἂν
3452 4342 3525 4413 μὴ

1953 4415 2215 4486 πρότερον
2245 4416 2413 4480 αὐτὰς
2435 4418 2832 4487 ἀποπλύνωμεν
2857 4419 3029 4482 ὕδατι,
3055 4424 3156 4476 οὐκ
3176 4426 3527 4494 ἀνατείνομεν

1952 4500 2032 4562 εἰς
2056 4498 2223 4567 εὐχήν
2246 4514 2259 4527 ·
2293 4498 2545 4552 τοσοῦτόν
2578 4501 2724 4555 ἐστιν
2764 4504 2798 4570 ή
2829 4503 3101 4572 συνήθεια.
3132 4504 3304 4557 Τοῦτο
3348 4508 3526 4559 τοίνυν

1951 4580 2046 4632 καὶ
2067 4579 2157 4631 ἐπὶ
2184 4580 2281 4647 τῆς
2308 4580 2431 4651 ἐλεη
2441 4582 2677 4652 μοσύνης
2700 4583 2939 4653 ποιῶμεν
2961 4600 2975 4614 θ
3002 4586 3103 4638 κᾶν
3129 4587 3291 4656 μηδὲν
3313 4589 3524 4651 ἑαυτοῖς

1952 4661 2100 4732 ὦμεν
2114 4662 2261 4735 [290]
2284 4665 2580 4729 συνειδότες
2606 4668 2746 4735 μέγα
2769 4667 3095 4738 ἁμάρτημα,
3113 4671 3262 4741 ὅμως
3282 4671 3524 4741 ἀποσμή-

1950 4764 2134 4817 χωμεν
2184 4747 2244 4800 τὸ
2279 4747 2516 4810 συνειδὸς
2546 4747 2632 4801 διὰ
2657 4750 2755 4818 τῆς
2788 4749 3172 4820 ἐλεημοσύνης.
3209 4753 3385 4807 Πολλὰ
3416 4754 3525 4809 ἀπὸ

1950 4831 2048 4907 τῇς
2073 4831 2277 4901 ἀγορᾶς
2303 4832 2599 4884 ἐπεσπάσω
2630 4831 2806 4884 δεινάο
2836 4833 3029 4904 ἐχθρὸς
3054 4836 3360 4905 παρώξυνε,
3377 4836 3526 4890 δικα-

1954 4917 2083 4987 στὴς
2112 4917 2388 4986 ἠνάγκασέ
2411 4936 2464 4970 τι
2497 4920 2717 4989 ποιῆσαι
2746 4919 2854 4971 τῶν
2880 4921 2940 4972 οὐ
2978 4922 3361 4992 προσηκόντων
3386 4941 3524 4994 τερα-

1951 5005 2199 5073 γμάτων,
2253 5006 2471 5076 ῥήματα
2519 5006 2774 5069 πολλάκις
2819 5006 3069 5071 ἐξέϐαλες
3122 5008 3318 5075 ἄτοπα,
3374 5012 3525 5081 φίλος

1951 5093 2297 5164 ἐδυσώπησεν
2345 5094 2681 5165 ἐργάσασθαί
2726 5113 2779 5148 τι
2817 5096 2924 5148 τῶν
2957 5098 3231 5169 ἁμαρτίαν
3268 5100 3520 5171 ἐχόντων.

1950 5181 2113 5252 ἕτερα
2148 5183 2494 5252 προσετρίςνω
2528 5183 2695 5236 πολλὰ
2717 5225 2731 5248 ,
2775 5178 2861 5237 οἶα
2907 5186 3052 5249 εἰκὸς
3081 5186 3365 5258 ἄνθρωπον
3396 5188 3523 5242 ὄντα

1952 5268 2394 5338 προστρίϐεσθαι,
2428 5272 2486 5322 ἐν
2519 5270 2693 5341 ἀγορᾷ
2728 5273 3088 5342 στρεφόμενον
3114 5316 3127 5336 ,
3156 5274 3524 5345 δικαστηρίοις

1952 5356 2396 5425 προσεδρεύοντα,
2415 5357 2485 5410 τὰ
2510 5358 2609 5428 τῆς
2637 5360 2843 5424 πόλεως
2870 5360 3174 5432 πράττοντα
3198 5363 3521 5434 πράγματα’

1951 5442 2089 5512 ὑπὲρ
2112 5443 2316 5496 τούτων
2337 5445 2591 5498 ἁπάντων
2616 5446 2837 5518 εἰσέρχῃ
2859 5447 2950 5500 τὸν
2978 5447 3111 5501 Θεὸν
3139 5451 3376 5520 αἰτήσων
3399 5466 3525 5519 συγ·

1949 5528 2176 5602 γνώμην
2229 5531 2323 5584 καὶ
2357 5532 2850 5603 ἀπολογησόμενος.
2895 5535 3180 5590 Κατάϐαλε
3218 5537 3398 5592 τοίνυν
3424 5539 3523 5611 ἀρ-

1950 5616 2136 5687 γύριον
2175 5618 2255 5681 εἰς
2277 5618 2376 5682 τὰς
2401 5618 2510 5672 τῶν
2548 5621 2796 5690 πενήτων
2823 5624 3043 5694 χεῖρας,
3083 5625 3178 5678 καί
3207 5626 3526 5699 ἀπόσμηξον

1948 5704 2048 5768 τὰς
2080 5704 2301 5777 κηλῖδας
2344 5707 2588 5773 ὲκείνας,
2622 5708 2708 5762 ἵνα
2740 5710 2899 5781 ’μετά
2933 5714 3244 5786 παρρησίας
3290 5717 3520 5786 καλέσῃς

3080 5834 3155 5895 19
