4060 6260
412 211 505 267 501

410 341 535 381 cum
570 323 856 377 tonscssui
884 324 1178 389 intersunt,
1215 338 1326 378 rem
1352 323 1535 394 populi
1559 322 1974 379 administrant:

413 431 512 486 pro
538 416 623 469 his
640 415 894 470 omnibus
911 415 1129 470 acoedis
1142 414 1308 470 Deum
1326 425 1673 478 exoraturus,
1688 425 1742 471 et
1765 415 1976 469 veniam

407 507 698 577 petiturus.
722 504 861 578 Ergo
900 506 965 559 da
988 506 1274 576 pecuniam
1297 507 1351 561 in
1371 522 1563 561 manus
1587 522 1905 576 pauperum,
1925 513 1980 560 et

408 599 662 668 absterge
682 599 803 653 illas
821 599 1084 661 maculas,
1112 606 1171 651 ut
1194 613 1313 651 cum
1334 597 1527 653 ﬁducia
1543 600 1760 653 invoces
1779 612 1978 667 rogans

408 690 563 743 illum
599 689 694 757 qui
733 697 913 756 potest
949 689 1065 745 haec
1105 690 1201 744 tibi
1244 698 1466 760 peccata
1501 691 1799 746 remittere.
1840 690 1897 744 Si
1928 696 1979 744 te

407 778 775 834 assuefeceris
815 795 1113 851 numquam
1152 783 1271 837 sine
1311 782 1651 852 eleemosyna
1681 796 1837 837 sacra
1866 781 1980 834 hate

406 868 681 922 veStibula
723 870 953 935 intrare,
980 884 1079 925 nec
1118 878 1335 941 sponte,
1388 870 1595 925 invitus
1630 884 1885 939 umquam
1913 867 1983 921 2b

407 956 515 1012 hoc
541 956 687 1012 bono
717 972 883 1027 opere
909 960 1213 1016 abstinebis
1239 980 1251 1015 :
1282 968 1492 1015 tantum
1518 961 1662 1014 valet
1684 965 1983 1014 consuetu-

394 1046 486 1099 do.
518 1045 586 1100 Et
602 1047 739 1101 sicut
759 1044 1255 1116 quomodocumque
1275 1061 1334 1100 se
1353 1059 1439 1101 res
1465 1044 1675 1111 habeat,
1695 1059 1980 1113 numquam

394 1137 628 1190 suStines
673 1136 832 1189 illotis
876 1136 1119 1190 manibus
1161 1136 1396 1204 precari,
1427 1143 1768 1205 posteaquam
1815 1132 1981 1189 semel

394 1230 832 1286 consuetudinem
856 1229 989 1285 hanc
1005 1231 1291 1299 usurpasti,
1311 1231 1377 1283 ita
1396 1230 1553 1284 etiam
1579 1230 1629 1282 in
1649 1230 1982 1298 eleemosyna

395 1325 441 1377 si
469 1322 606 1378 hanc
636 1322 807 1393 legem
844 1322 933 1377 tibi
967 1321 1277 1390 prmﬁxeris,
1315 1323 1499 1376 volens
1529 1321 1719 1375 nolens
1748 1320 1983 1389 quotidie

397 1415 542 1470 illam
584 1414 847 1484 implebis,
895 1414 1006 1483 ipsa
1035 1412 1417 1468 consuetudine
1442 1413 1506 1466 ad
1539 1413 1639 1467 hoc
1667 1421 1980 1481 pertractus.

468 1506 708 1562 Precatio
750 1524 863 1560 cum
910 1507 1027 1575 igne
1068 1506 1271 1559 collata.
1302 1536 1373 1546 —
1399 1506 1540 1575 Ignis
1585 1514 1667 1559 est
1710 1505 1980 1574 precatio,

398 1597 665 1666 prrecipue
692 1611 809 1651 cum
840 1611 871 1650 a
900 1595 1150 1665 vigilante
1178 1605 1232 1651 et
1256 1597 1431 1651 sobria
1476 1605 1652 1651 mente
1694 1594 1986 1663 proﬁcisci-

398 1697 485 1740 tur
517 1704 530 1739 :
562 1685 654 1740 sed
702 1686 836 1755 ignis
864 1685 963 1741 iste
1004 1699 1137 1754 opus
1165 1685 1326 1739 habet
1368 1685 1510 1751 oleo,
1541 1694 1598 1738 ut
1622 1685 1686 1739 ad
1717 1684 1827 1753 ipsa
1869 1683 1981 1737 caeli

399 1793 636 1833 convexa
686 1778 999 1847 perveniat:
1029 1785 1283 1831 caeterum
1329 1777 1524 1842 oleum,
1570 1792 1677 1847 quo
1716 1776 1851 1845 ignis
1898 1774 1985 1829 hic

398 1868 643 1931 fovetur,
687 1884 790 1922 non
836 1868 977 1921 aliud
1023 1876 1105 1922 est
1150 1882 1306 1936 quam
1355 1868 1713 1937 eleemosyna.
1761 1864 1986 1919 Aliunde

399 1958 559 2027 igitur
583 1959 757 2013 oleum
787 1960 888 2013 hoc
916 1959 1151 2029 largiter,
1180 1967 1231 2012 ut
1258 1958 1587 2012 exhilaratus
1612 1956 1712 2012 hoc
1733 1964 1823 2009 tuo
1844 1961 1983 2009 bono

983 207 1069 261 DF.
1112 206 1355 262 VERBIS
1382 206 1743 274 APOSTOLI,
1771 200 2018 261 UTINAM
2058 198 2546 256 SUSTINERETIS
2584 198 2912 267 MODICUM,
2953 198 3106 254 ETC.

3561 188 3666 245 302

2082 328 2265 384 opere,
2298 330 2419 371 cum
2464 313 2665 383 majore
2694 312 2967 367 alacritate
3009 309 3365 381 precationem
3397 313 3538 358 tuam
3569 302 3667 357 ab-

2081 405 2277 458 solvas.
2323 403 2473 459 Sicut
2512 404 2653 458 enim
2700 403 2788 472 qui
2832 402 3029 456 nullius
3075 399 3228 452 bonae
3278 396 3355 449 rei
3402 392 3502 448 sibi
3545 400 3668 445 sunt

2081 498 2301 562 conscii,
2334 496 2474 550 nulla
2516 509 2636 550 cum
2685 493 2875 547 ﬁducia
2920 492 3125 561 precari
3170 494 3434 558 possunt:
3464 484 3534 538 ita
3579 488 3667 550 qui

2084 590 2220 645 bene
2250 589 2448 659 aliquid
2497 596 2739 658 egerunt,
2769 596 2821 641 et
2851 593 2970 655 post
2998 585 3095 637 ista
3143 595 3303 648 Opera
3346 577 3411 631 ad
3440 588 3669 644 precan-

2082 683 2207 738 dum
2239 697 2298 736 se
2342 681 2639 746 conferunt,
2672 680 2777 732 lzeti
2816 676 3183 732 recordatione
3212 672 3347 725 bene
3372 676 3666 738 gestorum,

2082 772 2284 841 majore
2310 786 2430 825 cum
2459 770 2731 825 alacritate
2757 766 3195 837 supplicationem
3222 775 3372 816 suam
3414 756 3666 812 offerunt.

2084 862 2153 918 Ut
2184 863 2345 931 igitur
2388 860 2486 915 hac
2528 875 2739 930 quoque
2783 867 2933 928 parte
2975 855 3307 911 efﬁcaciores
3347 851 3455 904 sint
3482 861 3670 918 preces

2084 962 2302 1018 nostrae,
2332 951 2583 1006 nimirum
2628 959 2805 1004 mente
2835 964 2930 1018 per
2969 943 3333 1002 beneﬁcentiae
3357 938 3669 995 memoriam

2084 1046 2331 1107 excitata,
2360 1058 2480 1097 cum
2508 1043 2847 1112 eleemosyna
2875 1039 2940 1093 ad
2968 1035 3291 1108 precandum
3330 1030 3667 1087 accedamus.

2085 1145 2139 1191 et
2167 1135 2450 1205 diligenter
2477 1134 2654 1189 omnia
2697 1147 2815 1202 quae
2845 1130 2983 1185 dicta
3014 1137 3138 1183 sunt
3178 1127 3231 1179 in
3263 1121 3517 1179 memoria
3547 1119 3674 1173 reti-

2088 1242 2329 1289 neamus,
2369 1234 2424 1280 et
2453 1235 2577 1279 ante
2604 1224 2782 1278 omnia
2828 1222 2972 1275 illam
3018 1231 3307 1288 pauperum
3350 1212 3670 1280 imaginem,

2087 1332 2190 1387 qua
2220 1332 2313 1371 eos
2342 1315 2448 1369 dixi
2473 1329 2572 1384 pro
2604 1312 2806 1367 foribus
2830 1310 3049 1366 oratorii
3091 1306 3406 1369 consistere,
3441 1300 3667 1370 idipsum

2088 1410 2141 1464 in
2172 1409 2361 1461 anima:
2393 1422 2545 1461 usum
2589 1412 2923 1475 prmstantes,
2954 1399 3095 1471 quod
3139 1398 3193 1452 in
3234 1393 3475 1465 corporis
3517 1404 3673 1445 usum

2090 1500 2210 1555 fons
2235 1498 2470 1554 exhibet.
2494 1497 2549 1552 Si
2577 1501 2717 1550 enim
2740 1495 2929 1547 borum
2960 1504 3223 1545 memores
3246 1486 3497 1542 continue
3520 1496 3674 1536 meo-

2090 1597 2193 1643 tem
2225 1588 2567 1651 abluerimus,
2598 1583 2887 1654 poterimus
2918 1590 2972 1636 et
3000 1592 3159 1650 puras
3188 1590 3373 1646 preces
3400 1573 3466 1628 ad
3496 1571 3670 1626 Domi-

2028 1693 2041 1706 '
2091 1696 2215 1734 num
2251 1679 2501 1748 allegare,
2533 1676 2749 1731 multam
2776 1673 2915 1742 apud
2947 1673 3110 1725 Deum
3137 1667 3378 1721 ﬁduciam
3408 1663 3672 1727 obtinere,

2090 1782 2144 1826 et
2194 1770 2406 1825 czeleste
2456 1782 2675 1837 regnum
2721 1766 2996 1833 consequi,
3041 1761 3209 1831 gratia
3254 1768 3308 1813 et
3353 1755 3673 1825 benignitate

2094 1860 2299 1915 Domini
2332 1860 2500 1913 nostri
2531 1858 2656 1913 Jesu
2683 1856 2901 1919 Christi,
2930 1853 3013 1909 cui
3041 1851 3207 1923 gloria
3233 1860 3287 1905 et
3312 1847 3593 1918 imperium
3620 1844 3673 1896 in

2091 1952 2285 2005 srrcula
2307 1941 2646 2005 saeculorum.
2674 1949 2866 2000 Amen.

901 2485 1197 2548 UTINAM
1237 2486 1778 2550 SUSTINEBETIS
1819 2469 2161 2550 MODICUM
2204 2488 2386 2561 QUID
2426 2489 2902 2550 INSIPIENTUE
2943 2489 3142 2548 mea.

415 2707 538 2749 cum
578 2695 948 2751 moderatione
975 2698 1343 2766 prtestandum
1380 2712 1521 2754 esse.
1550 2696 1790 2769 Idipsum
1834 2714 1964 2755 vero
2007 2699 2295 2754 conﬁrmat
2326 2699 2577 2769 exemplo
2614 2699 2833 2755 Davidis
2868 2707 2924 2754 et
2976 2696 3288 2752 Samuelis:
3322 2705 3376 2750 et
3417 2694 3552 2749 nihil
3582 2710 3644 2749 ve

418 2807 594 2863 obiter
618 2812 808 2881 tangit,
833 2824 941 2881 quo
973 2811 1268 2868 internosci
1294 2813 1471 2869 valeat
1500 2815 1873 2870 Antiochiazne
1901 2831 1969 2869 an
2002 2815 2473 2883 Constantinopoli
2515 2816 2654 2871 hanc
2687 2815 3003 2871 concionem
3038 2812 3311 2867 habuerit.

471 2943 968 3015 interpretationem
989 2947 1181 3007 incerti
1196 2949 1641 3020 cujusdam,’qu:e
1656 2949 1838 3004 minus
1855 2948 1989 3005 bene
2008 2949 2332 3004 concinnata
2352 2957 2487 3013 erat,
2507 2949 2891 3017 expunximus,
2913 2961 3218 3016 novamque
3236 2944 3642 3000 adornavimus.

448 3208 628 3217 ι--υκ-
644 3211 1509 3221 ~_—--——.——.—————
1525 3212 1974 3222 ———-.——_—--—-_.a

2107 3215 2420 3223 -..οφ-σῇ*-

1296 3411 1405 3483 IN
1459 3411 1681 3482 HOC
1732 3408 2247 3481 APOSTOLI
2291 3407 2729 3493 DICTUM,

763 3583 1004 3626 U'rmat
1050 3583 1495 3627 SUSTINERETIS
1532 3581 1828 3627 MODICUM
1870 3579 2023 3633 Qum
2065 3577 2467 3620 INSIPIENTIE
2510 3578 2660 3621 mea;
2693 3558 2711 3638 (
2739 3558 2798 3617 2.
2846 3557 2996 3619 Cor.
3031 3558 3126 3617 11.
3162 3558 3185 3617 1
3221 3558 3266 3636 ).

1692 3721 1942 3734 ——

463 3838 514 3890 1.
554 3835 666 3890 Veri
701 3837 887 3889 anim-is
918 3836 1066 3889 ratio.
1090 3867 1159 3875 —
1188 3836 1386 3891 Omnes
1412 3836 1657 3904 equidem
1701 3854 1821 3891 amo
1851 3854 1971 3891 san-

389 3939 527 3992 ctos,
560 3929 789 3984 maxime
831 3943 957 3983 vero
1002 3928 1211 3982 beatum
1255 3929 1496 3993 Paulum,
1526 3944 1621 3983 vas
1649 3930 1926 3984 electionis
1955 3971 1968 3994 ,

392 4019 570 4072 tubam
614 4019 903 4081 caelestem,
948 4018 1143 4072 Christi
1192 4019 1510 4087 pronubum.
1557 4018 1612 4072 Id
1656 4034 1785 4074 vero
1823 4018 1969 4085 dixi,

392 4114 677 4178 meumque
704 4124 826 4179 erga
871 4109 1015 4162 illum
1043 4123 1279 4163 amorem
1312 4110 1362 4162 in
1394 4111 1625 4164 medium
1666 4109 1881 4179 protuli,
1914 4118 1973 4163 ut

391 4199 630 4267 ejusdem
654 4215 747 4253 vos
777 4198 1062 4269 participes
1090 4199 1377 4255 efﬁcerem.
1411 4200 1541 4255 Nam
1568 4203 1655 4271 qui
1687 4216 1968 4273 corporum

387 4306 571 4344 amore
598 4291 839 4360 liagrant,
870 4291 941 4354 id,
973 4303 1026 4346 et
1052 4292 1174 4361 jure
1196 4293 1427 4361 quidem,
1463 4295 1782 4348 erubescunt
1808 4292 1969 4363 proﬁ-

387 4385 506 4457 teri,
544 4392 725 4453 utpote
749 4385 834 4453 qui
880 4384 958 4438 sic
1002 4394 1056 4438 ct
1096 4385 1195 4439 sibi
1243 4386 1521 4454 pudorem,
1566 4397 1620 4441 et
1647 4387 1853 4441 creteris
1881 4386 1973 4441 da-

386 4488 569 4528 mnum
618 4473 841 4528 infcrant
874 4492 888 4528 :
917 4476 1004 4545 qui
1037 4491 1161 4529 vero
1182 4477 1439 4545 spirituali
1466 4477 1653 4531 ardent
1674 4492 1876 4544 amore,
1919 4478 1969 4532 id

388 4568 538 4622 interi
568 4583 854 4637 numquam
882 4577 1097 4623 cessent
1131 4588 1144 4624 :
1175 4569 1370 4624 etenim
1412 4578 1465 4623 et
1492 4570 1590 4624 sibi
1617 4579 1672 4625 et
1712 4570 1970 4624 auditori-

389 4660 486 4712 hus
538 4660 650 4713 suis
700 4660 799 4713 hac
860 4660 1078 4729 pulchra
1139 4659 1474 4715 confessione
1518 4662 1830 4730 proderunt.
1880 4661 1972 4716 Ille

390 4765 619 4819 namque
649 4764 802 4802 amor
839 4750 1040 4804 crimen
1068 4759 1170 4816 est,
1215 4750 1300 4804 hic
1329 4767 1456 4805 vero
1485 4750 1656 4806 laudis
1685 4767 1971 4822 argumen-

387 4850 496 4894 tum
523 4859 539 4896 :
570 4842 658 4896 ille
704 4851 762 4895 ut
803 4842 1020 4895 morbus
1062 4842 1253 4896 anima:
1299 4842 1435 4897 male
1483 4842 1648 4908 audit,
1697 4842 1781 4896 hic
1809 4843 1969 4897 animi

387 4932 568 4986 lzetitia
596 4942 699 4996 est,
727 4931 1030 4998 exsultatio,
1058 4941 1113 4987 et
1138 4942 1353 4986 ornatus
1377 4933 1608 5001 optimus
1628 4935 1639 4984 ἐ
1663 4933 1750 4987 ille
1774 4933 1968 4987 bellum

388 5023 437 5074 in
466 5023 758 5076 amantium
788 5032 1018 5076 mentem
1052 5022 1271 5086 inducit,
1306 5022 1390 5077 hic
1418 5024 1459 5076 si
1490 5022 1632 5092 quod
1664 5023 1732 5077 sit
1774 5023 1967 5077 bellum

386 5115 645 5186 eliminat,
679 5115 730 5168 in
772 5131 1066 5186 magnaque
1116 5131 1244 5183 pace
1272 5117 1545 5170 constituit
1588 5125 1874 5171 amatores.
1906 5117 1972 5170 Et

390 5183 518 5260 1ιὶιῆ
560 5208 700 5260 nulla
747 5208 990 5277 provenit
1018 5208 1214 5261 utilitas
1239 5250 1252 5271 ,
1283 5208 1375 5263 sed
1421 5209 1581 5262 multa
1626 5211 1968 5278 pecuniarum

385 5297 605 5365 jactura,
657 5308 898 5369 sumptus
944 5300 1136 5366 insani,
1179 5300 1301 5354 vitae
1344 5300 1640 5364 subversio,
1689 5302 1966 5355 domorum

388 5401 627 5445 extrema
676 5392 980 5461 pernicies;
1015 5392 1138 5446 hinc
1168 5393 1407 5461 ingentes
1437 5393 1697 5447 bonorum
1746 5410 1965 5465 operum

387 5482 604 5548 dn'itite,
636 5484 843 5540 virtutis
873 5500 1060 5556 magna
1086 5485 1258 5555 copia.
1288 5485 1368 5539 Ad
1400 5484 1513 5540 hzcc
1551 5502 1679 5540 vero
1709 5486 1968 5541 formoso-

388 5588 505 5627 rum
524 5588 804 5645 corporum
823 5586 1106 5647 amatores,
1125 5578 1210 5653 qui
1233 5579 1296 5633 ad
1319 5577 1539 5635 decoras
1561 5577 1720 5635 facies
1743 5577 1963 5646 inhiant,

1946 3701 2336 3757 eme——

2081 3838 2125 3893 si
2156 3848 2335 3907 turpes
2364 3837 2461 3905 ipsi
2493 3837 2599 3891 sint
2627 3850 2689 3891 ac
2714 3834 3002 3900 deformes,
3033 3835 3160 3888 nihil
3201 3850 3265 3890 ex
3308 3849 3489 3888 earum
3518 3836 3670 3904 cupi-

2081 3929 2205 3983 dine
2231 3928 2296 3981 ad
2323 3926 2712 3982 deformitatem
2741 3940 2889 3979 suam
2911 3924 3337 3979 commutandam
3358 3925 3665 3990 lucramur;

2081 4019 2173 4073 sed
2204 4034 2269 4074 ex
2313 4018 2709 4087 comparatione
2754 4017 3017 4086 turpiores
3061 4017 3512 4085 deformioresque
3550 4031 3669 4071 esse

2081 4110 2328 4164 videntur
2357 4127 2369 4162 :
2400 4118 2584 4165 contra
2613 4124 2739 4165 vero
2766 4110 2956 4165 accidit
2981 4110 3032 4163 in
3065 4109 3165 4163 hoc
3192 4124 3393 4163 amore.
3424 4107 3553 4161 Nam
3579 4111 3667 4177 qui

2081 4213 2345 4271 sanctam,
2377 4203 2685 4266 formosam,
2735 4202 3067 4271 splendidam
3108 4212 3161 4257 et
3204 4202 3451 4257 decoram
3498 4201 3669 4271 diligit

2080 4296 2334 4361 animam,
2357 4295 2455 4349 etsi
2481 4295 2736 4351 deformis
2757 4294 2847 4349 ille
2869 4296 2957 4361 sit,
2982 4295 3079 4349 etsi
3102 4295 3336 4348 omnium
3365 4292 3664 4348 mortalium

2082 4387 2438 4456 turpissimus,
2485 4387 2537 4440 in
2583 4397 2884 4441 sanctorum
2930 4401 3111 4440 amore
3156 4400 3532 4455 perseverans,
3564 4386 3669 4438 cito

2081 4477 2201 4531 talis
2230 4477 2354 4542 erit,
2402 4477 2572 4546 qualis
2620 4477 2665 4530 is
2703 4478 2790 4546 qui
2824 4486 3050 4531 amatur.
3099 4475 3153 4529 id
3185 4476 3325 4529 enim
3366 4484 3448 4530 est
3474 4476 3668 4530 divina:

2080 4568 2420 4639 benignitatis
2464 4583 2618 4638 opus,
2651 4567 2791 4638 quod
2820 4582 3014 4636 corpus
3039 4566 3279 4621 deforme
3321 4575 3375 4621 et
3420 4568 3665 4621 mutilum

2082 4665 2310 4733 nequeat
2350 4657 2621 4713 emendari
2647 4698 2662 4723 ,
2703 4660 2878 4712 anima
2924 4673 3048 4711 vero
3093 4658 3260 4726 turpis
3303 4671 3366 4711 ac
3410 4655 3669 4713 deformis

2080 4749 2357 4821 Splendida
2400 4748 2700 4817 decoraque
2745 4749 2912 4818 possit
2957 4749 3116 4803 efﬁci.
3149 4749 3225 4803 Ex
3274 4748 3670 4817 pulchritudine

2080 4841 2221 4896 enim
2250 4840 2389 4895 illius
2409 4840 2537 4895 nihil
2562 4841 2690 4895 lucri
2733 4840 3013 4909 provenit,
3044 4856 3106 4895 ex
3148 4838 3536 4909 pulchritudine
3569 4856 3669 4895 au-

2084 4943 2186 4988 tem
2228 4933 2421 4989 anima:
2464 4942 2542 4987 tot
2589 4942 2809 5002 possunt
2837 4933 3051 5003 excerpi
3098 4932 3256 4995 bona,
3289 4940 3417 5001 quot
3462 4946 3556 5000 par
3585 4940 3665 4985 cst

2080 5028 2321 5083 obtinere
2365 5044 2508 5093 cum,
2541 5028 2628 5097 qui
2661 5028 2826 5081 Deum
2875 5037 3165 5081 amatorem
3212 5025 3425 5080 habeat.
3457 5025 3530 5079 De
3562 5024 3662 5079 hac

2080 5118 2473 5189 pulchritudine
2494 5120 2658 5173 David
2679 5119 2728 5172 in
2753 5118 2977 5173 Psalmis
2998 5133 3195 5173 canens
3222 5118 3291 5172 ait
3318 5136 3332 5173 :
3360 5117 3508 5182 Audi,
3527 5117 3661 5184 ﬁlia,

2079 5222 2125 5265 et
2151 5211 2280 5277 vide,
2309 5222 2353 5266 ct
2380 5212 2569 5265 inclina
2595 5228 2767 5264 aurem
2803 5221 2960 5277 (uani,
3008 5220 3054 5263 et
3082 5210 3368 5263 obliviscere
3420 5207 3661 5280 populum

2079 5313 2241 5366 tuum,
2273 5313 2319 5358 et
2342 5304 2543 5357 donmm
2572 5304 2730 5373 patris
2757 5303 2831 5355 tui
2858 5319 2876 5356 :
2903 5312 2949 5356 et
2987 5303 3302 5369 concupisrct
3327 5316 3414 5353 rea;
3438 5310 3664 5352 decorem

2078 5404 2218 5448 tuum
2251 5394 2418 5466 (Psal.
2451 5397 2539 5451 Η.
2578 5397 2659 5449 ll.
2695 5395 2776 5467 l2)
2814 5413 2826 5449 :
2860 5395 3107 5449 decorem
3154 5392 3242 5448 hic
3282 5393 3473 5446 animm
3500 5391 3661 5458 dicit,

2078 5488 2165 5556 qui
2194 5487 2388 5543 virtute
2416 5490 2713 5558 pietateque
2737 5488 3094 5543 constituitur.

2144 5580 2198 5637 2.
2228 5578 2358 5636 Cum
2386 5596 2511 5652 ergo
2544 5592 2742 5637 tantum
2770 5582 2839 5636 sit
2860 5582 3065 5636 lucrum
3096 5581 3177 5646 iis,
3198 5584 3435 5655 quicum
3456 5581 3658 5637 sanctis
