4060 6260
400 186 498 242 503
1100 188 1162 242 S.
1202 186 1477 244 .iOANNlS
1514 185 1983 245 CllRYSOSTOMi
2028 186 2340 243 ARCHIEP.
2383 184 2911 244 CONSTANTINOP.

397 299 773 355 communione
794 304 1107 372 jungunlnr,
1130 302 1328 357 amoris
1353 303 1455 358 mei
1480 302 1760 373 participes
1784 311 1973 357 estote:

401 391 540 445 hunc
570 403 813 446 sanetum
842 408 1049 445 summo
1075 409 1194 447 cum
1222 394 1413 450 all‘ectu
1437 395 1733 465 diligamus.
1773 396 1906 451 Nam
1934 398 1978 451 si

404 482 488 535 hic
515 496 666 535 amor
710 482 763 534 in
807 484 1039 536 animmn
1082 483 1409 553 ingrediatur
1448 495 1710 552 nostrum,
1742 486 1978 556 splendi-

399 570 626 641 damque
656 570 919 625 flammam
951 574 1143 628 excitet
1172 591 1187 628 :
1220 574 1264 628 si
1309 575 1433 644 quid
1463 577 1758 646 spinosum,
1786 578 1828 632 si
1854 578 1978 648 qttid

399 674 646 714 saxosum
676 662 758 715 vel
786 677 1058 730 asiierum,
1086 664 1170 718 vel
1197 666 1463 735 stupidum
1497 667 1547 720 in
1575 667 1979 737 cogitationibus

402 752 599 805 nostris
639 751 892 821 offendat,
926 764 1033 808 tum
1065 757 1112 811 id
1162 758 1467 825 absumens,
1497 767 1604 813 tum
1655 760 1782 814 illud
1810 762 1977 815 emolc

400 841 554 904 liens,
602 843 831 897 animam
884 855 1118 899 nostram
1170 863 1269 902 ceu
1318 849 1512 918 pingue
1556 865 1741 904 arvum
1788 851 1981 907 div'nte

402 934 624 987 sementi
672 944 849 1003 aptum
895 938 1108 992 efﬁciet.
1139 938 1249 994 Nec
1289 940 1418 995 mihi
1446 939 1614 1007 dicas,
1646 941 1841 996 Paulus
1884 958 1982 997 nec

400 1024 549 1079 adest
580 1041 738 1092 nunc,
772 1043 870 1081 nec
898 1031 1064 1083 oeulis
1090 1031 1415 1100 conspicitur
1438 1034 1636 1087 nostris
1660 1049 1674 1098 ;
1715 1033 1982 1103 quomodo

403 1115 567 1180 possit
591 1117 756 1171 amari
789 1118 853 1184 is,
886 1136 1039 1188 quem
1072 1136 1175 1174 non
1209 1121 1492 1176 videmus?
1518 1122 1660 1177 Nihil
1689 1126 1830 1178 enim
1858 1124 1981 1180 huic

401 1206 566 1260 amori
599 1216 681 1262 est
707 1209 1084 1277 impedimento
1112 1230 1125 1264 :
1155 1213 1350 1267 etenim
1380 1225 1433 1269 et
1457 1215 1727 1270 absentem
1759 1231 1940 1272 amare
1962 1259 1978 1285 ,

399 1304 448 1348 et
480 1296 582 1349 nun
612 1310 954 1367 conspectmn
983 1301 1204 1372 diligere
1250 1319 1549 1373 possumus,
1593 1321 1712 1361 cum
1743 1310 1980 1364 maxime

403 1394 480 1440 tot
508 1396 561 1442 et
590 1389 709 1441 talia
747 1390 980 1457 quotidie
1010 1394 1218 1447 virtutis
1266 1396 1404 1451 illius
1431 1411 1772 1454 monumenta
1800 1400 1981 1454 videa-

403 1491 539 1543 mus,
586 1494 777 1549 nompe
830 1482 1093 1537 Ecclesias
1139 1484 1334 1555 ubique
1380 1494 1638 1541 terrarum
1686 1490 1978 1557 stabilitas,

402 1570 687 1639 impietatis
718 1574 1073 1640 eversionem,
1100 1575 1355 1646 improbte
1379 1579 1501 1634 vita:
1522 1580 1574 1634 in
1597 1581 1786 1636 melius
1811 1592 1982 1638 muta-

404 1661 621 1726 tionem,
667 1667 863 1720 erroris
906 1668 1297 1738 expulsionem,
1344 1669 1546 1727 dirutas
1589 1687 1729 1739 aras,
1771 1675 1980 1730 occlusa

404 1753 632 1822 templa,
678 1753 978 1811 daemonum
1030 1758 1316 1814 silentium.
1375 1761 1499 1816 Haec
1545 1763 1740 1833 quippe
1803 1766 1980 1820 omnia

404 1842 548 1895 Pauli
578 1843 760 1899 efficax
794 1846 991 1917 lingua,
1024 1848 1199 1902 divina
1229 1850 1522 1920 inspirante
1547 1854 1736 1923 gratia,
1766 1852 1980 1909 destru-

403 1936 496 2002 xit,
515 1951 576 1990 ac
600 1937 933 2006 splendidam
960 1940 1154 2011 ubique
1184 1941 1388 2010 pietatis
1427 1942 1692 1997 ﬂammam
1718 1945 1978 2000 accendit.

403 2025 531 2079 Cum
578 2036 653 2081 tot
675 2028 947 2100 tantisque
975 2032 1148 2101 gestis.
1189 2032 1324 2102 ejus,
1356 2033 1550 2087 adsunt
1578 2048 1789 2103 quoque
1817 2050 1982 2090 sacra:

405 2115 541 2170 illius
567 2117 824 2186 epistolae,
854 2135 972 2189 qua:
1002 2122 1165 2176 beata:
1204 2123 1325 2191 ejus
1351 2123 1540 2177 anima:
1562 2122 1787 2178 formam
1821 2139 1981 2178 accu-

406 2214 519 2261 rate
541 2208 693 2263 nobis
720 2209 1027 2281 depingant.
1060 2214 1134 2267 Ac
1159 2214 1202 2266 si
1242 2228 1370 2283 ergo
1398 2229 1515 2268 cum
1548 2216 1663 2285 ipso
1689 2216 1852 2270 Paulo
1872 2217 1980 2287 jam

406 2308 665 2364 prmsente
689 2309 743 2355 et
773 2302 1046 2357 nobiscum
1073 2315 1321 2359 versante
1340 2305 1744 2374 dissereremus,
1772 2307 1850 2361 sic
1870 2309 1983 2377 ejus

404 2390 612 2457 scriptis
641 2390 877 2447 studiose
921 2394 1376 2464 obtemperemus,
1411 2398 1592 2452 intima
1625 2408 1678 2452 et
1725 2399 1981 2468 profunda

404 2480 752 2548 explicemus,
781 2483 1044 2539 discamus
1070 2487 1196 2556 quid
1225 2488 1350 2542 illud
1394 2489 1462 2543 sit
1489 2491 1627 2559 quod
1660 2490 1816 2545 hodie
1844 2493 1985 2546 voci-

410 2573 681 2628 ferabatur
708 2575 889 2630 dicens
922 2595 935 2631 :
972 2577 1176 2633 Utinam
1225 2582 1534 2636 sustineretis
1572 2584 1823 2638 modicum
1865 2586 1985 2654 quid

405 2663 706 2732 insipientia:
743 2682 866 2720 mete
888 2683 907 2732 ;
932 2668 1021 2721 sed
1062 2678 1109 2722 et
1134 2679 1425 2739 supportate
1468 2688 1544 2724 me
1574 2688 1590 2725 :
1615 2673 1828 2727 wnntlor
1855 2676 1986 2728 enim

407 2768 491 2807 eos
542 2752 639 2808 Dei
683 2758 1001 2813 a’mulatione
1050 2759 1125 2832 (2.
1162 2759 1279 2816 Cor.
1339 2763 1424 2817 ll.
1480 2765 1528 2817 1.
1573 2761 1648 2835 ἓ).
1700 2765 1835 2831 Quid
1882 2766 1983 2833 ais,

410 2844 613 2901 Paule?
641 2845 740 2914 Qui
781 2848 937 2918 jubes
983 2850 1271 2920 discipulos
1316 2853 1367 2907 in
1416 2855 1668 2922 sapientia
1716 2855 1985 2911 ambulare

409 2952 531 3008 erga
560 2949 862 3006 extraneos,
892 2943 979 3012 qui
1005 2942 1159 3011 dicis;
1193 2944 1375 3000 Sermo
1402 2956 1556 3000 vester
1579 2964 1772 3018 semper
1790 2947 1842 3002 in
1864 2965 1980 3018 gra-

408 3029 477 3082 tia
503 3030 608 3084 sale
634 3032 698 3085 sit
740 3033 991 3101 conditus,
1039 3044 1092 3089 ut
1141 3036 1310 3091 sciatis
1357 3038 1604 3106 quomodo
1647 3049 1870 3108 aperteat
1902 3055 1988 3094 vos

410 3121 674 3191 unicuique
699 3123 1001 3193 respondere
1027 3124 1246 3191 (Coloss.
1274 3127 1326 3181 4.
1356 3127 1409 3182 5.
1442 3127 1499 3198 6)
1524 3143 1538 3192 ;
1572 3128 1659 3197 qui
1684 3133 1987 3198 apprccaris

408 3213 683 3275 omnibus,
718 3222 775 3267 ut
803 3217 1070 3284 sapientia
1096 3219 1414 3286 repleantur
1454 3220 1724 3288 spirituali
1753 3223 1988 3292 (Coloss.

411 3303 432 3353 Ἰ
448 3342 461 3354 .
480 3302 555 3371 9),
584 3301 696 3370 ipse
719 3302 876 3367 dicis,
910 3304 1124 3359 Utinam
1143 3309 1468 3361 sustineretis
1492 3310 1749 3363 modicum
1768 3312 1894 3382 quid
1912 3313 1990 3365 iu-

409 3392 666 3462 sipieulia:
687 3395 851 3448 meat?
871 3395 991 3449 Non
1011 3397 1144 3452 satis
1166 3407 1285 3453 erat
1303 3399 1399 3454 tibi
1418 3400 1639 3470 aliquod
1659 3401 1987 3472 insipientia:

412 3483 630 3536 verbum
674 3486 936 3552 emisisse,
983 3487 1074 3542 sed
1108 3497 1162 3543 et
1190 3490 1461 3562 discipulis
1506 3493 1634 3548 illud
1663 3495 1864 3551 ell‘ers?
1890 3512 1989 3552 nec

413 3571 571 3627 modo
600 3573 756 3630 ellers
803 3576 1094 3646 discipulis,
1123 3579 1214 3634 sed
1264 3581 1315 3636 id
1359 3585 1605 3639 omnibus
1653 3595 1772 3654 post
1800 3585 1988 3643 futuris

411 3662 714 3720 hominibus
744 3681 837 3735 per
862 3669 1138 3737 epistolam
1166 3681 1347 3727 notum
1375 3671 1545 3728 facis?
1575 3676 1989 3733 Animadvertite

410 3769 569 3824 quam
597 3771 702 3811 non
743 3768 985 3827 oporteat
1015 3761 1152 3816 dicta
1199 3771 1400 3819 temere
1440 3776 1869 3835 praeter-currere,
1895 3769 1988 3824 sed

412 3864 575 3905 unum
602 3851 846 3923 quodque
888 3864 1133 3910 accurate
1157 3858 1427 3912 scrutari?
1453 3857 1583 3912 lllud
1615 3861 1755 3914 enim
1786 3861 1828 3915 si
1858 3864 1990 3915 sim-

412 3940 621 4010 pliriter
663 3943 899 4015 legatur,
947 3945 1147 4002 circum
1193 3949 1449 4003 emittitur
1504 3949 1834 4006 auditoribus
1864 3970 1879 4007 :
1907 3952 1988 4006 sin

415 4048 540 4089 vero
563 4036 912 4102 examinctur,
946 4053 1186 4107 magnam
1214 4039 1446 4094 ostendit
1474 4040 1620 4093 Pauli
1653 4041 1987 4110 sapientiam,

416 4140 656 4195 magnam
701 4125 1057 4197 prudentiam,
1088 4127 1402 4183 ineffabilem
1433 4144 1634 4182 curam.

484 4217 539 4274 5.
574 4216 616 4268 Α
656 4215 1102 4286 Pseudoapostolis
1141 4227 1405 4272 accusatus
1445 4216 1642 4272 Paulus
1682 4234 1735 4272 se
1782 4218 1994 4273 laudare

413 4307 626 4376 cogitur.
657 4334 729 4345 —
756 4305 891 4374 Quid
920 4306 1129 4360 tandem
1156 4306 1282 4360 illud
1305 4316 1385 4361 est
1411 4306 1548 4377 quod
1573 4307 1798 4364 dicitur?
1828 4308 1992 4363 Pseu-

417 4397 713 4468 doaposmli
735 4398 886 4452 nmlti
912 4408 1063 4453 erant
1090 4398 1226 4468 apud
1252 4397 1557 4456 Corinthios
1583 4401 1672 4472 qui
1699 4400 1841 4470 ipsos
1868 4416 1991 4457 cor-

417 4498 802 4557 rnmperentac
833 4490 1049 4544 Paulum
1078 4500 1427 4557 accusarent,
1478 4490 1592 4562 ejus
1643 4491 1859 4559 famam,
1887 4507 1990 4562 qua

418 4579 555 4649 apud
585 4581 872 4651 discipulos
896 4596 1023 4637 suos
1051 4582 1277 4648 valebat,
1302 4582 1524 4638 subdole
1562 4583 1814 4638 lmdcntcs
1833 4625 1846 4645 ,
1874 4583 1990 4638 dic-

419 4673 564 4727 tcriis
594 4672 739 4726 illum
770 4672 1157 4728 subsannantes
1182 4714 1197 4738 ,
1230 4681 1288 4727 ut
1318 4680 1652 4742 arrogantem
1682 4673 1990 4727 insimulan-

418 4775 515 4818 Ies.
545 4761 656 4817 Hos
679 4754 988 4833 plerumque
1028 4764 1078 4817 in
1120 4764 1342 4832 epistola
1383 4778 1476 4817 sua
1518 4762 1773 4832 impetere
1802 4763 1991 4832 depre-

419 4855 664 4909 henditur
688 4872 701 4909 :
733 4854 1179 4926 quemadmodum
1200 4870 1321 4909 cum
1352 4854 1504 4920 dicit,
1526 4853 1645 4908 Non
1670 4872 1844 4909 sumus
1862 4856 1992 4909 sicut

415 4950 614 5010 (reteri,
646 4946 985 5000 adulterantes
1030 4946 1230 4999 verbum
1282 4944 1375 4998 Dei
1415 4943 1651 5018 (2.6m.
1678 4943 1875 5014 2.17);
1930 4959 1994 5000 ac

418 5050 600 5090 rursus
620 5050 738 5089 cum
767 5034 910 5099 dicit,
932 5033 1056 5090 Sine
1080 5051 1229 5089 onere
1253 5050 1330 5087 me
1354 5034 1490 5088 vobis
1507 5034 1694 5087 servavi
1713 5032 1797 5105 (Ib
1824 5049 1870 5086 τε.
1902 5035 1990 5087 11.

419 5129 599 5195 9):ac
646 5125 911 5197 pollicitus
954 5140 1012 5180 se
1069 5126 1205 5180 hanc
1248 5125 1416 5195 legem
1462 5139 1674 5194 semper
1722 5125 1991 5179 immotam

417 5229 747 5275 servaturum
768 5234 920 5275 esse:
952 5216 1047 5273 Est
1077 5220 1240 5284 enim,
1274 5219 1463 5288 inquit,
1495 5219 1674 5271 veritas
1700 5216 1885 5271 Christi
1942 5217 1994 5270 in

417 5329 494 5364 me
519 5328 536 5365 :
567 5313 802 5380 quoniam
825 5313 933 5365 lucc
958 5310 1193 5381 gloriatio
1216 5325 1326 5364 mea
1356 5326 1456 5363 non
1485 5308 1786 5379 infringatur
1813 5309 1866 5361 in
1910 5324 1992 5361 re-

418 5405 647 5473 gionibus
674 5405 877 5459 Achaica
898 5404 915 5475 (
936 5403 1016 5457 Ib.
1045 5418 1074 5456 υ
1120 5401 1245 5473 10);
1278 5417 1399 5457 cum
1421 5400 1612 5455 deinde
1634 5415 1845 5455 causam
1869 5400 1994 5453 suh-

415 5495 608 5565 jumtit,
662 5496 954 5550 sceleratos
1007 5495 1127 5549 illus
1172 5493 1468 5549 subindicat
1513 5492 1742 5547 dicens:
1780 5488 1995 5556 Quare?

423 5584 557 5653 Quia
580 5602 680 5639 non
709 5587 863 5658 diligo
884 5585 1021 5641 eos?
1074 5585 1204 5642 Deus
1249 5586 1359 5641 scit.
1394 5585 1542 5654 Quod
1570 5593 1737 5639 autem
1762 5582 1897 5653 facio
1942 5593 1995 5637 et

3556 190 3664 247 3M

2091 302 2276 371 faciam
2299 317 2317 355 :
2340 310 2393 354 ut
2414 310 2668 370 amputem
2695 302 3005 354 occasionem
3036 314 3227 367 eorum,
3281 305 3371 375 qui
3399 304 3556 357 voluit
3579 319 3664 356 or—

2086 390 2336 445 casianem
2364 391 2438 461 (2.
2465 390 2581 445 Cor.
2617 392 2703 445 ll.
2729 391 2853 460 12);
2888 400 2943 446 et
2973 400 3096 445 ante
3121 390 3236 446 hmc
3264 391 3551 462 discipulos
3576 407 3669 446 eo-

2088 478 2346 545 hortatur,
2370 495 2439 534 ne
2455 481 2624 551 ipsmn
2641 480 2891 535 inducant
2907 481 2956 533 in
2977 481 3351 535 necessitatem
3374 498 3522 535 suam
3540 483 3671 551 ipsis

2089 577 2405 639 potestatem
2428 570 2734 635 exhibendi,
2765 570 2834 624 ita
2865 570 3086 624 dicens:
3124 570 3267 641 Rogo
3291 582 3457 625 autem
3483 588 3570 625 vos
3612 588 3671 625 ne

2089 678 2308 731 pratscns
2332 662 2568 724 audeam,
2605 679 2694 731 per
2732 678 2841 715 eam
2872 663 3228 730 conﬁdentiam
3274 680 3375 734 qua
3410 664 3672 718 existimor

2085 753 2292 815 audere,
2314 753 2368 806 in
2387 753 2633 820 quosdam
2656 755 2741 823 qui
2763 753 3072 807 arbitrantur
3102 770 3193 808 nos
3214 764 3469 821 tamquam
3487 770 3668 808 scam-

2086 843 2210 896 dum
2233 858 2435 897 carnem
2459 845 2770 897 ambulemus
2799 845 2817 913 (
2833 844 2887 896 3.
2919 841 3037 899 Cor.
3069 844 3153 898 10.
3182 844 3261 916 2).
3284 844 3347 899 Hi
3380 843 3523 899 enim
3543 845 3670 915 ipsi,

2086 932 2153 985 de
2178 933 2365 1001 quibus
2395 932 2508 987 haec
2533 934 2624 995 ait,
2653 948 2748 1003 per
2778 933 3000 987 ironiam
3033 933 3205 1004 ipsum
3232 934 3535 1002 incusantes
3556 935 3674 990 brer.

2087 1022 2334 1078 dicebant
2365 1043 2377 1078 :
2406 1026 2659 1095 epistolas
2700 1025 2846 1080 Pauli
2881 1041 3126 1095 magnum
3168 1041 3277 1096 prae
3305 1042 3366 1081 se
3397 1029 3534 1082 ferre
3587 1038 3674 1081 tu-

2088 1129 2289 1169 morem
2320 1123 2374 1168 et
2398 1116 2682 1170 verborum
2711 1117 3088 1186 arrogantiam,
3132 1116 3306 1185 ipsum
3339 1132 3466 1171 vero
3514 1118 3670 1172 nihili

2088 1220 2228 1270 esse,
2256 1206 2413 1260 vilem
2441 1215 2495 1261 et
2519 1206 2805 1276 abjectum.
2837 1207 3188 1277 Posteaquam
3225 1217 3399 1263 autem
3431 1209 3532 1264 huc
3575 1210 3672 1262 ad-

2091 1297 2315 1361 venerit,
2344 1297 2578 1363 aiehant,
2604 1298 2801 1351 nullius
2819 1297 2972 1367 pretii
2995 1297 3188 1367 dignus
3203 1298 3501 1354 videbitur:
3527 1300 3672 1370 quod

2089 1387 2259 1456 ipsum
2282 1386 2559 1442 declarans
2586 1387 2795 1442 dicebat
2821 1403 2834 1440 :
2874 1388 2942 1442 Ut
2961 1398 3128 1442 autem
3144 1405 3245 1443 non
3265 1391 3518 1445 existimer
3538 1402 3670 1444 tam-

2088 1496 2236 1550 quam
2283 1490 2466 1533 terrere
2488 1496 2574 1534 vos
2601 1497 2690 1549 per
2715 1481 2954 1546 epistolas
2982 1498 3000 1534 :
3026 1482 3265 1550 quoniam
3315 1482 3517 1551 quidem
3564 1485 3673 1551 epi-

2088 1572 2250 1639 stolte,
2274 1573 2526 1643 inquiunt,
2556 1588 2730 1643 graves
2767 1582 2953 1628 suntet
2979 1577 3133 1644 fortes
3158 1590 3176 1628 :
3208 1577 3477 1645 prtescntia
3503 1586 3670 1629 autem

2031 1655 2050 1672 ⁶
2088 1663 2314 1732 corporis
2342 1663 2563 1732 inﬁrma,
2590 1672 2635 1717 et
2658 1680 2820 1718 sermo
2839 1665 3227 1735 contemptibilis
3252 1664 3358 1731 (Ib.
3391 1682 3440 1720 ν.
3479 1667 3532 1722 9.
3558 1668 3669 1735 10).

2089 1752 2289 1808 Deinde
2317 1752 2620 1809 Corinthios
2649 1754 2814 1824 ipsos,
2846 1755 2935 1825 qui
2983 1757 3218 1824 persuasi
3249 1757 3480 1823 fuerant,
3510 1774 3672 1813 accn-

2088 1860 2214 1900 sans
2238 1846 2329 1912 ait,
2362 1846 2626 1917 Numquid
2652 1856 2910 1916 peccatum
2949 1849 3067 1916 feci,
3100 1847 3348 1918 meipsum
3368 1850 3669 1910 humilium.

2089 1945 2143 1990 ut
2169 1952 2258 1991 vos
2282 1938 2571 1992 exaltemini
2601 1938 2676 2006 (2.
2700 1937 2818 1992 Cor.
2844 1939 2929 1992 H.
2966 1937 3064 2007 7)?
3094 1938 3160 2001 Et
3186 1938 3286 1994 hoc
3335 1941 3551 2000 crimen,
3584 1942 3673 1995 di-

2089 2029 2239 2083 luens
2266 2029 2338 2084 ait
2364 2029 2573 2094 iterum,
2597 2028 2729 2094 Quia
2751 2030 2923 2100 quales
2934 2046 3110 2084 sumus
3132 2030 3277 2084 verba
3307 2049 3398 2103 per
3427 2033 3672 2102 epistolas

2088 2125 2334 2187 absentes,
2356 2123 2479 2177 tales
2508 2132 2553 2176 et
2573 2132 2840 2191 prementes
2861 2124 2912 2175 in
2924 2127 3058 2193 facta
3076 2121 3285 2193 (λόον.
3305 2108 3371 2179 1Ὀ
3416 2124 3671 2192 ll).Quia

2090 2212 2248 2282 igitur
2274 2212 2425 2285 multi
2454 2212 2592 2282 apud
2616 2212 2732 2266 illos
2757 2221 2906 2267 erant
2935 2213 3385 2282 pseudoapostoli,
3440 2229 3576 2284 quos
3617 2225 3673 2269 et

2090 2304 2364 2372 operarios
2392 2304 2606 2359 dolosos
2630 2304 2889 2370 nominat,
2920 2303 2996 2358 sic
3020 2303 3150 2358 dicit
3175 2322 3187 2357 :
3229 2304 3366 2358 Nam
3422 2307 3676 2377 ejusmodi

2094 2395 2503 2463 pseudoapostoli
2528 2394 2749 2461 operarii
2770 2392 2973 2448 subdoli
2992 2403 3130 2459 sunt,
3150 2395 3576 2465 transﬁgurantes
3619 2413 3674 2450 se

2089 2489 2142 2535 in
2162 2482 2414 2553 apostolos
2441 2482 2646 2537 Christi.
2681 2479 2742 2536 Et
2786 2498 2886 2537 non
2907 2483 3088 2536 mirum
3114 2499 3132 2536 :
3159 2484 3267 2553 ipse
3291 2485 3424 2537 enim
3451 2483 3673 2539 Satanas

2092 2575 2416 2645 transﬁgurat
2441 2590 2493 2629 se
2516 2575 2571 2628 in
2592 2576 2825 2646 angelum
2848 2575 2996 2630 lucis.
3030 2575 3150 2630 Non
3180 2587 3253 2630 est
3285 2593 3404 2648 ergo
3428 2594 3671 2649 magnum

2089 2667 2134 2719 si
2177 2667 2393 2720 ministri
2433 2668 2542 2738 ejus
2586 2668 3007 2738 transﬁgnrentur
3046 2671 3178 2722 velut
3220 2670 3441 2723 ministri
3457 2670 3673 2741 jnstitite

2091 2755 2322 2829 (9..Cor.
2350 2756 2434 2810 ll.
2479 2756 2692 2827 1545).
2725 2755 2856 2811 Cum
2889 2756 3066 2826 -igitur
3114 2756 3192 2822 hi,
3239 2757 3531 2812 innumeris
3576 2774 3672 2812 es-

2092 2851 2333 2918 engitatis
2353 2858 2539 2905 contra
2567 2864 2688 2905 eum
2735 2849 3035 2915 calumniis,
3069 2849 3343 2921 discipulis
3369 2862 3621 2907 nocerent
3650 2894 3670 2918 ,

2095 2942 2268 2994 minus
2295 2950 2675 3010 congruentem
2702 2940 2936 2995 doctoris
2948 2941 3395 2997 cxiStimationem
3419 2943 3672 2999 inducen-

2096 3041 2196 3098 tes,
2234 3032 2441 3102 cogitur
2470 3032 2559 3087 ille
2587 3032 2803 3087 demum
2835 3033 2885 3087 in
2914 3033 3249 3102 propriarum
3280 3033 3491 3088 laudum
3517 3049 3668 3089 com-

2093 3124 2528 3178 memorationem
2576 3123 2840 3178 incidere:
2870 3139 3041 3193 neque
3065 3124 3208 3178 enim
3234 3124 3373 3178 ultra
3403 3126 3562 3179 silere
3590 3137 3668 3178 tn-

2094 3224 2205 3269 tum
2233 3223 2366 3269 erat.
2385 3214 2519 3281 Quia
2543 3215 2700 3284 igitur
2723 3229 2815 3269 sua
2841 3214 2994 3269 nobis
3013 3215 3303 3269 certamina
3328 3225 3668 3269 enarraturus

2093 3313 2196 3370 est,
2242 3319 2451 3359 necnon
2481 3319 2593 3372 eas,
2624 3319 2756 3374 quas
2775 3305 2926 3371 vidit,
2954 3305 3329 3372 revelationes,
3356 3306 3666 3375 laboresque

2093 3411 2227 3465 quos
2252 3397 2415 3452 subiit
2447 3412 2460 3449 :
2491 3405 2549 3450 ut
2576 3396 2823 3451 ostendat
2849 3395 3093 3451 omnibus
3118 3411 3175 3451 se
3201 3411 3343 3466 tegre
3364 3405 3418 3450 et
3447 3396 3665 3450 invitum

2097 3488 2145 3541 id
2197 3503 2375 3558 agere,
2403 3503 2466 3544 ac
2514 3488 2636 3542 licet
2680 3488 2731 3543 id
2770 3488 3127 3543 necessarium
3173 3503 3295 3544 esse
3321 3489 3515 3554 videat,
3547 3489 3669 3543 insi-

2096 3580 2346 3649 pientiam
2376 3590 2549 3635 tamen
2575 3579 2625 3633 id
2654 3589 2827 3646 vocat,
2855 3580 2934 3634 sic
2958 3580 3201 3650 loquens,
3229 3579 3435 3636 Utinam
3459 3582 3668 3635 sustine-

2095 3671 2215 3724 retis
2244 3670 2496 3724 modicum
2516 3671 2636 3740 quid
2658 3670 2962 3739 insipientia:
2982 3685 3123 3724 mea.
3159 3669 3292 3724 Rem
3320 3670 3558 3734 stultam,
3587 3670 3668 3723 in-

2097 3762 2230 3831 quit,
2259 3775 2603 3832 aggressurus
2629 3776 2768 3827 sum,
2796 3768 2854 3814 ut
2882 3761 3143 3830 meipsum
3172 3759 3381 3815 laudem
3428 3769 3485 3815 et
3531 3761 3668 3814 cele-

2099 3852 2244 3907 brcm
2269 3871 2283 3919 ;
2315 3861 2368 3906 at
2392 3866 2497 3906 non
2524 3867 2624 3922 ego
2647 3852 2698 3905 in
2724 3865 2882 3906 causa
2910 3865 3050 3918 sum,
3078 3850 3172 3907 sed
3194 3849 3230 3904 ii
3258 3851 3452 3920 potius,
3478 3851 3565 3920 qui
3589 3864 3671 3904 me

2099 3943 2150 3997 in
2179 3943 2314 3998 hanc
2336 3943 2703 3998 necessitatem
2719 3942 3076 4011 impulerunt:
3107 3956 3272 4011 quare
3300 3956 3431 4011 rogo
3453 3956 3537 3996 me
3558 3956 3671 3995 sus-

2102 4033 2333 4100 tineatis,
2364 4033 2579 4103 illisque
2600 4047 2718 4091 eam
2746 4046 2962 4086 causam
2987 4031 3280 4101 impntetis.

2169 4126 2223 4179 4.
2266 4123 2335 4178 At
2362 4124 2483 4179 vide
2518 4122 2646 4179 mihi
2695 4124 2841 4179 Pauli
2869 4123 3239 4193 prudentiam:
3266 4137 3389 4177 cum
3415 4122 3671 4189 dixisset,

2105 4214 2312 4269 Utinam
2334 4214 2649 4267 sustineretis
2674 4214 2926 4267 modicum
2949 4213 3070 4282 quid
3091 4214 3393 4282 insipientite
3415 4229 3560 4277 metr,
3588 4212 3671 4264 sed

2100 4317 2146 4359 et
2171 4314 2465 4375 supportate
2502 4321 2581 4358 me
2604 4320 2625 4359 :
2651 4304 2864 4358 aemulor
2908 4305 3039 4359 enim
3065 4319 3149 4357 vos
3193 4302 3291 4357 Dei
3335 4303 3671 4364 mmulatiom»,

2100 4411 2204 4451 non
2238 4396 2415 4451 statim
2442 4397 2507 4451 ad
2533 4395 2749 4450 laudum
2781 4396 3137 4448 narrationem
3167 4393 3344 4457 venit,
3368 4392 3462 4447 sed
3519 4392 3673 4445 inter-

2101 4487 2288 4556 positis
2311 4485 2508 4550 verbis,
2542 4487 2620 4541 sic
2639 4484 2801 4540 infert
2825 4502 2838 4537 :
2871 4483 3063 4538 Iterum
3089 4485 3219 4549 dico,
3254 4499 3317 4536 ne
3341 4483 3453 4554 quis
3481 4497 3559 4534 me
3580 4497 3670 4550 pu-

2101 4585 2168 4630 tet
2196 4576 2514 4646 insipientem
2539 4592 2643 4630 esse
2672 4592 2690 4628 :
2720 4575 2945 4641 alioquin
2976 4574 3105 4627 velut
3130 4572 3447 4642 insipientem
3470 4571 3674 4637 accipite

2098 4665 2219 4740 mel
2238 4666 2292 4719 2.
2324 4663 2441 4720 Cor.
2474 4666 2560 4719 ll.
2591 4663 2700 4737 16).
2744 4663 2928 4733 Neque
2959 4671 3131 4715 tamen
3162 4660 3239 4715 sic
3277 4659 3342 4714 ad
3382 4660 3674 4714 enarratio—

2099 4772 2221 4812 ncm
2266 4757 2432 4822 venit,
2475 4755 2567 4810 scd
2600 4755 2790 4809 iterum
2823 4752 3092 4822 subiungit
3118 4766 3181 4807 ac
3207 4750 3370 4805 dicit:
3409 4749 3559 4815 Quod
3604 4749 3677 4800 lo-

2099 4864 2245 4918 quor,
2276 4864 2376 4901 non
2405 4848 2582 4917 loquor
2610 4844 2884 4899 secundum
2910 4841 3203 4906 Dominum,
3234 4840 3322 4894 sed
3343 4841 3486 4909 quasi
3511 4840 3563 4891 in
3590 4839 3669 4890 in-

2098 4939 2357 5009 sipientia,
2379 4938 2430 4990 in
2460 4938 2554 4990 hac
2573 4935 2851 4991 substantia
2877 4933 3052 5004 gloria:
3073 4930 3177 4998 (Ib.
3193 4948 3240 4985 υ.
3261 4930 3371 5000 Π).
3390 4929 3498 4983 Nec
3518 4928 3674 4983 etiam

2102 5042 2220 5100 post
2242 5030 2354 5083 hmc
2382 5029 2540 5084 audet
2570 5027 2795 5097 ingredi,
2823 5026 2914 5080 sed
2947 5040 3058 5078 rem
3080 5022 3258 5078 diﬂ‘ert
3276 5037 3340 5076 ac
3358 5022 3518 5075 dicit:
3545 5019 3676 5086 Quoc

2100 5122 2237 5173 niam
2278 5119 2422 5172 multi
2449 5119 2735 5190 gloriantur
2773 5116 3045 5170 secundum
3073 5130 3314 5179 carnem,
3358 5122 3406 5166 et
3438 5127 3529 5180 ego
3571 5110 3676 5177 μο-

2100 5213 2304 5277 riabor;
2328 5211 2534 5265 libenter
2560 5212 2692 5264 enim
2722 5208 2945 5275 suﬂ'ertis
2969 5207 3280 5276 insipientes,
3309 5221 3425 5257 cum
3451 5204 3559 5257 sitis
3584 5201 3677 5271 ipsi

2100 5306 2350 5375 sapientes
2372 5303 2476 5373 (Ib.
2501 5321 2549 5359 v.
2582 5304 2668 5358 18.
2695 5303 2804 5371 19).
2832 5302 2968 5369 Quin
2996 5301 3154 5356 etiam
3179 5308 3361 5369 postea
3409 5295 3598 5364 refugit
3624 5302 3673 5346 et

2100 5406 2399 5462 cunctatur,
2429 5411 2491 5451 ac
2515 5394 2824 5466 quibusdam
2847 5391 3136 5462 iuterjectis
3154 5405 3363 5445 rursum
3387 5386 3545 5442 infert
3573 5403 3585 5437 :
3613 5382 3672 5435 In

2099 5506 2198 5560 quo
2228 5491 2336 5558 quis
2358 5490 2525 5554 audet,
2552 5489 2605 5542 in
2630 5484 2918 5555 insipientia
2945 5485 3079 5550 dico,
3128 5483 3293 5537 audeo
3324 5491 3371 5535 et
3396 5497 3487 5552 ego
3542 5479 3563 5550 (
3594 5473 3676 5526 lb-

2103 5598 2149 5636 υ.
2177 5578 2291 5653 2|).
2321 5582 2395 5635 Ac
2426 5590 2549 5636 tunc
2573 5578 2807 5649 domum,
2859 5585 2978 5649 post
3007 5584 3079 5631 tot
3108 5573 3414 5646 prmissus
3468 5579 3684 5625 excusa-
