4060 6260
378 441 489 499 803

452 553 520 623 β’.
557 553 711 607 Ἐπεὶ
725 549 816 607 οὖν
835 554 1083 607 τοσοῦτόν
1100 556 1214 609 ἐστι
1234 556 1297 609 τὸ
1312 555 1500 623 κέρδος
1514 559 1625 620 τοῖς
1638 557 1955 611 κοινωνοῦσι

380 637 495 691 τῶν
535 636 729 704 ἀγίων,
756 637 1119 707 κοινωνήσατέ
1156 653 1247 708 μοι
1274 638 1367 691 τοῦ
1420 638 1649 709 ἔρωτος,
1676 639 1770 691 καὶ
1806 639 1959 710 φιλή-

382 736 565 789 σωμεν
587 719 679 772 τὸν
710 719 864 787 ἂγιον
893 719 1080 774 τοῦτον
1107 721 1246 788 μετά
1277 721 1477 792 πολλῆς
1507 722 1606 792 τῆς
1630 722 1954 793 ὑπερϐολῆς.

384 801 485 855 “Av
512 801 622 873 γὰρ
664 795 818 864 οὗτος
860 803 941 865 είς
973 802 1071 873 τὴν
1104 802 1278 874 ψυχὴν
1311 804 1410 874 τὴν
1455 803 1730 875 ἡμετέραν
1757 806 1786 857 6
1820 804 1959 876 ἔρως

378 883 601 957 εἰσέλθῃ
621 883 717 937 καὶ
749 884 921 953 φλόγα
951 885 1130 957 ἀνάψῃ
1159 885 1443 958 λαμπρὰν,
1486 886 1591 940 κᾶν
1626 887 1954 952 ἀκανθῶδες,

378 966 486 1021 κᾶν
522 965 747 1028 λιθῶδές
788 983 842 1019 τι
871 958 981 1020 καί
1012 967 1245 1038 σκληρὸν
1269 968 1365 1021 καὶ
1389 967 1712 1037 ἀναίσθητον
1757 969 1815 1021 ἐν
1845 971 1957 1030 τοῖς

377 1051 658 1119 λογισμοῖς
679 1047 814 1119 εὕρῃ
835 1052 948 1113 τοῖς
979 1049 1286 1120 ὑμετέροις,
1327 1049 1390 1102 τὸ
1439 1049 1536 1119 μὲν
1563 1048 1865 1113 ἀναλώσας,
1895 1049 1958 1103 τὸ

377 1131 435 1184 δέ
471 1130 736 1201 μαλάξας,
786 1130 1005 1200 βαθεῖάν
1034 1148 1155 1184 τινα
1180 1131 1275 1184 καὶ
1311 1129 1550 1201 λιπαρὰν
1595 1130 1831 1202 ἄρουραν
1859 1130 1957 1201 τὴν

377 1215 654 1284 ἡμετέραν
673 1212 963 1282 ἐργάσεται
983 1211 1179 1283 ψυχὴν,
1226 1213 1316 1265 καὶ
1354 1212 1490 1283 πρὸς
1523 1211 1620 1282 τὴν
1647 1212 1754 1266 τῶν
1797 1204 1956 1266 θείων

382 1296 714 1366 σπερμάτων
745 1293 1050 1364 καταϐολὴν
1097 1294 1427 1365 ἐπιτηδείαν.
1465 1295 1575 1348 Kal
1616 1296 1689 1365 μή
1752 1312 1842 1366 μοι
1870 1294 1957 1347 λε-

379 1377 524 1445 γέτω
559 1394 663 1440 τις,
693 1376 777 1429 ὅτι
802 1375 916 1429 Νῦν
942 1377 1002 1428 οὐ
1032 1375 1312 1447 πάρεστιν,
1334 1375 1455 1429 οὐδὲ
1481 1376 1672 1446 ὁρᾶται
1693 1379 1808 1439 τοῖς
1829 1379 1956 1447 ἠμε-

316 1462 325 1467 ”
378 1461 560 1529 τέροις
597 1457 891 1528 ὀφθαλμοῖς
924 1459 953 1508 6
984 1458 1225 1522 Παῦλοςο
1255 1458 1349 1511 καὶ
1375 1456 1492 1520 πῶς
1526 1457 1750 1511 δυνατὸν
1775 1457 1953 1527 φιλεῖν

377 1543 471 1594 τὸν
504 1540 580 1612 μὴ
609 1540 968 1611 βλεπόμενον;
997 1539 1163 1593 Οὐδέν
1205 1540 1313 1611 γὰρ
1349 1538 1428 1609 τῷ
1458 1539 1620 1609 ἔρωτι
1646 1538 1817 1609 τούτῳ
1844 1538 1955 1592 κώ-

379 1623 528 1694 λυμα
554 1623 790 1690 γίνεται·
833 1621 1010 1687 ἔξεστι
1042 1624 1153 1692 γὰρ
1181 1623 1277 1675 καὶ
1313 1621 1618 1675 ἀπελθόντα
1645 1621 1839 1690 φιλεῖν,
1863 1622 1956 1674 καὶ

386 1704 462 1777 μὴ
508 1705 783 1775 ὁρώμενον
832 1706 1074 1775 ἀγαπᾷν,
1113 1705 1208 1758 καὶ
1265 1704 1501 1774 μάλιστα
1539 1703 1675 1758 ὅταν
1717 1704 1955 1757 τοσαῦτα

383 1788 474 1840 καὶ
491 1787 715 1842 τοιαῦτα
744 1788 842 1856 τῆς
865 1787 1066 1858 ἀρετῆς
1091 1786 1300 1839 ἐκείνου
1329 1784 1453 1839 καθ’
1473 1785 1710 1858 ἑκάστην
1742 1786 1954 1858 ἡμέραν

381 1870 749 1941 ὑπομνήματα
782 1868 1089 1939 βλέπωμεν,
1116 1868 1214 1931 τὰς
1259 1867 1535 1939 πανταχοῦ
1567 1868 1668 1936 τῆς
1684 1868 1787 1938 γῆς
1830 1869 1954 1922 Ἐκ-

384 1951 637 2022 κλησίας,
667 1951 766 2021 τῆς
804 1950 1056 2015 ἀσεϐείας
1086 1951 1185 2019 τὴν
1221 1950 1553 2020 ἀνατροπὴν,
1588 1949 1682 2003 τοῦ
1721 1948 1954 2021 πονηροῦ

383 2033 498 2102 βίου
543 2032 641 2103 τὴν
667 2033 760 2086 ἐπὶ
787 2033 848 2086 τὸ
877 2031 1084 2103 βέλτιον
1115 2031 1441 2103 μεταϐολὴν,
1487 2034 1587 2102 τῆς
1613 2031 1820 2102 πλάνης
1857 2032 1957 2104 τὴν

379 2115 719 2187 ἀπαλλαγὴν,
738 2116 863 2179 τοὺς
889 2114 1297 2187 ἀνατραπέντας
1327 2113 1565 2184 βωμοὺς,
1598 2115 1724 2177 τοὺς
1758 2115 1959 2167 ἀποκε-

381 2198 735 2280 κλεισμένους
774 2200 962 2261 ναοὺς,
989 2199 1087 2268 τὴν
1116 2197 1225 2250 τῶν
1265 2197 1534 2267 δαιμόνων
1564 2199 1742 2268 σιγήν.
1775 2198 1958 2252 Πάντα

383 2282 493 2351 γὰρ
541 2281 712 2335 ταῦτα
745 2282 838 2335 καὶ
892 2282 961 2335 τά
1004 2279 1228 2334 τοιαῦτα
1261 2280 1362 2350 τῆς
1396 2280 1608 2333 Παύλου
1652 2279 1953 2352 γλώττηςή

381 2363 612 2435 δύναμις
636 2363 740 2416 ὑπὸ
765 2363 867 2433 τῆς
897 2363 990 2417 τοῦ
1024 2361 1160 2415 Θεοῦ
1195 2364 1416 2433 χάριτος
1442 2364 1784 2434 ἐμπνεομένη
1830 2380 1959 2416 κατα

381 2447 565 2509 ἐϐαλε,
593 2445 689 2509 καὶ
729 2444 986 2515 λαμπράν
1012 2443 1286 2514 πανταχοῦ
1337 2447 1437 2515 τῆς
1467 2444 1745 2508 εὐσεϐείας
1783 2444 1957 2514 ἀνῆψε

380 2529 484 2596 τὴν
533 2527 725 2597 φλόγα.
772 2528 1010 2596 Ἐχομεν
1042 2526 1181 2596 μετά
1224 2524 1332 2578 τῶν
1357 2526 1794 2596 κατορθωμάτων
1828 2527 1956 2579 τού-

381 2627 492 2664 των
529 2610 621 2663 καὶ
668 2608 766 2673 τὰς
805 2609 1093 2672 ἐπιστολὰς
1144 2608 1354 2662 ἐκείνου
1407 2607 1506 2670 τάς
1550 2609 1731 2677 ἁγίας,
1761 2610 1817 2662 αἳ
1865 2610 1957 2663 τὸν

383 2692 707 2764 χαρακτῆρα
765 2692 863 2761 τῆς
914 2691 1191 2762 μακαρίας
1246 2691 1462 2761 ἐκείνης
1490 2691 1667 2761 ψυχῆς
1714 2692 1957 2764 ἀκριϐῶς

381 2781 514 2848 ἡμῖν
541 2777 969 2849 ὑπογράφουσιν.
1021 2777 1107 2838 Ὧς
1138 2772 1231 2830 οὖν
1278 2775 1427 2846 αὐτῷ
1483 2774 1561 2845 τῷ
1603 2775 1797 2847 Παύλῳ
1843 2777 1956 2830 δια-

381 2859 670 2929 λεγόμενοι
692 2860 918 2929 παρόντι
946 2859 1037 2911 καὶ
1070 2857 1462 2927 συγγινομένῳ,
1500 2855 1642 2909 οὕτω
1656 2861 1793 2927 μετά
1821 2875 1958 2928 προ-

384 2941 587 3013 θυμίας
609 2940 923 3010 πειθώμεθα
950 2944 1061 3003 τοῖς
1102 2939 1539 3010 γεγραμμένοις,
1564 2938 1956 3010 ἀναπτύξωμεν

381 3025 450 3078 τά
477 3025 623 3079 ἔνδον
657 3022 941 3094 εἰρημένα,
978 3021 1236 3092 μάθωμεν
1266 3021 1318 3075 τί
1352 3022 1484 3074 ποτέ
1505 3022 1652 3074 ἐστιν
1693 3023 1828 3093 ὅπερ
1862 3024 1958 3093 σή-

386 3124 555 3178 μερον
590 3106 719 3159 ἐϐόα
740 3105 912 3173 λέγων
931 3121 945 3135 ·
981 3105 1242 3173 Ὄφελον
1271 3103 1588 3174 ἀνείχεσθέ
1600 3123 1720 3174 μου
1739 3106 1957 3175 μικρὸν

381 3190 459 3258 τῇ
495 3189 811 3259 ἀφροσύνῃ
830 3205 843 3219 '
877 3187 1039 3244 ἀλλὰ
1065 3187 1165 3241 καὶ
1190 3187 1481 3256 ἀνέχεσθέ
1492 3205 1612 3257 μου
1629 3205 1643 3220 ⁸
1673 3186 1826 3257 ζηλῶ
1847 3188 1956 3259 γὰρ

378 3271 540 3341 ὑμᾶς
583 3270 732 3326 Θεοῦ
775 3269 949 3337 ζήλῳ.
992 3270 1058 3322 Τί
1089 3270 1299 3339 λέγεις,
1330 3263 1375 3322 ῶ
1404 3269 1612 3337 Παῦλε;
1653 3273 1681 3323 6
1722 3271 1956 3327 κελεύων

383 3359 496 3419 τοῖς
531 3353 802 3423 μαθηταῖς
824 3355 883 3406 ἐν
909 3352 1071 3423 σοφίᾳ
1100 3354 1421 3423 περιπατεῖν
1448 3353 1586 3422 πρὸς
1615 3354 1743 3417 τοὺς
1767 3353 1892 3419 ἔξω,
1927 3356 1955 3407 6

378 3435 554 3504 λέγων
574 3473 588 3499 ,
629 3437 692 3488 Ὁ
723 3437 907 3505 λόγος
937 3432 1104 3504 ὑμῶν
1132 3435 1388 3489 πάντοτε
1413 3436 1484 3489 ἐν
1528 3435 1741 3504 χάριτι,
1781 3436 1958 3491 ἅλατι

380 3521 736 3590 ἠρτυμένος,
763 3520 982 3575 εἰδέναι
1000 3519 1125 3586 πῶς
1144 3520 1239 3573 δεῖ
1255 3519 1411 3589 ὑμᾶς
1433 3522 1523 3575 ἐνί
1556 3520 1793 3588 ἑκάστῳ
1816 3523 1957 3577 ἀπο-

380 3605 690 3672 κρίνεσθαι
712 3621 725 3635 ’
761 3606 790 3656 6
816 3605 980 3657 πᾶσιν
1006 3604 1388 3672 ἐπευχόμενος,
1418 3605 1505 3658 ἵνα
1532 3604 1719 3673 σοφίας
1741 3605 1958 3677 πληρω-

383 3689 518 3743 θῶσι
549 3689 946 3760 πνευματικῆς,
967 3688 1129 3751 αὐτὸς
1146 3689 1346 3757 λέγεις,
1364 3690 1446 3743 ὅτι
1471 3690 1613 3745 Εἴθε
1637 3691 1956 3760 ἀνείχεσθέ

381 3789 495 3843 μου
528 3773 745 3842 μικρὸν
777 3772 890 3838 τῆς
919 3773 1169 3838 ἀνοίας;
1205 3774 1319 3827 Οὐκ
1340 3776 1498 3845 ἤρκει
1526 3793 1607 3829 σοι
1636 3777 1696 3829 τὸ
1729 3777 1957 3848 φθέγξα-

384 3855 507 3908 οθαί
533 3872 586 3907 τι
618 3855 929 3925 ἀφροσύνης
958 3855 1129 3924 ῥῆμα,
1157 3854 1291 3908 ἀλλά
1324 3856 1415 3908 καὶ
1441 3858 1520 3921 εἰς
1546 3859 1670 3921 τοὺς
1709 3861 1955 3932 μαθητὰς

381 3938 540 3991 τοῦτο
568 3939 853 4010 ἐκφέρεις;
885 3937 979 3991 καὶ
1014 3939 1114 3991 οὐκ
1153 3940 1232 4002 είς
1275 3939 1400 4002 τοὺς
1430 3939 1675 4010 μαθητὰς
1706 3944 1955 4015 ἐκφέρεις

388 4020 570 4089 μόνον,
603 4020 738 4073 ἀλλά
769 4021 862 4075 xal
891 4023 1004 4084 τοῖς
1031 4019 1168 4090 μετά
1186 4020 1360 4074 ταῦτα
1378 4022 1513 4074 πᾶσι
1540 4025 1844 4095 γινομένοις
1865 4026 1956 4080 άν-

382 4103 622 4172 θριῖιποις
647 4102 736 4156 διά
759 4104 856 4176 τῆς
874 4102 1162 4173 ἐπιστολῆς
1179 4103 1337 4156 τοῦτο
1352 4104 1512 4174 δῆλον
1534 4109 1735 4172 ποιεῖς;
1765 4108 1955 4179 Ὁρᾶτε

384 4188 502 4248 πῶς
538 4188 639 4257 οὐχ
666 4185 853 4249 ἁπλῶς
881 4185 963 4239 δεῖ
1002 4185 1369 4257 παρατρέχειν
1411 4186 1481 4238 τά
1516 4187 1802 4260 λεγόμενα,
1837 4191 1954 4245 ἀλλ’

384 4269 614 4323 ἐκαστον
641 4269 994 4340 περισκοπεῖν
1015 4268 1285 4339 ἀκριϐῶς;
1320 4268 1491 4324 Τοῦτο
1518 4271 1617 4341 μὲν
1641 4272 1750 4343 γάρ
1771 4274 1955 4338 ἁπλῶς

384 4351 487 4420 μέν
516 4351 1021 4421 άναγινωσκόμενον
1046 4351 1396 4422 περιίσταται
1424 4364 1451 4394 ιι
1480 4356 1596 4417 τοῖς
1635 4355 1951 4426 ἀκροαταῖς,

383 4434 676 4504 ἐρευνηθέν
703 4433 762 4486 δὲ
814 4432 1016 4503 πολλὴν
1063 4433 1303 4486 δείκνυσι
1341 4433 1434 4487 τοῦ
1470 4434 1682 4489 Παύλου
1725 4437 1826 4509 τὴν
1862 4455 1955 4492 σο-

384 4517 532 4584 φίαν,
570 4515 814 4587 μεγάλην
843 4515 941 4587 τὴν
971 4515 1207 4580 σύνεσιν,
1239 4516 1445 4584 ἄφατον
1473 4517 1570 4587 τὴν
1607 4517 1949 4588 κηδεμονίαν.

453 4605 524 4667 γ’.
563 4598 628 4651 Τί
672 4600 791 4652 ποτ’
820 4595 913 4652 οὖν
941 4601 1060 4653 ἐστι
1088 4598 1148 4651 τὺ
1172 4598 1492 4669 λεγόμενον;
1519 4601 1955 4656 Ψευδαπόστολοι

383 4681 567 4735 πολλοὶ
596 4678 736 4754 ἦσαν
758 4682 909 4753 παρά
942 4685 1055 4746 τοῖς
1083 4681 1411 4753 Κορινθίοις,
1437 4683 1842 4755 διαφθείροντες
1858 4687 1955 4740 αὑ-

380 4765 527 4828 τοὺς.
560 4765 993 4835 κατηγοροῦντες
1022 4765 1115 4817 τοῦ
1155 4764 1391 4829 Παύλου,
1429 4766 1818 4836 ὑπορύττοντές
1856 4770 1953 4820 αύ-

376 4847 476 4900 τοῠ
495 4847 592 4917 τὴν
621 4846 797 4911 δόξαν,
826 4847 894 4918 ῆν
916 4846 1065 4917 παρὰ
1092 4849 1205 4910 τοῖς
1223 4846 1489 4917 μαθηταῖς
1511 4844 1678 4918 εῖχεν,
1706 4852 1783 4912 είς
1800 4848 1950 4922 [295]

382 4929 666 4999 εἰρωνείαν
706 4929 869 4984 αὑτὸν
913 4928 1277 4993 σκώπτοντες,
1315 4929 1391 4993 ώς
1431 4930 1687 4995 ἀλαζόνος
1716 4949 1953 5003 κατηγο-

384 5011 627 5083 ροῦντες.
669 5011 815 5083 Πρὸς
858 5011 1080 5074 τούτους
1123 5013 1217 5066 καὶ
1255 5012 1653 5083 διατεινόμενος
1684 5013 1951 5084 πολλαχοῦ

380 5095 480 5164 τῆς
523 5093 814 5165 ἐπιπολῆς
864 5092 1133 5163 φαίνεται.
1184 5095 1294 5148 Kal
1326 5094 1433 5165 γὰρ
1478 5096 1606 5149 ὅταν
1633 5094 1785 5167 λέγῃ,
1833 5096 1952 5150 Οὔκ

382 5177 570 5247 ἐσμεν
601 5175 804 5245 ὥσπερ
824 5178 878 5231 οἱ
899 5176 1122 5242 λοιποὶ,
1157 5178 1606 5245 καπηλεύοντες
1640 5177 1747 5231 τὸν
1770 5180 1955 5246 λόγον

383 5260 489 5315 τοῦ
521 5259 670 5316 Θεοῦ
689 5276 703 5291 °
733 5260 831 5314 καὶ
859 5258 1021 5315 πάλιν
1052 5257 1240 5322 εἰπὼν,
1287 5259 1492 5329 Ἀϐαρῆ
1523 5261 1665 5330 ὑμῖν
1694 5261 1955 5330 ἐμαυτὸν

384 5341 671 5410 ἐτήρησα,
703 5343 798 5396 καὶ
832 5341 1200 5412 ὑποσχόμενος
1227 5341 1513 5405 διαπαντὸς
1546 5340 1732 5396 τοῦτον
1763 5344 1954 5414 ἀκίνη-

384 5440 474 5477 τον
498 5425 827 5497 διατηρῆσαι
860 5425 951 5477 τὸν
980 5424 1142 5494 νόμον
1178 5423 1375 5493 (Ἔστι
1418 5422 1547 5494 γὰρ,
1597 5426 1780 5495 φησὶν,
1805 5426 1955 5495 ἀλή-

385 5511 512 5562 θεια
538 5507 796 5577 Χριστοῦ
822 5508 891 5560 ἐν
911 5506 1058 5574 ἐμοὶ,
1089 5506 1178 5559 ὅτι
1204 5507 1242 5574 ἠ
1264 5507 1560 5574 καύχησις
1574 5526 1691 5576 μου
1712 5509 1860 5577 αὕτη
1883 5514 1954 5565 οὐ

387 5591 751 5659 φραγήσεται
768 5590 837 5643 ἐν
856 5588 973 5654 τοῖς
995 5589 1240 5657 κλίμασι
1260 5587 1369 5657 τῆς
1401 5590 1679 5658 Ἀχαΐας),
1698 5592 1756 5644 ἐν
1776 5596 1839 5662 τῇ
1857 5594 1955 5663 τῆς

388 5674 566 5749 αἰτίας
586 5677 849 5745 ἐπαγωγῇ
876 5672 1091 5744 ᾐνίξατο
1116 5674 1240 5737 τοὺς
1270 5673 1502 5744 μιαροὺς
1526 5675 1763 5739 ἐκείνους
1783 5676 1952 5738 οὕτως

451 5874 473 5905 (⁵
498 5873 645 5925 Savil.
675 5874 867 5935 conﬁcit
890 5870 1219 5935 προσίσταται.

908 453 996 510 DE
1036 457 1285 514 VERBIS
1322 456 1684 523 APOSTOLl,
1731 455 1990 512 UTINAM
2031 456 2519 514 SUSTINERETIS
2561 456 2891 522 MODICUM,
2935 457 3084 512 ETC.

3524 447 3626 504 50$

2062 565 2229 620 εἰπών
2251 582 2266 596 ι
2287 563 2389 619 Διά
2409 564 2467 618 τί
2479 581 2499 627 ;
2524 563 2613 616 ὅτι
2636 565 2746 617 οὐκ
2763 559 2968 631 ἀγαπῶ
2988 558 3171 627 ὐμᾶς;
3201 559 3261 612 Ὀ
3285 559 3427 625 Θεὸς
3441 556 3624 614 οἶδεν.

2068 649 2230 705 Ἀλλ’
2257 647 2289 700 ὃ
2313 647 2477 711 ποαῖ),
2507 646 2605 700 καί
2628 645 2880 711 ποιήσω,
2906 645 3005 697 ἵνα
3032 643 3270 711 ἐκκόψω
3297 642 3414 710 τὴν
3445 643 3629 712 ἀφορο

2051 728 2178 799 μὴν
2205 727 2320 783 τῶν
2339 731 2637 783 θελόντων
2664 726 2941 797 ἀφορμήν
2961 744 2975 757 ·
3011 727 3106 780 καὶ
3138 725 3393 793 ἀνωτέρω
3411 725 3468 778 δέ
3506 726 3628 778 τού-

2056 831 2166 868 των
2195 814 2499 883 παρακαλεῖ
2539 813 2663 876 τοὺς
2697 812 2941 882 μαθητὰς
2978 809 3051 881 μὴ
3094 810 3429 879 καταστῆσαι
3465 809 3627 863 αὐτὸν

2056 899 2136 962 είς
2156 897 2400 968 ἀνάγκην
2420 897 2514 949 τοῦ
2539 897 2635 966 τὴν
2657 896 2859 949 οἰκείαν
2881 892 3139 958 ἐπιδεῖξαι
3164 893 3392 963 δύναμιν
3420 894 3625 955 αὐτοῖς,

2057 981 2255 1034 οὑτωσὶ
2281 981 2453 1049 λέγων
2477 998 2490 1011 ο
2534 979 2743 1047 Δέομαι
2776 979 2843 1031 δὲ
2873 977 2938 1030 τὸ
2958 978 3045 1045 μὴ
3087 975 3291 1043 παρὼν
3333 973 3627 1042 θαρρῆσαι

2056 1063 2131 1131 τῇ
2172 1062 2544 1131 πεποιθήσει,
2575 1057 2614 1133 ᾖ
2654 1059 2955 1130 λογίζομαι
2996 1057 3291 1127 τολμῆσαι
3329 1057 3428 1110 ἐπί
3459 1074 3628 1122 τινας

2056 1146 2196 1211 τοὺς
2218 1144 2633 1215 λογιζομένους
2660 1142 2815 1213 ἡμᾶς
2858 1143 2937 1208 ὡς
2968 1140 3118 1194 κατὰ
3140 1139 3339 1207 σάρκα
3384 1152 3628 1207 περιπα-

2055 1228 2332 1294 τοῦντας.
2368 1228 2530 1280 Αὐτοὶ
2551 1227 2660 1298 γὰρ
2691 1219 2857 1290 οὗτοι,
2889 1224 3015 1295 περὶ
3042 1217 3115 1277 ὧν
3140 1222 3310 1275 ταῦτά
3340 1238 3522 1292 φησιν,
3547 1224 3627 1282 εἰς

2056 1311 2338 1381 εἰρωνείαν
2379 1311 2540 1364 αὐτὸν
2583 1308 2977 1370 διαϐάλλοντες,
3031 1304 3204 1369 οὕτως
3229 1305 3432 1374 ἔλεγον,
3462 1305 3542 1358 ὅτι
3570 1305 3625 1356 αἰ

2059 1396 2157 1465 μὲν
2181 1395 2459 1449 ἐπιστολαὶ
2481 1392 2693 1447 Παύλου
2714 1391 2882 1446 πολὺν
2910 1390 3120 1460 ἔχουσιν
3140 1389 3303 1454 ὄγκον
3333 1389 3427 1442 καὶ
3454 1387 3626 1458 ῥημά-

2055 1495 2162 1531 των
2193 1479 2469 1543 ἀπόνοιαν,
2524 1475 2686 1538 αὺτὸς
2717 1476 2775 1529 δὲ
2824 1473 3111 1543 οὐδαμινὸς
3144 1473 3240 1524 κα)⁸
3283 1471 3506 1540 εὐτελὴς
3531 1470 3626 1522 καὶ

2055 1560 2484 1633 ἀπερριμμένος.
2522 1557 2769 1611 Ἐπειδὰν
2801 1556 2929 1624 γοῦν
2964 1553 3197 1633 ἐνταῦθα
3228 1552 3623 1622 παραγένηται,

2055 1632 2266 1709 οὐδενὸς
2309 1645 2457 1710 ἄξιος
2478 1643 2723 1713 φαίνεται
2745 1641 2903 1709 λόγου
2924 1655 2937 1669 ο
2970 1639 3106 1708 ὅπερ
3127 1632 3220 1691 οὖν
3246 1637 3339 1690 καὶ
3363 1635 3495 1689 αὐτὸ
3523 1634 3628 1689 πάι

2056 1728 2139 1782 λιν
2171 1729 2449 1799 ἐμφαίνων
2477 1728 2678 1795 ἔλεγεν.
2704 1725 2827 1778 Ἵνα
2853 1723 2922 1776 δὲ
2940 1721 3026 1792 μὴ
3056 1720 3212 1786 δόξω
3242 1721 3323 1784 ὡς
3348 1718 3427 1774 ἂν
3450 1718 3626 1787 ἐκφοι-

2058 1812 2182 1867 ϐεῗν
2202 1810 2358 1881 ὑμᾶς
2381 1811 2479 1866 διὰ
2502 1811 2622 1864 τῶν
2645 1806 2984 1864 ἐπιστολῶν
3007 1822 3020 1837 ·
3048 1806 3139 1860 ὅτι
3173 1808 3234 1860 αἱ
3249 1806 3367 1874 μὲν
3388 1804 3627 1857 ἐπιστο-

2055 1896 2180 1957 λαί,
2213 1894 2386 1965 φησι,
2416 1895 2655 1964 βαρεῖαι
2702 1890 2801 1946 καὶ
2834 1890 3098 1960 ἰσχυραὶ,
3141 1889 3181 1955 ἡ
3214 1888 3283 1941 δὲ
3323 1887 3628 1955 παρουσία

2056 1980 2164 2035 τοῦ
2182 1980 2455 2049 σώματος
2474 1976 2758 2044 ἀσθενὴς,
2774 1973 2874 2031 καί
2894 1978 2927 2029 ό
2940 1974 3122 2042 λόγος
3136 1970 3624 2039 ἐξουθενημένος.

2056 2060 2189 2118 Εἶτα
2208 2065 2389 2129 αὐτοῖς
2414 2063 2657 2131 ἐγκαλῶν
2672 2063 2784 2124 τοῖς
2806 2056 3243 2130 Κορινθίοιςτοῖς
3263 2052 3627 2124 ἀναπειθομέ-

2057 2164 2189 2211 νοις,
2227 2148 2388 2218 φησίν
2406 2162 2419 2176 ·
2461 2148 2530 2201 Ἦ
2552 2144 2845 2214 ἁμαρτίαν
2866 2140 3127 2208 ἐποίησα
3149 2136 3408 2206 ἐμαυτὸν
3427 2150 3626 2189 ταπει-

2056 2228 2198 2296 νῶν,
2230 2230 2309 2283 ἵν’
2354 2228 2523 2298 ὑμεῖς
2560 2226 2878 2296 ὑψωθῆτε;
2914 2224 3027 2278 Kal
3062 2219 3427 2290 ἀποδυόμενος
3469 2219 3525 2271 δὲ
3564 2218 3624 2271 τὸ

2056 2311 2307 2382 ἔγκλημα
2338 2311 2467 2365 αὐτὸ
2502 2311 2677 2363 ἐκεῖνο
2717 2308 2879 2362 πάλιν
2914 2306 3098 2375 λέγει·
3139 2305 3259 2357 Ὅτι
3290 2298 3405 2356 οἷοί
3437 2303 3624 2382 ἐσμεν

2056 2395 2132 2450 δι’
2160 2381 2502 2451 ἐπιστολῶν
2528 2393 2803 2457 ἀπόντες,
2825 2389 3078 2444 τοιοῦτοι
3099 2386 3195 2440 καί
3230 2384 3517 2454 παρόντες
3542 2381 3625 2447 τῷ

2056 2482 2226 2550 ἔργῳ.
2279 2478 2430 2532 Ἐπεὶ
2459 2472 2551 2531 οὖν
2575 2475 2758 2529 πολλοὶ
2803 2475 2930 2545 παρ’
2953 2473 3138 2533 αὐτοῖς
3170 2465 3311 2540 ἦσαν
3351 2466 3626 2537 ψευδαπό-

2059 2562 2254 2629 στολοι,
2289 2561 2383 2625 οὓς
2412 2562 2508 2614 καὶ
2537 2558 2772 2631 ἐργάτας
2788 2555 2995 2620 δολίους
3026 2555 3200 2618 καλεῖ,
3237 2553 3382 2607 οὓτω
3408 2553 3584 2621 λέγων
3604 2568 3616 2583 ·

2060 2648 2124 2699 Ol
2149 2644 2257 2714 γὰρ
2291 2643 2545 2697 τοιοῦτοι
2585 2640 3095 2709 ψευδαπόστολοι,
3131 2634 3369 2706 ἐργάται
3397 2634 3584 2688 δόλιοι
3604 2673 3619 2695 ,

2051 2727 2690 2798 μετασχηματιζόμενοι
2709 2726 2796 2791 εἰς
2813 2724 3195 2787 ἀποστόλους
3215 2719 3488 2790 Χριστοῦ.
3513 2719 3620 2776 Καὶ

2056 2813 2128 2866 οὐ
2161 2810 2509 2879 θαυμαστόν
2526 2825 2540 2839 ·
2565 2806 2662 2861 καὶ
2702 2805 2815 2876 γὰρ
2837 2804 3018 2870 αὐτὸς
3070 2807 3102 2858 ό
3132 2802 3403 2870 Σατανᾶς
3446 2817 3624 2870 μεταο

2055 2893 2472 2965 σχηματιζεται
2500 2893 2587 2956 είς
2604 2890 2858 2959 ἄγγελον
2884 2887 3096 2958 φωτός.
3120 2889 3201 2941 Οὐ
3225 2886 3380 2955 μέγα
3410 2882 3542 2949 οὖν,
3571 2887 3626 2939 εἰ

2056 2976 2155 3031 καί
2182 2978 2235 3029 οἰ
2266 2972 2530 3028 διάκονοι
2559 2971 2742 3025 αὑτοῦ
2767 2968 3374 3038 μετασχηματίζονται
3398 2969 3478 3034 ὡς
3498 2967 3625 3020 διά-

2056 3076 2225 3113 κονοι
2254 3056 2663 3122 δικαιοσύνης.
2704 3053 2857 3107 Ἐπεί⁵
2885 3048 2976 3106 οὖν
3003 3046 3146 3106 οὗτοι
3183 3052 3386 3122 μυρίας
3433 3051 3623 3123 εὗρόν-

2053 3159 2147 3205 τες
2178 3142 2296 3195 κατ’
2325 3138 2488 3193 αὐτοῦ
2519 3135 2787 3200 διαϐολὰς,
2814 3135 2939 3198 τοὺς
2971 3133 3215 3205 μαθητὰς
3244 3133 3528 3195 ἔϐλαπτον,
3562 3133 3622 3187 ού

2054 3223 2159 3293 τὴν
2190 3223 2575 3294 προσήκουσαν
2602 3219 2729 3290 περὶ
2757 3216 2921 3271 αὐτοῦ
2956 3216 3230 3279 πείθοντες
3262 3215 3457 3279 αὐτοὺς
3482 3214 3624 3284 ἔχειν

2054 3305 2233 3372 δόξαν,
2263 3302 2630 3373 ἀναγκάζεται
2669 3300 2850 3354 λοιπὸν
2900 3300 2979 3362 εἰς
3000 3300 3249 3371 διήγησιν
3274 3296 3381 3350 τῶν
3412 3299 3624 3351 οἰκείων

2055 3389 2346 3459 ἐγκωμίων
2376 3388 2636 3456 ἐμπεσεῖν
2654 3401 2668 3416 ’
2699 3384 2819 3437 οὐδέ
2844 3383 2951 3455 γάρ
2972 3378 3039 3454 ἦν
3059 3382 3120 3435 τὸ
3143 3384 3300 3453 σιγᾷν
3324 3381 3508 3436 λοιπὸν
3563 3382 3625 3434 ἀο

2056 3470 2277 3540 σφαλές.
2326 3469 2476 3521 Ἐπεὶ
2519 3462 2610 3520 οὖν
2649 3466 2971 3537 μέλλειτοὺς
3008 3464 3245 3540 οἰκείους
3271 3463 3465 3524 ἄθλους
3491 3465 3626 3533 ἡμῖν

2055 3539 2387 3620 ἐξηγεῖσθαι,
2420 3551 2514 3604 καὶ
2559 3549 2654 3612 τὰς
2688 3545 3078 3614 ἀποκαλύψεις,
3108 3544 3175 3606 ἃς
3208 3539 3314 3596 εἶδε
3336 3583 3350 3606 ,
3382 3543 3625 3607 καὶτοὺς

2057 3634 2309 3705 μόχθους,
2341 3631 2436 3696 οὓς
2466 3631 2757 3702 ἐμόχθησε,
2787 3628 3107 3699 βουλόμενος
3132 3625 3301 3690 δεῖξαι
3328 3627 3513 3705 πᾶσιν,
3540 3624 3624 3676 ὅτι

2054 3702 2202 3771 ἀκων
2223 3717 2317 3770 καὶ
2341 3715 2652 3785 βιαζόμενος
2674 3711 2829 3765 τοῦτο
2851 3710 3016 3771 ποιεῖ,
3057 3709 3150 3762 καὶ
3175 3709 3419 3777 ἀνάγκην
3459 3702 3624 3761 οὖσαν

2055 3800 2218 3872 ὁρῶν,
2235 3800 2383 3870 ὅμως
2409 3795 2719 3868 ἀφροσύνης
2745 3793 2873 3848 αὐτὸ
2891 3795 3123 3863 πρᾶγμα
3146 3791 3425 3857 ἐκάλεσεν,
3451 3789 3624 3850 οὕτως

2055 3882 2256 3937 εἰπών·
2295 3884 2555 3949 Ὄφελον
2577 3876 2890 3945 ἀνείχεσθέ
2923 3892 3045 3942 μου
3083 3872 3298 3943 μικρὸν
3325 3872 3398 3942 τῇ
3437 3873 3622 3942 ἀφρο-

2054 3968 2237 4034 σύνῃ.
2290 3964 2504 4024 Μέλλω,
2561 3961 2715 4032 φησὶ,
2752 3962 2984 4030 πρᾶγμα
3035 3957 3258 4026 ἀνόητον
3307 3958 3501 4020 ποιεῖν,
3531 3955 3625 4009 καὶ

2055 4044 2424 4116 ἐγκωμιάζειν
2451 4045 2543 4097 καὶ
2569 4043 2809 4097 ἐπαινεῖν
2829 4058 2841 4071 ’
2873 4039 2989 4094 ἀλλ’
3015 4039 3114 4092 οὐκ
3147 4037 3257 4107 ἐγὼ
3289 4037 3491 4092 τούτων
3538 4038 3624 4090 af-

2055 4147 2188 4192 τιος,
2236 4127 2345 4182 ἀλλ’
2375 4129 2425 4180 οἰ
2463 4129 2542 4190 είς
2579 4124 2833 4194 τοιαύτην
2881 4140 2946 4193 με
2985 4122 3228 4192 ἀνάγκην
3254 4120 3581 4192 ἐμϐαλόντες
3607 4138 3620 4152 ⁸

2054 4214 2143 4268 διά
2171 4212 2327 4266 τοῦτο
2364 4210 2665 4282 παρακαλῶ
2693 4211 2835 4280 ὑμᾶς
2862 4207 3217 4279 ἀνασχέσθαι,
3236 4206 3503 4271 κάκείνοις
3527 4207 3623 4276 τὴν

2057 4295 2232 4352 αίτίαν
2258 4293 2593 4363 λογίσασθαι.

2109 4430 2170 4483 δ’.
2186 4431 2295 4484 Kal
2304 4430 2406 4500 δρα
2419 4427 2518 4498 τὴν
2529 4426 2741 4481 Παύλου
2760 4427 2991 4480 σύνεσινο
3006 4425 3462 4494 είπὼν,”οφελον
3474 4424 3625 4478 ἀνεί-

2055 4522 2236 4593 χεσθέ
2253 4538 2371 4591 μου
2399 4517 2613 4589 μικρὸν
2638 4517 2711 4586 τῇ
2738 4517 3057 4585 ἀφροσύνῃ
3078 4532 3091 4545 ⁸
3116 4516 3278 4571 ἀλλὰ
3303 4515 3399 4569 καί
3419 4515 3622 4584 ἀνέχε-

2058 4612 2206 4685 [294]
2233 4612 2343 4667 σθέ
2360 4626 2507 4681 μουο
2536 4608 2688 4677 ζηλῶ
2713 4608 2821 4677 γὰρ
2851 4607 3006 4677 ὑμᾶς
3033 4608 3181 4662 Θεοῦ
3207 4604 3382 4675 ζήλῳ,
3407 4608 3506 4660 οὐκ
3531 4607 3620 4659 εὖ.

2057 4704 2193 4768 θέως
2217 4700 2378 4773 ἦλθεν
2394 4703 2485 4755 ἐπὶ
2509 4701 2608 4773 τὴν
2631 4699 2881 4770 διήγησιν
2908 4698 3016 4752 τῶν
3036 4699 3347 4769 ἐγκωμίων,
3364 4698 3502 4751 ἀλλά
3534 4715 3623 4767 με-

2055 4794 2187 4858 ταξὺ
2214 4793 2375 4848 πάλιν
2403 4791 2575 4854 ἐνθεὶς
2603 4791 2821 4860 ῥήματα
2842 4828 2856 4853 ,
2892 4786 3034 4842 οὕτω
3068 4787 3184 4851 πώς
3212 4805 3374 4858 φησιν
3394 4804 3409 4819 ·
3432 4787 3625 4841 Πάλιν

2053 4888 2227 4956 λέγω.
2237 4884 2321 4954 μή
2344 4885 2434 4950 τίς
2443 4901 2519 4952 με
2538 4881 2686 4951 δόξῃ
2706 4881 2936 4951 ἄφρονα
2956 4877 3107 4935 εῖναι
3122 4897 3136 4911 ·
3159 4882 3211 4934 εἰ
3226 4879 3295 4933 δὲ
3307 4879 3393 4949 μή
3406 4897 3491 4950 γε,
3508 4878 3625 4933 κᾶν

2054 4977 2134 5041 ὡς
2156 4975 2387 5044 ἄφρονα
2424 4971 2682 5038 δέξασθέ
2716 4988 2813 5040 με.
2845 4972 2957 5025 Kal
2986 4971 3105 5025 ούδέ
3132 4971 3302 5035 οὕτως
3329 4970 3504 5042 ἥψατο
3527 4972 3624 5040 τῆς

2052 5068 2386 5138 διηγήσεως,
2423 5064 2557 5118 ἀλλά
2581 5063 2742 5116 πάλιν
2772 5062 2968 5130 ἐπάγει
2998 5062 3092 5116 καὶ
3123 5061 3304 5130 λέγει’
3340 5064 3403 5115 "0
3433 5058 3622 5127 λαλῶ,

2054 5161 2125 5215 οὖ
2156 5156 2323 5212 λαλῶ
2352 5156 2500 5210 κατὰ
2530 5156 2779 5223 Κύριον,
2814 5155 2952 5208 ἀλλ’
2980 5154 3059 5219 ὡς
3087 5154 3157 5208 ἐν
3182 5155 3521 5223 ἀφροσύνῃ,
3555 5155 3626 5206 ἐν

2053 5250 2236 5317 ταύτῃ
2267 5246 2342 5317 τῇ
2389 5245 2723 5301 ὑποστάσει
2778 5243 2888 5312 τῆς
2926 5243 3297 5315 καυχήσεως.
3355 5246 3464 5297 Καί
3505 5244 3624 5297 οὐδὲ

2057 5340 2194 5412 μετά
2221 5338 2392 5394 ταῦτα
2414 5338 2482 5392 τά
2511 5340 2731 5410 ῥήματα
2756 5336 3021 5406 ἐτόλμησε
3048 5334 3314 5397 καθεῖναι,
3349 5332 3485 5388 ἀλλά
3517 5334 3624 5388 πά-

2053 5432 2134 5486 λιν
2156 5432 2402 5504 ὁρμήσας
2432 5428 2788 5501 ἀνακρούεται
2818 5428 2909 5481 καί
2940 5444 3102 5497 φησιν
3124 5442 3137 5459 ⁸
3192 5423 3429 5493 Ἐπειδὴ
3472 5428 3623 5480 πολι

2053 5523 2149 5577 λοί
2179 5521 2515 5590 καυχῶνται
2541 5519 2690 5574 κατὰ
2721 5518 2835 5587 τὴν
2867 5517 3096 5585 σάρκα,
3130 5517 3289 5586 κάγὼ
3321 5516 3626 5586 καυχήσο-

2048 5630 2186 5684 μαι·
2223 5613 2411 5680 ἡδέως
2456 5612 2569 5680 γὰρ
2603 5610 2895 5679 ἀνέχεσθε
2931 5608 3051 5662 τῶν
3082 5609 3390 5677 ἀφρόνων,
3426 5610 3625 5677 ςρρόνι⁴

2048 5722 2149 5775 μοι
2181 5702 2368 5769 ὄντες.
2388 5699 2519 5756 Εἶτα
2544 5702 2706 5756 πάλιν
2731 5700 3014 5754 ἀναδύεται
3042 5700 3135 5752 καὶ
3154 5700 3320 5763 ὀκνεῖ,
3349 5700 3442 5753 καὶ
3462 5699 3625 5769 ἕτερά

2056 5811 2174 5848 τινα
2204 5793 2395 5860 εἰπὼν,
2429 5793 2591 5848 πάλιν
2622 5792 2847 5862 ἐπάγειο
2892 5793 2993 5846 Ἐν
3019 5784 3068 5859 ᾧ
3105 5790 3155 5844 δ’
3187 5790 3265 5845 ἄν
3294 5809 3385 5858 τις
3414 5788 3619 5847 τολιιίῖ.

2060 5888 2125 5936 ἐν
2174 5887 2487 5952 ἀφροσύνῃ
2523 5885 2702 5953 λέγω,
2742 5883 2935 5955 τολμῶ
2964 5884 3142 5956 κάγώ.
3180 5887 3287 5939 Kal
3317 5884 3438 5938 τότε
3472 5878 3624 5951 μόλις
