4060 6260
414 341 517 395 505

412 453 606 516 tiones,
642 449 853 505 laudum
880 452 1437 507 commemorationem
1459 452 1543 506 vix
1566 453 1724 508 audet
1754 453 1987 524 aggredi.

415 542 490 597 Ac
516 537 967 610 quemadmodum
998 552 1163 608 equus
1181 540 1527 610 praecipitium
1572 551 1626 596 et
1670 551 1993 611 praeruptum

414 629 679 684 transilire
699 644 912 699 parans,
937 640 1183 685 conatum
1213 633 1437 686 intendit
1460 642 1517 687 ut
1541 642 1790 699 transeat,
1818 643 1873 688 ut
1899 650 1994 689 ve.

412 736 476 776 ro
490 720 901 791 profunditatem
921 723 1170 789 intuetur,
1193 723 1519 795 obstupescit
1534 727 1989 797 contrahiturque,

421 812 546 868 hinc
571 814 660 868 ubi
687 814 829 869 videt
858 815 1092 885 equitem
1115 816 1291 872 acrius
1317 818 1532 884 instare,
1561 834 1747 874 rursus
1780 828 1945 875 tentat
1972 860 1988 884 ,

412 903 750 974 idipsumque
788 905 932 973 quod
960 917 1143 974 antea,
1162 907 1375 977 patitur,
1391 910 1759 964 necessitatem
1783 910 1992 981 vimque

409 994 511 1050 sibi
539 995 739 1049 illatam
768 996 1081 1063 ostendens,
1100 1006 1206 1052 stat
1220 998 1307 1053 diu
1325 998 1581 1054 himiiens-
1597 1000 1662 1054 ad
1684 1015 1831 1055 oram
1850 1016 1988 1070 pra:-

408 1085 571 1154 rupti,
595 1094 652 1139 ut
674 1085 774 1140 sibi
803 1087 1010 1141 animos
1035 1088 1231 1143 faciens
1270 1089 1483 1145 demum
1503 1131 1524 1156 ,
1580 1091 1844 1147 transilire
1889 1108 1989 1147 au-

408 1176 574 1230 deat:
608 1177 687 1231 sic
713 1184 767 1231 et
791 1176 977 1232 beatus
1005 1177 1219 1244 Paulus,
1245 1188 1510 1249 tamquam
1547 1180 1600 1235 in
1642 1182 1987 1251 pnncipitium

404 1266 674 1335 quoddam
702 1282 822 1322 sese
843 1282 965 1322 mox
990 1268 1340 1335 demissurus,
1360 1285 1551 1341 nempe
1576 1272 1629 1326 in
1657 1273 1999 1342 prepriarum

408 1355 620 1411 laudum
642 1358 1223 1426 commemorationem,
1270 1360 1458 1427 semel,
1489 1362 1681 1416 iterum
1711 1371 1765 1416 et
1792 1362 1947 1417 tertio
1968 1402 1982 1427 ,

406 1446 515 1501 imo
540 1447 739 1517 pluries
763 1449 1047 1503 retrocedit
1070 1450 1149 1505 sic
1170 1451 1374 1517 dicens,
1405 1450 1613 1506 Utinam
1649 1453 1995 1507 sustinuerim;-

407 1536 663 1591 modicum
690 1539 813 1609 quid
848 1539 1150 1609 insipientia:
1176 1556 1336 1595 mete:
1362 1550 1415 1597 et
1442 1542 1653 1608 iterum,
1680 1541 1763 1597 Ne
1778 1544 1890 1613 quis
1909 1560 1988 1598 me

407 1640 544 1698 putet
569 1632 887 1701 insipientem
906 1650 1010 1688 esse
1030 1650 1049 1688 :
1074 1635 1298 1705 alioquin
1325 1636 1457 1690 velut
1496 1637 1812 1705 insipientem
1840 1638 1982 1691 acci-

405 1723 510 1790 pite
534 1738 611 1776 me
632 1740 651 1787 ;
675 1731 749 1790 et,
780 1724 929 1789 Quod
958 1726 1152 1795 loquor,
1194 1744 1293 1781 non
1314 1729 1491 1798 loquor
1508 1730 1781 1784 secundant
1808 1730 1985 1785 Domi-

406 1829 547 1879 num,
572 1815 661 1867 sed
688 1816 834 1884 quasi
862 1816 915 1869 in
944 1817 1251 1886 insipientia,
1282 1819 1335 1872 in
1362 1820 1457 1873 hac
1476 1822 1755 1875 substantia
1769 1822 1982 1893 gloriat;

404 1919 468 1958 ac
497 1921 726 1972 rursum,
763 1907 1015 1973 Quoniam
1044 1911 1190 1963 multi
1227 1912 1512 1981 gloriantur
1539 1915 1814 1967 secundum
1863 1931 1981 1968 car-

407 2010 542 2061 nem,
567 2004 614 2047 et
636 2012 726 2065 ego
738 1997 1026 2066 gloriabor;
1051 1999 1259 2055 libenter
1278 2002 1407 2056 enim
1424 2002 1643 2069 su/fertis
1668 2004 1978 2073 insipientes,

402 2100 518 2136 cum
543 2085 650 2138 sitis
676 2086 773 2149 ipsi
795 2089 1076 2157 sapientes;
1105 2089 1421 2162 iterumque,
1452 2091 1517 2146 In
1546 2110 1646 2163 quo
1673 2095 1784 2164 quis
1808 2096 1978 2162 audet,

402 2175 456 2228 in
484 2176 773 2245 insipientia
800 2179 933 2245 dico,
965 2182 1127 2235 audeo
1154 2192 1199 2235 et
1232 2200 1339 2253 ego.
1393 2185 1471 2239 Ac
1528 2195 1804 2256 postquam
1854 2202 1979 2241 sex-

404 2269 609 2323 centies
633 2284 691 2323 se
717 2270 935 2325 stultum
966 2281 1022 2326 et
1052 2273 1385 2343 insipientem
1416 2278 1724 2346 appellavit,
1752 2278 1834 2332 vix
1863 2286 1979 2332 tan-

400 2359 523 2413 dem
576 2360 737 2415 audet
775 2362 827 2415 in
874 2364 1115 2431 proprias
1158 2366 1343 2421 laudes
1387 2367 1748 2424 descendere:
1782 2368 1981 2424 Ilebra'i

402 2457 538 2513 sunt,
576 2458 621 2502 et
668 2465 758 2520 ego
782 2469 799 2503 :
826 2449 1077 2506 Israelita:
1102 2462 1236 2519 sunt,
1292 2464 1338 2509 et
1386 2472 1476 2527 ego
1502 2473 1521 2512 :
1548 2474 1714 2512 semen
1768 2458 1982 2514 Abralue

403 2548 543 2603 sunt,
572 2548 618 2592 et
644 2556 734 2611 ego
755 2556 774 2594 :
805 2540 1022 2596 ministri
1064 2542 1251 2599 Christi
1290 2555 1427 2613 sunt,
1459 2554 1507 2600 et
1556 2562 1646 2619 ego
1676 2546 1790 2616 (Ib.
1811 2564 1857 2601 υ.
1885 2547 1975 2602 22.

400 2627 515 2698 95).
547 2629 617 2683 At
645 2646 816 2700 neque
860 2631 946 2686 hic
970 2633 1164 2688 oblitus
1197 2643 1279 2688 est
1301 2636 1404 2703 sui,
1430 2636 1522 2691 scd
1546 2653 1755 2692 rursum
1801 2652 1979 2693 corre-

400 2722 632 2776 ctionem
665 2724 903 2791 apponit,
933 2726 1012 2779 sic
1036 2726 1256 2793 addens,
1287 2726 1353 2782 Ut
1378 2729 1545 2783 minus
1582 2730 1782 2800 sapiens
1826 2730 1937 2783 dico
1960 2769 1975 2795 ,

404 2811 519 2879 plus
543 2827 633 2882 ego
659 2810 869 2881 (lbid.).
906 2812 1089 2884 Neque
1109 2815 1195 2869 hic
1219 2816 1439 2886 gradum
1468 2818 1645 2883 sistit,
1693 2817 1789 2873 sed
1830 2826 1977 2887 post-

399 2913 559 2968 quam
602 2915 790 2954 omnes
828 2901 1010 2956 laudes
1049 2917 1173 2958 suas
1216 2914 1572 2972 enarraverat,
1601 2906 1679 2961 sic
1707 2906 1974 2976 loquitur:

410 2987 602 3043 Factus
649 3007 764 3044 sum
806 2992 1047 3061 insipiens
1074 2993 1336 3064 gloriando
1359 3035 1375 3059 ,
1408 3011 1494 3049 vos
1520 3012 1595 3051 me
1619 2997 1847 3066 coegistis
1886 2996 1976 3069 (2.

401 3078 521 3133 Cor.
553 3078 638 3133 1%.
674 3080 781 3149 ll).
813 3082 892 3137 Ac
918 3082 962 3136 si
984 3082 1184 3139 diceret
1212 3103 1226 3139 :
1258 3085 1365 3140 Eos
1392 3101 1494 3156 ego
1522 3087 1672 3141 nihili
1693 3087 1974 3155 ducebam,

401 3170 445 3222 si
478 3184 564 3223 res
592 3178 780 3225 vestrae
802 3171 937 3227 bene
961 3187 1021 3227 se
1046 3173 1321 3241 haberent,
1354 3177 1456 3231 nisi
1486 3179 1658 3233 eversi
1700 3178 1933 3234 fuissetis
1958 3221 1972 3247 ,

401 3258 502 3313 nisi
525 3260 889 3315 vacillassetis.
920 3262 1049 3318 Nam
1079 3265 1179 3318 etsi
1208 3281 1420 3335 semper
1441 3267 1520 3321 illi
1564 3283 1650 3323 me
1677 3270 1977 3326 maledictis

402 3350 776 3418 impetiissent,
808 3351 939 3406 nihil
969 3368 1038 3407 ex
1086 3369 1270 3409 eorum
1307 3357 1603 3413 maledictis
1646 3359 1774 3413 mihi
1812 3359 1977 3414 detri-

400 3439 564 3493 menti
585 3439 890 3495 accedebat.
920 3442 1051 3509 Quia
1081 3459 1208 3498 vero
1258 3460 1470 3516 gregem
1498 3448 1603 3502 vidi
1622 3450 1972 3519 pessumdari,

399 3530 685 3599 discipulos
714 3534 1031 3602 resilientes,
1062 3552 1172 3591 rem
1201 3553 1418 3606 gravem
1459 3550 1513 3596 et
1537 3556 1820 3597 onerosam
1850 3543 1975 3599 des-

402 3620 544 3687 pexi,
576 3629 630 3675 et
649 3623 907 3691 insipiens
925 3624 1035 3679 ﬁeri
1065 3636 1278 3682 coactus
1297 3644 1436 3696 sum,
1466 3631 1592 3686 dum
1621 3632 1804 3689 laudes
1830 3649 1975 3690 meas

400 3720 617 3779 propter
645 3728 740 3767 vos
764 3723 1095 3786 vestramque
1120 3719 1344 3774 salutem
1373 3721 1618 3779 decanto.

470 3803 526 3857 5.
566 3802 745 3858 Sancti
770 3816 973 3875 peccata
998 3826 1089 3862 sua
1114 3810 1282 3879 facile,
1311 3814 1485 3867 laudes
1512 3831 1623 3869 vero
1638 3832 1755 3870 suas
1777 3818 1977 3872 nonnisi

398 3894 561 3943 coacti
608 3896 888 3949 enuntiarit.
920 3926 989 3936 —
1008 3897 1105 3953 Hie
1132 3900 1274 3954 enim
1301 3917 1418 3957 mos
1446 3914 1747 3960 sanctorum
1774 3917 1857 3963 est
1885 3926 1899 3963 :
1928 3910 1974 3963 si

400 3981 525 4047 quid
549 3982 672 4036 mali
700 3983 939 4050 fecerint,
971 3986 1099 4041 illud
1120 3990 1390 4060 evulgant,
1414 3994 1651 4062 quotidie
1670 3995 1971 4066 deplorant,

399 4073 750 4143 omnibusque
778 4077 948 4145 palam
975 4077 1217 4146 faciunt;
1276 4083 1320 4136 si
1348 4099 1477 4140 vero
1522 4086 1649 4156 quid
1693 4090 1868 4158 magni
1912 4105 1975 4145 ac

399 4164 662 4231 generosi,
694 4166 962 4223 occultant
1008 4179 1061 4225 et
1115 4171 1364 4229 oblivioni
1392 4175 1623 4231 tradunt.
1672 4178 1769 4234 llic
1799 4181 1975 4251 itaque

400 4263 615 4308 sanctus
638 4266 874 4324 peccata,
900 4261 1110 4316 nemine
1135 4273 1380 4333 cogente,
1411 4265 1711 4336 frequenter
1733 4271 1974 4326 versabat

400 4354 452 4397 et
480 4346 776 4417 evulgabat,
830 4352 988 4407 modo
1031 4354 1233 4419 dicens,
1276 4357 1507 4413 Christus
1552 4360 1702 4416 Iesus
1737 4365 1868 4418 venit
1920 4366 1973 4419 in

399 4438 663 4504 mundum,
692 4449 745 4493 ut
765 4452 1046 4511 peccatores
1066 4447 1317 4512 salvaret,
1370 4466 1582 4520 quorum
1630 4454 1819 4521 primus
1862 4472 1974 4510 sum

399 4541 491 4595 ego
524 4527 597 4596 (1.
632 4522 764 4585 Tim.
790 4533 841 4586 1.
874 4533 995 4603 l5):
1027 4536 1185 4592 modo
1208 4547 1404 4604 autem,
1438 4539 1643 4596 Gratias
1666 4558 1762 4612 ago
1791 4544 1855 4607 ei,
1887 4547 1972 4615 qui

401 4632 479 4670 me
500 4623 823 4689 eonfortavit,
849 4624 1070 4691 Christo,
1101 4630 1219 4696 quia
1269 4629 1467 4697 ﬁdelem
1507 4649 1586 4686 me
1630 4634 1970 4700 existimavit,

400 4723 590 4774 ponens
619 4710 670 4762 in
700 4713 996 4782 ministerio,
1028 4718 1114 4786 qui
1150 4720 1339 4787 primus
1389 4721 1710 4788 blasphemus
1755 4725 1833 4794 fui
1857 4767 1871 4789 ,
1926 4735 1971 4780 et

400 4811 725 4868 persequutor
750 4812 797 4856 et
822 4807 1205 4863 contumeliosus
1234 4826 1252 4863 :
1278 4813 1366 4866 sed
1399 4814 1798 4869 misericordiam
1847 4834 1969 4872 con-

398 4899 634 4956 sequutus
657 4908 789 4961 sum,
805 4897 923 4963 quia
941 4897 1179 4967 ignorans
1211 4902 1305 4972 feci
1320 4903 1373 4956 in
1402 4904 1749 4961 incredulitate
1784 4906 1890 4971 (Ib.
1923 4925 1967 4962 v.

403 4975 485 5030 1‘2.
523 4980 646 5050 l5);
676 4996 739 5037 ac
768 4999 999 5053 rursum,
1030 4988 1316 5046 Novissime
1353 5003 1519 5046 autem
1565 4998 1788 5051 omnium
1838 5008 1970 5053 tam-

396 5084 547 5134 quam
576 5072 798 5128 abortivo
824 5076 957 5131 visus
979 5088 1053 5132 est
1080 5090 1126 5134 et
1148 5082 1310 5136 mihi:
1342 5100 1430 5154 ego
1454 5086 1582 5139 enim
1606 5103 1715 5140 sum
1738 5089 1971 5144 minimus

397 5161 763 5230 apostolorum,
792 5165 879 5235 qui
901 5183 1001 5222 non
1023 5185 1133 5223 sum
1160 5170 1340 5242 dignus
1362 5176 1525 5228 vocari
1537 5178 1815 5245 apostolus,
1844 5196 1971 5249 quo-

397 5249 536 5303 niam
562 5265 888 5324 persequutus
906 5275 1017 5311 sum
1046 5258 1325 5315 Ecclesiam
1352 5262 1449 5318 Dei
1477 5265 1552 5337 (l.
1602 5265 1721 5321 Cor.
1780 5269 1870 5324 15.
1912 5271 1964 5325 8.

398 5338 452 5408 9)
472 5355 486 5403 ;
510 5356 573 5395 ac
592 5358 825 5414 rursum,
855 5347 987 5402 Mihi
1011 5351 1237 5405 omnium
1266 5364 1555 5409 sanctorum
1598 5358 1803 5412 minimo
1850 5361 1969 5415 data

398 5440 470 5484 est
498 5432 605 5487 hcec
634 5437 1031 5510 gratia(Ephes.
1084 5444 1138 5498 5.
1190 5444 1267 5513 8).
1316 5446 1499 5502 Viden‘
1545 5451 1812 5517 quomodo
1863 5469 1967 5510 non

401 5525 757 5589 apostolorum
786 5530 975 5598 modo,
1022 5534 1115 5587 sed
1163 5536 1320 5590 etiam
1370 5538 1681 5607 simpliciter
1735 5542 1966 5598 ﬁdelium

398 5615 633 5671 omnium
683 5633 743 5673 se
766 5621 1040 5676 minimum
1089 5627 1278 5681 vocet?
1322 5626 1451 5682 Mihi
1497 5630 1701 5683 minimo
1744 5633 1966 5687 omnium

395 5711 919 5782 sanctorum,inquit,
952 5715 1069 5770 data
1091 5724 1164 5771 est
1189 5720 1349 5787 gratia
1386 5721 1509 5776 ha’c.
1563 5721 1741 5790 itaque
1792 5738 1965 5792 neque

972 337 1054 391 DE
1098 335 1340 393 VERBIS
1395 338 1746 407 Al‘OSTt)Ll,
1789 338 2047 397 L'TINAM
2086 340 2574 399 SUSTINERETIS
2613 345 2935 415 MODllLUM,
2979 344 3127 401 ΕΠΖ.

3576 350 3675 403 506

2103 456 2291 522 salute,
2321 474 2478 527 quam
2506 470 2864 530 consequutus
2891 470 2993 526 est,
3031 475 3091 516 se
3112 460 3328 530 dignum
3356 474 3478 517 esse
3503 462 3633 517 dicit
3660 481 3675 517 :

2101 562 2221 601 cum
2242 549 2382 602 enim
2409 550 2622 617 dixerit,
2645 550 2875 606 Christus
2899 551 3049 607 Jesus
3072 552 3200 606 venit
3221 553 3272 605 in
3302 555 3544 606 mundum
3572 596 3586 618 ,
3619 564 3671 605 nt

2101 648 2389 705 peccatores
2410 641 2624 694 salvaret
2650 682 2663 705 ,
2692 658 2907 707 quorum
2938 642 3129 711 primus
3156 659 3245 713 ego
3274 659 3383 695 sum
3415 644 3433 711 (
3454 644 3502 697 1ι.
3541 643 3669 696 Tim.

2101 727 2151 780 1.
2182 726 2309 797 15);
2340 728 2461 782 audi
2485 744 2587 798 qua
2613 730 2680 785 de
2721 745 2879 785 causa
2906 732 2957 786 id
2984 731 3161 786 dicat:
3193 730 3297 785 Sed
3325 731 3437 785 ideo
3476 734 3675 787 miseri-

2097 816 2321 869 cordiam
2349 829 2684 887 consequutus
2704 837 2837 886 sum,
2890 830 2943 874 ut
2989 821 3040 875 in
3081 838 3160 877 me
3185 822 3347 893 primo
3396 824 3673 877 ostenderet

2098 905 2325 961 Christus
2369 906 2519 962 Iesus
2571 926 2768 963 omnem
2814 912 3105 981 patientiam
3155 914 3221 966 ad
3269 914 3673 985 informationem

2096 1012 2287 1062 eorum,
2314 998 2401 1067 qui
2424 998 2664 1052 credituri
2691 1010 2806 1054 sunt
2848 1000 2947 1064 illi,
2980 1002 3031 1054 in
3055 1004 3204 1055 vitam
3231 1014 3469 1057 retentam
3494 1006 3597 1077 (Ib.
3624 1023 3671 1061 υ.

2096 1087 2205 1158 16).
2243 1087 2441 1142 llorum
2468 1099 2643 1144 autem
2690 1105 2881 1145 sensus
2927 1102 3048 1146 est:
3080 1091 3194 1146 Non
3244 1094 3312 1148 ob
3358 1095 3672 1165 condignam

2095 1178 2214 1232 vita:
2236 1180 2581 1236 mutationem
2625 1183 3044 1238 misericordiam
3095 1194 3452 1254 consequutus
3502 1202 3667 1241 sum:

2091 1270 2288 1324 eaveid
2318 1271 2624 1339 existimes;
2654 1274 2749 1327 sed
2779 1283 2833 1327 ut
2850 1290 3006 1328 nemo
3036 1290 3243 1341 eorum,
3273 1277 3435 1346 quiin
3480 1281 3669 1346 nequi-

2096 1360 2165 1412 tia
2193 1361 2457 1427 vixerunt,
2485 1362 2693 1416 etiamsi
2716 1362 2926 1418 Christo
2953 1364 3149 1419 bellum
3181 1364 3388 1431 fecerit,
3418 1365 3669 1437 despera-

2092 1458 2194 1515 ret,
2226 1449 2351 1504 dum
2383 1462 2680 1505 extremum
2707 1453 2942 1506 omnium
2969 1494 2983 1517 ,
3039 1469 3146 1522 quo
3202 1454 3377 1510 nullus
3421 1470 3667 1525 umquam

2092 1538 2333 1594 infestior
2351 1540 2566 1595 Christo
2592 1541 2707 1607 fuit,
2740 1544 2965 1596 salutem
3001 1553 3393 1612 consequutum
3438 1545 3664 1601 videret.

2091 1630 2362 1701 Siquidem
2394 1630 2635 1688 Christus
2662 1634 2812 1700 dicit,
2863 1635 3113 1702 Quoniam
3159 1652 3248 1689 vas
3296 1637 3550 1691 electionis
3595 1650 3667 1693 est

2089 1724 2232 1789 mihi,
2264 1732 2317 1775 ut
2338 1735 2497 1793 portet
2527 1742 2711 1779 nomen
2741 1743 2905 1780 meum
2931 1744 3101 1781 coram
3127 1729 3357 1798 gentibus
3381 1738 3430 1783 et
3471 1730 3667 1799 regibus

2089 1813 2225 1884 (Act.
2251 1814 2302 1869 9.
2334 1814 2422 1884 15)
2446 1831 2460 1879 ;
2495 1815 2579 1869 hic
2608 1832 2734 1871 vero
2759 1826 2833 1871 tot
2857 1818 3101 1872 laudibus
3131 1834 3234 1873 non
3263 1820 3622 1874 intumescens
3649 1862 3661 1883 .

2090 1914 2209 1975 post
2232 1914 2431 1960 tantam
2462 1905 2705 1961 ﬁduciam
2729 1923 2788 1963 se
2819 1909 3071 1962 miserum
3122 1910 3411 1977 praedicare
3452 1910 3621 1978 pergit
3646 1949 3659 1971 ,

2087 2012 2145 2052 se
2177 1998 2403 2066 primum
2428 2009 2764 2067 peccatorum
2792 2014 3017 2066 vocans,
3036 2009 3193 2069 atque
3223 1999 3343 2053 ideo
3364 1999 3669 2053 misericor-

2085 2086 2224 2141 diam
2252 2098 2639 2152 consequutum
2689 2089 2871 2143 dicens
2894 2130 2907 2153 ,
2954 2098 3011 2143 ut
3056 2105 3215 2143 nemo
3244 2090 3323 2144 vel
3358 2105 3540 2144 eorum
3572 2090 3659 2157 qui

2086 2176 2151 2230 ad
2183 2192 2477 2230 extremum
2507 2178 2755 2247 nequitia:
2781 2178 3113 2244 devenerint,
3140 2178 3207 2232 de
3251 2179 3471 2247 prepria
3493 2178 3662 2231 salute

2085 2267 2428 2336 desperaret,
2456 2267 2580 2322 dum
2609 2283 2666 2322 sc
2711 2267 2918 2338 sibique
2959 2269 3208 2323 collatura
3239 2266 3550 2323 beneﬁcium
3578 2283 3663 2322 re-

2084 2359 2331 2428 spiceret.

2155 2450 2208 2504 6.
2251 2450 2469 2503 Peccata
2514 2450 2691 2520 itaque
2737 2466 2851 2516 sua,
2904 2451 3047 2505 nulla
3090 2460 3307 2505 eonetus
3348 2453 3663 2506 necessitate

2082 2538 2320 2609 quotidie
2349 2540 2562 2610 evulgat
2608 2541 2660 2593 in
2700 2539 2946 2595 omnibus
2989 2540 3229 2609 epistolis
3279 2540 3423 2605 suis;
3471 2541 3662 2609 illaque

2084 2630 2312 2685 traducit
2354 2638 2408 2686 et
2450 2628 2686 2686 declarat
2716 2646 2823 2686 non
2871 2631 3013 2685 illius
3058 2631 3316 2701 temporis
3360 2631 3661 2686 hominibus

2084 2730 2307 2788 tantum,
2336 2721 2430 2777 sed
2460 2723 2620 2776 etiam
2647 2722 2893 2777 omnibus
2918 2730 3038 2791 post
3057 2720 3280 2786 futuris;
3306 2721 3487 2776 laudes
3510 2737 3658 2784 vero,

2082 2811 2242 2866 etiam
2267 2812 2497 2866 instante
2522 2813 2858 2877 necessitate,
2890 2826 3107 2866 narrare
3132 2818 3407 2865 cunctatur
3432 2820 3486 2865 et
3515 2810 3659 2864 refu-

2083 2902 2180 2972 git.
2234 2900 2289 2954 ld
2316 2915 2445 2956 sane
2473 2902 2557 2956 vel
2584 2918 2651 2957 ex
2680 2917 2744 2956 eo
2772 2903 2941 2970 palam
2973 2911 3085 2968 est,
3114 2901 3255 2970 quod
3286 2900 3335 2953 id
3363 2900 3661 2955 sexcenties

2084 2991 2434 3060 insipientiam
2466 2999 2637 3055 vocet;
2673 2991 2845 3060 palam
2872 2990 2996 3045 item
3024 2999 3108 3045 est
3130 3005 3193 3044 ex
3224 2998 3369 3043 tanto
3398 2997 3657 3058 tempore,

2081 3097 2187 3152 quo
2211 3080 2506 3135 mirabilem
2538 3080 2682 3134 illam
2708 3089 2763 3134 et
2788 3079 3021 3133 divinam
3050 3078 3426 3134 revelatiouem
3456 3079 3653 3132 tacuit:

2082 3188 2188 3227 non
2219 3171 2361 3226 enim
2391 3180 2531 3237 tunc,
2561 3171 2647 3224 vel
2674 3180 2798 3224 ante
2827 3170 2959 3224 duos
2986 3179 3164 3225 tresve
3206 3178 3300 3223 aut
3333 3168 3518 3223 decem
3559 3184 3657 3221 an-

2081 3278 2201 3329 nos,
2226 3262 2317 3318 sed
2344 3271 2467 3317 ante
2496 3261 2661 3315 multo
2683 3261 2862 3331 plures
2884 3260 3027 3314 illaut
3050 3259 3277 3328 viderat.
3301 3258 3655 3328 Quamobrem

2081 3356 2252 3425 ipsum
2281 3363 2485 3422 tempus
2510 3353 2745 3422 assignat
2771 3351 2853 3406 his
2878 3351 3055 3405 verbis
3083 3368 3096 3404 :
3124 3351 3244 3405 Scio
3264 3350 3516 3402 hominem
3541 3359 3657 3401 ante

2079 3462 2240 3499 annos
2267 3444 2640 3515 quatuordecim
2668 3451 2873 3511 raptum
2898 3440 2965 3493 ad
2995 3447 3194 3493 tertium
3232 3440 3414 3494 calum
3449 3440 3507 3508 (2
3537 3438 3654 3491 Cor.

2082 3536 2168 3590 l2.
2195 3532 2251 3606 2)
2289 3553 2302 3587 :
2333 3542 2389 3587 ut
2427 3542 2482 3587 tu
2510 3532 2767 3597 disceres,
2799 3546 2866 3585 ne
2893 3539 3018 3585 tunc
3041 3530 3255 3600 quidem
3298 3530 3367 3583 ita
3413 3529 3658 3597 loquutu-

2081 3640 2198 3680 rum
2224 3623 2409 3690 fuisse,
2439 3622 2540 3679 nisi
2572 3636 2760 3691 magna
2790 3628 3011 3691 urgente
3037 3620 3374 3675 necessitate.
3407 3617 3463 3672 Si
3504 3632 3654 3670 nam-

2080 3731 2181 3786 que
2207 3715 2462 3769 voluisset
2489 3712 2671 3766 laudes
2698 3727 2822 3766 suas
2851 3725 3150 3776 recensere,
3180 3710 3359 3764 statim
3388 3718 3547 3779 atque
3581 3709 3657 3763 vi-

2079 3807 2244 3863 disset
2274 3821 2411 3869 eam,
2454 3805 2798 3870 declarasset,
2848 3803 2934 3858 vel
2979 3803 3166 3857 saltem
3215 3803 3408 3872 primo,
3442 3801 3528 3856 vel
3565 3816 3655 3855 sc-

2077 3898 2252 3953 cundo
2281 3906 2373 3951 aut
2400 3896 2553 3951 tertio
2577 3911 2717 3950 anno
2749 3913 2762 3950 :
2796 3903 2849 3948 at
2874 3895 2961 3949 ille
2988 3893 3390 3963 quatuordecim
3420 3892 3574 3967 annis
3603 3893 3655 3947 in

2079 3989 2291 4044 silentio
2320 3986 2696 4057 perseveravit,
2728 3993 2782 4039 et
2810 3984 3005 4039 nemini
3044 3984 3195 4049 dixit,
3237 3982 3337 4036 nisi
3369 3981 3658 4038 Corinthiis

2079 4088 2305 4133 tantum.
2337 4076 2726 4147 Quandonam‘t
2752 4075 2884 4130 Cum
2918 4073 3391 4144 pseudoapostolos
3419 4071 3551 4127 vidit
3573 4072 3657 4126 in-

2078 4182 2378 4243 surgentes,
2427 4170 2707 4225 declarans
2757 4183 2816 4222 se
2855 4182 2923 4222 ne
2967 4175 3092 4221 tune
3137 4165 3353 4236 quidem
3392 4165 3654 4219 dicturum

2079 4265 2261 4329 fuisse,
2302 4264 2402 4318 nisi
2435 4270 2636 4317 tantam
2674 4261 2897 4315 vidisset
2933 4258 3326 4328 corruptionem
3370 4254 3655 4325 discipulos

2078 4356 2347 4411 invadere.
2380 4357 2448 4408 At
2477 4370 2573 4408 nos
2600 4368 2703 4407 non
2736 4354 2864 4406 item
2898 4369 2911 4405 :
2953 4351 3047 4406 sed
3088 4365 3306 4419 prorsus
3332 4348 3653 4404 contrarium

2077 4443 2317 4502 facimus.
2342 4446 2686 4499 Peccatorum
2713 4458 2779 4498 ne
2800 4457 2907 4496 uno
2928 4440 3142 4510 quidem
3174 4440 3260 4494 die
3280 4441 3651 4502 recordamur;

2077 4535 2171 4591 sed
2195 4536 2238 4589 si
2262 4535 2536 4605 quospiam
2558 4549 2618 4589 ea
2643 4545 3063 4588 commemorare
3087 4529 3384 4594 audiamus,
3416 4528 3653 4599 indigna-

2080 4646 2218 4695 mur,
2247 4643 2390 4698 :egre
2431 4625 2671 4692 ferimus,
2719 4623 3095 4679 contumeliam
3143 4621 3195 4676 id
3229 4636 3348 4677 esse
3383 4632 3650 4692 putamus,

2079 4717 2369 4774 innumeris
2396 4716 2514 4772 illos
2543 4714 2834 4770 maledictis
2865 4713 3211 4777 incessimus;
3248 4713 3293 4767 si
3320 4712 3447 4781 quid
3474 4719 3650 4766 autem

2079 4810 2200 4865 boni
2232 4818 2566 4877 prmstemus,
2595 4805 2646 4859 in
2672 4819 2767 4858 ore
2792 4804 3096 4873 frequenter
3116 4817 3409 4867 versamus,
3436 4802 3484 4856 id
3508 4818 3653 4856 com-

2080 4897 2498 4957 memorantibus
2527 4899 2748 4967 gratiam
2778 4894 3058 4958 habemus,
3092 4893 3317 4961 illosque
3346 4892 3500 4946 nobis
3529 4894 3652 4946 ami-

2076 5008 2167 5047 cos
2196 4990 2565 5046 existimamus
2603 5004 2615 5039 :
2650 4986 2773 5040 licet
2810 4983 3055 5038 Christus
3087 4983 3412 5037 contrarium
3445 4997 3649 5051 prmce-

2076 5083 2231 5153 perit,
2266 5090 2321 5135 ut
2343 5088 2489 5135 recte
2517 5076 2775 5133 factorum
2798 5076 3012 5146 quidem
3041 5074 3435 5137 obliviscamur,
3463 5088 3647 5142 pecca—

2078 5187 2248 5234 torum
2274 5191 2400 5231 vero
2428 5174 2790 5230 recordemur.
2815 5171 2966 5238 Quod
3007 5170 3159 5224 nobis
3197 5168 3485 5223 declaravit
3523 5167 3647 5219 dum

2076 5273 2152 5328 sic
2174 5269 2463 5340 discipulos
2497 5267 2866 5323 cohortaretur
2901 5280 2913 5316 :
2955 5263 3081 5318 Cum
3107 5262 3275 5316 omnia
3304 5260 3540 5331 feceritis,
3571 5259 3650 5310 di-

2075 5365 2188 5428 cite,
2217 5360 2452 5431 quoniam
2482 5359 2610 5413 servi
2639 5358 2842 5411 inutiles
2870 5370 3043 5409 sumus
3073 5351 3222 5425 (Luc.
3256 5352 3341 5405 17.
3370 5350 3489 5419 10);
3519 5358 3571 5404 et
3594 5352 3643 5404 in

2076 5452 2325 5524 parabola
2348 5450 2622 5511 Pharisaei,
2652 5448 2735 5503 cui
2761 5447 3093 5517 publicanum
3117 5443 3421 5512 praeposuit.
3448 5443 3643 5507 Quem-

2073 5542 2357 5598 admodum
2383 5542 2523 5597 enim
2552 5540 2690 5594 hunc
2730 5547 3063 5609 peccatorum
3099 5534 3534 5590 commemoratio
3557 5533 3641 5601 ju-

2074 5632 2338 5699 stiticavit,
2367 5631 2445 5686 sic
2470 5637 2524 5685 et
2550 5630 2692 5683 illum
2716 5637 2862 5684 recte
2891 5627 3144 5681 laetorum
3177 5621 3430 5678 memoria
3460 5621 3636 5691 pel-div

2073 5722 2168 5779 dit.
2205 5721 2400 5779 Judacis
2439 5734 2647 5792 quoque
2684 5720 2821 5776 Deus
2861 5717 3046 5776 eadem
3088 5715 3286 5774 monita
3338 5715 3514 5779 tradit,
3559 5712 3640 5766 bis
