4060 6260
470 344 573 399 507

451 469 639 526 verbis
670 488 686 526 :
721 469 832 541 Ego
863 489 980 526 sum
1007 474 1140 542 ipse,
1165 477 1255 546 qui
1284 477 1432 533 deleo
1453 489 1667 547 peccata
1705 491 1821 546 tua,
1848 491 1897 535 e.’
1918 500 2019 536 non

447 560 796 626 recordabar;
823 572 879 615 tu
908 580 1023 618 vero
1054 566 1330 621 recordare
1353 566 1489 640 (Isa.
1514 570 1606 625 45.
1632 570 1746 641 25)..
1800 598 1812 606 ·

524 652 574 706 'l.
618 651 718 708 llic
758 669 878 711 mos
911 664 1031 710 erat
1076 660 1471 728 apostolorum,
1503 661 1590 716 hic
1631 662 2019 733 prophetarum

445 744 785 811 ctjustorum
800 749 1064 806 omnium.
1092 751 1262 807 David
1283 756 1425 809 enim
1452 757 1658 825 peccati
1704 759 1787 813 sui
1816 759 2020 827 jugiter

446 834 860 902 recordabatur,
889 837 1159 894 bonorum
1186 856 1417 911 operum
1444 860 1712 915 nusquam
1742 847 1847 900 nisi
1882 847 2021 902 forte

443 933 669 994 cogente
695 930 1022 986 necessitate
1043 931 1116 1000 (i.
1141 931 1264 1002 Reg.
1286 932 1404 1002 l7).
1436 935 1570 988 Cum
1621 950 1751 1006 ergo
1780 936 2022 991 barbari-

442 1028 569 1066 cum
596 1015 730 1069 illud
773 1018 976 1072 bellum
1006 1019 1253 1075 Judaeum
1285 1024 1533 1087 vexabat,
1557 1026 1846 1094 omniaque
1875 1025 2021 1094 peri-

443 1104 588 1159 culis
631 1107 789 1175 plena
820 1118 1015 1178 erant;
1056 1126 1181 1166 cum
1215 1113 1305 1168 ille
1336 1113 1553 1183 juvenis
1582 1115 1758 1170 adhuc
1787 1122 1932 1170 esset
1961 1123 2018 1170 et

443 1193 569 1248 belli
611 1196 922 1267 imperitus,
956 1202 1163 1259 relictis
1186 1204 1383 1260 ovibus
1414 1204 1469 1258 in
1497 1206 1672 1260 aciem
1706 1205 2014 1271 descendit,

441 1302 678 1359 cumque
692 1304 883 1348 omnes
903 1294 1221 1361 exterritos,
1256 1294 1615 1353 formidantes
1633 1312 1697 1353 ac
1720 1305 2016 1354 trementes

435 1390 700 1445 cerneret,
733 1382 863 1437 nihil
905 1383 1198 1441 humanum
1227 1404 1414 1458 passus
1442 1399 1544 1459 est,
1589 1405 1762 1459 neque
1790 1398 2016 1444 cancros

435 1468 673 1536 abjectos
713 1472 900 1528 videns
940 1474 1322 1532 formidolosus
1363 1477 1483 1544 fuit,
1527 1479 1623 1533 sed
1669 1479 1773 1534 fide
1814 1479 2012 1544 omnia,

436 1574 556 1627 quae
577 1562 1047 1629 conspiciebantur
1088 1568 1489 1634 transcendcns,
1520 1569 1586 1623 ad
1617 1568 1815 1639 Regem
1854 1570 2015 1624 caelo-

438 1664 555 1702 rum
582 1651 892 1719 respiciens,
934 1655 1153 1710 multam
1182 1657 1362 1713 animo
1389 1659 1719 1715 alacritatem
1749 1660 2012 1728 concepit,

434 1748 488 1792 ct
515 1739 583 1794 ad
614 1742 806 1797 milites
832 1743 1132 1816 fratresque
1154 1762 1279 1803 suos
1299 1750 1545 1813 accessit,
1574 1750 1838 1819 pollicens
1862 1766 1922 1806 se
1947 1751 2014 1805 ab

437 1828 659 1884 instanti
708 1834 945 1901 periculo
972 1836 1117 1905 ipsos
1147 1838 1515 1895 liberaturum.
1553 1842 1686 1897 Cum
1721 1854 1899 1898 autem
1929 1843 2013 1898 di-

434 1929 578 1976 ctum
624 1923 911 1982 irriderent
940 1928 1129 1984 fratres
1163 1932 1280 2001 ejus
1325 1933 1523 2004 {neque
1568 1936 1709 1990 enim
1764 1937 2014 1994 videbant

439 2015 602 2071 Deum
629 2017 772 2074 intus
802 2021 950 2076 illum
990 2027 1368 2091 concitantem,
1403 2044 1576 2099 neque
1603 2039 1861 2084 noverant
1898 2032 2012 2085 ani-

435 2122 579 2164 mum
602 2109 750 2165 illum
780 2128 1119 2184 generosum,
1150 2118 1216 2173 ad
1258 2120 1448 2174 caelum
1495 2136 1661 2192 usque
1702 2123 2007 2193 pertingen-

434 2205 562 2265 tem,
592 2216 886 2273 magnaque
929 2205 1118 2264 ﬁducia
1164 2209 1426 2280 plenum),
1471 2212 1575 2266 illis
1614 2214 1832 2280 relictis,
1877 2214 2011 2270 alios

431 2289 577 2346 adiit.
607 2292 708 2348 Ubi
734 2306 910 2351 autem
940 2298 1089 2354 illum
1116 2301 1461 2359 adduxissent
1498 2304 1564 2359 ad
1608 2321 1806 2377 regem,
1850 2323 2007 2377 quem

432 2381 623 2438 timore
650 2397 953 2444 emortuum
996 2392 1194 2461 reperit
1239 2411 1252 2446 :
1286 2395 1458 2463 primo
1500 2397 1546 2451 is
1593 2397 1734 2452 illius
1771 2399 2006 2454 animum

427 2473 602 2542 erigit,
635 2474 716 2529 his
740 2479 939 2545 verbis,
969 2478 1054 2535 Ne
1087 2485 1324 2538 concidat
1358 2502 1446 2540 cor
1491 2486 1684 2542 domini
1724 2490 1820 2542 mei
1857 2507 2010 2559 super

427 2562 560 2631 ipso,
588 2567 707 2632 quia
733 2583 905 2623 servus
940 2578 1057 2626 tuus
1089 2572 1180 2627 ibit
1208 2582 1257 2628 et
1275 2576 1517 2647 pugnabit
1546 2593 1660 2631 cum
1699 2579 1795 2632 hoc
1822 2580 2007 2634 alieni-

431 2668 559 2722 gena
586 2655 661 2726 (Ι.
689 2655 819 2729 Reg.
845 2659 931 2713 17.
959 2658 1073 2733 3‘2).
1096 2660 1229 2719 Cum
1259 2674 1438 2721 autem
1469 2667 1558 2722 ille
1590 2683 1696 2723 non
1727 2669 1884 2724 fidem
1915 2672 2007 2726 ha-

434 2744 582 2798 beret
601 2758 664 2801 ac
684 2745 907 2817 diceret,
938 2749 1062 2807 Non
1093 2756 1282 2824 poteris
1306 2756 1413 2823 ire;
1441 2768 1497 2812 tu
1534 2777 1659 2830 puer
1686 2777 1759 2828 es,
1800 2762 1890 2818 ille
1912 2780 1999 2817 au-

427 2844 523 2887 tem
554 2837 629 2890 vir
655 2837 871 2896 bellator
896 2859 929 2897 a
946 2844 1210 2913 juventute
1238 2865 1332 2903 sua
1359 2848 1463 2920 (Ib.
1493 2866 1540 2906 υ.
1565 2851 1678 2925 55),
1708 2853 1760 2907 in
1788 2856 2004 2925 ancipiti

426 2927 745 2984 constitutus
805 2930 967 2988 David
1024 2937 1233 3007 cogitur
1276 2941 1517 3010 pr0prias
1559 2943 1751 2998 efferre
1795 2945 2003 3002 laudes.

426 3016 575 3083 Quod
600 3021 741 3075 enim
773 3022 825 3078 id
853 3025 1040 3095 nollet,
1072 3043 1138 3083 ex
1178 3029 1444 3099 prioribus
1475 3034 1732 3105 arguitur,
1762 3037 2002 3106 quando-

423 3108 637 3176 quidem
669 3127 766 3167 nec
793 3113 1044 3172 fratribus
1067 3120 1177 3174 suis
1198 3120 1265 3176 de
1288 3123 1449 3177 rebus
1469 3140 1499 3178 a
1525 3138 1585 3181 se
1610 3125 1815 3182 fortiter
1839 3131 2003 3198 gestis

423 3199 691 3270 quidpiam
734 3204 966 3274 dixerat,
1005 3219 1062 3263 ut
1102 3227 1273 3281 neque
1313 3216 1588 3283 militibus,
1644 3218 1749 3274 imo
1794 3236 1859 3274 ne
1902 3221 2000 3291 ipsi

423 3291 554 3360 regi,
601 3293 770 3349 donec
811 3297 942 3352 vidit
981 3315 1103 3354 eum
1150 3318 1254 3357 non
1299 3305 1538 3375 credere,
1584 3310 1907 3367 contendere
1948 3320 2004 3367 et

424 3395 767 3452 congressum
793 3402 944 3442 suum
970 3399 1155 3445 contra
1176 3392 1537 3451 adversarium
1559 3398 1839 3469 impedire.
1862 3402 1999 3468 Quid

423 3481 546 3527 tunc
575 3472 876 3532 faciendum
920 3480 1192 3536 restabat?
1224 3498 1293 3539 an
1335 3487 1572 3542 tacendae
1602 3489 1785 3545 laudes
1811 3493 2000 3547 erant?

423 3564 489 3618 At
513 3581 617 3620 non
646 3567 859 3625 sivisset
885 3572 1087 3642 egredi,
1127 3574 1277 3631 etab
1316 3577 1611 3634 imminenti
1653 3581 1890 3651 periculo
1930 3583 1999 3637 li-

423 3654 626 3711 berare.
653 3656 778 3714 ideo
804 3675 924 3716 cum
950 3665 1220 3732 tacuisset,
1251 3668 1463 3738 quando
1495 3679 1669 3726 tacere
1696 3671 1995 3742 oportebat,

421 3747 506 3801 ubi
531 3747 661 3803 vidit
700 3753 951 3822 temporis
982 3757 1240 3813 rationem
1282 3759 1332 3814 id
1373 3763 1640 3831 postulare
1669 3772 1721 3819 ut
1751 3765 1998 3836 loquere-

418 3847 520 3904 tur,
551 3855 657 3894 non
685 3841 817 3898 ultra
859 3847 1039 3912 tacuit,
1081 3849 1176 3904 sed
1214 3850 1293 3905 sic
1331 3867 1453 3906 eum
1496 3854 1798 3925 alloquutus
1843 3866 1925 3912 est
1977 3874 1991 3911 :

420 3928 639 3986 Pascens
675 3950 813 4014 erant
857 3955 1029 3995 servus
1072 3950 1189 3996 tuus
1216 3961 1413 4017 gregem
1443 3948 1603 4016 patris
1631 3950 1745 4014 mei,
1788 3959 1835 4003 et
1881 3967 1997 4006 cum

415 4021 597 4075 veniret
625 4025 701 4079 leo
729 4038 817 4080 aut
845 4044 1021 4098 ursus,
1051 4042 1098 4084 et
1123 4035 1367 4104 acciperet
1404 4051 1542 4090 ovem
1571 4038 1634 4091 de
1658 4056 1826 4109 grege,
1856 4057 1998 4112 egre-

415 4113 587 4167 diebar
613 4126 725 4185 post
754 4133 887 4185 eum,
916 4129 963 4172 et
993 4122 1329 4189 percutiebam
1358 4141 1489 4190 eum,
1516 4136 1563 4180 et
1591 4130 1909 4183 exlrahebam
1933 4132 1995 4186 ab

412 4221 498 4258 ore
519 4208 651 4278 ejus,
679 4217 726 4260 et
755 4211 1195 4279 apprchendebam
1236 4224 1413 4285 guttur
1439 4219 1570 4287 ejus,
1617 4230 1664 4273 et
1709 4222 1995 4278 occidebam

412 4312 522 4348 eum
552 4310 573 4351 :
594 4312 657 4350 ac
686 4295 880 4353 leonem
905 4309 952 4354 et
981 4318 1153 4357 ursum
1182 4308 1427 4375 percussit
1451 4324 1622 4364 servus
1645 4320 1762 4366 tuus
1791 4330 1810 4366 :
1833 4323 1880 4368 et
1900 4316 1994 4370 erit

410 4386 693 4458 alienigena
709 4389 791 4442 liic
813 4400 859 4444 et
885 4391 1264 4451 incircumcisus
1286 4398 1415 4451 sicut
1431 4417 1560 4455 unus
1580 4418 1642 4457 ea:
1661 4404 1730 4456 eis
1761 4405 1806 4475 (l
1820 4444 1833 4458 .
1859 4406 1989 4463 Rea.

412 4479 497 4532 i7.
526 4478 735 4554 54-56).
792 4482 946 4539 Vides
985 4488 1252 4558 quomodo
1290 4489 1577 4548 declaravit
1605 4509 1703 4564 qua
1735 4496 1801 4552 de
1831 4512 1989 4553 causa

409 4571 477 4625 ab
514 4587 572 4627 se
615 4573 821 4631 fortiter
855 4587 1003 4648 gesta
1046 4584 1584 4639 commemoraverit?
1612 4586 1746 4639 Tum
1788 4590 1991 4646 scilicet

404 4675 499 4717 rex
523 4675 792 4735 assumpta
810 4666 1023 4734 ﬁducia,
1037 4668 1197 4739 jussit
1214 4671 1380 4728 abire.
1412 4674 1555 4729 Abiit
1578 4690 1756 4746 porro,
1788 4693 1991 4748 pugna-

412 4754 482 4806 vit
504 4765 558 4808 et
584 4754 727 4811 vicit.
750 4758 820 4812 At
839 4759 940 4814 nisi
966 4759 1152 4818 laudes
1168 4777 1291 4819 suas
1306 4777 1631 4833 enarrasset,
1655 4783 1988 4840 nequaquam

409 4860 499 4899 rex
516 4846 588 4900 illi
604 4849 1036 4906 monomachiam
1048 4852 1698 4923 ejusmodiconcessisset;
1711 4857 1755 4912 si
1767 4874 1873 4915 non
1886 4875 1995 4917 cre-

407 4934 647 5002 didisset,
696 4952 802 4994 uon
845 4939 1062 4997 sivisset
1091 4959 1213 4999 eum
1260 4944 1313 5000 in
1352 4947 1521 5003 aciem
1552 4949 1910 5018 descendere;
1942 4955 1987 5009 si

405 5041 509 5081 non
538 5027 770 5095 sivisset,
794 5030 1070 5089 victoriam
1095 5037 1458 5107 impedivisset
1485 5056 1498 5092 :
1527 5042 1778 5112 impedita
1808 5055 1986 5100 autem

407 5119 644 5187 victoria,
679 5136 855 5191 neque
889 5123 1028 5180 Deus
1057 5135 1182 5182 tunc
1210 5128 1552 5198 glorificatus,
1590 5149 1764 5204 neque
1800 5136 1986 5191 civitas

399 5212 467 5266 ab
514 5213 826 5284 urgentibus
869 5216 1025 5272 malis
1076 5217 1297 5274 liberata
1351 5233 1513 5277 esset.
1564 5223 1640 5279 Ne
1696 5225 1857 5295 igitur
1909 5238 1985 5283 tot

395 5304 624 5359 absurda
646 5305 1036 5378 contingerent,
1058 5324 1229 5380 neque
1247 5320 1406 5367 tanta:
1422 5313 1830 5383 dispensationis
1849 5309 1985 5388 optis

402 5397 803 5465 praepediretur,
839 5408 1058 5455 coactus
1094 5411 1177 5456 est
1218 5402 1381 5458 David
1428 5407 1668 5476 proprias
1705 5424 1984 5465 recensere

402 5485 667 5542 victorias.
690 5487 759 5545 Ut
779 5490 919 5544 enim
939 5500 1116 5547 tacere
1136 5495 1330 5561 sciunt,
1358 5496 1443 5549 ubi
1465 5496 1609 5551 nulla
1632 5507 1713 5552 est
1732 5498 1983 5569 loquendi

398 5577 712 5645 necessitas,
745 5579 817 5634 ita
849 5588 903 5636 et
930 5581 1073 5653 loqui
1104 5594 1316 5653 norunt,
1352 5585 1403 5640 vi
1435 5586 1664 5643 instante
1692 5597 1851 5658 atque
1879 5589 1982 5644 im-

400 5677 658 5728 nnncntc.

469 5760 521 5816 8.
569 5756 750 5829 Neque
780 5760 829 5814 in
873 5761 973 5817 hoc
1017 5774 1239 5831 tantum,
1289 5767 1381 5823 sed
1426 5769 1585 5824 etiam
1630 5771 1682 5824 in
1731 5769 1981 5826 Samueic

1199 347 1250 403 S.
1281 347 1561 404 JOANNIS
1591 346 2068 403 CHRYSOSTOMI
2096 346 2411 402 AltClllEP.
2445 345 2981 403 CUNSTANTINOP.

3170 302 3240 313 εκ,

3592 346 3702 406 503

2138 477 2366 546 idipsum
2393 477 2682 548 contigisse
2709 478 2830 548 quis
2875 476 3070 532 videat.
3104 476 3315 534 Etenim
3350 476 3439 533 ille
3478 492 3595 534 cum
3630 487 3718 539 tot

2132 569 2286 623 annis
2311 568 2532 623 Judaico
2562 569 2756 639 populo
2784 568 3104 638 praefuisset,
3137 568 3298 639 idque
3328 569 3395 623 ad
3422 570 3518 624 Dei
3547 571 3715 640 placi-

2131 669 2266 726 tum,
2295 675 2393 715 nec
2424 661 2695 730 quidpiam
2735 660 2910 731 magni
2954 659 3023 715 de
3065 674 3125 715 se
3161 675 3412 730 umquam
3464 661 3716 731 loquutus

2131 751 2338 814 fuisset,
2365 751 2529 805 multa
2551 751 2675 806 licet
2694 750 2912 805 haberet
2934 750 3179 816 dicenda,
3197 750 3244 805 si
3262 750 3538 816 voluisset,
3561 766 3715 806 suam

2128 856 2159 895 a
2188 842 2437 909 primaeva
2465 851 2621 897 :ctate
2652 841 3045 908 educationem,
3088 840 3145 896 in
3184 841 3384 912 templo
3409 856 3713 897 commora-

2130 929 2349 992 tionem,
2378 930 2677 1000 prophetiae
2702 930 2904 985 donum
2946 930 3015 985 ab
3059 929 3411 995 incunabulis,
3444 941 3567 1000 post
3601 931 3718 985 hanc

2128 1017 2289 1085 bella,
2314 1019 2583 1084 victorias,
2614 1033 2748 1089 quas
2774 1034 2880 1073 non
2911 1020 3096 1084 armis,
3128 1019 3226 1074 sed
3245 1034 3314 1075 ex
3340 1019 3713 1074 benevolentia

2132 1108 2225 1164 Dei
2262 1110 2431 1164 aciem
2468 1110 2739 1165 instruens
2764 1111 3053 1179 reportavit
3092 1127 3107 1164 :
3138 1109 3330 1164 horum
3361 1116 3537 1163 tamen
3583 1110 3717 1163 nihil

2127 1199 2386 1267 superiori
2419 1207 2658 1269 tempore
2683 1199 2911 1253 dixerat.
2939 1201 3011 1253 At
3053 1199 3140 1254 ubi
3180 1200 3532 1269 principatum
3557 1200 3716 1253 abdi-

2126 1301 2360 1352 caturus,
2410 1289 2675 1359 alterique
2720 1289 3001 1358 imperium
3057 1288 3346 1344 traditurus
3398 1300 3535 1353 erat,
3588 1300 3716 1346 tunc

2126 1389 2343 1435 coactus
2366 1389 2450 1435 est
2474 1381 2716 1450 proprias
2753 1381 2938 1436 laudes
2969 1396 3273 1447 recensere,
3322 1381 3484 1451 idque
3521 1381 3715 1434 admo-

2126 1470 2251 1524 dum
2280 1486 2460 1540 parce.
2504 1471 2846 1542 Evocatoque
2894 1472 3144 1525 universo
3189 1471 3407 1540 populo,
3448 1480 3715 1540 praesente

2126 1562 2306 1627 Saule,
2334 1564 2404 1617 ita
2436 1563 2686 1633 loquutus
2712 1572 2795 1618 est
2835 1581 2851 1617 τ
2898 1562 3030 1617 Ecce
3053 1564 3221 1617 audivi
3264 1578 3433 1616 vocem
3473 1571 3711 1623 vestram,

2124 1663 2172 1707 et
2200 1654 2434 1708 constitui
2463 1654 2600 1708 vobis
2623 1670 2790 1724 regem
2815 1669 2835 1708 :
2857 1663 2905 1709 et
2932 1671 3024 1725 ego
3049 1669 3160 1707 ecce
3179 1662 3500 1708 conversatus
3520 1667 3634 1705 sum
3660 1652 3714 1704 in

2123 1757 2392 1817 conspectu
2436 1756 2597 1802 vestro
2631 1764 2665 1799 a
2697 1748 2966 1817 juventute
3006 1764 3136 1811 mea,
3182 1756 3229 1800 et
3266 1762 3422 1816 usque
3462 1745 3530 1798 ad
3576 1745 3715 1797 diem

2123 1836 2277 1902 hanc,
2306 1847 2352 1891 et
2379 1840 2540 1891 senui.
2573 1837 2893 1909 Respondete
2918 1848 3094 1893 contra
3120 1856 3198 1892 me
3220 1840 3275 1892 in
3303 1847 3571 1908 conspectu
3592 1836 3714 1891 Do-

2122 1930 2266 1996 mini,
2290 1940 2335 1983 et
2355 1931 2408 1983 in
2427 1940 2695 2001 conspectu
2719 1931 2896 1985 cliristi
2914 1932 3057 2002 ejus:
3082 1932 3227 2002 cujus
3255 1941 3474 1985 vestrum
3499 1932 3715 1984 vitulam

2120 2019 2336 2088 accepi?
2367 2029 2456 2072 aut
2485 2021 2632 2088 cujus
2671 2020 2870 2074 asinum
2910 2020 3125 2089 accepi?
3166 2029 3254 2073 aut
3288 2037 3435 2091 quem
3480 2031 3709 2073 vestrum

2119 2109 2388 2178 Oppressi?
2436 2119 2524 2163 aut
2576 2110 2658 2163 cui
2702 2120 2919 2164 vestrum
2974 2111 3071 2164 vim
3121 2112 3217 2179 feci
3231 2111 3257 2163 1’
3301 2120 3391 2163 aut
3444 2127 3507 2164 ea:
3556 2111 3713 2180 cujus

2120 2208 2337 2252 vestrum
2393 2216 2547 2253 manu
2598 2202 2767 2271 accepi
2817 2201 3151 2271 placationem
3203 2211 3292 2254 aut
3344 2200 3603 2268 calceum,
3663 2211 3711 2254 et

2117 2289 2357 2343 abscondi
2401 2291 2573 2345 oculos
2623 2308 2758 2345 meos
2798 2293 2853 2345 in
2896 2290 3029 2346 illo?
3068 2291 3230 2346 Dicite
3279 2300 3454 2345 contra
3501 2308 3599 2355 me,
3659 2301 3712 2345 et

2116 2382 2377 2435 restituam
2426 2383 2562 2437 vobis
2602 2383 2678 2454 (1.
2732 2381 2860 2453 Reg.
2913 2382 2998 2438 12.
3052 2381 3194 2455 1-5).
3250 2383 3429 2452 Ecqua
3471 2383 3712 2438 necessi-

2118 2482 2198 2527 tas
2243 2473 2357 2528 hrrc
2400 2474 2646 2540 dicendi,
2691 2474 2935 2545 inquies?
2976 2474 3136 2529 Multa
3194 2489 3512 2544 magnaque.
3557 2473 3709 2540 Quo-

2116 2565 2258 2618 niam
2312 2565 2452 2618 cnim
2510 2565 2801 2634 principem
2857 2564 3168 2620 inducturus
3226 2565 3331 2619 illis
3386 2572 3503 2618 erat
3564 2563 3708 2618 Sau-

2116 2653 2240 2717 lem,
2288 2664 2342 2707 ut
2383 2655 2436 2708 in
2470 2655 2555 2710 sui
2600 2655 2765 2725 ipsius
2802 2655 3112 2710 defensione
3153 2654 3371 2709 doceret
3410 2666 3556 2720 eum,
3595 2670 3709 2724 quo

2116 2753 2269 2813 pacto
2313 2760 2544 2815 pra-esse
2590 2754 2896 2816 oporteret,
2946 2755 2999 2800 et
3050 2761 3233 2800 curam
3280 2760 3472 2815 gerere
3520 2744 3706 2799 subdi-

2116 2844 2311 2903 torum,
2341 2838 2485 2906 ipsos
2510 2837 2750 2892 subditos
2772 2836 3122 2906 philosophia:
3141 2850 3252 2890 sum
3278 2844 3440 2889 testes
3459 2833 3701 2889 adducit.

2112 2927 2221 2983 Nec
2246 2927 2373 2982 illud
2402 2929 2508 2999 egit
2534 2929 2742 2999 imperii
2765 2929 2845 2983 sui
2878 2938 3139 2998 tempore,
3172 2942 3240 2983 ire
3264 2927 3386 2997 quis
3404 2927 3613 2981 diceret
3635 2925 3704 2979 il-

2112 3019 2195 3074 los
2218 3034 2328 3089 pra:
2356 3019 2522 3089 ipsius
2549 3033 2691 3075 metu
2722 3037 2784 3075 ac
2808 3020 3092 3075 formidine
3114 3035 3233 3090 quae
3272 3035 3376 3073 non
3420 3028 3574 3074 erant
3616 3028 3700 3073 te~

2113 3112 2369 3168 stiiicatos
2394 3127 2536 3178 esse;
2555 3129 2737 3168 verum
2761 3113 2870 3184 jam
2896 3113 3069 3167 soluta
3092 3126 3187 3167 sua
3214 3111 3693 3173 administratione,

2110 3217 2232 3258 cum
2259 3205 2310 3257 in
2340 3204 2502 3258 alium
2533 3203 2847 3274 praefectum
2879 3203 3130 3258 translata
3173 3212 3338 3268 esset,
3385 3201 3698 3270 nullumque

2110 3300 2379 3354 accusanti
2408 3298 2698 3369 periculum
2724 3298 2964 3364 instaret,
2990 3305 3114 3352 tunc
3137 3311 3258 3351 cum
3280 3296 3384 3349 illis
3407 3294 3691 3364 disceptat.

2110 3390 2438 3461 Quamquam
2479 3391 2525 3445 si
2569 3390 2705 3445 alius
2734 3388 2942 3455 fuisset,
2969 3388 3168 3444 Judmis
3209 3388 3444 3442 infensus
3479 3385 3695 3440 futurus

2111 3489 2263 3547 erat,
2317 3495 2416 3536 nec
2466 3480 2721 3534 voluisset
2772 3480 3064 3550 principem
3118 3492 3484 3533 successorem
3533 3491 3690 3530 suum

2109 3588 2317 3643 aequum
2346 3572 2781 3641 moderatumque
2806 3585 2945 3637 esse,
2983 3571 3141 3641 idque
3165 3585 3273 3625 non
3311 3570 3483 3624 solum
3511 3583 3581 3623 ex
3610 3568 3692 3621 in-

2103 3664 2259 3736 juriae
2286 3676 2521 3735 accepta:
2552 3663 2828 3730 memoria,
2856 3665 2949 3717 sed
2979 3671 3035 3717 ut
3060 3669 3114 3718 et
3142 3661 3254 3731 ipse
3284 3659 3543 3730 majorem
3560 3674 3691 3714 00n-

2106 3765 2421 3827 sequeretur
2447 3755 2678 3811 laudem.

2177 3851 2230 3906 9.
2268 3848 2533 3922 Principes
2560 3858 2735 3920 optant
2760 3849 3016 3920 improbos
3053 3847 3237 3903 habere
3272 3861 3689 3902 successores.—

2106 3940 2235 3996 lliud
2262 3941 2403 3996 enim
2447 3940 2617 3994 morbi
2650 3940 2944 4010 principum
2973 3938 3165 3993 animis
3222 3935 3437 4000 insidet,
3472 3945 3530 3989 ut
3563 3948 3688 3990 suc-

2105 4046 2349 4086 cessores
2375 4045 2500 4086 suos
2524 4030 2794 4100 improbos
2819 4030 3214 4096 sceleratosque
3236 4042 3358 4082 esse
3383 4033 3685 4096 percptent.

2104 4123 2234 4178 Nam
2266 4124 2311 4179 si
2358 4124 2561 4178 strenui
2601 4122 2955 4194 generosique
3000 4122 3222 4187 fuerint,
3261 4118 3586 4173 illustriores
3628 4130 3687 4171 se

2103 4215 2486 4271 existimandos
2511 4229 2629 4270 esse
2674 4222 2881 4284 putant,
2912 4212 2958 4269 si
3004 4213 3059 4279 ii,
3103 4211 3198 4282 qui
3226 4211 3511 4280 imperium
3539 4208 3685 4263 exci-

2104 4307 2273 4377 piunt,
2311 4322 2417 4365 non
2453 4306 2536 4362 sui
2573 4306 2776 4360 similes
2805 4306 2911 4359 sint
2941 4321 2956 4359 :
3000 4305 3045 4358 si
3086 4313 3263 4357 autem
3296 4303 3535 4373 perversi
3563 4314 3683 4354 eor-

2101 4399 2350 4467 ruptique
2378 4398 2505 4461 sint,
2540 4409 2911 4451 successorum
2939 4393 3228 4464 nequitiam
3258 4392 3561 4462 apologiam
3586 4389 3683 4446 sibi

2100 4496 2216 4545 fore
2243 4498 2444 4559 putant.
2474 4487 2582 4544 Sed
2612 4504 2720 4542 non
2748 4488 2870 4541 talis
2906 4496 3024 4541 erat
3060 4487 3248 4541 beatus
3277 4485 3365 4539 ille
3387 4484 3504 4550 vir;
3538 4492 3685 4553 opta-

2100 4582 2191 4638 bat
2215 4583 2411 4652 quippe
2442 4581 2683 4650 votisque
2713 4580 2961 4634 omnibus
2998 4578 3267 4649 cupiebat,
3299 4584 3359 4631 ut
3382 4576 3541 4646 longe
3572 4588 3679 4628 me-

2099 4674 2216 4728 liori
2247 4673 2471 4743 imperio
2498 4672 2804 4727 fruerentur
2836 4689 2848 4725 :
2882 4678 3032 4725 tanto
3066 4668 3269 4724 scilicet
3307 4682 3491 4722 amore
3536 4675 3682 4720 tene-

2100 4763 2275 4831 batur,
2308 4778 2477 4834 usque
2501 4763 2636 4818 adeo
2660 4762 2842 4817 livoris
2873 4776 3071 4831 expers
3096 4769 3231 4825 erat,
3257 4769 3309 4814 et
3337 4774 3367 4812 a
3405 4771 3540 4811 vana
3568 4753 3682 4825 gloo

2099 4855 2174 4910 ria
2201 4856 2426 4910 alienus.
2451 4854 2725 4925 Siquidem
2752 4868 2914 4907 unum
2939 4860 3139 4907 tantum
3167 4850 3469 4919 expetebat,
3494 4860 3684 4915 nempe

2099 4947 2373 5002 hominum
2408 4947 2653 5002 salutem.
2686 4945 2811 5002 Ideo
2840 4946 2891 4999 in
2935 4943 3251 4999 defensione
3289 4957 3385 4996 sua
3429 4938 3682 5010 principis

2096 5038 2274 5093 officia
2295 5038 2635 5108 depingebat.
2667 5036 2801 5104 Quia
2825 5036 2990 5102 enim,
3021 5034 3066 5090 si
3096 5049 3279 5105 regem
3311 5032 3681 5101 compellasset

2095 5146 2159 5186 ac
2187 5130 2430 5197 dixisset,
2478 5130 2608 5184 Esto
2632 5142 2833 5198 aequus,
2870 5136 3202 5193 mansuetus,
3245 5123 3559 5180 muneribus
3588 5123 3681 5177 im-

2097 5222 2328 5292 pervius,
2358 5221 2556 5276 nemini
2583 5221 2691 5274 vim
2717 5220 2934 5285 inferas,
2963 5218 3230 5274 neminem
3259 5215 3445 5282 laedas,
3472 5214 3559 5269 vel
3585 5213 3679 5268 dc-

2093 5315 2328 5380 fraudes,
2357 5331 2519 5386 grave
2553 5313 2681 5369 illud
2715 5313 3105 5383 molestumque
3129 5309 3318 5366 fuisset
3338 5308 3609 5373 audienti;
3638 5306 3679 5361 si

2098 5408 2353 5462 tacuisset
2375 5408 2523 5473 item,
2550 5406 2678 5461 illud
2703 5415 2818 5461 erat
2839 5404 3094 5476 populum
3122 5402 3390 5473 prodere:
3416 5400 3678 5455 defensio-

2095 5499 2177 5553 nis
2205 5500 2383 5569 specie
2415 5499 2622 5570 utrique
2648 5498 2941 5554 remedium
2983 5497 3225 5552 adhibuit
3265 5513 3278 5549 :
3312 5494 3458 5550 illum
3482 5491 3680 5569 quippe

2093 5591 2275 5647 docuit
2299 5608 2456 5663 quem
2483 5602 2756 5662 oporteret
2785 5605 2904 5645 esse
2933 5603 3134 5660 regem,
3162 5585 3396 5658 talisque
3414 5586 3678 5643 doctrinae

2092 5683 2390 5737 molestiam
2433 5682 2632 5751 cffugit.
2678 5683 2744 5736 Et
2790 5681 3004 5751 quidem
3045 5678 3258 5733 videtur
3299 5678 3387 5733 ille
3433 5693 3528 5746 pro
3570 5675 3674 5729 suis

2095 5782 2295 5827 tantum
2325 5771 2484 5827 rebus
2510 5773 2830 5844 disceptare,
2862 5772 3126 5844 docetque
3153 5770 3366 5826 interitu
3400 5767 3545 5822 illum
3571 5776 3675 5834 quo
