4060 6260
334 355 442 413 307

324 466 498 529 οὓτως
516 481 531 496 ·
576 462 715 534 Ἐγώ
734 465 850 532 ειμι
872 465 1056 530 αὐτὸς
1078 468 1110 517 ό
1136 464 1473 534 ἐξαλείφων
1496 467 1604 531 τὰς
1622 466 1912 535 ἁμαρτίας

323 565 464 609 σου,
497 546 594 603 κεί
621 548 693 599 οὐ
717 545 804 614 μὴ
825 545 1100 614 μνησθῶ·
1133 546 1215 600 σὺ
1250 547 1318 599 δὲ
1341 548 1666 616 μνήσθητι.

396 631 461 694 ζ’.
479 627 734 683 Τοιοῦτον
757 628 865 680 τῶν
882 629 1194 681 ἀποστόλων
1212 628 1271 681 τὸ
1287 625 1416 699 ἦθος
1444 626 1534 700 ἦν,
1548 632 1787 684 τοιοῦτον
1805 630 1915 684 τῶν

324 709 622 785 προφητῶν
648 712 743 762 καὶ
775 709 882 763 τῶν
914 710 1140 763 δικαίων
1181 712 1460 766 ἁπάντων.
1509 714 1565 766 '0
1596 713 1726 781 γοῦν
1751 712 1915 766 Δαυῖδ

321 796 419 865 τῆς
452 795 550 865 μὲν
576 792 854 863 ἁμαρτίας
870 794 969 861 τῆς
1002 792 1197 846 ἐαυτοῦ
1218 794 1455 864 συνεχῶς
1481 796 1781 867 ἐμέμνητο,
1805 795 1912 849 τῶν

321 878 377 929 δὲ
404 874 851 945 κατορθωμάτων
885 874 1145 945 οὐδαμοῦ,
1186 875 1326 947 πλὴν
1373 876 1427 928 εἴ
1457 895 1589 931 ποτε
1637 895 1912 948 κατηναγ-

322 952 522 1031 κάσθη.
558 959 686 1011 Ὅτε
709 957 841 1025 γοῦν
864 961 892 1012 6
924 959 1262 1032 βαρϐαρικὸς
1286 963 1496 1025 ἐκεῖνος
1540 962 1778 1034 πόλεμος
1813 964 1912 1031 τὴν

334 1043 594 1096 Ἰουδαίαν
623 1042 924 1107 κατέλαϐε,
960 1044 1055 1096 καὶ
1090 1044 1267 1096 πάντα
1321 1044 1581 1098 κινδύνων
1613 1042 1680 1115 ἦν
1717 1047 1909 1116 μεστά,

321 1126 440 1189 νέος
456 1124 533 1178 ὢν
558 1124 640 1176 ἕτι
665 1125 761 1176 καὶ
789 1124 1042 1193 πολέμων
1072 1124 1322 1195 ἄπειρος,
1348 1126 1666 1180 καταλιπὼν
1689 1128 1757 1179 τά
1783 1128 1915 1198 πρό-

320 1208 479 1273 ϐατα,
510 1207 605 1261 καὶ
636 1208 717 1269 εἰς
763 1206 862 1276 τὴν
909 1207 1216 1278 παράταξιν
1255 1207 1446 1274 ἐλθὼν,
1499 1212 1712 1273 πάντας
1775 1228 1911 1263 κατ-

318 1292 625 1363 επτηχότας
675 1290 889 1358 βλέπων
949 1289 1043 1342 καὶ
1069 1290 1376 1355 δεδοικότας
1423 1293 1521 1345 καὶ
1569 1293 1910 1364 τρέμοντας,

317 1374 471 1428 οὐδὲν
513 1373 715 1426 ἔπαθεν
764 1370 1128 1444 ἀνθρώπινον,
1179 1373 1300 1426 ούδέ
1341 1374 1561 1442 ἐγένετο
1611 1375 1913 1445 δειλότερος

316 1459 444 1519 τοὺς
478 1456 709 1518 οἰκείους
735 1455 1246 1525 τεταπεινωμένους
1274 1456 1434 1527 ὁρῶν·
1468 1456 1606 1511 ἀλλά
1633 1460 1699 1528 τῇ
1728 1458 1912 1511 πίστει

320 1539 503 1591 πάντα
529 1538 597 1590 τά
628 1536 940 1608 βλεπόμενα
975 1538 1242 1608 ὑπερϐάς,
1273 1539 1366 1592 καὶ
1397 1540 1535 1610 πρὸς
1553 1540 1646 1593 τὸν
1677 1540 1913 1594 Βασιλέα

316 1620 429 1673 τῶν
477 1622 721 1692 οὐρανῶν
764 1618 925 1683 ἰδὼν,
975 1621 1071 1673 καὶ
1128 1621 1329 1692 πολλῆς
1382 1623 1577 1675 ἐαυτὸν
1621 1623 1910 1694 ἐμπλήσας

318 1705 654 1776 προθυμίας,
722 1704 998 1776 προσῆλθε
1060 1707 1176 1768 τοῖς
1233 1704 1596 1775 στρατιώταις
1649 1708 1743 1761 καὶ
1798 1709 1910 1769 τοῖς

315 1788 590 1857 ἀδελφοῖς,
631 1786 1105 1857 ἐπαγγελλόμενος
1157 1786 1530 1841 ἀπαλλάσσειν
1577 1789 1773 1852 αὐτοὺς
1812 1789 1907 1843 τοῦ

317 1872 640 1940 κατέχοντος
684 1869 953 1924 κινδύνου.
1012 1869 1099 1931 Ὠς
1141 1868 1197 1921 δὲ
1229 1869 1495 1937 ἐγέλασαν
1527 1870 1587 1922 τὸ
1617 1871 1910 1941 εἰρημένον

313 1955 367 2006 οἱ
405 1952 626 2021 ἀδελφοὶ
652 1952 747 2022 (ού
776 1954 885 2021 γάρ
912 1952 1100 2022 ἐώρων
1132 1952 1221 2004 τὸν
1244 1952 1392 2006 ἔνδον
1426 1954 1591 2006 αὑτὸν
1618 1955 1910 2022 ἀλείφοντα

314 2037 473 2102 Θεὸν,
504 2036 624 2089 οὐδὲ
659 2038 759 2107 τὴν
783 2036 963 2106 ψυχὴν
990 2038 1088 2105 τὴν
1121 2035 1376 2104 γενναίαν
1419 2038 1658 2107 ἐκείνην,
1691 2038 1787 2090 καὶ
1813 2039 1907 2090 ού-

316 2122 626 2191 ρανομήκη,
658 2122 753 2174 καὶ
783 2120 985 2190 πολλῆς
1013 2120 1289 2188 γέμουσαν
1314 2120 1693 2190 φιλοσοφίας),
1724 2141 1909 2177 κατα-

314 2203 494 2259 λιπὼν
530 2203 791 2266 ἐκείνους,
822 2204 957 2275 πρὸς
991 2202 1212 2274 ἐτέρους
1243 2202 1504 2272 ἀπῆλθεν.
1571 2203 1658 2267 Ὦς
1686 2204 1744 2257 δὲ
1772 2207 1909 2277 πρὸς

314 2290 410 2343 τὸν
452 2287 677 2359 βασιλέα
707 2287 870 2341 αὐτὸν
899 2288 1216 2357 εἰσήγαγον,
1250 2288 1344 2340 καὶ
1373 2278 1535 2356 εὗρεν
1566 2288 1732 2342 αὑτὸν
1773 2289 1907 2341 ἀπο-

313 2372 710 2447 τεθνηκότατῷ
741 2375 872 2439 δέει,
906 2373 1122 2445 πρῶτον
1153 2371 1319 2439 αὑτοῦ
1350 2372 1657 2441 διανίστησι
1685 2374 1746 2426 τὸ
1777 2375 1907 2444 φρό-

314 2483 489 2536 νημα,
522 2464 661 2518 οὕτω
701 2463 877 2531 λέγων
900 2480 912 2492 ·
943 2461 1044 2530 Μὴ
1092 2461 1454 2531 συμπεσέτω
1478 2462 1517 2529 η
1553 2463 1766 2530 καρδιά
1801 2463 1905 2516 τοῦ

314 2549 529 2616 κυρίου
564 2564 682 2616 μου
713 2546 807 2617 ἐπ’
841 2545 1047 2608 αὑτὸν,
1090 2544 1180 2598 ὅτι
1210 2548 1242 2598 ό
1282 2544 1506 2611 δοῦλός
1536 2559 1654 2599 σου
1687 2546 1904 2612 πορεύ-

311 2645 490 2683 σεται
515 2629 612 2682 καί
631 2628 963 2697 πολεμήσει
984 2625 1136 2695 μετά
1155 2627 1262 2681 τοῦ
1284 2627 1644 2695 ἀλλοφύλου
1666 2629 1902 2681 τούτου.

328 2712 550 2785 Ἐπειδὴ
584 2711 644 2765 δέ
676 2714 884 2775 ἐκεῖνος
915 2710 1139 2779 ἠπίστει
1169 2709 1365 2778 λέγων,
1404 2712 1488 2764 Οὐ
1522 2710 1766 2779 δυνήσῃ
1796 2729 1903 2765 πο-

310 2799 633 2869 ρευθῆναι·
666 2798 748 2852 σὺ
776 2795 1094 2865 παιδάριον
1128 2792 1202 2860 εἴ,
1229 2796 1415 2862 αὐτὸς
1443 2796 1512 2849 δὲ
1537 2797 1694 2864 ἀνὴρ
1728 2803 1906 2852 πολε-

308 2885 539 2956 μιστὴς
566 2886 633 2939 ἐκ
663 2886 950 2951 νεότητος
973 2882 1182 2943 αὑτοῦ,
1216 2883 1276 2934 ἐν
1307 2884 1517 2953 ἀπορία
1559 2882 1636 2936 ὢν
1672 2884 1857 2939 λοιπὸν
1877 2888 1905 2939 6

312 2968 486 3024 Δαυῒδ
519 2966 890 3038 ἀναγκάζεται
935 2966 1005 3019 τά
1054 2967 1234 3019 οἰκεῖα
1270 2965 1578 3036 διηγεῖσθαι
1628 2966 1902 3038 ἐγκώμια.

314 3054 442 3107 ’ὐτι
475 3051 591 3122 γάρ,
614 3052 715 3104 οὐκ
757 3048 1045 3113 ἐϐούλετο,
1086 3048 1174 3102 διά
1206 3048 1314 3102 τῶν
1352 3048 1637 3120 προτέρων
1682 3050 1903 3117 ἔδειξεν,

310 3133 441 3188 οὔτε
467 3133 605 3203 πρὸς
631 3133 760 3195 τοὺς
784 3132 1049 3201 ἀδελφοὺς
1080 3132 1252 3185 είπών
1285 3149 1338 3184 τι
1368 3131 1476 3185 τῶν
1509 3131 1675 3185 αὐτοῦ
1704 3149 1906 3205 κατορ-

311 3220 611 3291 θωμάτων,
637 3217 769 3273 οὔτε
787 3219 925 3289 πρὸς
946 3220 1073 3281 τοὺς
1096 3217 1462 3290 στρατιώτας,
1492 3219 1608 3271 ἀλλ’
1630 3220 1749 3273 οὐδὲ
1771 3222 1905 3291 πρὸς

312 3304 479 3358 αὐτὸν
507 3303 600 3356 τὸν
645 3302 889 3372 βασιλέα,
919 3302 1024 3366 ἕως
1058 3297 1199 3355 εἶδεν
1231 3302 1393 3355 αὑτὸν
1438 3302 1771 3356 ἀπιστοῦντα
1812 3305 1906 3358 καὶ

311 3384 634 3455 ἀγωνιῶντα
668 3385 760 3438 καὶ
789 3383 1068 3437 κωλύοντα
1109 3385 1210 3457 τὴν
1238 3384 1426 3453 ἔφοδον
1470 3385 1571 3455 τὴν
1599 3387 1721 3438 κατ’
1757 3388 1903 3439 ἐκεί-

314 3486 431 3526 νου.
464 3467 530 3519 Τί
558 3467 666 3538 γὰρ
700 3467 808 3520 ἔδει
850 3466 1056 3538 πρᾶξαι
1095 3466 1315 3534 λοιπόν;
1354 3469 1575 3538 σιγῆσαι
1623 3467 1689 3520 τὰ
1731 3467 1907 3536 ἐγκώ-

319 3568 460 3623 μια;
502 3550 640 3603 Ἀλλ’
676 3549 776 3602 ούκ
816 3549 883 3603 ἂν
922 3548 1228 3621 ἐπέτρεψεν
1256 3549 1534 3614 ἀπελθεῖν,
1574 3550 1694 3603 οὐδὲ
1727 3551 1904 3604 ἀπαλ-

313 3633 474 3698 λάξαι
523 3633 632 3685 τῶν
672 3632 1012 3702 κατεχόντων
1052 3631 1334 3686 κινδύνων.
1397 3631 1548 3704 [ἐ97]
1595 3633 1694 3686 Διά
1744 3633 1905 3688 τοῦτο

318 3718 548 3788 σιγήσας
590 3716 757 3787 ἡνίκα
795 3715 937 3782 ἔδει,
990 3716 1177 3788 ἐπειδὴ
1224 3715 1318 3769 τὸν
1358 3717 1553 3787 καιρὸν
1610 3714 1718 3771 εἶδε
1771 3736 1909 3773 κατ·-

317 3798 701 3868 αναγκάζοντα
750 3799 947 3860 εἰπεῖν,
981 3799 1085 3852 οὐκ
1121 3798 1202 3851 ἔτι
1233 3800 1360 3869 σιγᾷ
1381 3840 1396 3863 ,
1433 3799 1569 3854 ἀλλά
1609 3817 1743 3871 φησι
1771 3801 1908 3873 πρὸς

312 3882 499 3937 αὐτόν’
537 3881 879 3951 Ποιμαίνων
901 3880 1064 3950 ἥμην
1089 3884 1121 3935 ό
1161 3880 1385 3948 δοῦλός
1416 3895 1533 3936 σου
1562 3883 1633 3936 ἐν
1663 3882 1742 3948 τῷ
1770 3901 1902 3937 ποι-

308 3966 465 4035 μνιφ
484 3964 591 4019 τοῦ
614 3965 837 4031 πατρός
851 3980 993 4032 μου,
1014 3963 1112 4017 καὶ
1144 3964 1290 4017 ὅταν
1307 3962 1526 4033 ἤρχετο
1553 3967 1714 4018 λέων
1741 3966 1780 4033 ἢ
1809 3965 1906 4033 ἀρ-

311 4064 476 4113 κτος,
500 4045 596 4100 καὶ
610 4047 910 4115 ἐλάμϐανε
930 4047 1230 4113 πρόϐατον
1248 4046 1317 4099 ἐκ
1334 4045 1446 4115 τῆς
1467 4047 1713 4115 ἀγέλης,
1740 4048 1907 4116 ἑξηρο

311 4131 512 4199 κόμην
536 4130 902 4185 κατόπισθεν
924 4129 1140 4195 αὐτοῦ,
1178 4129 1279 4182 καὶ
1301 4127 1661 4184 ἐπάτασσον
1691 4130 1901 4196 αὐτὸν,

311 4224 414 4277 καί
433 4222 708 4288 ἐξέσπων
724 4225 792 4278 ἐκ
810 4223 916 4278 τοῦ
932 4224 1233 4292 στόματος
1260 4223 1470 4290 αὑτοῦ,
1493 4226 1591 4279 καὶ
1608 4224 1905 4293 ἐκράτουν

312 4306 422 4361 τοῦ
437 4304 742 4376 φάρυγγος
755 4305 961 4371 αὑτοῦ,
985 4306 1647 4362 καῖέθανάτουναὺτόν·
1673 4308 1768 4362 καὶ
1795 4308 1904 4361 τὸν

311 4390 534 4445 λέοντα
548 4389 647 4443 καὶ
673 4388 789 4458 τὴν
812 4388 1035 4459 ἄρκτον
1054 4388 1312 4443 ἔτυπτεν
1332 4391 1365 4443 ὀ
1383 4389 1606 4457 δοῦλός
1631 4406 1766 4445 σου·
1803 4390 1903 4445 καί

314 4473 490 4527 ἔσται
532 4477 566 4529 ό
601 4474 959 4543 ἀλλόφυλος
997 4468 1179 4539 οὗτος
1216 4471 1317 4527 καί
1351 4474 1783 4543 ἀπερίτμητος,
1822 4474 1904 4541 ὠς

313 4556 385 4611 ἐν
416 4558 663 4613 τούτων.
708 4558 874 4629 Ὁρᾷς
917 4555 1037 4619 πῶς
1071 4555 1335 4622 ἐδήλωσε,
1368 4555 1521 4619 τίνος.
1544 4557 1729 4611 ἕνεκεν
1782 4553 1904 4610 εἷπε

314 4639 385 4694 τά
416 4640 593 4693 οἰκεῖα
634 4639 1065 4711 κατορθώματα;
1107 4640 1241 4693 Τότε
1287 4639 1374 4711 δὴ,
1410 4641 1533 4694 τότε
1563 4641 1845 4713 θαρρήσας
1875 4644 1903 4695 6

316 4721 570 4791 βασιλεὺς
607 4721 794 4775 λοιπὸν
839 4721 1123 4775 ἐκέλευσεν
1164 4722 1441 4777 ἀπελθεῖν.
1497 4725 1609 4778 Καὶ
1647 4724 1860 4794 ἀπῆλθε
1882 4765 1897 4789 ,

315 4806 409 4859 καὶ⁸
453 4803 833 4876 παρετάξατο,
875 4804 973 4857 καὶ
1017 4804 1291 4875 ἐνίκησεν.
1328 4806 1393 4858 Εἰ
1429 4804 1486 4858 δὲ
1525 4805 1599 4877 μὴ
1652 4805 1904 4877 ἐγκώμια

314 4884 491 4953 εἶπεν,
520 4888 622 4940 οὐκ
642 4885 708 4941 ἂν
735 4885 886 4957 αὐτῷ
910 4884 1009 4958 τὴν
1043 4886 1377 4958 μονομαχίαν
1407 4888 1625 4959 ἐκείνην
1647 4882 1903 4942 ἐπίστευ-

316 4986 409 5024 σεν
428 4973 457 5025 6
479 4969 750 5041 βασιλεύς·
785 4969 860 5041 μὴ
885 4969 1180 5033 πιστεύσας
1199 4969 1274 5036 δέ,
1299 4971 1401 5024 οὐκ
1418 4970 1484 5024 ἂν
1508 4971 1718 5043 ἀφῆκεν
1740 4973 1903 5024 αὑτὸν

315 5054 397 5116 εἰς
430 5053 532 5124 τὴν
565 5052 872 5123 παράταξιν
909 5051 1184 5107 ἀπελθεῖν·
1227 5053 1301 5123 μὴ
1343 5054 1502 5122 ἀφεὶς
1531 5052 1608 5118 δὲ,
1643 5052 1903 5107 διεκώλυ-

318 5152 411 5189 σεν
441 5135 509 5190 ἂν
548 5135 613 5189 τὸ
655 5134 1008 5206 κατόρθωμα·
1050 5134 1144 5188 τοῦ
1175 5136 1233 5188 δὲ
1271 5134 1693 5207 κατορθώματος
1723 5137 1902 5190 κωλυ-

316 5217 504 5282 θέντος
526 5259 541 5283 ,
570 5216 694 5271 ούτε
726 5219 756 5271 6
785 5216 918 5280 Θεὸς
946 5217 1013 5271 ἀν
1053 5216 1313 5287 ἐδοξάσθη
1352 5218 1493 5281 τότε,
1530 5217 1651 5272 οὔτε
1679 5222 1712 5291 ή
1747 5219 1902 5284 πόλις

315 5300 427 5357 τῶν
449 5301 812 5373 ἐπικειμένων
836 5300 1123 5371 ἀπηλλάγη
1152 5299 1434 5354 κινδύνων.
1466 5302 1561 5356 Ἵν’
1592 5298 1685 5356 οῦν
1717 5303 1790 5373 μὴ
1822 5320 1904 5356 τοο

318 5381 495 5439 σαῦτα
524 5385 751 5454 γένηται
784 5383 982 5449 ἄτοπα,
1018 5382 1152 5453 μηδέ
1177 5382 1490 5454 οἰκονομίας
1538 5386 1766 5454 μέγεθος
1794 5403 1903 5439 κω-

316 5466 453 5539 λυθῇ
492 5466 767 5531 τοσοῦτον,
795 5466 1114 5537 ἠναγκάσθη
1156 5467 1282 5529 τοὺς
1320 5467 1552 5531 οἰκείους
1595 5468 1788 5532 ἄθλους
1822 5471 1902 5522 εξ-

321 5554 444 5604 πεῖν
470 5553 499 5604 6
530 5550 715 5603 Δαυῖδ.
747 5550 960 5619 Ὠσπερ
984 5548 1093 5619 γὰρ
1114 5549 1270 5619 σιγᾷν
1301 5547 1498 5613 τσασιν,
1529 5551 1785 5621 οὐδεμιᾶς
1813 5551 1903 5604 ού-

322 5650 421 5702 σης
460 5634 739 5702 ἀνάγκης,
773 5630 916 5685 οὕτω
952 5631 1045 5685 καὶ
1077 5630 1257 5699 λέγειν
1288 5631 1647 5703 ἐπίστανται,
1682 5635 1901 5689 ἐπειδάν

323 5717 525 5787 πολλὴν
553 5718 705 5771 ῖδωσι
730 5715 849 5787 βίαν
881 5715 1252 5787 ἐπικειμένην,

365 5785 558 5860 η⁹.ούκ
570 5788 664 5841 ἐπὶ
685 5785 871 5841 τούτου
887 5785 943 5841 δέ
969 5785 1145 5857 μόνον,
1170 5785 1301 5841 ἀλλά
1318 5787 1410 5842 καὶ
1423 5787 1512 5840 ἐπὶ
1528 5786 1619 5841 τοῦ
1642 5788 1894 5854 Σαμουὴλ

872 350 961 407 DE
1000 351 1244 410 VERBIS
1280 352 1615 411 APOSTOLI
1638 396 1652 421 ,
1698 355 1959 413 UT'NAM
1994 355 2500 415 SUSTINERETIS
2537 356 2879 425 MODICUM,
2921 356 3071 414 ETC.

3488 376 3591 432 508

2013 470 2074 523 τὸ
2096 473 2227 556 αύτὸ
2245 474 2404 529 τοῦτο
2428 480 2791 550 γεγεημένον
2818 481 2913 536 ἴδοι
2942 499 3027 547 τις
3047 483 3132 537 άν.
3160 484 3270 537 Καὶ
3309 484 3417 556 γὰρ
3447 491 3592 540 ἐκεῖ·

2013 571 2102 636 νος
2131 555 2225 632 ἔτη
2271 559 2506 615 τοσαῦτα
2545 565 2788 632 προστάς
2815 565 2911 618 τοῦ
2959 566 3131 636 δῆμου
3172 569 3278 622 τῶν
3327 555 3595 624 Ἰουδαίων

2012 635 2205 703 οὕτως,
2245 641 2368 705 ώςὸ
2399 644 2531 709 Θεὸς
2573 646 2755 716 ὴθελε,
2786 650 2881 702 καὶ
2913 635 3081 719 μηδὲν
3136 651 3404 721 μηδέποτε
3451 653 3596 722 μέγα

2014 722 2152 806 περὶΔ
2183 724 2379 777 ἑαυτοῦ
2409 728 2813 799 φθεγξάμενος,
2843 733 3019 786 καίτοι
3051 733 3220 787 πολλά
3246 734 3403 804 έχων,
3436 736 3595 806 εἴπερ

2012 803 2514 888 ἐϐούλετοηλέγειν,
2546 812 2642 882 τὴν
2671 815 2735 867 ἐκ
2765 814 2988 886 πρώτης
3016 817 3231 886 ἡλικίας
3262 803 3591 888 ἀνατροφὴῆ

2011 882 2111 953 τὴν
2145 887 2202 937 ἐν
2242 886 2321 957 τῷ
2363 889 2475 959 ναῷ
2502 882 3593 965 διατριϐὴνξτὴνέκῖσπαργάνωνάύτοῦ

2013 969 2373 1037 προφητείαν,
2402 974 2530 1036 τοὺς
2559 976 2694 1044 μετά
2717 976 2888 1029 ταῦτα
2915 977 3205 1047 πολέμους,
3229 978 3326 1042 τάς
3348 979 3502 1041 νίκας
3527 979 3595 1043 ἃς

2014 1051 2284 1121 ἐνίκησεν,
2324 1055 2423 1124 ούχ
2448 1055 2634 1119 ὅπλοις
2672 1057 2983 1127 χρώμενος,
3013 1060 3147 1113 ἀλλά
3182 1061 3321 1131 μετά
3365 1065 3463 1133 τῆς
3510 1063 3595 1115 εὐ-

2011 1133 2161 1197 νοίας
2199 1135 2292 1187 τοῦ
2327 1136 2463 1189 Θεοῦ
2506 1141 3010 1210 παραταττόμενος,
3037 1145 3095 1196 ἐν
3128 1148 3240 1208 τοῖς
3284 1144 3595 1215 ἔμπροσθεν

2011 1218 2225 1286 χρόνοις
2249 1220 2402 1273 οὐδὲν
2430 1220 2636 1275 τούτων
2676 1219 2848 1278 εἶπεν.
2893 1226 3109 1294 Ἐπειδὴ
3136 1226 3192 1279 δὲ
3235 1226 3457 1298 ἔμελλεν
3488 1230 3593 1297 ἀφ-

2015 1301 2263 1355 ίστασθαι
2290 1303 2392 1373 τῆς
2428 1308 2784 1375 προστασίας,
2816 1311 2910 1362 καὶ
2943 1311 3041 1381 τὴν
3069 1311 3241 1382 ἀρχὴν
3270 1312 3596 1382 ἐγχειρίζειν

2012 1384 2220 1455 έτέρῳ,
2264 1387 2386 1439 τότε
2420 1388 2607 1442 λοιπὸν
2649 1392 2972 1463 ἠναγκάσθη
3019 1394 3090 1446 τά
3129 1393 3382 1465 ἐγκώμια
3428 1393 3594 1448 αὑτοῦ

2007 1466 2317 1533 διεξελθεῖν,
2364 1472 2458 1523 καὶ
2497 1472 2669 1525 ταῦτα
2708 1474 3037 1544 ὑφειμένως.
3075 1478 3182 1529 Καὶ
3216 1478 3455 1541 καλέσας
3498 1478 3593 1531 τὸν

2009 1551 2180 1621 δῆμον
2212 1552 2450 1617 ἅπαντα,
2497 1557 2765 1626 παρόντος
2801 1558 2896 1609 καὶ
2931 1557 3027 1610 τοῦ
3079 1559 3270 1622 Σαοὺλ,
3303 1559 3442 1613 οὕτω
3478 1561 3595 1624 πώς

2011 1649 2193 1704 φησιν·
2244 1636 2389 1690 Ἰδοὺ
2418 1637 2658 1706 ἤκουσα
2687 1638 2796 1706 τῆς
2819 1639 3027 1708 φωνῆς
3052 1640 3239 1708 ὑμῶν,
3270 1642 3365 1695 καὶ
3394 1643 3598 1696 ἐϐασί-

2007 1720 2205 1772 λευσα
2229 1719 2322 1788 ἐφ’
2346 1722 2499 1789 ὑμᾶς
2523 1723 2809 1784 βασιλέα·
2838 1725 2937 1778 καὶ
2962 1724 3075 1793 ἐγὼ
3098 1725 3226 1778 ἰδοὺ
3259 1725 3596 1794 ἀνέστραμ-

2003 1816 2110 1868 μαι
2140 1800 2399 1854 ἐνώπιον
2434 1803 2602 1873 ὑμῶν
2633 1805 2702 1858 ἐκ
2740 1807 3025 1874 νεότητός
3043 1824 3184 1875 μου,
3227 1808 3328 1863 καὶ
3353 1809 3463 1874 ἕως
3483 1808 3595 1877 τῆς

2009 1883 2235 1950 ἡμέρας
2265 1886 2509 1952 ταύτης,
2539 1890 2637 1942 καί
2680 1890 2999 1959 γεγήρακα.
3046 1892 3423 1959 Ἀποκρίθητε
3461 1892 3591 1945 κατ’

2006 1965 2153 2034 ἐμοῦ
2173 1968 2428 2023 ἐνώπιον
2443 1971 2548 2024 τοῦ
2567 1972 2810 2040 Κιιρίου,
2835 1974 2930 2026 καὶ
2950 1972 3207 2028 ἐνώπιον
3218 1975 3466 2042 χριστοῦ
3485 1977 3592 2029 αὺ-

2008 2051 2146 2104 τοῦ·
2185 2053 2427 2121 μόσχον
2472 2054 2635 2120 τίνος
2679 2054 2847 2124 ὑμῶν
2881 2057 3186 2125 εἷληςεωῆ
3238 2057 3383 2111 ὄνον
3426 2059 3591 2124 τίνος

2007 2134 2264 2202 εἴληφα-(η
2288 2134 2324 2202 ἣ
2344 2137 2479 2189 τίνα
2525 2136 2692 2205 ὑμῶν
2712 2138 3274 2203 κατεδυνάστευσα;
3291 2139 3328 2207 ἢ
3347 2140 3481 2192 τίνα
3501 2140 3599 2205 ἐξ·

2006 2217 2221 2270 επίεσα
2262 2218 2465 2285 main»;
2493 2219 2531 2287 ἣ
2557 2220 2625 2272 ἐκ
2656 2223 2854 2289 χειρὸς
2877 2222 3042 2288 τινος
3060 2220 3224 2291 ὑμῶν
3253 2221 3474 2290 είληξρα
3499 2222 3597 2285 ἐε-

2008 2304 2236 2371 ἰλιισμα
2251 2306 2287 2372 ἢ
2306 2305 2606 2375 ὑπόδημα,
2637 2308 2736 2362 καὶ
2751 2308 3073 2378 ἀπέκρυψα
3090 2310 3231 2375 τοὺς
3250 2310 3597 2379 ὀφθαλμούς

2001 2393 2203 2460 μουὲν
2223 2392 2384 2458 αὐτῷ
2402 2412 2422 2459 ;
2438 2396 2661 2448 Εἴπατε
2678 2397 2804 2449 κατ’
2816 2397 2982 2465 ἐμοῦ,
2999 2398 3096 2450 καί
3114 2396 3407 2452 ἀποδώσω
3425 2397 3587 2466 ὑμῖν.

2006 2476 2116 2529 Καὶ
2146 2477 2275 2530 ποία
2310 2474 2377 2548 ῆν
2411 2478 2623 2548 ἀνάγκη
2661 2480 2835 2534 ταῦτα
2863 2481 3060 2547 λέγειν,
3097 2481 3260 2551 φησί;
3295 2481 3468 2552 Πολλὴ
3500 2482 3596 2534 καὶ

2010 2570 2242 2641 μεγάλη.
2275 2572 2493 2642 Ἐπειδὴ
2512 2571 2620 2645 γάρ
2641 2574 2874 2643 ἄρχοντα
2898 2572 3121 2642 ἔμελλεν
3135 2573 3376 2640 εἰσάγειν
3410 2573 3596 2637 αὐτοῖς

2004 2656 2097 2708 τὸν
2119 2655 2310 2717 Σαοὺλ,
2335 2655 2393 2707 ἐν
2417 2657 2481 2725 τῇ
2506 2655 2628 2708 καθ’
2661 2657 2853 2709 ἑαυτὸν
2882 2656 3148 2727 ἀπολογίᾳ
3179 2656 3386 2721 διδάξαι
3411 2656 3595 2727 βουλό-

2009 2762 2169 2815 μενος
2197 2747 2421 2809 ἐκεῖνον,
2452 2746 2570 2810 πῶς
2594 2747 2951 2817 προΐστασθαι
2975 2747 3056 2799 δεῖ
3077 2748 3172 2800 καὶ
3194 2746 3455 2818 κήδεσθαι
3487 2747 3596 2801 τῶν

2007 2834 2350 2905 ἀρχομένων.
2398 2836 2594 2899 αὐτοὺς
2621 2838 2748 2899 τοὺς
2786 2838 3062 2906 ὑπηκόους
3098 2839 3381 2908 μάρτυρας
3428 2836 3594 2889 αὑτοῦ

2005 2925 2109 2994 τῆς
2153 2924 2473 2993 φιλοσοφίας
2512 2926 2772 2996 παράγει.
2806 2926 2918 2979 Καὶ
2968 2925 3028 2978 ού
3078 2928 3220 2979 ποιεί
3243 2926 3402 2978 τοῦτο
3432 2927 3488 2978 ἐν
3517 2925 3596 2996 τῷ

2008 3011 2187 3083 καιρῷ
2224 3013 2325 3081 τῆς
2369 3013 2581 3083 ἀρχῆς,
2622 3013 2711 3067 ἵνα
2743 3014 2818 3083 μή
2855 3031 2939 3077 τις
2971 3014 3133 3085 εἴπῃ,
3184 3014 3266 3065 ὅτι
3295 3012 3595 3077 δεδοικότες

2007 3100 2170 3154 αὑτὸν
2217 3101 2310 3154 καὶ
2355 3100 2716 3170 φοϐούμενοι,
2761 3100 2830 3154 τὰ
2876 3102 2949 3172 μὴ
2995 3101 3123 3154 ὄντα
3169 3101 3592 3172 ἐμαρτύρησαν·

2006 3186 2123 3240 ἀλλ’
2154 3187 2244 3239 ὅτε
2273 3187 2552 3258 παρελύθη
2574 3186 2643 3240 τά
2666 3189 2767 3258 τῆς
2787 3188 3167 3259 δημαγωγίας,
3191 3190 3284 3241 καὶ
3303 3190 3383 3251 είς
3408 3188 3595 3258 ἕτερον

2009 3274 2244 3345 μετέστη
2283 3274 2350 3328 τὰ
2378 3275 2477 3346 τῆς
2516 3274 2666 3346 [298]
2696 3276 3064 3345 προστασίας,
3110 3276 3202 3329 καὶ
3229 3275 3472 3339 κίνδυνος
3500 3277 3593 3329 οῦ-

2005 3361 2117 3419 δεὶς
2145 3356 2213 3431 ῆν
2243 3361 2319 3431 τῷ
2349 3361 2743 3432 κατηγοροῦντι
2770 3361 2977 3425 λοιπὸν,
3005 3362 3125 3416 τότε
3147 3362 3426 3426 δικάζεται
3458 3360 3596 3432 πρὸς

2006 3447 2225 3510 αὐτούς.
2262 3448 2457 3500 Καίτοι
2486 3464 2550 3514 γε
2596 3448 2646 3499 εί
2679 3447 2867 3517 ἕτερός
2904 3465 2986 3510 τις
3026 3444 3114 3516 ἦν,
3151 3448 3596 3519 ἐμνησικάκησεν

2004 3534 2071 3587 ἀν
2097 3537 2211 3597 τοῖς
2266 3533 2542 3596 Ἰουδαίοις
2561 3573 2575 3597 ,
2607 3534 2702 3586 καὶ
2745 3534 2845 3586 ούκ
2871 3533 2936 3586 ἂν
2962 3534 3195 3605 ἠθέλησε
3224 3534 3315 3588 τὸν
3356 3534 3592 3607 ἄρχοντα

2003 3621 2097 3675 τὸν
2129 3621 2246 3692 μετ’
2276 3621 2436 3674 αύτὸν
2463 3621 2680 3690 ἐπιεικῆ
2719 3619 2974 3688 γενέσθαι
3004 3621 3097 3673 καὶ
3129 3621 3368 3690 μέτριον,
3410 3622 3469 3673 ού
3504 3621 3595 3675 διὰ

2010 3709 2379 3780 μνησικακίαν
2404 3708 2461 3761 δὲ
2495 3709 2675 3779 μόνον,
2706 3709 2821 3762 ἀλλ’
2858 3709 2946 3763 ἵνα
2980 3709 3075 3761 καὶ
3103 3708 3267 3773 αὐτὸς
3295 3709 3587 3779 ἐπαινῆται

2009 3793 2297 3863 μειζόνως.

2068 3885 2111 3938 θ’
2119 3926 2133 3939 .
2149 3885 2259 3937 Καὶ
2269 3885 2376 3956 γάρ
2392 3885 2606 3955 νόσημα
2628 3884 2788 3937 τοῦτο
2802 3884 2974 3938 δεινὸν
2985 3886 3097 3947 τοῖς
3108 3884 3370 3955 ἄρχουσιν
3391 3882 3585 3936 ἔνεστι⁴

2002 3974 2132 4036 τοὺς
2157 3972 2273 4043 μετ’
2306 3974 2504 4036 αὐτοὺς
2530 3972 2624 4025 ἐπὶ
2652 3972 2752 4041 τὴν
2775 3972 2951 4043 ἀρχὴν
2980 3971 3310 4042 ἐρχομένους
3341 3971 3592 4039 εὔχονται

2005 4062 2243 4132 φαύλους
2276 4057 2534 4115 εἶναικαὶ
2559 4060 2849 4132 πονηρούς.
2886 4061 2986 4114 "Av
3007 4077 3066 4113 τε
3099 4060 3208 4130 γὰρ
3232 4063 3469 4128 γενναῖοι
3504 4060 3595 4111 τύο

2004 4166 2173 4221 χωσιν
2207 4149 2395 4213 ὄντες,
2435 4148 2850 4220 λαμπροτέρους
2884 4149 3081 4211 αὐτοὺς
3116 4146 3403 4217 φανεῖσθαι
3437 4147 3590 4216 νομί-

2003 4237 2180 4304 ζουσι,
2205 4238 2315 4292 τῶν
2336 4237 2735 4308 διαδεξαμένων
2758 4238 2859 4308 τὴν
2897 4237 3072 4308 ἀρχὴν
3095 4237 3192 4289 ούκ
3218 4236 3387 4289 ὄντων
3414 4235 3591 4288 τοιού-

2002 4344 2141 4382 των·
2174 4327 2240 4379 ἄν
2266 4344 2327 4379 τε
2356 4325 2539 4379 σκαιοὶ
2577 4326 2669 4378 καὶ
2713 4324 3135 4395 διεφθαρμένοι,
3169 4322 3463 4392 ἀπολογίαν
3491 4323 3590 4393 τῆς

2002 4415 2212 4478 οἰκείας
2240 4413 2460 4467 ἔσεσθαι
2499 4413 2767 4483 πονηρίας
2795 4411 2891 4465 τοῦ
2925 4412 3064 4482 μετά
3108 4412 3285 4465 ταῦτα
3328 4413 3591 4483 ἄρχοντος

2003 4506 2103 4576 τὴν
2120 4503 2338 4557 κακίαν.
2379 4502 2517 4555 Ἀλλ’
2543 4504 2642 4571 οὐχ
2660 4504 2689 4554 6
2712 4501 2984 4572 μακάριος
3006 4496 3159 4563 οὗτος
3185 4500 3444 4562 τοιοῦτος·
3472 4499 3529 4552 ἀ)
3540 4500 3589 4551 λ’

2003 4591 2265 4663 ἠϐούλετο
2292 4592 2387 4645 καὶ
2424 4588 2623 4661 ηὔχετο
2653 4588 2750 4641 καὶ
2782 4587 3048 4658 ἐπεθύμει
3093 4586 3275 4657 πολλῷ
3323 4585 3590 4656 βελτίονος

2004 4680 2202 4743 αὐτοὺς
2229 4677 2536 4733 ἀπολαῦσαι
2561 4677 2661 4747 τῆς
2688 4674 3020 4746 προστασίας
3037 4693 3050 4705 ·
3074 4672 3217 4727 οὕτω
3238 4673 3589 4743 φιλόστοργος

2002 4763 2092 4839 ἦν,
2120 4766 2263 4820 οὕτω
2301 4765 2497 4835 φθόνου
2537 4762 2806 4834 καθαρὸς,
2832 4761 2976 4815 οὕτω
3004 4761 3309 4827 κενοδοξίας
3342 4760 3588 4830 ἀπηλλα-

2004 4860 2225 4931 γμένος.
2267 4857 2461 4911 Καίτοι
2492 4873 2555 4924 γε
2590 4855 2648 4908 ἓν
2691 4854 2851 4925 μόνον
2894 4855 3096 4924 ἐζήτει,
3136 4853 3246 4906 τῶν
3284 4853 3588 4925 ἀνθρώπων

2004 4953 2103 5022 τὴν
2130 4950 2423 5020 σωτηρίαν.
2458 4948 2556 5001 Διά
2591 4946 2750 5000 τοῦτο
2782 4946 2877 4999 καὶ
2904 4945 2997 4999 τὸν
3026 4945 3263 5017 ἄρχοντα
3306 4946 3490 5009 αὐτοῖς
3528 4946 3588 4999 ἐν

2003 5045 2069 5113 τῇ
2106 5041 2227 5095 καθ’
2266 5039 2457 5094 ἐαυτὸν
2497 5037 2825 5111 ὲρῤύθμιζεν
2869 5036 3153 5108 ἀπολογίᾳ.
3212 5036 3431 5109 Ἐπειδὴ
3476 5037 3588 5107 γὰρ

2002 5132 2064 5185 τὸ
2095 5131 2196 5202 μὲν
2228 5130 2452 5183 καλέσαι
2484 5130 2572 5183 τὸν
2596 5127 2818 5200 βασιλέα
2846 5128 2939 5180 καὶ
2964 5129 3159 5194 εἰπεῖν,
3201 5128 3475 5198 Ἐπιεικὴς
3495 5126 3588 5179 ἔσο

2006 5223 2101 5276 καὶ
2132 5222 2352 5293 μέτριος
2399 5221 2493 5275 καὶ
2529 5220 2952 5293 ἀδωροδόκητος,
2988 5221 3081 5273 καὶ
3119 5220 3324 5291 μηδένα
3359 5218 3546 5288 βιάζου
3568 5257 3583 5281 ,

2007 5314 2144 5386 μηδέ
2168 5313 2365 5377 ἀδίκει,
2401 5313 2535 5384 μηδὲ
2575 5313 2904 5376 πλεονέκτει,
2960 5310 3215 5381 φορτικὸν
3242 5307 3310 5381 ἦν
3346 5310 3438 5361 καὶ
3486 5311 3584 5361 ἐπ-

2005 5405 2169 5476 αχθὲς
2182 5404 2261 5476 τῷ
2283 5405 2530 5477 μέλλοντι
2556 5406 2729 5459 ταῦτα
2755 5404 2991 5458 ἀκούειν·
3014 5404 3074 5456 τὸ
3095 5402 3152 5455 δὲ
3176 5403 3394 5473 σιγῆσαι
3422 5400 3586 5457 πάλιν

2004 5497 2263 5569 προδοσία
2301 5496 2397 5550 τοῦ
2436 5497 2609 5567 δήμου
2648 5497 2875 5566 ἐγίνετο·
2920 5497 2976 5550 ἐν
3008 5495 3302 5564 ἀπολογίας
3340 5496 3584 5565 προσχή-

2007 5605 2138 5661 ματι
2165 5589 2449 5661 ἀμφότερα
2478 5586 2650 5642 ταῦτα
2674 5586 3026 5657 κατώρθωσε,
3062 5587 3313 5640 κάκεῖνον
3346 5584 3584 5650 ἐδίδαξεν
3614 5580 3621 5589 “

2002 5684 2183 5736 ὁποῖον
2207 5678 2347 5735 εἶναι
2379 5679 2485 5752 χρὴ
2508 5681 2599 5734 τὸν
2625 5679 2994 5749 βασιλεύοντα,
3032 5680 3126 5732 καὶ
3164 5679 3261 5749 τὴν
3297 5678 3361 5731 ἐκ
3383 5677 3475 5731 τοῦ
3504 5677 3581 5730 δι-

2004 5770 2220 5825 δάσκειν
2255 5770 2546 5843 ἑπάχθειαν
2588 5768 2775 5839 ἔφυγε.
2827 5767 2934 5821 Καὶ
2972 5767 3118 5821 δοκεῖ
3155 5769 3251 5838 μὲν
3290 5768 3431 5837 ὑπὲρ
3475 5766 3582 5818 τῶν
