4060 6260
481 344 586 400 309

484 454 586 508 κιθ
646 453 836 508 ἐαυτὸν
873 453 1255 523 ἀγωνίζεσθαι·
1293 458 1534 513 παιδεύει
1578 459 1635 513 δὲ
1663 460 1889 521 ἐκεῖνον.
1939 460 2058 524 πῶς

481 537 576 592 καὶ
603 538 706 591 τίνι
728 537 917 609 τρόπῳ
935 538 1045 592 τῶν
1073 540 1391 612 ἀρχομένων
1424 543 1801 614 ἐπιμελεῖσθαι
1832 545 1958 615 χρή.
1985 544 2057 597 Σὺ

477 621 536 673 δέ
570 637 660 690 μοι
690 620 880 673 σκόπει
920 620 1037 685 πῶς
1067 623 1206 693 μετά
1251 625 1537 696 ἀκριϐείας
1574 628 1790 696 ἀπάσης
1816 625 2057 699 καθαρὸν

479 700 670 755 ἐαυτὸν
703 701 867 770 ἔδειξε
893 702 1220 775 λημμάτων.
1253 707 1386 761 Ούδέ
1409 710 1517 779 γάρ
1550 703 1692 773 εἷπε,
1730 710 1821 780 Μὴ
1852 709 2057 781 ἀγρούς

475 805 620 852 τινος
651 788 805 859 ύμῶν
835 789 1058 857 ἐλαϐον;
1091 792 1167 864 μὴ
1204 794 1462 862 χρυσίονς
1492 794 1608 848 ἀλλ’
1652 795 1682 848 δ
1715 795 1933 851 πάντων
1968 796 2056 848 εὐ-

476 874 790 946 τελέστερον
812 871 900 949 ἦν,
920 876 1016 946 Μὴ
1035 878 1335 948 nam“;
1363 880 1546 952 φησίν.
1583 878 1714 936 Εἶτα
1748 884 1840 937 καὶ
1863 883 2056 954 ἑτέραν

474 960 673 1015 ἐαυτοῦ
705 962 905 1032 πολλὴν
935 965 1066 1034 ἡμῖν
1102 965 1369 1036 ἐδήλωσεν
1405 968 1626 1040 ἀρετήν.
1687 969 1905 1040 Ἐπειδὴ
1945 969 2054 1041 γὰρ

476 1045 660 1099 πολλοὶ
686 1044 795 1100 τῶν
816 1047 1113 1117 ἀρχόντων,
1146 1049 1275 1103 ὅταν
1304 1052 1404 1121 μὲν
1437 1051 1764 1118 κλέπτωσιν,
1792 1054 2055 1116 ἐπιεικεῖς

471 1131 581 1183 εἰσι
609 1130 702 1183 καὶ
728 1130 937 1202 μέτριοι
964 1132 1059 1186 καὶ
1091 1137 1383 1205 προσηνεῖς
1412 1136 1509 1189 οὐκ
1534 1137 1767 1201 οἴκοθεν,
1802 1137 1937 1191 ἀλλά
1965 1137 2055 1191 διά

472 1214 572 1285 τὴν
590 1214 836 1286 ἀνάγκην
864 1216 956 1269 τοῦ
980 1216 1296 1283 συνειδότος,
1317 1220 1381 1271 ἐκ
1407 1219 1516 1273 τῶν
1538 1220 1865 1292 κλεμμάτων
1895 1239 2052 1294 περι-

470 1298 737 1370 ῃρημένοι
784 1300 883 1370 τὴν
929 1301 1267 1372 παρρησίανο
1294 1305 1343 1356 οἱ
1379 1302 1437 1355 δὲ
1465 1304 1857 1376 ἀδωροδόκητοι
1877 1347 1892 1372 ,
1922 1322 2054 1376 φορ-

470 1382 614 1435 τικοὶ
651 1382 746 1436 καὶ
778 1382 1072 1453 ἐπαχθεῖς,
1121 1384 1241 1438 ούδέ
1281 1386 1435 1439 αὐτοὶ
1478 1387 1641 1441 πάλιν
1678 1389 1908 1450 οἴκοθεν.
1936 1389 2051 1442 ἀλλ’

471 1464 574 1517 ὑπό
600 1482 743 1529 τινος
767 1464 1069 1531 κενοδοξίας
1095 1467 1301 1521 καὶτοῦ
1320 1469 1547 1541 καθαροὶ
1561 1471 1864 1542 λημμάτων
1889 1468 2047 1527 εἶναι·

469 1547 756 1618 ἀμφότερα
788 1548 845 1601 δὲ
876 1548 975 1601 οὐκ
1005 1550 1069 1603 ἀν
1106 1566 1189 1613 τις
1229 1550 1327 1605 ἴδοι
1369 1552 1566 1622 ῥαδίως
1604 1554 1924 1608 συνελθόντα
1969 1556 2051 1619 είς

467 1631 566 1684 ’ἐνα
584 1647 596 1659 ·
622 1631 791 1695 δεῖξαι
822 1631 1144 1702 βουλόμενος
1172 1637 1199 1686 ό
1227 1634 1380 1703 ἆγιος
1408 1629 1582 1701 οὗτος,
1615 1638 1698 1691 ὅτι
1723 1639 2049 1709 ἀμφοτέρων

471 1714 849 1784 περιεγένετο,
882 1717 975 1768 καὶ
1008 1715 1313 1787 λημμάτων
1346 1720 1568 1789 ἐκράτει
1605 1722 1697 1774 καὶ
1743 1722 1935 1793 ὀργῆς,
1969 1724 2048 1775 εί-

470 1795 607 1862 πὼν,
637 1796 733 1865 Μὴ
760 1800 999 1867 μόσχον
1033 1800 1188 1866 τινὸι⁵
1226 1801 1395 1870 ὖμῶν
1426 1804 1647 1872 εἴληφα
1666 1820 1685 1868 ;
1726 1808 1828 1859 οὐκ
1860 1807 2049 1877 ἐσίγη-

469 1896 581 1945 σεν,
604 1881 717 1934 ἀλλ’
740 1884 1037 1952 ἐπήγαγεν,
1066 1885 1142 1937 “II
1164 1886 1697 1942 κατεδυνάστευσά
1724 1905 1854 1942 τινα
1882 1890 2050 1958 ὑμῶν

467 1963 506 2032 ἦ
557 1963 886 2029 ἐξεπίεσα;
925 1966 1068 2019 τοῦτ’
1114 1968 1279 2030 ἐστιν,
1333 1969 1616 2040 ἐξέθλιψα;
1673 1974 1737 2025 Ὀ
1785 1972 1841 2025 δὲ
1903 1973 2050 2041 λέγει

463 2047 701 2101 τοιοῦτόν
734 2051 910 2102 ἐστιν·
947 2051 1132 2114 Οὐδεὶς
1176 2051 1241 2104 ἂν
1275 2052 1386 2122 ἔχοι
1420 2053 1582 2107 τοῦτο
1614 2055 1809 2117 εἰπεῖν,
1839 2056 1920 2108 ὅτι
1948 2057 2049 2109 οὐκ

462 2129 653 2183 ἔλαϐον
697 2132 816 2200 μὲν,
851 2133 1038 2204 ἐπειδὴ
1080 2134 1135 2185 δέ
1170 2135 1269 2186 οὐκ
1307 2134 1520 2195 ἔλαϐον,
1564 2137 1821 2207 φορτικὸς
1861 2138 2046 2205 ἐγενό-

466 2229 573 2283 μην
612 2214 706 2266 καὶ
755 2214 999 2285 ἐπαχθὴς
1040 2218 1135 2268 καὶ
1175 2216 1327 2285 ὠμὸς
1368 2217 1462 2270 καὶ
1505 2217 1714 2288 ἄγριος.
1747 2219 1845 2270 Διά
1886 2218 2048 2271 τοῦτο

462 2296 666 2365 ἔλεγεν,
700 2299 768 2350 Ἢ
817 2297 1352 2353 κατεὸυνὰστευσά
1389 2316 1524 2354 τινα
1575 2301 1780 2368 ὑμῶν;
1836 2302 1901 2355 Τί
1952 2299 2047 2355 οὖν

462 2380 679 2445 ἐκεῖνοι;
719 2380 868 2434 οὔτε
914 2381 1484 2448 κατεδυνάστευσας
1528 2382 1723 2450 ἡμᾶς,
1760 2384 1898 2437 οὔτε
1944 2384 2045 2449 ἐξ·

460 2463 732 2527 επίεσας,
749 2462 891 2516 οὐδέ
916 2464 1173 2533 εἴληφας
1201 2466 1271 2519 ἐκ
1296 2465 1495 2535 χειρὸς
1526 2465 1697 2534 ήμῶν
1719 2465 1916 2520 οὐδέν.
1938 2468 2047 2520 Καὶ

462 2542 549 2596 ἵνα
583 2544 779 2615 μάθῃς,
806 2546 889 2598 ὅτι
911 2546 1003 2599 καὶ
1029 2547 1120 2600 τὸν
1151 2546 1377 2616 βασιλέα
1397 2547 1560 2600 αὑτὸν
1583 2548 1851 2601 παιδεύων
1873 2549 2046 2604 ταῦτα

461 2624 665 2694 ἔλεγεν,
697 2627 963 2697 ἐπήγαγε·
996 2627 1236 2695 Μάρτυς
1260 2628 1411 2699 [299]
1440 2630 1672 2698 Κύριος,
1701 2631 1795 2684 καὶ
1815 2630 2046 2699 μάρτυς

461 2711 495 2761 ὁ
540 2709 787 2777 χριστὸς
823 2708 1011 2764 αὐτοῦ
1034 2726 1048 2741 ο
1094 2709 1254 2764 τοῦτο
1289 2711 1347 2764 δέ
1392 2712 1523 2782 ἡμῖν
1553 2712 1683 2765 αὐτὸ
1719 2714 2044 2786 παραδηλῶν

460 2791 554 2845 καὶ
596 2792 846 2858 δεικνὺς,
887 2794 961 2857 ὼς
995 2794 1095 2847 οὐκ
1134 2790 1200 2866 ἦν
1237 2796 1270 2865 ὴ
1325 2795 1601 2866 μαρτυρία
1646 2798 2041 2870 κεχαρισμένη,

459 2873 622 2928 αὑτὸν
659 2874 886 2928 ἐκάλεσε
941 2876 1194 2948 μάρτυρα
1225 2877 1317 2930 τὸν
1356 2878 1425 2932 τά
1472 2877 1760 2950 ἀπόρρητα
1795 2880 1897 2950 τῆς
1924 2881 2043 2933 δια-

458 2958 604 3021 νοίας
633 2958 839 3022 εἰδότα,
872 2959 1010 3030 ὅπερ
1044 2961 1160 3013 ἐστὶ
1203 2959 1444 3032 καθαροῦ
1487 2961 1786 3025 συνειδότος
1820 2963 2041 3016 ἀπόδει-

459 3036 560 3105 ξις.
592 3042 780 3105 Οὐδεὶς
814 3041 944 3114 γὰρ,
988 3043 1192 3107 οὐδεὶς,
1226 3045 1273 3096 εί
1321 3044 1396 3114 μὴ
1447 3044 1650 3115 σφόδρα
1685 3041 1754 3116 ἦν
1783 3046 2044 3118 μεμηνὼς

460 3123 552 3175 καὶ
578 3123 884 3195 ἐξεστηκὼς
908 3165 920 3189 ,
951 3124 1047 3178 τοῦ
1075 3126 1374 3190 συνειδότος
1404 3126 1500 3179 τοῦ
1532 3128 1728 3181 ἐαυτοῦ
1764 3128 2044 3184 καλέσειεν

458 3206 523 3259 ἀν
555 3222 681 3258 ποτε
709 3207 960 3278 μάρτυρα
979 3208 1070 3261 τὸν
1103 3209 1255 3271 Θεὸν,
1281 3211 1329 3262 εί
1358 3209 1432 3280 μὴ
1468 3210 1674 3280 σφόδρα
1708 3211 1888 3282 ἐαυτῷ
1910 3214 2042 3285 θαρο

461 3286 602 3357 ῥοίη.
651 3290 1138 3361 Μαρτυρησάντων
1186 3291 1365 3343 τοίνυν
1397 3291 1624 3345 ἐκείνων
1663 3294 1756 3345 ἐπὶ
1806 3295 1920 3358 τοῖς
1955 3296 2041 3348 εἱ-

462 3369 719 3439 ρημὲνοις
770 3371 946 3442 αὐτῷ,
994 3374 1088 3425 καὶ
1120 3373 1315 3443 ἑτέραν
1343 3373 1540 3426 ἐαυτοῦ
1581 3374 1856 3429 δείκνυσιν
1881 3376 2043 3439 αὐτὸς

457 3454 660 3525 ἀρετήν
679 3469 694 3485 ο
724 3455 818 3507 καὶ
849 3454 957 3508 τῶν
1001 3456 1249 3510 παλαιῶν
1288 3458 1612 3529 ἀναμνήσας
1644 3459 1904 3513 ἀπάντων
1933 3458 2044 3513 τῶν

456 3536 599 3590 κατὰ
619 3537 715 3608 τὴν
746 3537 1045 3607 Αἴγυπτον,
1089 3540 1185 3593 καὶ
1234 3540 1335 3609 τῆς
1362 3542 1457 3594 τοῦ
1491 3541 1627 3595 Θεοῦ
1670 3546 2005 3615 προστασίας
2025 3584 2041 3609 ,

457 3619 551 3672 καὶ
594 3620 701 3673 τῶν
739 3623 854 3691 μετ’
896 3623 1137 3687 ἐκείνους
1173 3622 1447 3694 πολέμων,
1495 3625 1900 3695 ἀναμιμνήσκει
1944 3626 2045 3695 τῆς

460 3702 641 3773 μάχης
681 3704 778 3773 τῆς
810 3706 897 3757 ἐπ’
938 3704 1106 3760 αὐτοῦ
1147 3706 1445 3778 γενομένης
1483 3707 1577 3760 καὶ
1619 3707 1722 3777 τῆς
1749 3708 1909 3777 νίκης
1945 3708 2044 3778 τῆς

459 3784 787 3855 παραδόξων
832 3789 925 3841 καὶ
949 3788 1119 3844 εἰπὼν
1150 3788 1267 3852 πῶς
1293 3789 1553 3853 πολλάκις
1582 3789 1672 3844 διὰ
1705 3790 1803 3854 τὰς
1833 3790 2044 3853 οἰκείας

460 3870 733 3942 ἁμαρτίας
779 3873 894 3936 τοῖς
952 3873 1234 3945 πολεμίοις
1295 3872 1731 3946 παραδοθέντων,
1782 3872 2043 3929 ἐκάλεσεν

1182 352 1239 406 S.
1280 350 1564 407 JOANNIS
1601 351 2089 411 CHRYSOSTOMI
2128 358 2449 418 ARCHIEP.
2492 362 3045 423 CONSTANTINOP.

3632 361 3742 420 310

2158 463 2321 528 αὐτὸς
2338 464 2429 518 τὸν
2450 464 2605 530 Θεδν,
2631 465 2726 519 καὶ
2749 464 3059 536 ἀπήλλαξεν
3083 466 3280 534 αὐτοὺς
3308 469 3418 524 τῶν
3438 472 3735 543 πολεμίων,

2159 548 2445 602 συνάπτων
2490 551 2605 612 τοῖς
2645 548 2894 613 παλαιοῖς
2939 548 3009 604 τά
3042 550 3171 616 νέα,
3208 553 3403 623 ἐπάγει
3436 556 3536 613 καὶ
3565 557 3733 627 λέγει·

2170 629 2586 693 Ἐξαπέστειλε
2609 632 2826 700 Κύριος
2852 633 2960 686 τὸν
2996 631 3312 701 'Iepoé’daJ,
3345 636 3455 691 τὸν
3478 639 3737 707 Γεδεὼν,

2157 720 2255 773 καί
2275 719 2382 773 τὸν
2402 720 2621 787 Βαρὰκ,
2646 721 2743 775 καί
2766 721 2873 776 τὸν
2912 722 3150 790 Ἰεφθάε,
3175 724 3270 778 καὶ
3296 724 3403 779 τὸν
3421 730 3735 797 Σαμουὴλ,

2156 801 2252 855 καὶ
2271 802 2539 867 ἐξείλετο
2559 800 2714 873 ὑμᾶς
2733 804 3040 857 κύκλωθεν
3057 804 3127 858 ἐκ
3141 806 3343 875 χειρὸς
3366 808 3486 864 τῶν
3505 811 3738 881 ἐχθρῶν

2154 881 2340 952 ὑμῶν,
2368 884 2464 938 καὶ
2483 885 2811 939 κατοικεῖτε
2825 889 3196 953 πεποιθότες.

2230 971 2280 1020 ι’.
2317 967 2477 1038 Ὁρᾷς
2494 965 2611 1031 πῶς
2627 966 2749 1031 ἔθος
2775 970 2888 1031 τοῖς
2908 967 3087 1037 ἁγίοις
3104 969 3180 1040 μὴ
3192 969 3262 1023 τά
3289 971 3500 1025 ἑαυτῶν
3528 990 3736 1046 κατορ-

2154 1046 2381 1119 θώματα
2422 1048 2622 1119 λὲγειν,
2662 1052 2711 1104 εί
2752 1051 2828 1121 μή
2877 1067 3007 1104 ποτε
3052 1054 3587 1122 καταναγκασθεῖεν;
3633 1060 3737 1113 Διά

2152 1132 2311 1185 τοῦτο
2339 1133 2432 1186 καὶ
2468 1134 2496 1185 ὁ
2530 1133 2744 1197 Παῦλος
2782 1134 2920 1206 πρὸς
2955 1134 3178 1199 τούτους
3208 1135 3437 1206 βλέπων,
3477 1142 3570 1193 καὶ⁵
3604 1158 3736 1197 παι-

2151 1208 2438 1280 δευόμενος
2467 1212 2732 1283 ἀκριϐῶς,
2776 1213 2860 1266 ὅτι
2899 1214 2962 1266 τὸ
2994 1215 3159 1268 αὐτόν
3195 1232 3318 1270 τινα
3360 1218 3488 1288 περὶ
3532 1221 3733 1275 ἐαυτοῦ

2152 1290 2333 1360 λέγειν
2360 1292 2595 1363 ἐπαχθὲς
2622 1294 2718 1348 καὶ
2739 1296 3024 1365 φορτικὸν,
3039 1295 3247 1366 ἔλεγεν·
3278 1300 3541 1369 Ὄφελον
3568 1303 3733 1358 ἀνει-

2151 1379 2334 1449 χεσθέ
2359 1398 2477 1451 μου
2519 1381 2737 1451 μικρὸν
2776 1380 2852 1451 τῇ
2897 1384 3247 1453 ἀφροσύνῃ⁸
3277 1386 3339 1438 οὐ
3389 1388 3552 1457 μέγα,
3594 1390 3733 1444 ἀλλὰ

2154 1464 2350 1535 μικρόν
2372 1481 2445 1518 τι.
2481 1465 2615 1519 Ούδέ
2648 1465 2757 1537 γάρ
2784 1467 3032 1538 ἀνάγκης
3066 1466 3233 1540 οὔσης
3279 1470 3416 1539 μετά
3456 1470 3729 1541 δαψιλείας

2150 1550 2333 1620 ἐκχεῖν
2367 1548 2563 1604 ἐαυτὸν
2597 1551 2677 1613 είς
2703 1549 2801 1621 τὴν
2848 1550 3102 1622 διήγησιν
3131 1552 3241 1604 τῶν
3266 1554 3559 1624 ἐγκωμίων
3586 1573 3729 1629 παρα

2149 1631 2479 1685 εσκεύασται
2504 1673 2518 1696 ,
2546 1632 2683 1686 ἀλλά
2706 1633 2794 1686 διὰ
2824 1632 3069 1704 βραχέων
3094 1635 3234 1689 αὐτά
3251 1638 3609 1708 παρατρέχει’
3632 1642 3732 1694 καὶ

2150 1714 2283 1767 αὐτὸ
2312 1714 2375 1786 δὴ
2400 1715 2558 1770 τοῦτο
2588 1715 2653 1768 δι’
2676 1716 2916 1779 ἐκείνους
2940 1718 3033 1769 καὶ
3053 1716 3152 1787 τὴν
3174 1718 3399 1772 ἐκείνων
3428 1721 3727 1792 σωτηρίαν.

2152 1798 2363 1867 ’Ὠσπερ
2381 1796 2510 1869 γὰρ,
2537 1799 2637 1851 οὑκ
2660 1796 2824 1868 οὔσης
2846 1798 3087 1869 ἀνάγκης
3119 1799 3296 1867 λέγειν
3318 1800 3386 1855 τά
3404 1802 3581 1857 οίκεῖα
3601 1822 3734 1858 κατ-

2149 1879 2475 1951 ορθὼματα,
2516 1880 2704 1943 ἀνοίας
2755 1880 2903 1934 ἐστὶν
2950 1882 3213 1952 ἐσχάτης,
3266 1882 3441 1948 οὕτως
3483 1887 3733 1959 ἀνάγκης

2150 1962 2503 2033 ἐπικειμένης
2533 1961 2629 2016 καὶ
2659 1961 2777 2031 βίας
2808 1962 3075 2032 ὠθούσης,
3120 1965 3280 2017 πάλιν
3314 1967 3576 2035 προδοσία
3608 1970 3733 2022 ἐστὶ

2147 2044 2210 2097 τὸ
2236 2047 2392 2116 σιγᾷν
2414 2045 2484 2098 τὰ
2502 2045 2680 2099 αὐτῶν
2702 2047 3088 2118 πεπραγμένα.
3123 2049 3263 2101 Ἀλλ’
3290 2051 3439 2121 ὅμως
3461 2050 3495 2103 ὁ
3519 2052 3734 2109 Παῦλος

2149 2128 2244 2180 καὶ
2280 2127 2527 2197 ἀνάγκην
2559 2124 2725 2182 οὖσαν
2750 2129 2912 2199 ὁρῶν,
2955 2128 3232 2193 ἁπώκνει,
3265 2134 3362 2185 καὶ
3394 2133 3456 2186 τὸ
3497 2138 3735 2206 πρᾶγμα

2149 2211 2460 2282 ἀφροσύνην
2489 2212 2693 2274 ἐκάλει,
2723 2212 2810 2266 ἵνα
2854 2212 3031 2284 μάθῃς
3062 2213 3228 2267 αὐτοῦ
3254 2216 3353 2286 τὴν
3384 2216 3604 2271 σύνεσιν
3638 2222 3735 2273 καὶ

2148 2292 2244 2363 τὴν
2269 2292 2458 2362 σοφίαν
2480 2295 2576 2348 καὶ
2597 2294 2694 2365 τὴν
2716 2294 2912 2366 πολλὴν
2932 2296 3251 2364 ἀσφάλειαν.
3276 2299 3386 2351 Καὶ
3405 2300 3518 2370 γὰρ
3536 2301 3730 2365 εἰπὼν,

2155 2377 2217 2429 ’0
2246 2374 2435 2438 λαλῶ.
2476 2378 2547 2431 οὐ
2575 2376 2744 2431 λαλῶ
2769 2378 2921 2432 κατὰ
2951 2379 3190 2447 Κύριον,
3216 2381 3587 2452 προσέθηκεν,
3628 2386 3734 2439 Ἐν

2148 2458 2332 2527 ταύτῃ
2358 2456 2433 2526 τῇ
2456 2459 2792 2513 ὑποστάσει
2812 2459 2925 2528 τῆς
2949 2462 3327 2529 καυχήσεως.
3355 2464 3452 2535 Μὴ
3477 2467 3731 2538 νομίσῃς,

2148 2541 2300 2610 φησι,
2328 2540 2555 2595 καθόλου
2587 2558 2654 2610 με
2678 2541 2837 2595 τοῦτο
2857 2541 3056 2611 λέγειν.
3090 2544 3254 2598 ’Ὥστε
3278 2545 3364 2599 διά
3387 2547 3549 2601 τοῦτο
3566 2549 3735 2601 αὐτὸν

2148 2623 2384 2693 μάλιστα
2416 2624 2623 2679 ἐπαινῶ
2650 2624 2745 2677 καὶ
2779 2624 3045 2696 θαυμάζω
3076 2628 3172 2681 καὶ
3205 2628 3521 2699 σοφώτατον
3550 2631 3731 2694 καλῶ,

2144 2705 2225 2758 ὅτι
2249 2708 2482 2777 πρᾶγμα
2504 2706 2820 2778 ἀφροσύνης
2850 2704 2991 2762 εἶναι
3012 2709 3229 2781 ἐνόμισε
3260 2712 3319 2764 τὸ
3344 2713 3541 2766 ἐαυτὸν
3561 2716 3737 2781 ἐγκω·

2148 2788 2366 2859 μιάζειν
2410 2790 2505 2843 καὶ
2550 2791 2811 2844 ἐπαινεῖν.
2860 2792 2924 2845 El
2968 2792 3026 2845 δέ
3065 2785 3221 2857 οὗτος
3269 2793 3518 2865 ἀνάγκην
3564 2792 3737 2850 οὖσαν

2145 2873 2310 2944 δρῶν,
2341 2873 2652 2944 ἀφροσύνην
2674 2873 2832 2927 τοῦτο
2852 2875 3060 2939 ἐκάλει,
3090 2877 3236 2941 τίνος
3263 2877 3328 2932 ἂν
3354 2875 3467 2931 εἶεν
3493 2881 3740 2950 συγγνώ-

2150 2973 2256 3027 μης
2294 2956 2458 3023 ἀξιοι,
2493 2958 2653 3020 ποίας
2679 2958 2998 3026 ἀπολογίας,
3035 2961 3084 3013 οί
3119 2959 3253 3031 μηδέ
3280 2962 3531 3033 ἀνάγκης
3558 2962 3735 3034 οὔσης

2146 3039 2275 3110 περὶ
2314 3038 2528 3093 ἑαυτῶν
2555 3038 2803 3107 λέγοντες
2839 3040 3071 3110 μεγάλα,
3103 3041 3136 3113 ἢ
3173 3041 3267 3095 καὶ
3292 3044 3511 3112 ἐτέρους
3550 3043 3739 3113 λέγειν

2145 3121 2689 3189 καταναγκάζοντεςς
2735 3122 2900 3176 Ταῦτ’
2923 3119 3016 3177 οὖν
3050 3123 3269 3188 εἰδότες,
3300 3124 3379 3196 μὴ
3409 3126 3737 3197 ἐπαινῶμεν

2142 3203 2210 3256 τὰ
2235 3203 2503 3274 λεγόμενα
2537 3205 2717 3274 μόνον,
2741 3205 2879 3258 ἀλλά
2906 3206 2998 3259 καὶ
3034 3206 3402 3277 μιμησώμεθα
3435 3211 3531 3263 καὶ
3556 3210 3737 3281 ζηλῶ-

2145 3302 2348 3355 σωμεν,
2403 3286 2499 3338 καὶ
2549 3286 2989 3358 κατορθωμάτων
3046 3287 3565 3359 ἐπιλανθανόμενοι,
3620 3292 3731 3345 τῶν

2145 3367 2561 3439 ἁμαρτημάτων
2585 3369 2671 3422 ἀεὶ
2701 3369 3150 3440 μνημονεύωμεν,
3175 3369 3261 3423 ἵνα
3284 3372 3376 3424 καὶ
3410 3374 3733 3442 μετριάζειν

2143 3448 2461 3519 δυνώμεθα,
2493 3452 2589 3504 καὶ
2634 3451 2770 3522 πρὸς
2798 3452 2866 3504 τά
2907 3450 3218 3523 ἔμπροσθεν
3248 3454 3728 3524 ἐπεκτεινόμενοι,

2142 3532 2205 3585 τὸ
2244 3532 2498 3603 βραϐεῖον
2532 3531 2786 3605 λάὸωμεν
2814 3535 2914 3604 τῆς
2942 3533 3054 3588 ἀνω
3095 3534 3373 3607 κλήσεως,
3406 3537 3590 3609 χάριτι
3633 3540 3731 3590 καὶ

2144 3613 2527 3686 φιλανθρωπίᾳ
2550 3614 2646 3668 τοῦ
2675 3615 2883 3687 Κυρίου
2913 3617 3070 3687 ἡμῶν
3109 3617 3284 3687 Ἰησοῦ
3306 3618 3568 3689 Χριστοῦ,
3604 3619 3730 3688 μεθ’

2143 3689 2206 3749 οῦ
2244 3695 2322 3767 τῷ
2352 3698 2528 3769 Πατρὶ
2555 3697 2675 3769 ἅμα
2698 3699 2778 3771 τῷ
2812 3700 2955 3771 ἀγίῳ
2986 3699 3261 3771 Πνεύματι
3291 3700 3418 3764 δόξα
3442 3741 3458 3767 ν
3488 3702 3691 3774 κράτος
3711 3743 3729 3765 ν

2144 3782 2298 3852 τιμὴ,
2333 3779 2429 3837 νῦν
2455 3782 2550 3836 καὶ
2575 3782 2684 3848 ἀεὶ,
2714 3784 2807 3837 καί
2842 3784 2923 3848 εἰς
2955 3783 3081 3848 τοὺς
3112 3783 3313 3849 αἰῶνας
3342 3783 3451 3839 τῶν
3489 3783 3731 3839 αᾶὠνων.

2157 3863 2352 3934 ’Λμήν.
