  <div class='ocr_page' id='page_1' title='image "/cluster/home/n/w/nwhite01/storage/ocr_20150623/51/mdp.39015052813998/306.png"; bbox 0 0 4060 6260; ppageno 0'>
   <div class='ocr_carea' id='block_1_1' title="bbox 337 374 444 436">
    <p class='ocr_par' dir='ltr' id='par_1_1' title="bbox 337 374 444 436">
     <span class='ocr_line' id='line_1_1' title="bbox 337 374 444 436; baseline 0.019 -8"><span class='ocrx_word' id='word_1_1' title='bbox 337 374 444 436; x_wconf 77' lang='lat'><strong>309</strong></span> 
     </span>
    </p>
   </div>
   <div class='ocr_carea' id='block_1_2' title="bbox 337 483 1921 557">
    <p class='ocr_par' dir='ltr' id='par_1_2' title="bbox 337 483 1921 557">
     <span class='ocr_line' id='line_1_2' title="bbox 337 483 1921 557; baseline 0.001 -19"><span class='ocrx_word' id='word_1_2' title='bbox 337 484 499 540; x_wconf 87' lang='lat' dir='ltr'><strong>modo</strong></span> <span class='ocrx_word' id='word_1_3' title='bbox 535 503 712 557; x_wconf 85' lang='lat' dir='ltr'><strong>quave</strong></span> <span class='ocrx_word' id='word_1_4' title='bbox 733 486 942 541; x_wconf 89' lang='lat' dir='ltr'><strong>ratione</strong></span> <span class='ocrx_word' id='word_1_5' title='bbox 957 483 1292 542; x_wconf 85' lang='lat' dir='ltr'><strong>subditorum</strong></span> <span class='ocrx_word' id='word_1_6' title='bbox 1324 501 1508 541; x_wconf 89' lang='lat' dir='ltr'><strong>curam</strong></span> <span class='ocrx_word' id='word_1_7' title='bbox 1535 501 1720 556; x_wconf 80' lang='lat' dir='ltr'><strong>gerere</strong></span> <span class='ocrx_word' id='word_1_8' title='bbox 1760 499 1921 555; x_wconf 88' lang='lat' dir='ltr'><strong>opor-</strong></span> 
     </span>
    </p>
   </div>
   <div class='ocr_carea' id='block_1_3' title="bbox 337 573 1920 648">
    <p class='ocr_par' dir='ltr' id='par_1_3' title="bbox 337 573 1920 648">
     <span class='ocr_line' id='line_1_3' title="bbox 337 573 1920 648; baseline 0.001 -19"><span class='ocrx_word' id='word_1_9' title='bbox 337 583 464 629; x_wconf 87' lang='lat' dir='ltr'><strong>teat.</strong></span> <span class='ocrx_word' id='word_1_10' title='bbox 511 573 592 630; x_wconf 86' lang='lat' dir='ltr'><strong>&#39;l&#39;u</strong></span> <span class='ocrx_word' id='word_1_11' title='bbox 621 590 750 630; x_wconf 85' lang='lat' dir='ltr'><strong>vero</strong></span> <span class='ocrx_word' id='word_1_12' title='bbox 779 574 910 629; x_wconf 85' lang='lat' dir='ltr'><strong>mihi</strong></span> <span class='ocrx_word' id='word_1_13' title='bbox 938 577 1208 646; x_wconf 80' lang='lat' dir='ltr'><strong>perpende</strong></span> <span class='ocrx_word' id='word_1_14' title='bbox 1236 576 1504 648; x_wconf 90' lang='lat' dir='ltr'><strong>quomodo</strong></span> <span class='ocrx_word' id='word_1_15' title='bbox 1543 592 1603 632; x_wconf 93' lang='lat' dir='ltr'><strong>se</strong></span> <span class='ocrx_word' id='word_1_16' title='bbox 1638 576 1920 646; x_wconf 72' lang='lat' dir='ltr'><strong>diligenter</strong></span> 
     </span>
    </p>
   </div>
   <div class='ocr_carea' id='block_1_4' title="bbox 318 666 1917 736">
    <p class='ocr_par' dir='ltr' id='par_1_4' title="bbox 318 666 1917 736">
     <span class='ocr_line' id='line_1_4' title="bbox 318 666 1917 736; baseline 0 -16"><span class='ocrx_word' id='word_1_17' title='bbox 318 666 481 720; x_wconf 85' lang='lat' dir='ltr'><strong>&#39;omni</strong></span> <span class='ocrx_word' id='word_1_18' title='bbox 505 680 726 720; x_wconf 89' lang='lat' dir='ltr'><strong>munere</strong></span> <span class='ocrx_word' id='word_1_19' title='bbox 745 681 934 736; x_wconf 86' lang='lat' dir='ltr'><strong>purum</strong></span> <span class='ocrx_word' id='word_1_20' title='bbox 957 682 1076 723; x_wconf 88' lang='lat' dir='ltr'><strong>esse</strong></span> <span class='ocrx_word' id='word_1_21' title='bbox 1097 668 1446 724; x_wconf 90' lang='lat' dir='ltr'><strong>demonstret.</strong></span> <span class='ocrx_word' id='word_1_22' title='bbox 1469 668 1584 723; x_wconf 89' lang='lat' dir='ltr'><strong>Non</strong></span> <span class='ocrx_word' id='word_1_23' title='bbox 1603 668 1742 724; x_wconf 92' lang='lat' dir='ltr'><strong>enim</strong></span> <span class='ocrx_word' id='word_1_24' title='bbox 1764 667 1917 730; x_wconf 79' lang='lat' dir='ltr'><strong>dixit,</strong></span> 
     </span>
    </p>
   </div>
   <div class='ocr_carea' id='block_1_5' title="bbox 331 757 1920 828">
    <p class='ocr_par' dir='ltr' id='par_1_5' title="bbox 331 757 1920 828">
     <span class='ocr_line' id='line_1_5' title="bbox 331 757 1920 828; baseline 0.001 -16"><span class='ocrx_word' id='word_1_25' title='bbox 331 757 469 812; x_wconf 82' lang='lat' dir='ltr'><strong>Num</strong></span> <span class='ocrx_word' id='word_1_26' title='bbox 501 772 658 827; x_wconf 88' lang='lat' dir='ltr'><strong>agros</strong></span> <span class='ocrx_word' id='word_1_27' title='bbox 694 758 989 828; x_wconf 84' lang='lat' dir='ltr'><strong>cujuspiam</strong></span> <span class='ocrx_word' id='word_1_28' title='bbox 1016 771 1253 816; x_wconf 88' lang='lat' dir='ltr'><strong>vestrum</strong></span> <span class='ocrx_word' id='word_1_29' title='bbox 1282 762 1511 817; x_wconf 84' lang='lat' dir='ltr'><strong>abstuli?</strong></span> <span class='ocrx_word' id='word_1_30' title='bbox 1538 777 1662 816; x_wconf 92' lang='lat' dir='ltr'><strong>num</strong></span> <span class='ocrx_word' id='word_1_31' title='bbox 1692 761 1920 816; x_wconf 83' lang='lat' dir='ltr'><strong>aurum?</strong></span> 
     </span>
    </p>
   </div>
   <div class='ocr_carea' id='block_1_6' title="bbox 331 846 1914 919">
    <p class='ocr_par' dir='ltr' id='par_1_6' title="bbox 331 846 1914 919">
     <span class='ocr_line' id='line_1_6' title="bbox 331 846 1914 919; baseline 0.002 -18"><span class='ocrx_word' id='word_1_32' title='bbox 331 847 428 901; x_wconf 81' lang='lat' dir='ltr'><strong>sed</strong></span> <span class='ocrx_word' id='word_1_33' title='bbox 471 846 612 917; x_wconf 91' lang='lat' dir='ltr'><strong>quod</strong></span> <span class='ocrx_word' id='word_1_34' title='bbox 655 849 890 903; x_wconf 90' lang='lat' dir='ltr'><strong>omnium</strong></span> <span class='ocrx_word' id='word_1_35' title='bbox 936 851 1252 906; x_wconf 85' lang='lat' dir='ltr'><strong>vilissimum</strong></span> <span class='ocrx_word' id='word_1_36' title='bbox 1295 861 1430 919; x_wconf 85' lang='lat' dir='ltr'><strong>crat,</strong></span> <span class='ocrx_word' id='word_1_37' title='bbox 1481 851 1618 906; x_wconf 83' lang='lat' dir='ltr'><strong>Num</strong></span> <span class='ocrx_word' id='word_1_38' title='bbox 1653 850 1914 919; x_wconf 84' lang='lat' dir='ltr'><strong>calceum,</strong></span> 
     </span>
    </p>
   </div>
   <div class='ocr_carea' id='block_1_7' title="bbox 330 938 1916 1015">
    <p class='ocr_par' dir='ltr' id='par_1_7' title="bbox 330 938 1916 1015">
     <span class='ocr_line' id='line_1_7' title="bbox 330 938 1916 1015; baseline 0.004 -24"><span class='ocrx_word' id='word_1_39' title='bbox 330 938 541 1008; x_wconf 81' lang='lat' dir='ltr'><strong>inquit?</strong></span> <span class='ocrx_word' id='word_1_40' title='bbox 603 939 804 995; x_wconf 89' lang='lat' dir='ltr'><strong>Deinde</strong></span> <span class='ocrx_word' id='word_1_41' title='bbox 865 942 1022 996; x_wconf 87' lang='lat' dir='ltr'><strong>aliam</strong></span> <span class='ocrx_word' id='word_1_42' title='bbox 1091 960 1317 1014; x_wconf 85' lang='lat' dir='ltr'><strong>eamque</strong></span> <span class='ocrx_word' id='word_1_43' title='bbox 1371 961 1616 1015; x_wconf 89' lang='lat' dir='ltr'><strong>magnam</strong></span> <span class='ocrx_word' id='word_1_44' title='bbox 1666 945 1916 998; x_wconf 85' lang='lat' dir='ltr'><strong>virtutem</strong></span> 
     </span>
    </p>
   </div>
   <div class='ocr_carea' id='block_1_8' title="bbox 327 1029 1918 1104">
    <p class='ocr_par' dir='ltr' id='par_1_8' title="bbox 327 1029 1918 1104">
     <span class='ocr_line' id='line_1_8' title="bbox 327 1029 1918 1104; baseline 0.005 -22"><span class='ocrx_word' id='word_1_45' title='bbox 327 1045 482 1084; x_wconf 79' lang='lat' dir='ltr'><strong>suaui</strong></span> <span class='ocrx_word' id='word_1_46' title='bbox 510 1029 780 1100; x_wconf 79' lang='lat' dir='ltr'><strong>patefecit.</strong></span> <span class='ocrx_word' id='word_1_47' title='bbox 811 1031 941 1098; x_wconf 87' lang='lat' dir='ltr'><strong>Quia</strong></span> <span class='ocrx_word' id='word_1_48' title='bbox 977 1033 1118 1087; x_wconf 90' lang='lat' dir='ltr'><strong>enim</strong></span> <span class='ocrx_word' id='word_1_49' title='bbox 1155 1035 1307 1088; x_wconf 89' lang='lat' dir='ltr'><strong>multi</strong></span> <span class='ocrx_word' id='word_1_50' title='bbox 1351 1035 1635 1104; x_wconf 86' lang='lat' dir='ltr'><strong>principes,</strong></span> <span class='ocrx_word' id='word_1_51' title='bbox 1666 1035 1792 1089; x_wconf 90' lang='lat' dir='ltr'><strong>dum</strong></span> <span class='ocrx_word' id='word_1_52' title='bbox 1835 1035 1918 1090; x_wconf 84' lang='lat' dir='ltr'><strong>fu-</strong></span> 
     </span>
    </p>
   </div>
   <div class='ocr_carea' id='block_1_9' title="bbox 327 1123 1916 1197">
    <p class='ocr_par' dir='ltr' id='par_1_9' title="bbox 327 1123 1916 1197">
     <span class='ocr_line' id='line_1_9' title="bbox 327 1123 1916 1197; baseline 0.005 -23"><span class='ocrx_word' id='word_1_53' title='bbox 327 1130 534 1187; x_wconf 87' lang='lat' dir='ltr'><strong>rantur,</strong></span> <span class='ocrx_word' id='word_1_54' title='bbox 577 1123 839 1178; x_wconf 86' lang='lat' dir='ltr'><strong>mansueti</strong></span> <span class='ocrx_word' id='word_1_55' title='bbox 872 1133 992 1179; x_wconf 91' lang='lat' dir='ltr'><strong>sunt</strong></span> <span class='ocrx_word' id='word_1_56' title='bbox 1032 1134 1086 1180; x_wconf 90' lang='lat' dir='ltr'><strong>et</strong></span> <span class='ocrx_word' id='word_1_57' title='bbox 1131 1126 1410 1193; x_wconf 84' lang='lat' dir='ltr'><strong>moderati,</strong></span> <span class='ocrx_word' id='word_1_58' title='bbox 1455 1142 1560 1181; x_wconf 88' lang='lat' dir='ltr'><strong>non</strong></span> <span class='ocrx_word' id='word_1_59' title='bbox 1600 1136 1786 1197; x_wconf 89' lang='lat' dir='ltr'><strong>suapte</strong></span> <span class='ocrx_word' id='word_1_60' title='bbox 1824 1143 1916 1182; x_wconf 88' lang='lat' dir='ltr'><strong>na-</strong></span> 
     </span>
    </p>
   </div>
   <div class='ocr_carea' id='block_1_10' title="bbox 329 1211 1913 1287">
    <p class='ocr_par' dir='ltr' id='par_1_10' title="bbox 329 1211 1913 1287">
     <span class='ocr_line' id='line_1_10' title="bbox 329 1211 1913 1287; baseline 0.006 -24"><span class='ocrx_word' id='word_1_61' title='bbox 329 1218 469 1278; x_wconf 84' lang='lat' dir='ltr'><strong>tura,</strong></span> <span class='ocrx_word' id='word_1_62' title='bbox 499 1211 594 1266; x_wconf 91' lang='lat' dir='ltr'><strong>sed</strong></span> <span class='ocrx_word' id='word_1_63' title='bbox 624 1221 847 1282; x_wconf 80' lang='lat' dir='ltr'><strong>cogente</strong></span> <span class='ocrx_word' id='word_1_64' title='bbox 871 1213 1217 1281; x_wconf 85' lang='lat' dir='ltr'><strong>conscientia,</strong></span> <span class='ocrx_word' id='word_1_65' title='bbox 1261 1217 1402 1287; x_wconf 92' lang='lat' dir='ltr'><strong>quod</strong></span> <span class='ocrx_word' id='word_1_66' title='bbox 1441 1217 1645 1272; x_wconf 91' lang='lat' dir='ltr'><strong>scilicet</strong></span> <span class='ocrx_word' id='word_1_67' title='bbox 1683 1217 1787 1272; x_wconf 90' lang='lat' dir='ltr'><strong>illis</strong></span> <span class='ocrx_word' id='word_1_68' title='bbox 1816 1217 1913 1272; x_wconf 89' lang='lat' dir='ltr'><strong>ad-</strong></span> 
     </span>
    </p>
   </div>
   <div class='ocr_carea' id='block_1_11' title="bbox 304 1302 1911 1378">
    <p class='ocr_par' dir='ltr' id='par_1_11' title="bbox 304 1302 1911 1378">
     <span class='ocr_line' id='line_1_11' title="bbox 304 1302 1911 1378; baseline 0.006 -25"><span class='ocrx_word' id='word_1_69' title='bbox 304 1336 307 1339; x_wconf 83' lang='lat'><strong><em>-</em></strong></span> <span class='ocrx_word' id='word_1_70' title='bbox 332 1302 557 1356; x_wconf 88' lang='lat' dir='ltr'><strong>missum</strong></span> <span class='ocrx_word' id='word_1_71' title='bbox 586 1303 781 1357; x_wconf 90' lang='lat' dir='ltr'><strong>furtum</strong></span> <span class='ocrx_word' id='word_1_72' title='bbox 810 1304 1057 1360; x_wconf 76' lang='lat' dir='ltr'><strong>fiduciam</strong></span> <span class='ocrx_word' id='word_1_73' title='bbox 1085 1307 1234 1360; x_wconf 90' lang='lat' dir='ltr'><strong>tollat</strong></span> <span class='ocrx_word' id='word_1_74' title='bbox 1261 1325 1273 1361; x_wconf 87' lang='lat'><strong>:</strong></span> <span class='ocrx_word' id='word_1_75' title='bbox 1306 1317 1490 1362; x_wconf 90' lang='lat' dir='ltr'><strong>contra</strong></span> <span class='ocrx_word' id='word_1_76' title='bbox 1519 1323 1647 1362; x_wconf 91' lang='lat' dir='ltr'><strong>vero</strong></span> <span class='ocrx_word' id='word_1_77' title='bbox 1674 1311 1762 1378; x_wconf 85' lang='lat' dir='ltr'><strong>qui</strong></span> <span class='ocrx_word' id='word_1_78' title='bbox 1792 1324 1911 1362; x_wconf 90' lang='lat' dir='ltr'><strong>mu-</strong></span> 
     </span>
    </p>
   </div>
   <div class='ocr_carea' id='block_1_12' title="bbox 329 1397 1912 1469">
    <p class='ocr_par' dir='ltr' id='par_1_12' title="bbox 329 1397 1912 1469">
     <span class='ocr_line' id='line_1_12' title="bbox 329 1397 1912 1469; baseline 0.004 -23"><span class='ocrx_word' id='word_1_79' title='bbox 329 1407 457 1447; x_wconf 85' lang='lat' dir='ltr'><strong>nera</strong></span> <span class='ocrx_word' id='word_1_80' title='bbox 495 1406 831 1462; x_wconf 80' lang='lat' dir='ltr'><strong>aversantur,</strong></span> <span class='ocrx_word' id='word_1_81' title='bbox 874 1397 1085 1451; x_wconf 86' lang='lat' dir='ltr'><strong>molesti</strong></span> <span class='ocrx_word' id='word_1_82' title='bbox 1128 1399 1450 1469; x_wconf 85' lang='lat' dir='ltr'><strong>onerosique</strong></span> <span class='ocrx_word' id='word_1_83' title='bbox 1486 1407 1630 1466; x_wconf 88' lang='lat' dir='ltr'><strong>sunt,</strong></span> <span class='ocrx_word' id='word_1_84' title='bbox 1678 1414 1778 1454; x_wconf 92' lang='lat' dir='ltr'><strong>nec</strong></span> <span class='ocrx_word' id='word_1_85' title='bbox 1813 1399 1912 1468; x_wconf 86' lang='lat' dir='ltr'><strong>ipsi</strong></span> 
     </span>
    </p>
   </div>
   <div class='ocr_carea' id='block_1_13' title="bbox 325 1485 1909 1560">
    <p class='ocr_par' dir='ltr' id='par_1_13' title="bbox 325 1485 1909 1560">
     <span class='ocr_line' id='line_1_13' title="bbox 325 1485 1909 1560; baseline 0.006 -26"><span class='ocrx_word' id='word_1_86' title='bbox 325 1493 514 1552; x_wconf 84' lang='lat' dir='ltr'><strong>suapte</strong></span> <span class='ocrx_word' id='word_1_87' title='bbox 547 1491 758 1553; x_wconf 76' lang='lat' dir='ltr'><strong>natura,</strong></span> <span class='ocrx_word' id='word_1_88' title='bbox 787 1485 882 1540; x_wconf 90' lang='lat' dir='ltr'><strong>sed</strong></span> <span class='ocrx_word' id='word_1_89' title='bbox 920 1501 984 1542; x_wconf 82' lang='lat' dir='ltr'><strong>ex</strong></span> <span class='ocrx_word' id='word_1_90' title='bbox 1015 1487 1243 1558; x_wconf 89' lang='lat' dir='ltr'><strong>quadam</strong></span> <span class='ocrx_word' id='word_1_91' title='bbox 1285 1504 1417 1543; x_wconf 84' lang='lat' dir='ltr'><strong>vana</strong></span> <span class='ocrx_word' id='word_1_92' title='bbox 1450 1490 1640 1560; x_wconf 83' lang='lat' dir='ltr'><strong>gloria,</strong></span> <span class='ocrx_word' id='word_1_93' title='bbox 1686 1498 1738 1544; x_wconf 91' lang='lat' dir='ltr'><strong>et</strong></span> <span class='ocrx_word' id='word_1_94' title='bbox 1767 1491 1909 1560; x_wconf 91' lang='lat' dir='ltr'><strong>quod</strong></span> 
     </span>
    </p>
   </div>
   <div class='ocr_carea' id='block_1_14' title="bbox 326 1573 1924 1650">
    <p class='ocr_par' dir='ltr' id='par_1_14' title="bbox 326 1573 1924 1650">
     <span class='ocr_line' id='line_1_14' title="bbox 326 1573 1924 1650; baseline 0.008 -26"><span class='ocrx_word' id='word_1_95' title='bbox 326 1573 637 1628; x_wconf 87' lang='lat' dir='ltr'><strong>muneribus</strong></span> <span class='ocrx_word' id='word_1_96' title='bbox 660 1576 812 1630; x_wconf 82' lang='lat' dir='ltr'><strong>vacui</strong></span> <span class='ocrx_word' id='word_1_97' title='bbox 840 1577 949 1630; x_wconf 91' lang='lat' dir='ltr'><strong>sint</strong></span> <span class='ocrx_word' id='word_1_98' title='bbox 983 1595 998 1631; x_wconf 90' lang='lat'><strong>:</strong></span> <span class='ocrx_word' id='word_1_99' title='bbox 1043 1587 1268 1650; x_wconf 87' lang='lat' dir='ltr'><strong>utraque</strong></span> <span class='ocrx_word' id='word_1_100' title='bbox 1306 1589 1484 1634; x_wconf 89' lang='lat' dir='ltr'><strong>autem</strong></span> <span class='ocrx_word' id='word_1_101' title='bbox 1526 1581 1663 1635; x_wconf 89' lang='lat' dir='ltr'><strong>mala</strong></span> <span class='ocrx_word' id='word_1_102' title='bbox 1707 1581 1758 1636; x_wconf 91' lang='lat' dir='ltr'><strong>in</strong></span> <span class='ocrx_word' id='word_1_103' title='bbox 1803 1592 1924 1636; x_wconf 78' lang='lat' dir='ltr'><strong>uno</strong></span> 
     </span>
    </p>
   </div>
   <div class='ocr_carea' id='block_1_15' title="bbox 321 1666 1909 1728">
    <p class='ocr_par' dir='ltr' id='par_1_15' title="bbox 321 1666 1909 1728">
     <span class='ocr_line' id='line_1_15' title="bbox 321 1666 1909 1728; baseline 0.007 -12"><span class='ocrx_word' id='word_1_104' title='bbox 321 1677 649 1720; x_wconf 87' lang='lat' dir='ltr'><strong>concurrere</strong></span> <span class='ocrx_word' id='word_1_105' title='bbox 673 1681 779 1720; x_wconf 90' lang='lat' dir='ltr'><strong>non</strong></span> <span class='ocrx_word' id='word_1_106' title='bbox 809 1666 965 1723; x_wconf 90' lang='lat' dir='ltr'><strong>facile</strong></span> <span class='ocrx_word' id='word_1_107' title='bbox 990 1669 1172 1724; x_wconf 88' lang='lat' dir='ltr'><strong>videas</strong></span> <span class='ocrx_word' id='word_1_108' title='bbox 1221 1690 1234 1724; x_wconf 86' lang='lat'><strong>:</strong></span> <span class='ocrx_word' id='word_1_109' title='bbox 1277 1686 1398 1725; x_wconf 91' lang='lat' dir='ltr'><strong>cum</strong></span> <span class='ocrx_word' id='word_1_110' title='bbox 1435 1672 1717 1727; x_wconf 89' lang='lat' dir='ltr'><strong>ostendere</strong></span> <span class='ocrx_word' id='word_1_111' title='bbox 1751 1673 1909 1728; x_wconf 86' lang='lat' dir='ltr'><strong>vellet</strong></span> 
     </span>
    </p>
   </div>
   <div class='ocr_carea' id='block_1_16' title="bbox 323 1752 1904 1831">
    <p class='ocr_par' dir='ltr' id='par_1_16' title="bbox 323 1752 1904 1831">
     <span class='ocr_line' id='line_1_16' title="bbox 323 1752 1904 1831; baseline 0.009 -28"><span class='ocrx_word' id='word_1_112' title='bbox 323 1752 406 1805; x_wconf 91' lang='lat' dir='ltr'><strong>vir</strong></span> <span class='ocrx_word' id='word_1_113' title='bbox 433 1752 520 1808; x_wconf 93' lang='lat' dir='ltr'><strong>ille</strong></span> <span class='ocrx_word' id='word_1_114' title='bbox 557 1765 793 1823; x_wconf 88' lang='lat' dir='ltr'><strong>sanctus,</strong></span> <span class='ocrx_word' id='word_1_115' title='bbox 843 1771 901 1813; x_wconf 87' lang='lat' dir='ltr'><strong>se</strong></span> <span class='ocrx_word' id='word_1_116' title='bbox 943 1767 997 1813; x_wconf 92' lang='lat' dir='ltr'><strong>et</strong></span> <span class='ocrx_word' id='word_1_117' title='bbox 1030 1761 1340 1815; x_wconf 90' lang='lat' dir='ltr'><strong>muneribus</strong></span> <span class='ocrx_word' id='word_1_118' title='bbox 1368 1770 1420 1815; x_wconf 93' lang='lat' dir='ltr'><strong>et</strong></span> <span class='ocrx_word' id='word_1_119' title='bbox 1456 1762 1532 1816; x_wconf 89' lang='lat' dir='ltr'><strong>ira</strong></span> <span class='ocrx_word' id='word_1_120' title='bbox 1577 1763 1904 1831; x_wconf 89' lang='lat' dir='ltr'><strong>superiorem</strong></span> 
     </span>
    </p>
   </div>
   <div class='ocr_carea' id='block_1_17' title="bbox 322 1841 1908 1922">
    <p class='ocr_par' dir='ltr' id='par_1_17' title="bbox 322 1841 1908 1922">
     <span class='ocr_line' id='line_1_17' title="bbox 322 1841 1908 1922; baseline 0.009 -29"><span class='ocrx_word' id='word_1_121' title='bbox 322 1841 506 1910; x_wconf 89' lang='lat' dir='ltr'><strong>fuisse,</strong></span> <span class='ocrx_word' id='word_1_122' title='bbox 545 1845 633 1899; x_wconf 88' lang='lat' dir='ltr'><strong>ubi</strong></span> <span class='ocrx_word' id='word_1_123' title='bbox 663 1846 905 1915; x_wconf 81' lang='lat' dir='ltr'><strong>dixisset,</strong></span> <span class='ocrx_word' id='word_1_124' title='bbox 952 1849 1096 1902; x_wconf 82' lang='lat' dir='ltr'><strong>Num</strong></span> <span class='ocrx_word' id='word_1_125' title='bbox 1139 1851 1348 1905; x_wconf 78' lang='lat' dir='ltr'><strong>vitulum</strong></span> <span class='ocrx_word' id='word_1_126' title='bbox 1385 1853 1655 1922; x_wconf 76' lang='lat' dir='ltr'><strong>cujusdam</strong></span> <span class='ocrx_word' id='word_1_127' title='bbox 1692 1864 1908 1908; x_wconf 85' lang='lat' dir='ltr'><strong>vestrum</strong></span> 
     </span>
    </p>
   </div>
   <div class='ocr_carea' id='block_1_18' title="bbox 319 1934 1904 2014">
    <p class='ocr_par' dir='ltr' id='par_1_18' title="bbox 319 1934 1904 2014">
     <span class='ocr_line' id='line_1_18' title="bbox 319 1934 1904 2014; baseline 0.009 -31"><span class='ocrx_word' id='word_1_128' title='bbox 319 1934 528 2003; x_wconf 83' lang='lat' dir='ltr'><strong>accepi?</strong></span> <span class='ocrx_word' id='word_1_129' title='bbox 555 1952 658 1990; x_wconf 90' lang='lat' dir='ltr'><strong>non</strong></span> <span class='ocrx_word' id='word_1_130' title='bbox 688 1939 867 2002; x_wconf 83' lang='lat' dir='ltr'><strong>tacuit,</strong></span> <span class='ocrx_word' id='word_1_131' title='bbox 900 1939 992 1994; x_wconf 90' lang='lat' dir='ltr'><strong>sed</strong></span> <span class='ocrx_word' id='word_1_132' title='bbox 1022 1941 1315 2008; x_wconf 84' lang='lat' dir='ltr'><strong>subjunxit,</strong></span> <span class='ocrx_word' id='word_1_133' title='bbox 1347 1944 1448 1996; x_wconf 82' lang='lat' dir='ltr'><strong>Aut</strong></span> <span class='ocrx_word' id='word_1_134' title='bbox 1476 1946 1703 2014; x_wconf 75' lang='lat' dir='ltr'><strong>oppressi</strong></span> <span class='ocrx_word' id='word_1_135' title='bbox 1728 1963 1904 2014; x_wconf 84' lang='lat' dir='ltr'><strong>quem-</strong></span> 
     </span>
    </p>
   </div>
   <div class='ocr_carea' id='block_1_19' title="bbox 319 2022 1904 2104">
    <p class='ocr_par' dir='ltr' id='par_1_19' title="bbox 319 2022 1904 2104">
     <span class='ocr_line' id='line_1_19' title="bbox 319 2022 1904 2104; baseline 0.011 -31"><span class='ocrx_word' id='word_1_136' title='bbox 319 2022 458 2090; x_wconf 86' lang='lat' dir='ltr'><strong>piam</strong></span> <span class='ocrx_word' id='word_1_137' title='bbox 488 2028 866 2096; x_wconf 60' lang='lat' dir='ltr'><strong>vestrum?:aut</strong></span> <span class='ocrx_word' id='word_1_138' title='bbox 908 2028 1152 2100; x_wconf 76' lang='lat' dir='ltr'><strong>depressi,</strong></span> <span class='ocrx_word' id='word_1_139' title='bbox 1200 2031 1253 2086; x_wconf 89' lang='lat' dir='ltr'><strong>id</strong></span> <span class='ocrx_word' id='word_1_140' title='bbox 1293 2041 1393 2096; x_wconf 91' lang='lat' dir='ltr'><strong>est,</strong></span> <span class='ocrx_word' id='word_1_141' title='bbox 1438 2034 1700 2088; x_wconf 80' lang='lat' dir='ltr'><strong>contrivi?</strong></span> <span class='ocrx_word' id='word_1_142' title='bbox 1738 2037 1904 2104; x_wconf 84' lang='lat' dir='ltr'><strong>Hujus</strong></span> 
     </span>
    </p>
   </div>
   <div class='ocr_carea' id='block_1_20' title="bbox 319 2116 1902 2197">
    <p class='ocr_par' dir='ltr' id='par_1_20' title="bbox 319 2116 1902 2197">
     <span class='ocr_line' id='line_1_20' title="bbox 319 2116 1902 2197; baseline 0.01 -30"><span class='ocrx_word' id='word_1_143' title='bbox 319 2129 481 2183; x_wconf 87' lang='lat' dir='ltr'><strong>porro</strong></span> <span class='ocrx_word' id='word_1_144' title='bbox 503 2116 628 2172; x_wconf 86' lang='lat' dir='ltr'><strong>dicti</strong></span> <span class='ocrx_word' id='word_1_145' title='bbox 650 2133 842 2175; x_wconf 89' lang='lat' dir='ltr'><strong>sensus</strong></span> <span class='ocrx_word' id='word_1_146' title='bbox 865 2131 948 2177; x_wconf 91' lang='lat' dir='ltr'><strong>est</strong></span> <span class='ocrx_word' id='word_1_147' title='bbox 971 2141 984 2176; x_wconf 91' lang='lat'>:</span> <span class='ocrx_word' id='word_1_148' title='bbox 1010 2122 1177 2178; x_wconf 82' lang='lat' dir='ltr'><strong>Nemo</strong></span> <span class='ocrx_word' id='word_1_149' title='bbox 1199 2123 1325 2179; x_wconf 90' lang='lat' dir='ltr'><strong>illud</strong></span> <span class='ocrx_word' id='word_1_150' title='bbox 1353 2125 1530 2180; x_wconf 89' lang='lat' dir='ltr'><strong>dicere</strong></span> <span class='ocrx_word' id='word_1_151' title='bbox 1552 2128 1734 2196; x_wconf 90' lang='lat' dir='ltr'><strong>possit,</strong></span> <span class='ocrx_word' id='word_1_152' title='bbox 1761 2129 1902 2197; x_wconf 90' lang='lat' dir='ltr'><strong>quod</strong></span> 
     </span>
    </p>
   </div>
   <div class='ocr_carea' id='block_1_21' title="bbox 318 2211 1901 2287">
    <p class='ocr_par' dir='ltr' id='par_1_21' title="bbox 318 2211 1901 2287">
     <span class='ocr_line' id='line_1_21' title="bbox 318 2211 1901 2287; baseline 0.011 -30"><span class='ocrx_word' id='word_1_153' title='bbox 318 2219 425 2260; x_wconf 92' lang='lat' dir='ltr'><strong>non</strong></span> <span class='ocrx_word' id='word_1_154' title='bbox 443 2211 738 2279; x_wconf 89' lang='lat' dir='ltr'><strong>acceperim</strong></span> <span class='ocrx_word' id='word_1_155' title='bbox 765 2213 1000 2281; x_wconf 87' lang='lat' dir='ltr'><strong>quidem,</strong></span> <span class='ocrx_word' id='word_1_156' title='bbox 1032 2214 1124 2268; x_wconf 84' lang='lat' dir='ltr'><strong>sed</strong></span> <span class='ocrx_word' id='word_1_157' title='bbox 1148 2216 1271 2285; x_wconf 88' lang='lat' dir='ltr'><strong>quia</strong></span> <span class='ocrx_word' id='word_1_158' title='bbox 1295 2231 1400 2271; x_wconf 93' lang='lat' dir='ltr'><strong>non</strong></span> <span class='ocrx_word' id='word_1_159' title='bbox 1426 2232 1757 2287; x_wconf 87' lang='lat' dir='ltr'><strong>acceperam,</strong></span> <span class='ocrx_word' id='word_1_160' title='bbox 1784 2219 1901 2275; x_wconf 91' lang='lat' dir='ltr'><strong>ideo</strong></span> 
     </span>
    </p>
   </div>
   <div class='ocr_carea' id='block_1_22' title="bbox 314 2299 1898 2369">
    <p class='ocr_par' dir='ltr' id='par_1_22' title="bbox 314 2299 1898 2369">
     <span class='ocr_line' id='line_1_22' title="bbox 314 2299 1898 2369; baseline 0.009 -20"><span class='ocrx_word' id='word_1_161' title='bbox 314 2299 510 2364; x_wconf 79' lang='lat' dir='ltr'><strong>gravis,</strong></span> <span class='ocrx_word' id='word_1_162' title='bbox 541 2301 820 2369; x_wconf 92' lang='lat' dir='ltr'><strong>molestus,</strong></span> <span class='ocrx_word' id='word_1_163' title='bbox 865 2304 1094 2360; x_wconf 88' lang='lat' dir='ltr'><strong>crudelis</strong></span> <span class='ocrx_word' id='word_1_164' title='bbox 1139 2311 1193 2360; x_wconf 91' lang='lat' dir='ltr'><strong>et</strong></span> <span class='ocrx_word' id='word_1_165' title='bbox 1239 2307 1485 2361; x_wconf 89' lang='lat' dir='ltr'><strong>immanis</strong></span> <span class='ocrx_word' id='word_1_166' title='bbox 1523 2308 1734 2363; x_wconf 83' lang='lat' dir='ltr'><strong>fuerim.</strong></span> <span class='ocrx_word' id='word_1_167' title='bbox 1765 2310 1898 2364; x_wconf 87' lang='lat' dir='ltr'><strong>Pro-</strong></span> 
     </span>
    </p>
   </div>
   <div class='ocr_carea' id='block_1_23' title="bbox 317 2389 1899 2469">
    <p class='ocr_par' dir='ltr' id='par_1_23' title="bbox 317 2389 1899 2469">
     <span class='ocr_line' id='line_1_23' title="bbox 317 2389 1899 2469; baseline 0.009 -29"><span class='ocrx_word' id='word_1_168' title='bbox 317 2397 500 2454; x_wconf 87' lang='lat' dir='ltr'><strong>pterea</strong></span> <span class='ocrx_word' id='word_1_169' title='bbox 549 2389 761 2445; x_wconf 89' lang='lat' dir='ltr'><strong>dicebat</strong></span> <span class='ocrx_word' id='word_1_170' title='bbox 807 2409 822 2446; x_wconf 89' lang='lat'><strong>:</strong></span> <span class='ocrx_word' id='word_1_171' title='bbox 875 2392 1016 2446; x_wconf 86' lang='lat' dir='ltr'><strong>Num</strong></span> <span class='ocrx_word' id='word_1_172' title='bbox 1066 2397 1293 2466; x_wconf 74' lang='lat' dir='ltr'><strong>Oppressi</strong></span> <span class='ocrx_word' id='word_1_173' title='bbox 1346 2399 1634 2469; x_wconf 84' lang='lat' dir='ltr'><strong>quempiam</strong></span> <span class='ocrx_word' id='word_1_174' title='bbox 1681 2411 1899 2455; x_wconf 75' lang='lat' dir='ltr'><strong>vestrum</strong></span> 
     </span>
    </p>
   </div>
   <div class='ocr_carea' id='block_1_24' title="bbox 313 2478 1897 2560">
    <p class='ocr_par' dir='ltr' id='par_1_24' title="bbox 313 2478 1897 2560">
     <span class='ocr_line' id='line_1_24' title="bbox 313 2478 1897 2560; baseline 0.009 -28"><span class='ocrx_word' id='word_1_175' title='bbox 313 2478 392 2549; x_wconf 78' lang='lat' dir='ltr'><strong>(l.</strong></span> <span class='ocrx_word' id='word_1_176' title='bbox 439 2480 568 2551; x_wconf 83' lang='lat' dir='ltr'><strong>Reg.</strong></span> <span class='ocrx_word' id='word_1_177' title='bbox 623 2482 709 2537; x_wconf 74' lang='grc'><strong>12.</strong></span> <span class='ocrx_word' id='word_1_178' title='bbox 744 2483 890 2556; x_wconf 76' lang='grc'><strong>5-4).</strong></span> <span class='ocrx_word' id='word_1_179' title='bbox 927 2486 1062 2552; x_wconf 89' lang='lat' dir='ltr'><strong>Quid</strong></span> <span class='ocrx_word' id='word_1_180' title='bbox 1100 2487 1259 2556; x_wconf 81' lang='lat' dir='ltr'><strong>igitur</strong></span> <span class='ocrx_word' id='word_1_181' title='bbox 1297 2488 1412 2542; x_wconf 85' lang='lat' dir='ltr'><strong>illi?</strong></span> <span class='ocrx_word' id='word_1_182' title='bbox 1445 2488 1567 2542; x_wconf 88' lang='lat' dir='ltr'><strong>Non</strong></span> <span class='ocrx_word' id='word_1_183' title='bbox 1607 2494 1897 2560; x_wconf 87' lang='lat' dir='ltr'><strong>oppressisti</strong></span> 
     </span>
    </p>
   </div>
   <div class='ocr_carea' id='block_1_25' title="bbox 312 2576 1892 2653">
    <p class='ocr_par' dir='ltr' id='par_1_25' title="bbox 312 2576 1892 2653">
     <span class='ocr_line' id='line_1_25' title="bbox 312 2576 1892 2653; baseline 0.009 -32"><span class='ocrx_word' id='word_1_184' title='bbox 312 2584 426 2637; x_wconf 88' lang='lat' dir='ltr'><strong>nos,</strong></span> <span class='ocrx_word' id='word_1_185' title='bbox 457 2587 615 2641; x_wconf 88' lang='lat' dir='ltr'><strong>neque</strong></span> <span class='ocrx_word' id='word_1_186' title='bbox 640 2576 849 2638; x_wconf 76' lang='lat' dir='ltr'><strong>vexasti,</strong></span> <span class='ocrx_word' id='word_1_187' title='bbox 881 2592 971 2630; x_wconf 86' lang='lat' dir='ltr'><strong>nec</strong></span> <span class='ocrx_word' id='word_1_188' title='bbox 996 2579 1234 2648; x_wconf 87' lang='lat' dir='ltr'><strong>accepisti</strong></span> <span class='ocrx_word' id='word_1_189' title='bbox 1259 2595 1322 2633; x_wconf 74' lang='lat' dir='ltr'><strong>ea:</strong></span> <span class='ocrx_word' id='word_1_190' title='bbox 1347 2596 1500 2634; x_wconf 86' lang='lat' dir='ltr'><strong>manu</strong></span> <span class='ocrx_word' id='word_1_191' title='bbox 1539 2592 1710 2636; x_wconf 84' lang='lat' dir='ltr'><strong>nostra</strong></span> <span class='ocrx_word' id='word_1_192' title='bbox 1743 2583 1892 2653; x_wconf 86' lang='lat' dir='ltr'><strong>quid-</strong></span> 
     </span>
    </p>
   </div>
   <div class='ocr_carea' id='block_1_26' title="bbox 309 2659 1894 2741">
    <p class='ocr_par' dir='ltr' id='par_1_26' title="bbox 309 2659 1894 2741">
     <span class='ocr_line' id='line_1_26' title="bbox 309 2659 1894 2741; baseline 0.013 -31"><span class='ocrx_word' id='word_1_193' title='bbox 309 2659 469 2728; x_wconf 86' lang='lat' dir='ltr'><strong>piam.</strong></span> <span class='ocrx_word' id='word_1_194' title='bbox 523 2661 590 2716; x_wconf 90' lang='lat' dir='ltr'><strong>Et</strong></span> <span class='ocrx_word' id='word_1_195' title='bbox 629 2673 687 2716; x_wconf 93' lang='lat' dir='ltr'><strong>ut</strong></span> <span class='ocrx_word' id='word_1_196' title='bbox 729 2665 903 2720; x_wconf 90' lang='lat' dir='ltr'><strong>discas</strong></span> <span class='ocrx_word' id='word_1_197' title='bbox 953 2667 1104 2722; x_wconf 92' lang='lat' dir='ltr'><strong>illum</strong></span> <span class='ocrx_word' id='word_1_198' title='bbox 1154 2679 1211 2722; x_wconf 93' lang='lat' dir='ltr'><strong>ut</strong></span> <span class='ocrx_word' id='word_1_199' title='bbox 1263 2686 1440 2741; x_wconf 84' lang='lat' dir='ltr'><strong>regem</strong></span> <span class='ocrx_word' id='word_1_200' title='bbox 1492 2673 1728 2728; x_wconf 90' lang='lat' dir='ltr'><strong>crudiret</strong></span> <span class='ocrx_word' id='word_1_201' title='bbox 1779 2674 1894 2731; x_wconf 66' lang='lat' dir='ltr'><strong>hinc</strong></span> 
     </span>
    </p>
   </div>
   <div class='ocr_carea' id='block_1_27' title="bbox 307 2748 1892 2828">
    <p class='ocr_par' dir='ltr' id='par_1_27' title="bbox 307 2748 1892 2828">
     <span class='ocr_line' id='line_1_27' title="bbox 307 2748 1892 2828; baseline 0.012 -27"><span class='ocrx_word' id='word_1_202' title='bbox 307 2748 528 2816; x_wconf 79' lang='lat' dir='ltr'><strong>dixisse,</strong></span> <span class='ocrx_word' id='word_1_203' title='bbox 559 2753 830 2821; x_wconf 83' lang='lat' dir='ltr'><strong>subjunxit</strong></span> <span class='ocrx_word' id='word_1_204' title='bbox 870 2770 886 2809; x_wconf 88' lang='lat'><strong>:</strong></span> <span class='ocrx_word' id='word_1_205' title='bbox 933 2755 1092 2811; x_wconf 83' lang='lat' dir='ltr'><strong>Testis</strong></span> <span class='ocrx_word' id='word_1_206' title='bbox 1128 2756 1396 2828; x_wconf 80' lang='lat' dir='ltr'><strong>Dominus,</strong></span> <span class='ocrx_word' id='word_1_207' title='bbox 1425 2770 1473 2814; x_wconf 87' lang='lat' dir='ltr'><strong>et</strong></span> <span class='ocrx_word' id='word_1_208' title='bbox 1514 2764 1650 2816; x_wconf 86' lang='lat' dir='ltr'><strong>testis</strong></span> <span class='ocrx_word' id='word_1_209' title='bbox 1677 2764 1892 2820; x_wconf 67' lang='lat' dir='ltr'><strong>claristus</strong></span> 
     </span>
    </p>
   </div>
   <div class='ocr_carea' id='block_1_28' title="bbox 304 2841 1888 2922">
    <p class='ocr_par' dir='ltr' id='par_1_28' title="bbox 304 2841 1888 2922">
     <span class='ocr_line' id='line_1_28' title="bbox 304 2841 1888 2922; baseline 0.011 -30"><span class='ocrx_word' id='word_1_210' title='bbox 304 2841 420 2908; x_wconf 83' lang='lat' dir='ltr'><strong>ejus</strong></span> <span class='ocrx_word' id='word_1_211' title='bbox 441 2842 546 2910; x_wconf 81' lang='lat' dir='ltr'><strong>(Ib.</strong></span> <span class='ocrx_word' id='word_1_212' title='bbox 572 2859 618 2896; x_wconf 86' lang='grc' dir='ltr'><strong>υ.</strong></span> <span class='ocrx_word' id='word_1_213' title='bbox 647 2845 701 2914; x_wconf 83' lang='grc'>5)</span> <span class='ocrx_word' id='word_1_214' title='bbox 730 2862 745 2900; x_wconf 89' lang='lat'><strong>:</strong></span> <span class='ocrx_word' id='word_1_215' title='bbox 773 2845 872 2901; x_wconf 84' lang='lat' dir='ltr'><strong>lioc</strong></span> <span class='ocrx_word' id='word_1_216' title='bbox 895 2857 1070 2903; x_wconf 90' lang='lat' dir='ltr'><strong>autem</strong></span> <span class='ocrx_word' id='word_1_217' title='bbox 1096 2850 1568 2922; x_wconf 84' lang='lat' dir='ltr'><strong>ostendensatque</strong></span> <span class='ocrx_word' id='word_1_218' title='bbox 1589 2853 1888 2921; x_wconf 86' lang='lat' dir='ltr'><strong>declarans,</strong></span> 
     </span>
    </p>
   </div>
   <div class='ocr_carea' id='block_1_29' title="bbox 308 2935 1888 3015">
    <p class='ocr_par' dir='ltr' id='par_1_29' title="bbox 308 2935 1888 3015">
     <span class='ocr_line' id='line_1_29' title="bbox 308 2935 1888 3015; baseline 0.013 -33"><span class='ocrx_word' id='word_1_219' title='bbox 308 2945 506 3000; x_wconf 90' lang='lat' dir='ltr'><strong>nempe</strong></span> <span class='ocrx_word' id='word_1_220' title='bbox 542 2935 904 2990; x_wconf 90' lang='lat' dir='ltr'><strong>testimonium</strong></span> <span class='ocrx_word' id='word_1_221' title='bbox 951 2951 1056 2993; x_wconf 92' lang='lat' dir='ltr'><strong>non</strong></span> <span class='ocrx_word' id='word_1_222' title='bbox 1099 2939 1263 2996; x_wconf 89' lang='lat' dir='ltr'><strong>fuisse</strong></span> <span class='ocrx_word' id='word_1_223' title='bbox 1303 2942 1368 2997; x_wconf 87' lang='lat' dir='ltr'><strong>ad</strong></span> <span class='ocrx_word' id='word_1_224' title='bbox 1417 2944 1638 3014; x_wconf 79' lang='lat' dir='ltr'><strong>gratiam</strong></span> <span class='ocrx_word' id='word_1_225' title='bbox 1683 2945 1888 3015; x_wconf 88' lang='lat' dir='ltr'><strong>datum,</strong></span> 
     </span>
    </p>
   </div>
   <div class='ocr_carea' id='block_1_30' title="bbox 304 3021 1888 3108">
    <p class='ocr_par' dir='ltr' id='par_1_30' title="bbox 304 3021 1888 3108">
     <span class='ocr_line' id='line_1_30' title="bbox 304 3021 1888 3108; baseline 0.013 -33"><span class='ocrx_word' id='word_1_226' title='bbox 304 3021 481 3090; x_wconf 86' lang='lat' dir='ltr'><strong>ipsum</strong></span> <span class='ocrx_word' id='word_1_227' title='bbox 499 3024 775 3080; x_wconf 84' lang='lat' dir='ltr'><strong>advocavit</strong></span> <span class='ocrx_word' id='word_1_228' title='bbox 805 3039 1014 3094; x_wconf 91' lang='lat' dir='ltr'><strong>testem,</strong></span> <span class='ocrx_word' id='word_1_229' title='bbox 1037 3031 1125 3099; x_wconf 91' lang='lat' dir='ltr'><strong>qui</strong></span> <span class='ocrx_word' id='word_1_230' title='bbox 1144 3033 1335 3088; x_wconf 90' lang='lat' dir='ltr'><strong>mentis</strong></span> <span class='ocrx_word' id='word_1_231' title='bbox 1365 3048 1557 3090; x_wconf 89' lang='lat' dir='ltr'><strong>arcana</strong></span> <span class='ocrx_word' id='word_1_232' title='bbox 1569 3037 1888 3108; x_wconf 87' lang='lat' dir='ltr'><strong>novit,quod</strong></span> 
     </span>
    </p>
   </div>
   <div class='ocr_carea' id='block_1_31' title="bbox 299 3115 1883 3200">
    <p class='ocr_par' dir='ltr' id='par_1_31' title="bbox 299 3115 1883 3200">
     <span class='ocr_line' id='line_1_31' title="bbox 299 3115 1883 3200; baseline 0.015 -35"><span class='ocrx_word' id='word_1_233' title='bbox 299 3122 384 3166; x_wconf 83' lang='lat' dir='ltr'><strong>est</strong></span> <span class='ocrx_word' id='word_1_234' title='bbox 425 3115 633 3184; x_wconf 86' lang='lat' dir='ltr'><strong>signum</strong></span> <span class='ocrx_word' id='word_1_235' title='bbox 665 3132 810 3186; x_wconf 82' lang='lat' dir='ltr'><strong>pura:</strong></span> <span class='ocrx_word' id='word_1_236' title='bbox 849 3123 1210 3178; x_wconf 70' lang='lat' dir='ltr'><strong>conscientiae.</strong></span> <span class='ocrx_word' id='word_1_237' title='bbox 1249 3125 1419 3180; x_wconf 88' lang='lat' dir='ltr'><strong>Nemo</strong></span> <span class='ocrx_word' id='word_1_238' title='bbox 1457 3129 1674 3199; x_wconf 89' lang='lat' dir='ltr'><strong>quippe,</strong></span> <span class='ocrx_word' id='word_1_239' title='bbox 1704 3147 1883 3200; x_wconf 89' lang='lat' dir='ltr'><strong>nemo,</strong></span> 
     </span>
    </p>
   </div>
   <div class='ocr_carea' id='block_1_32' title="bbox 300 3207 1886 3282">
    <p class='ocr_par' dir='ltr' id='par_1_32' title="bbox 300 3207 1886 3282">
     <span class='ocr_line' id='line_1_32' title="bbox 300 3207 1886 3282; baseline 0.013 -23"><span class='ocrx_word' id='word_1_240' title='bbox 300 3207 403 3260; x_wconf 88' lang='lat' dir='ltr'><strong>nisi</strong></span> <span class='ocrx_word' id='word_1_241' title='bbox 432 3217 612 3263; x_wconf 89' lang='lat' dir='ltr'><strong>mente</strong></span> <span class='ocrx_word' id='word_1_242' title='bbox 657 3219 843 3279; x_wconf 90' lang='lat' dir='ltr'><strong>captus</strong></span> <span class='ocrx_word' id='word_1_243' title='bbox 875 3227 939 3267; x_wconf 91' lang='lat' dir='ltr'><strong>ac</strong></span> <span class='ocrx_word' id='word_1_244' title='bbox 981 3213 1215 3270; x_wconf 80' lang='lat' dir='ltr'><strong>furiosus</strong></span> <span class='ocrx_word' id='word_1_245' title='bbox 1259 3218 1347 3282; x_wconf 90' lang='lat' dir='ltr'><strong>sit,</strong></span> <span class='ocrx_word' id='word_1_246' title='bbox 1394 3222 1733 3276; x_wconf 77' lang='lat' dir='ltr'><strong>conscientia:</strong></span> <span class='ocrx_word' id='word_1_247' title='bbox 1775 3238 1886 3280; x_wconf 71' lang='lat' dir='ltr'><strong>sua:</strong></span> 
     </span>
    </p>
   </div>
   <div class='ocr_carea' id='block_1_33' title="bbox 309 3301 1883 3387">
    <p class='ocr_par' dir='ltr' id='par_1_33' title="bbox 309 3301 1883 3387">
     <span class='ocr_line' id='line_1_33' title="bbox 309 3301 1883 3387; baseline 0.013 -36"><span class='ocrx_word' id='word_1_248' title='bbox 309 3307 502 3355; x_wconf 89' lang='lat' dir='ltr'><strong>testem</strong></span> <span class='ocrx_word' id='word_1_249' title='bbox 542 3301 881 3360; x_wconf 85' lang='lat' dir='ltr'><strong>advocaverit</strong></span> <span class='ocrx_word' id='word_1_250' title='bbox 924 3306 1111 3374; x_wconf 89' lang='lat' dir='ltr'><strong>Deum,</strong></span> <span class='ocrx_word' id='word_1_251' title='bbox 1151 3309 1252 3364; x_wconf 91' lang='lat' dir='ltr'><strong>nisi</strong></span> <span class='ocrx_word' id='word_1_252' title='bbox 1293 3311 1359 3365; x_wconf 91' lang='lat' dir='ltr'><strong>ad</strong></span> <span class='ocrx_word' id='word_1_253' title='bbox 1397 3313 1610 3368; x_wconf 89' lang='lat' dir='ltr'><strong>modum</strong></span> <span class='ocrx_word' id='word_1_254' title='bbox 1641 3315 1739 3370; x_wconf 91' lang='lat' dir='ltr'><strong>sibi</strong></span> <span class='ocrx_word' id='word_1_255' title='bbox 1783 3316 1883 3387; x_wconf 85' lang='lat' dir='ltr'><strong>ipsi</strong></span> 
     </span>
    </p>
   </div>
   <div class='ocr_carea' id='block_1_34' title="bbox 299 3388 1881 3470">
    <p class='ocr_par' dir='ltr' id='par_1_34' title="bbox 299 3388 1881 3470">
     <span class='ocr_line' id='line_1_34' title="bbox 299 3388 1881 3470; baseline 0.015 -30"><span class='ocrx_word' id='word_1_256' title='bbox 299 3388 449 3442; x_wconf 85' lang='lat' dir='ltr'><strong>ﬁdat.</strong></span> <span class='ocrx_word' id='word_1_257' title='bbox 506 3391 639 3445; x_wconf 89' lang='lat' dir='ltr'><strong>Cum</strong></span> <span class='ocrx_word' id='word_1_258' title='bbox 699 3394 878 3464; x_wconf 90' lang='lat' dir='ltr'><strong>itaque</strong></span> <span class='ocrx_word' id='word_1_259' title='bbox 943 3397 1016 3451; x_wconf 90' lang='lat' dir='ltr'><strong>illi</strong></span> <span class='ocrx_word' id='word_1_260' title='bbox 1071 3399 1210 3454; x_wconf 89' lang='lat' dir='ltr'><strong>dicta</strong></span> <span class='ocrx_word' id='word_1_261' title='bbox 1265 3401 1430 3470; x_wconf 83' lang='lat' dir='ltr'><strong>ipsius</strong></span> <span class='ocrx_word' id='word_1_262' title='bbox 1490 3420 1587 3459; x_wconf 88' lang='lat' dir='ltr'><strong>suo</strong></span> <span class='ocrx_word' id='word_1_263' title='bbox 1643 3409 1881 3464; x_wconf 88' lang='lat' dir='ltr'><strong>testimo-</strong></span> 
     </span>
    </p>
   </div>
   <div class='ocr_carea' id='block_1_35' title="bbox 297 3479 1879 3567">
    <p class='ocr_par' dir='ltr' id='par_1_35' title="bbox 297 3479 1879 3567">
     <span class='ocr_line' id='line_1_35' title="bbox 297 3479 1879 3567; baseline 0.014 -36"><span class='ocrx_word' id='word_1_264' title='bbox 297 3479 391 3532; x_wconf 90' lang='lat' dir='ltr'><strong>nio</strong></span> <span class='ocrx_word' id='word_1_265' title='bbox 424 3481 818 3550; x_wconf 86' lang='lat' dir='ltr'><strong>confirmarent,</strong></span> <span class='ocrx_word' id='word_1_266' title='bbox 861 3487 1019 3541; x_wconf 89' lang='lat' dir='ltr'><strong>aliam</strong></span> <span class='ocrx_word' id='word_1_267' title='bbox 1067 3489 1179 3558; x_wconf 90' lang='lat' dir='ltr'><strong>ipse</strong></span> <span class='ocrx_word' id='word_1_268' title='bbox 1219 3491 1464 3548; x_wconf 89' lang='lat' dir='ltr'><strong>virtutem</strong></span> <span class='ocrx_word' id='word_1_269' title='bbox 1501 3511 1650 3550; x_wconf 89' lang='lat' dir='ltr'><strong>suam</strong></span> <span class='ocrx_word' id='word_1_270' title='bbox 1688 3499 1879 3567; x_wconf 61' lang='lat' dir='ltr'><strong>praedi-</strong></span> 
     </span>
    </p>
   </div>
   <div class='ocr_carea' id='block_1_36' title="bbox 297 3578 1877 3659">
    <p class='ocr_par' dir='ltr' id='par_1_36' title="bbox 297 3578 1877 3659">
     <span class='ocr_line' id='line_1_36' title="bbox 297 3578 1877 3659; baseline 0.015 -38"><span class='ocrx_word' id='word_1_271' title='bbox 297 3579 386 3622; x_wconf 87' lang='lat' dir='ltr'><strong>cat</strong></span> <span class='ocrx_word' id='word_1_272' title='bbox 413 3586 426 3622; x_wconf 92' lang='lat'>:</span> <span class='ocrx_word' id='word_1_273' title='bbox 458 3585 522 3624; x_wconf 89' lang='lat' dir='ltr'><strong>ac</strong></span> <span class='ocrx_word' id='word_1_274' title='bbox 553 3578 985 3632; x_wconf 87' lang='lat' dir='ltr'><strong>commemoratis</strong></span> <span class='ocrx_word' id='word_1_275' title='bbox 1020 3580 1251 3650; x_wconf 90' lang='lat' dir='ltr'><strong>antiquis</strong></span> <span class='ocrx_word' id='word_1_276' title='bbox 1277 3583 1380 3637; x_wconf 91' lang='lat' dir='ltr'><strong>illis</strong></span> <span class='ocrx_word' id='word_1_277' title='bbox 1406 3586 1672 3652; x_wconf 83' lang='lat' dir='ltr'><strong>omnibus,</strong></span> <span class='ocrx_word' id='word_1_278' title='bbox 1706 3591 1796 3659; x_wconf 88' lang='lat' dir='ltr'><strong>qui</strong></span> <span class='ocrx_word' id='word_1_279' title='bbox 1824 3591 1877 3646; x_wconf 89' lang='lat' dir='ltr'><strong>in</strong></span> 
     </span>
    </p>
   </div>
   <div class='ocr_carea' id='block_1_37' title="bbox 296 3659 1878 3753">
    <p class='ocr_par' dir='ltr' id='par_1_37' title="bbox 296 3659 1878 3753">
     <span class='ocr_line' id='line_1_37' title="bbox 296 3659 1878 3753; baseline 0.017 -41"><span class='ocrx_word' id='word_1_280' title='bbox 296 3659 528 3732; x_wconf 68' lang='lat' dir='ltr'><strong>Egypto</strong></span> <span class='ocrx_word' id='word_1_281' title='bbox 573 3664 808 3732; x_wconf 90' lang='lat' dir='ltr'><strong>fuerunt,</strong></span> <span class='ocrx_word' id='word_1_282' title='bbox 856 3685 1063 3725; x_wconf 91' lang='lat' dir='ltr'><strong>necnon</strong></span> <span class='ocrx_word' id='word_1_283' title='bbox 1111 3672 1202 3728; x_wconf 90' lang='lat' dir='ltr'><strong>Dei</strong></span> <span class='ocrx_word' id='word_1_284' title='bbox 1247 3678 1574 3746; x_wconf 87' lang='lat' dir='ltr'><strong>patrocinio,</strong></span> <span class='ocrx_word' id='word_1_285' title='bbox 1621 3680 1878 3753; x_wconf 84' lang='lat' dir='ltr'><strong>bellisque</strong></span> 
     </span>
    </p>
   </div>
   <div class='ocr_carea' id='block_1_38' title="bbox 295 3760 1876 3838">
    <p class='ocr_par' dir='ltr' id='par_1_38' title="bbox 295 3760 1876 3838">
     <span class='ocr_line' id='line_1_38' title="bbox 295 3760 1876 3838; baseline 0.018 -33"><span class='ocrx_word' id='word_1_286' title='bbox 295 3767 416 3821; x_wconf 69' lang='lat' dir='ltr'><strong>quae</strong></span> <span class='ocrx_word' id='word_1_287' title='bbox 449 3762 630 3822; x_wconf 85' lang='lat' dir='ltr'><strong>postea</strong></span> <span class='ocrx_word' id='word_1_288' title='bbox 659 3760 1014 3830; x_wconf 81' lang='lat' dir='ltr'><strong>contigerunt,</strong></span> <span class='ocrx_word' id='word_1_289' title='bbox 1046 3767 1208 3820; x_wconf 85' lang='lat' dir='ltr'><strong>refert</strong></span> <span class='ocrx_word' id='word_1_290' title='bbox 1234 3783 1460 3838; x_wconf 83' lang='lat' dir='ltr'><strong>pugnam</strong></span> <span class='ocrx_word' id='word_1_291' title='bbox 1491 3788 1548 3827; x_wconf 90' lang='lat' dir='ltr'><strong>se</strong></span> <span class='ocrx_word' id='word_1_292' title='bbox 1571 3772 1705 3829; x_wconf 86' lang='lat' dir='ltr'><strong>duce</strong></span> <span class='ocrx_word' id='word_1_293' title='bbox 1730 3791 1876 3831; x_wconf 92' lang='lat' dir='ltr'><strong>com-</strong></span> 
     </span>
    </p>
   </div>
   <div class='ocr_carea' id='block_1_39' title="bbox 295 3845 1876 3926">
    <p class='ocr_par' dir='ltr' id='par_1_39' title="bbox 295 3845 1876 3926">
     <span class='ocr_line' id='line_1_39' title="bbox 295 3845 1876 3926; baseline 0.015 -28"><span class='ocrx_word' id='word_1_294' title='bbox 295 3845 511 3900; x_wconf 82' lang='lat' dir='ltr'><strong>missam</strong></span> <span class='ocrx_word' id='word_1_295' title='bbox 556 3857 612 3903; x_wconf 89' lang='lat' dir='ltr'><strong>et</strong></span> <span class='ocrx_word' id='word_1_296' title='bbox 655 3849 932 3907; x_wconf 86' lang='lat' dir='ltr'><strong>victoriam</strong></span> <span class='ocrx_word' id='word_1_297' title='bbox 978 3855 1301 3926; x_wconf 86' lang='lat' dir='ltr'><strong>inopinatam</strong></span> <span class='ocrx_word' id='word_1_298' title='bbox 1336 3877 1348 3912; x_wconf 90' lang='lat'><strong>:</strong></span> <span class='ocrx_word' id='word_1_299' title='bbox 1388 3876 1451 3916; x_wconf 89' lang='lat' dir='ltr'><strong>ac</strong></span> <span class='ocrx_word' id='word_1_300' title='bbox 1497 3878 1615 3917; x_wconf 92' lang='lat' dir='ltr'><strong>cum</strong></span> <span class='ocrx_word' id='word_1_301' title='bbox 1654 3865 1876 3923; x_wconf 86' lang='lat' dir='ltr'><strong>dixisset</strong></span> 
     </span>
    </p>
   </div>
   <div class='ocr_carea' id='block_1_40' title="bbox 293 3937 1872 4028">
    <p class='ocr_par' dir='ltr' id='par_1_40' title="bbox 293 3937 1872 4028">
     <span class='ocr_line' id='line_1_40' title="bbox 293 3937 1872 4028; baseline 0.016 -40"><span class='ocrx_word' id='word_1_302' title='bbox 293 3937 560 4004; x_wconf 92' lang='lat' dir='ltr'><strong>quomodo</strong></span> <span class='ocrx_word' id='word_1_303' title='bbox 584 3954 727 4009; x_wconf 83' lang='lat' dir='ltr'><strong>sa:pe</strong></span> <span class='ocrx_word' id='word_1_304' title='bbox 755 3941 824 3997; x_wconf 90' lang='lat' dir='ltr'><strong>ob</strong></span> <span class='ocrx_word' id='word_1_305' title='bbox 850 3956 1066 4013; x_wconf 89' lang='lat' dir='ltr'><strong>peccata</strong></span> <span class='ocrx_word' id='word_1_306' title='bbox 1089 3962 1185 4003; x_wconf 90' lang='lat' dir='ltr'><strong>sua</strong></span> <span class='ocrx_word' id='word_1_307' title='bbox 1223 3950 1450 4009; x_wconf 89' lang='lat' dir='ltr'><strong>inimicis</strong></span> <span class='ocrx_word' id='word_1_308' title='bbox 1483 3957 1722 4023; x_wconf 88' lang='lat' dir='ltr'><strong>traditos,</strong></span> <span class='ocrx_word' id='word_1_309' title='bbox 1757 3959 1872 4028; x_wconf 91' lang='lat' dir='ltr'><strong>ipso</strong></span> 
     </span>
    </p>
   </div>
   <div class='ocr_carea' id='block_1_41' title="bbox 292 4030 1872 4110">
    <p class='ocr_par' dir='ltr' id='par_1_41' title="bbox 292 4030 1872 4110">
     <span class='ocr_line' id='line_1_41' title="bbox 292 4030 1872 4110; baseline 0.018 -32"><span class='ocrx_word' id='word_1_310' title='bbox 292 4036 568 4096; x_wconf 86' lang='lat' dir='ltr'><strong>precante,</strong></span> <span class='ocrx_word' id='word_1_311' title='bbox 599 4030 740 4087; x_wconf 82' lang='lat' dir='ltr'><strong>Deus</strong></span> <span class='ocrx_word' id='word_1_312' title='bbox 763 4034 832 4090; x_wconf 84' lang='lat' dir='ltr'><strong>ab</strong></span> <span class='ocrx_word' id='word_1_313' title='bbox 855 4035 1099 4092; x_wconf 87' lang='lat' dir='ltr'><strong>hostibus</strong></span> <span class='ocrx_word' id='word_1_314' title='bbox 1135 4040 1460 4110; x_wconf 89' lang='lat' dir='ltr'><strong>liberaverit,</strong></span> <span class='ocrx_word' id='word_1_315' title='bbox 1488 4050 1757 4104; x_wconf 86' lang='lat' dir='ltr'><strong>veteribus</strong></span> <span class='ocrx_word' id='word_1_316' title='bbox 1786 4066 1872 4106; x_wconf 91' lang='lat' dir='ltr'><strong>re-</strong></span> 
     </span>
    </p>
   </div>
   <div class='ocr_carea' id='block_1_42' title="bbox 290 4117 1862 4211">
    <p class='ocr_par' dir='ltr' id='par_1_42' title="bbox 290 4117 1862 4211">
     <span class='ocr_line' id='line_1_42' title="bbox 290 4117 1862 4211; baseline 0.017 -43"><span class='ocrx_word' id='word_1_317' title='bbox 290 4117 463 4211; x_wconf 77' lang='lat' dir='ltr'><strong>centia</strong></span> <span class='ocrx_word' id='word_1_318' title='bbox 503 4119 814 4211; x_wconf 81' lang='lat' dir='ltr'><strong>adjungens,</strong></span> <span class='ocrx_word' id='word_1_319' title='bbox 865 4125 943 4181; x_wconf 89' lang='lat' dir='ltr'><strong>sic</strong></span> <span class='ocrx_word' id='word_1_320' title='bbox 989 4127 1148 4184; x_wconf 89' lang='lat' dir='ltr'><strong>infert</strong></span> <span class='ocrx_word' id='word_1_321' title='bbox 1186 4149 1200 4187; x_wconf 89' lang='lat'><strong>:</strong></span> <span class='ocrx_word' id='word_1_322' title='bbox 1245 4132 1389 4187; x_wconf 78' lang='lat' dir='ltr'><strong>Misit</strong></span> <span class='ocrx_word' id='word_1_323' title='bbox 1423 4137 1562 4191; x_wconf 84' lang='lat' dir='ltr'><strong>Deus</strong></span> <span class='ocrx_word' id='word_1_324' title='bbox 1603 4136 1862 4211; x_wconf 83' lang='lat' dir='ltr'><strong>Jerobaal,</strong></span> 
     </span>
    </p>
   </div>
   <div class='ocr_carea' id='block_1_43' title="bbox 290 4205 1867 4300">
    <p class='ocr_par' dir='ltr' id='par_1_43' title="bbox 290 4205 1867 4300">
     <span class='ocr_line' id='line_1_43' title="bbox 290 4205 1867 4300; baseline 0.017 -42"><span class='ocrx_word' id='word_1_325' title='bbox 290 4205 494 4260; x_wconf 82' lang='lat' dir='ltr'><strong>Gedeon</strong></span> <span class='ocrx_word' id='word_1_326' title='bbox 520 4209 618 4280; x_wconf 88' lang='lat' dir='ltr'><strong>(a),</strong></span> <span class='ocrx_word' id='word_1_327' title='bbox 647 4210 838 4282; x_wconf 84' lang='lat' dir='ltr'><strong>Barac,</strong></span> <span class='ocrx_word' id='word_1_328' title='bbox 869 4215 1127 4288; x_wconf 75' lang='lat' dir='ltr'><strong>Jephtluz,</strong></span> <span class='ocrx_word' id='word_1_329' title='bbox 1168 4233 1216 4276; x_wconf 88' lang='lat' dir='ltr'><strong>et</strong></span> <span class='ocrx_word' id='word_1_330' title='bbox 1247 4223 1554 4295; x_wconf 85' lang='lat' dir='ltr'><strong>Samnelem,</strong></span> <span class='ocrx_word' id='word_1_331' title='bbox 1601 4237 1645 4282; x_wconf 88' lang='lat' dir='ltr'><strong>et</strong></span> <span class='ocrx_word' id='word_1_332' title='bbox 1685 4205 1867 4300; x_wconf 79' lang='lat' dir='ltr'><strong>eripuit</strong></span> 
     </span>
    </p>
   </div>
   <div class='ocr_carea' id='block_1_44' title="bbox 346 4315 1863 4401">
    <p class='ocr_par' dir='ltr' id='par_1_44' title="bbox 346 4315 1863 4401">
     <span class='ocr_line' id='line_1_44' title="bbox 346 4315 1863 4401; baseline 0.018 -38"><span class='ocrx_word' id='word_1_333' title='bbox 346 4315 424 4378; x_wconf 78' lang='grc' dir='ltr'><strong>(α)</strong></span> <span class='ocrx_word' id='word_1_334' title='bbox 459 4324 510 4367; x_wconf 91' lang='lat' dir='ltr'><strong>tn</strong></span> <span class='ocrx_word' id='word_1_335' title='bbox 531 4318 658 4371; x_wconf 82' lang='lat' dir='ltr'><strong>hunc</strong></span> <span class='ocrx_word' id='word_1_336' title='bbox 681 4321 838 4375; x_wconf 89' lang='lat' dir='ltr'><strong>locum</strong></span> <span class='ocrx_word' id='word_1_337' title='bbox 879 4333 1012 4379; x_wconf 87' lang='lat' dir='ltr'><strong>notat</strong></span> <span class='ocrx_word' id='word_1_338' title='bbox 1042 4329 1244 4382; x_wconf 83' lang='lat' dir='ltr'><strong>Savilius</strong></span> <span class='ocrx_word' id='word_1_339' title='bbox 1275 4347 1470 4397; x_wconf 88' lang='lat' dir='ltr'><strong>vocem,</strong></span> <span class='ocrx_word' id='word_1_340' title='bbox 1513 4339 1724 4401; x_wconf 81' lang='lat' dir='ltr'><strong>Gedeon,</strong></span> <span class='ocrx_word' id='word_1_341' title='bbox 1751 4354 1863 4391; x_wconf 88' lang='lat' dir='ltr'><strong>esse</strong></span> 
     </span>
    </p>
   </div>
   <div class='ocr_carea' id='block_1_45' title="bbox 936 367 3048 442">
    <p class='ocr_par' dir='ltr' id='par_1_45' title="bbox 936 367 3048 442">
     <span class='ocr_line' id='line_1_45' title="bbox 936 367 3048 442; baseline 0.009 -20"><span class='ocrx_word' id='word_1_342' title='bbox 936 367 1024 422; x_wconf 86' lang='lat' dir='ltr'><strong>DE</strong></span> <span class='ocrx_word' id='word_1_343' title='bbox 1065 367 1309 427; x_wconf 78' lang='lat' dir='ltr'><strong>VERBIS</strong></span> <span class='ocrx_word' id='word_1_344' title='bbox 1347 372 1701 441; x_wconf 84' lang='lat' dir='ltr'><strong>APOSTOLI,</strong></span> <span class='ocrx_word' id='word_1_345' title='bbox 1745 373 2008 431; x_wconf 79' lang='lat' dir='ltr'><strong>UTINAM</strong></span> <span class='ocrx_word' id='word_1_346' title='bbox 2050 377 2551 436; x_wconf 80' lang='lat' dir='ltr'><strong>SUSTINERETIS</strong></span> <span class='ocrx_word' id='word_1_347' title='bbox 2587 381 2918 442; x_wconf 81' lang='lat' dir='ltr'><strong>MODICUM.</strong></span> <span class='ocrx_word' id='word_1_348' title='bbox 2960 386 3048 441; x_wconf 86' lang='lat' dir='ltr'><strong>Ill.</strong></span> 
     </span>
    </p>
   </div>
   <div class='ocr_carea' id='block_1_46' title="bbox 3504 388 3609 446">
    <p class='ocr_par' dir='ltr' id='par_1_46' title="bbox 3504 388 3609 446">
     <span class='ocr_line' id='line_1_46' title="bbox 3504 388 3609 446; baseline 0.067 -6"><span class='ocrx_word' id='word_1_349' title='bbox 3504 388 3609 446; x_wconf 77' lang='grc'><strong>510</strong></span> 
     </span>
    </p>
   </div>
   <div class='ocr_carea' id='block_1_47' title="bbox 2033 487 3611 558">
    <p class='ocr_par' dir='ltr' id='par_1_47' title="bbox 2033 487 3611 558">
     <span class='ocr_line' id='line_1_47' title="bbox 2033 487 3611 558; baseline 0.004 -20"><span class='ocrx_word' id='word_1_350' title='bbox 2033 500 2120 541; x_wconf 70' lang='lat' dir='ltr'><strong>vos</strong></span> <span class='ocrx_word' id='word_1_351' title='bbox 2148 487 2198 539; x_wconf 84' lang='lat' dir='ltr'><strong>in</strong></span> <span class='ocrx_word' id='word_1_352' title='bbox 2225 487 2434 540; x_wconf 83' lang='lat' dir='ltr'><strong>circuitu</strong></span> <span class='ocrx_word' id='word_1_353' title='bbox 2465 487 2528 542; x_wconf 77' lang='lat' dir='ltr'><strong>de.</strong></span> <span class='ocrx_word' id='word_1_354' title='bbox 2557 505 2707 541; x_wconf 87' lang='lat' dir='ltr'><strong>manu</strong></span> <span class='ocrx_word' id='word_1_355' title='bbox 2734 490 3051 543; x_wconf 82' lang='lat' dir='ltr'><strong>inimicorum</strong></span> <span class='ocrx_word' id='word_1_356' title='bbox 3074 499 3370 558; x_wconf 80' lang='lat' dir='ltr'><strong>vestrorum,</strong></span> <span class='ocrx_word' id='word_1_357' title='bbox 3403 501 3448 544; x_wconf 87' lang='lat' dir='ltr'><strong>et</strong></span> <span class='ocrx_word' id='word_1_358' title='bbox 3469 491 3611 544; x_wconf 74' lang='lat' dir='ltr'><strong>habi-</strong></span> 
     </span>
    </p>
   </div>
   <div class='ocr_carea' id='block_1_48' title="bbox 2027 579 3005 652">
    <p class='ocr_par' dir='ltr' id='par_1_48' title="bbox 2027 579 3005 652">
     <span class='ocr_line' id='line_1_48' title="bbox 2027 579 3005 652; baseline 0.007 -21"><span class='ocrx_word' id='word_1_359' title='bbox 2027 579 2142 634; x_wconf 79' lang='lat' dir='ltr'><strong>talis</strong></span> <span class='ocrx_word' id='word_1_360' title='bbox 2168 579 2476 645; x_wconf 76' lang='lat' dir='ltr'><strong>conﬁdenter</strong></span> <span class='ocrx_word' id='word_1_361' title='bbox 2502 581 2580 652; x_wconf 74' lang='grc' dir='ltr'><strong>(ι.</strong></span> <span class='ocrx_word' id='word_1_362' title='bbox 2612 579 2740 652; x_wconf 83' lang='lat' dir='ltr'><strong>Reg.</strong></span> <span class='ocrx_word' id='word_1_363' title='bbox 2775 581 2860 634; x_wconf 78' lang='grc'><strong>12.</strong></span> <span class='ocrx_word' id='word_1_364' title='bbox 2896 580 3005 651; x_wconf 80' lang='grc' dir='ltr'><strong>Η).</strong></span> 
     </span>
    </p>
   </div>
   <div class='ocr_carea' id='block_1_49' title="bbox 2095 668 3602 740">
    <p class='ocr_par' dir='ltr' id='par_1_49' title="bbox 2095 668 3602 740">
     <span class='ocr_line' id='line_1_49' title="bbox 2095 668 3602 740; baseline 0.004 -20"><span class='ocrx_word' id='word_1_365' title='bbox 2095 668 2181 721; x_wconf 77' lang='grc'><strong>10,</strong></span> <span class='ocrx_word' id='word_1_366' title='bbox 2214 668 2391 723; x_wconf 82' lang='lat' dir='ltr'><strong>Sancti</strong></span> <span class='ocrx_word' id='word_1_367' title='bbox 2413 671 2610 724; x_wconf 79' lang='lat' dir='ltr'><strong>nonnisi</strong></span> <span class='ocrx_word' id='word_1_368' title='bbox 2637 681 2842 740; x_wconf 86' lang='lat' dir='ltr'><strong>urgente</strong></span> <span class='ocrx_word' id='word_1_369' title='bbox 2865 672 3153 726; x_wconf 80' lang='lat' dir='ltr'><strong>necessitate</strong></span> <span class='ocrx_word' id='word_1_370' title='bbox 3186 670 3364 726; x_wconf 87' lang='lat' dir='ltr'><strong>laudes</strong></span> <span class='ocrx_word' id='word_1_371' title='bbox 3393 688 3510 726; x_wconf 86' lang='lat' dir='ltr'><strong>suas</strong></span> <span class='ocrx_word' id='word_1_372' title='bbox 3533 675 3602 740; x_wconf 74' lang='lat' dir='ltr'><strong>ef-</strong></span> 
     </span>
    </p>
   </div>
   <div class='ocr_carea' id='block_1_50' title="bbox 2023 761 3606 831">
    <p class='ocr_par' dir='ltr' id='par_1_50' title="bbox 2023 761 3606 831">
     <span class='ocr_line' id='line_1_50' title="bbox 2023 761 3606 831; baseline 0.005 -20"><span class='ocrx_word' id='word_1_373' title='bbox 2023 763 2211 830; x_wconf 83' lang='lat' dir='ltr'><strong>ferunt.</strong></span> <span class='ocrx_word' id='word_1_374' title='bbox 2240 790 2312 800; x_wconf 90' lang='lat'><strong>--</strong></span> <span class='ocrx_word' id='word_1_375' title='bbox 2339 761 2525 816; x_wconf 82' lang='lat' dir='ltr'><strong>Viden’</strong></span> <span class='ocrx_word' id='word_1_376' title='bbox 2552 763 2816 831; x_wconf 91' lang='lat' dir='ltr'><strong>quomodo</strong></span> <span class='ocrx_word' id='word_1_377' title='bbox 2854 763 2906 817; x_wconf 95' lang='lat' dir='ltr'><strong>in</strong></span> <span class='ocrx_word' id='word_1_378' title='bbox 2954 778 3102 818; x_wconf 89' lang='lat' dir='ltr'><strong>more</strong></span> <span class='ocrx_word' id='word_1_379' title='bbox 3145 767 3214 819; x_wconf 90' lang='lat' dir='ltr'><strong>sit</strong></span> <span class='ocrx_word' id='word_1_380' title='bbox 3257 765 3456 818; x_wconf 85' lang='lat' dir='ltr'><strong>sanctis</strong></span> <span class='ocrx_word' id='word_1_381' title='bbox 3499 779 3606 820; x_wconf 77' lang='lat' dir='ltr'><strong>non</strong></span> 
     </span>
    </p>
   </div>
   <div class='ocr_carea' id='block_1_51' title="bbox 2024 848 3607 924">
    <p class='ocr_par' dir='ltr' id='par_1_51' title="bbox 2024 848 3607 924">
     <span class='ocr_line' id='line_1_51' title="bbox 2024 848 3607 924; baseline 0.003 -22"><span class='ocrx_word' id='word_1_382' title='bbox 2024 848 2276 917; x_wconf 80' lang='lat' dir='ltr'><strong>praeclara</strong></span> <span class='ocrx_word' id='word_1_383' title='bbox 2322 866 2415 905; x_wconf 90' lang='lat' dir='ltr'><strong>sua</strong></span> <span class='ocrx_word' id='word_1_384' title='bbox 2445 861 2593 922; x_wconf 81' lang='lat' dir='ltr'><strong>gesta</strong></span> <span class='ocrx_word' id='word_1_385' title='bbox 2633 867 2850 907; x_wconf 90' lang='lat' dir='ltr'><strong>narrare</strong></span> <span class='ocrx_word' id='word_1_386' title='bbox 2873 853 2970 908; x_wconf 91' lang='lat' dir='ltr'><strong>nisi</strong></span> <span class='ocrx_word' id='word_1_387' title='bbox 3003 863 3223 924; x_wconf 80' lang='lat' dir='ltr'><strong>urgente</strong></span> <span class='ocrx_word' id='word_1_388' title='bbox 3249 855 3607 910; x_wconf 82' lang='lat' dir='ltr'><strong>necessitate?</strong></span> 
     </span>
    </p>
   </div>
   <div class='ocr_carea' id='block_1_52' title="bbox 2022 939 3603 1012">
    <p class='ocr_par' dir='ltr' id='par_1_52' title="bbox 2022 939 3603 1012">
     <span class='ocr_line' id='line_1_52' title="bbox 2022 939 3603 1012; baseline 0.002 -18"><span class='ocrx_word' id='word_1_389' title='bbox 2022 939 2146 995; x_wconf 88' lang='lat' dir='ltr'><strong>ldeo</strong></span> <span class='ocrx_word' id='word_1_390' title='bbox 2176 939 2366 996; x_wconf 83' lang='lat' dir='ltr'><strong>Paulus</strong></span> <span class='ocrx_word' id='word_1_391' title='bbox 2391 942 2458 996; x_wconf 88' lang='lat' dir='ltr'><strong>ad</strong></span> <span class='ocrx_word' id='word_1_392' title='bbox 2482 942 2580 996; x_wconf 89' lang='lat' dir='ltr'><strong>hos</strong></span> <span class='ocrx_word' id='word_1_393' title='bbox 2604 943 2895 1012; x_wconf 78' lang='lat' dir='ltr'><strong>respiciens</strong></span> <span class='ocrx_word' id='word_1_394' title='bbox 2914 986 2930 1011; x_wconf 89' lang='lat'><strong>,</strong></span> <span class='ocrx_word' id='word_1_395' title='bbox 2958 953 3012 999; x_wconf 93' lang='lat' dir='ltr'><strong>et</strong></span> <span class='ocrx_word' id='word_1_396' title='bbox 3036 953 3283 999; x_wconf 88' lang='lat' dir='ltr'><strong>accurate</strong></span> <span class='ocrx_word' id='word_1_397' title='bbox 3309 945 3603 1009; x_wconf 85' lang='lat' dir='ltr'><strong>institutus,</strong></span> 
     </span>
    </p>
   </div>
   <div class='ocr_carea' id='block_1_53' title="bbox 2021 1031 3602 1104">
    <p class='ocr_par' dir='ltr' id='par_1_53' title="bbox 2021 1031 3602 1104">
     <span class='ocr_line' id='line_1_53' title="bbox 2021 1031 3602 1104; baseline 0.004 -20"><span class='ocrx_word' id='word_1_398' title='bbox 2021 1031 2299 1086; x_wconf 90' lang='lat' dir='ltr'><strong>molestum</strong></span> <span class='ocrx_word' id='word_1_399' title='bbox 2331 1048 2716 1103; x_wconf 81' lang='lat' dir='ltr'><strong>onerosuinquc</strong></span> <span class='ocrx_word' id='word_1_400' title='bbox 2741 1049 2891 1098; x_wconf 86' lang='lat' dir='ltr'><strong>esse,</strong></span> <span class='ocrx_word' id='word_1_401' title='bbox 2921 1035 2965 1088; x_wconf 90' lang='lat' dir='ltr'><strong>si</strong></span> <span class='ocrx_word' id='word_1_402' title='bbox 3002 1036 3122 1104; x_wconf 88' lang='lat' dir='ltr'><strong>quis</strong></span> <span class='ocrx_word' id='word_1_403' title='bbox 3165 1035 3233 1090; x_wconf 90' lang='lat' dir='ltr'><strong>de</strong></span> <span class='ocrx_word' id='word_1_404' title='bbox 3281 1036 3460 1104; x_wconf 86' lang='lat' dir='ltr'><strong>seipso</strong></span> <span class='ocrx_word' id='word_1_405' title='bbox 3501 1037 3602 1090; x_wconf 88' lang='lat' dir='ltr'><strong>ali-</strong></span> 
     </span>
    </p>
   </div>
   <div class='ocr_carea' id='block_1_54' title="bbox 2019 1120 3605 1191">
    <p class='ocr_par' dir='ltr' id='par_1_54' title="bbox 2019 1120 3605 1191">
     <span class='ocr_line' id='line_1_54' title="bbox 2019 1120 3605 1191; baseline 0.003 -17"><span class='ocrx_word' id='word_1_406' title='bbox 2019 1120 2143 1190; x_wconf 85' lang='lat' dir='ltr'><strong>quid</strong></span> <span class='ocrx_word' id='word_1_407' title='bbox 2181 1122 2442 1191; x_wconf 83' lang='lat' dir='ltr'><strong>proierret</strong></span> <span class='ocrx_word' id='word_1_408' title='bbox 2463 1166 2478 1190; x_wconf 96' lang='lat'><strong>,</strong></span> <span class='ocrx_word' id='word_1_409' title='bbox 2511 1123 2742 1191; x_wconf 85' lang='lat' dir='ltr'><strong>dicebat,</strong></span> <span class='ocrx_word' id='word_1_410' title='bbox 2779 1123 2983 1178; x_wconf 86' lang='lat' dir='ltr'><strong>Utinam</strong></span> <span class='ocrx_word' id='word_1_411' title='bbox 3008 1125 3320 1179; x_wconf 72' lang='lat' dir='ltr'><strong>sustinentis</strong></span> <span class='ocrx_word' id='word_1_412' title='bbox 3349 1127 3605 1180; x_wconf 75' lang='lat' dir='ltr'><strong>modicum</strong></span> 
     </span>
    </p>
   </div>
   <div class='ocr_carea' id='block_1_55' title="bbox 2017 1213 3606 1285">
    <p class='ocr_par' dir='ltr' id='par_1_55' title="bbox 2017 1213 3606 1285">
     <span class='ocr_line' id='line_1_55' title="bbox 2017 1213 3606 1285; baseline 0.003 -21"><span class='ocrx_word' id='word_1_413' title='bbox 2017 1213 2139 1282; x_wconf 86' lang='lat' dir='ltr'><strong>quid</strong></span> <span class='ocrx_word' id='word_1_414' title='bbox 2184 1213 2487 1284; x_wconf 80' lang='lat' dir='ltr'><strong>insipientia:</strong></span> <span class='ocrx_word' id='word_1_415' title='bbox 2527 1231 2686 1280; x_wconf 71' lang='lat' dir='ltr'><strong>mete;</strong></span> <span class='ocrx_word' id='word_1_416' title='bbox 2727 1232 2832 1270; x_wconf 87' lang='lat' dir='ltr'><strong>non</strong></span> <span class='ocrx_word' id='word_1_417' title='bbox 2873 1231 3122 1285; x_wconf 83' lang='lat' dir='ltr'><strong>magnum</strong></span> <span class='ocrx_word' id='word_1_418' title='bbox 3146 1257 3162 1281; x_wconf 94' lang='lat'><strong>,</strong></span> <span class='ocrx_word' id='word_1_419' title='bbox 3207 1217 3303 1271; x_wconf 90' lang='lat' dir='ltr'><strong>sed</strong></span> <span class='ocrx_word' id='word_1_420' title='bbox 3349 1217 3606 1270; x_wconf 85' lang='lat' dir='ltr'><strong>modicum</strong></span> 
     </span>
    </p>
   </div>
   <div class='ocr_carea' id='block_1_56' title="bbox 2015 1303 3600 1378">
    <p class='ocr_par' dir='ltr' id='par_1_56' title="bbox 2015 1303 3600 1378">
     <span class='ocr_line' id='line_1_56' title="bbox 2015 1303 3600 1378; baseline 0.004 -22"><span class='ocrx_word' id='word_1_421' title='bbox 2015 1304 2139 1371; x_wconf 80' lang='lat' dir='ltr'><strong>quid</strong></span> <span class='ocrx_word' id='word_1_422' title='bbox 2163 1303 2238 1373; x_wconf 73' lang='lat'><strong>(2.</strong></span> <span class='ocrx_word' id='word_1_423' title='bbox 2262 1303 2381 1360; x_wconf 86' lang='lat' dir='ltr'><strong>Cor.</strong></span> <span class='ocrx_word' id='word_1_424' title='bbox 2410 1307 2497 1360; x_wconf 82' lang='grc' dir='ltr'><strong>Η.</strong></span> <span class='ocrx_word' id='word_1_425' title='bbox 2524 1304 2600 1378; x_wconf 83' lang='lat' dir='ltr'><strong>l).</strong></span> <span class='ocrx_word' id='word_1_426' title='bbox 2629 1306 2812 1376; x_wconf 86' lang='lat' dir='ltr'><strong>Neque</strong></span> <span class='ocrx_word' id='word_1_427' title='bbox 2836 1307 2977 1361; x_wconf 89' lang='lat' dir='ltr'><strong>enim</strong></span> <span class='ocrx_word' id='word_1_428' title='bbox 3025 1317 3247 1376; x_wconf 79' lang='lat' dir='ltr'><strong>cogente</strong></span> <span class='ocrx_word' id='word_1_429' title='bbox 3285 1307 3600 1362; x_wconf 81' lang='lat' dir='ltr'><strong>necessitate</strong></span> 
     </span>
    </p>
   </div>
   <div class='ocr_carea' id='block_1_57' title="bbox 2015 1394 3597 1465">
    <p class='ocr_par' dir='ltr' id='par_1_57' title="bbox 2015 1394 3597 1465">
     <span class='ocr_line' id='line_1_57' title="bbox 2015 1394 3597 1465; baseline 0 -18"><span class='ocrx_word' id='word_1_430' title='bbox 2015 1394 2284 1463; x_wconf 82' lang='lat' dir='ltr'><strong>cepiosam</strong></span> <span class='ocrx_word' id='word_1_431' title='bbox 2309 1395 2520 1450; x_wconf 86' lang='lat' dir='ltr'><strong>laudum</strong></span> <span class='ocrx_word' id='word_1_432' title='bbox 2552 1410 2766 1450; x_wconf 87' lang='lat' dir='ltr'><strong>suarum</strong></span> <span class='ocrx_word' id='word_1_433' title='bbox 2803 1397 3160 1450; x_wconf 90' lang='lat' dir='ltr'><strong>narrationem</strong></span> <span class='ocrx_word' id='word_1_434' title='bbox 3200 1395 3472 1451; x_wconf 76' lang='lat' dir='ltr'><strong>effundere</strong></span> <span class='ocrx_word' id='word_1_435' title='bbox 3500 1411 3597 1465; x_wconf 80' lang='lat' dir='ltr'><strong>pn-</strong></span> 
     </span>
    </p>
   </div>
   <div class='ocr_carea' id='block_1_58' title="bbox 2017 1485 3595 1556">
    <p class='ocr_par' dir='ltr' id='par_1_58' title="bbox 2017 1485 3595 1556">
     <span class='ocr_line' id='line_1_58' title="bbox 2017 1485 3595 1556; baseline 0.001 -18"><span class='ocrx_word' id='word_1_436' title='bbox 2017 1492 2162 1540; x_wconf 88' lang='lat' dir='ltr'><strong>ratus</strong></span> <span class='ocrx_word' id='word_1_437' title='bbox 2185 1495 2298 1540; x_wconf 88' lang='lat' dir='ltr'><strong>erat</strong></span> <span class='ocrx_word' id='word_1_438' title='bbox 2321 1527 2336 1552; x_wconf 94' lang='lat'><strong>,</strong></span> <span class='ocrx_word' id='word_1_439' title='bbox 2365 1485 2459 1541; x_wconf 89' lang='lat' dir='ltr'><strong>sed</strong></span> <span class='ocrx_word' id='word_1_440' title='bbox 2501 1487 2684 1556; x_wconf 88' lang='lat' dir='ltr'><strong>paucis</strong></span> <span class='ocrx_word' id='word_1_441' title='bbox 2711 1486 2828 1538; x_wconf 91' lang='lat' dir='ltr'><strong>illas</strong></span> <span class='ocrx_word' id='word_1_442' title='bbox 2855 1487 3113 1555; x_wconf 88' lang='lat' dir='ltr'><strong>percurrit</strong></span> <span class='ocrx_word' id='word_1_443' title='bbox 3159 1504 3172 1539; x_wconf 90' lang='lat'><strong>:</strong></span> <span class='ocrx_word' id='word_1_444' title='bbox 3219 1496 3273 1541; x_wconf 89' lang='lat' dir='ltr'><strong>et</strong></span> <span class='ocrx_word' id='word_1_445' title='bbox 3302 1487 3400 1540; x_wconf 84' lang='lat' dir='ltr'><strong>hoc</strong></span> <span class='ocrx_word' id='word_1_446' title='bbox 3423 1487 3595 1555; x_wconf 86' lang='lat' dir='ltr'><strong>ipsum</strong></span> 
     </span>
    </p>
   </div>
   <div class='ocr_carea' id='block_1_59' title="bbox 2015 1574 3593 1646">
    <p class='ocr_par' dir='ltr' id='par_1_59' title="bbox 2015 1574 3593 1646">
     <span class='ocr_line' id='line_1_59' title="bbox 2015 1574 3593 1646; baseline 0.001 -18"><span class='ocrx_word' id='word_1_447' title='bbox 2015 1585 2237 1646; x_wconf 86' lang='lat' dir='ltr'><strong>propter</strong></span> <span class='ocrx_word' id='word_1_448' title='bbox 2256 1590 2350 1631; x_wconf 89' lang='lat' dir='ltr'><strong>eos</strong></span> <span class='ocrx_word' id='word_1_449' title='bbox 2376 1591 2666 1646; x_wconf 88' lang='lat' dir='ltr'><strong>eorumque</strong></span> <span class='ocrx_word' id='word_1_450' title='bbox 2691 1575 2934 1630; x_wconf 89' lang='lat' dir='ltr'><strong>salutem.</strong></span> <span class='ocrx_word' id='word_1_451' title='bbox 2971 1574 3427 1641; x_wconf 87' lang='lat' dir='ltr'><strong>Quemadmodum</strong></span> <span class='ocrx_word' id='word_1_452' title='bbox 3452 1579 3593 1630; x_wconf 87' lang='lat' dir='ltr'><strong>enim</strong></span> 
     </span>
    </p>
   </div>
   <div class='ocr_carea' id='block_1_60' title="bbox 2011 1665 3591 1737">
    <p class='ocr_par' dir='ltr' id='par_1_60' title="bbox 2011 1665 3591 1737">
     <span class='ocr_line' id='line_1_60' title="bbox 2011 1665 3591 1737; baseline 0 -19"><span class='ocrx_word' id='word_1_453' title='bbox 2011 1666 2126 1720; x_wconf 89' lang='lat' dir='ltr'><strong>sine</strong></span> <span class='ocrx_word' id='word_1_454' title='bbox 2149 1665 2323 1736; x_wconf 90' lang='lat' dir='ltr'><strong>aliqua</strong></span> <span class='ocrx_word' id='word_1_455' title='bbox 2355 1667 2671 1721; x_wconf 86' lang='lat' dir='ltr'><strong>necessitate</strong></span> <span class='ocrx_word' id='word_1_456' title='bbox 2697 1681 2792 1721; x_wconf 88' lang='lat' dir='ltr'><strong>sua</strong></span> <span class='ocrx_word' id='word_1_457' title='bbox 2833 1681 3117 1722; x_wconf 87' lang='lat' dir='ltr'><strong>recensere</strong></span> <span class='ocrx_word' id='word_1_458' title='bbox 3165 1668 3416 1735; x_wconf 66' lang='lat' dir='ltr'><strong>prteclara</strong></span> <span class='ocrx_word' id='word_1_459' title='bbox 3447 1676 3591 1737; x_wconf 69' lang='lat' dir='ltr'><strong>gesta</strong></span> 
     </span>
    </p>
   </div>
   <div class='ocr_carea' id='block_1_61' title="bbox 2011 1756 3591 1821">
    <p class='ocr_par' dir='ltr' id='par_1_61' title="bbox 2011 1756 3591 1821">
     <span class='ocr_line' id='line_1_61' title="bbox 2011 1756 3591 1821; baseline 0.001 -12"><span class='ocrx_word' id='word_1_460' title='bbox 2011 1765 2264 1810; x_wconf 79' lang='lat' dir='ltr'><strong>extremae</strong></span> <span class='ocrx_word' id='word_1_461' title='bbox 2291 1757 2572 1810; x_wconf 73' lang='lat' dir='ltr'><strong>dementia:</strong></span> <span class='ocrx_word' id='word_1_462' title='bbox 2602 1767 2715 1821; x_wconf 88' lang='lat' dir='ltr'><strong>est;</strong></span> <span class='ocrx_word' id='word_1_463' title='bbox 2745 1757 2822 1810; x_wconf 91' lang='lat' dir='ltr'><strong>sic</strong></span> <span class='ocrx_word' id='word_1_464' title='bbox 2849 1756 3079 1810; x_wconf 89' lang='lat' dir='ltr'><strong>instante</strong></span> <span class='ocrx_word' id='word_1_465' title='bbox 3114 1756 3431 1810; x_wconf 89' lang='lat' dir='ltr'><strong>necessitate</strong></span> <span class='ocrx_word' id='word_1_466' title='bbox 3459 1765 3514 1811; x_wconf 90' lang='lat' dir='ltr'><strong>et</strong></span> <span class='ocrx_word' id='word_1_467' title='bbox 3543 1757 3591 1810; x_wconf 78' lang='lat' dir='ltr'><strong>vi</strong></span> 
     </span>
    </p>
   </div>
   <div class='ocr_carea' id='block_1_62' title="bbox 2009 1845 3590 1916">
    <p class='ocr_par' dir='ltr' id='par_1_62' title="bbox 2009 1845 3590 1916">
     <span class='ocr_line' id='line_1_62' title="bbox 2009 1845 3590 1916; baseline 0.001 -17"><span class='ocrx_word' id='word_1_468' title='bbox 2009 1847 2390 1915; x_wconf 89' lang='lat' dir='ltr'><strong>compellente,</strong></span> <span class='ocrx_word' id='word_1_469' title='bbox 2422 1846 2647 1916; x_wconf 85' lang='lat' dir='ltr'><strong>proditio</strong></span> <span class='ocrx_word' id='word_1_470' title='bbox 2670 1855 2810 1901; x_wconf 91' lang='lat' dir='ltr'><strong>esset</strong></span> <span class='ocrx_word' id='word_1_471' title='bbox 2836 1846 2926 1900; x_wconf 91' lang='lat' dir='ltr'><strong>illa</strong></span> <span class='ocrx_word' id='word_1_472' title='bbox 2956 1855 3132 1900; x_wconf 87' lang='lat' dir='ltr'><strong>tacere</strong></span> <span class='ocrx_word' id='word_1_473' title='bbox 3157 1861 3274 1914; x_wconf 74' lang='lat' dir='ltr'><strong>qua:</strong></span> <span class='ocrx_word' id='word_1_474' title='bbox 3317 1845 3483 1915; x_wconf 91' lang='lat' dir='ltr'><strong>probe</strong></span> <span class='ocrx_word' id='word_1_475' title='bbox 3516 1847 3590 1900; x_wconf 83' lang='lat' dir='ltr'><strong>fe-</strong></span> 
     </span>
    </p>
   </div>
   <div class='ocr_carea' id='block_1_63' title="bbox 2009 1936 3584 2008">
    <p class='ocr_par' dir='ltr' id='par_1_63' title="bbox 2009 1936 3584 2008">
     <span class='ocr_line' id='line_1_63' title="bbox 2009 1936 3584 2008; baseline 0 -18"><span class='ocrx_word' id='word_1_476' title='bbox 2009 1937 2160 1990; x_wconf 90' lang='lat' dir='ltr'><strong>cerit.</strong></span> <span class='ocrx_word' id='word_1_477' title='bbox 2185 1936 2432 2008; x_wconf 86' lang='lat' dir='ltr'><strong>Attamen</strong></span> <span class='ocrx_word' id='word_1_478' title='bbox 2459 1937 2654 1992; x_wconf 86' lang='lat' dir='ltr'><strong>Paulus</strong></span> <span class='ocrx_word' id='word_1_479' title='bbox 2683 1938 2840 1992; x_wconf 89' lang='lat' dir='ltr'><strong>etiam</strong></span> <span class='ocrx_word' id='word_1_480' title='bbox 2869 1953 2989 1991; x_wconf 92' lang='lat' dir='ltr'><strong>cum</strong></span> <span class='ocrx_word' id='word_1_481' title='bbox 3022 1945 3232 2007; x_wconf 89' lang='lat' dir='ltr'><strong>urgeret</strong></span> <span class='ocrx_word' id='word_1_482' title='bbox 3261 1938 3549 1991; x_wconf 88' lang='lat' dir='ltr'><strong>necessitas</strong></span> <span class='ocrx_word' id='word_1_483' title='bbox 3569 1979 3584 2002; x_wconf 90' lang='lat'><strong>,</strong></span> 
     </span>
    </p>
   </div>
   <div class='ocr_carea' id='block_1_64' title="bbox 2016 2027 3587 2097">
    <p class='ocr_par' dir='ltr' id='par_1_64' title="bbox 2016 2027 3587 2097">
     <span class='ocr_line' id='line_1_64' title="bbox 2016 2027 3587 2097; baseline 0.001 -16"><span class='ocrx_word' id='word_1_484' title='bbox 2016 2028 2378 2093; x_wconf 76' lang='lat' dir='ltr'><strong>cunctabatur,</strong></span> <span class='ocrx_word' id='word_1_485' title='bbox 2411 2042 2631 2097; x_wconf 90' lang='lat' dir='ltr'><strong>remque</strong></span> <span class='ocrx_word' id='word_1_486' title='bbox 2676 2027 2818 2082; x_wconf 80' lang='lat' dir='ltr'><strong>illam</strong></span> <span class='ocrx_word' id='word_1_487' title='bbox 2851 2028 3205 2096; x_wconf 87' lang='lat' dir='ltr'><strong>insipientiam</strong></span> <span class='ocrx_word' id='word_1_488' title='bbox 3245 2027 3499 2094; x_wconf 83' lang='lat' dir='ltr'><strong>vocabat,</strong></span> <span class='ocrx_word' id='word_1_489' title='bbox 3534 2038 3587 2082; x_wconf 84' lang='lat' dir='ltr'><strong>ut</strong></span> 
     </span>
    </p>
   </div>
   <div class='ocr_carea' id='block_1_65' title="bbox 2005 2117 3587 2187">
    <p class='ocr_par' dir='ltr' id='par_1_65' title="bbox 2005 2117 3587 2187">
     <span class='ocr_line' id='line_1_65' title="bbox 2005 2117 3587 2187; baseline 0.001 -17"><span class='ocrx_word' id='word_1_490' title='bbox 2005 2117 2180 2172; x_wconf 89' lang='lat' dir='ltr'><strong>discas</strong></span> <span class='ocrx_word' id='word_1_491' title='bbox 2225 2118 2339 2186; x_wconf 88' lang='lat' dir='ltr'><strong>ejus</strong></span> <span class='ocrx_word' id='word_1_492' title='bbox 2390 2118 2723 2186; x_wconf 89' lang='lat' dir='ltr'><strong>prudentiam</strong></span> <span class='ocrx_word' id='word_1_493' title='bbox 2776 2128 2828 2172; x_wconf 91' lang='lat' dir='ltr'><strong>ct</strong></span> <span class='ocrx_word' id='word_1_494' title='bbox 2857 2119 3205 2187; x_wconf 88' lang='lat' dir='ltr'><strong>sapientiam,</strong></span> <span class='ocrx_word' id='word_1_495' title='bbox 3240 2133 3587 2186; x_wconf 73' lang='lat' dir='ltr'><strong>magnamque</strong></span> 
     </span>
    </p>
   </div>
   <div class='ocr_carea' id='block_1_66' title="bbox 2004 2208 3580 2279">
    <p class='ocr_par' dir='ltr' id='par_1_66' title="bbox 2004 2208 3580 2279">
     <span class='ocr_line' id='line_1_66' title="bbox 2004 2208 3580 2279; baseline -0.003 -17"><span class='ocrx_word' id='word_1_496' title='bbox 2004 2209 2324 2263; x_wconf 84' lang='lat' dir='ltr'><strong>cautionem.</strong></span> <span class='ocrx_word' id='word_1_497' title='bbox 2360 2208 2492 2263; x_wconf 85' lang='lat' dir='ltr'><strong>Nam</strong></span> <span class='ocrx_word' id='word_1_498' title='bbox 2533 2225 2652 2263; x_wconf 92' lang='lat' dir='ltr'><strong>cum</strong></span> <span class='ocrx_word' id='word_1_499' title='bbox 2679 2209 2934 2276; x_wconf 83' lang='lat' dir='ltr'><strong>dixisset,</strong></span> <span class='ocrx_word' id='word_1_500' title='bbox 2970 2209 3120 2276; x_wconf 87' lang='lat' dir='ltr'><strong>Quod</strong></span> <span class='ocrx_word' id='word_1_501' title='bbox 3150 2209 3345 2279; x_wconf 82' lang='lat' dir='ltr'><strong>loquor,</strong></span> <span class='ocrx_word' id='word_1_502' title='bbox 3375 2226 3473 2262; x_wconf 88' lang='lat' dir='ltr'><strong>non</strong></span> <span class='ocrx_word' id='word_1_503' title='bbox 3501 2210 3580 2262; x_wconf 86' lang='grc' dir='ltr'><strong>Ιυ-</strong></span> 
     </span>
    </p>
   </div>
   <div class='ocr_carea' id='block_1_67' title="bbox 2003 2295 3582 2366">
    <p class='ocr_par' dir='ltr' id='par_1_67' title="bbox 2003 2295 3582 2366">
     <span class='ocr_line' id='line_1_67' title="bbox 2003 2295 3582 2366; baseline 0.001 -18"><span class='ocrx_word' id='word_1_504' title='bbox 2003 2313 2128 2366; x_wconf 83' lang='lat' dir='ltr'><strong>quor</strong></span> <span class='ocrx_word' id='word_1_505' title='bbox 2152 2295 2426 2351; x_wconf 84' lang='lat' dir='ltr'><strong>secundum</strong></span> <span class='ocrx_word' id='word_1_506' title='bbox 2458 2297 2730 2352; x_wconf 88' lang='lat' dir='ltr'><strong>Dominum</strong></span> <span class='ocrx_word' id='word_1_507' title='bbox 2751 2339 2765 2362; x_wconf 91' lang='lat'><strong>,</strong></span> <span class='ocrx_word' id='word_1_508' title='bbox 2809 2297 3034 2366; x_wconf 89' lang='lat' dir='ltr'><strong>adjecit,</strong></span> <span class='ocrx_word' id='word_1_509' title='bbox 3076 2296 3144 2351; x_wconf 84' lang='lat' dir='ltr'><strong>In</strong></span> <span class='ocrx_word' id='word_1_510' title='bbox 3172 2299 3266 2351; x_wconf 83' lang='lat' dir='ltr'><strong>hac</strong></span> <span class='ocrx_word' id='word_1_511' title='bbox 3301 2299 3582 2351; x_wconf 73' lang='lat' dir='ltr'><strong>substantia</strong></span> 
     </span>
    </p>
   </div>
   <div class='ocr_carea' id='block_1_68' title="bbox 2001 2386 3582 2460">
    <p class='ocr_par' dir='ltr' id='par_1_68' title="bbox 2001 2386 3582 2460">
     <span class='ocr_line' id='line_1_68' title="bbox 2001 2386 3582 2460; baseline -0.001 -20"><span class='ocrx_word' id='word_1_512' title='bbox 2001 2387 2318 2456; x_wconf 86' lang='lat' dir='ltr'><strong>gloriatiouis</strong></span> <span class='ocrx_word' id='word_1_513' title='bbox 2350 2388 2423 2458; x_wconf 73' lang='grc'><strong>(2.</strong></span> <span class='ocrx_word' id='word_1_514' title='bbox 2449 2387 2564 2442; x_wconf 88' lang='lat' dir='ltr'><strong>Cor.</strong></span> <span class='ocrx_word' id='word_1_515' title='bbox 2598 2389 2684 2443; x_wconf 77' lang='lat' dir='ltr'><strong>il.</strong></span> <span class='ocrx_word' id='word_1_516' title='bbox 2720 2386 2793 2460; x_wconf 87' lang='lat'><strong>7).</strong></span> <span class='ocrx_word' id='word_1_517' title='bbox 2819 2387 2896 2441; x_wconf 87' lang='lat' dir='ltr'><strong>Nc</strong></span> <span class='ocrx_word' id='word_1_518' title='bbox 2923 2396 3076 2457; x_wconf 91' lang='lat' dir='ltr'><strong>putes</strong></span> <span class='ocrx_word' id='word_1_519' title='bbox 3097 2429 3111 2451; x_wconf 86' lang='lat'><strong>,</strong></span> <span class='ocrx_word' id='word_1_520' title='bbox 3146 2387 3342 2457; x_wconf 90' lang='lat' dir='ltr'><strong>inquit,</strong></span> <span class='ocrx_word' id='word_1_521' title='bbox 3378 2403 3462 2442; x_wconf 92' lang='lat' dir='ltr'><strong>me</strong></span> <span class='ocrx_word' id='word_1_522' title='bbox 3490 2403 3582 2457; x_wconf 77' lang='lat' dir='ltr'><strong>ge-</strong></span> 
     </span>
    </p>
   </div>
   <div class='ocr_carea' id='block_1_69' title="bbox 2002 2477 3579 2548">
    <p class='ocr_par' dir='ltr' id='par_1_69' title="bbox 2002 2477 3579 2548">
     <span class='ocr_line' id='line_1_69' title="bbox 2002 2477 3579 2548; baseline 0 -18"><span class='ocrx_word' id='word_1_523' title='bbox 2002 2477 2225 2531; x_wconf 76' lang='lat' dir='ltr'><strong>neratim</strong></span> <span class='ocrx_word' id='word_1_524' title='bbox 2256 2477 2357 2531; x_wconf 90' lang='lat' dir='ltr'><strong>hoc</strong></span> <span class='ocrx_word' id='word_1_525' title='bbox 2378 2478 2575 2532; x_wconf 91' lang='lat' dir='ltr'><strong>dicere.</strong></span> <span class='ocrx_word' id='word_1_526' title='bbox 2600 2478 2781 2548; x_wconf 85' lang='lat' dir='ltr'><strong>itaque</strong></span> <span class='ocrx_word' id='word_1_527' title='bbox 2807 2478 2926 2532; x_wconf 89' lang='lat' dir='ltr'><strong>ideo</strong></span> <span class='ocrx_word' id='word_1_528' title='bbox 2943 2477 3172 2532; x_wconf 78' lang='lat' dir='ltr'><strong>maxime</strong></span> <span class='ocrx_word' id='word_1_529' title='bbox 3199 2478 3370 2530; x_wconf 87' lang='lat' dir='ltr'><strong>virum</strong></span> <span class='ocrx_word' id='word_1_530' title='bbox 3400 2477 3579 2540; x_wconf 85' lang='lat' dir='ltr'><strong>laudo,</strong></span> 
     </span>
    </p>
   </div>
   <div class='ocr_carea' id='block_1_70' title="bbox 1999 2567 3583 2640">
    <p class='ocr_par' dir='ltr' id='par_1_70' title="bbox 1999 2567 3583 2640">
     <span class='ocr_line' id='line_1_70' title="bbox 1999 2567 3583 2640; baseline 0 -19"><span class='ocrx_word' id='word_1_531' title='bbox 1999 2568 2233 2624; x_wconf 88' lang='lat' dir='ltr'><strong>admiror</strong></span> <span class='ocrx_word' id='word_1_532' title='bbox 2261 2580 2315 2624; x_wconf 89' lang='lat' dir='ltr'><strong>et</strong></span> <span class='ocrx_word' id='word_1_533' title='bbox 2338 2569 2787 2640; x_wconf 87' lang='lat' dir='ltr'><strong>sapientissimum</strong></span> <span class='ocrx_word' id='word_1_534' title='bbox 2822 2585 2953 2624; x_wconf 90' lang='lat' dir='ltr'><strong>voco</strong></span> <span class='ocrx_word' id='word_1_535' title='bbox 2971 2611 2986 2635; x_wconf 95' lang='lat'><strong>,</strong></span> <span class='ocrx_word' id='word_1_536' title='bbox 3015 2567 3157 2638; x_wconf 92' lang='lat' dir='ltr'><strong>quod</strong></span> <span class='ocrx_word' id='word_1_537' title='bbox 3185 2583 3296 2622; x_wconf 87' lang='lat' dir='ltr'><strong>rem</strong></span> <span class='ocrx_word' id='word_1_538' title='bbox 3330 2568 3583 2636; x_wconf 80' lang='lat' dir='ltr'><strong>insipien-</strong></span> 
     </span>
    </p>
   </div>
   <div class='ocr_carea' id='block_1_71' title="bbox 2000 2659 3578 2732">
    <p class='ocr_par' dir='ltr' id='par_1_71' title="bbox 2000 2659 3578 2732">
     <span class='ocr_line' id='line_1_71' title="bbox 2000 2659 3578 2732; baseline 0 -18"><span class='ocrx_word' id='word_1_539' title='bbox 2000 2668 2102 2714; x_wconf 91' lang='lat' dir='ltr'><strong>tem</strong></span> <span class='ocrx_word' id='word_1_540' title='bbox 2137 2676 2255 2717; x_wconf 85' lang='lat' dir='ltr'><strong>esse</strong></span> <span class='ocrx_word' id='word_1_541' title='bbox 2285 2669 2492 2731; x_wconf 85' lang='lat' dir='ltr'><strong>putaret</strong></span> <span class='ocrx_word' id='word_1_542' title='bbox 2518 2663 2750 2732; x_wconf 84' lang='lat' dir='ltr'><strong>seipsum</strong></span> <span class='ocrx_word' id='word_1_543' title='bbox 2779 2661 2994 2716; x_wconf 90' lang='lat' dir='ltr'><strong>laudare</strong></span> <span class='ocrx_word' id='word_1_544' title='bbox 3034 2669 3088 2714; x_wconf 87' lang='lat' dir='ltr'><strong>et</strong></span> <span class='ocrx_word' id='word_1_545' title='bbox 3110 2659 3400 2714; x_wconf 89' lang='lat' dir='ltr'><strong>celebrare.</strong></span> <span class='ocrx_word' id='word_1_546' title='bbox 3430 2660 3578 2728; x_wconf 77' lang='lat' dir='ltr'><strong>Quod</strong></span> 
     </span>
    </p>
   </div>
   <div class='ocr_carea' id='block_1_72' title="bbox 1996 2750 3571 2817">
    <p class='ocr_par' dir='ltr' id='par_1_72' title="bbox 1996 2750 3571 2817">
     <span class='ocr_line' id='line_1_72' title="bbox 1996 2750 3571 2817; baseline -0.001 -11"><span class='ocrx_word' id='word_1_547' title='bbox 1996 2753 2040 2806; x_wconf 93' lang='lat' dir='ltr'><strong>si</strong></span> <span class='ocrx_word' id='word_1_548' title='bbox 2071 2753 2159 2807; x_wconf 90' lang='lat' dir='ltr'><strong>ille</strong></span> <span class='ocrx_word' id='word_1_549' title='bbox 2183 2794 2197 2817; x_wconf 90' lang='lat'><strong>,</strong></span> <span class='ocrx_word' id='word_1_550' title='bbox 2230 2753 2350 2807; x_wconf 89' lang='lat' dir='ltr'><strong>licet</strong></span> <span class='ocrx_word' id='word_1_551' title='bbox 2380 2753 2748 2808; x_wconf 88' lang='lat' dir='ltr'><strong>necessitatem</strong></span> <span class='ocrx_word' id='word_1_552' title='bbox 2780 2753 2978 2807; x_wconf 81' lang='lat' dir='ltr'><strong>instare</strong></span> <span class='ocrx_word' id='word_1_553' title='bbox 2994 2751 3236 2817; x_wconf 89' lang='lat' dir='ltr'><strong>videret,</strong></span> <span class='ocrx_word' id='word_1_554' title='bbox 3261 2750 3361 2805; x_wconf 85' lang='lat' dir='ltr'><strong>hoc</strong></span> <span class='ocrx_word' id='word_1_555' title='bbox 3389 2752 3571 2806; x_wconf 91' lang='lat' dir='ltr'><strong>stulti-</strong></span> 
     </span>
    </p>
   </div>
   <div class='ocr_carea' id='block_1_73' title="bbox 1997 2841 3572 2913">
    <p class='ocr_par' dir='ltr' id='par_1_73' title="bbox 1997 2841 3572 2913">
     <span class='ocr_line' id='line_1_73' title="bbox 1997 2841 3572 2913; baseline -0.001 -19"><span class='ocrx_word' id='word_1_556' title='bbox 1997 2841 2121 2894; x_wconf 90' lang='lat' dir='ltr'><strong>tiam</strong></span> <span class='ocrx_word' id='word_1_557' title='bbox 2141 2841 2377 2905; x_wconf 84' lang='lat' dir='ltr'><strong>vocabat,</strong></span> <span class='ocrx_word' id='word_1_558' title='bbox 2392 2859 2493 2912; x_wconf 91' lang='lat' dir='ltr'><strong>qua</strong></span> <span class='ocrx_word' id='word_1_559' title='bbox 2515 2843 2685 2908; x_wconf 87' lang='lat' dir='ltr'><strong>venia,</strong></span> <span class='ocrx_word' id='word_1_560' title='bbox 2705 2858 2807 2913; x_wconf 85' lang='lat' dir='ltr'><strong>qua</strong></span> <span class='ocrx_word' id='word_1_561' title='bbox 2826 2842 3166 2898; x_wconf 76' lang='lat' dir='ltr'><strong>excusatione</strong></span> <span class='ocrx_word' id='word_1_562' title='bbox 3185 2841 3326 2910; x_wconf 82' lang='lat' dir='ltr'><strong>digni</strong></span> <span class='ocrx_word' id='word_1_563' title='bbox 3341 2850 3499 2896; x_wconf 90' lang='lat' dir='ltr'><strong>erunt</strong></span> <span class='ocrx_word' id='word_1_564' title='bbox 3520 2842 3572 2906; x_wconf 88' lang='lat' dir='ltr'><strong>ii,</strong></span> 
     </span>
    </p>
   </div>
   <div class='ocr_carea' id='block_1_74' title="bbox 1994 2929 3575 3002">
    <p class='ocr_par' dir='ltr' id='par_1_74' title="bbox 1994 2929 3575 3002">
     <span class='ocr_line' id='line_1_74' title="bbox 1994 2929 3575 3002; baseline 0.002 -19"><span class='ocrx_word' id='word_1_565' title='bbox 1994 2929 2082 3000; x_wconf 91' lang='lat' dir='ltr'><strong>qui</strong></span> <span class='ocrx_word' id='word_1_566' title='bbox 2111 2931 2254 2983; x_wconf 85' lang='lat' dir='ltr'><strong>nulla</strong></span> <span class='ocrx_word' id='word_1_567' title='bbox 2284 2933 2600 2986; x_wconf 86' lang='lat' dir='ltr'><strong>necessitate</strong></span> <span class='ocrx_word' id='word_1_568' title='bbox 2624 2933 2690 2987; x_wconf 89' lang='lat' dir='ltr'><strong>de</strong></span> <span class='ocrx_word' id='word_1_569' title='bbox 2718 2929 2907 3001; x_wconf 87' lang='lat' dir='ltr'><strong>seipsis</strong></span> <span class='ocrx_word' id='word_1_570' title='bbox 2930 2947 3117 3002; x_wconf 86' lang='lat' dir='ltr'><strong>magna</strong></span> <span class='ocrx_word' id='word_1_571' title='bbox 3143 2932 3366 3001; x_wconf 89' lang='lat' dir='ltr'><strong>jactant,</strong></span> <span class='ocrx_word' id='word_1_572' title='bbox 3397 2940 3490 2986; x_wconf 90' lang='lat' dir='ltr'><strong>aut</strong></span> <span class='ocrx_word' id='word_1_573' title='bbox 3518 2948 3575 2986; x_wconf 81' lang='lat' dir='ltr'><strong>a-</strong></span> 
     </span>
    </p>
   </div>
   <div class='ocr_carea' id='block_1_75' title="bbox 1993 3021 3576 3092">
    <p class='ocr_par' dir='ltr' id='par_1_75' title="bbox 1993 3021 3576 3092">
     <span class='ocr_line' id='line_1_75' title="bbox 1993 3021 3576 3092; baseline 0.003 -18"><span class='ocrx_word' id='word_1_574' title='bbox 1993 3021 2092 3075; x_wconf 88' lang='lat' dir='ltr'><strong>lios</strong></span> <span class='ocrx_word' id='word_1_575' title='bbox 2112 3021 2310 3090; x_wconf 86' lang='lat' dir='ltr'><strong>jactare</strong></span> <span class='ocrx_word' id='word_1_576' title='bbox 2337 3023 2565 3092; x_wconf 79' lang='lat' dir='ltr'><strong>cogunt?</strong></span> <span class='ocrx_word' id='word_1_577' title='bbox 2584 3023 2706 3077; x_wconf 66' lang='lat' dir='ltr'><strong>llaac</strong></span> <span class='ocrx_word' id='word_1_578' title='bbox 2735 3038 2854 3076; x_wconf 92' lang='lat' dir='ltr'><strong>cum</strong></span> <span class='ocrx_word' id='word_1_579' title='bbox 2881 3022 3474 3091; x_wconf 88' lang='lat' dir='ltr'><strong>compertahabeamus,</strong></span> <span class='ocrx_word' id='word_1_580' title='bbox 3508 3040 3576 3079; x_wconf 84' lang='lat' dir='ltr'><strong>ne</strong></span> 
     </span>
    </p>
   </div>
   <div class='ocr_carea' id='block_1_76' title="bbox 1991 3111 3573 3181">
    <p class='ocr_par' dir='ltr' id='par_1_76' title="bbox 1991 3111 3573 3181">
     <span class='ocr_line' id='line_1_76' title="bbox 1991 3111 3573 3181; baseline 0.001 -17"><span class='ocrx_word' id='word_1_581' title='bbox 1991 3111 2099 3176; x_wconf 91' lang='lat' dir='ltr'><strong>illa,</strong></span> <span class='ocrx_word' id='word_1_582' title='bbox 2120 3126 2239 3181; x_wconf 75' lang='lat' dir='ltr'><strong>qua:</strong></span> <span class='ocrx_word' id='word_1_583' title='bbox 2265 3111 2402 3166; x_wconf 90' lang='lat' dir='ltr'><strong>dicta</strong></span> <span class='ocrx_word' id='word_1_584' title='bbox 2434 3121 2574 3178; x_wconf 91' lang='lat' dir='ltr'><strong>sunt,</strong></span> <span class='ocrx_word' id='word_1_585' title='bbox 2596 3111 2870 3167; x_wconf 91' lang='lat' dir='ltr'><strong>laudemus</strong></span> <span class='ocrx_word' id='word_1_586' title='bbox 2895 3122 3116 3175; x_wconf 89' lang='lat' dir='ltr'><strong>tantum,</strong></span> <span class='ocrx_word' id='word_1_587' title='bbox 3141 3111 3232 3166; x_wconf 91' lang='lat' dir='ltr'><strong>sed</strong></span> <span class='ocrx_word' id='word_1_588' title='bbox 3263 3113 3420 3166; x_wconf 88' lang='lat' dir='ltr'><strong>etiam</strong></span> <span class='ocrx_word' id='word_1_589' title='bbox 3451 3112 3573 3166; x_wconf 84' lang='lat' dir='ltr'><strong>imi-</strong></span> 
     </span>
    </p>
   </div>
   <div class='ocr_carea' id='block_1_77' title="bbox 1991 3203 3570 3274">
    <p class='ocr_par' dir='ltr' id='par_1_77' title="bbox 1991 3203 3570 3274">
     <span class='ocr_line' id='line_1_77' title="bbox 1991 3203 3570 3274; baseline 0.001 -17"><span class='ocrx_word' id='word_1_590' title='bbox 1991 3211 2163 3257; x_wconf 89' lang='lat' dir='ltr'><strong>temur</strong></span> <span class='ocrx_word' id='word_1_591' title='bbox 2191 3213 2246 3258; x_wconf 90' lang='lat' dir='ltr'><strong>et</strong></span> <span class='ocrx_word' id='word_1_592' title='bbox 2270 3205 2606 3271; x_wconf 67' lang='lat' dir='ltr'><strong>aemulemur,</strong></span> <span class='ocrx_word' id='word_1_593' title='bbox 2638 3213 2692 3258; x_wconf 91' lang='lat' dir='ltr'><strong>et</strong></span> <span class='ocrx_word' id='word_1_594' title='bbox 2721 3214 2865 3260; x_wconf 91' lang='lat' dir='ltr'><strong>recte</strong></span> <span class='ocrx_word' id='word_1_595' title='bbox 2893 3203 3155 3258; x_wconf 82' lang='lat' dir='ltr'><strong>factorum</strong></span> <span class='ocrx_word' id='word_1_596' title='bbox 3183 3203 3330 3258; x_wconf 91' lang='lat' dir='ltr'><strong>obliti</strong></span> <span class='ocrx_word' id='word_1_597' title='bbox 3359 3216 3570 3274; x_wconf 86' lang='lat' dir='ltr'><strong>peccata</strong></span> 
     </span>
    </p>
   </div>
   <div class='ocr_carea' id='block_1_78' title="bbox 1988 3296 3570 3366">
    <p class='ocr_par' dir='ltr' id='par_1_78' title="bbox 1988 3296 3570 3366">
     <span class='ocr_line' id='line_1_78' title="bbox 1988 3296 3570 3366; baseline 0.002 -19"><span class='ocrx_word' id='word_1_598' title='bbox 1988 3307 2200 3360; x_wconf 90' lang='lat' dir='ltr'><strong>semper</strong></span> <span class='ocrx_word' id='word_1_599' title='bbox 2223 3307 2726 3362; x_wconf 89' lang='lat' dir='ltr'><strong>commemoremus,</strong></span> <span class='ocrx_word' id='word_1_600' title='bbox 2758 3304 2819 3350; x_wconf 91' lang='lat' dir='ltr'><strong>ut</strong></span> <span class='ocrx_word' id='word_1_601' title='bbox 2845 3304 2896 3350; x_wconf 91' lang='lat' dir='ltr'><strong>et</strong></span> <span class='ocrx_word' id='word_1_602' title='bbox 2936 3296 3209 3350; x_wconf 88' lang='lat' dir='ltr'><strong>moderate</strong></span> <span class='ocrx_word' id='word_1_603' title='bbox 3247 3309 3404 3366; x_wconf 82' lang='lat' dir='ltr'><strong>agere</strong></span> <span class='ocrx_word' id='word_1_604' title='bbox 3449 3313 3570 3366; x_wconf 86' lang='lat' dir='ltr'><strong>pos-</strong></span> 
     </span>
    </p>
   </div>
   <div class='ocr_carea' id='block_1_79' title="bbox 1985 3383 3568 3456">
    <p class='ocr_par' dir='ltr' id='par_1_79' title="bbox 1985 3383 3568 3456">
     <span class='ocr_line' id='line_1_79' title="bbox 1985 3383 3568 3456; baseline 0.002 -18"><span class='ocrx_word' id='word_1_605' title='bbox 1985 3383 2174 3450; x_wconf 85' lang='lat' dir='ltr'><strong>simus,</strong></span> <span class='ocrx_word' id='word_1_606' title='bbox 2225 3396 2278 3440; x_wconf 90' lang='lat' dir='ltr'><strong>et</strong></span> <span class='ocrx_word' id='word_1_607' title='bbox 2307 3385 2372 3440; x_wconf 89' lang='lat' dir='ltr'><strong>ad</strong></span> <span class='ocrx_word' id='word_1_608' title='bbox 2414 3401 2474 3440; x_wconf 89' lang='lat' dir='ltr'><strong>ea</strong></span> <span class='ocrx_word' id='word_1_609' title='bbox 2521 3401 2639 3456; x_wconf 80' lang='lat' dir='ltr'><strong>quae</strong></span> <span class='ocrx_word' id='word_1_610' title='bbox 2668 3397 2792 3440; x_wconf 89' lang='lat' dir='ltr'><strong>ante</strong></span> <span class='ocrx_word' id='word_1_611' title='bbox 2841 3402 2937 3442; x_wconf 90' lang='lat' dir='ltr'><strong>nos</strong></span> <span class='ocrx_word' id='word_1_612' title='bbox 2985 3395 3106 3440; x_wconf 90' lang='lat' dir='ltr'><strong>sunt</strong></span> <span class='ocrx_word' id='word_1_613' title='bbox 3155 3386 3568 3454; x_wconf 83' lang='lat' dir='ltr'><strong>contendentes,</strong></span> 
     </span>
    </p>
   </div>
   <div class='ocr_carea' id='block_1_80' title="bbox 1987 3474 3567 3545">
    <p class='ocr_par' dir='ltr' id='par_1_80' title="bbox 1987 3474 3567 3545">
     <span class='ocr_line' id='line_1_80' title="bbox 1987 3474 3567 3545; baseline 0.002 -17"><span class='ocrx_word' id='word_1_614' title='bbox 1987 3474 2230 3528; x_wconf 83' lang='lat' dir='ltr'><strong>bravium</strong></span> <span class='ocrx_word' id='word_1_615' title='bbox 2283 3489 2525 3545; x_wconf 84' lang='lat' dir='ltr'><strong>supernae</strong></span> <span class='ocrx_word' id='word_1_616' title='bbox 2565 3477 2855 3530; x_wconf 86' lang='lat' dir='ltr'><strong>vocationis</strong></span> <span class='ocrx_word' id='word_1_617' title='bbox 2907 3477 3255 3545; x_wconf 88' lang='lat' dir='ltr'><strong>accipiamus,</strong></span> <span class='ocrx_word' id='word_1_618' title='bbox 3310 3477 3473 3545; x_wconf 83' lang='lat' dir='ltr'><strong>gratia</strong></span> <span class='ocrx_word' id='word_1_619' title='bbox 3516 3486 3567 3531; x_wconf 87' lang='lat' dir='ltr'><strong>et</strong></span> 
     </span>
    </p>
   </div>
   <div class='ocr_carea' id='block_1_81' title="bbox 1984 3565 3568 3636">
    <p class='ocr_par' dir='ltr' id='par_1_81' title="bbox 1984 3565 3568 3636">
     <span class='ocr_line' id='line_1_81' title="bbox 1984 3565 3568 3636; baseline -0.001 -16"><span class='ocrx_word' id='word_1_620' title='bbox 1984 3565 2311 3634; x_wconf 84' lang='lat' dir='ltr'><strong>benignitate</strong></span> <span class='ocrx_word' id='word_1_621' title='bbox 2354 3566 2564 3620; x_wconf 90' lang='lat' dir='ltr'><strong>Domini</strong></span> <span class='ocrx_word' id='word_1_622' title='bbox 2597 3567 2765 3620; x_wconf 89' lang='lat' dir='ltr'><strong>nostri</strong></span> <span class='ocrx_word' id='word_1_623' title='bbox 2787 3566 2914 3621; x_wconf 81' lang='lat' dir='ltr'><strong>Jesu</strong></span> <span class='ocrx_word' id='word_1_624' title='bbox 2961 3566 3191 3632; x_wconf 82' lang='lat' dir='ltr'><strong>Christi,</strong></span> <span class='ocrx_word' id='word_1_625' title='bbox 3224 3568 3436 3636; x_wconf 89' lang='lat' dir='ltr'><strong>quicum</strong></span> <span class='ocrx_word' id='word_1_626' title='bbox 3468 3568 3568 3622; x_wconf 82' lang='lat' dir='ltr'><strong>Pa-</strong></span> 
     </span>
    </p>
   </div>
   <div class='ocr_carea' id='block_1_82' title="bbox 1985 3657 3558 3728">
    <p class='ocr_par' dir='ltr' id='par_1_82' title="bbox 1985 3657 3558 3728">
     <span class='ocr_line' id='line_1_82' title="bbox 1985 3657 3558 3728; baseline 0.001 -18"><span class='ocrx_word' id='word_1_627' title='bbox 1985 3657 2070 3720; x_wconf 91' lang='lat' dir='ltr'><strong>tri,</strong></span> <span class='ocrx_word' id='word_1_628' title='bbox 2121 3674 2223 3712; x_wconf 89' lang='lat' dir='ltr'><strong>una</strong></span> <span class='ocrx_word' id='word_1_629' title='bbox 2281 3675 2401 3714; x_wconf 90' lang='lat' dir='ltr'><strong>cum</strong></span> <span class='ocrx_word' id='word_1_630' title='bbox 2464 3669 2651 3714; x_wconf 89' lang='lat' dir='ltr'><strong>sancto</strong></span> <span class='ocrx_word' id='word_1_631' title='bbox 2702 3659 2931 3728; x_wconf 84' lang='lat' dir='ltr'><strong>Spiritu,</strong></span> <span class='ocrx_word' id='word_1_632' title='bbox 2989 3660 3192 3728; x_wconf 89' lang='lat' dir='ltr'><strong>gloria,</strong></span> <span class='ocrx_word' id='word_1_633' title='bbox 3247 3660 3558 3728; x_wconf 83' lang='lat' dir='ltr'><strong>imperium,</strong></span> 
     </span>
    </p>
   </div>
   <div class='ocr_carea' id='block_1_83' title="bbox 1981 3747 3559 3818">
    <p class='ocr_par' dir='ltr' id='par_1_83' title="bbox 1981 3747 3559 3818">
     <span class='ocr_line' id='line_1_83' title="bbox 1981 3747 3559 3818; baseline 0.001 -18"><span class='ocrx_word' id='word_1_634' title='bbox 1981 3747 2170 3815; x_wconf 79' lang='lat' dir='ltr'><strong>ltonor,</strong></span> <span class='ocrx_word' id='word_1_635' title='bbox 2214 3763 2354 3804; x_wconf 89' lang='lat' dir='ltr'><strong>nunc</strong></span> <span class='ocrx_word' id='word_1_636' title='bbox 2401 3757 2453 3804; x_wconf 90' lang='lat' dir='ltr'><strong>et</strong></span> <span class='ocrx_word' id='word_1_637' title='bbox 2499 3763 2728 3818; x_wconf 88' lang='lat' dir='ltr'><strong>semper,</strong></span> <span class='ocrx_word' id='word_1_638' title='bbox 2769 3759 2823 3804; x_wconf 91' lang='lat' dir='ltr'><strong>ct</strong></span> <span class='ocrx_word' id='word_1_639' title='bbox 2866 3749 2918 3803; x_wconf 89' lang='lat' dir='ltr'><strong>in</strong></span> <span class='ocrx_word' id='word_1_640' title='bbox 2970 3750 3164 3804; x_wconf 66' lang='lat' dir='ltr'><strong>sarcula</strong></span> <span class='ocrx_word' id='word_1_641' title='bbox 3221 3749 3559 3804; x_wconf 61' lang='lat' dir='ltr'><strong>Str-culorum.</strong></span> 
     </span>
    </p>
   </div>
   <div class='ocr_carea' id='block_1_84' title="bbox 1979 3839 2171 3892">
    <p class='ocr_par' dir='ltr' id='par_1_84' title="bbox 1979 3839 2171 3892">
     <span class='ocr_line' id='line_1_84' title="bbox 1979 3839 2171 3892; baseline 0.005 -2"><span class='ocrx_word' id='word_1_642' title='bbox 1979 3839 2171 3892; x_wconf 82' lang='lat' dir='ltr'><strong>Amen.</strong></span> 
     </span>
    </p>
   </div>
   <div class='ocr_carea' id='block_1_85' title="bbox 1975 4013 3557 4076">
    <p class='ocr_par' dir='ltr' id='par_1_85' title="bbox 1975 4013 3557 4076">
     <span class='ocr_line' id='line_1_85' title="bbox 1975 4013 3557 4076; baseline 0.004 -16"><span class='ocrx_word' id='word_1_643' title='bbox 1975 4013 2546 4076; x_wconf 9' lang='lat' dir='ltr'><strong>superﬂuamgortamquc</strong></span> <span class='ocrx_word' id='word_1_644' title='bbox 2564 4026 2628 4063; x_wconf 80' lang='lat' dir='ltr'><strong>ex</strong></span> <span class='ocrx_word' id='word_1_645' title='bbox 2653 4013 2950 4076; x_wconf 79' lang='lat' dir='ltr'><strong>glossemate</strong></span> <span class='ocrx_word' id='word_1_646' title='bbox 2973 4013 3220 4076; x_wconf 84' lang='lat' dir='ltr'><strong>marginali</strong></span> <span class='ocrx_word' id='word_1_647' title='bbox 3240 4014 3299 4064; x_wconf 89' lang='lat' dir='ltr'><strong>ad</strong></span> <span class='ocrx_word' id='word_1_648' title='bbox 3319 4015 3557 4066; x_wconf 78' lang='lat' dir='ltr'><strong>Jerobual.</strong></span> 
     </span>
    </p>
   </div>
   <div class='ocr_carea' id='block_1_86' title="bbox 1975 4073 3558 4138">
    <p class='ocr_par' dir='ltr' id='par_1_86' title="bbox 1975 4073 3558 4138">
     <span class='ocr_line' id='line_1_86' title="bbox 1975 4073 3558 4138; baseline 0.002 -17"><span class='ocrx_word' id='word_1_649' title='bbox 1975 4079 2028 4122; x_wconf 75' lang='lat' dir='ltr'><strong>Et</strong></span> <span class='ocrx_word' id='word_1_650' title='bbox 2040 4073 2248 4138; x_wconf 80' lang='lat' dir='ltr'><strong>quidem</strong></span> <span class='ocrx_word' id='word_1_651' title='bbox 2271 4074 2400 4138; x_wconf 84' lang='lat' dir='ltr'><strong>idem</strong></span> <span class='ocrx_word' id='word_1_652' title='bbox 2427 4073 2534 4138; x_wconf 71' lang='lat' dir='ltr'><strong>erat</strong></span> <span class='ocrx_word' id='word_1_653' title='bbox 2565 4073 2790 4138; x_wconf 75' lang='lat' dir='ltr'><strong>Jerobaal</strong></span> <span class='ocrx_word' id='word_1_654' title='bbox 2814 4082 2866 4124; x_wconf 82' lang='lat' dir='ltr'><strong>et</strong></span> <span class='ocrx_word' id='word_1_655' title='bbox 2904 4073 3120 4138; x_wconf 73' lang='lat' dir='ltr'><strong>(:edeon.</strong></span> <span class='ocrx_word' id='word_1_656' title='bbox 3147 4083 3314 4138; x_wconf 83' lang='lat' dir='ltr'><strong>Itaque</strong></span> <span class='ocrx_word' id='word_1_657' title='bbox 3337 4084 3422 4138; x_wconf 78' lang='lat' dir='ltr'><strong>aut</strong></span> <span class='ocrx_word' id='word_1_658' title='bbox 3444 4092 3558 4138; x_wconf 72' lang='lat' dir='ltr'><strong>vox,</strong></span> 
     </span>
    </p>
   </div>
   <div class='ocr_carea' id='block_1_87' title="bbox 1973 4089 3559 4199">
    <p class='ocr_par' dir='ltr' id='par_1_87' title="bbox 1973 4089 3559 4199">
     <span class='ocr_line' id='line_1_87' title="bbox 1975 4089 3558 4138; baseline 0.002 -17"><span class='ocrx_word' id='word_1_659' title='bbox 1975 4089 2028 4122; x_wconf 69' lang='grc' dir='ltr'><strong>ιι</strong></span> <span class='ocrx_word' id='word_1_660' title='bbox 2050 4089 2064 4122; x_wconf 93' lang='grc'><strong>(</strong></span> <span class='ocrx_word' id='word_1_661' title='bbox 2085 4089 2248 4122; x_wconf 79' lang='lat' dir='ltr'><strong>umem</strong></span> <span class='ocrx_word' id='word_1_662' title='bbox 2271 4089 2400 4122; x_wconf 83' lang='lat' dir='ltr'><strong>luem</strong></span> <span class='ocrx_word' id='word_1_663' title='bbox 2427 4089 2534 4123; x_wconf 85' lang='lat' dir='ltr'><strong>erat</strong></span> <span class='ocrx_word' id='word_1_664' title='bbox 2565 4089 2789 4125; x_wconf 83' lang='lat' dir='ltr'><strong>Jerooaat</strong></span> <span class='ocrx_word' id='word_1_665' title='bbox 2814 4089 2866 4124; x_wconf 71' lang='grc' dir='ltr'>ει</span> <span class='ocrx_word' id='word_1_666' title='bbox 2904 4089 3120 4125; x_wconf 53' lang='grc' dir='ltr'><strong>(λιαροη.</strong></span> <span class='ocrx_word' id='word_1_667' title='bbox 3147 4089 3314 4138; x_wconf 81' lang='lat' dir='ltr'><strong>Itaque</strong></span> <span class='ocrx_word' id='word_1_668' title='bbox 3337 4089 3422 4126; x_wconf 84' lang='lat' dir='ltr'><strong>aut</strong></span> <span class='ocrx_word' id='word_1_669' title='bbox 3444 4092 3558 4136; x_wconf 68' lang='lat' dir='ltr'><strong>VM,</strong></span> 
     </span>
     <span class='ocr_line' id='line_1_88' title="bbox 1973 4089 3559 4199; baseline 0.001 -17"><span class='ocrx_word' id='word_1_670' title='bbox 1973 4089 2177 4193; x_wconf 48' lang='lat' dir='ltr'><strong>aedem,</strong></span> <span class='ocrx_word' id='word_1_671' title='bbox 2205 4141 2288 4184; x_wconf 89' lang='lat' dir='ltr'><strong>aut</strong></span> <span class='ocrx_word' id='word_1_672' title='bbox 2309 4134 2512 4199; x_wconf 74' lang='lat' dir='ltr'><strong>virgula</strong></span> <span class='ocrx_word' id='word_1_673' title='bbox 2525 4137 2654 4199; x_wconf 80' lang='lat' dir='ltr'><strong>inter</strong></span> <span class='ocrx_word' id='word_1_674' title='bbox 2675 4137 2864 4186; x_wconf 83' lang='lat' dir='ltr'><strong>Gedeon</strong></span> <span class='ocrx_word' id='word_1_675' title='bbox 2887 4143 2938 4199; x_wconf 84' lang='lat' dir='ltr'><strong>et</strong></span> <span class='ocrx_word' id='word_1_676' title='bbox 2949 4136 3181 4199; x_wconf 17' lang='lat' dir='ltr'><strong>,Jerobaat</strong></span> <span class='ocrx_word' id='word_1_677' title='bbox 3215 4138 3368 4199; x_wconf 85' lang='lat' dir='ltr'><strong>posita</strong></span> <span class='ocrx_word' id='word_1_678' title='bbox 3386 4136 3559 4187; x_wconf 75' lang='lat' dir='ltr'><strong>delea-</strong></span> 
     </span>
    </p>
   </div>
   <div class='ocr_carea' id='block_1_88' title="bbox 1975 4197 3558 4260">
    <p class='ocr_par' dir='ltr' id='par_1_88' title="bbox 1975 4197 3558 4260">
     <span class='ocr_line' id='line_1_89' title="bbox 1975 4197 3558 4260; baseline 0.003 -16"><span class='ocrx_word' id='word_1_679' title='bbox 1975 4201 2052 4244; x_wconf 90' lang='lat' dir='ltr'><strong>tur</strong></span> <span class='ocrx_word' id='word_1_680' title='bbox 2075 4209 2290 4260; x_wconf 86' lang='lat' dir='ltr'><strong>necesse</strong></span> <span class='ocrx_word' id='word_1_681' title='bbox 2307 4197 2430 4260; x_wconf 80' lang='lat' dir='ltr'><strong>est;</strong></span> <span class='ocrx_word' id='word_1_682' title='bbox 2471 4197 2659 4260; x_wconf 83' lang='lat' dir='ltr'><strong>virgula</strong></span> <span class='ocrx_word' id='word_1_683' title='bbox 2681 4204 2847 4248; x_wconf 88' lang='lat' dir='ltr'><strong>autem</strong></span> <span class='ocrx_word' id='word_1_684' title='bbox 2878 4198 3047 4248; x_wconf 88' lang='lat' dir='ltr'><strong>deleta</strong></span> <span class='ocrx_word' id='word_1_685' title='bbox 3070 4232 3084 4248; x_wconf 92' lang='lat'><strong>.</strong></span> <span class='ocrx_word' id='word_1_686' title='bbox 3116 4197 3227 4248; x_wconf 77' lang='lat' dir='ltr'><strong>duo</strong></span> <span class='ocrx_word' id='word_1_687' title='bbox 3247 4200 3438 4248; x_wconf 86' lang='lat' dir='ltr'><strong>nomina</strong></span> <span class='ocrx_word' id='word_1_688' title='bbox 3473 4211 3558 4248; x_wconf 85' lang='lat' dir='ltr'><strong>su-</strong></span> 
     </span>
    </p>
   </div>
   <div class='ocr_carea' id='block_1_89' title="bbox 1971 4259 3333 4323">
    <p class='ocr_par' dir='ltr' id='par_1_89' title="bbox 1971 4259 3333 4323">
     <span class='ocr_line' id='line_1_90' title="bbox 1971 4259 3333 4323; baseline 0.003 -16"><span class='ocrx_word' id='word_1_689' title='bbox 1971 4261 2166 4307; x_wconf 86' lang='lat' dir='ltr'><strong>mentur</strong></span> <span class='ocrx_word' id='word_1_690' title='bbox 2189 4259 2478 4321; x_wconf 88' lang='lat' dir='ltr'><strong>conjunctim</strong></span> <span class='ocrx_word' id='word_1_691' title='bbox 2499 4259 2649 4309; x_wconf 83' lang='lat' dir='ltr'><strong>unum</strong></span> <span class='ocrx_word' id='word_1_692' title='bbox 2673 4267 2724 4311; x_wconf 88' lang='lat' dir='ltr'><strong>et</strong></span> <span class='ocrx_word' id='word_1_693' title='bbox 2749 4260 2976 4313; x_wconf 84' lang='lat' dir='ltr'><strong>eumdem</strong></span> <span class='ocrx_word' id='word_1_694' title='bbox 2998 4260 3333 4323; x_wconf 82' lang='lat' dir='ltr'><strong>significantia.</strong></span> 
     </span>
    </p>
   </div>
  </div>
