4060 6260
1191 366 1248 422 S.
1284 366 1569 423 JOANNlb‘
1603 363 2089 424 CllRYSOSTOMl
2142 364 2459 422 ARCHIEP.
2499 363 3035 423 CONSTANTINOP.

3470 500 3712 515 ἰ’-η

1263 670 1615 732 MONlTUM
1658 670 1756 731 AD
1789 670 2166 731 HOMILIAM
2206 671 2287 731 IN
2327 670 2550 731 ILLUD
2593 670 2980 742 APOSTOLI,

574 814 726 870 llane
753 813 1029 870 homiliam
1056 814 1312 885 habuisse
1350 814 1801 885 Chrysostomum
1842 828 1952 881 quo
1995 822 2237 885 tempore
2275 813 2716 885 cumgAnommis
2758 814 3059 885 Antiochia:
3104 816 3482 879 concertahat,
3529 815 3577 868 si
3610 831 3750 885 non

510 888 734 939 omnino
753 894 979 945 certum.
1005 883 1296 938 admodum
1328 882 1518 938 saltem
1548 884 1841 937 verisimile
1875 892 1975 936 est.
2004 882 2058 936 Id
2084 884 2228 936 enim
2261 883 2470 937 exordii
2512 885 2671 937 verba
2700 885 2950 937 suadent.
2974 882 3105 937 Cum
3134 902 3318 953 nuper,
3351 886 3560 950 inquit,
3599 884 3751 936 I'Ita-

506 956 653 1009 ristei
675 966 723 1008 et
755 953 1022 1022 publicani
1055 955 1365 1007 mentionem
1398 954 1685 1017 faceremus
1714 962 1763 1006 et
1795 953 1924 1004 duos
1961 967 2146 1004 currus
2179 967 2244 1005 ea:
2271 955 2465 1006 virtute
2492 962 2542 1005 et
2583 967 2648 1005 ea:
2676 954 2801 1006 vitio
2830 955 3167 1022 jungeremus
3192 994 3206 1016 ,
3243 966 3526 1022 utrumque
3558 962 3749 1006 osten-

505 1027 701 1086 dimus,
732 1021 988 1090 quantum
1016 1025 1083 1076 sit
1108 1024 1163 1075 in
1191 1022 1490 1076 humilitate
1515 1022 1671 1084 lucri,
1706 1034 1754 1076 et
1782 1031 2039 1090 quantum
2066 1022 2134 1090 in~
2153 1023 2460 1090 arrogantia
2494 1023 2708 1086 damni,
2739 1033 2847 1077 etc.
2889 1021 3012 1076 Haec
3059 1038 3221 1090 porro
3262 1021 3449 1078 confer
3482 1039 3607 1077 cum
3660 1023 3753 1076 Itis

511 1094 689 1149 verbis
717 1088 961 1146 llotuilite
992 1094 1195 1161 quinta:
1224 1102 1412 1145 contra
1445 1092 1737 1146 Auontmos
1776 1088 1928 1145 tium.
1970 1091 2003 1143 6
2035 1098 2089 1145 et
2124 1088 2154 1141 7
2188 1110 2201 1145 :
2238 1088 2304 1144 Ut
2334 1100 2508 1144 autem
2542 1092 2715 1145 discas
2737 1131 2751 1156 ,
2790 1088 3277 1161 quantum—bonum
3322 1094 3389 1145 sit
3424 1109 3527 1145 non
3571 1090 3750 1143 altum

508 1179 712 1228 sapere,
751 1162 880 1231 duos
918 1163 1053 1231 [iuge
1080 1178 1290 1220 currus.
1318 1162 1482 1231 junge
1505 1161 1774 1231 justitiam
1805 1177 1922 1213 cum
1955 1163 2283 1231 arrogantia,
2314 1170 2364 1231 et
2393 1170 2662 1227 pet-catum
2688 1178 2805 1213 cum
2839 1161 3133 1214 humilitate
3161 1178 3178 1216 :
3212 1162 3507 1231 videbisque
3537 1164 3755 1225 peccati

508 1248 718 1285 currum
744 1228 977 1299 justitiw
997 1228 1209 1283 currum
1236 1228 1619 1299 praedem...
1667 1228 1733 1283 Ut
1764 1245 1919 1298 porro
1957 1228 2131 1283 videas
2159 1230 2294 1283 hanc
2320 1230 2492 1299 bigam
2516 1231 2610 1283 illa
2646 1231 2950 1284 velociorem
2981 1247 3112 1297 esse,
3146 1228 3431 1285 recordare
3470 1231 3749 1283 Pltm‘iscti

505 1311 557 1353 et
588 1298 890 1370 publicani;
918 1301 1101 1368 junxit
1131 1298 1434 1353 Pharisa-us
1454 1300 1724 1370 justitiam
1759 1309 1806 1353 et
1835 1300 2217 1370 arrogantiam,
2244 1310 2371 1370 etc.
2392 1298 2485 1352 His
2507 1301 2812 1368 conspectis
2847 1301 2935 1353 vix
2968 1310 3053 1355 est
3081 1302 3575 1370 quoddubitemus
3602 1303 3753 1353 hanc

513 1369 789 1424 homiliam
816 1372 1002 1438 paucis
1024 1380 1145 1436 post
1163 1371 1479 1425 concionem
1507 1369 1753 1437 quintam
1790 1379 1979 1438 contra
2004 1369 2304 1438 Anommos
2343 1369 2536 1423 diebus
2562 1371 2966 1438 pronuntiatam
3005 1369 3194 1425 fuiSse.
3222 1369 3418 1436 Quinta
3472 1386 3600 1422 vero
3642 1371 3750 1421 ho-

513 1441 659 1495 milia
685 1436 876 1509 contra
905 1438 1193 1492 Anotnaaos
1215 1436 1651 1509 camprtece’ssit,
1679 1455 1801 1507 qua:
1826 1439 1878 1491 in
1916 1437 1972 1492 S.
2002 1436 2382 1509 Philogonium
2415 1436 2670 1509 dicta—gest
2698 1441 2935 1508 quinque
2962 1450 3086 1493 ante
3107 1439 3348 1494 Natalem
3379 1439 3592 1492 Domini
3624 1438 3749 1490 die-

514 1511 634 1563 hus.
668 1508 1035 1577 Quamobrem
1067 1511 1113 1561 si
1144 1509 1283 1560 inter
1312 1507 1583 1577 llotnilias
1600 1509 1666 1577 in
1698 1506 2074 1577 Philogonium
2103 1506 2243 1561 ct'in
2273 1506 2515 1562 Natalem
2567 1506 2776 1562 Domini
2818 1506 2964 1563 nulla
3009 1509 3413 1571 intercesserit,
3451 1519 3511 1562 ut
3537 1509 3750 1577 optimc

510 1577 729 1646 conjicit
759 1576 1156 1649 Tilletnonlius,
1188 1577 1302 1649 haec
1338 1579 1390 1630 in
1420 1574 1542 1649 dies
1568 1574 1808 1631 Natalem
1839 1574 2055 1649 Domini
2078 1579 2496 1649 subsequentes,
2533 1588 2694 1649 atque
2736 1578 2873 1633 adeo
2910 1579 2963 1633 in
3015 1588 3319 1649 postremos
3352 1579 3479 1649 anni
3513 1576 3618 1649 386
3651 1593 3753 1649 ap-

513 1644 688 1716 posite
714 1646 1027 1716 conjicitur.
1058 1646 1175 1712 Qua
1205 1647 1271 1700 de
1296 1662 1356 1701 re
1385 1646 1634 1717 pluribus
1666 1656 1856 1717 agetur
1882 1646 1936 1701 iu
1965 1644 2084 1701 Vita
2111 1644 2505 1717 Chrysostomi.
2538 1644 2765 1705 Occasio
2788 1658 2967 1705 autem
2992 1644 3157 1719 hujus
3177 1648 3437 1703 habenda:
3457 1647 3751 1702 coneiouis

1936 2126 2046 2196 IN
2098 2126 2292 2199 EOS

621 2275 729 2328 QUI
773 2277 942 2322 MALE
989 2277 1288 2319 UTUNTUR
1333 2277 1455 2319 ιιοα
1499 2276 1796 2319 Αιιοετοιι
1841 2276 2053 2326 DICTO,
2099 2277 2237 2320 SIVE
2281 2279 2400 2320 PER
2443 2280 2857 2335 OCCASIONEM,
2890 2282 3026 2324 SH’E
3070 2283 3187 2323 PER
3233 2282 3629 2337 V‘ERITATEM,

978 2355 1283 2399 CHRISTUS
1331 2356 1778 2399 ANNUNTIATUR
1827 2337 2154 2417 (Philipp.
2190 2339 2453 2421 1.13);
2502 2361 2581 2401 er
2624 2361 2704 2402 DE
2750 2361 3141 2404 numnum
3189 2341 3295 2423 (tt).

588 2578 635 2631 l.
698 2577 763 2631 In
799 2576 1093 2630 humilitate
1125 2587 1381 2647 quantum
1415 2578 1553 2641 boni,
1595 2584 1644 2629 et
1680 2578 1734 2630 in
1770 2580 2080 2647 arrogantia

514 2675 770 2735 quantum
829 2663 959 2718 mali
1009 2666 1154 2719 insit.
1216 2696 1286 2705 -——
1337 2664 1474 2719 Cum
1517 2680 1694 2734 nuper
1737 2665 1990 2720 Pharisaai
2023 2673 2081 2720 et

514 2755 790 2825 publicani
846 2752 1181 2810 mentionem
1238 2753 1578 2819 faceremus,
1640 2769 1705 2808 ac
1757 2754 1896 2809 duos
1947 2769 2078 2808 cur-

514 2860 609 2900 rus
642 2861 708 2899 ex
746 2845 950 2900 virtute
984 2853 1040 2899 et
1075 2861 1143 2899 ex
1179 2846 1314 2899 vitio
1340 2846 1732 2915 jungeremus,
1782 2830 2077 2915 utrumque

512 2933 853 2989 ostendimus
876 2975 891 2999 ,
955 2941 1222 3004 quantum
1260 2933 1333 2989 sit
1372 2935 1427 2986 in
1465 2932 1769 2987 humilitate
1806 2934 1983 2999 lucri,
2022 2943 2078 2989 et

511 3033 777 3093 quantum
816 3025 872 3078 in
905 3024 1215 3094 arrogantia
1255 3023 1459 3077 damni.
1504 3021 1627 3077 Haec
1659 3022 1861 3091 quippe
1909 3019 2075 3077 etia'tn

512 3130 637 3167 eum
673 3115 913 3184 justitia,
973 3123 1030 3169 et
1065 3130 1192 3169 cum
1227 3114 1477 3183 jejuniis,
1535 3122 1698 3182 atque
1737 3113 2074 3167 decimarum

513 3203 786 3258 solutione
845 3204 1169 3273 conjuncta,
1227 3203 1429 3257 defecit
1487 3213 1667 3257 tamen
1729 3220 1743 3255 :
1802 3202 1895 3257 illa
1943 3217 2077 3257 vero

511 3290 677 3342 etiam
725 3305 850 3344 cum
914 3300 1139 3359 peccato
1186 3291 1477 3359 copulata,
1541 3290 1876 3346 Pharisaaum
1936 3307 2079 3362 pne-

513 3373 708 3439 vertit,
736 3375 837 3429 etsi
864 3375 1162 3439 improbum
1190 3377 1425 3446 aurigam
1452 3388 1625 3435 nacta.
1658 3380 1794 3447 Quid
1821 3382 1961 3437 enim
1992 3398 2087 3452 pe-

511 3466 595 3537 jus
624 3466 938 3537 publicano?
963 3469 1207 3523 Attamen
1236 3470 1355 3538 quia
1385 3470 1614 3524 animam
1640 3485 1791 3527 suam
1816 3474 2086 3541 contrivit,

513 3567 647 3612 etse
675 3568 1008 3627 peccatorem
1057 3558 1366 3625 declaravit,
1417 3570 1474 3615 ut
1514 3576 1701 3616 revera
1729 3573 1866 3629 erat,
1900 3564 2088 3618 Phari-

513 3664 677 3702 sa-utn
699 3649 984 3717 superavit,
1011 3650 1096 3718 qni
1113 3650 1312 3719 jejunia
1332 3659 1385 3705 et
1410 3650 1737 3706 decimarum
1766 3654 2085 3707 solutionem

517 3739 755 3807 proferre
814 3751 1041 3808 poterat,
1084 3752 1303 3811 eratque
1346 3744 1413 3797 ab
1444 3745 1587 3798 omni
1643 3746 1877 3815 nequitia
1931 3746 2080 3800 liher.

514 3833 638 3896 (Zur,
666 3841 720 3886 et
739 3847 837 3901 qua
861 3833 927 3887 de
947 3836 1150 3887 causa?
1178 3834 1311 3902 Quia
1337 3837 1435 3907 etsi
1463 3837 1529 3890 ab
1553 3838 1772 3891 avaritia
1803 3847 1857 3891 et
1881 3853 1911 3891 a
1943 3839 2085 3907 rapi-

514 3937 579 3976 na
618 3931 762 3978 esset
784 3923 1009 3989 alienus,
1060 3926 1295 3979 omnium
1347 3904 1607 3981 malorum
1640 3937 1865 3981 matrem
1896 3944 2085 3982 vanam

512 4014 731 4082 gloriam
780 4023 834 4068 et
873 4016 1229 4084 arrogantiam
1264 4015 1445 4070 habuit
1483 4017 1534 4070 in
1565 4019 1745 4071 animo
1775 4018 2083 4073 radicatam.

516 4104 637 4159 Ideo
693 4105 886 4158 Paulus
935 4105 1178 4159 hortatur
1204 4116 1258 4159 et
1307 4107 1435 4161 dicit
1483 4125 1498 4160 :
1546 4107 1689 4175 Opus
1726 4125 1873 4162 suum
1914 4110 2085 4178 probet

516 4194 854 4262 unusquisque
883 4234 897 4258 ,
930 4203 975 4245 et
1003 4195 1074 4247 sic
1104 4195 1155 4246 in
1191 4196 1455 4263 semetipso
1511 4196 1725 4266 gloriam
1766 4197 1992 4259 habebit,
2041 4206 2089 4252 et

515 4301 615 4338 non
644 4286 696 4337 in
717 4284 876 4337 altera
905 4282 1044 4353 (Gal.
1069 4284 1122 4339 6.
1162 4284 1237 4352 Δ).
1280 4283 1373 4341 llle
1414 4296 1589 4342 autem
1620 4288 1778 4342 totius
1819 4286 1964 4342 orbis
1998 4304 2088 4344 ac-

515 4384 730 4430 cusator
760 4376 813 4430 in
841 4375 1073 4430 medium
1106 4378 1363 4447 prorupit,
1391 4393 1554 4449 seque
1582 4380 1828 4434 omnibus
1856 4379 2087 4434 homini-

517 4470 615 4523 bus
645 4468 922 4524 mcliorem
950 4468 1101 4523 dixit.
1130 4470 1288 4538 Atqui
1316 4470 1360 4525 si
1390 4470 1564 4539 denis,
1609 4471 1655 4527 si
1680 4473 1856 4542 quiuis
1876 4514 1889 4535 ,
1921 4473 1965 4526 si
2010 4473 2090 4527 bi-

514 4559 616 4625 nis,
655 4560 761 4614 imo
787 4560 831 4614 si
862 4560 953 4614 uni
1004 4561 1237 4629 scipsum
1269 4563 1620 4630 prtetulisset,
1668 4579 1735 4617 ne
1782 4563 1833 4617 id
1872 4563 2086 4633 quidem

514 4652 789 4706 terendum
833 4659 946 4706 erat
979 4651 1127 4722 :jam
1162 4668 1291 4707 vero
1332 4668 1440 4707 non
1483 4667 1544 4709 se
1586 4663 1784 4707 tantum
1841 4655 1933 4708 toti
1970 4655 2086 4710 orbi

512 4746 838 4815 anteposuit,
868 4746 959 4800 sed
991 4746 1150 4801 etiam
1180 4761 1365 4802 omnes
1381 4748 1665 4801 accusavit.
1698 4746 1823 4801 ldeo
1848 4747 1899 4800 in
1927 4762 2088 4802 cursu

510 4833 723 4890 defecit.
753 4836 817 4891 Et
841 4851 940 4891 ceu
961 4839 1128 4900 navis,
1152 4837 1241 4907 qui
1272 4837 1578 4892 innumeros
1598 4837 1787 4891 fluctus
1816 4845 2086 4906 pertrans-

512 4927 590 4990 iit,
634 4937 688 4981 et
738 4936 1077 4996 tempestates
1103 4928 1296 4983 multas
1335 4928 1536 4998 effugit,
1562 4942 1625 4982 ac
1653 4928 1844 4983 deinde
1875 4928 1927 4982 in
1974 4930 2091 4998 ipso

517 5025 699 5086 portus
718 5018 855 5072 ostio
879 5017 932 5070 in
959 5017 1189 5088 aliquem
1226 5018 1503 5087 scopulum
1533 5019 1769 5087 impegit,
1801 5032 2013 5072 omnem
2036 5034 2089 5072 Ill

513 5122 571 5161 se
593 5107 882 5177 repositum
904 5107 1211 5163 thesaurum
1239 5108 1432 5161 amittit
1459 5125 1471 5160 :
1502 5108 1570 5160 ita
1591 5116 1645 5161 et
1674 5106 1761 5160 hic
1791 5106 2090 5161 Pharismus

514 5205 634 5267 post
653 5195 841 5265 jejunii
872 5207 1292 5267 cmterarnmque
1318 5197 1554 5251 omnium
1573 5197 1823 5251 virtutum
1853 5197 2082 5260 labores,

514 5288 635 5357 quia
666 5288 897 5356 linguam
926 5302 1031 5341 non
1060 5286 1317 5350 cohibuit,
1346 5287 1396 5339 in
1428 5286 1542 5355 ipso
1572 5296 1723 5354 portu
1760 5285 2088 5355 naufragium

514 5378 660 5433 fecit.
686 5380 760 5433 Ex
790 5380 1034 5449 precibus
1050 5380 1215 5443 enim,
1241 5378 1377 5433 unde
1394 5379 1597 5432 lucrum
1615 5378 2085 5447 cratsperandum,

517 5485 638 5524 cum
671 5479 816 5525 tanto
841 5472 988 5526 abire
1029 5470 1257 5536 datnno,
1309 5470 1440 5525 nihil
1485 5468 1625 5523 aliud
1674 5480 1805 5533 erat,
1848 5485 2005 5538 quam
2035 5469 2086 5523 in

521 5570 673 5628 portu
698 5563 1025 5630 naufragium
1054 5561 1247 5616 faccre.

572 5650 648 5711 (τι)
681 5651 860 5701 Collata
883 5666 989 5701 cum
1011 5652 1121 5701 Mss.
1146 5651 1434 5701 (:olbertinis
1462 5650 1556 5712 970
1589 5650 1804 5712 (47,3058,
1829 5650 1910 5712 qui
1934 5649 2004 5698 sic
2027 5649 2082 5698 ti-

510 5709 663 5760 tulum
700 5713 1205 5779 elleruutzttjusdcm;
1236 5720 1343 5779 ante
1360 5711 1817 5779 hmtchotnilimntte
1838 5709 2081 5779 i’lttlt‘tsttM

511 5772 1009 5834 scrmocinatus,nvm'
1028 5774 1074 5823 in
1098 5787 1175 5825 eos
1193 5774 1331 5825 verba
1355 5773 1469 5834 facit
1493 5772 1573 5834 qui
1597 5772 1720 5822 mute
1744 5778 1953 5831 utuntur,
1982 5777 2076 5819 etc.

2060 2454 2169 2509 Eua

2186 2478 2433 2491 ——-.

2261 2580 2316 2635 2.
2352 2582 2474 2637 [lare
2497 2596 2617 2636 eum
2645 2582 2895 2646 sciamus,
2925 2581 3123 2646 dilecti,
3147 2580 3350 2635 etiamsi
3379 2580 3430 2632 in
3460 2581 3635 2648 ipsum
3662 2580 3772 2633 vir-

2187 2673 2313 2727 tutis
2360 2672 2626 2742 fastigium
2671 2672 3103 2742 pcrvenerimus,
3140 2686 3238 2725 nos
3277 2669 3511 2723 omnium
3556 2680 3771 2737 postre-

2187 2778 2302 2818 mos
2331 2764 2697 2818 existimemus
2727 2780 2741 2817 :
2779 2778 2898 2817 cum
2942 2762 3285 2816 didicerimus
3309 2762 3674 2829 arrogantiam
3708 2776 3771 2813 ex

2187 2856 2303 2925 ipso
2323 2856 2455 2910 Ctl‘lO
2481 2870 2636 2925 posse
2660 2852 2780 2910 eum
2804 2895 2819 2921 ,
2854 2854 2945 2924 qui
2974 2869 3078 2907 non
3103 2852 3202 2907 sibi
3234 2852 3475 2913 attendit,
3509 2850 3769 2921 dejicere.

2188 2955 2240 3001 et
2268 2946 2618 3000 humilitatem
2646 2960 2791 3011 eum,
2819 2945 2906 3014 qui
2940 2944 2990 2997 in
3024 2952 3359 3013 peccatorum
3387 2941 3641 3011 abyssum
3673 2940 3769 2993 de-

2188 3050 2399 3090 mersus
2421 3036 2521 3102 sit,
2546 3037 2598 3089 in
2627 3035 2791 3089 altum
2815 3035 3071 3089 reducere
3095 3074 3110 3099 ,
3142 3034 3188 3086 si
3212 3031 3450 3087 modeste
3469 3041 3609 3101 agat.
3645 3031 3771 3084 lla'e

2188 3129 2328 3183 enim
2358 3127 2627 3181 Pharismo
2653 3126 2989 3196 publicanum
3015 3124 3330 3194 pra‘posuit;
3361 3123 3450 3176 illa
3478 3138 3611 3176 vero
3632 3166 3648 3185 ,
3683 3122 3769 3174 ni-

2189 3217 2381 3271 mirum
2410 3217 2712 3286 arrogantia
2741 3225 2797 3271 et
2834 3216 3080 3285 superbia
3099 3256 3115 3281 ,
3147 3216 3311 3285 ipsius
3337 3214 3529 3268 diaholi
3586 3214 3767 3266 incor—

2190 3306 2339 3376 porei
2376 3308 2481 3360 vim
2502 3307 2801 3376 superavit,
2846 3307 3118 3360 humilitas
3147 3316 3326 3361 autem
3352 3314 3405 3358 et
3431 3304 3765 3373 propriorum

2195 3406 2532 3466 peccatorum
2563 3396 2760 3466 agnitio
2786 3397 3044 3451 latronem
3074 3404 3198 3449 ante
3237 3393 3506 3463 apostolos
3530 3394 3582 3445 in
3614 3407 3767 3460 para-

2191 3488 2362 3542 disum
2384 3487 2611 3542 induxit.
2638 3487 2695 3541 Si
2730 3498 2905 3540 autem
2932 3487 3001 3550 ii,
3030 3485 3118 3553 qui
3161 3498 3255 3538 sua
3289 3484 3611 3538 conlitentur
3641 3498 3765 3550 pec-

2191 3589 2304 3634 cata
2324 3622 2339 3646 ,
2366 3589 2562 3634 tantam
2593 3578 2693 3632 sibi
2732 3578 2977 3632 ﬁduciam
3002 3575 3285 3631 conciliant
3314 3592 3328 3627 :
3360 3575 3393 3627 ii
3425 3575 3514 3644 qui
3542 3574 3642 3627 sibi
3676 3575 3767 3626 bo-

2193 3688 2381 3726 norum
2412 3673 2695 3725 multorum
2726 3670 2921 3725 conscii
2948 3670 3179 3723 animam
3211 3679 3383 3721 tamen
3414 3682 3565 3720 suam
3597 3665 3768 3719 humi-

2192 3762 2351 3826 Iiant,
2395 3770 2619 3831 quantas
2678 3777 2783 3815 non
2833 3774 3059 3815 coronas
3105 3757 3488 3826 assequentur?
3544 3755 3766 3823 Quando

2191 3852 2332 3907 enim
2371 3863 2642 3921 peccatum
2669 3866 2789 3906 cum
2814 3849 3355 3919 humilitatejugatur,
3385 3857 3489 3902 tam
3517 3848 3764 3916 crtpodite

2192 3942 2392 4009 currit,
2421 3952 2477 3996 ut
2498 3942 2755 4011 justitiam
2794 3956 2915 3995 cum
2945 3940 3242 4009 arrogantia
3264 3938 3502 4007 junctam
3552 3950 3766 4006 superet

2191 4041 2350 4101 atque
2376 4040 2676 4099 prtuvertat.
2708 4030 2763 4085 Si
2783 4045 2912 4100 ergo
2939 4030 3082 4084 illam
3110 4043 3232 4083 cum
3259 4027 3463 4098 justitia
3485 4027 3760 4096 junxeris,

2191 4137 2296 4190 quo
2343 4138 2447 4176 non
2504 4120 2812 4191 perveniet?
2862 4128 2990 4188 quot
3017 4119 3185 4174 celos
3227 4133 3335 4173 non
3377 4117 3762 4186 pertransibit?

2191 4212 2278 4266 Sta
2287 4212 2358 4267 bit
2378 4211 2530 4279 plane
2552 4209 2738 4265 liducia
2756 4224 2939 4279 magna
2955 4208 3096 4263 inter
3112 4207 3330 4279 angelos
3341 4216 3463 4261 ante
3484 4206 3655 4275 ipsum
3676 4206 3760 4260 Dei

2194 4305 2461 4358 thronum.
2489 4301 2684 4357 Contra
2726 4301 2769 4355 si
2793 4300 3093 4370 arrogantia
3121 4314 3240 4354 cum
3269 4297 3470 4368 iustitia
3498 4297 3756 4365 copulata,
3786 4284 3793 4289 ’

2192 4393 2440 4463 nequitia:
2469 4408 2579 4447 sua:
2604 4392 2745 4446 mole
2781 4406 2845 4446 ac
2876 4390 3108 4459 pondere
3135 4389 3251 4458 ejus
3302 4387 3553 4442 fiduciam
3595 4387 3758 4440 detra—

2192 4483 2322 4538 here
2373 4484 2541 4553 potuit
2568 4499 2581 4536 :
2612 4483 2658 4536 si
2708 4496 2829 4535 cum
2858 4486 3078 4551 peccato
3098 4480 3371 4550 jungatur,
3404 4477 3459 4531 in
3484 4492 3646 4547 quam
3674 4492 3756 4545 ge-

2194 4573 2422 4628 bennam
2454 4587 2559 4626 non
2589 4571 2937 4642 praccipitabit
2964 4585 3085 4625 eum
3107 4611 3123 4637 ,
3151 4570 3240 4639 qui
3267 4570 3354 4624 illa
3382 4567 3632 4623 detentus
3659 4564 3757 4619 sit?

2266 4662 2543 4717 llumilitas
2570 4662 2903 4731 philosophia:
2930 4670 3116 4716 nostra:
3137 4660 3623 4730 fundamentum.—
3644 4656 3758 4712 ﬂre

2193 4754 2313 4808 dico
2356 4764 2538 4807 nonut
2571 4753 2830 4823 justitiam
2873 4752 3231 4822 negligemus,
3266 4749 3361 4805 sed
3401 4758 3460 4804 ut
3508 4748 3759 4817 fugiamus

2194 4846 2581 4915 arrogantiam;
2612 4859 2715 4899 non
2744 4852 2798 4897 ut
2824 4857 3135 4911 peccemus,
3168 4841 3263 4895 sed
3290 4849 3349 4894 ut
3374 4839 3619 4893 modeste
3640 4852 3755 4907 aga-

2195 4951 2334 4991 mus.
2376 4934 2731 5003 Philosophize
2769 4933 2963 5003 quippe
3000 4940 3198 4987 nostra:
3244 4929 3648 4984 fundamentum
3684 4933 3758 4979 est

2196 5026 2485 5080 humilitas.
2516 5024 2628 5078 Etsi
2656 5024 2934 5077 innumera
2961 5037 3173 5077 sursum
3201 5019 3434 5075 :edifices
3454 5059 3467 5082 ,
3498 5018 3600 5073 etsi
3627 5016 3759 5069 eice-

2196 5132 2494 5188 mosynam,
2542 5128 2727 5184 preces
2755 5155 2772 5182 ,
2823 5113 3119 5183 jejunium,
3188 5124 3480 5179 omnesque
3545 5107 3758 5160 virtutes

2194 5222 2475 5277 congeras,
2506 5206 2607 5260 nisi
2636 5220 2753 5260 eam
2801 5220 2898 5275 pro
2922 5203 3267 5259 fundamento
3296 5200 3558 5272 posueris,
3594 5195 3758 5252 omnia

2195 5300 2390 5354 frustra
2413 5309 2466 5353 et
2490 5300 2756 5353 incassum
2782 5296 3077 5363 tedilicasti,
3104 5296 3316 5363 eitoque
3342 5299 3613 5352 corruunt,
3633 5304 3748 5359 pcr-

2196 5391 2318 5445 inde
2367 5400 2524 5458 atque
2586 5389 2867 5443 aniiticium
2911 5386 3039 5442 illud
3088 5400 3251 5455 super
3293 5398 3514 5439 arenam
3558 5391 3756 5435 Clsll‘ll'

2194 5495 2357 5538 ctum.
2390 5482 2598 5537 Nullum
2656 5481 2851 5549 quippe
2883 5493 3020 5548 opus
3070 5477 3269 5532 bonum
3323 5489 3429 5528 non
3484 5473 3569 5526 illa
3617 5477 3757 5539 eget,

2196 5576 2396 5630 nullum
2436 5574 2551 5629 sine
2581 5575 2666 5628 illa
2694 5583 2836 5627 Stare
2864 5572 3074 5641 poterit.
3103 5568 3211 5624 Sed
3250 5566 3458 5623 etiamsi
3488 5565 3755 5619 continen—

2198 5667 2322 5721 tiam
2350 5666 2549 5720 dixeris
2570 5706 2585 5731 ,
2623 5664 2830 5718 etiamsi
2859 5662 3246 5731 virginitatem,
3273 5656 3479 5713 etiamsi
3511 5652 3749 5723 pecunia-

2187 5776 2303 5815 rum
2320 5767 2699 5827 contemptum,
2722 5753 2928 5811 ctiatnsi
2949 5752 3155 5824 quidvis
3175 5745 3523 5815 aliud,omnia
3538 5746 3734 5799 immnn
