4060 6260
549 207 652 264 513

543 321 830 394 ἀκάθαρτα
883 327 977 379 καὶ
1015 329 1185 401 ἐναγῆ
1228 333 1323 385 καὶ
1371 331 1600 401 βδελυρὲ
1630 329 2132 401 ταπεινοφροσύνης

544 407 814 479 ἀπούσης.
856 410 1138 481 [Ιανταχοῦ
1191 414 1368 466 τοίνυν
1391 412 1557 483 αὑτὴν
1588 413 2126 483 παραλαμϐάνωμεν,

546 492 604 543 ἐν
638 493 893 563 ῥήμασιν,
933 495 990 547 ἐν
1022 495 1365 567 πράγμασιν,
1393 498 1451 549 ἐν
1479 495 1847 568 ἐνθυμήμασι,
1883 498 1976 550 καὶ
1993 497 2130 568 μετά

542 574 745 644 ταύτης
762 575 932 630 ταῦτα
953 578 1342 650 οἰκοδομῶμεν.

609 664 679 725 γ’.
713 658 871 712 Ἀλλά
896 659 964 713 τά
987 662 1083 731 μὲν
1108 664 1234 733 περὶ
1249 663 1959 735 ταπειωφροσὺνηςὶκανῶς
1980 662 2130 734 εἴρη-

540 756 650 801 ται,
670 742 729 793 οὑ
760 742 895 812 πρὸς
918 744 1018 815 τὴν
1038 744 1195 812 ἀξίαν
1214 747 1308 801 τοῦ
1333 747 1757 818 κατορθώματος
1781 764 1794 778 °
1826 746 1999 810 οὐδεὶς
2020 746 2128 818 γάρ

541 822 711 894 αὑτὴν
739 826 859 877 κατ’
889 826 1045 893 ἀξίαν
1072 828 1309 901 ὑμνῆσαι
1342 831 1627 900 δυνήσεται
1655 849 1665 859 ·
1696 830 1831 885 ἀλλά
1873 829 2009 899 πρὸς
2028 830 2128 900 τὴν

543 904 757 960 σύνεσιν
782 908 881 978 τῆς
903 910 1173 983 ὑμετέρας
1195 913 1432 983 ἀγάπης.
1449 910 1521 967 Εὖ
1543 913 1650 984 γάρ
1676 909 1868 967 οἷδ’δτι
1895 914 1989 967 καὶ
2021 913 2129 966 ἀπὸ

539 987 735 1055 ὀλίγων
752 990 862 1045 τῶν
917 994 1222 1065 εἰρημένων
1273 996 1411 1066 μετά
1451 996 1652 1067 πολλῆς
1684 996 1851 1068 αὐτὴν
1894 997 2129 1051 ἐπισπά-

540 1071 697 1124 σεσθε
728 1073 825 1144 τῆς
844 1077 1100 1147 σπουδῆς.
1144 1078 1361 1150 Ἐπειδὴ
1414 1078 1471 1131 δὲ
1504 1080 1718 1150 ἀνάγκη
1751 1081 1843 1132 καλ⁵
1863 1078 1961 1150 τὴν
1989 1080 2129 1133 ἀπο-

540 1152 786 1226 στολικὴν
821 1156 980 1228 ῥῆσιν
1008 1159 1106 1230 τὴν
1136 1161 1376 1233 σήμερον
1408 1161 1872 1229 ἀναγνωσθεῖσαν,
1915 1161 2130 1227 πολλοῖς

534 1234 796 1292 δοκοῦσαν
820 1241 1077 1312 παρέχειν
1118 1242 1392 1315 ῥᾳθυμίας
1438 1244 1741 1316 πρόφασιν,
1771 1246 1993 1316 ποιῆσαι
2022 1262 2128 1315 φα-

536 1319 699 1388 νερὰν
737 1322 829 1375 καὶ
869 1323 1056 1395 δήλην,
1096 1323 1237 1379 ὥστε
1289 1325 1364 1398 μὴ
1401 1326 1614 1400 ψυχράν
1658 1345 1777 1381 τινα
1834 1325 2127 1396 ἀπολογίαν

522 1401 784 1457 ἐντεῦθέν
806 1422 957 1470 τινας
987 1407 1376 1479 ποριζομένους
1416 1410 1517 1480 τῆς
1548 1412 1755 1475 οἰκείας
1779 1410 2002 1481 ἀμελεῖν
2024 1426 2130 1464 σω-

542 1485 753 1565 τηρίας.
784 1489 937 1560 φέρε,
990 1491 1083 1544 ἐπὶ
1115 1490 1318 1562 ταύτην
1347 1493 1439 1550 τὸν
1479 1493 1634 1562 λόγον
1671 1494 1991 1565 ἀγάγωμεν.
2031 1493 2129 1556 Τίς

533 1562 594 1620 οὗ
612 1586 632 1620 ι
649 1570 795 1622 ἐστιν
817 1572 850 1641 ἡ
878 1572 1065 1643 ῥῆσις;
1100 1570 1237 1628 Εἴτε
1269 1574 1587 1645 προφάσει,
1616 1562 1803 1647 φησὶν,
1830 1562 1949 1631 εἶτε
1974 1578 2124 1642 ἀλη-

534 1653 572 1703 θ
592 1651 664 1718 δία
693 1654 949 1721 Χριστὸς
976 1658 1664 1728 καταγγέλλεται.·Τοῦτο
1688 1660 1871 1714 πολλοὶ
1896 1661 2125 1732 περιφέ-

536 1745 722 1803 [ουσιν
746 1736 932 1801 ἀπλῶς
959 1740 1053 1792 καὶ
1100 1739 1176 1804 ὡς
1221 1740 1431 1812 ἔτυχεν,
1465 1743 1526 1796 οὑ
1553 1744 1623 1796 τά
1666 1743 1928 1815 πρότερα,
1967 1744 2028 1796 οὑ
2057 1743 2127 1797 τά

534 1815 676 1884 μετά
705 1818 878 1873 ταῦτα
920 1822 1413 1891 ἀναγινώσκοντες*
1451 1826 1588 1880 ἀλλά
1645 1827 1746 1897 τῆς
1802 1825 2127 1890 ἀκολουθίας

530 1898 641 1953 τῶν
663 1900 865 1958 λοιπῶν
895 1905 1268 1976 ἀποκόψαντες
1302 1908 1479 1978 μελῶν
1520 1910 1605 1963 ἐπ’
1628 1908 1835 1980 ὀλέθρῳ
1864 1909 1963 1981 τῆς
2004 1910 2129 1963 ἐαυ-

529 1981 643 2036 τῶν
692 1983 869 2058 ψυχῆς
918 1990 1029 2052 τοῖς
1085 1990 1477 2063 ῥᾳθυμοτέρως
1530 1992 1946 2064 προϐάλλονται.
1988 1994 2127 2046 Ἐπιο

531 2066 844 2146 χειροῦντες
871 2069 980 2139 γάρ
1012 2074 1210 2136 αὑτοὺς
1243 2076 1343 2146 τῆς
1372 2073 1558 2143 ὑγιοῦς
1603 2075 1838 2143 ἀπάγειν
1869 2074 2124 2139 πίστεως,

532 2143 650 2201 εἶτα
696 2150 933 2220 όρῶντες
993 2143 1307 2221 δεδοικότας
1359 2158 1454 2212 καὶ
1504 2158 1808 2228 τρέμοντας
1833 2200 1848 2223 ,
1897 2158 1973 2221 ὡς
2025 2158 2126 2211 οὑκ

532 2229 813 2311 ἀκίνδυνον
869 2234 929 2287 ὃν
976 2236 1138 2293 τοῦτο
1172 2241 1366 2305 ποιεῖν,
1397 2241 1489 2293 καὶ
1542 2238 1858 2311 βουλόμενοι
1896 2240 1988 2294 τὸν
2032 2240 2128 2308 φό-

531 2310 626 2364 ϐον
663 2313 843 2369 αὑτῶν
882 2316 1129 2385 ἐκλῦσαι,
1169 2322 1268 2390 τὴν
1306 2321 1668 2392 ἀποστολικὴν
1706 2310 1929 2393 ξταύτην
1982 2338 2127 2394 παρ-

533 2394 755 2479 άγουσιν
772 2399 953 2469 ῥῆσιν,
979 2400 1248 2470 λέγοντεςο
1272 2406 1332 2457 Ὀ
1350 2404 1561 2469 Παῦλος
1583 2405 1928 2479 συνεχώρησε
1946 2406 2122 2471 τοῦτο,

534 2477 706 2531 εἰπών
730 2496 744 2510 ·
783 2482 922 2536 Εἴτε
949 2485 1267 2554 προφάσει,
1293 2488 1415 2542 εἴτε
1437 2488 1692 2558 ἀληθείᾳ
1719 2477 1974 2559 Χριστὸς
1998 2506 2127 2541 κατ-

532 2561 904 2630 αγγελλέσθω.
939 2567 1078 2620 Ἀλλ’
1103 2570 1204 2623 οὑκ
1247 2572 1362 2624 ἔστι
1382 2571 1578 2634 ταῦτα,
1610 2574 1710 2626 οὑκ
1733 2571 1871 2625 ἐστι.
1900 2570 2125 2644 Πρῶτον

533 2644 638 2715 μὲν
664 2644 774 2717 γὰρ
798 2648 897 2702 οὑκ
935 2651 1147 2721 εἴρηκε,
1180 2655 1657 2723 καταγγελλέσθω,
1697 2654 1850 2721 ἀλλά,
1907 2671 2124 2725 καταγ-

533 2728 810 2795 γέλλεται
830 2747 844 2761 ·
876 2732 1012 2786 πολὺ
1039 2733 1097 2787 δὲ
1125 2734 1187 2789 τὺ
1218 2736 1383 2806 μέσον
1407 2727 1600 2791 τούτου
1633 2737 1906 2793 κάκείνου.
1929 2736 2002 2791 Τὸ
2024 2737 2125 2807 μὲν

532 2809 642 2881 γὰρ
695 2812 904 2881 εἰπεῖν,
950 2817 1437 2887 καταγγελλέσθω,
1493 2820 1910 2892 νομοθετοῦντός
1966 2822 2082 2874 ἐστι
2108 2836 2122 2851 ’

531 2891 593 2944 τὸ
619 2893 675 2947 δὲ
710 2896 906 2960 εἰπεῖν,
971 2900 1465 2970 καταγγέλλεται,
1510 2903 1572 2956 τὸ
1616 2902 1912 2969 συμϐαῖνον
1944 2903 2127 2970 ἀπαγ-

532 2974 833 3042 γέλλοντος.
878 2980 1002 3036 Ὅτι
1028 2982 1086 3036 δὲ
1125 2985 1189 3038 οὑ
1232 2985 1512 3057 νομοθετεῖ
1536 2984 1746 3049 Παῦλος
1781 2985 2017 3057 αἱρέσεις
2043 2980 2124 3038 εἷ-

532 3074 642 3122 ναι,
699 3061 836 3117 ἀλλά
889 3064 1093 3135 ἀπάγει
1133 3068 1340 3133 πάντας
1379 3069 1508 3131 τοὺς
1546 3067 1695 3140 αὑτῷ
1734 3060 2122 3141 προσέχοντας,

533 3141 766 3202 ἄκουσον
787 3148 840 3202 τί
868 3167 1033 3222 φησιν
1053 3170 1066 3183 ·
1094 3153 1169 3205 Et
1200 3171 1290 3219 τις
1324 3150 1480 3222 ὑμᾶς
1523 3152 1961 3223 εὐαγγελίζὲται
1987 3159 2123 3223 παρ’

534 3224 567 3276 ὃ
597 3230 981 3298 παρελάϐετε,
1002 3234 1269 3303 ἀνάθεμα
1299 3234 1476 3298 ἔστω,
1507 3234 1622 3288 κᾶν
1647 3236 1782 3305 ἐγὼ,
1802 3236 1912 3289 κᾶν
1949 3236 2124 3306 ἅγγε-

532 3311 645 3375 λος
670 3309 741 3376 ἐξ
778 3313 1066 3380 οὐρανῶν.
1098 3318 1213 3370 Οὐκ
1241 3316 1308 3373 ἀν
1333 3317 1390 3372 δέ
1420 3317 1777 3389 ἀνεθεμάτισε
1815 3320 1911 3373 καὶ
1933 3319 2124 3374 ἑαυτὸν

535 3392 629 3445 καὶ
649 3393 900 3462 ἄγγελον,
924 3398 1052 3452 εἰτὸ
1078 3400 1307 3470 πρᾶγμα
1332 3401 1612 3456 ἀκίνδυνον
1633 3402 1771 3472 ᾔδει.
1805 3400 1910 3456 Καὶ
1937 3402 2122 3469 πάλιν,

532 3475 708 3557 Ζῃλῶ
765 3478 875 3548 γὰρ
917 3479 1074 3551 ὑμᾶς
1108 3484 1257 3538 Θεοῦ
1303 3481 1479 3551 ζήλῳ,
1524 3486 1721 3557 φησιν·
1763 3484 2124 3556 ἡρμοσάμην

531 3554 642 3626 γὰρ
669 3558 825 3627 ὑμᾶς
850 3560 939 3615 ἐνὶ
972 3563 1143 3632 ἀνδρὶ
1165 3566 1466 3634 παρθένον
1488 3554 1699 3638 ἁγνήν.
1728 3554 2025 3639 Φοϐοῦμαι
2053 3554 2124 3623 δὲ

525 3640 761 3708 μήποτε
778 3646 857 3709 ὡς
877 3647 910 3697 ὁ
929 3644 1062 3715 ὄφις
1084 3649 1247 3702 Εὕαν
1264 3650 1579 3719 ἠπάτησεν
1601 3651 1672 3705 ἐν
1686 3650 1761 3720 τῇ
1788 3652 2125 3722 πανουργίᾳ

532 3725 740 3791 αὑτοῦ,
789 3725 943 3781 οὕτω
977 3730 1177 3798 φθαρῇ
1210 3732 1283 3787 τὰ
1330 3732 1604 3803 νοήματα
1647 3734 1818 3804 ὑμῶν
1849 3735 1968 3790 ἀπὸ
2008 3735 2122 3805 τῆς

531 3806 875 3890 ἁπλότητος
902 3809 1008 3879 τῆς
1035 3815 1121 3879 εὶς
1152 3814 1259 3867 τάν
1282 3817 1557 3884 Χριστόν.
1576 3816 1707 3870 Ἰδοὺ
1727 3818 1821 3871 καὶ
1841 3818 2120 3890 ἁπλότητα

530 3887 762 3955 τέθεικε,
797 3893 893 3946 καὶ
917 3895 1245 3967 συγγνώμην
1268 3898 1369 3953 οὑκ
1399 3898 1619 3953 ἔδωκεν.
1654 3900 1718 3953 Εἰ
1756 3896 1955 3972 γὰρῆν
1986 3887 2119 3970 συγ-

530 3972 743 4044 γνώμη,
801 3974 1044 4041 κίνδυνος
1081 3980 1181 4033 οὐκ
1228 3976 1324 4054 ἦν’
1361 3983 1409 4034 εἰ
1441 3981 1499 4035 δέ
1521 3981 1759 4047 κίνδυνος
1787 3984 1888 4038 οὑκ
1908 3980 1996 4055 ἦν,
2022 3984 2122 4037 οὐκ

416 4102 423 4107 .
530 4057 597 4108 ἂν
624 4057 868 4129 ἐφοϐήθη
895 4060 1105 4123 Παῦλος
1126 4078 1140 4091 ι
1165 4062 1258 4114 καὶ
1286 4063 1385 4131 οὑχ
1411 4064 1441 4116 ό
1469 4064 1704 4133 Χριστὸς
1725 4065 1783 4118 δέ
1810 4066 1878 4119 τά
1907 4066 2121 4132 ζιζάνια

528 4140 633 4194 κᾶν
657 4140 911 4195 ἐκέλευσε
943 4155 970 4184 ι
996 4145 1363 4214 κατακαῆναι,
1390 4148 1439 4197 εἰ
1474 4148 1705 4217 πρᾶγμα
1730 4147 2022 4221 ἀδιάφορον
2050 4148 2120 4222 ἦν

529 4223 623 4275 καὶ
650 4223 854 4295 τούτῳ,
884 4225 1141 4296 κάκείνῳ,
1169 4228 1264 4281 καὶ
1295 4227 1465 4299 ἑτέρῳ
1493 4230 1804 4301 προσέχειν,
1822 4233 1914 4286 καὶ
1954 4236 2120 4288 πᾶσιν

531 4304 738 4369 ἁπλῶς.

599 4388 663 4442 δ’.
692 4389 758 4473 Τί
813 4390 933 4444 ποτ’
961 4386 1054 4447 οὖν
1082 4392 1198 4448 ἐστι
1221 4395 1281 4449 τὸ
1313 4395 1637 4468 λεγόμενον;
1668 4398 1882 4473 Μικρὸν
1913 4400 2121 4456 ἀνωθεν

530 4472 659 4542 ὑμῖν
698 4472 796 4544 τὴν
832 4475 1070 4551 ἱστορίαν
1128 4475 1344 4533 ἃπασαν
1397 4480 1761 4553 διηγήσασθαι
1816 4481 2112 4555 βούλομαι·

528 4558 609 4610 δεῖ
651 4557 760 4629 γάρ
811 4559 1008 4613 εἰδέναι
1060 4563 1117 4614 ἐν
1142 4563 1285 4617 τίσιν
1313 4565 1341 4617 ό
1373 4564 1585 4630 Παῦλος
1622 4561 1711 4636 ἦν,
1741 4567 1905 4636 ἡνίκα
1943 4566 2117 4621 ταῦτα

532 4639 869 4695 ἐπέστελλεν.
897 4644 985 4695 Ἐν
1005 4643 1115 4697 τίσι
1144 4644 1322 4699 τοίνυν
1345 4642 1585 4718 ἧντότε;
1623 4647 1713 4701 Ἐν
1754 4649 2114 4722 δεσμωτηρίῳ

535 4722 786 4795 1505]καὶ
806 4724 1027 4780 ἁλύσεσι
1040 4728 1133 4780 καὶ
1151 4728 1413 4794 κινδύνοις
1436 4731 1746 4802 ἀφορήτοις.
1768 4730 1940 4785 Πόθεν
1959 4732 2115 4787 τοῦτο

532 4806 719 4879 δῆλον;
747 4807 838 4874 Ἐξ
863 4810 1032 4882 αὑτῆς
1058 4811 1158 4879 τῆς
1175 4811 1480 4885 ἐπιστολῆς.
1510 4813 1907 4887 ’Λνωτὲρωγάρ
1923 4815 2113 4871 τούτου

534 4890 667 4962 φησί
689 4909 704 4923 σ
735 4892 1068 4947 Γινώσκειν
1092 4893 1161 4947 δὲ
1189 4895 1344 4965 ὑμᾶς
1364 4896 1685 4965 βούλομαι,
1725 4897 1997 4967 ἀδελφοὶ,
2027 4899 2117 4951 ὅτι

532 4973 605 5026 τὰ
632 4974 756 5027 κατ’
779 4974 885 5044 ἐμὲ
897 4974 1137 5044 μᾶλλον
1159 4981 1246 5044 εἰς
1271 4979 1587 5048 προκοπὴν
1610 4980 1717 5034 τοῦ
1746 4983 2114 5050 Εὐαγγελίου

531 5055 856 5122 ἀλήλυθεν,
894 5057 1053 5112 ὥστε
1088 5061 1233 5126 τοὺς
1271 5060 1529 5131 δεσμούς
1563 5081 1681 5131 μου
1713 5064 2009 5133 φανεροὺς
2044 5065 2115 5118 ἐν

531 5138 763 5209 Χριστῷ
779 5140 1051 5210 γενέσθαι
1075 5143 1145 5196 ἐν
1159 5143 1279 5209 ὅλῳ
1296 5145 1373 5210 τῷ
1384 5150 1726 5216 πραιτωρίῳ,
1742 5150 1837 5202 καὶ
1857 5148 1980 5215 τοῖς
1999 5153 2116 5203 λοι-

532 5225 669 5292 ποῖς
691 5225 901 5282 ἅπασα
918 5226 1171 5295 καὶτοὺς
1194 5231 1479 5297 πλείονας
1503 5231 1571 5284 δὲ
1589 5232 1706 5286 τῶν
1728 5231 2005 5302 ἀδελφῶν
2020 5246 2115 5286 πε-

530 5311 813 5377 ποιθότας
841 5310 966 5377 τοῖς
1011 5314 1255 5385 δεσμοῖς
1275 5332 1395 5383 μου
1420 5315 1859 5385 περισσοτέρως
1887 5315 2115 5386 τολμᾷν

530 5394 766 5461 ἀφόϐως
795 5394 903 5448 τόν
927 5398 1115 5466 λόγον
1148 5398 1381 5454 λαλεῖν.
1416 5400 1605 5469 Νέρων
1633 5401 1688 5453 δὲ
1716 5396 1783 5471 ἦν
1819 5401 1980 5455 αὑτὸν
2017 5403 2114 5471 ἐμ-

530 5475 812 5548 6·ϐληκὼς
845 5480 968 5534 τότε
1037 5481 1117 5553 τῷ
1161 5481 1537 5556 δεσμωτηρίῳ.
1591 5483 1859 5556 Καθάπερ
1897 5483 2004 5556 γάρ
2032 5501 2115 5548 τις

533 5590 782 5700 ὴίσῗηιιε
812 5607 903 5645 ms.
925 5593 1018 5645 748
1043 5595 1125 5645 καὶ
1149 5597 1174 5644 ὅ
1210 5597 1414 5681 Χριστὸς
1445 5598 1497 5647 δὲ
1530 5597 1589 5647 τὰ
1614 5596 1789 5655 ζιζάνια
1816 5596 1903 5646 οῦκ
1920 5596 1977 5645 ἂν
2008 5595 2115 5645 ἐκέ·

1264 218 1324 276 S.
1359 217 1636 276 JOANNIS
1672 215 2122 275 ειιιιγεοετοι

2223 215 2520 273 lRCHIEP.
2558 212 3109 273 CONSTANTINOP.

3698 217 3803 270 ειι

2230 329 2436 400 λῃστὴς
2474 330 2573 401 τῆς
2623 330 2802 394 οἰκίας
2850 330 3066 394 ἐπιϐὰς,
3122 328 3492 385 καθευδόντων
3541 331 3819 395 ἁπάντων,

2230 419 2301 466 τὰ
2359 415 2537 467 πάντα
2595 414 3013 486 ὑφαιρούμενος,
3054 414 3274 468 ἐπειδὰν
3331 416 3417 489 ῖδῃ
3469 415 3590 469 τινά
3627 415 3826 486 λύχνον

2231 497 2467 565 ἄφαντα,
2492 497 2663 551 καὶτὸ
2695 496 2809 567 φῶς
2833 497 3103 557 σϐέννυσι,
3125 496 3330 553 καὶτὸν
3351 493 3643 569 λυχνοῦχον
3669 513 3826 553 αναι-

2232 582 2335 651 ρεῖ,
2370 580 2458 634 ἵνα
2482 579 2620 651 μετά
2654 579 2839 644 ἀδείας
2860 578 3007 649 αὑτῷ
3034 578 3103 632 τά
3134 578 3243 632 τῶν
3273 579 3449 633 ἄλλων
3470 581 3824 653 ὑφαιρεῖσθαι

2230 663 2324 716 καὶ
2354 661 2621 735 ἁρπάζειν
2650 661 2744 734 ἐξῇ
2769 677 2781 688 ·
2805 660 2948 715 οὑτω
2970 660 3036 733 δὴ
3059 662 3155 714 καὶ¹
3175 662 3366 736 Νέρων
3388 665 3418 716 ό
3438 665 3656 735 Καῖσαρ
3674 664 3823 729 τότε,

2230 744 2513 817 ὥσπερτις
2537 745 2739 816 λῃστὴς
2759 746 2853 799 καὶ
2867 743 3217 816 τοιχωρύχος,
3246 745 3615 802 καθευδόντων
3648 746 3827 799 ἀπάν-

2228 846 2336 883 των
2369 829 2536 899 βαθύν
2591 845 2711 884 τινα
2750 827 2845 883 καὶ
2869 828 3189 900 ἀναίσθητον
3238 828 3426 895 ὕπνον,
3473 829 3541 884 τὰ
3602 829 3829 884 πάντων

2230 912 2512 983 ἁρπάζων,
2540 912 2750 984 γάμους
2766 910 3082 982 διορύττων,
3100 911 3278 976 οἰκίας
3312 913 3654 983 ἀνατρέπων,
3672 914 3826 968 ἀπαν

2228 995 2429 1060 κακίας
2460 992 2601 1060 εἶδος
2631 995 3096 1065 ἐπιδεικνύμενος,
3138 994 3327 1066 ἐπειδὴ
3358 995 3451 1050 τὸν
3468 995 3691 1050 Παῦλον
3717 990 3827 1047 εἶδε

2227 1076 2419 1147 λύχνον
2476 1078 2691 1148 ἀψαντα
2724 1077 2866 1131 κατά
2914 1076 3014 1148 τὴν
3046 1078 3391 1149 οἰκουμένην,
3431 1079 3522 1134 τὸν
3548 1079 3646 1150 τῆς
3675 1078 3829 1132 διδα-

2229 1160 2454 1225 σκαλίας
2484 1161 2662 1230 λόγον,
2720 1162 2817 1215 καὶ
2869 1160 3160 1231 ἐλέγχοντα
3200 1160 3363 1214 αὑτοῦ
3395 1160 3493 1232 τὴν
3525 1161 3825 1232 πονηρίαν,

2226 1242 2524 1308 ἐσπούδαζε
2548 1244 2644 1298 καλ.
2668 1242 2728 1297 τὸ
2750 1244 3015 1316 κήρυγμα
3059 1242 3272 1303 σϐέσαι,
3306 1246 3401 1297 καὶ
3441 1242 3532 1296 τὸν
3558 1242 3827 1299 διδάσκα-

2226 1324 2317 1380 λον
2369 1326 2597 1393 ἀνελεῖν,
2645 1327 2730 1380 ῖνα
2786 1327 2903 1397 μετ’
2951 1324 3198 1391 ἐξουσίας
3238 1325 3388 1395 αὑτῷ
3418 1325 3593 1381 πάντα
3646 1328 3828 1379 ποιεῖν

2226 1408 2444 1481 ἐξῇ,καὶ
2465 1410 2633 1481 δήσας
2655 1409 2744 1464 τὸν
2774 1411 2930 1478 ἀγιον
2947 1412 3151 1464 ἐκεῖνον
3174 1408 3428 1464 ἐνέϐαλεν
3445 1408 3525 1472 είς
3540 1409 3830 1480 δεσμωτή-

2229 1510 2361 1565 ριον.
2398 1493 2529 1547 Τότε
2562 1493 2741 1547 τοίνυν
2765 1493 2936 1546 ταῦτα
2960 1491 3198 1562 ἔγραφεν
3226 1495 3254 1546 ὁ
3282 1492 3548 1563 μακάριος
3582 1490 3823 1553 Παῦλος.

2297 1577 2393 1640 Τίς
2413 1577 2513 1631 οὐκ
2549 1576 2614 1631 ἂν
2640 1576 2974 1647 ἐκπλαγείη;
3003 1576 3087 1639 τίς
3113 1576 3213 1628 οὑκ
3233 1575 3299 1628 ἂν
3328 1575 3652 1646 θαυμάσειες
3677 1576 3826 1644 μᾶλ-

2225 1660 2313 1713 λον
2338 1660 2393 1713 δὲ
2415 1659 2497 1724 τίς
2524 1661 2640 1713 κατ’
2677 1659 2833 1724 ἀξίαν
2875 1657 3178 1727 ἐκπλαγείη
3235 1659 3331 1712 καὶ
3372 1657 3705 1729 θαυμάσειεν
3751 1656 3830 1709 ἂν

2224 1742 2323 1815 τὴν
2356 1742 2607 1812 γενναίαν
2640 1742 2855 1812 ἐκείνην
2888 1740 2982 1794 καὶ
2998 1741 3347 1811 οὐρανομήκη
3380 1742 3579 1813 ψυχὴν,
3616 1739 3699 1792 ὅτι
3733 1739 3831 1792 δε-

2225 1824 2447 1894 δεμένος
2491 1825 2549 1878 ἐν
2602 1824 2791 1896 Ῥώμῃ
2819 1823 2910 1879 καλ⁸
2961 1824 3376 1896 καθειργμένος,
3427 1823 3532 1876 ἀπὸ
3564 1821 3829 1877 τοσούτου

2224 1906 2593 1979 διαστήματος
2606 1906 2988 1977 Φιλιππησίοις
3005 1907 3324 1960 ἐπέστελλεν
3347 1924 3362 1972 ;
3393 1906 3534 1959 ’ἰστε
3559 1905 3671 1976 γὰρ
3694 1905 3829 1958 ὅσον

2222 1990 2285 2043 τὸ
2342 1990 2506 2060 μέσον
2551 1988 2891 2053 Μακεδονίας
2940 1988 3034 2042 καὶ
3074 1988 3308 2060 Ῥώμης.
3375 1989 3512 2041 Ἀλλ’
3555 1987 3681 2042 οὔτε
3720 1987 3829 2054 τῆς

2223 2074 2343 2127 ὁδοῦ
2375 2073 2436 2126 τὸ
2462 2074 2655 2144 μῆκος,
2683 2072 2807 2127 οὑτε
2833 2072 2926 2126 τοῦ
2951 2074 3143 2144 χρόνου
3168 2073 3230 2125 τὸ
3249 2072 3470 2143 πλῆθος,
3509 2070 3633 2125 οὔτε
3662 2074 3692 2125 ό
3710 2070 3830 2122 τῶν

2223 2156 2567 2227 πραγμάτων
2615 2155 2791 2226 ὄχλος,
2828 2153 2951 2208 οὑτε
2978 2157 3006 2209 ό
3032 2155 3272 2218 κίνδυνος
3305 2155 3400 2209 καὶ
3428 2155 3497 2207 τὰ
3538 2153 3831 2223 ἐπάλληλα

2223 2238 2391 2303 δεινὰ,
2420 2236 2542 2292 οὔτε
2579 2238 2707 2293 ἄλλο
2764 2239 2917 2292 οὐδὲν
2955 2239 3055 2309 τὴν
3094 2239 3314 2309 ἀγάπην
3345 2240 3439 2292 καὶ
3466 2239 3564 2309 τὴν
3597 2237 3830 2308 μνήμην

2225 2319 2447 2387 ἐξέϐαλε
2465 2320 2575 2375 τῶν
2614 2320 2895 2392 μαθητῶν.
2925 2321 3040 2376 ἀλλ’
3082 2316 3225 2392 εἶχεν
3268 2321 3467 2383 αὑτοὺς
3492 2321 3736 2383 ἅπαντας
3762 2322 3831 2372 ἐν

2221 2402 2428 2475 διανοίᾳ
2445 2417 2459 2433 ⁸
2489 2405 2583 2458 καὶ
2611 2404 2709 2474 οὑχ
2739 2403 2914 2467 οὑτως
2938 2402 3089 2474 αὑτῷ
3117 2405 3236 2466 1:17.;
3272 2402 3525 2456 ἀλύσεσιν
3552 2403 3610 2455 αἱ
3635 2404 3834 2473 χεῖρες

2224 2485 2479 2549 ἐδέδεντο,
2509 2485 2586 2550 ὡς
2612 2485 2691 2557 τῷ
2721 2486 2874 2557 πόθῳ
2903 2485 3014 2540 τῶν
3069 2485 3329 2557 μαθητῶν
3362 2488 3395 2556 ή
3423 2486 3572 2557 ψυχὴ
3605 2484 3835 2538 συνεδὲο

2222 2567 2343 2621 δετο
2370 2568 2464 2622 καὶ
2488 2570 2809 2641 προσήλωτο
2827 2584 2840 2597 ·
2860 2570 2999 2641 ὅπερ
3037 2566 3133 2624 οὖν
3163 2571 3258 2624 καὶ
3286 2570 3418 2623 αὑτὸ
3444 2567 3623 2639 δηλῶν
3643 2568 3703 2620 ἐν
3737 2565 3837 2636 τῷ

2224 2653 2607 2724 πρωιμίῳτῆς
2645 2652 2934 2724 ἐπιστολῆς
2967 2653 3155 2722 ἐλεγε-
3188 2652 3292 2709 Διὰ
3319 2653 3386 2707 τὸ
3408 2652 3576 2723 ἔχειν
3624 2668 3703 2721 με
3749 2651 3839 2703 ἐν

2223 2734 2296 2805 τῇ
2327 2735 2541 2805 καρδίᾳ
2567 2752 2687 2806 μου
2718 2734 2896 2806 ὑμᾶς,
2928 2737 3000 2791 ἓν
3030 2754 3095 2791 τε
3121 2737 3247 2803 τοῖς
3274 2737 3518 2806 δεσμοῖς
3544 2752 3687 2806 μου,
3716 2734 3838 2788 ml

2223 2819 2294 2872 ὲν
2318 2817 2393 2886 τῇ
2462 2819 2762 2889 ἀπολογίᾳ
2813 2820 2914 2873 καὶ
2937 2820 3261 2884 ,βεϐαιώσει
3281 2820 3391 2875 τοῦ
3417 2819 3832 2889 Εὐαγτελίου.

2224 2903 2334 2958 Kal
2354 2901 2604 2974 καθάπερ
2627 2901 2881 2972 βασιλεὺς
2913 2903 3007 2956 ἐπὶ
3023 2902 3116 2956 τὸν
3144 2902 3331 2973 θρόνον
3352 2901 3557 2965 ἀναϐὰς
3589 2901 3696 2955 ὑπὸ
3717 2901 3837 2972 τὴν

2222 2984 2298 3039 ἕω
2324 2987 2420 3039 καὶ
2471 2984 2699 3047 καθίσας
2743 2985 2804 3038 ἐν
2848 2987 2968 3048 ταῖς
3017 2984 3322 3056 βασιλικαῖς
3347 2984 3561 3048 αὐλαῖς,
3616 2983 3835 3054 μυρίας

2223 3066 2424 3131 εὐθέως
2455 3067 2672 3138 δέχεται
2700 3066 3039 3138 πανταχόθεν
3092 3067 3381 3130 ἐπιστολάς
3401 3084 3414 3098 ·
3446 3066 3591 3121 οὑτω
3614 3066 3679 3137 δὴ
3710 3066 3833 3119 κά-

2225 3152 2419 3215 κεῖνος,
2451 3149 2702 3221 καθάπερ
2736 3151 2794 3206 ἐν
2824 3149 3129 3221 βασιλικαῖς
3168 3151 3359 3214 αὑλαίς
3421 3151 3497 3221 τῷ
3535 3149 3833 3221 δεσμωτη-

2227 3232 2327 3304 ρίῳ
2345 3232 2677 3305 καθήμενος,
2717 3233 2893 3306 πολλῷ
2915 3235 3083 3289 πλείω
3103 3236 3199 3291 καὶ
3215 3235 3424 3305 ἐδέχετο
3463 3235 3557 3287 καὶ
3597 3234 3829 3302 ἔπεμπε

2220 3315 2289 3370 τὰ
2314 3316 2789 3388 γράμματαδ,τῶν
2818 3319 3153 3390 πανταχόθεν
3174 3318 3342 3373 ἐθνῶν
3361 3317 3451 3371 ἐπὶ
3478 3316 3579 3388 τὴν
3601 3316 3830 3369 ἐκείνου

2224 3398 2414 3470 σοφίαν
2451 3400 2590 3472 ὑπὲρ
2619 3401 2727 3456 τῶν
2748 3403 2870 3455 καθ’
2894 3403 3117 3465 ἑαυτοὺς
3146 3400 3483 3472 πραγμάτων
3507 3398 3828 3469 ἀναφερόν-

2220 3500 2329 3537 των
2360 3481 2593 3537 ἀπανταο
2630 3484 2725 3538 καὶ
2755 3483 2994 3554 τοσούτῳ
3022 3483 3242 3537 πλείονα
3267 3483 3565 3553 πράγματα
3585 3480 3683 3534 τοῦ
3718 3480 3830 3550 βα-

2222 3564 2523 3630 σιλεύοντος
2546 3565 2836 3637 ᾠκονόμει,
2865 3568 2975 3638 ὅσῳ
2991 3567 3085 3621 καὶ
3118 3567 3342 3638 μείζονα
3371 3566 3546 3637 ἀρχὴν
3574 3565 3825 3635 ἐμπεπε-

2221 3665 2429 3702 στευτο.
2462 3649 2536 3702 Οὐ
2566 3649 2675 3721 γάρ
2702 3649 2767 3720 δὴ
2794 3650 2920 3714 τοὺς
2945 3649 3045 3722 τὴν
3078 3648 3366 3719 Ῥωμαίων
3388 3647 3671 3710 οἰκοῦντας
3700 3646 3824 3716 χώ-

2223 3747 2322 3802 ραν
2358 3731 2540 3801 μόνον,
2589 3730 2726 3785 ἀλλά
2758 3732 2854 3785 καὶ
2901 3732 3029 3795 τοὺς
3076 3731 3382 3803 βαρϐάρους
3421 3730 3688 3797 ἅπαντας,
3717 3728 3824 3782 καὶ

2218 3813 2324 3884 γῆν
2350 3815 2445 3868 καὶ
2476 3813 2745 3868 θάλατταν
2778 3814 2959 3885 φέρων
2987 3816 3067 3877 εἰς
3094 3814 3192 3877 τάς
3233 3813 3441 3866 ἐκείνου
3474 3814 3667 3883 χεῖρας
3722 3813 3822 3865 ἐν-

2218 3895 2414 3968 έθηκεν
2470 3896 2501 3948 ό
2546 3895 2696 3960 Θεός.
2717 3896 2825 3950 Kal
2850 3895 3010 3949 τοῦτο
3044 3895 3218 3968 δηλῶν
3258 3895 3548 3965 Ῥωμαίοις
3590 3893 3816 3961 ἔλεγεν·

2221 3981 2304 4033 Οὺ
2338 3978 2491 4034 θέλω
2517 3979 2586 4032 δὲ
2608 3978 2764 4048 ὑμᾶς
2794 3979 3057 4051 ἀγνοεῖν,
3094 3979 3368 4048 ἀδελφοὶ,
3398 3977 3485 4031 ὅτι
3509 3975 3817 4043 πολλάκις

2216 4061 2416 4118 ἐλθεῖν
2441 4060 2777 4131 προεθέμην
2805 4061 2955 4131 πρὸς
2986 4056 3165 4131 ὑμᾶς,
3199 4060 3297 4113 καὶ
3326 4059 3644 4127 ἐκωλύθην
3671 4057 3817 4127 ἄχρι

2218 4143 2325 4197 τοῦ
2374 4144 2572 4212 δεῦρο,
2623 4144 2725 4197 ἵνα
2787 4142 2921 4198 τινὰ
2970 4143 3203 4211 καρπὸν
3252 4142 3382 4211 σχῶ
3417 4141 3515 4194 καί
3546 4140 3810 4209 ὲνύμῖν,

2217 4226 2412 4293 καθὼς
2455 4227 2554 4281 καὶ
2590 4228 2661 4281 ἐν
2683 4225 2811 4292 τοῖς
2852 4225 3088 4292 λοιποῖς
3125 4225 3394 4279 ἕθνεσιν’
3428 4224 3697 4291 Ἕλλησί
3741 4239 3811 4276 τε

2216 4310 2313 4364 καί
2333 4310 2673 4380 βαρϐάροις,
2693 4309 2907 4379 σοφοῖς
2937 4326 3001 4363 τε
3023 4309 3119 4363 καὶ
3147 4308 3299 4381 [504]
3337 4305 3616 4372 ἀνοήτοις
3649 4307 3807 4374 ὀφει-

2215 4392 2400 4462 λέτης
2420 4394 2555 4463 εἰμι,
2590 4393 2724 4446 Καθ’
2754 4393 2990 4464 ἐκάστην
3017 4392 3195 4446 τοίνυν
3227 4390 3512 4460 ἐφρόντιζε
3550 4388 3649 4460 τὴν
3665 4387 3804 4459 ἠμέ-

2218 4493 2338 4548 ραν,
2376 4476 2532 4529 τοῦτο
2563 4475 2627 4546 δὴ
2664 4473 2992 4546 Κορινθίοις,
3042 4472 3202 4527 τοῦτο
3234 4473 3298 4545 δὴ
3339 4471 3639 4533 Μακεδόσι,
3682 4470 3803 4532 πιῇ

2214 4559 2584 4630 Φιλιππήσιοι,
2624 4558 2742 4620 πῶς
2794 4555 3182 4617 Καππαδόκαι,
3222 4554 3341 4618 πῶς
3377 4554 3636 4616 Γαλάται,
3682 4552 3799 4615 πῶς

2227 4642 2519 4713 Ἀθηναῖοι,
2553 4640 2671 4707 πῶς
2695 4641 2747 4693 οἰ
2771 4639 2865 4694 τὸν
2888 4640 3089 4693 Πόντον
3108 4637 3407 4705 οἰκοῦντες,
3424 4638 3541 4703 πῶς
3564 4636 3801 4698 ἅπαντες

2212 4723 2510 4795 ἄνθρωποι.
2556 4722 2693 4776 Ἀλλ’
2715 4722 2864 4793 ὅμως
2888 4721 2987 4793 τὴν
3020 4721 3125 4791 γῆν
3155 4723 3373 4777 ἃπασαν
3387 4718 3801 4791 ἐγκεχειρισμέ-

2211 4823 2302 4871 νος
2354 4807 2454 4877 οὑχ
2506 4805 2646 4877 ὑπὲρ
2697 4805 2866 4858 ἐθνῶν
2931 4803 3241 4876 ὁλοκλήρων
3287 4802 3560 4874 ἐμερίμνα
3619 4801 3794 4871 μόνον,

2212 4891 2343 4945 ἀλλά
2368 4891 2462 4943 καὶ
2485 4890 2633 4959 ὑπὲρ
2656 4888 2772 4951 ἐνὸς
2794 4887 3080 4960 ἀνθρώπου
3101 4905 3114 4918 ’
3148 4887 3244 4942 καὶ
3276 4886 3371 4941 νῦν
3411 4887 3509 4957 μὲν
3535 4885 3605 4938 δι’
3641 4884 3797 4952 Ὀνήο

2217 4992 2371 5045 σιμον
2406 4975 2503 5045 τὴν
2539 4984 2561 5012 ο
2607 4972 2895 5042 ἐπιστολὴν
2944 4971 3178 5042 ἔπεμπε,
3207 4969 3304 5024 νῦν
3329 4970 3385 5024 δέ
3412 4969 3505 5022 διὰ
3531 4969 3624 5022 τὸν
3648 4966 3799 5040 παρὰ

2216 5056 2518 5127 Κορινθίοις
2544 5054 2972 5125 πεπορνευκότα.
2993 5053 3125 5107 Οὑδέ
3142 5052 3250 5124 γάρ
3272 5052 3427 5106 τοῦτο
3445 5052 3689 5113 ἐσκόπει,
3713 5051 3799 5103 ὅτι

2214 5137 2290 5201 εἷς
2322 5135 2431 5210 ἦνὸ
2462 5137 2743 5209 ἁμαρτὼν,
2771 5137 2864 5191 καὶ
2898 5136 3149 5207 δεόμενος
3174 5135 3510 5206 προστασίας
3530 5151 3544 5164 -
3579 5131 3799 5187 ἀλλ’ὅτι

2212 5222 2493 5293 ἄνθρωπος
2520 5216 2607 5292 ἦν,
2630 5219 2913 5290 ἄνθρωπος
2938 5218 2999 5271 τὸ
3023 5217 3100 5289 τῷ
3123 5217 3241 5288 Θεῷ
3284 5215 3610 5287 τιμιώτατον
3634 5213 3798 5278 ζῶον,

2212 5306 2303 5359 καὶ
2353 5305 2419 5357 δι’
2462 5303 2522 5357 δν
2564 5302 2686 5355 οὑδὲ
2728 5301 2823 5355 τοῦ
2855 5299 3194 5368 Μονογενοῦς
3239 5298 3479 5367 ὁΠατὴρ
3519 5297 3795 5366 ἐφείσατο.

2282 5397 2342 5444 ε’.
2364 5388 2456 5460 Μὴ
2485 5388 2593 5458 γάρ
2626 5404 2711 5457 μοι
2763 5384 2921 5438 τοῦτο
2949 5384 3130 5454 εῑπῃς,
3155 5384 3236 5437 ὅτι
3262 5382 3546 5453 Δραπέτης
3576 5381 3605 5432 ὁ
3623 5380 3793 5442 δεῖνα.

2213 5474 2306 5528 καὶ
2334 5472 2535 5544 λῃστὴς
2572 5470 2666 5524 καὶ
2696 5468 2951 5538 κλέπτης,
3002 5467 3097 5520 καὶ
3139 5470 3347 5537 μυρίων
3374 5463 3561 5533 γέμων
3584 5461 3793 5529 κακῶν,

2273 5591 2304 5633 ι)
2334 5591 2467 5642 Unus
2488 5603 2578 5638 ms.
2616 5589 2794 5651 ἔπεμπε
2816 5586 3112 5651 συνεχῶς,τά
3142 5601 3215 5648 γρ.
3242 5583 3358 5638 Cod.
3405 5580 3499 5635 738
3544 5582 3747 5646 συχνῶς.

2281 5657 2303 5685 ⁸
2340 5656 2450 5707 Ι)αο
2469 5665 2583 5701 mss.
2615 5648 2710 5713 μὲν
2727 5648 2970 5711 Ὀνησίμῳ
2993 5648 3095 5705 τήν.
