4060 6260
300 323 406 379 313

301 437 404 496 da,
444 429 778 488 exsecranda
818 437 872 485 et
913 425 1268 483 abominanda
1315 427 1534 481 absente
1586 425 1884 479 humilitate

308 531 456 578 sunt.
487 522 696 592 Ubique
741 521 900 590 igitur
928 520 1071 574 illam
1118 519 1170 573 in
1203 517 1378 572 verbis
1398 558 1414 583 ,
1439 517 1491 570 in
1519 514 1802 585 operibus,
1834 513 1887 566 in

303 612 719 682 cogitationibus
756 623 1127 677 assumamus,
1173 616 1226 663 et
1266 623 1386 662 cum
1430 606 1518 661 illa
1565 606 1677 660 haec
1724 601 1889 658 reditio

303 717 510 757 ceruus.

378 794 434 846 3.
472 791 666 845 Verum
694 789 763 845 de
785 789 1082 846 humilitate
1112 790 1226 845 haec
1252 790 1380 844 satis
1408 795 1565 843 sunto
1588 829 1602 852 ,
1648 801 1752 840 non
1794 799 1892 855 pro

306 884 563 953 dignitate
593 881 709 946 rei;
742 896 900 936 nemo
925 882 1120 952 quippe
1149 881 1292 935 illam
1333 879 1595 948 condigne
1622 876 1893 931 celebrare

315 974 517 1041 possit;
541 971 634 1027 sed
664 972 732 1029 ad
764 971 1166 1041 intelligentiam
1198 980 1387 1024 vestra:
1407 967 1612 1022 caritati
1641 964 1890 1019 dandam.

309 1064 444 1120 Novi
486 1064 683 1132 quippe
704 1077 800 1116 vos
821 1077 884 1116 ex
917 1065 1097 1131 paucis
1123 1061 1229 1116 illis
1250 1102 1262 1123 ,
1294 1076 1411 1129 qua:
1438 1057 1639 1128 prmfati
1670 1070 1855 1110 sumus
1875 1094 1892 1121 ,

311 1156 457 1210 illam
481 1156 649 1209 multo
674 1153 853 1209 studio
876 1154 1202 1223 suscepisse.
1243 1152 1375 1219 Quia
1406 1167 1536 1206 vero
1564 1162 1786 1204 necesse
1813 1154 1897 1202 est

312 1249 663 1316 apostolicum
692 1246 892 1301 dictqu
941 1245 1208 1300 holicrnai
1235 1245 1478 1299 lectionis
1501 1284 1516 1309 ,
1545 1241 1684 1312 quod
1716 1239 1897 1294 multis

313 1338 522 1391 videtur
550 1337 792 1406 segnitiei
815 1337 1150 1391 occasionem
1171 1336 1429 1405 praebere,
1461 1335 1670 1403 planum
1698 1331 1894 1398 facere,

315 1437 372 1480 ut
395 1442 461 1481 ne
485 1427 698 1496 quidam
719 1427 841 1482 inde
862 1426 1048 1496 frigida
1071 1435 1279 1495 sumpta
1309 1425 1650 1479 excusatione
1674 1423 1897 1476 salutem

317 1533 466 1572 suam
501 1519 814 1588 negligant:
856 1533 954 1588 age
1003 1519 1096 1572 illo
1142 1532 1446 1571 sermonem
1493 1515 1896 1568 transferamus.

316 1609 592 1676 Quodnam
621 1621 706 1664 est
733 1609 931 1663 dictum
960 1609 1131 1663 illud?
1157 1609 1276 1663 Sive
1311 1626 1399 1677 per
1439 1609 1746 1662 occasionem
1767 1646 1782 1671 ,
1814 1605 1899 1658 iu-

315 1700 462 1767 quit,
514 1701 616 1754 sive
657 1716 748 1770 per
773 1701 1030 1754 veritatem
1055 1740 1070 1766 ,
1119 1700 1348 1755 Christus
1378 1700 1707 1753 annuntiatur
1744 1697 1900 1768 (Phi-

317 1798 447 1866 lipp.
481 1794 534 1846 Ι.
562 1792 673 1861 18).
703 1791 818 1846 Hoc
844 1792 992 1845 multi
1024 1791 1339 1860 simpliciter
1363 1801 1416 1845 et
1445 1801 1644 1845 temere
1670 1789 1902 1844 circum-

318 1885 527 1946 ferunt,
564 1882 654 1951 qui
686 1895 785 1935 nec
819 1881 994 1951 priora
1034 1896 1132 1935 nec
1175 1882 1449 1950 sequentia
1482 1883 1752 1950 legerunt;
1809 1880 1901 1934 sed

319 1982 520 2029 resecta
549 1972 880 2040 reliquorum
912 1971 1274 2025 membrorum
1301 1973 1439 2025 serie
1459 2013 1474 2038 ,
1519 1971 1569 2024 in
1606 1971 1901 2024 animarum

318 2080 534 2119 suarum
567 2064 854 2131 perniciem
889 2063 1001 2116 lucc
1037 2063 1372 2131 segnioribus
1411 2070 1729 2132 propouttnt.
1772 2062 1902 2117 Nam

319 2155 446 2209 dunt
478 2163 682 2208 tentant
703 2168 799 2208 eos
821 2169 848 2208 a
877 2169 1001 2207 sana
1038 2154 1139 2207 fide
1165 2153 1464 2218 abducere,
1495 2153 1792 2224 deindcque
1823 2156 1902 2208 vi-

330 2247 460 2301 dent
479 2262 574 2301 eos
602 2245 976 2300 formidolosos
1005 2261 1067 2299 ac
1097 2246 1383 2310 tremulos,
1415 2246 1563 2314 quasi
1592 2246 1642 2300 id
1672 2261 1774 2299 non
1807 2261 1902 2299 va-

318 2347 407 2394 cet
432 2338 668 2407 periculo
697 2356 709 2391 :
743 2347 797 2392 ut
842 2339 1085 2391 timorem
1112 2353 1298 2391 eorum
1339 2337 1578 2401 solvant,
1628 2337 1728 2390 hoc
1777 2351 1906 2404 apo-

319 2429 565 2482 stolicum
597 2427 876 2498 proferunt
919 2427 1187 2490 dicentes,
1238 2427 1431 2480 Paulus
1475 2426 1576 2481 hoc
1612 2426 1904 2489 concessit,

322 2519 602 2588 inquiens,
647 2518 766 2572 Sive
804 2533 896 2588 per
943 2519 1288 2580 occasionem,
1341 2515 1443 2568 sire
1489 2531 1577 2584 per
1621 2515 1906 2578 veritatem,

322 2613 555 2667 Christus
592 2612 955 2666 annuntietur.
987 2609 1089 2664 Sed
1119 2609 1232 2662 haec
1258 2624 1362 2662 non
1391 2608 1460 2660 ita
1489 2622 1545 2660 se
1565 2606 1911 2672 habent,non

322 2707 394 2760 ita
420 2705 621 2774 utique.
656 2703 786 2758 Nam
815 2703 990 2770 primo
1036 2718 1140 2754 non
1185 2700 1345 2763 dixit,
1387 2698 1748 2761 annuutietur,
1789 2695 1906 2760 sed,

324 2797 686 2860 Annuntiatur,
715 2791 860 2864 quod
905 2792 1127 2845 multum
1156 2789 1332 2843 differt
1361 2788 1558 2842 abillo.
1586 2785 1796 2839 Etenim
1826 2783 1910 2837 di-

324 2901 482 2950 cere,
532 2885 896 2946 annuntietnr,
953 2881 1122 2950 legem
1163 2878 1338 2932 dantis
1379 2884 1495 2941 est;
1546 2874 1907 2935 Annuntiatur,

325 2993 456 3034 vero
479 2977 694 3040 dicere,
743 2974 794 3028 id
835 2971 976 3043 quod
1026 2969 1285 3037 contingit
1327 2965 1590 3020 narrantis
1620 2973 1720 3019 est.
1759 2960 1912 3029 Quod

328 3085 457 3125 vero
494 3067 691 3122 Paulus
728 3079 833 3118 non
889 3063 1057 3130 legem
1104 3059 1235 3112 ferat
1273 3065 1332 3110 ut
1353 3058 1460 3110 sint
1500 3055 1771 3118 hmreses,
1819 3050 1914 3105 sed

325 3158 559 3213 abducat
580 3169 768 3209 omnes
795 3152 883 3222 qui
918 3151 1016 3220 ipsi
1046 3149 1412 3211 attenderem,
1443 3146 1564 3199 audi
1595 3143 1721 3214 quid
1767 3142 1911 3196 dixe-

327 3249 399 3302 rit
423 3265 435 3299 :
466 3247 525 3300 Si
550 3248 662 3309 quis
686 3242 820 3296 vobis
846 3240 1156 3310 cvangelizat
1187 3248 1366 3308 prazter
1389 3237 1442 3290 id
1470 3237 1603 3306 quod
1631 3233 1912 3300 accepistis,

327 3337 598 3390 anathema
626 3335 725 3398 sit,
757 3333 850 3386 etsi
878 3347 968 3401 ego
990 3371 1004 3396 ,
1035 3331 1126 3383 etsi
1164 3331 1374 3398 angelus
1411 3328 1472 3381 de
1512 3326 1648 3380 ctelis
1686 3323 1828 3393 (Gal.
1859 3323 1912 3376 i.

330 3427 384 3481 8.
413 3423 630 3495 9).‘Non
659 3430 835 3476 autem
865 3430 920 3474 et
945 3434 1003 3474 se
1027 3429 1081 3474 et
1109 3418 1353 3487 angelum
1381 3414 1911 3476 anathematizasset,

332 3517 378 3571 si
406 3529 516 3570 rem
543 3515 659 3568 sine
681 3512 915 3583 periculo
943 3525 1062 3565 esse
1079 3509 1341 3563 scivisset.
1364 3509 1438 3561 Ac
1458 3521 1668 3561 rursum
1689 3522 1704 3558 :
1728 3503 1800 3556 1E
1807 3520 1917 3556 mu-

336 3609 414 3662 lor
432 3608 562 3661 enim
591 3623 676 3659 vos
708 3603 802 3658 Dei
846 3602 1206 3657 aemulatione:
1248 3600 1494 3669 despondi
1533 3598 1664 3651 enim
1705 3613 1791 3650 vos
1828 3596 1917 3649 uni

329 3697 436 3748 viro
467 3694 714 3762 virginem
744 3702 980 3756 castam;
1013 3691 1166 3743 timeo
1199 3699 1372 3742 autem
1411 3705 1490 3753 ne,
1521 3689 1656 3740 sicut
1690 3701 1898 3755 serpens

335 3786 495 3838 Evam
527 3785 724 3850 decepit
769 3785 966 3836 astutia
997 3799 1094 3835 sua
1117 3823 1130 3845 ,
1179 3783 1254 3835 sic
1283 3787 1690 3848 corrumpantur
1719 3795 1902 3832 sensus

333 3877 487 3928 vestri
505 3892 534 3927 a
553 3873 889 3939 simplicitate
904 3889 1019 3941 qua:
1034 3883 1108 3926 est
1127 3874 1180 3925 in
1198 3871 1407 3925 Christo
1422 3868 1572 3937 (Cen.
1593 3871 1644 3923 5.
1662 3870 1713 3934 i;
1728 3870 1763 3922 '2
1775 3868 1900 3924 Cor.

342 3967 424 4018 ll.
465 3966 518 4017 :2.
545 3965 577 4015 3
597 3979 630 4028 y.
688 3965 826 4016 Ecce
861 3971 916 4015 et
940 3959 1346 4030 simplicitatem
1373 3959 1578 4026 posuit,
1614 3963 1670 4008 et
1697 3953 1917 4007 veniam

341 4070 442 4109 non
484 4055 646 4107 dedit.
681 4054 810 4106 Nam
834 4055 878 4107 si
907 4054 1058 4107 venia
1086 4061 1263 4119 esset,
1291 4060 1439 4107 certe
1477 4051 1771 4121 periculum
1812 4064 1920 4103 non

338 4157 490 4211 erat;
522 4147 565 4200 si
605 4147 900 4215 periculum
943 4161 1048 4198 non
1085 4153 1200 4199 erat
1225 4186 1238 4208 ,
1292 4160 1398 4198 non
1439 4145 1619 4212 utique
1657 4143 1924 4197 timuisset

341 4237 561 4300 Paulus;
586 4252 757 4306 neque
786 4236 1029 4290 Christus
1055 4235 1252 4289 zizania
1292 4234 1530 4288 comburi
1556 4233 1838 4302 jussisset,
1876 4233 1920 4286 si

340 4345 428 4384 res
482 4329 790 4383 indifferens
838 4339 950 4383 erat
987 4328 1142 4396 huic,
1173 4326 1248 4381 illi
1277 4327 1358 4382 vel
1384 4327 1472 4381 alii
1502 4326 1777 4380 attendere
1806 4340 1921 4378 om-

341 4423 603 4492 nibusque
623 4422 958 4491 simpliciter.

408 4516 462 4569 4.
487 4514 621 4582 Quid
652 4513 749 4568 sibi
777 4514 891 4567 vult
925 4513 1050 4568 illttd
1089 4512 1228 4582 quod
1260 4510 1458 4565 dictum
1489 4511 1609 4564 est?
1637 4510 1800 4563 Paulo
1826 4509 1912 4562 al-

342 4605 446 4660 tius
462 4605 612 4659 vobis
641 4613 803 4658 totam
831 4603 1105 4658 historiam
1128 4613 1365 4672 repetam
1392 4619 1405 4654 :
1429 4599 1702 4654 sciendum
1729 4599 1924 4668 quippe

340 4705 423 4751 est
465 4711 572 4766 quo
612 4696 662 4750 in
712 4703 851 4750 statu
901 4694 1096 4747 Paulus
1139 4701 1283 4746 esset
1326 4706 1447 4745 cum
1487 4689 1603 4743 lucc
1641 4689 1920 4742 scriberet.

342 4788 459 4855 Quo
487 4787 538 4841 in
571 4797 712 4840 statu
742 4786 898 4854 igitur
923 4785 1076 4837 erat?
1109 4784 1160 4836 in
1192 4797 1443 4845 carcere,
1486 4791 1541 4835 et
1577 4781 1812 4845 catenis,
1839 4780 1924 4832 in-

341 4877 693 4947 gentibusque
721 4875 992 4946 periculis.
1014 4873 1290 4929 Undeuatn
1318 4873 1369 4926 id
1397 4873 1602 4942 liquet?
1630 4873 1702 4925 Ex
1723 4885 1785 4926 ea
1814 4871 1926 4939 ipsa

343 4969 566 5040 epistola
601 4988 614 5021 :
644 4984 764 5023 nam
793 4976 946 5022 antea
994 4967 1199 5021 dixerat
1227 4985 1239 5018 :
1271 4965 1415 5020 Scire
1455 4974 1619 5018 autem
1657 4979 1744 5017 vos
1785 4963 1923 5025 volo,

345 5066 550 5131 fratres,
579 5061 714 5130 quod
741 5076 816 5123 ea,
851 5074 966 5126 quae
991 5059 1123 5110 circa
1153 5074 1230 5111 me
1254 5066 1406 5123 sunt,
1447 5057 1606 5126 magis
1649 5054 1718 5106 ad
1756 5057 1929 5122 profe-

342 5164 479 5206 ctum
511 5160 749 5205 venerunt
788 5151 1060 5221 evangelii;
1091 5150 1160 5202 ita
1198 5158 1252 5201 ut
1285 5148 1482 5202 vincula
1528 5163 1637 5200 mea
1666 5145 1932 5212 manifesta

353 5244 530 5311 fierent
554 5244 609 5297 in
637 5243 834 5297 Christo
862 5243 913 5294 in
935 5250 1037 5294 toto
1064 5241 1298 5310 praetorio
1323 5249 1369 5293 et
1390 5241 1578 5293 etrteris
1601 5236 1859 5299 omnibus;
1885 5243 1932 5288 et

348 5336 517 5403 plures
545 5349 572 5387 e
595 5332 836 5404 fratribus
864 5332 918 5385 in
941 5330 1159 5384 Domino
1188 5330 1492 5397 conﬁdentes
1532 5327 1743 5382 vinculis
1774 5326 1896 5380 meis
1914 5367 1927 5391 ,

347 5425 686 5479 abundantius
723 5425 968 5477 auderent
1012 5422 1118 5474 sine
1163 5422 1341 5473 timore
1395 5419 1594 5473 verbum
1649 5418 1743 5471 Dei
1793 5417 1930 5486 loqui

350 5515 612 5585 (Philipp.
634 5515 686 5569 Ι.
715 5511 930 5586 12-14).
953 5511 1093 5566 Nero
1122 5520 1255 5572 erat,
1284 5511 1370 5581 qui
1403 5511 1548 5564 illum
1577 5511 1628 5565 in
1660 5522 1930 5564 carcerem

349 5616 670 5677 conjccerat.
699 5605 1154 5675 Quemadmodum
1184 5606 1326 5660 enim
1361 5603 1539 5674 prtcdo
1567 5603 1779 5676 quidam
1803 5617 1937 5655 cun-

349 5695 448 5749 ctis
464 5695 861 5756 dormientibus
885 5698 1100 5755 domum
1128 5699 1417 5769 ingressus,
1439 5694 1566 5751 dum
1587 5694 1767 5752 omnia
1791 5691 1932 5747 abri-

1419 315 1504 368 DE
1545 310 1904 369 PROFECTU
1947 310 2334 366 E‘VANGELII.

3464 327 3570 383 5M

1999 425 2095 493 pit,
2118 425 2161 478 si
2187 441 2343 494 quem
2372 424 2546 480 videat
2578 426 2841 480 lucernam
2887 425 3211 493 accendere,
3256 423 3432 488 lumen
3468 443 3574 483 es-

2002 517 2219 585 stingnit
2243 559 2257 582 ,
2287 525 2341 572 et
2370 517 2517 571 illum
2564 518 2851 584 interimit,
2883 527 2939 570 ut
2979 518 3154 570 omnia
3201 516 3366 570 libere
3411 519 3576 587 possit

1992 607 2202 662 auferre
2245 619 2298 662 et
2337 609 2580 679 abripere
2610 627 2624 664 :
2651 610 2728 663 sic
2778 617 2831 663 et
2876 618 2999 662 tunc
3038 608 3178 662 Nero
3223 606 3423 670 Ctesar,
3477 622 3574 662 ceu

1993 697 2204 766 quidam
2231 698 2414 768 prmdo
2439 707 2492 753 et
2521 700 2849 767 compilator,
2881 697 3268 752 dormientibus
3294 697 3539 751 omnibus
3558 737 3572 758 ,

1997 788 2363 858 profundoque
2405 804 2595 844 somno
2624 789 2857 853 obrutis,
2889 789 3126 842 omnium
3158 787 3294 841 bona
3342 787 3574 856 abripie-

1996 881 2122 947 bat,
2172 881 2381 949 nuptias
2429 881 2742 947 invadebat,
2784 881 2970 934 domos
3018 879 3375 941 subvertebat,
3418 893 3578 932 onme

1997 985 2166 1039 genus
2209 970 2456 1040 nequitia:
2500 969 2825 1025 exhibebat:
2857 984 3081 1038 cumque
3117 968 3334 1022 Paulum
3375 966 3582 1020 videret

2003 1061 2278 1115 lucernam
2308 1076 2405 1130 per
2432 1069 2598 1114 totum
2624 1061 2805 1115 orbem
2835 1060 3146 1124 accendere,
3176 1073 3366 1128 nempe
3387 1057 3576 1110 doctri-

1999 1167 2081 1206 me
2108 1151 2345 1217 verbum,
2380 1152 2599 1221 ejusque
2625 1152 2910 1221 nequitiam
2942 1152 3284 1219 redarguere,
3318 1149 3576 1218 praedica-

2009 1244 2205 1298 tionem
2237 1243 2574 1312 exstinguere
2597 1253 2649 1297 et
2674 1243 2945 1297 doctorem
2970 1242 3213 1296 occidere
3234 1249 3453 1293 conatus
3478 1247 3578 1302 est,

2000 1345 2059 1390 ut
2085 1337 2260 1390 omnia
2289 1350 2408 1390 cum
2441 1341 2700 1403 potestate
2720 1335 2818 1388 sibi
2850 1334 3022 1388 facere
3063 1333 3248 1386 liceret
3277 1350 3292 1385 :
3321 1333 3582 1384 vinctum-

2001 1442 2104 1496 que
2135 1435 2375 1480 sanctum
2408 1425 2554 1479 illum
2581 1423 2808 1493 conjecit
2847 1423 2898 1476 in
2929 1435 3220 1476 carcerem.
3249 1419 3397 1474 Tunc
3428 1419 3584 1488 igitur

2003 1517 2120 1572 haec
2151 1517 2338 1570 beatus
2365 1516 2560 1570 Paulus
2586 1515 2816 1584 scripsit.

2079 1607 2383 1662 Sollicitudo
2412 1605 2566 1660 Pauli
2591 1622 2709 1677 erga
2735 1603 3050 1674 discipulos;
3071 1602 3433 1674 discipulorum
3462 1617 3582 1671 erga

2005 1698 2299 1768 magistrum
2341 1713 2500 1750 amor.
2528 1725 2598 1736 ——
2621 1695 2750 1762 Quis
2781 1709 2885 1747 non
2915 1692 3168 1758 stupeat?
3202 1692 3320 1761 quis
3348 1706 3452 1743 non
3483 1692 3581 1742 ad-

2007 1787 2267 1840 miretur?
2301 1786 2409 1838 imo
2435 1785 2574 1853 quis,
2607 1792 2663 1836 ut
2691 1797 2785 1852 par
2809 1790 2910 1844 est,
2951 1789 3161 1850 stupeat
3199 1788 3253 1833 et
3294 1780 3589 1833 admiretur

2007 1890 2320 1945 generosum
2351 1875 2500 1928 illum
2530 1883 2583 1927 et
2611 1873 2676 1926 ad
2708 1872 2869 1927 caelos
2893 1871 3280 1940 pertiugeutem
3317 1869 3586 1945 animum,

2008 1968 2099 2035 qui
2126 1966 2312 2019 Romae
2331 1966 2536 2017 vinctus
2566 1973 2618 2016 et
2643 1962 3022 2024 incarceratus,
3044 1976 3107 2014 ex
3137 1967 3282 2012 tanto
3309 1957 3588 2011 intervallo

2010 2057 2434 2126 Philippensibus
2462 2053 2757 2109 scriberet?
2794 2053 2952 2108 Scitis
2983 2060 3234 2122 quantum
3266 2050 3490 2120 spatium
3521 2051 3593 2102 sit

2010 2147 2366 2202 Macedoniam
2393 2145 2533 2199 inter
2561 2153 2612 2200 et
2641 2145 2883 2197 Romam.
2915 2142 3018 2198 Sed
3045 2157 3216 2212 neque
3245 2141 3450 2196 itineris
3476 2141 3594 2194 lon-

2008 2237 2226 2310 gitudo,
2275 2252 2449 2308 neque
2493 2237 2813 2291 diuturnitas
2863 2235 3147 2304 temporis,
3193 2249 3365 2302 neque
3413 2247 3592 2287 rerum

2014 2330 2292 2394 tumultus,
2327 2344 2500 2397 neque
2531 2327 2768 2397 pericula
2798 2334 2851 2381 et
2892 2325 3184 2394 frequentia
3223 2323 3358 2377 mala
3381 2365 3395 2384 ,
3424 2337 3596 2390 neque

2015 2421 2154 2475 aliud
2181 2419 2450 2490 quidpiam
2473 2419 2746 2472 caritatem
2768 2416 3185 2484 memoriamque
3213 2413 3591 2481 discipulorum

2015 2510 2446 2580 dejiciebat;sed
2476 2524 2662 2563 omnes
2689 2508 2779 2563 ille
2807 2507 2858 2560 in
2886 2515 3065 2560 mente
3093 2503 3339 2559 servabat
3370 2522 3382 2556 :
3417 2518 3590 2571 neque

2015 2603 2084 2656 ita
2130 2601 2333 2654 catenis
2377 2613 2566 2653 manus
2610 2597 2930 2667 ligabantur,
2962 2602 3020 2648 ut
3048 2593 3222 2647 anima
3260 2592 3376 2660 ejus
3416 2606 3598 2644 amore

2020 2693 2408 2763 discipulorum
2442 2685 2688 2742 devineta
2727 2684 2991 2754 aflixaque
3029 2690 3144 2736 erat
3183 2699 3196 2734 :
3234 2680 3375 2763 quo‘d
3427 2681 3595 2749 ipsum

2015 2762 2172 2834 initio
2212 2777 2454 2847 epistola:
2507 2765 2952 2827 declarabaton
2980 2763 3119 2836 quod
3167 2762 3386 2818 habeam
3427 2783 3514 2820 vos
3543 2762 3597 2818 in

2017 2871 2168 2924 corde
2194 2871 2245 2922 in
2275 2867 2488 2920 vinculis
2513 2867 2655 2932 meis,
2686 2874 2732 2920 et
2756 2866 2809 2917 in
2840 2863 3127 2932 defensione
3154 2867 3201 2913 et
3223 2855 3602 2924 confirmatione

2020 2958 2263 3028 evangelii
2293 2955 2550 3027 (Philipp.
2577 2956 2627 3007 1.
2651 2955 2726 3023 7).
2760 2954 2827 3006 Et
2859 2952 2989 3005 sicut
3019 2965 3114 3004 rex
3146 2962 3300 3002 mane
3325 2947 3376 2999 in
3407 2944 3600 2999 solium

2018 3049 2416 3110 conscendens,
2454 3048 2504 3100 in
2537 3046 2802 3113 regalibus
2841 3044 2977 3096 aulis
3021 3040 3252 3104 sedens,
3298 3038 3603 3092 innumeras

2019 3141 2194 3196 statim
2222 3138 2456 3208 undique
2501 3136 2686 3204 recipit
2730 3133 2983 3203 epistolas
3006 3149 3017 3184 :
3043 3132 3119 3185 sic
3146 3139 3199 3184 et
3226 3130 3316 3184 ille
3344 3125 3600 3196 quemad-

2024 3230 2243 3286 modum
2285 3229 2336 3282 in
2373 3227 2536 3296 regiis
2564 3225 2699 3279 aulis
2726 3225 2776 3278 in
2805 3237 3019 3278 carcere
3045 3220 3255 3283 sedens,
3290 3217 3457 3272 multo
3483 3215 3603 3285 plu-

2022 3335 2107 3375 res
2159 3317 2452 3388 accipiebat
2506 3323 2665 3385 atque
2717 3313 2960 3367 mittebat
3011 3309 3260 3382 epistolas
3293 3350 3305 3369 ,
3358 3305 3604 3378 gentibus

2021 3411 2254 3478 undique
2283 3409 2492 3479 negotia
2525 3422 2618 3461 sua
2650 3406 2827 3460 omnia
2870 3403 2936 3458 ad
2981 3403 3096 3473 ejus
3121 3401 3435 3471 sapientiam
3466 3397 3604 3479 refe—

2021 3476 2259 3555 rentibus
2289 3516 2302 3552 :
2335 3476 2588 3566 tantoque
2616 3497 2769 3565 plura
2796 3495 2884 3547 ille
2912 3494 3143 3562 negotia,
3172 3506 3330 3559 quem
3357 3491 3469 3558 ipse
3498 3476 3606 3541 lm-

2023 3601 2276 3662 perator,
2327 3588 2586 3658 gerebat,
2639 3594 2840 3656 quanto
2893 3583 3064 3652 majus
3113 3582 3212 3636 sibi
3261 3579 3602 3634 commissum

2025 3682 2303 3751 imperium
2355 3678 2604 3734 habebat.
2649 3676 2832 3744 Neque
2880 3674 3020 3728 enim
3062 3671 3352 3726 Romanam
3400 3676 3602 3722 tantum

2023 3773 2299 3837 ditionem,
2329 3770 2422 3825 sed
2451 3769 2612 3824 etiam
2639 3766 2895 3822 barbaros
2924 3778 3132 3828 omnes,
3163 3769 3357 3816 terram
3381 3769 3435 3814 et
3458 3773 3604 3811 mare

2025 3865 2078 3918 itt
2110 3878 2297 3917 manus
2336 3863 2450 3930 ejus
2495 3857 2789 3914 tradiderat
2821 3857 2977 3909 Deus.
3023 3855 3184 3920 quue
3212 3850 3463 3905 liornauis
3506 3849 3605 3902 dc-

2025 3953 2235 4008 claraas
2260 3951 2514 4006 dicebat:
2551 3948 2689 4001 Nolo
2730 3955 2900 3999 autem
2946 3960 3033 3998 vos
3075 3944 3342 4012 ignorare,
3387 3943 3604 4010 fratres,

2026 4045 2142 4114 quia
2195 4057 2327 4111 stupe
2368 4037 2606 4108 praposui
2646 4035 2813 4088 venire
2855 4033 2921 4084 ad
2964 4048 3083 4096 vos,
3115 4041 3161 4083 et
3189 4029 3466 4098 prohibitus
3495 4043 3608 4078 sum

2026 4150 2181 4205 usque
2210 4132 2377 4185 adhuc
2395 4147 2415 4196 ;
2446 4139 2498 4184 ut
2524 4128 2744 4196 aliquem
2787 4130 3009 4194 fructum
3040 4121 3248 4174 habeam
3275 4128 3320 4172 et
3352 4119 3403 4170 in
3440 4117 3605 4179 vobis,

2028 4227 2156 4280 sicut
2181 4233 2226 4277 et
2251 4223 2302 4274 in
2329 4220 2519 4274 exteris
2548 4217 2774 4286 gentibus
2800 4230 2818 4268 :
2846 4212 3032 4267 Graecis
3063 4221 3108 4264 et
3134 4209 3376 4271 barbaris,
3409 4207 3610 4276 sapien-

2030 4317 2158 4370 tibus
2201 4324 2245 4366 et
2283 4311 2630 4382 insipientibus
2670 4307 2864 4359 debitor
2900 4319 3008 4358 sum
3057 4300 3075 4372 (
3095 4299 3242 4354 Rom.
3279 4301 3328 4353 1.
3363 4298 3444 4350 15.
3484 4297 3547 4349 Η
3571 4300 3610 4365 ).

2027 4407 2273 4478 Quotidie
2303 4421 2431 4473 ergo
2461 4401 2719 4454 sollicitus
2743 4407 2874 4458 erat,
2895 4394 3018 4463 quid
3041 4390 3320 4451 Corinthii,
3350 4387 3474 4458 quid
3496 4387 3611 4440 Ma-

2031 4500 2264 4554 cedones
2293 4501 2514 4563 agerent
2545 4507 2559 4546 :
2590 4489 2856 4559 quomodo
2902 4485 3266 4552 Pbilippenses
3291 4521 3305 4541 ,
3343 4478 3612 4548 quomodo

2029 4589 2396 4660 Cappadoces,
2414 4582 2680 4654 quomodo
2699 4580 2916 4641 Galatea,
2943 4573 3212 4645 quomodo
3237 4569 3612 4634 Athenienses,

2032 4657 2301 4754 quomodo
2326 4678 2552 4732 Pontum
2583 4673 2898 4732 incolentes,
2930 4663 3197 4736 quomodo
3226 4673 3415 4714 omnes
3443 4657 3616 4710 homi-

2034 4749 2129 4830 nes
2163 4790 2221 4828 se
2250 4771 2531 4826 haberent.
2559 4769 2806 4820 Attamen
2828 4803 2842 4825 ,
2873 4775 2995 4816 cum
3027 4757 3307 4811 universus
3342 4751 3484 4806 orbis
3513 4749 3612 4818 ipsi

2033 4863 2376 4922 concreditus
2422 4867 2562 4914 esset
2589 4895 2605 4919 ,
2634 4869 2737 4910 nou
2771 4861 2974 4906 tantum
3003 4849 3071 4902 de
3097 4846 3344 4917 gentibus
3370 4840 3616 4895 omnibus

2035 4968 2150 5014 erat
2176 4954 2438 5011 sollicitus
2468 4994 2482 5016 ,
2513 4949 2607 5004 sed
2653 4946 2812 5000 etiam
2843 4943 2908 4996 dc
2933 4954 3040 4995 uno
3074 4937 3319 5008 quopiam
3352 4932 3567 4987 homine
3598 4947 3613 4985 :

2035 5059 2089 5104 et
2118 5061 2258 5102 nunc
2299 5051 2513 5113 propter
2541 5037 2848 5092 Onesimum
2878 5029 3154 5100 epistolam
3185 5023 3449 5088 mittebat,
3477 5033 3617 5074 nunc

2041 5147 2256 5210 propter
2302 5151 2423 5189 eum
2452 5174 2465 5196 ,
2511 5131 2598 5201 qui
2648 5125 2787 5196 apud
2835 5120 3139 5179 Corinthios
3165 5115 3620 5210 fornicatus-erat.

2037 5199 2219 5300 Neque
2245 5228 2385 5282 enim
2419 5226 2517 5277 hoc
2533 5199 2936 5276 considerabat,
2965 5211 3104 5282 quod
3131 5223 3267 5263 unus
3294 5213 3434 5260 esset
3461 5202 3504 5256 is
3527 5199 3617 5267 qui

2039 5294 2370 5392 peccaverat,
2395 5327 2445 5369 ct
2474 5309 2767 5383 patrocinio
2795 5312 3007 5375 egeret,
3041 5299 3132 5354 sed
3165 5295 3304 5367 quod
3333 5294 3494 5347 homo
3522 5304 3617 5342 es-

2040 5381 2122 5472 set
2149 5430 2161 5466 :
2190 5412 2384 5468 homo,
2415 5381 2630 5474 inquam
2655 5443 2666 5463 ,
2697 5395 3137 5469 pretiosissimum
3165 5390 3274 5442 Deo
3300 5381 3527 5445 animal,
3557 5389 3618 5435 et

2043 5513 2258 5576 propter
2285 5515 2440 5570 quem
2465 5499 2622 5551 Pater
2649 5493 2780 5547 Filio
2815 5503 2911 5543 suo
2939 5501 3042 5540 non
3075 5477 3330 5553 pepercit.

2113 5563 2166 5650 5'.
2195 5594 2273 5649 Ne
2301 5563 2428 5646 inihi
2460 5586 2658 5643 dixeris
2687 5579 2830 5653 quod
2862 5579 2949 5633 ille
2977 5575 3256 5642 fugitivus,
3288 5563 3428 5638 quod
3458 5563 3614 5624 latro,

2045 5687 2185 5761 quod
2214 5684 2312 5754 fur,
2339 5691 2392 5740 ct
2419 5677 2712 5736 innumeris
2730 5681 2955 5728 onustus
2980 5666 3155 5730 vitiis;
3188 5661 3272 5717 vel
3291 5655 3432 5730 quod
3458 5669 3610 5710 ntea—
