4060 6260
388 222 494 279 315

389 332 564 397 dieus,
592 333 859 405 abjectus.
886 332 1003 388 vilis
1032 343 1085 388 et
1115 334 1307 387 nullius
1337 335 1489 402 pretii
1512 333 1637 388 :sed
1668 333 1838 403 cogita
1869 348 1964 401 pro

386 422 479 476 illo
504 421 783 479 Christum
806 430 1079 478 mortuum
1115 439 1234 479 esse
1257 465 1271 489 ,
1315 424 1470 494 idque
1510 424 1600 478 tibi
1633 425 1762 479 satis
1790 435 1869 478 est
1898 423 1962 476 ad

389 527 604 566 onmem
624 512 1019 581 suscipiendam
1051 528 1250 568 curam.
1275 514 1459 584 Cogita
1487 529 1642 584 quem
1667 529 1785 569 esse
1811 529 1970 582 opor-

394 610 504 659 teat
530 617 653 658 cum
699 614 856 669 quem
901 601 1145 658 Christus
1182 604 1259 659 sic
1302 603 1662 668 honoravcrit,
1694 614 1752 659 ut
1794 618 1968 673 neque

389 693 633 760 sanguini
664 706 760 746 suo
786 694 1098 761 pepercerit.
1123 695 1305 764 Neque
1334 696 1497 759 enim,
1535 696 1578 751 si
1621 710 1712 750 rex
1751 709 1846 764 pro
1867 693 1966 746 ali-

392 797 497 853 quo
535 798 657 837 sese
689 782 962 840 immolare
997 786 1194 852 vellet,
1237 787 1379 841 aliud
1419 802 1779 858 quaereremus
1806 802 1967 857 argu-

390 882 651 939 mentum,
683 874 823 944 quod
855 891 1074 945 magnus
1101 878 1188 931 ille
1209 888 1384 942 esset,
1410 879 1624 947 regique
1641 878 1967 940 carissimus,

392 973 450 1019 ut
476 981 573 1035 ego
602 964 813 1036 quidem
843 969 1089 1022 existimo
1121 987 1135 1023 :
1170 985 1315 1023 mors
1341 971 1533 1040 quippe
1561 971 1690 1025 satis
1727 978 1871 1024 esset
1903 970 1970 1022 ad

391 1057 767 1111 declarandum
809 1058 922 1128 ejus
953 1061 1042 1130 qui
1074 1071 1299 1116 mortem
1348 1062 1642 1130 susciperet
1671 1076 1794 1130 erga
1827 1061 1970 1114 illum

393 1146 659 1200 affectum.
689 1147 804 1202 Jam
834 1165 961 1204 vero
990 1167 1095 1204 non
1128 1151 1318 1216 homo,
1350 1168 1452 1207 non
1483 1153 1718 1222 angelus,
1753 1168 1855 1205 non
1881 1167 1972 1206 ar-

394 1235 711 1306 changelus,
743 1239 835 1291 sed
866 1239 979 1308 ipse
1005 1242 1256 1295 etelorum
1296 1243 1565 1308 Dominus,
1594 1243 1707 1312 ipse
1731 1244 1974 1312 unigeni-

396 1337 479 1383 tus
524 1330 687 1383 Filius
730 1331 822 1385 Dei
873 1346 1034 1387 carne
1082 1332 1293 1389 indutus
1337 1335 1572 1403 st-ipsum
1621 1334 1835 1388 tradidit
1879 1350 1975 1403 pro

396 1420 571 1476 nobis.
600 1424 791 1475 Annon
825 1423 985 1491 igitur
1010 1425 1186 1478 omnia
1219 1424 1506 1488 faciemus,
1539 1425 1715 1479 omnia
1746 1425 1971 1480 tentabi-

396 1525 536 1577 mus,
561 1521 619 1564 ut
647 1512 890 1567 homines
922 1522 1068 1567 tanto
1096 1513 1267 1568 allecti
1299 1513 1503 1569 honore
1532 1524 1710 1569 nostra
1738 1514 1978 1569 fruantur

399 1616 526 1656 cura
558 1613 611 1656 et
640 1604 1035 1658 sollicitudine?
1063 1605 1294 1675 Ecquam
1337 1607 1651 1662 habebimus
1676 1608 1977 1662 excusatio-

401 1693 566 1745 nem?
592 1709 747 1762 quam
777 1695 1024 1748 veniam?
1056 1696 1169 1749 lloc
1197 1696 1367 1765 ipsum
1399 1697 1595 1751 Paulus
1625 1697 1864 1751 indicans
1899 1697 1980 1751 di-

399 1782 587 1836 cehat:
616 1782 697 1835 Ne
733 1785 843 1837 cibo
884 1794 969 1839 tuo
1008 1785 1153 1838 illum
1184 1786 1399 1853 perdas,
1433 1796 1635 1855 prapter
1660 1800 1804 1855 quem
1827 1784 1978 1839 Chri-

401 1881 504 1926 stus
531 1883 756 1926 mortuus
779 1884 850 1927 est
882 1875 1069 1945 (Rom.
1102 1877 1186 1930 14.
1215 1876 1342 1946 15).
1372 1877 1477 1930 Eos
1503 1876 1644 1930 enim
1672 1877 1761 1945 qui
1792 1876 1982 1930 fratres

401 1975 662 2031 spernunt
688 1974 742 2019 ct
770 1974 1034 2035 tamquam
1068 1967 1310 2020 inlirmos
1339 1967 1639 2036 despiciunt
1668 1976 1723 2020 ut
1761 1968 1980 2036 pudefao

400 2056 507 2109 ciat
529 2096 545 2121 ,
578 2063 632 2110 ct
659 2057 722 2110 ad
750 2058 979 2125 proximi
1005 2074 1187 2112 curam
1216 2060 1557 2128 studiumque
1586 2059 1833 2122 inducat,
1867 2060 1982 2116 vice

402 2151 642 2205 omnium
684 2160 907 2205 mortem
941 2152 1153 2206 Domini
1200 2153 1396 2221 posuit.
1428 2153 1506 2207 Ex
1540 2163 1685 2206 tanto
1716 2154 1875 2223 igitur
1905 2155 1985 2206 in-

404 2241 627 2295 tervallo
672 2243 722 2295 in
764 2258 980 2297 carcere
1027 2243 1223 2297 sedens
1273 2243 1699 2313 Philippensihus
1744 2244 1978 2312 scripsit.

398 2328 548 2383 Talis
579 2330 773 2400 quippe
797 2341 878 2386 est
909 2333 1102 2386 caritas
1127 2347 1249 2401 erga
1281 2332 1481 2398 Deum;
1512 2334 1669 2388 nullis
1703 2336 1860 2389 rebus
1890 2337 1985 2388 im-

405 2418 617 2487 peditur
647 2421 913 2485 humanis,
940 2431 1122 2491 utpote
1148 2438 1266 2492 qua:
1292 2422 1342 2476 in
1372 2424 1516 2477 cmlis
1537 2424 1766 2478 radicem
1798 2425 1988 2479 habeat

407 2517 461 2561 et
509 2512 1014 2566 remunerationem.
1064 2513 1130 2566 Et
1174 2514 1298 2583 qttid
1347 2514 1678 2568 dicit?Scire
1717 2531 1801 2568 vos
1837 2517 1982 2583 volo,

405 2599 587 2668 fratres
619 2599 871 2670 (Philipp.
900 2603 948 2655 1.
985 2603 1095 2673 19).
1118 2604 1360 2659 Vidistin'
1381 2621 1560 2659 curam
1587 2622 1716 2676 erga
1749 2608 1980 2677 discipu-

409 2688 527 2744 los?
561 2690 791 2745 vidistin‘
819 2693 1053 2762 magistri
1102 2695 1556 2751 sollicitudinem?
1584 2697 1716 2751 Audi
1761 2708 1816 2752 et
1852 2698 1984 2751 alle-

411 2788 550 2834 ctum
577 2780 957 2850 discipulorum
981 2798 1103 2853 erga
1128 2785 1459 2854 magistrum,
1488 2796 1543 2840 ut
1564 2787 1700 2842 scias
1724 2787 1843 2841 ideo
1868 2788 1987 2842 illos

409 2869 573 2926 fortes
603 2871 935 2943 invictosque
963 2874 1142 2940 fuisse,
1176 2876 1315 2945 quod
1341 2887 1522 2931 tnutuo
1545 2892 1728 2933 amore
1757 2878 1985 2933 devincti

408 2971 607 3016 essent.
635 2962 767 3017 Nam
797 2964 840 3018 si
869 2963 1054 3019 Frater
1090 2968 1178 3036 qui
1216 2967 1489 3036 adjuvetur
1534 2986 1566 3022 a
1612 2974 1799 3038 fratre,
1847 2972 1990 3040 quasi

410 3052 583 3108 ciuitas
612 3056 760 3122 ﬁrma
785 3054 966 3126 (Prov.
996 3058 1083 3113 18.
1109 3058 1222 3129 19).
1255 3060 1421 3113 multo
1448 3062 1613 3129 magis
1645 3072 1718 3114 tot
1747 3062 1989 3119 homines

412 3144 648 3200 caritatis
675 3146 903 3203 vinculis
931 3150 1203 3205 constricti
1228 3190 1244 3215 ,
1272 3166 1460 3206 omnes
1487 3152 1755 3221 depellant
1775 3154 1987 3222 maligni

411 3235 670 3288 daemonis
700 3235 938 3291 insidias.
962 3237 1122 3293 Certe
1152 3240 1291 3308 quod
1320 3240 1516 3295 Paulus
1548 3241 1821 3296 devinctus
1848 3253 1991 3297 esset

413 3320 726 3390 discipulis,
770 3312 891 3378 non.
916 3341 1049 3394 opus
1094 3337 1175 3380 est
1221 3327 1589 3385 demonstrare
1641 3333 1724 3385 vel
1777 3332 1985 3397 dicere,

414 3413 627 3482 quando
659 3416 818 3470 etiam
851 3418 1072 3473 vinculis
1098 3422 1416 3477 constrictus
1443 3422 1650 3478 illorum
1680 3426 1994 3480 sollicitudi-

414 3521 535 3560 nem
562 3506 797 3574 gerebat,
831 3517 887 3564 ct
911 3511 1144 3579 quotidie
1172 3527 1270 3582 pro
1301 3512 1403 3568 illis
1429 3515 1776 3584 moriebatur,
1806 3518 1991 3573 inccn-

413 3610 504 3649 SllS
532 3612 733 3652 amore.

487 3685 540 3738 6.
572 3685 720 3750 Quod
757 3702 882 3742 vero
920 3688 1164 3760 discipuli
1205 3692 1371 3748 Paulo
1409 3706 1591 3751 essent
1624 3697 1769 3752 omni
1817 3698 1993 3752 studio

415 3775 677 3842 devincti,
719 3794 824 3832 nun
872 3780 966 3834 viri
1006 3783 1211 3848 solum,
1254 3785 1347 3839 sed
1386 3788 1544 3840 etiam
1572 3788 1841 3854 mulieres,
1870 3789 1991 3843 audi

415 3866 542 3936 quid
570 3869 707 3922 dicat
730 3871 797 3925 de
829 3871 1028 3928 Phtnbe
1054 3891 1066 3927 :
1097 3872 1401 3929 Commendo
1422 3877 1558 3931 vobis
1587 3878 1822 3934 Pltaebem
1851 3897 1990 3935 soro-

418 3975 521 4012 rem
543 4001 558 4023 ,
585 3977 698 4029 qua:
721 3962 771 4014 in
800 3964 1071 4017 ministerio
1112 3974 1183 4018 est
1212 3964 1483 4030 Ecclesiaz,
1523 3984 1636 4037 quia
1668 3979 1741 4022 est
1779 3970 1831 4023 in
1867 3970 1995 4024 Cen-

416 4053 597 4115 clareis,
635 4062 690 4105 ut
715 4070 826 4106 eam
857 4056 1141 4122 suscipiatis
1180 4056 1231 4107 in
1258 4055 1479 4110 Domino
1518 4057 1669 4125 digne
1694 4061 1881 4112 sanctis
1900 4102 1914 4123 ,
1948 4070 1995 4114 et

416 4142 664 4196 assistatis
688 4144 732 4195 ei
761 4144 812 4194 in
831 4159 1143 4213 quocumque
1167 4146 1363 4212 negotio
1384 4147 1531 4198 vestri
1555 4147 1825 4214 indiguerit
1843 4188 1858 4210 ,
1886 4165 1998 4218 qua:

419 4234 613 4288 adstitit
657 4233 856 4299 multis,
897 4243 943 4284 et
985 4233 1108 4286 milii
1131 4234 1230 4302 ipsi
1257 4233 1441 4304 (Rom.
1474 4236 1560 4289 16.
1596 4236 1644 4289 1.
1673 4236 1764 4305 2).
1797 4236 1995 4293 Verum

422 4326 510 4379 hic
545 4324 681 4378 circa
724 4323 1071 4391 patrocinium
1107 4333 1306 4378 tantum
1349 4325 1512 4395 ipsius
1547 4326 1724 4382 studio
1756 4329 1995 4382 testimo-

420 4414 567 4467 nium
599 4412 782 4467 dedit:
809 4413 1043 4467 Priscilla
1073 4429 1201 4468 vero
1236 4424 1291 4469 et
1324 4416 1518 4485 Aquila
1553 4430 1721 4486 usque
1748 4417 1814 4471 ad
1847 4434 1992 4471 mor-

424 4513 529 4558 tem
580 4503 725 4558 Pauli
768 4505 932 4573 gratia
980 4514 1374 4574 processerunt.
1421 4506 1496 4561 De
1532 4506 1637 4562 illis
1676 4519 1853 4563 autem
1894 4508 1997 4565 hoc

423 4595 583 4650 modo
607 4596 827 4650 scribit:
861 4595 1101 4651 Salutant
1125 4611 1211 4650 vos
1239 4596 1421 4664 Aquila
1449 4606 1494 4650 et
1520 4596 1780 4664 Priscilla,
1802 4601 1886 4667 qui
1906 4616 1997 4668 pro

421 4685 590 4738 anima
623 4702 733 4738 mea
765 4686 999 4739 cervicem
1035 4702 1179 4739 suam
1213 4694 1581 4756 supposuerunt
1617 4687 1804 4759 (Rom.
1831 4690 1918 4744 16.
1941 4691 1994 4744 3.

422 4776 478 4848 4)
503 4776 599 4848 (ιι),
616 4776 682 4832 ad
708 4789 929 4834 mortem
952 4778 1217 4833 videlicet.
1242 4779 1317 4834 De
1334 4779 1438 4834 alio
1457 4795 1670 4850 quoque
1693 4783 1771 4835 sic
1791 4781 1855 4835 ad
1881 4783 1998 4836 illos

423 4870 642 4923 scribit:
675 4867 844 4938 Usque
883 4870 951 4922 ad
991 4881 1199 4924 mortem
1243 4872 1480 4935 accessit,
1528 4870 1730 4925 tradens
1777 4873 1999 4926 animam

423 4975 586 5021 suam,
618 4968 670 5011 ut
700 4960 925 5027 impleret
948 4959 1022 5020 id,
1046 4959 1181 5028 quod
1205 4975 1268 5013 ea:
1287 4960 1422 5014 vobis
1448 4959 1618 5014 deerat
1644 4977 1763 5031 erga
1797 4978 1875 5015 me
1911 4963 2000 5015 Ob-I

423 5048 645 5117 sequium
674 5047 929 5118 (Philipp.
958 5049 1010 5103 2.
1037 5049 1154 5118 50).
1187 5048 1375 5104 Viden’
1400 5051 1667 5119 quomodo
1687 5053 1996 5120 magistrum

423 5139 705 5207 diligerent
728 5180 742 5200 ,
776 5138 1040 5207 quomodo
1068 5141 1249 5208 prius,
1280 5156 1439 5209 quam
1469 5142 1660 5194 animte
1703 5156 1812 5195 suae
1837 5181 1852 5207 ,
1885 5141 1999 5210 ejus

422 5228 789 5299 tranquillitati
837 5231 1243 5299 prospicerent?
1286 5230 1640 5297 Quamobrem
1682 5246 1839 5285 nemo
1878 5241 2001 5286 tunc

421 5318 540 5373 illos
594 5321 897 5389 superabat.
952 5320 1076 5374 lltnc
1128 5334 1286 5389 porro
1338 5319 1495 5385 dico,
1548 5336 1652 5375 non
1710 5330 1766 5374 ut
1813 5320 2001 5375 audia-

424 5423 541 5463 mus
568 5418 790 5473 tantunt,
824 5411 916 5465 sed
942 5412 1099 5465 etiam
1130 5420 1187 5465 ut
1217 5411 1486 5465 imitemur
1512 5429 1524 5465 :
1557 5426 1731 5482 neque
1771 5411 1996 5466 subditis

425 5508 633 5556 tantum
662 5503 871 5573 loquor,
900 5503 993 5557 sed
1022 5502 1181 5558 etiam
1215 5502 1609 5573 magistratibus
1633 5520 1649 5570 ;
1677 5510 1734 5557 ut
1758 5501 2003 5573 discipuli

487 5615 562 5679 (α)
592 5622 700 5667 tunc
720 5616 948 5667 diﬂ'erunt
971 5633 996 5667 a
1022 5622 1160 5667 textu
1188 5617 1406 5680 epistolae
1429 5616 1488 5667 ad
1513 5623 1762 5667 Romanos.

1107 218 1165 273 S.
1194 216 1471 273 JOANNIS
1506 219 1983 275 CHRYSOSTOMI
2017 218 2330 275 ARClilEP.
2372 216 2906 274 CONSTANTINOP.

3550 220 3669 274 318

2073 330 2288 383 multam
2318 345 2440 400 erga
2472 340 2754 399 tuagtstros
2778 344 2961 383 curam
2995 326 3309 393 exhibeant,
3351 337 3511 396 utque
3542 346 3661 386 ma-

2071 421 2220 490 gistri
2263 421 2509 475 eumdem
2553 435 2709 489 quem
2755 419 2951 475 Paulus
2991 434 3115 490 erga
3140 419 3379 475 subditos
3406 420 3659 477 atfeetum

2075 512 2325 577 habeant,
2358 527 2456 566 nec
2478 512 2651 565 solum
2683 519 3003 580 praesentes,
3035 511 3131 565 sed
3161 511 3319 564 etiam
3347 512 3532 580 procul
3561 527 3660 580 po-

2073 604 2227 658 sitos.
2259 603 2534 673 Siquidem
2562 603 2759 658 Paulus
2782 618 2845 656 ac
2870 604 2915 657 si
2944 603 2995 656 in
3038 611 3147 656 toto
3172 602 3303 658 orbe
3331 617 3428 657 ceu
3460 618 3563 659 una
3602 605 3660 659 in

2073 695 2234 750 domo
2262 694 2544 761 habitaret,
2574 695 2652 749 sic
2678 695 2746 749 de
2774 695 3013 749 omnium
3040 694 3213 750 salute
3239 694 3497 750 sollicitus
3518 705 3662 761 erat,

2075 788 2360 858 missisque
2386 788 2608 842 vinculis
2634 788 2743 841 suis
2765 827 2779 851 ,
2810 786 3063 840 aerumnis
3081 827 3097 851 ,
3137 786 3304 856 plagis
3324 828 3342 854 ,
3363 788 3623 857 angustiis
3643 829 3660 853 ,

2076 877 2453 932 considerabat
2490 885 2546 932 et
2589 876 2961 933 sciscitabatur
3009 877 3264 945 quotidie,
3303 879 3572 948 quomodo
3600 894 3665 934 se

2079 965 2338 1023 haberent
2362 983 2442 1031 ea,
2480 983 2600 1037 qua:
2630 967 2696 1021 ad
2723 966 3013 1035 discipulos
3033 966 3380 1035 spectabant:
3411 983 3663 1039 s'epeque

2079 1057 2164 1109 illa
2192 1058 2361 1112 solum
2387 1057 2453 1112 de
2481 1073 2641 1112 causa
2669 1057 2930 1118 mittebat,
2963 1074 3101 1113 nunc
3121 1058 3491 1128 Timotheum,
3518 1076 3664 1115 nunc

2078 1149 2369 1220 Tychicttm
2396 1167 2408 1203 :
2442 1166 2562 1203 nam
2588 1150 2656 1204 de
2681 1150 2783 1204 hoc
2817 1150 3029 1220 quidem
3060 1152 3135 1204 ait
3164 1168 3178 1204 :
3209 1150 3278 1206 Ut
3306 1153 3429 1206 sciat
3452 1169 3565 1224 qua!
3588 1154 3661 1205 ad

2087 1255 2172 1294 vos
2200 1249 2443 1309 spectant,
2477 1249 2523 1294 et
2546 1243 2831 1295 consoletur
2858 1243 3012 1296 corda
3037 1253 3198 1297 vestra
3226 1243 3439 1315 (Ephes.
3463 1244 3515 1301 6.
3539 1245 3660 1316 22):

2080 1333 2147 1388 de
2168 1333 2448 1387 Timotheo
2469 1341 2644 1387 autem
2670 1350 2681 1386 :
2709 1334 2827 1388 Misi
2847 1351 2959 1388 eum
2978 1334 3046 1388 ad
3072 1350 3157 1389 vos
3185 1351 3281 1388 non
3309 1336 3530 1406 amplius
3551 1352 3664 1392 sus-

2081 1423 2263 1487 tinens,
2297 1440 2359 1476 ne
2386 1426 2516 1492 forte
2545 1424 2802 1478 tentaverit
2848 1440 2933 1477 vos
2963 1425 3006 1478 is
3033 1425 3120 1496 qui
3147 1434 3299 1479 tentet
3322 1426 3395 1495 (ι.
3421 1424 3573 1481 Thes.
3599 1427 3659 1481 3.

2081 1514 2156 1580 5).
2179 1513 2316 1567 Alibi
2337 1529 2461 1566 vero
2483 1514 2661 1569 Titum
2679 1556 2694 1580 ,
2719 1514 2843 1569 alibi
2869 1516 3050 1569 alium.
3079 1516 3210 1582 Quia
3246 1517 3384 1570 enim
3412 1517 3526 1585 ipse
3552 1532 3664 1572 uno

2081 1603 2328 1659 detentus
2367 1605 2418 1658 iu
2447 1606 2564 1659 loco
2587 1607 2686 1660 illis
2713 1605 2899 1661 adesse
2925 1620 3028 1660 non
3074 1615 3309 1676 poterat,
3337 1607 3428 1676 qui
3456 1607 3660 1663 viscera

2085 1697 2201 1765 ejus
2232 1707 2424 1762 erant,
2468 1714 2565 1766 per
2602 1698 2892 1767 discipulos
2933 1713 3059 1753 suos
3100 1699 3244 1768 ipsos
3294 1699 3662 1753 conveniebat.

2157 1786 2209 1839 7.
2256 1785 2454 1842 Caritas
2495 1788 2883 1857 inaequalitatem
2924 1787 3113 1857 objicit.
3147 1815 3219 1827 -—
3251 1787 3397 1842 Tunc
3436 1802 3564 1858 ergo
3609 1788 3667 1843 in

2088 1874 2312 1929 vinculis
2359 1889 2480 1929 cum
2524 1886 2702 1941 esset,
2745 1876 3174 1945 Philippensibus
3208 1877 3417 1947 scripsit
3465 1896 3478 1931 :
3522 1877 3669 1932 Scire

2087 1974 2250 2017 autent
2278 1981 2363 2018 vos
2390 1967 2524 2031 volo,
2546 1966 2726 2034 fratres
2754 1965 3006 2037 (Philipp.
3041 1968 3092 2022 1.
3124 1965 3246 2038 i2);
3269 1967 3556 2036 discipulos
3572 1983 3668 2023 vo-

2088 2065 2172 2109 cat
2215 2055 2424 2111 lratrcs.
2465 2058 2607 2112 Talis
2647 2059 2843 2128 quippe
2871 2060 3062 2113 caritas
3101 2068 3223 2114 est:
3254 2059 3667 2129 inmqualitatem

2088 2162 2299 2202 omnem
2327 2150 2524 2218 abjicit,
2555 2150 3007 2219 prmetnincntiam
3030 2159 3083 2205 et
3103 2150 3410 2220 dignitatem
3438 2165 3544 2204 non
3572 2165 3671 2204 no-

2090 2237 2197 2295 vit:
2227 2240 2317 2292 sed
2348 2240 2556 2294 etiamsi
2584 2241 2699 2309 quis
2730 2241 2799 2294 sit
2837 2241 3083 2294 omnibus
3115 2240 3411 2303 sublimior,
3447 2240 3513 2292 ad
3549 2255 3668 2293 om-

2090 2329 2233 2380 nium
2267 2329 2620 2383 humillimum
2649 2330 2943 2392 descendit,
2972 2329 3109 2399 quod
3129 2339 3181 2383 et
3208 2329 3402 2384 Paulus
3423 2328 3668 2384 faciebat.

2090 2415 2193 2470 Sed
2225 2418 2501 2473 audiamus
2529 2420 2654 2488 quid
2702 2420 2825 2474 illos
2863 2423 3004 2473 scire
3037 2420 3200 2474 velit:
3228 2418 3359 2483 Quia
3396 2435 3510 2488 qua:
3536 2421 3672 2472 circa

2090 2524 2169 2560 nte
2197 2518 2331 2572 sunt,
2356 2511 2516 2580 magis
2543 2511 2611 2564 ad
2636 2514 2915 2580 profectum
2945 2520 3184 2564 venerunt
3207 2512 3449 2580 evangelii
3479 2509 3527 2580 (I
3535 2511 3671 2578 bid.)

2093 2596 2185 2650 Dic
2225 2598 2390 2662 mihi,
2442 2601 2711 2669 quomodo
2760 2611 2816 2656 et
2857 2617 2957 2671 qua
3003 2600 3248 2656 ratione?
3286 2600 3419 2654 Num
3469 2616 3500 2654 a
3552 2601 3671 2654 viu-

2091 2689 2225 2742 culis
2268 2690 2519 2745 liberatus
2554 2692 2650 2746 es?
2681 2708 2805 2746 num
2841 2704 3081 2747 catenam
3106 2692 3395 2760 deposuisti
3417 2731 3433 2757 ,
3460 2702 3514 2746 et
3547 2707 3671 2746 cum

2092 2780 2336 2833 libertate
2367 2782 2416 2834 in
2446 2782 2575 2836 urbe
2604 2782 2859 2851 prtcdtcas
2877 2787 2901 2835 ’ἐ
2930 2798 3052 2836 num
3076 2783 3129 2835 in
3153 2782 3442 2837 Ecclesiam
3470 2783 3677 2851 ingrcs-

2105 2883 2197 2924 sus
2225 2870 2409 2940 longos
2441 2872 2741 2941 multosque
2770 2873 2980 2927 texuisti
3011 2886 3285 2926 sermones
3315 2872 3452 2925 circa
3489 2871 3672 2936 fidem,

2094 2960 2393 3030 multosque
2419 2961 2641 3029 adeptus
2667 2962 2957 3031 discipulos
2983 2962 3286 3016 abscessisti
3313 2962 3334 3014 ?
3373 2977 3498 3015 num
3529 2977 3672 3015 tuor-

2094 3056 2212 3103 tuos
2240 3052 2503 3105 suscitasti
2525 3092 2540 3117 ,
2580 3061 2634 3107 ct
2674 3052 3009 3106 admirationi
3041 3052 3180 3105 fuisti
3204 3053 3228 3105 ?
3256 3069 3379 3106 nutn
3431 3053 3673 3122 leprosos

2095 3144 2357 3197 mundasti
2384 3185 2399 3210 ,
2427 3153 2481 3199 et
2508 3159 2692 3198 omnes
2724 3144 3001 3211 stupefacti
3043 3145 3200 3196 sunt?
3245 3160 3369 3196 nttm
3403 3143 3672 3197 da-mones

2096 3234 2303 3302 iugasti,
2335 3243 2387 3287 et
2409 3235 2651 3288 sublimis
2677 3235 2799 3288 inde
2824 3232 2995 3288 factus
3024 3234 3124 3288 es?
3157 3233 3296 3287 Nihil
3326 3238 3512 3286 horum
3531 3276 3545 3295 ,
3593 3234 3671 3286 itt-

2095 3326 2230 3394 quit.
2275 3325 2550 3389 Qumuodo
2598 3326 2755 3395 igitur
2804 3326 3066 3394 profectus
3092 3325 3347 3394 evangelii
3395 3324 3534 3376 fuit?
3561 3325 3672 3389 die,

2095 3433 2297 3485 qttteso.
2331 3416 2417 3470 Ila
2442 3428 2518 3481 ut,
2545 3418 2734 3488 inquit,
2760 3418 2957 3470 vincula
2983 3433 3092 3470 mea
3114 3417 3377 3485 manifesta
3397 3417 3448 3468 in
3472 3415 3672 3469 Christo

2097 3511 2269 3577 ﬁerent
2295 3511 2346 3564 in
2377 3520 2480 3563 toto
2529 3513 2764 3578 primario
2784 3551 2799 3574 ,
2826 3519 2868 3562 et
2915 3509 2966 3562 in
3002 3509 3195 3562 ca'teris
3220 3507 3446 3561 omnibus
3490 3505 3669 3576 (Ibid.

2096 3617 2145 3653 υ.
2196 3601 2304 3671 15).
2330 3601 2463 3667 Quid
2490 3602 2665 3656 dicis?
2689 3601 2904 3656 liiccine
2933 3599 3234 3669 profectus?
3267 3599 3377 3652 hcce
3402 3597 3673 3652 accessio?

2097 3693 2198 3747 hoc
2226 3701 2564 3763 augmentum
2610 3692 3002 3762 prmdicationis
3024 3732 3040 3756 ,
3088 3689 3227 3760 quod
3254 3703 3440 3743 omnes
3469 3689 3672 3742 didice-

2097 3784 2223 3848 rint,
2261 3794 2311 3839 tc
2335 3784 2574 3837 vinctum
2607 3783 2764 3837 esse?
2795 3781 2987 3843 Etiam,
3020 3782 3210 3849 inquit.
3238 3779 3369 3833 Audi
3394 3779 3551 3848 igitur
3576 3793 3669 3836 ca.

2097 3890 2214 3943 qua:
2239 3882 2550 3943 sequuntur,
2580 3881 2637 3925 ut
2661 3872 2857 3934 discas,
2887 3870 3091 3925 vincula
3121 3885 3224 3923 nou
3256 3868 3413 3922 modo
3453 3868 3678 3936 impedi-

2097 3974 2332 4018 mentum
2365 3980 2470 4017 n~n
2500 3963 2660 4017 fuisse
2683 4003 2698 4024 ,
2728 3962 2820 4017 sed
2861 3962 3020 4016 etiam
3063 3970 3428 4029 argumentum
3458 3958 3678 4026 majoris

2099 4056 2303 4109 ﬁducia:
2338 4072 2350 4107 :
2383 4054 2468 4108 Ita
2497 4063 2550 4107 ut
2578 4054 2748 4124 plures
2784 4068 2811 4105 e
2838 4050 3079 4122 fratribus
3116 4052 3169 4104 in
3216 4049 3428 4102 Domino
3450 4091 3464 4109 ,
3511 4049 3676 4115 con/i-

2100 4146 2268 4198 dentcs
2296 4145 2506 4198 vinculis
2527 4144 2648 4197 meis
2669 4183 2683 4207 ,
2714 4141 3057 4195 abundantius
3086 4140 3334 4193 auderent
3362 4139 3471 4192 sine
3499 4138 3681 4190 timore

2098 4236 2296 4290 verbum
2341 4236 2474 4304 loqui
2519 4233 2680 4308 (Ibid.
2707 4249 2754 4286 υ.
2790 4232 2900 4302 14).
2947 4230 3081 4298 Quid
3111 4229 3276 4295 dicis,
3332 4228 3531 4281 Paule?
3551 4226 3681 4279 Viu-

2100 4326 2215 4379 cnla
2265 4341 2367 4378 non
2413 4325 2770 4386 anxietatem,
2817 4321 2911 4376 sed
2958 4320 3204 4373 litluciam
3251 4317 3525 4371 indidere?
3574 4331 3679 4370 non

2103 4419 2345 4473 timorem
2367 4458 2381 4481 ,
2421 4416 2515 4471 sed
2543 4415 2818 4471 amorem?
2848 4413 2961 4468 Non
3004 4411 3202 4465 habent
3228 4410 3342 4464 haec
3370 4409 3510 4463 dicta
3549 4422 3680 4461 con-

2103 4508 2456 4579 sequentiam.
2484 4507 2606 4563 Scio
2637 4515 2693 4561 et
2720 4521 2837 4573 ego.
2862 4503 2977 4558 Non
3006 4504 3146 4557 cuitu
3174 4500 3464 4555 secundum
3495 4499 3683 4553 huma-

2103 4615 2288 4654 narum
2318 4612 2494 4654 rerum
2528 4610 2729 4650 morem
2772 4594 2888 4648 hate
2926 4594 3301 4661 entitigerunt,
3345 4590 3554 4659 inquit:
3585 4587 3683 4641 sed

2101 4704 2259 4757 supra
2286 4695 2526 4741 naturam
2557 4694 2680 4738 sunt
2705 4685 2789 4737 illa
2812 4724 2826 4748 ,
2858 4691 2913 4737 et
2936 4683 3128 4735 divina:
3155 4680 3340 4749 gratia:
3362 4687 3532 4749 gesta.
3557 4678 3684 4731 Ideo

2101 4780 2241 4849 quod
2286 4780 2404 4832 aliis
2450 4779 2766 4831 anxietatem
2812 4776 2979 4844 parit,
3013 4773 3063 4826 id
3094 4774 3231 4842 apud
3264 4771 3410 4825 illum
3435 4770 3682 4825 ﬁduciam

2105 4870 2390 4938 prtehehat.
2427 4869 2632 4923 Etenim
2677 4868 2720 4920 si
2768 4867 2886 4935 quis
2928 4874 3084 4934 capto
3128 4864 3523 4930 constrictoque
3545 4861 3685 4915 duce

2103 4962 2156 5015 id
2186 4961 2415 5029 evulget,
2448 4968 2611 5013 totum
2642 4957 2936 5012 exercitum
2968 4959 3019 5009 in
3049 4955 3221 5024 fugam
3248 4954 3465 5023 conjieit
3496 4969 3511 5011 :
3544 4961 3601 5007 et
3638 4953 3683 5005 si

2104 5053 2224 5122 quis
2255 5060 2521 5121 pastorem
2548 5065 2611 5103 ex
2640 5049 2762 5101 ovili
2794 5047 3072 5102 abduxerit
3096 5087 3112 5111 ,
3139 5044 3388 5114 abigcndi
3414 5042 3592 5112 gregis
3620 5043 3685 5096 li-

2106 5144 2361 5197 bertatem
2395 5139 2611 5210 praebet.
2648 5139 2840 5192 Verum
2871 5152 2976 5190 non
3003 5137 3081 5190 sic
3109 5138 3160 5189 in
3194 5134 3356 5187 Paulo
3380 5174 3397 5197 ,
3429 5132 3522 5187 sed
3550 5148 3685 5186 con—

2107 5236 2326 5289 trariutn
2345 5232 2640 5288 eveniebat.
2663 5230 2793 5284 Nam
2811 5229 2915 5283 dux
2937 5228 3269 5296 alligabatur,
3302 5233 3356 5278 ct
3393 5223 3687 5277 alacriores

2107 5327 2302 5380 milites
2328 5331 2510 5387 erant,
2542 5321 2835 5390 tuajnrique
2877 5319 3059 5372 animo
3101 5315 3435 5370 adversarios
3472 5311 3681 5366 adorie-

2109 5418 2302 5472 bantur
2329 5431 2345 5472 :
2372 5423 2549 5484 pastor
2573 5413 2894 5466 constrictus
2922 5418 3067 5474 erat,
3096 5415 3151 5461 et
3187 5422 3314 5461 oves
3342 5420 3449 5459 non
3487 5417 3681 5458 consu-

2112 5510 2412 5573 mcbantur,
2441 5520 2538 5562 nec
2562 5500 3024 5575 dispergebantur'.

2184 5605 2239 5659 8.
2280 5598 2549 5657 Erumnx
2589 5606 2634 5650 et
2677 5604 2864 5649 catena:
2909 5591 3062 5646 Pauli
3100 5606 3296 5661 magna:
3348 5579 3691 5644 consolationi
