4060 6260
333 317 438 378 315

335 435 367 505 ἢ
407 435 488 486 ὅτι
523 429 736 501 πτωχὸς
781 431 874 484 καὶ
909 429 1342 502 ἀπεῤῥιμμὲνος,
1389 431 1481 484 καὶ
1524 431 1767 502 εὐτελὴς,
1808 433 1904 485 καὶ

331 515 540 579 οὐδενὸς
569 513 718 580 ἄξιος
737 514 896 582 λόγου
917 531 930 544 ·
962 515 1078 568 ἀλλ’
1117 516 1368 584 ἐννόησον
1401 515 1484 569 ὅτι
1510 517 1604 568 καὶ
1625 517 1766 586 ὑπὲρ
1786 515 1906 568 τού-

330 615 423 652 του
455 594 686 670 Χριστὸς
711 597 972 662 ἀπέθανε,
1008 599 1102 652 καὶ
1127 600 1287 670 ἀρκεῖ
1315 615 1396 650 σοι
1425 596 1584 650 τοῦτο
1616 599 1696 660 είς
1725 597 1905 667 πάσης

332 681 585 752 προνοίας
635 678 909 735 ὑπόθεσιν.
967 683 1249 753 Ἐννόησον
1305 680 1488 735 ὁποῖόν
1520 698 1643 734 τινα
1700 681 1905 733 ἐκεῖνον

329 758 468 819 εἶναι
500 763 627 834 χρὴ,
659 764 717 817 ὃν
745 765 1000 819 τοσούτου
1028 765 1263 836 Χριστὸς
1291 767 1613 836 ἐτιμήσατο,
1645 764 1722 827 ὼς
1769 763 1905 835 μηδὲ

328 846 421 900 τοῦ
460 843 690 916 αἵματος
719 847 1006 916 φείσασθαι
1032 845 1127 902 τοῦ
1158 847 1378 903 ἑαυτοῦ.
1409 847 1544 901 Οὐδὲ
1569 847 1698 918 γὰρ,
1730 850 1778 901 εί
1804 847 1904 917 βα-

331 929 508 991 σιλεὺς
535 929 675 997 ὐπέρ
703 947 848 993 τινος
863 927 1039 985 εἵλετο
1066 929 1370 986 καταθῦσαι
1397 929 1609 994 ἐαυτὸν,
1636 931 1909 1000 ἐζητήσα-

329 1029 430 1081 μεν
459 1010 524 1064 ἂν
558 1012 752 1083 ἑτέραν
797 1013 1070 1080 ἀπόδειξιν
1124 1014 1216 1066 τοῦ
1255 1014 1432 1084 μέγαν
1470 1013 1593 1066 τινὰ
1626 1008 1764 1066 εἶναι
1811 1013 1906 1066 καὶ

328 1093 788 1165 περισπούδαστον
809 1097 1014 1149 ἐκεῖνον
1035 1096 1113 1167 τῷ
1148 1095 1376 1167 βασιλεῖ,
1399 1095 1499 1148 οὐκ
1525 1093 1698 1163 ἔγωγε
1727 1092 1902 1166 οἶμαιο

325 1175 484 1248 ἤρκει
530 1178 640 1248 γὰρ
669 1181 702 1249 ἡ
728 1179 954 1252 τελευτὴ
985 1179 1157 1244 δεῖξαι
1186 1179 1280 1233 τοῦ
1315 1177 1761 1249 τετελευτηκότος
1803 1180 1904 1249 τὴν

324 1262 452 1330 περὶ
508 1259 672 1314 αὐτὸν
725 1261 968 1331 ἀγάπην.
1007 1262 1146 1314 Νυνὶ
1176 1257 1233 1315 δέ
1280 1262 1380 1315 οὐκ
1429 1262 1736 1334 ἄνθρωπος,
1803 1264 1906 1316 οὐκ

322 1343 574 1412 ἄγγελος,
609 1339 710 1397 οὐκ
743 1345 1102 1417 ἀρχάγγελος,
1132 1343 1248 1398 ἀλλ’
1279 1345 1442 1409 αὐτὸς
1465 1347 1493 1398 ὁ
1516 1345 1626 1398 τῶν
1658 1343 1906 1417 οὐρανῶν

322 1425 621 1496 Δεσπότης,
649 1424 810 1491 αὐτὸς
839 1431 868 1481 6
903 1428 1199 1498 μονογενὴς
1251 1428 1376 1491 Υἱὸς
1425 1427 1520 1480 τοῦ
1548 1427 1683 1481 Θεοῦ
1719 1427 1905 1499 σάρκα

323 1506 753 1581 περιϐαλόμενος
808 1507 1083 1565 ἐπέδωκεν
1143 1511 1334 1565 ἐαυτὸν
1383 1511 1526 1582 ὑπὲρ
1575 1510 1754 1582 ἡμῶν.
1828 1511 1904 1564 Οὐ

322 1591 499 1646 πάντα
547 1588 640 1646 οὖν
696 1594 996 1665 ποιήσομεν
1043 1595 1137 1648 καὶ¹
1167 1593 1730 1666 πραγματευσάμεθα,
1761 1593 1903 1647 ὥστε

319 1675 444 1738 τοὺς
471 1673 619 1729 οὕτω
646 1677 974 1748 τιμηθέντος
1006 1675 1325 1750 ἀνθρώπους
1370 1676 1550 1748 πάσης
1598 1676 1905 1731 ἀπολαῦσαι

322 1759 447 1828 παρ’
486 1759 650 1829 ἡμῶν
679 1759 963 1829 προνοίας;
999 1763 1112 1814 Καὶ
1155 1759 1316 1814 ποίαν
1343 1759 1538 1831 ἕξομεν
1567 1759 1901 1829 άπολογίαν;

319 1841 436 1894 τίνα
469 1840 842 1913 συγγνώμην;
885 1843 1057 1896 Τοῦτο
1094 1842 1226 1913 γοῦν
1279 1840 1412 1896 αὐτὸ
1467 1843 1562 1897 καί¹
1605 1841 1635 1896 6
1693 1839 1904 1905 Παῦλος

318 1921 726 1995 ἐνδεικνύμενος
757 1925 911 1994 ἔλεγε
932 1942 945 1956 ·
975 1924 1070 1994 Μὴ
1100 1925 1182 1991 τῷ
1219 1924 1491 1994 βρώματί
1519 1941 1636 1980 σου
1665 1923 1906 1978 ἐκεῖνον

317 2003 618 2069 ἀπόλλυε,
639 2005 714 2059 δι’
744 2007 818 2061 ὃν
844 2008 1102 2077 Χριστὸς
1133 2005 1414 2062 ἀπέθανε.
1466 2008 1607 2071 Τοὺς
1653 2007 1763 2077 γάρ
1801 2024 1903 2060 κα-

318 2088 720 2157 ταφρονοῦντας
741 2090 850 2144 τῶν
870 2091 1139 2162 ἀδελφῶν,
1151 2093 1245 2146 καὶ
1256 2092 1332 2154 ὡς
1347 2092 1717 2146 ἀσθενούντων
1731 2094 1833 2145 ὐπε
1843 2109 1905 2162 9-

315 2167 560 2236 ορῶντας
593 2167 915 2240 βουλόμενος
954 2170 1212 2242 ἐντρέψαι
1254 2171 1347 2224 καὶ
1379 2173 1459 2234 είς
1501 2170 1735 2242 σπουδὴν
1762 2172 1903 2238 ἀγα-

313 2252 431 2316 γεῖν
460 2250 563 2304 καὶ
596 2255 781 2304 πεῖσαι
811 2252 1069 2323 κήδεσθαι
1099 2252 1208 2306 τῶν
1240 2252 1489 2324 πλησίον,
1531 2253 1654 2307 ἀντὶ⁹
1689 2254 1906 2307 πάντων

314 2333 403 2384 τὸν
431 2333 534 2386 τοῦ
556 2335 831 2388 Δεσπότου
866 2334 1096 2389 θάνατον
1124 2335 1702 2406 τέθεικε.’Καθήμενος
1727 2335 1908 2389 τοίνυν

313 2416 373 2470 ἐν
405 2412 483 2488 τῷ
515 2415 875 2490 δεσμωτηρίῳ
910 2422 1023 2483 τοῖς
1059 2419 1440 2491 Φιλιππησίοις
1483 2418 1806 2472 ἐπέστελλεν
1840 2421 1906 2473 ἐκ

313 2500 571 2552 τοσούτου
602 2498 696 2553 τοῦ
719 2501 1107 2572 διαστήματος.
1133 2499 1372 2572 Τοιαύτη
1401 2503 1509 2574 γὰρ
1535 2502 1567 2572 ή
1599 2501 1742 2555 κατά
1771 2501 1905 2556 Θεὸν

313 2580 509 2652 ἀγάπη
532 2600 543 2613 '
568 2583 744 2636 οὐδενὶ
766 2583 873 2638 τῶν
907 2584 1267 2656 ἀνθρωπίνων
1295 2585 1673 2651 διακόπτεται,
1698 2584 1905 2640 ἀνωθεν

313 2663 522 2735 ἔχουσα
544 2665 642 2730 τὰς
669 2666 824 2737 ῥίζας
857 2669 920 2720 ἐκ
941 2667 1048 2721 τῶν
1071 2668 1316 2739 οὐρανῶν
1351 2669 1559 2732 καὶτὰς
1585 2669 1820 2740 ἀμοιϐάς
1849 2680 1898 2722 ³.

315 2748 426 2802 Καὶ
465 2747 522 2800 τί
553 2767 720 2820 φησις
752 2751 1088 2804 Γινώσκειν
1103 2750 1172 2803 δὲ
1204 2749 1497 2820 ὑμᾶςβού
1515 2755 1702 2820 ὶομαι,
1723 2749 1902 2804 ἀδελ·-

313 2830 436 2899 φοί.
468 2826 628 2891 Εἶδες
644 2832 900 2903 πρόνοιαν
921 2831 1062 2902 ὑπὲρ
1086 2833 1380 2903 μαθητῶν;
1413 2829 1552 2895 εἶδες
1583 2833 1904 2886 διδασκάλου

316 2913 685 2984 κηδεμονίανς
746 2916 1013 2968 Ἀκουσον
1073 2917 1168 2968 καὶ
1207 2913 1588 2986 φιλοστοργίαν
1646 2912 1904 2985 μαθητῶν

314 2998 446 3066 1:391
475 2997 568 3050 τὸν
586 2997 925 3061 διδάσκαλον,
954 2998 1042 3050 ἵνα
1069 2997 1182 3069 ἴδῃς
1209 2998 1236 3037 δ
1255 2998 1336 3050 ὅτι
1357 2997 1517 3050 τοῦτο
1540 2993 1607 3068 ἦν
1633 2998 1693 3050 τὸ
1719 2997 1905 3049 ποιοῦν

317 3076 579 3152 ἰσχυροὺς
595 3080 835 3144 ἐκείνους
851 3081 944 3132 καὶ⁸
959 3081 1460 3150 ἀκαταγωνίστους,
1476 3080 1536 3133 τὸ
1561 3077 1905 3132 συνδεδέσθαι

314 3157 588 3229 ἀλλήλοις.
618 3159 680 3211 Εἰ
727 3159 834 3230 γάρ
876 3158 1155 3228 Ἀδελφὸς
1192 3158 1310 3214 ὑπὸ
1347 3158 1614 3228 ἀδελφοῦ
1641 3159 1905 3226 ,βοηθού-

307 3253 520 3306 μενος,
560 3237 640 3302 ὠς
691 3235 870 3304 πόλις
924 3238 1132 3307 ὀχῳὰ,
1191 3235 1372 3306 πολλῷ
1431 3237 1631 3308 μᾶλλον
1661 3237 1905 3290 τοσοῦτοι

318 3319 696 3389 συνδεδεμένοι
727 3323 839 3383 τοῖς
891 3321 991 3391 τῆς
1031 3321 1254 3393 ἀγάπης
1301 3321 1541 3391 δεσμοῖς,
1603 3319 1785 3372 πᾶσαν
1837 3319 1904 3373 ἀν

318 3399 734 3472 ἀπεκρούσαντο
767 3402 870 3473 τὴν
903 3401 996 3456 τοῦ
1027 3403 1267 3474 πονηροῦ
1298 3403 1549 3475 δαίμονος
1588 3403 1903 3473 ἐπιϐουλήν.

320 3479 444 3532 Ὅτι
482 3480 581 3550 μὲν
614 3476 706 3534 οῦν
735 3483 764 3534 ὁ
811 3480 1022 3547 Παῦλος
1065 3482 1372 3536 συνεδέδετο
1429 3484 1540 3544 τοῖς
1596 3481 1902 3553 μαθηταῖς,

317 3561 438 3614 οὐδὲ
469 3563 796 3629 ἀποδείξεως
815 3563 897 3617 δεῖ
919 3563 1103 3618 λοιπὸν
1133 3567 1288 3636 ἡμῖν,
1315 3565 1436 3618 οὐδὲ
1467 3563 1648 3632 λόγου,
1680 3566 1811 3617 ὅπου
1840 3581 1903 3633 γε

317 3647 410 3697 καὶ
421 3644 708 3715 δεδεμένος
727 3647 908 3701 αὐτῶν
922 3649 1220 3722 ἐμερίμνα,
1244 3649 1340 3702 καὶ
1356 3649 1477 3703 καθ’
1491 3649 1733 3720 ἑκάστην
1768 3650 1904 3720 ήμὲ-

320 3746 416 3800 ραν
432 3731 532 3782 καὶ
561 3732 701 3802 ὑπὲρ
725 3733 906 3787 αὐτῶν
928 3734 1242 3806 ἀπέθνησκε
1271 3734 1350 3806 τῷ
1370 3733 1518 3805 πόθῳ
1540 3734 1900 3805 πυρούμενος.

388 3811 545 3884 [505]
571 3811 659 3876 ς’.
674 3811 864 3869 Ὀτιδέ
892 3819 983 3871 καὶ
1002 3818 1052 3870 οἱ
1073 3817 1314 3888 μαθηταὶ
1334 3817 1412 3889 τῷ
1442 3817 1640 3887 Παύλῳ
1661 3817 1905 3872 συνδεδε-

319 3892 477 3962 μένοι
511 3894 651 3965 μετά
686 3897 972 3968 ἀκριϐείας
993 3896 1134 3970 ἦσαν
1171 3902 1410 3970 ἀπάσης,
1450 3904 1545 3955 καὶ
1575 3902 1674 3956 οὐκ
1711 3902 1903 3972 ἄνδρες

318 3972 502 4054 μόνον,
541 3973 675 4027 ἀλλά
716 3978 811 4028 καὶ
838 3980 1113 4044 γυναῖκες,
1148 3978 1379 4032 ἄκουσον
1405 3979 1456 4031 τί
1483 3995 1616 4050 φησι
1647 3981 1775 4050 περὶ
1803 3981 1908 4054 τῆς

313 4050 538 4119 Φοίϐης
572 4055 904 4123 Συνίστημι
931 4056 998 4110 δὲ
1022 4057 1163 4126 ὑμῖν
1202 4059 1424 4125 Φοίϐην
1452 4058 1568 4124 τὴν
1599 4050 1898 4127 ἀδελφὴν,

313 4129 602 4184 διάκονον
627 4127 824 4186 οὖσαν
843 4133 954 4203 τῆς
975 4135 1338 4204 Ἐκκλησίας
1357 4135 1466 4205 τῆς
1479 4137 1905 4206 ὲνΚεγχρέαις.

313 4209 414 4263 ἵνα
467 4211 886 4281 προσδέξησθε
939 4216 1134 4282 αὐτὴν
1182 4217 1253 4270 ἐν
1300 4217 1498 4283 Κυρίῳ
1551 4217 1734 4283 ἀξίως
1780 4219 1898 4270 τῶν

311 4287 524 4356 ἁγίων,
555 4289 653 4343 καὶ
681 4292 1030 4361 παραστῆτε
1056 4293 1232 4362 αὐτῇ,
1272 4294 1342 4348 ὲν
1371 4289 1420 4362 ᾧ
1446 4295 1525 4348 ἂν
1558 4294 1725 4364 ὑμῶν
1751 4295 1899 4364 πρά-

315 4382 494 4433 γματι
526 4368 711 4437 χρῄζῃ
733 4409 746 4431 ,
779 4370 912 4438 ἥτις
953 4372 1282 4440 προστάτις
1339 4374 1588 4428 πολλῶν
1619 4375 1898 4442 ἐγενήθη,

315 4446 411 4499 καὶ
446 4448 638 4503 αὐτοῦ
663 4449 832 4517 ἐμοῦ.
876 4450 1016 4505 Ἀλλ’
1047 4452 1278 4506 ἐνταῦθα
1322 4452 1420 4522 μὲν
1455 4453 1616 4522 μέχρι
1663 4469 1898 4523 προστα-

317 4525 434 4588 σίας
486 4527 870 4598 ἐμαρτύρησεν
901 4531 1040 4602 αὐτῇ
1079 4531 1178 4602 τὴν
1200 4530 1438 4600 σπουδήν
1462 4545 1474 4556 ο
1510 4529 1810 4600 Πρίσκιλλα
1841 4531 1898 4584 δὲ

315 4605 410 4656 καὶ
453 4605 684 4670 Ἀκύλας
709 4609 802 4660 καὶ
835 4609 1000 4678 μέχρι
1039 4607 1270 4662 θανάτου
1292 4607 1381 4661 διὰ
1407 4607 1498 4660 τὸν
1527 4606 1736 4662 Παῦλον
1769 4608 1901 4678 ἐχώ-

319 4698 511 4752 ρησαν,
529 4684 621 4738 καὶ
640 4687 768 4758 περὶ
780 4688 958 4741 αὐτῶν
975 4688 1032 4740 δὲ
1051 4687 1192 4742 οὕτω
1213 4688 1409 4761 γράφει
1460 4688 1652 4757 λέγων·
1690 4687 1900 4743 Ἀσπά-

317 4761 513 4822 ζονται
541 4763 695 4832 ὑμᾶς
717 4767 964 4832 Ἀκύλας
993 4769 1090 4820 καὶ
1115 4769 1474 4834 Πρίσκιλλα,
1506 4767 1724 4832 οἵτινες
1745 4766 1898 4834 ὑπὲρ

317 4839 427 4914 τῆς
458 4841 668 4911 ψυχῆς
695 4861 816 4913 μου
844 4845 952 4898 τὸν
969 4844 1198 4900 ἑαυτῶν
1209 4844 1512 4915 τράχηλον
1525 4845 1834 4914 ὑπέθηκαν
1848 4847 1896 4906 ⁸ο

317 4922 398 4981 είς
431 4920 664 4974 θάνατον
688 4922 951 4993 δηλονότι.
995 4925 1104 4976 Καὶ
1130 4926 1261 4996 περὶ
1290 4924 1480 4994 ἐτέρου
1511 4923 1678 4978 πάλιν
1707 4925 1897 4986 αὐτοῖς

316 4999 527 5063 τούτοις
559 5003 806 5071 γράφων.
831 5004 1024 5074 φησίνο
1047 5004 1176 5058 Ὅτι
1200 5002 1455 5074 ἤγγισεν
1473 5003 1584 5070 ἕως
1612 5003 1894 5069 θανάτου,

317 5081 968 5152 παραόουλεουσάμενος
1025 5081 1103 5152 τῇ
1165 5081 1337 5154 ψυχῇ
1365 5121 1380 5147 ,
1438 5084 1538 5136 ἵνα
1606 5080 1672 5135 τὸ
1728 5080 1898 5152 ὑμῶν

317 5157 624 5232 ὑστέρημα
644 5159 1054 5230 ἀναπληρώσῃ
1081 5161 1190 5230 τῆς
1218 5163 1363 5230 πρός
1399 5179 1476 5232 με
1499 5163 1891 5230 λειτουργίας.

321 5231 472 5299 Εἶδες
500 5236 618 5301 πῶς
664 5239 882 5307 ἐφίλουν
931 5240 1022 5294 τὸν
1070 5231 1426 5306 διδάσκαλονς
1477 5242 1594 5303 πῶς
1642 5241 1751 5312 πρὸ
1798 5242 1896 5312 τῆς

319 5314 498 5392 ψυχῆς
525 5316 625 5386 τῆς
653 5317 862 5370 ἐαυτῶν
891 5317 989 5390 τὴν
1010 5318 1195 5373 ἄνεσιν
1224 5321 1490 5374 ἐσκόπουν
1513 5322 1613 5392 τὴν
1646 5321 1892 5387 ἐκείνους

318 5391 416 5470 {Qui
445 5393 606 5447 τοῦτο
632 5395 806 5460 οὐδεὶς
840 5396 1021 5450 αὐτῶν
1059 5400 1404 5470 περιεγένετο
1446 5391 1587 5453 τότεζ
1623 5401 1808 5455 Ταῦτα
1837 5402 1894 5457 δὲ

318 5467 488 5538 λέγω,
519 5473 616 5543 οὐχ
666 5472 754 5526 ἵνα
802 5475 1092 5546 ἀκούωμεν
1127 5467 1310 5546 μόνον,
1345 5477 1483 5531 ἀλλά
1533 5480 1618 5532 ἵνα
1649 5481 1750 5532 καὶ
1794 5499 1887 5550 μι-

379 5561 410 5592 ⁸
430 5561 540 5612 Mss.
563 5565 646 5618 τὰς
667 5565 883 5618 ἀμοιϐάς.
906 5566 1034 5616 Edili
1049 5569 1133 5618 τὰς
1153 5569 1382 5618 ἀφορμάς.

381 5567 410 5660 ζ
430 5567 646 5674 3:;
654 5567 1034 5690 figmfggcﬁdm
1049 5569 1133 5624 τὰς
1153 5569 1364 5632 ἀφορμάς

385 5683 410 5755 ξ
571 5699 666 5755 ῃρη
691 5683 932 5755 (ψαότιῖμί.
954 5688 1013 5736 ad
1037 5695 1229 5755 textum
1254 5691 1410 5755 Epist.
1434 5693 1494 5743 ad
1520 5693 1778 5744 Romanos.

379 5740 409 5782 δ
434 5745 536 5794 Duo
573 5747 685 5796 Mss.
709 5740 795 5794 ’ἵνα
811 5751 890 5796 καί
909 5751 1255 5811 διεγειρώμεθα.

635 5835 908 5903 Ρλτεοι..
953 5840 1069 5902 Gn.
1116 5840 1216 5904 L1.

1545 338 1627 392 DE
1666 338 2026 396 PROFECTU
2071 337 2450 396 EV'A'NGEIJI.

3487 319 3590 372 316

2019 433 2251 506 μώμεθα
2267 433 2318 473 δ’
2353 435 2446 488 καὶ
2476 433 2536 486 οὐ
2569 434 2704 503 πρὸς
2735 434 2859 496 τοὺς
2892 432 3223 503 ἀρχομένους
3250 431 3428 501 μόνον,
3456 432 3592 484 ἀλλά

2010 519 2102 572 καὶ
2125 519 2259 590 πρὸς
2289 519 2416 580 τοὺς
2443 518 2709 590 ἄρχοντας
2726 517 2854 587 ἡμῖν
2883 519 2910 570 ὁ
2938 515 3094 584 λόγος
3122 513 3482 577 ἀποτείνεται,
3505 516 3593 566 ἴνα

2011 603 2102 654 καὶ
2141 603 2189 654 οἱ
2219 600 2461 672 μαθηταὶ
2490 600 2689 670 πολλὴν
2719 599 2847 672 1:391
2877 598 3000 661 τοὺς
3051 597 3404 659 διδασκάλους
3435 597 3594 666 κηδε-

2013 683 2201 754 μονίαν
2223 684 2691 742 ἐπιδεικνύωνται,
2721 683 2817 736 καὶ
2843 685 2892 736 οί
2942 679 3251 735 διδάσκαλοι
3285 680 3382 750 τὴν
3419 679 3590 750 αὐτὴν

2019 767 2096 837 τῷ
2129 762 2324 836 Παύλῳ
2356 767 2739 838 φιλοστοργίαν
2801 765 2931 837 περὶ
2959 765 3085 828 τοὺς
3124 763 3592 832 ὑποταττομένους

2007 847 2228 919 ἔχωσιν,
2275 851 2395 918 οὐχί
2427 849 2553 912 τοὺς
2606 844 2881 919 παρόντας
2924 846 3106 919 μόνον,
3143 844 3280 899 ἀλλὰ
3317 848 3413 899 καὶ
3465 847 3592 907 τοὺς

2007 897 2291 1003 π’όρῤωθεν
2325 897 2502 996 δον-ξας.
2537 932 2648 986 Καὶ
2680 897 2788 1004 γάρ
2835 934 2863 985 ὁ
2924 897 3122 994 ῐζειῦλος
3163 931 3413 998 καθάπερ
3453 929 3585 999 μίαν

2007 1015 2174 1068 οἰκῶν
2189 1012 2362 1068 οίκίαν
2379 1015 2478 1086 τὴν
2495 1013 2822 1085 οἰκουμένην
2841 1014 2870 1068 ἃ
2889 1031 3079 1078 πάσαν,
3091 1012 3234 1066 οὔτω
3257 1013 3353 1082 τῆς
3377 1012 3590 1064 πάντων

2007 1094 2289 1169 ἐφρόντιζε
2312 1099 2603 1167 σωτηρίας,
2632 1098 2725 1150 καὶ
2747 1096 2815 1149 τὰ
2833 1095 2996 1149 αὐτοῦ
3026 1097 3202 1148 πάντα
3227 1095 3386 1160 ἀφεὶς
3415 1092 3590 1163 δεσμά

2009 1178 2104 1229 καὶ
2143 1174 2347 1247 θλίψεις
2379 1177 2472 1230 καὶ
2507 1177 2720 1248 πληγάς
2750 1176 2846 1230 καλ⁸
2875 1175 3257 1246 στενοχωρίας,
3293 1172 3590 1226 ἐπεσκόπει

2009 1260 2102 1312 καὶ
2139 1259 2470 1314 ἐπυνθάνετο
2531 1256 2652 1312 καθ’
2677 1257 2918 1330 ἑκάστην
2945 1258 3179 1330 ἡμέραν,
3211 1255 3327 1318 πῶς
3362 1255 3432 1309 τά
3481 1255 3592 1308 τῶν

2011 1343 2270 1413 μαθητῶν
2305 1343 2448 1414 ἔχοι·
2485 1340 2580 1395 καὶ
2633 1341 2896 1404 πολλάκις
2946 1341 3014 1394 δι’
3042 1342 3174 1394 αὐτὸ
3223 1340 3382 1393 τοῦτο
3431 1339 3591 1412 μόνον

2008 1425 2244 1496 ἔπεμψε,
2267 1425 2362 1479 νῦν
2397 1424 2496 1496 μὲν
2522 1423 2808 1494 Τιμόθεον,
2843 1424 2935 1476 νῦν
2957 1424 3015 1476 δὲ
3038 1423 3274 1493 Τυχικόν
3298 1439 3312 1452 ·
3348 1423 3593 1492 καὶπερὶ

2008 1507 2111 1579 μὲν
2143 1509 2352 1564 ἐκείνου
2395 1506 2559 1578 φησίν
2582 1523 2595 1538 ο
2647 1505 2785 1562 Ἵνα
2815 1505 2934 1576 γνῷ
2967 1507 3040 1560 τὰ
3082 1508 3215 1574 περὶ
3248 1503 3414 1575 ὑμῶν
3435 1545 3449 1567 ,
3491 1505 3592 1558 καὶ

2007 1592 2404 1662 παρακαλέσῃ
2427 1592 2534 1656 τὰς
2561 1589 2809 1658 καρδίας
2827 1588 2992 1659 ὑμῶν
3009 1604 3022 1616 ·
3058 1590 3184 1660 περὶ
3204 1589 3261 1642 δὲ
3287 1587 3552 1658 Τιμοθέου
3573 1604 3586 1617 ·

2011 1675 2290 1744 Ἔπεμψα
2317 1674 2505 1729 αὑτὸν
2526 1673 2676 1742 πρὸς
2699 1673 2854 1742 ὑμᾶς
2873 1671 3084 1741 μηκέτι
3111 1671 3359 1742 στέγων,
3374 1670 3592 1742 μήπως

2006 1757 2340 1828 ἐπείρασεν.
2378 1755 2536 1828 ὑμᾶς
2584 1761 2616 1812 ὁ
2679 1755 3003 1826 πειράζων·
3070 1755 3165 1809 καὶ
3219 1755 3378 1808 Τίτον
3427 1753 3590 1807 πάλιν

2007 1827 2263 1912 ἀλλαχοῦ,
2295 1840 2390 1896 καὶ
2420 1827 2581 1894 ἀλλον
2617 1840 2878 1913 ἑτέρωσε.
2923 1827 3140 1910 Ἐπειδῆ
3185 1837 3293 1909 γάρ
3330 1836 3492 1900 αὐτὸς
3519 1839 3587 1906 τῇ

2007 1925 2116 1978 τῶν
2137 1925 2350 1994 δεσμῶν
2366 1923 2583 1996 ἀνάγκη
2607 1924 2865 1987 πολλάκις
2881 1925 2940 1976 ἐν
2956 1923 3036 1975 ἐν)⁵
3058 1921 3418 1992 κατεχόμενος
3440 1918 3592 1990 τόπῳ

2010 2007 2367 2077 συγγενέσθαι
2392 2011 2503 2072 τοῖς
2535 2007 2701 2061 αὑτοῦ
2726 2006 3064 2075 σπλάγχνοις
3093 2005 3192 2058 οὐκ
3219 2003 3470 2075 ἠδύνατο,
3502 2001 3590 2055 διά

2007 2087 2115 2143 τῶν
2157 2090 2416 2162 μαθητῶν
2453 2091 2638 2153 αὐτοῖς
2674 2090 3013 2155 συνεγένετο.

2080 2171 2147 2236 ζ’.
2165 2174 2277 2228 Καὶ
2295 2173 2417 2226 τότε
2433 2174 2613 2228 τοίνυν
2631 2176 2688 2226 ἐν
2703 2173 2921 2242 δεσμοῖς
2946 2169 3020 2224 ῶν
3044 2169 3248 2242 γράφει
3271 2170 3384 2232 τοῖς
3404 2165 3593 2220 ⁴Ιιιλιπν-

2009 2253 2228 2327 πησίοις
2263 2255 2459 2327 λέγων·
2475 2256 2812 2310 Γινώσκειν
2825 2254 2894 2307 δὲ
2908 2251 3064 2323 ὑμᾶς
3074 2254 3394 2321 βούλομαι,
3413 2248 3592 2307 ἁδελ-

2008 2339 2129 2408 φοί,
2157 2339 2285 2403 τούς
2309 2339 2557 2411 μαθητάς
2596 2338 2858 2407 ἀδελφοὺς
2898 2337 3100 2392 καλῶν.
3129 2333 3381 2390 Τοιοῦτον
3414 2333 3522 2406 γάρ
3555 2336 3590 2406 η

2009 2422 2229 2494 ἀγάπη’
2268 2425 2447 2476 πᾶσαν
2501 2420 2820 2493 ἀνωμαλίαν
2855 2419 3126 2484 ἐκϐάλλει,
3162 2417 3258 2473 καὶ⁵
3315 2416 3589 2489 ὑπεροχὴν

2011 2506 2104 2558 καὶ
2129 2505 2286 2570 ἀξίαν
2305 2506 2405 2558 οὐκ
2441 2499 2603 2569 οἶδεν,
2637 2503 2773 2557 ἀλλά
2791 2503 2894 2558 κᾶν
2924 2503 3176 2557 ἀπάντων
3203 2500 3532 2572 ὑψηλότερος
3556 2505 3588 2573 ῃ

2007 2608 2115 2660 τις,
2136 2593 2270 2664 πρὸς
2288 2593 2376 2648 τὸν
2397 2593 2613 2647 πάντων
2641 2591 2854 2646 κάτεισι
2887 2591 3271 2661 ταπεινότερον
3293 2605 3306 2618 °
3336 2589 3472 2658 ὅπερ
3497 2589 3591 2641 καὶ

2008 2675 2221 2739 Παῦλος
2255 2676 2449 2731 ἐποίει.
2494 2675 2635 2729 Ἀλλ’
2661 2677 2985 2746 ἀκούσωμεν
3020 2674 3072 2727 τί
3119 2673 3372 2744 βούλεται
3425 2671 3590 2740 γινώ-

2009 2775 2158 2812 σκειν
2191 2757 2420 2822 αὐτούς’
2449 2759 2580 2812 Ὀτι
2609 2758 2682 2812 τὰ
2713 2759 2840 2812 κατ’
2871 2759 2997 2828 ἐμὲ,
3031 2757 3185 2829 φησὶ,
3233 2754 3479 2825 μᾶλλον
3503 2755 3592 2818 εἰς

2007 2840 2324 2909 προκοπὴν
2337 2840 2441 2895 τοῦ
2457 2842 2828 2912 Εὑαγγελίου
2849 2841 3167 2906 ἐλήλυθεν.
3190 2836 3330 2891 Είπέ
3351 2855 3460 2908 μοι,
3475 2837 3591 2900 πῶς

2008 2925 2102 2977 καὶ
2131 2923 2236 2975 τίνι
2264 2925 2479 2994 τρόπῳ;
2510 2921 2657 2995 τΑρα
2683 2924 2791 2977 τῶν
2808 2925 3022 2994 δεσμῶν
3039 2922 3248 2991 ἀφέθης
3273 2940 3288 2986 ;
3311 2919 3422 2990 ἆρα
3479 2921 3586 2972 άπ-

2009 3004 2135 3058 έθου
2152 3005 2248 3077 τὴν
2268 3005 2478 3070 ἀλυσιν,
2495 3007 2588 3058 καὶ
2615 3006 2754 3075 μετά
2785 3005 2968 3069 ἀδείας
2992 3005 3286 3076 κηρύττεις
3313 3005 3372 3056 ἐν
3401 3005 3464 3071 τῇ
3492 3003 3590 3054 πό-

2008 3087 2122 3154 λει;
2153 3085 2263 3160 ἆρα
2285 3090 2364 3152 είς
2393 3089 2692 3160 ἐκκλησίαν
2725 3088 3009 3154 εἰσελθὼν,
3045 3087 3294 3161 μακροὺς
3326 3087 3432 3140 καὶ.
3460 3086 3589 3139 πολε

2007 3171 2132 3234 λούς
2153 3173 2470 3236 κατέτεινας
2485 3171 2676 3240 λόγους
2694 3173 2824 3244 περὶ
2848 3171 2948 3241 τῆς
2967 3171 3225 3235 πίστεως,
3248 3171 3343 3224 καὶ
3361 3169 3590 3233 πολλοὺς

2007 3251 2189 3308 λαϐὼν
2219 3254 2466 3326 μαθητάς
2505 3253 2780 3326 ἀπῆλθες;
2820 3251 2928 3326 ἆρα
2957 3256 3186 3326 νεκροὺς
3219 3255 3468 3325 ἧγειρας,
3493 3253 3590 3305 καὶ

2008 3336 2438 3409 ἐθαυμαστώθης
2455 3355 2470 3404 ;
2485 3334 2593 3410 ἆρα
2609 3339 2844 3410 λεπροὺς
2865 3338 3162 3410 ἐκάθηρας,
3176 3339 3269 3390 καὶ
3285 3336 3588 3406 ἐξεπλάγη-

2011 3434 2110 3472 σαν
2129 3419 2281 3493 [306]
2311 3421 2579 3487 ἀπαντες;
2603 3418 2710 3492 ἆρα
2741 3421 2996 3491 δαίμονας
3026 3420 3332 3490 ἀπήλασας,
3373 3419 3467 3473 καί
3497 3422 3590 3471 ἀν-

2005 3501 2258 3572 υψώθης;
2289 3504 2690 3569 Οὐδὲντούτων,
2717 3504 2868 3574 φησί.
2905 3505 3028 3567 Πῶς
3055 3500 3199 3574 οὖνὴ
3227 3503 3474 3574 προκοπὴ
3492 3502 3587 3568 γέ-

2005 3598 2130 3650 γονε
2158 3584 2253 3637 τοῦ
2282 3583 2639 3654 Εὐαγγελίους
2673 3583 3004 3645 είπὲ.”Ωστε
3020 3587 3159 3652 τοὺς
3171 3586 3582 3655 δεσμούς-μου,

2008 3669 2161 3739 φησὶ,
2189 3669 2560 3738 φανεροὺςέν
2573 3669 2805 3739 Χριστῷ
2813 3671 3175 3739 τενύσθαεὲν
3186 3669 3308 3737 ὅλῳ
3321 3669 3402 3734 τῷ
3417 3683 3558 3736 πραι
3569 3699 3587 3709 ο

2008 3751 2213 3820 τωρίῳ,
2241 3751 2342 3806 καὶ
2379 3755 2504 3819 τοῖς
2516 3752 2751 3819 λοιποῖς
2765 3751 2938 3808 πᾶσι.
2961 3753 3024 3806 Τί
3041 3753 3250 3822 λέγειςς
3271 3752 3429 3806 τοῦτο
3454 3755 3582 3824 ἄρα,

2005 3837 2163 3889 τοῦτο
2183 3840 2216 3907 ἡ
2249 3840 2499 3910 προκοπή
2526 3854 2541 3902 ;
2569 3836 2731 3890 τοῦτο
2758 3840 2791 3908 ἡ
2816 3838 3090 3902 ἐπίδοσιςς
3113 3837 3273 3891 τοῦτο
3299 3839 3333 3909 ἡ
3359 3836 3585 3907 αὔξησις

2004 3920 2100 3972 τοῦ
2125 3921 2502 3990 κηρύγματος,
2522 3923 2602 3975 ὅτι
2623 3921 2825 3984 πάντες
2850 3920 3050 3991 ἔμαθον
3071 3923 3155 3975 ὅτι
3179 3920 3426 3985 δὲδεσαις
3452 3921 3582 3978 Ναὶ,

2007 4003 2192 4073 φησίν.
2224 4006 2487 4058 ’Ἄκουσον
2533 4004 2664 4073 γοῦν
2696 4005 2804 4058 τῶν
2854 4005 3015 4074 ἐξῆς,
3050 4005 3136 4057 ἵνα
3182 4003 3363 4076 μάθῃς
3389 4004 3474 4057 ὅτι
3515 4004 3585 4055 τὶ

2005 4087 2185 4158 δεσμὰ
2216 4089 2278 4144 οὐ
2310 4089 2471 4160 μόνον
2503 4091 2602 4143 οὐκ
2630 4089 2839 4157 ἐγίνετο
2867 4089 3118 4159 κώλυμα,
3155 4087 3292 4142 ἀλλά
3320 4087 3416 4141 καὶ
3447 4087 3584 4139 ὑπό-

2005 4171 2155 4234 θεσις
2196 4169 2442 4236 πλείονος
2497 4173 2841 4243 παρρησίας·
2878 4172 3058 4225 Ὥστε
3104 4171 3247 4238 τοὺς
3295 4170 3584 4235 πλείονας

2002 4250 2122 4306 τῶν
2147 4252 2426 4323 ἀδελφῶν
2453 4255 2524 4308 ἐν
2547 4256 2763 4326 Κυρίῳ,
2793 4258 3152 4322 πεποιθότας
3178 4254 3304 4320 τοῖς
3337 4253 3585 4322 δεσμοῖς

1994 4353 2148 4405 μου,
2200 4337 2642 4407 περισσοτέρως
2690 4337 2921 4410 τολμᾷν
2964 4340 3202 4409 ἀφόϐως
3251 4337 3357 4392 τὸν
3395 4339 3583 4408 λόγον

2002 4419 2234 4474 λαλεῖν.
2254 4421 2319 4473 Τί
2350 4421 2548 4490 λέγεις,
2576 4417 2621 4474 ὦ
2648 4423 2861 4489 [Ιαῦλε;
2893 4424 2994 4477 οὐκ
3028 4424 3270 4490 ἀγωνίαν
3298 4421 3579 4481 ἀνέϐαλεν,

2003 4503 2138 4555 ἀλλὰ
2181 4500 2382 4576 θάρσος
2409 4505 2476 4558 τὰ
2515 4505 2720 4576 δεσμά;
2756 4507 2818 4559 οὐ
2849 4507 3035 4576 φόϐον.
3070 4507 3208 4558 ἀλλά
3237 4506 3434 4570 πόθους
3468 4506 3583 4559 οὐκ

2002 4587 2117 4658 ἔχει
2141 4587 2212 4640 τὰ
2254 4588 2526 4659 λεγόμενα
2561 4589 2902 4643 ἀκολουθίαν.
2935 4584 3068 4642 Οἶδα
3097 4589 3272 4656 κάγώ.
3305 4589 3439 4642 Οὐδὲ
3472 4591 3581 4658 γάρ

2003 4669 2146 4725 κατά
2170 4671 2524 4743 ἀνθρωπίνων
2548 4673 2890 4744 πραγμάτων
2911 4671 3235 4725 ἀκολουθίαν
3255 4671 3428 4725 ταῦτα
3457 4689 3582 4724 συν-

2001 4755 2202 4816 έϐαινε.
2236 4756 2434 4827 φησίψ
2471 4756 2586 4809 ἀλλ’
2614 4756 2756 4828 ὑπὲρ
2786 4757 2947 4825 φύσιν
2978 4751 3047 4826 ἦν
3080 4757 3150 4809 τά
3172 4756 3454 4826 γινόμενα,
3484 4758 3580 4809 καὶ

1962 4833 1967 4838 ’
2001 4840 2150 4904 θείας
2172 4842 2390 4912 χάριτος
2406 4841 2478 4894 τά
2496 4840 2918 4913 κατορθώματα.
2935 4841 3034 4894 Διά
3047 4840 3204 4894 τοῦτο
3217 4841 3246 4892 δ
3265 4844 3378 4904 τοῖς
3399 4839 3576 4902 ἄλλοις

1999 4924 2237 4992 ἀγωνίαν
2275 4926 2469 4989 ἐποίει,
2512 4924 2671 4978 τοῦτο
2703 4927 2789 4978 ἐπ’
2825 4924 3017 4994 ἐκείνῳ
3041 4936 3065 4963 ο
3089 4924 3288 4995 θάρσος
3323 4926 3574 4996 παρεῖχε.

2003 5007 2112 5061 Καὶ
2148 5012 2260 5079 γὰρ
2297 5008 2604 5080 στρατηγὸν
2646 5008 2742 5063 ἐάν
2791 5007 2971 5062 λαϐών
3009 5025 3093 5072 τις
3142 5010 3236 5062 καὶ
3283 5007 3576 5079 καθείρξας

2000 5093 2204 5163 ποιήσῃ
2236 5091 2469 5163 φανερὸν
2493 5093 2674 5158 τοῦτο,
2703 5094 2783 5156 εἰς
2825 5093 3004 5163 φυγὴν
3032 5091 3290 5163 ἐμϐάλλει
3319 5092 3380 5146 τὸ
3409 5107 3575 5163 στρα-

1997 5173 2220 5228 τόπεδον
2250 5173 2424 5228 ἀπανο
2461 5174 2557 5229 καὶ
2589 5175 2828 5245 ποιμένα
2877 5175 2935 5229 δὲ
2963 5175 3060 5229 ἐάν
3091 5193 3176 5239 τις
3206 5175 3304 5246 τῆς
3337 5174 3574 5244 ποίμνης

1997 5256 2284 5330 ἀπαγάγῃ,
2311 5256 2451 5328 μετά
2472 5257 2675 5328 πολλῆς
2700 5259 2799 5329 τῆς
2822 5258 3004 5321 ἀδείας
3030 5257 3325 5312 ἀπελαύνει
3346 5257 3415 5311 τά
3442 5258 3575 5327 πρύ-

1999 5339 2157 5394 ϐατα.
2197 5339 2336 5392 Ἀλλ’
2371 5340 2470 5392 οὐκ
2503 5342 2597 5394 ἐπὶ
2627 5340 2848 5394 Παύλου
2870 5340 3060 5406 οὕτως,
3100 5341 3236 5394 ἀλλά
3263 5339 3574 5394 τούναντίον

1997 5421 2162 5476 ἅπαν.
2205 5423 2264 5476 '0
2296 5423 2598 5494 στρατηγὸς
2631 5424 2738 5496 γάρ
2763 5424 2990 5486 ἐδέδετο,
3028 5424 3122 5477 καὶ
3150 5426 3200 5478 οί
3242 5423 3569 5498 στρατιῶται

1998 5504 2400 5577 προθυμότεροι
2427 5507 2689 5574 ἐγίνοντο,
2721 5509 2816 5560 καὶ
2848 5507 2986 5578 μετά
3019 5508 3261 5572 πλείονος
3291 5507 3390 5578 τῆς
3427 5509 3570 5580 παῤ-

1997 5588 2190 5661 ρησίας
2215 5592 2326 5652 τοῖς
2341 5590 2603 5654 ἐναντίοις
2623 5592 2908 5664 ἐπεπήδων
2933 5609 2948 5625 ’
2973 5595 3002 5646 6
3027 5593 3229 5665 ποιμὴν
3256 5592 3566 5663 καθεῖρκτο,

1995 5673 2089 5727 καὶ
2127 5672 2196 5725 τά
2232 5671 2484 5742 πρόϐατα
2511 5674 2612 5727 οὐκ
2647 5675 2938 5748 ἀνηλοῦτο,
2968 5676 3092 5730 οὐδέ
3137 5676 3512 5749 ἐσκορπίζετο.

2063 5766 2085 5794 (⁸
2116 5763 2229 5813 llas.
2256 5763 2328 5812 ἐπ’
2351 5763 2558 5813 ἐκείνων.

3125 5865 3204 5929 20
