4060 6260
465 297 564 352 5η

532 419 606 482 η’.
625 411 720 475 Τίς
738 408 866 477 εἶδε,
883 415 967 475 τίς
980 415 1209 482 ῆκουσεν
1233 415 1290 466 ἐν
1317 417 1428 477 τοῖς
1445 414 1551 467 τῶν
1565 414 1900 469 διδασκάλων
1927 417 2033 470 δει-

461 500 572 561 νοῖς
600 495 817 550 πλείονα
838 494 1181 566 παράκλησιν
1202 495 1578 566 λαμϐάνοντας
1599 498 1726 562 τοὺς
1751 499 2032 570 μαθητάς;

463 581 586 643 Πῶς
631 580 730 632 οὐκ
767 578 1016 644 ἐδεισαν;
1057 577 1176 641 πῶς
1215 580 1316 632 οὐκ
1355 581 1735 650 ἐφοϐήθησαν;
1775 581 1894 646 πῶς
1931 583 2032 635 οὐκ

461 661 611 716 εἶπον
635 661 772 732 πρὸς
801 662 892 714 τὸν
924 661 1159 727 Παῦλον,
1201 661 1398 730 Ὶατρὲ,
1434 663 1814 731 θεράπευσον
1845 678 2031 718 σεαυ-

461 746 600 809 z'dr;
633 745 943 811 ἀπάλλαξον
982 745 1207 798 σεαυτὸν
1252 746 1362 798 τῶν
1406 747 1760 800 πολυπλόκων
1810 748 2029 811 δεινῶν,

459 828 552 880 καὶ
590 828 710 880 τότε
760 829 890 898 ήμῖν
939 829 1007 882 τὰ
1044 828 1215 899 μυρία
1265 829 1618 900 προξενήσεις
1654 830 1852 896 ἀγαθά.
1905 831 2032 893 Πῶς

455 910 624 963 ταῦτα
668 912 768 963 οὐκ
826 907 1017 975 εἷπον;
1068 911 1228 975 Πῶς;
1281 912 1363 964 ὅτι
1417 913 1843 982 πεπαιδευμένοι
1889 909 2030 984 ἦσαν

457 993 608 1064 παρά
637 993 739 1063 τῆς
776 992 870 1046 τοῦ
902 994 1219 1064 Πνεύματος
1248 994 1490 1065 χάριτος,
1527 995 1608 1047 ὅτι
1637 996 1809 1047 ταῦτα
1841 995 1940 1047 οὐκ
1971 995 2030 1061 ἐξ

453 1076 734 1137 ἀσθενείας
768 1077 997 1144 ἐγίνετο,
1031 1077 1145 1130 ἀλλ’
1180 1078 1244 1129 ἐκ
1276 1078 1370 1147 τῆς
1411 1076 1504 1129 τοῦ
1542 1077 1780 1148 Χριστοῦ
1815 1095 2028 1149 συγχω-

456 1163 686 1231 ρήσεως,
717 1160 804 1212 ἵνα
849 1159 1112 1230 μειζόνως
1141 1162 1173 1230 ή
1215 1159 1444 1231 ἀλήθεια
1481 1160 1786 1234 διαλάμπῃ,
1818 1161 1908 1214 διά
1939 1162 2029 1214 δε·

453 1244 606 1312 σμῶν
645 1243 739 1295 καὶ
787 1243 1043 1312 φυλακῶν
1091 1244 1186 1297 καὶ
1239 1244 1470 1313 θλίψεων
1514 1246 1607 1297 καὶ
1654 1245 2027 1316 στενοχωριῶν

452 1325 791 1399 αὐξανομένη
825 1330 921 1382 καὶ
957 1329 1094 1399 «pb;
1127 1331 1311 1400 μεῖζον
1342 1330 1604 1401 αἰρομένη
1644 1328 1891 1399 μέγεθος.
1919 1327 2026 1380 Οὖ-

447 1428 557 1474 τως
587 1412 619 1481 ή
654 1411 885 1482 δύναμις
924 1411 1020 1464 τοῦ
1047 1411 1284 1482 Χριστοῦ
1321 1414 1378 1465 ἐν
1414 1411 1671 1484 ἀσθενείᾳ
1700 1411 2024 1466 τελειοῦται.

449 1494 510 1546 EE
548 1495 646 1565 μὲν
679 1496 787 1565 γὰρ
832 1496 1157 1548 ὑπεσκέλισε
1202 1496 1294 1548 τὸν
1324 1495 1536 1549 Παῦλον
1570 1496 1642 1549 τὰ
1692 1495 1887 1567 δεσμὰ,
1930 1498 2027 1550 καὶ

446 1577 744 1650 δειλότερον
777 1580 1054 1650 ἐποίησεν,
1090 1581 1122 1651 ἢ
1168 1579 1350 1644 αὑτὸν,
1388 1580 1421 1649 ἢ
1458 1579 1584 1642 τοὺς
1628 1580 1822 1650 ἐκείνῳ
1851 1597 2026 1651 προσ-

447 1662 680 1729 ήκοντας
715 1660 822 1713 ἔδει
852 1660 1158 1732 διαπορεῖνο
1195 1663 1243 1713 εί
1269 1661 1325 1714 δὲ
1362 1661 1561 1732 μᾶλλον
1617 1661 1840 1733 θαρρεῖν
1881 1680 2026 1733 παρ-

445 1742 713 1795 εσκεύασε
737 1745 831 1797 καὶ
849 1745 928 1807 εἰς
954 1744 1175 1797 πλείονα
1196 1743 1354 1808 δόξαν
1370 1745 1598 1815 ἢγαγεν,
1624 1745 2024 1816 ἐκπλήττεσθαι

444 1824 524 1876 δεῖ
553 1826 647 1879 καὶ
670 1825 989 1896 θαυμάζειν.
1012 1827 1128 1891 πῶς
1148 1826 1236 1880 διὰ
1269 1828 1592 1898 πράγματος
1620 1829 1846 1898 ἀτιμίαν
1873 1829 2025 1899 έχον-

443 1923 534 1969 τος
575 1907 702 1972 δόξα
746 1909 822 1978 τῷ
866 1909 1082 1980 μαθητῇ
1136 1909 1508 1981 προεξενεῖτο,
1562 1911 1650 1964 διά
1694 1912 2023 1983 πράγματος

441 1989 642 2042 δειλίαν
689 1991 1052 2061 ἐμϐάλλοντος
1081 1993 1280 2064 θάρσος
1319 1996 1414 2048 καὶ
1461 1995 1812 2066 παράκλησις
1855 1997 2022 2048 πᾶσιν

443 2071 674 2136 ἐκείνοις
721 2073 960 2142 ἐγένετο.
997 2075 1095 2136 Τίς
1133 2077 1240 2148 γάρ
1289 2077 1451 2129 αὐτὸν
1504 2079 1604 2130 ούκ
1661 2077 2022 2148 ἐξεπλήττετο

439 2155 560 2208 τότε
590 2196 605 2220 ,
658 2157 799 2228 ὁρῶν
851 2158 1040 2212 ἅλυσιν
1097 2159 1518 2231 περικείμενον;
1571 2161 1704 2214 Τότε
1765 2161 2022 2231 δαίμονες

440 2237 800 2309 ἐδραπέτευον
819 2242 1039 2311 μᾶλλον,
1059 2243 1146 2296 ὅτε
1181 2243 1366 2313 ἐώρων
1387 2244 1548 2297 αὑτὸν
1576 2245 1633 2296 ἐν
1658 2243 2020 2315 δεσμωτηρίῳ

438 2319 807 2393 διατρίϐοντα.
840 2325 913 2378 Ού
940 2326 1049 2397 γάρ
1079 2327 1223 2380 οὕτω
1269 2326 1558 2398 βασιλικὴν
1603 2326 1846 2398 κεφαλὴν
1875 2327 2020 2398 λαμ-

439 2405 586 2474 πράν
617 2406 679 2460 τὸ
715 2407 953 2480 διάδημα
1000 2413 1182 2474 ποιεῖ,
1237 2412 1312 2476 ὡς
1360 2410 1462 2476 τὰς
1509 2412 1720 2465 ἐκείνου
1758 2413 1947 2482 χεῖρας
1985 2413 2020 2482 ἡ

439 2487 648 2554 ἀλυσις,
682 2491 744 2543 οὐ
795 2492 948 2561 παρά
978 2494 1076 2564 τὴν
1117 2493 1324 2548 οἰκείαν
1357 2494 1540 2564 φύσιν,
1575 2495 1710 2548 ἀλλὰ
1743 2495 1896 2566 παρὰ
1919 2495 2019 2564 τὴν

438 2571 790 2628 ἀπανθοῦσαν
827 2576 1020 2639 αὐταῖς
1049 2578 1231 2646 χάριν.
1278 2577 1376 2630 Διά
1415 2579 1574 2631 τοῦτο
1616 2578 1786 2648 πολλὴ
1835 2578 2017 2649 παρά-

438 2655 630 2724 κλησις
655 2657 864 2726 ἐγίνετο
887 2662 998 2721 τοῖς
1027 2659 1314 2730 μαθηταῖς.
1343 2659 1449 2714 Καὶ⁹
1482 2661 1592 2732 γὰρ
1615 2659 1800 2731 ἐώρων
1824 2660 1885 2713 τὸ
1915 2661 2015 2731 μὲν

438 2737 598 2809 σῶμα
623 2739 928 2808 δεδεμένον,
952 2742 1051 2813 τὴν
1076 2741 1134 2793 δέ
1160 2742 1408 2810 γλῶτταν
1430 2743 1490 2796 ού
1515 2743 1802 2813 δεδεμένην
1819 2759 1833 2772 ’
1863 2741 2014 2816 [507]

433 2820 532 2884 τάς
563 2821 662 2890 μὲν
689 2826 878 2895 χεῖρας
906 2825 1264 2894 ἐσφιγμένας,
1297 2825 1390 2878 τὸν
1426 2825 1482 2878 δέ
1517 2824 1674 2894 λόγον
1701 2824 2013 2896 λελυμένον,

436 2911 528 2962 καὶ
551 2911 650 2982 τῆς
678 2913 898 2977 ἀκτῖνος
921 2917 1020 2986 τῆς
1046 2915 1275 2985 ἡλιακῆς
1300 2915 1599 2986 ταχύτερον
1623 2915 1723 2986 τὴν
1756 2916 2013 2986 οἰκουμέ-

435 3010 533 3062 νην
562 2995 919 3068 ἐπιτρέχοντα
945 2999 1143 3053 πᾶσαν.
1182 2997 1290 3052 Καὶ
1321 2999 1480 3052 τοῦτο
1512 3001 1694 3063 αὐτοῖς
1728 3001 2015 3072 παράκλη-

437 3099 520 3145 σις
546 3083 752 3151 ἐγίνετο
773 3085 860 3139 διὰ
887 3086 996 3140 τῶν
1021 3086 1198 3158 ἔργων
1221 3087 1601 3160 μανθάνουσιν,
1625 3090 1705 3142 ὅτι
1734 3088 1886 3142 οὐδὲν
1905 3088 2013 3142 τῶν

436 3166 718 3238 παρόντων
750 3168 940 3223 δεινόν.
975 3169 1086 3223 Καὶ
1122 3171 1231 3238 γὰρ
1262 3171 1391 3225 ὅταν
1419 3171 1524 3224 ὑπὸ
1551 3171 1695 3224 θείου
1722 3171 1889 3226 πόθου
1918 3171 2014 3225 καὶ

435 3252 639 3322 ἔρωτος
682 3257 716 3326 ή
758 3255 906 3327 ψυχὴ
937 3257 1171 3327 βαφεῖσα
1202 3257 1341 3331 τύχῃ
1379 3260 1653 3327 γνησίως,
1692 3259 1828 3332 «pb;
1860 3259 2012 3313 οὐδὲν

434 3335 824 3408 ἐπιστρέφεται
857 3339 964 3392 τῶν
997 3341 1314 3410 παρόντων·
1352 3341 1468 3396 ἀλλ’
1510 3341 1699 3414 ὥσπερ
1743 3343 1794 3396 οί
1827 3345 2014 3414 μαινό-

436 3439 588 3494 μενοι
609 3427 704 3479 καὶ
727 3427 900 3499 πυρὸς
917 3429 1012 3482 καὶ
1035 3427 1256 3500 σιδήρου
1278 3431 1373 3483 καὶ
1395 3430 1596 3504 θηρίων
1618 3432 1715 3484 καὶ
1740 3432 2014 3501 πελάγους

435 3514 528 3568 καὶ
561 3516 781 3570 πάντων
827 3517 1268 3589 κατατολμῶσιν,
1302 3519 1448 3573 οὕτω
1489 3520 1585 3573 καὶ
1614 3515 1761 3575 οὗτοι
1813 3520 2012 3590 μανίαν

430 3603 553 3656 τινὰ
579 3602 874 3674 καλλίστην
904 3605 1001 3658 καὶ
1034 3606 1564 3676 πνευματικωτάτην
1591 3607 1872 3678 μανέντες,
1905 3625 2012 3678 μα-

430 3689 554 3742 νίαν
584 3691 695 3743 ἀπὸ
728 3692 1083 3764 σωφροσύνης
1107 3693 1424 3764 γινομένην,
1449 3694 1670 3748 πάντων
1698 3695 2012 3763 κατεγέλων

429 3780 539 3834 τῶν
567 3781 883 3852 ὁρωμένων.
912 3783 1020 3837 Διά
1050 3783 1213 3838 τοῦτο
1236 3783 1523 3855 δεδεμένον
1546 3785 1785 3857 ὁρῶντες
1811 3785 1902 3839 τὸν
1934 3785 2014 3838 δι-

429 3871 719 3937 δάσκαλον,
762 3874 964 3944 μᾶλλον
1001 3873 1294 3945 ἐσκίρτων,
1330 3876 1533 3945 μᾶλλον
1563 3877 1884 3946 ἠγάλλοντο,
1923 3877 2012 3932 διὰ

428 3963 541 4017 τῶν
566 3962 743 4035 ἔργων
777 3967 891 4030 τοῖς
922 3967 1186 4031 ἐναντίοις
1219 3967 1404 4028 δόντες
1429 3967 1727 4035 ἀπόδειξιν,
1756 3969 1838 4022 ὅτι
1871 3971 2011 4024 πάν-

427 4053 584 4108 ⁴ί.”οθέν
610 4057 748 4108 εἰσιν
782 4055 1052 4109 ἀνάλωτοι
1079 4059 1175 4109 καὶ
1207 4057 1518 4128 ἀχείρωτοι.
1781 4070 1790 4078 ’

484 4145 550 4198 θ’.
570 4145 704 4198 Τότε
719 4145 923 4209 τοίνυν,
936 4147 1027 4198 ὅτε
1041 4148 1098 4198 ἐν
1114 4147 1325 4209 τούτοις
1347 4147 1418 4200 τὰ
1441 4149 1740 4218 πράγματα
1761 4146 1852 4222 ἦν,
1866 4153 2010 4216 τινὲς

427 4236 541 4289 τῶν
589 4235 801 4307 ἐχθρῶν
855 4236 966 4290 τῶν
1003 4237 1215 4290 Παύλου
1269 4237 1582 4310 βουλόμενοι
1630 4241 1722 4295 τὸν
1774 4243 2007 4314 πόλεμον

428 4326 1203 4400 ἀναῤῥιπίσαιχαλεπώτερον,
1241 4331 1333 4382 καὶ
1370 4329 1589 4400 μείζονα
1616 4332 1712 4386 τοῦ
1743 4334 2006 4404 τυράννου

431 4419 657 4489 ποιῆσαι
703 4421 799 4492 τὴν
828 4423 967 4493 πρὸς
1015 4421 1179 4476 αὐτὸν
1222 4423 1546 4495 ἀπέχθειαν,
1581 4430 2008 4497 προσεποιοῦντο

428 4513 525 4566 καὶ
552 4513 705 4566 αὐτοὶ
745 4513 1073 4586 κηρύττειν,
1115 4517 1208 4569 καὶ
1240 4518 1538 4588 ἐκήρυττον
1571 4519 1671 4590 τὴν
1704 4521 1872 4592 ὀρθὴν
1912 4525 2007 4578 καὶ

426 4601 554 4673 ὑγιῆ
590 4603 773 4655 πίστιν
804 4604 946 4672 ὑπὲρ
971 4605 1066 4658 τοῦ
1102 4605 1162 4658 τὸ
1189 4605 1366 4675 δόγμα
1398 4607 1677 4660 ἐπιδοῦναι
1708 4609 2003 4678 μειζόνωςο

423 4693 586 4748 τοῦτο
609 4695 666 4749 δὲ
693 4696 930 4760 ἐποίουν,
952 4697 1073 4766 οὐχὶ
1093 4696 1191 4768 τὴν
1213 4698 1396 4752 πίστιν
1420 4702 1639 4770 σπεῖραι
1668 4700 2004 4772 βουλόμενοι,

425 4786 543 4840 ἀλλ’
573 4785 660 4840 ἵνα
700 4785 889 4856 μαθὼν
933 4789 963 4841 ὁ
1006 4788 1226 4860 Νέρων,
1257 4788 1340 4842 ὅτι
1365 4789 1432 4864 1b
1473 4792 1738 4861 κήρυγμα
1780 4793 2004 4859 αὔξεται

427 4878 521 4930 καὶ
557 4877 618 4930 τὸ
655 4876 832 4948 δόγμα
863 4876 1164 4939 ἐπιδίδωσι,
1191 4879 1490 4949 ταχύτερον
1530 4879 1621 4933 τὸν
1663 4881 1871 4935 Παύλου
1909 4883 2004 4938 ἐπὶ

424 4969 487 5020 1b
526 4967 798 5038 βάραθρον
833 4967 1118 5037 ἀπαγάγῃ.
1155 4967 1259 5021 Δύο
1310 4970 1491 5023 τοίνυν
1526 4965 1594 5041 ἦν
1632 4971 2000 5037 διδασκαλεῖα,

423 5057 534 5110 τῶν
566 5059 779 5112 Παύλου
805 5059 1084 5130 μαθητῶν,
1119 5061 1213 5114 καὶ
1233 5060 1344 5114 τῶν
1364 5062 1574 5134 ἐχθρῶν
1600 5063 1709 5116 τῶν
1734 5065 1829 5118 τοῦ
1854 5066 2001 5119 Παύ-

424 5149 516 5203 λου
537 5166 552 5182 ο
587 5150 697 5203 τῶν
723 5150 823 5221 μὲν
855 5149 915 5216 ἐξ
941 5151 1199 5223 ἀληθείας
1240 5153 1638 5224 κηρυττόντων.
1669 5155 1779 5208 τῶν
1806 5156 1863 5209 δέ
1893 5159 2000 5211 ἀπὸ

423 5242 756 5310 φιλονεικίας
790 5242 884 5296 κα)⁸
910 5242 1009 5314 τῆς
1038 5243 1173 5313 «pb;
1193 5243 1283 5296 τὸν
1310 5243 1520 5296 Παῦλον
1548 5245 1863 5316 ἀπεχθείας.
1888 5249 1998 5302 Καὶ

421 5334 595 5388 ταῦτα
631 5333 807 5404 δηλῶν
858 5333 1008 5403 ἔλεγε
1033 5353 1047 5368 ο
1112 5333 1276 5401 Τινὲς
1315 5334 1433 5403 μὲν
1477 5335 1576 5390 διὰ
1621 5340 1851 5406 φθόνον
1898 5340 1996 5392 καὶ

420 5426 550 5494 ἔριν
590 5426 697 5480 τὸν
742 5427 1000 5496 Χριστὸν
1044 5428 1478 5494 κηρύττουσιν,
1511 5429 1752 5492 ἐκείνους
1795 5431 1998 5501 ἐμφαί-

422 5536 530 5573 νων
565 5519 695 5583 τοὺς
718 5519 973 5591 ἐχθρούς
1012 5518 1177 5585 Τινὲς
1206 5519 1275 5572 δὲ
1305 5519 1405 5574 καί
1429 5520 1504 5573 δι’
1529 5521 1832 5585 εὐδοκίαν,
1867 5523 1997 5595 περὶ

423 5608 533 5661 τῶν
561 5609 753 5664 ἐαυτοῦ
791 5610 1048 5681 μαθητῶν
1077 5610 1238 5664 τοῦτο
1273 5610 1470 5678 λέγων.
1507 5607 1642 5666 Εἷπε
1676 5612 1838 5666 πάλιν
1866 5615 1995 5684 περὶ

423 5701 666 5762 ἐκείνων,
702 5703 767 5753 οι
790 5701 906 5769 μὲν
937 5702 1004 5764 ἐξ
1035 5701 1307 5768 ἐριθείας,
1337 5703 1384 5754 οἱ
1415 5703 1627 5772 ἐχθροίο
1657 5705 1756 5773 οὐχ
1783 5705 1984 5771 ἀγνῶς,

1121 304 1185 360 S.
1236 304 1521 362 JOANNIS
1558 305 2054 365 CllllYSOSTOMl
2096 307 2418 366 ARCHIEP.
2460 306 3012 366 CONSTANTINOP.

3605 295 3718 354 ‘5l8

2135 418 2233 488 ούχ
2266 414 2432 486 ὑγιῶς
2455 455 2470 480 ,
2515 415 2631 468 ἀλλ’
2669 415 2936 483 Οίόμενοι
2983 413 3194 483 θλίψιν
3242 417 3545 487 ἐπιφέρειν
3587 419 3715 483 τοῖς

2136 501 2381 570 δεσμοῖς
2400 516 2554 568 μου·
2597 501 2652 552 οί
2678 497 2751 550 δὲ
2782 496 2854 562 ἐξ
2886 496 3152 568 ἀτάπης’
3181 499 3344 552 πάλιν
3387 499 3547 553 τοῦτο
3580 503 3714 574 περὶ

2137 583 2244 636 τῶν
2303 581 2544 651 ἀδελφῶν
2581 580 2690 634 τῶν
2731 579 2963 632 ἑαυτοῦ·
3007 579 3249 646 Ειδότες
3292 582 3381 636 ὅτι
3427 585 3521 649 είς·
3571 585 3717 638 ἀπο-

2134 666 2352 734 λογίαν
2399 665 2506 718 τοῦ
2541 663 2913 732 Εὑαγγελίου
2965 663 3179 731 κεῖμαι.
3237 666 3298 718 Τί
3344 665 3489 735 γὰρ;
3538 668 3716 736 Πλὴν

2134 748 2316 803 παντὶ
2368 749 2604 815 τρόπῳ,
2665 747 2786 799 εἴτε
2855 745 3190 813 προφάσει,
3240 749 3360 800 alte
3414 749 3667 817 ἀληθείᾳ
3695 789 3716 813 ,

2133 830 2387 898 Χριστὸς
2448 828 2931 898 καταγγέλλεται.
2986 829 3149 880 Ὥστε
3205 830 3384 899 μάτην
3437 833 3530 884 καὶ
3585 831 3714 901 εἰκῆ

2133 913 2226 964 ἐπὶ
2279 913 2390 964 τῶν
2442 913 2706 983 αἱρέσεων
2759 909 2919 963 τοῦτο
2962 911 3024 964 1b
3075 912 3226 982 ρῆμα
3279 914 3713 984 παραλαμϐάνε-

2131 1013 2242 1049 ται.
2278 997 2338 1049 Οί
2380 997 2488 1067 γὰρ
2522 996 2643 1048 τότε
2690 993 3054 1066 κηρύττοντες
3091 995 3212 1065 οὐχὶ
3245 996 3421 1066 δόγμα
3453 996 3715 1068 διεφθαρ-

2135 1078 2294 1147 μένον
2336 1079 2669 1150 ἐκήρυττον,
2721 1078 2858 1131 ἀλλά
2901 1079 3082 1132 πίστιν
3129 1080 3254 1150 ὑγιῆ
3298 1081 3391 1132 καὶ
3424 1080 3612 1151 ὀρθήν.
3646 1080 3714 1135 El

2130 1159 2239 1230 γὰρ
2268 1159 2442 1230 δόγμα
2478 1159 2872 1231 διεφθαρμένον
2902 1161 3220 1232 ἐκήρυττον,
3250 1164 3341 1214 καὶ
3369 1163 3531 1233 ἐτερα
3557 1161 3713 1234 παρὰ

2129 1242 2221 1295 τὸν
2276 1243 2486 1296 Παῦλον
2540 1243 2855 1310 ἐδίδασκον,
2915 1245 3016 1296 ούκ
3067 1244 3291 1314 ἔμελλεν
3345 1247 3525 1309 αὐτοῖς
3570 1263 3708 1316 προ-

2129 1327 2349 1396 χωρεῖν,
2390 1327 2528 1396 ὅπερ
2563 1325 2865 1380 ἐϐούλοντο.
2898 1327 2964 1379 Τί
3009 1327 3066 1379 δὲ
3113 1327 3426 1392 ἐϐούλοντο;
3469 1328 3581 1396 Τῆς
3615 1329 3708 1381 πί-

2131 1422 2300 1470 στεως
2332 1405 2658 1479 αὐξηθείσης
2689 1408 2785 1462 καὶ
2801 1408 3013 1462 πολλῶν
3041 1411 3349 1479 γενομένων
3369 1410 3476 1462 τῶν
3491 1410 3704 1464 Παύλου

2133 1489 2408 1562 μαθητῶν,
2429 1493 2508 1555 είς
2537 1491 2761 1562 μείζονα
2787 1491 3020 1562 πόλεμον
3052 1493 3143 1545 τὸν
3162 1493 3390 1564 Νέρωνα
3417 1493 3699 1563 διεγεῖραι.

2128 1571 2193 1623 Et
2243 1573 2300 1626 δὲ
2337 1573 2498 1645 ἔτερα
2547 1574 2794 1644 δόγματα
2840 1576 3158 1645 ἐκήρυττον,
3205 1577 3306 1630 ούκ
3360 1575 3428 1629 ἀν
3475 1577 3706 1640 πολλοὶς

2127 1657 2392 1727 ἐποίησαν
2419 1660 2546 1722 τοὺς
2596 1659 2809 1712 Παύλου
2841 1661 3109 1731 μαθητάς·
3162 1661 3237 1732 μὴ
3285 1660 3563 1724 ποιοῦντες
3607 1661 3700 1722 δέ,

2127 1740 2228 1794 οὐκ
2263 1741 2329 1794 ἂν
2373 1742 2698 1814 παρώξυναν
2725 1743 2820 1796 τὸν
2873 1744 3156 1815 τύραννον.
3207 1745 3283 1797 Οὐ
3326 1745 3504 1797 τοίνυν
3543 1743 3706 1796 τοῦτό

2127 1839 2309 1894 φησιν,
2344 1825 2426 1878 ὃτι
2453 1825 2825 1898 διεφθαρμένα
2878 1827 3122 1898 δόγματα
3156 1829 3395 1898 εἰσῆγον,
3425 1827 3540 1882 ἀλλ’
3565 1828 3647 1880 ὅτι
3667 1829 3703 1896 ὴ

2125 1906 2291 1969 αίτία,
2323 1908 2416 1977 ἀφ’
2438 1905 2505 1981 ἧς
2531 1911 2846 1984 ἐκήρυττον,
2867 1910 3004 1982 αῦτη
3035 1907 3104 1982 ἦν
3130 1910 3521 1981 διεφθαρμένη.
3541 1908 3704 1962 Ἐτε-

2129 2006 2222 2060 ρον
2255 1991 2366 2062 γάρ
2393 1993 2509 2045 ἐστι
2540 1992 2722 2046 λαλεῖν
2753 1992 2852 2064 τὴν
2885 1995 3158 2065 πρόφασιν
3193 1993 3288 2048 τοῦ
3324 1992 3706 2064 κηρύγματος,

2125 2072 2218 2124 καὶ
2239 2072 2425 2144 ἕτερον
2454 2075 2586 2127 αύτὸ
2607 2075 2665 2127 τὸ
2693 2077 2955 2147 κήρυγμα
3008 2077 3084 2148 μὴ
3119 2074 3256 2129 εἶναι
3287 2076 3458 2144 ὑγιές.
3495 2073 3568 2128 τὸ
3602 2077 3708 2146 μὲν

2123 2153 2232 2225 γάρ
2271 2157 2534 2228 κήρυγμα
2562 2158 2624 2210 οὐ
2679 2159 2888 2228 γίνεται
2917 2159 3090 2228 ὑγιὲς,
3125 2160 3252 2213 ὅταν
3279 2158 3348 2212 τά
3394 2157 3642 2228 δόγματα

2123 2237 2334 2309 πλάνης
2357 2240 2596 2310 γέμοντα
2616 2256 2630 2271 ⁶
2687 2242 2720 2310 ή
2765 2241 3039 2312 πρόφασις
3067 2242 3121 2294 δέ
3151 2243 3212 2295 ού
3264 2241 3474 2310 γίνεται
3506 2240 3668 2312 ὑγιὴς
3688 2283 3702 2302 ,

2122 2321 2250 2374 ὃταν
2283 2322 2344 2374 1b
2376 2323 2476 2393 μὲν
2499 2325 2761 2396 κήρυγμα
2796 2325 2946 2394 ὑγιὲς
2981 2321 3037 2398 ᾗ,
3067 2327 3114 2378 οί
3142 2327 3199 2379 δὲ
3232 2325 3591 2397 κηρύττοντες
3624 2326 3704 2396 μὴ

2121 2402 2208 2456 διά
2247 2403 2340 2457 τὸν
2389 2405 2521 2460 Θεὸν
2561 2407 2928 2478 κηρύττωσιν,
2976 2408 3096 2462 ἀλλ’
3143 2407 3174 2479 ῆ
3233 2408 3370 2480 πρὸς
3416 2406 3636 2480 ἔχθραν,
3665 2408 3702 2479 ἢ

2122 2486 2258 2558 πρὸς
2290 2487 2452 2558 χάριν
2484 2489 2708 2560 ἐτέρων.

2193 2567 2342 2642 [508]
2363 2576 2411 2624 ι’.
2431 2571 2506 2623 Ού
2518 2572 2695 2630 τοίνυν
2711 2573 2868 2627 τοῦτό
2891 2592 3077 2646 φησιν,
3098 2575 3181 2629 ὅτι
3199 2575 3440 2646 αἱρέσεις
3456 2575 3698 2647 εἰσῆγον.

2118 2650 2234 2704 ἀλλ’
2263 2653 2344 2705 ὃτι
2361 2653 2461 2706 οὐκ
2481 2655 2588 2708 ἀπὸ
2611 2655 2941 2727 προφάσεως
2964 2657 3152 2728 ὀρθῆς,
3168 2657 3289 2711 οὐδὲ
3309 2657 3376 2710 δι’
3416 2658 3703 2712 εὐλάϐειαν

2118 2733 2441 2806 ἐκήρυττον,
2469 2738 2606 2810 ὅπερ
2643 2739 2964 2810 ἐκήρυττον.
2997 2741 3072 2793 Οὐ
3105 2741 3215 2812 γὰρ
3235 2741 3322 2794 ἵνα
3352 2741 3414 2794 τὸ
3445 2739 3699 2810 Εὐαγγέ-

2117 2814 2230 2868 λιον
2259 2817 2562 2889 αύξήσωσι,
2592 2819 2752 2873 τοῦτο
2775 2823 3016 2887 ἐποίουν,
3055 2823 3172 2877 ἀλλ’
3227 2824 3312 2877 ἵνα
3363 2825 3494 2877 αὐτὸ
3538 2823 3703 2877 πολε-

2120 2899 2334 2969 μήσωσι
2359 2913 2408 2965 ι,
2434 2903 2527 2956 καὶ
2551 2905 2632 2966 εἰς
2663 2902 2882 2974 μείζονα
2905 2905 3066 2959 αὑτὸν
3110 2905 3390 2977 ἐμϐάλωσι
3427 2906 3698 2960 κίνδυνον·

2115 2979 2204 3034 διὰ
2227 2982 2385 3036 τοῦτο
2414 2985 2598 3048 αὐτοῖς
2643 2986 2883 3054 ἐγκαλεῖ.
2929 2989 3038 3041 Καὶ
3077 2989 3181 3060 ὅρα
3213 2989 3330 3052 πῶς
3366 2989 3503 3060 μετά
3535 2991 3702 3060 ἀκρι-

2116 3062 2272 3128 ϐείας
2299 3066 2431 3119 αὐτὸ
2475 3067 2740 3122 τέθεικενο
2780 3072 3046 3140 Οίόμενοι
3081 3071 3309 3140 θλίψιν,
3342 3072 3526 3143 φησὶν,
3568 3072 3702 3124 ἑπι-

2114 3147 2320 3216 φέρειν
2352 3150 2478 3217 τοῖς
2506 3151 2754 3222 δεσμοῖς
2779 3171 2919 3223 μου.
2954 3157 3066 3208 Ούκ
3103 3151 3278 3219 εἷπεν,
3307 3155 3698 3226 ἐπιφέροντες,

2114 3231 2266 3299 ἀλλ’,
2314 3235 2583 3303 Οιόμενοι
2631 3236 2977 3306 ἐπιφέρειν,
3025 3239 3295 3304 τουτέστι,
3354 3235 3697 3308 νομίζοντες·

2113 3313 2333 3378 δεικνὺς
2355 3317 2437 3370 ὅτι
2469 3318 2519 3371 εί
2542 3319 2636 3372 καὶ
2669 3321 2866 3374 ἐκεῖνοι
2900 3320 3236 3393 νομίζουσιν,
3258 3322 3373 3376 ἀλλ’
3395 3324 3494 3376 ούκ
3529 3322 3698 3385 αὐτὸς

2113 3397 2257 3452 οὕτω
2279 3397 2570 3464 διάκειται,
2587 3400 2723 3455 ἀλλά
2739 3403 2835 3456 καὶ
2854 3405 3037 3475 χαίρει
3063 3405 3150 3459 διά
3170 3405 3269 3477 τὴν
3288 3403 3380 3458 τοῦ
3410 3405 3703 3476 κηρύγμα-

2114 3498 2206 3544 τος
2257 3481 2516 3538 ἐπίδοσιν.
2562 3484 2874 3556 Ἐπήγαγεν
2921 3483 3016 3540 οὖν
3047 3487 3244 3556 λέγων·
3287 3488 3461 3542 Ἀλλά
3493 3487 3593 3541 καὶ
3626 3489 3700 3541 ἐν·

2115 3564 2304 3630 τούτῳ
2332 3566 2518 3635 χαίρω
2535 3568 2633 3620 καὶ
2658 3568 3020 3638 χαρήσομαιο
3039 3571 3086 3622 εί
3103 3569 3160 3623 δέ
3181 3570 3391 3640 πλάνην
3408 3571 3477 3623 τὰ
3491 3571 3698 3639 δόγμαο

2113 3663 2181 3698 τα
2211 3642 2346 3717 εἶχε,
2399 3649 2492 3702 καὶ
2529 3650 2770 3721 αἱρέσεις
2803 3651 3025 3721 εἰσῆγον
3075 3655 3296 3716 ἐκεῖνοι,
3325 3655 3427 3706 οὐκ
3460 3653 3696 3721 ἠδύνατο

2114 3729 2328 3800 χαίρειν
2356 3733 2384 3784 ὁ
2403 3732 2636 3798 Παῦλος.
2685 3733 2904 3806 Ἐπειδὴ
2931 3737 2986 3789 δέ
3016 3735 3168 3804 ὑγιὲς
3190 3737 3284 3791 καὶ
3311 3736 3598 3790 ἀνόθευτον
3622 3737 3685 3787 τὸ

2113 3811 2311 3883 δόγμα,
2338 3814 2425 3868 διὰ
2453 3815 2609 3870 τοῦτό
2641 3835 2772 3887 φησι
2794 3860 2809 3883 ,
2853 3819 3045 3886 Χαίρω
3083 3819 3183 3872 καὶ
3225 3818 3582 3888 χαρήσομαι.
3625 3819 3698 3876 TE

2113 3896 2246 3968 γάρ,
2282 3899 2330 3950 εί
2371 3899 2598 3965 ἑαυτοὺς
2645 3902 3004 3955 ἀπολλύουσιν
3034 3905 3253 3964 ἐκεῖνοι,
3299 3901 3360 3966 ἐξ
3393 3901 3694 3972 ἀπεχθείας

2112 3979 2272 4034 τοῦτο
2301 3983 2608 4047 ποιοῦντες;
2637 3985 2800 4039 Ἀλλά
2817 3987 2884 4039 τὰ
2905 3986 3015 4056 ἐμά
3041 3986 3135 4040 καὶ
3159 3987 3383 4049 ἄκοντες
3413 3985 3693 4050 αὔξουσιν.

2113 4059 2268 4128 Εἶδες
2301 4065 2440 4138 πόση
2468 4067 2563 4120 τοῦ
2598 4067 2812 4122 Παύλου
2854 4071 2887 4140 ή
2917 4068 3177 4140 δύναμις;
3215 4073 3336 4133 πῶς
3379 4069 3560 4124 οὐδενὶ
3582 4071 3694 4124 τῶν

2112 4146 2206 4199 τοῦ
2239 4147 2483 4202 διαϐόλου
2520 4151 2930 4222 μηχανημάτων
2959 4152 3273 4218 ἀλίσκεταω
3297 4153 3407 4206 Καὶ
3439 4154 3502 4206 ού
3531 4155 3694 4223 μόνον

2111 4230 2209 4298 οὐχ
2240 4229 2559 4297 ἁλίσκεται,
2603 4234 2740 4287 ἀλλά
2794 4235 2888 4287 καὶ
2916 4236 3101 4298 αὐτοῖς
3137 4235 3353 4298 τούτοις
3375 4237 3548 4290 ἀὐτὸν
3579 4255 3695 4306 χει-

2114 4310 2322 4383 ροῦται.
2338 4313 2514 4386 Πολλὴ
2535 4315 2633 4386 μέν
2660 4317 2768 4387 γὰρ
2793 4313 2886 4371 οῦν
2909 4318 3005 4372 καὶ
3022 4320 3056 4389 ή
3071 4318 3166 4372 τοῦ
3189 4319 3438 4372 διαϐόλου
3459 4337 3694 4389 κακουρ-

2111 4395 2238 4462 γία,
2279 4397 2374 4449 καὶ
2413 4397 2522 4450 τῶν
2572 4400 2767 4470 ἐκείνῳ
2807 4400 3199 4454 διακονούντων
3239 4404 3271 4472 ή
3320 4402 3589 4472 πονηρία·
3631 4404 3691 4455 ἐν

2113 4481 2460 4552 προσχήματι
2506 4481 2615 4553 γὰρ
2645 4483 2739 4536 τοῦ
2778 4484 2847 4537 τὰ
2898 4483 3036 4537 αὐτὰ
3081 4489 3326 4556 φρονεῖν,
3380 4486 3574 4540 σϐέσαι
3626 4486 3691 4540 τὸ

2110 4565 2377 4634 κήρυγμα
2420 4565 2722 4620 ἐϐούλοντο.
2772 4566 2914 4620 Ἀλλ’
2972 4567 3034 4620 ’0
3085 4567 3508 4638 δρασσόμενος
3542 4569 3691 4635 τοὺς

2109 4647 2342 4714 σοφοὺς
2380 4648 2449 4700 ἐν
2495 4647 2572 4716 τῇ
2627 4649 2961 4718 πανουργίᾳ
2993 4649 3214 4712 αὐτῶν,
3265 4652 3326 4704 ού
3370 4651 3690 4723 ,συνεχώρει

2039 4781 2048 4791 ,
2107 4728 2268 4782 τοῦτο
2301 4731 2554 4799 γενέσθαι
2594 4732 2736 4784 τότε.
2775 4731 2948 4784 Τοῦτο
2989 4733 3120 4800 γοῦν
3167 4733 3302 4786 αὐτὸ
3344 4734 3630 4804 ἐμφαίνων
3655 4736 3688 4788 6

2109 4811 2319 4876 Παῦλος
2340 4814 2514 4882 ἔλεγε·
2539 4814 2608 4867 Τὸ
2636 4813 2706 4866 δὲ
2733 4813 3026 4883 ἐπιμεῖναι
3055 4813 3130 4882 τῇ
3151 4815 3329 4882 σαρκί
3359 4817 3687 4882 ἀναγκαιό-

2107 4910 2282 4961 τερον
2295 4895 2370 4948 δι’
2387 4895 2564 4965 ἡμᾶς,
2591 4897 2688 4950 καί
2711 4897 2888 4950 τοῦτο
2913 4895 3208 4962 πεποιθὼς
3236 4893 3389 4961 οἶδα,
3415 4896 3504 4950 ὅτι
3519 4897 3687 4967 μενῶ

2106 4977 2206 5029 καὶ
2247 4977 2692 5048 συμπαραμετκῖ)
2735 4977 2924 5034 πᾶσιν
2968 4979 3124 5048 ὑμῖν.
3170 4981 3400 5033 Ἐκεῖνοι
3436 4980 3536 5050 μὲν
3573 4981 3686 5051 γὰρ

2103 5061 2202 5130 τῆς
2217 5061 2498 5133 παρούσης
2515 5080 2580 5132 με
2596 5062 2741 5132 ζωῆς
2762 5063 3009 5116 ἐκϐαλεῖν
3023 5063 3370 5134 ἐπιθυμοῦσι,
3385 5065 3479 5117 καὶ
3502 5065 3684 5118 πάντα

2107 5144 2197 5197 διὰ
2257 5143 2417 5198 τοῦτο
2465 5143 2850 5216 ὑπομένουσινο
2891 5146 2920 5196 ὁ
2960 5145 3017 5198 δέ
3065 5146 3197 5210 Θεὸς
3225 5146 3326 5199 ούκ
3376 5147 3574 5217 ἀφίησι
3606 5146 3680 5222 δι’

2109 5229 2272 5299 ὑμᾶς.

2172 5333 2360 5387 Ταῦτα
2374 5334 2553 5387 τοίνυν
2579 5331 2716 5405 μετά
2735 5333 3017 5405 ἀκριϐείας
3039 5335 3252 5389 ἅπαντα
3277 5335 3671 5407 μνημονεύετε,

2101 5418 2187 5470 ἵνα
2218 5418 2346 5479 τοὺς
2371 5417 2557 5480 ἁπλῶς
2591 5418 2684 5470 καὶ
2705 5417 2780 5480 ὼς
2809 5419 2964 5489 ἔτυχε
2985 5421 3104 5482 ταῖς
3129 5421 3169 5472 Γ
3173 5423 3373 5490 ραφαῖς
3393 5419 3670 5490 κεχρημέ-

2099 5517 2224 5562 νους
2264 5500 2358 5553 καὶ
2390 5501 2477 5553 ἐπ’
2507 5500 2713 5571 ὀλέθρῳ
2751 5501 2859 5554 τῶν
2901 5501 3148 5572 πλησίον,
3185 5503 3324 5574 μετά
3353 5504 3536 5574 πάσης
3577 5518 3669 5554 σο-

2099 5585 2227 5655 φίας
2255 5583 2484 5654 δύνησθε
2507 5585 2768 5654 διορθοῦν.
2788 5585 3138 5656 Δυνησόμεθα
3159 5586 3215 5642 δέ
3243 5589 3337 5642 καὶ
3357 5587 3661 5659 μεμνῆσθαι

2161 5721 2188 5748 ⁸
2213 5719 2352 5783 Αὐτῷ
2371 5719 2701 5780 πολεμήσωσι,
2724 5721 2794 5768 sic
2819 5733 2934 5768 mss.
