4060 6260
351 365 456 422 51⁸1

340 477 620 548 discipulis
658 484 822 530 erant.
849 503 922 516 συ·-
947 472 1078 542 Quis
1106 472 1258 540 vidit,
1286 471 1409 542 quis
1436 469 1644 526 audivit
1670 470 1724 525 in
1771 470 1944 540 magi-

349 583 588 627 Strorum
615 567 870 624 arumnis
895 568 1012 637 plus
1025 567 1199 622 solatii
1229 580 1424 636 capere
1443 564 1736 634 disci-pulos
1753 563 1776 616 ‘!
1796 563 1944 631 Quo-

350 661 516 717 modo
541 675 648 716 non
691 658 1018 715 timuerunt?
1045 657 1146 725 Qui
1171 657 1289 712 ﬁeri
1320 656 1512 727 potuit,
1549 666 1607 710 ut
1645 655 1811 710 Paulo
1839 669 1946 709 non

351 755 597 810 dicerem
621 769 636 807 :
671 750 897 817 Medica,
922 767 1048 804 cura
1095 751 1310 821 teipsum
1331 748 1484 818 (Luc.
1510 749 1567 804 ι.
1587 747 1685 818 25)
1704 764 1720 800 :
1741 762 1872 802 erue
1897 756 1950 800 te

352 847 534 910 ipsum
550 842 623 898 ab
646 840 731 907 iis,
755 841 949 912 quibus
972 839 1378 910 constringeris,
1419 838 1596 902 malis,
1626 847 1681 892 et
1705 847 1828 892 tunc
1851 853 1950 890 nn-

353 939 442 994 liis
479 937 761 994 innumera
810 935 950 994 bona
992 932 1324 989 eenciliabis.
1359 931 1467 986 Cur
1503 929 1606 984 hoc
1655 943 1764 983 non
1804 927 1951 982 dixe-

356 1029 524 1085 runt?
553 1028 724 1096 Quam
749 1027 819 1082 ob
844 1025 994 1080 rem?
1017 1025 1281 1092 Quoniam
1315 1021 1492 1078 edocti
1530 1028 1686 1077 erant
1707 1035 1742 1074 a
1777 1019 1950 1088 gratia

356 1119 613 1190 Spiritus,
633 1117 751 1172 iure
775 1133 884 1172 non
907 1131 972 1170 ex
999 1114 1325 1178 inﬁrmitate,
1367 1111 1461 1168 sed
1486 1127 1556 1167 ex
1596 1109 1952 1181 permissione

355 1214 561 1270 Christi
591 1212 733 1279 ﬁeri,
763 1221 820 1266 ut
848 1210 1044 1265 veri-tas
1068 1209 1236 1279 magis
1266 1206 1567 1278 eti'ulgeret,
1593 1222 1688 1276 per
1712 1205 1948 1273 vincula,

357 1321 461 1378 per
484 1318 729 1360 carceres
755 1312 812 1358 et
835 1315 1125 1368 mrumnas,
1151 1301 1530 1371 angustiasque
1547 1309 1726 1364 aucta,
1756 1308 1812 1354 et
1837 1313 1953 1352 meo

357 1400 533 1470 iorem
559 1399 612 1452 in
641 1397 860 1453 modum
879 1406 1082 1452 evecta.
1111 1396 1201 1452 Sic
1223 1397 1394 1451 virtus
1411 1394 1612 1452 Christi
1643 1396 1696 1451 in
1719 1395 1952 1450 inﬁrmi-

360 1500 476 1546 tate
507 1489 780 1560 perﬁcitur
807 1489 887 1560 (2.
916 1487 1036 1544 Cor.
1070 1489 1157 1543 12.
1187 1489 1272 1557 9).
1316 1489 1378 1543 Si
1403 1488 1548 1542 enim
1575 1487 1782 1542 vincula
1819 1487 1956 1542 Pau-

357 1581 476 1638 lum
516 1581 972 1652 supplautassent,
993 1587 1050 1634 et
1079 1579 1398 1634 timidiorem
1430 1578 1810 1645 reddidissent,
1841 1577 1956 1634 sive

361 1673 538 1739 illum,
557 1673 670 1728 sive
689 1663 808 1738 eos,
837 1673 927 1742 qui
955 1671 1055 1741 ipsi
1086 1669 1380 1736 hauebant,
1406 1680 1531 1725 tunc
1559 1667 1955 1724 formidandum

358 1776 517 1830 erat;
547 1765 628 1821 sin
672 1765 933 1832 majorem
976 1763 1224 1819 ﬁduciam
1255 1762 1582 1829 indiderunt,
1633 1770 1691 1818 et
1730 1761 1798 1816 ad
1839 1777 1956 1815 am-

364 1859 601 1926 pliorem
633 1858 855 1926 gloriam
898 1864 1213 1921 evexerant,
1257 1854 1639 1924 obstupescere
1682 1868 1746 1908 ac
1774 1852 1958 1907 mirari

365 1956 604 2018 oportet,
637 1948 911 2018 quomodo.
945 1962 1045 2018 per
1069 1961 1183 2002 rem
1218 1946 1504 2017 ignominia
1537 1947 1751 2018 plenam
1791 1945 1959 2016 gloria

362 2039 634 2108 discipulo
688 2037 1097 2103 conciliaretur;
1148 2052 1352 2106 perque
1408 2051 1520 2092 rem
1573 2051 1694 2106 qua
1756 2044 1960 2091 metum

366 2131 620 2185 iocinere.
655 2129 903 2194 debebat,
935 2127 1125 2184 liducia
1152 2136 1211 2182 et
1234 2129 1531 2182 consolatio
1575 2129 1675 2183 illis
1713 2127 1961 2182 munibus

372 2229 671 2292 pareretur.
715 2220 845 2288 Quis
872 2220 1018 2274 enim
1041 2235 1152 2274 non
1175 2230 1286 2274 tum
1323 2219 1760 2289 ebstupescebat,
1789 2219 1961 2272 virum

362 2327 600 2369 cernens
626 2321 816 2367 catena
832 2311 1226 2367 constrictum?
1250 2310 1402 2366 Tunc
1425 2312 1658 2366 maxime
1691 2309 1962 2365 daemones

366 2406 667 2477 (ugiebant,
706 2421 830 2460 cum
869 2404 1110 2460 viderent
1136 2419 1260 2460 eum
1297 2403 1358 2458 in
1395 2419 1612 2460 carcere
1656 2404 1962 2474 degentem.

368 2496 559 2568 Neque
597 2497 740 2552 enim
770 2495 1014 2552 diadema
1053 2496 1256 2566 regiqu
1307 2505 1466 2566 caput
1495 2494 1715 2565 perinde
1747 2494 1964 2563 conspi-

367 2606 534 2646 cuum
578 2590 722 2657 iacit,
761 2601 924 2660 atq-ue
953 2600 1158 2645 catena
1195 2605 1388 2644 manus
1425 2589 1585 2654 illius,
1615 2604 1720 2644 non
1745 2588 1962 2660 quidem

365 2692 565 2754 suapte
593 2693 808 2749 natura,
839 2683 942 2738 sed
961 2698 1058 2752 per
1094 2684 1319 2754 gratiam
1361 2682 1416 2737 in
1447 2683 1577 2752 ipsis
1610 2681 1962 2738 efﬂorescen-

376 2787 504 2832 tem.
536 2776 672 2831 Hinc
692 2791 879 2845 magna
905 2775 1197 2830 consolatio
1219 2774 1510 2842 discipulis.
1533 2772 1796 2828 Videbant
1821 2773 1963 2827 enim

368 2883 574 2939 corpus
596 2870 854 2936 vinctum,
883 2867 1115 2938 linguam
1143 2881 1270 2922 vero
1298 2867 1518 2922 minime
1555 2866 1805 2936 ligatam;
1850 2880 1967 2918 nta-

376 2975 479 3016 nus
503 2961 710 3032 ligatas,
735 2958 828 3014 sed
851 2959 1072 3013 verbum
1099 2957 1350 3020 solutum,
1373 2956 1516 3026 quod
1541 2955 1780 3011 velocius
1804 2970 1964 3025 quant

369 3054 573 3109 solaris
613 3051 792 3106 radius
822 3059 989 3104 totum
1035 3049 1292 3103 mundum
1339 3056 1698 3117 percurreret.
1733 3046 1967 3116 Eratque

370 3147 431 3201 id
458 3147 564 3202 illis
592 3141 967 3207 consolationi,
994 3157 1117 3197 cum
1157 3157 1253 3212 per
1275 3155 1436 3210 opera
1483 3139 1806 3202 ediscerent,
1840 3140 1965 3192 nul-

371 3237 487 3291 iam
514 3249 696 3312 rerum.
722 3233 1064 3302 pnnsentium
1084 3247 1213 3288 esse
1241 3245 1478 3302 gravem.
1520 3231 1717 3285 Anima
1742 3229 1962 3300 quippe,

371 3345 504 3385 cum
563 3343 748 3382 amore
803 3326 1174 3397 desiderioque
1240 3326 1422 3380 divino
1462 3339 1588 3379 vere
1645 3323 1964 3393 corripitur,

370 3422 446 3477 ad
497 3421 698 3476 nullam
747 3434 930 3474 rerum
978 3418 1318 3490 praesentium
1362 3431 1482 3471 sese
1514 3415 1820 3474 convertit;
1871 3413 1965 3468 sed

378 3511 826 3583 quemadmodum
848 3509 1033 3565 furiosi
1055 3519 1111 3565 et
1139 3509 1315 3580 ignem
1341 3517 1396 3564 et
1419 3507 1644 3574 ferrum,
1668 3513 1729 3563 et
1751 3508 1894 3561 feras
1915 3515 1968 3560 et

378 3621 529 3661 mare
557 3613 617 3659 et
657 3603 838 3657 omnia
883 3602 1033 3657 adire
1076 3601 1209 3657 nihil
1239 3601 1527 3656 dubitant:
1569 3600 1647 3655 sic
1683 3607 1742 3654 et
1771 3599 1824 3654 Ιιὶ
1851 3600 1968 3670 pul-

374 3697 650 3752 cherrimo
689 3695 918 3766 quodam
949 3703 1008 3750 et
1055 3693 1320 3766 spirituali
1366 3694 1548 3748 lurore
1591 3692 1845 3763 correpti,
1887 3692 1970 3747 l'n-

380 3805 528 3856 rore,
553 3789 794 3858 inquam,
824 3787 912 3857 qui
942 3802 972 3840 a
1009 3786 1359 3856 temperantia
1390 3784 1760 3856 proﬁciscitur,
1789 3784 1972 3840 visibi-

379 3880 452 3934 lia
497 3879 678 3932 omnia
723 3877 1060 3932 deridebant.
1102 3876 1445 3946 QuaprOpter
1484 3890 1606 3930 cum
1655 3875 1968 3944 magistrum

381 3978 669 4026 cernerent
697 3969 955 4035 vinctutn,
996 3969 1165 4039 magis
1194 3967 1536 4024 exsultabant
1573 3976 1627 4024 et
1644 3967 1966 4038 gaudebant,

385 4080 480 4134 per
515 4063 628 4134 ipsa
666 4077 832 4133 Opera
869 4060 1192 4116 adversariis
1233 4059 1592 4128 dcclarantes,
1636 4075 1697 4115 se
1737 4058 1971 4129 undique

383 4156 612 4210 invictos
641 4153 1135 4225 insuperabilesque
1159 4167 1299 4208 esse.

453 4249 514 4304 9.
551 4245 706 4303 Tunc
737 4245 916 4317 igitur,
942 4261 1064 4301 cum
1104 4261 1192 4302 res
1235 4247 1310 4302 ita
1355 4261 1415 4302 se
1440 4245 1722 4314 baberent,
1749 4245 1967 4319 quidam

383 4338 532 4395 Pauli
592 4338 814 4408 inimici,
861 4353 983 4393 cum
1041 4337 1236 4393 vellcnt
1280 4339 1456 4394 acrius
1495 4337 1692 4394 bellum
1731 4355 1968 4403 movere,

379 4442 437 4486 et
465 4441 746 4503 tyrannum
768 4428 837 4483 ad
864 4429 1122 4498 majorem
1167 4430 1423 4485 adversus
1451 4431 1602 4485 illunt
1633 4431 1967 4486 inimicitiam

384 4523 739 4585 inﬂammare,
762 4535 822 4575 se
851 4519 1143 4589 prtedicare
1171 4520 1514 4586 simulabant,
1543 4529 1597 4574 et
1619 4537 1804 4576 revera
1829 4537 1968 4591 pra:-

381 4613 633 4669 dicabant
675 4620 876 4666 rectam
907 4625 1198 4680 sanamque
1245 4611 1426 4677 tidem,
1458 4621 1514 4666 ut
1539 4612 1780 4667 doctrina
1815 4627 1972 4683 auge-

385 4717 536 4762 retur
567 4723 583 4762 :
615 4704 739 4761 illud
771 4718 901 4758 vero
930 4703 1214 4768 faciebant,
1259 4721 1362 4759 non
1396 4713 1455 4759 ut
1498 4706 1629 4761 lides
1656 4706 1974 4777 dissemina-

385 4811 554 4864 retur,
582 4799 678 4856 sed
708 4807 766 4853 ut
797 4799 898 4852 hoc
931 4810 1204 4872 comperto
1245 4797 1407 4860 Nero,
1444 4798 1585 4868 quod
1611 4814 1806 4869 nempe
1835 4815 1973 4868 pra:-

381 4893 582 4949 dicatio
632 4904 934 4962 cresceret,
982 4905 1038 4950 et
1089 4893 1333 4948 doctrina
1381 4891 1769 4957 invalesceret,
1815 4892 1972 4946 citius

384 4984 607 5042 Paulum
639 4987 691 5041 in
714 4986 1025 5042 barathrum
1051 4985 1358 5055 conjiceret.
1389 4982 1502 5037 Duo
1525 4984 1698 5053 itaque
1725 4983 1974 5053 magiste-

384 5081 462 5134 ria
507 5088 682 5144 erant,
735 5079 884 5134 Pauli
931 5093 1124 5148 nempe
1174 5075 1580 5146 discipulorum,
1625 5074 1973 5145 ejusdemque

384 5171 744 5236 inimicorum,
779 5170 885 5224 illis
929 5185 998 5225 ex
1037 5171 1281 5232 veritate,
1315 5167 1399 5220 liis
1437 5181 1502 5220 ex
1547 5167 1891 5221 contentione
1918 5175 1973 5220 et

384 5263 511 5318 odio
537 5262 685 5317 Pauli
722 5260 1150 5331 prmdicantibus.
1186 5258 1313 5314 Huic
1341 5274 1503 5328 porro
1528 5258 1806 5313 declarans
1827 5257 1973 5312 dice-

385 5353 476 5408 bat
517 5354 608 5407 ille
641 5371 654 5407 :
684 5351 908 5418 Quidam
957 5359 1164 5420 propter
1210 5349 1452 5402 invidiam
1507 5358 1554 5401 et
1608 5350 1971 5402 contentionem

1516 358 1608 414 DE
1648 354 2007 413 PBOFECTU
2047 355 2438 414 EYANGELlI.

3525 344 3634 402 318

2053 470 2262 525 uinculis
2310 471 2700 535 meiualiivero
2715 471 3122 541 excaritathb.
3140 489 3188 528 υ.
3210 475 3296 539 Π,
3321 477 3428 544 16);
3443 487 3630 528 rursus

2053 562 2156 618 hoc
2177 563 2308 618 dicit
2332 563 2402 619 de
2437 563 2714 634 discipulis
2752 565 2864 619 suis
2890 583 2904 619 :
2934 564 3168 619 Scientes
3189 565 3430 635 quoniam
3469 567 3524 621 in
3546 566 3636 620 dc-

2059 657 2334 727 [ensionem
2377 656 2621 728 evangelii
2666 657 2860 728 positus
2903 674 3018 711 sum
3068 655 3173 728 (Jb.
3221 673 3272 711 υ.
3329 655 3446 730 16).
3502 654 3639 725 Quid

2053 749 2184 800 enim
2201 749 2228 802 .’
2255 748 2396 802 Dum
2423 752 2559 803 omni
2585 751 2756 814 modo,
2795 752 2899 804 sive
2929 769 3018 820 per
3045 753 3380 820 occasionem,
3426 754 3530 806 sive
3552 769 3642 822 per

2055 839 2332 907 veritatem,
2362 840 2592 896 Christus
2611 843 2937 896 annuntietur
2958 842 3065 915 (lli.
3088 859 3135 896 υ.
3171 845 3285 913 18).
3313 843 3496 914 itaque
3522 845 3638 898 fru-

2053 939 2164 985 stra
2186 941 2238 985 et
2271 931 2546 987 incassum
2568 931 2672 988 hoc
2696 933 2896 988 dictum
2926 934 2993 989 de
3032 934 3325 990 lueresibus
3358 936 3640 1006 accipitur.

2055 1022 2187 1077 Nam
2201 1025 2298 1092 qui
2323 1032 2449 1080 tunc
2470 1025 2848 1094 przcdicabant,
2877 1041 2983 1082 non
3007 1037 3313 1097 corruptam
3332 1026 3635 1083 doctrinam

2053 1117 2460 1179 annuntiabat“,
2485 1116 2585 1171 sed
2613 1116 2770 1172 [idem
2807 1132 2994 1172 sanam
3019 1127 3074 1172 et
3101 1129 3324 1176 rectam.
3356 1118 3570 1174 Etenim
3598 1118 3643 1172 si

2050 1217 2365 1276 corruptam
2413 1207 2711 1264 doctrinam
2763 1210 3164 1279 prtedicassent,
3202 1221 3255 1266 et
3301 1212 3427 1279 alia,
3481 1228 3640 1283 quam

2060 1299 2256 1354 Paulus
2273 1300 2604 1368 docuissent,
2641 1303 2949 1372 neutiquam
2981 1303 3087 1359 illis
3115 1305 3398 1360 accidisset
3414 1305 3470 1360 id
3500 1308 3641 1377 quod

2057 1390 2326 1447 volebant.
2388 1393 2524 1461 Quid
2581 1405 2758 1449 autem
2825 1395 3111 1450 volebant?
3157 1396 3230 1452 Ut
3292 1407 3447 1452 aucta
3499 1397 3641 1462 lide,

2059 1486 2348 1557 multisque
2377 1486 2572 1542 additis
2596 1486 2762 1541 Paulo
2792 1487 3083 1558 discipulis,
3111 1489 3181 1543 ad
3210 1490 3382 1559 majus
3410 1490 3647 1546 inferen-

2059 1579 2190 1633 dum
2215 1578 2410 1633 bellum
2439 1577 2708 1633 Neronem
2742 1579 3059 1634 excitarent.
3093 1581 3150 1633 Si
3190 1589 3366 1636 autem
3397 1582 3504 1637 alia
3545 1587 3650 1640 do-

2056 1681 2238 1742 gmata
2265 1672 2664 1743 ptmdicaswut,
2709 1687 2817 1726 non
2868 1673 3071 1728 multos
3107 1673 3360 1729 iecissent
3385 1674 3534 1729 Pauli
3560 1675 3647 1728 ιιι-

2062 1764 2298 1834 scipulos
2328 1780 2342 1817 :
2374 1764 2420 1818 si
2453 1780 2562 1818 non
2591 1765 2864 1830 fecissent,
2892 1778 2999 1819 non
3029 1777 3438 1836 exasperasscnt
3471 1776 3652 1838 tyran-

2062 1873 2212 1915 num.
2239 1857 2356 1913 Non
2398 1857 2526 1912 illud
2554 1858 2731 1928 itaque
2760 1858 2909 1920 dicit.
2941 1859 3084 1929 quod
3109 1871 3364 1929 corrupta
3401 1859 3649 1931 dogmata

1993 2007 1998 2011 ,
2064 1947 2380 2008 inducerent
2408 1965 2422 2002 :
2451 1947 2545 2003 sed
2575 1948 2718 2019 quod
2755 1964 2918 2004 causa
2965 1960 3180 2020 propter
3205 1966 3365 2020 quam
3395 1952 3654 2021 pratdica-

2065 2039 2215 2107 bant,
2251 2040 2440 2096 vitiosa
2487 2050 2650 2096 esset.
2698 2040 2855 2096 Aliud
2882 2043 3079 2112 quippe
3125 2052 3209 2098 est
3251 2043 3651 2113 praedicationis

2065 2146 2280 2186 causam
2326 2131 2530 2199 dicere,
2568 2141 2622 2188 et
2656 2132 2800 2187 aliud
2843 2133 3025 2189 dicere
3069 2135 3507 2205 praedicationem
3548 2153 3654 2190 non

2063 2236 2251 2276 sanam
2279 2236 2421 2278 esse.
2456 2222 2606 2278 Tunc
2641 2224 2788 2279 enim
2815 2224 3057 2281 doctrina
3089 2242 3196 2281 non
3221 2236 3304 2282 est
3347 2242 3497 2294 sane,
3528 2245 3650 2284 eum

2065 2313 2314 2384 dogmata
2355 2330 2541 2371 errore
2581 2315 2738 2386 plena
2778 2326 2949 2382 sunt;
2984 2319 3198 2374 occasio
3221 2330 3400 2374 autem
3429 2335 3536 2374 non
3572 2333 3655 2374 est

2067 2421 2216 2475 sana,
2241 2423 2362 2464 eum
2389 2409 2634 2464 doctrina
2662 2411 2877 2480 quidem
2907 2428 3034 2466 sana
3055 2420 3158 2478 est,
3190 2413 3281 2484 qui
3309 2429 3434 2469 vero
3458 2415 3652 2483 praedi-

2067 2509 2212 2568 cant,
2247 2515 2352 2555 non
2383 2510 2607 2572 propter
2634 2501 2802 2556 Deum
2845 2503 3155 2572 praedicant,
3197 2503 3294 2558 sed
3318 2514 3411 2558 aut
3439 2513 3655 2575 propter

2068 2592 2420 2661 inimicitiam,
2450 2595 2538 2650 vel
2560 2593 2630 2649 ad
2657 2594 2884 2650 aliorum
2914 2595 3156 2666 gratiam.

2142 2684 2231 2740 l0.
2259 2684 2375 2740 Non
2415 2685 2595 2756 itaque
2620 2684 2752 2740 dicit
2802 2699 2898 2741 eos
2935 2684 3168 2742 haereses
3213 2686 3508 2753 induxisse,
3562 2688 3656 2742 scd

2071 2791 2176 2830 non
2200 2785 2347 2830 recta
2368 2776 2670 2842 occasione,
2697 2791 2796 2831 nec
2833 2777 3042 2846 pictatis
3056 2791 3219 2833 causa
3257 2778 3309 2833 id
3339 2779 3657 2850 praedicasse

2069 2868 2212 2937 quod
2241 2868 2618 2937 praedicabant.
2653 2868 2707 2922 Id
2749 2869 2947 2939 quippe
2999 2885 3104 2924 non
3141 2869 3262 2925 ideo
3307 2870 3550 2941 agebant,
3603 2883 3660 2924 nt

2065 2960 2400 3030 csattgcliunt
2427 2970 2700 3030 angerent,
2741 2960 2838 3017 sed
2891 2970 2949 3016 ut
2997 2961 3128 3016 illud
3167 2962 3557 3032 impugnat-ent,
3605 2977 3660 3018 et

2068 3053 2122 3106 in
2153 3053 2366 3123 gravius
2393 3051 2682 3121 perieulum
2709 3051 3040 3122 cenjicereut
3061 3070 3076 3106 :
3101 3053 3223 3107 ideo
3272 3053 3392 3108 illos
3431 3055 3656 3109 incusat.

2072 3146 2139 3199 lit
2178 3144 2297 3199 vide
2343 3159 2500 3213 quant
2533 3151 2782 3198 accurate
2808 3143 2934 3197 illud
2976 3142 3208 3212 proferat
3234 3162 3246 3196 :
3272 3137 3653 3207 Existimautés,

2071 3236 2262 3306 inquit,
2275 3250 2330 3290 se
2348 3251 2635 3306 praeturam
2653 3235 2840 3305 inferre
2856 3235 3066 3288 vinculis
3083 3236 3202 3288 meis
3219 3233 3506 3307 (Philippd
3522 3227 3654 3307 ,17).

2072 3333 2187 3388 Non
2216 3332 2369 3398 dixit,
2398 3331 2721 3397 inferentes;
2755 3329 2887 3397 sed,
2942 3328 3304 3384 Existimant“
3347 3347 3404 3384 re
3440 3331 3660 3400 inferre;

2069 3425 2124 3481 id
2167 3434 2271 3492 est,
2302 3425 2622 3480 arbitrantes
2651 3437 2666 3476 :
2691 3423 3000 3486 ostendens,
3032 3421 3240 3475 etiamsi
3285 3420 3360 3475 illi
3385 3420 3464 3475 sie
3509 3420 3658 3474 arbi-

2073 3527 2360 3584 trarentur,
2392 3533 2451 3573 se
2484 3525 2662 3571 tamen
2689 3531 2798 3572 non
2840 3517 2910 3570 ita
2942 3516 3190 3572 aliculam
3216 3530 3370 3580 esse;
3401 3515 3507 3569 into
3526 3531 3658 3585 gan-

2073 3611 2204 3667 derc
2231 3610 2301 3667 de
2329 3609 2727 3680 praediattionis
2765 3609 3115 3663 incremento.
3162 3607 3370 3676 Adiecit
3407 3621 3536 3676 ergo
3576 3607 3662 3661 di-

2074 3717 2205 3760 cens
2234 3722 2248 3757 :
2282 3701 2389 3758 Sed
2407 3711 2454 3757 et
2478 3702 2531 3755 in
2575 3701 2671 3754 hoc
2714 3698 2929 3771 gaudeo,
2966 3709 3018 3754 et
3049 3697 3275 3768 gaudebo
3301 3695 3424 3768 (Ib.
3445 3713 3492 3749 υ.
3532 3695 3659 3764 18).

2071 3795 2130 3852 Si
2154 3802 2332 3849 autem
2369 3807 2521 3848 error
2549 3790 2735 3846 luisset
2761 3791 2813 3844 in
2839 3788 3194 3859 degentibus,
3221 3797 3280 3841 et
3316 3787 3390 3842 illi
3429 3787 3663 3842 Itanveses

2071 3887 2428 3953 induxissent,
2459 3900 2568 3940 non
2588 3884 2846 3955 potuisset
2868 3881 3102 3952 gaudere
3125 3880 3341 3936 Paulus.
3371 3880 3504 3945 Quia
3535 3893 3664 3934 vero

2074 3994 2261 4036 sanum
2305 3987 2362 4034 et
2404 3992 2509 4033 non
2536 3974 2890 4031 adulteratam
2931 3973 3121 4043 dogma
3164 3982 3296 4036 erat,
3343 3971 3473 4027 ideo
3499 3971 3661 4040 dicit,

2077 4069 2303 4134 Gaudeo,
2328 4077 2374 4122 et
2398 4066 2652 4139 gaudebo.
2678 4063 2815 4132 Quid
2839 4063 3003 4130 enim,
3031 4063 3078 4118 si
3105 4063 3178 4117 illi
3205 4078 3268 4117 ex
3298 4062 3565 4117 inimicitia
3612 4064 3660 4115 id

2075 4170 2316 4233 agentes,
2377 4175 2438 4216 se
2484 4159 2536 4214 itt
2583 4157 2869 4230 perniciem
2915 4153 3247 4224 conjiciunt?
3292 4155 3358 4208 At
3399 4169 3527 4208 mea
3579 4155 3662 4209 vel

2079 4253 2227 4309 inviti
2279 4251 2569 4323 augebunt.
2611 4248 2804 4305 Viden’
2831 4256 3027 4321 quanta
3056 4246 3216 4303 fuerit
3267 4245 3415 4302 Pauli
3457 4246 3664 4300 virtus?

2075 4343 2344 4416 quomodo
2365 4342 2522 4397 nullis
2559 4339 2754 4397 diaboli
2794 4338 3054 4396 machinis
3075 4347 3264 4408 captus
3288 4337 3391 4392 sit?
3428 4337 3537 4392 Nec
3578 4352 3666 4390 so-

2077 4437 2185 4492 lum
2216 4449 2322 4488 non
2348 4441 2538 4502 captus
2557 4439 2660 4497 est,
2688 4429 2783 4484 sed
2812 4431 2973 4483 etiam
2994 4428 3182 4482 iisdem
3213 4428 3382 4495 ipsum
3405 4429 3666 4482 machinis

2078 4525 2236 4593 cepit.
2261 4524 2454 4594 lugens
2482 4521 2726 4592 profecto
2749 4528 2866 4575 erat
2901 4519 3098 4573 diaboli
3122 4516 3380 4584 valrities,
3407 4527 3462 4572 et
3503 4519 3664 4571 mini-

2077 4630 2309 4674 strorum
2335 4614 2452 4686 ejus
2494 4613 2764 4684 nequitia:
2798 4627 2920 4666 nam
2977 4625 3037 4666 se
3077 4609 3218 4664 idem
3268 4609 3440 4678 ipsum
3466 4611 3667 4663 sentire

2078 4711 2408 4772 simulantes,
2437 4707 2868 4778 praedicationem
2896 4705 3234 4773 exstinguere
3261 4702 3528 4757 volebant.
3558 4701 3665 4756 Sed

2082 4804 2179 4870 Qui
2220 4799 2599 4872 comprehendit
2642 4799 2892 4868 sapientes
2934 4796 2986 4850 in
3031 4798 3218 4849 astutia
3241 4812 3412 4850 eorum
3455 4799 3517 4867 (1
3544 4797 3663 4850 Cor.

2079 4897 2134 4950 '5.
2167 4895 2310 4964 19),
2341 4894 2391 4947 id
2445 4893 2558 4947 ﬁeri
2613 4907 2718 4946 non
2767 4891 3128 4960 permittebat.
3179 4889 3233 4944 Id
3289 4889 3464 4958 ipsum
3507 4906 3666 4960 porro

2079 4987 2364 5041 declarans
2391 4985 2581 5039 Paulus
2607 4983 2820 5037 dicebat
2854 4998 2868 5035 :
2900 4979 3212 5034 Permanere
3248 4991 3415 5034 autem
3439 4981 3490 5034 in
3515 4997 3666 5034 carne

2081 5079 2242 5149 magis
2266 5078 2601 5131 necessarium
2621 5083 2691 5128 est
2712 5082 2918 5143 propter
2936 5088 3026 5126 vos
3043 5087 3062 5135 ;
3081 5083 3138 5124 et»
3157 5074 3252 5126 hoc
3273 5073 3534 5141 conﬁdens
3562 5073 3667 5124 scio

2080 5171 2198 5240 quia
2221 5169 2448 5230 manebo,
2471 5176 2516 5221 et
2542 5167 2840 5237 permanebo
2863 5181 2976 5218 cum
2993 5164 3221 5217 euntibus
3242 5164 3378 5216 tabis
3405 5162 3663 5234 (Philipp.

2082 5264 2133 5317 1.
2160 5261 2250 5316 Si.
2275 5261 2401 5331 25).
2432 5259 2508 5313 llli
2534 5258 2794 5330 siquidem
2816 5273 2880 5311 ex
2911 5255 3154 5325 praesenti
3205 5255 3308 5308 vita
3338 5254 3536 5322 ejicere
3577 5269 3664 5307 me

2078 5352 2318 5422 cupiunt,
2368 5361 2423 5406 et
2473 5365 2537 5405 ea
2582 5349 2652 5404 de
2695 5363 2852 5403 causa
2886 5346 3015 5401 nihil
3055 5361 3162 5400 non
3188 5343 3453 5400 sustinent
3479 5361 3492 5396 :
3523 5344 3664 5398 Deus

385 5447 646 5500 Christum
665 5446 940 5517 prtedicant
967 5442 1227 5515 (Philipp.
1251 5440 1434 5511 1.15),
1465 5443 1706 5511 proprios
1736 5444 1973 5497 indicans
2080 5453 2256 5500 autem
2283 5441 2444 5498 vestri
2473 5455 2633 5496 causa
2664 5440 2714 5498 id
2746 5455 2853 5495 non
2877 5437 3167 5509 permittet.

387 5536 758 5602 adversarios;
787 5535 1008 5604 Quidam
1033 5544 1238 5606 propter
1274 5534 1451 5588 bonam
1479 5532 1784 5587 voluntatem
1817 5532 1971 5605 (1b.),

388 5630 457 5684 de
491 5631 603 5685 suis
632 5630 854 5700 loquens
899 5628 1195 5698 discipulis.
1235 5627 1435 5682 Deinde
1477 5641 1688 5682 rursum
1727 5625 1796 5681 de
1823 5629 1962 5682 illis:

390 5723 493 5778 Alii
510 5723 713 5793 quidem
741 5722 1153 5787 excontentione,
1185 5719 1385 5776 inimici
1428 5735 1640 5790 nempe,
1671 5736 1776 5776 non
1804 5733 1969 5798 caste,

394 5825 501 5865 non
525 5810 757 5877 sinccrc,
812 5815 906 5872 sed
931 5815 1292 5871 Existimantes
1333 5832 1386 5870 se
1412 5831 1696 5886 praeturam
1726 5805 1970 5871 suscitare

2154 5538 2240 5593 11.
2272 5537 2356 5591 Ad
2379 5536 2714 5608 precationem
2743 5535 2992 5587 hortatur.
3035 5529 3415 5586 Perseuerantia
3460 5533 3513 5582 in
3545 5545 3656 5599 pre-

2081 5629 2242 5683 cando
2275 5639 2520 5698 eumnam
2568 5627 2748 5680 valeat.
2800 5623 2940 5678 Deus
2977 5640 3066 5692 per
3118 5639 3208 5677 uos
3260 5633 3467 5693 rogatus
3503 5639 3665 5692 magna

2084 5719 2308 5786 exaudit,
2337 5735 2489 5788 quam
2518 5718 2561 5772 si
2594 5734 2681 5786 per
2703 5717 2832 5770 alios
2875 5731 3127 5785 rogemus.
3159 5743 3225 5754 -
3255 5714 3450 5768 llorutn
3483 5714 3660 5784 itaque

2083 5814 2319 5872 omnium
2347 5813 2628 5885 diligenter
2647 5809 3033 5877 recordamini;
3088 5818 3143 5864 ut
3186 5825 3280 5865 cos
3328 5808 3418 5878 qui
3460 5817 3679 5871 temere
