4060 6260
472 315 574 370 519

468 440 522 482 et
580 427 939 498 perfunctorie
1005 427 1290 498 Scripturis
1341 438 1560 484 utuntur
1636 430 1689 485 in
1763 428 2054 500 perniciem

471 521 733 586 prosimi,
779 535 900 575 cum
961 520 1106 574 omni
1154 520 1412 591 sapientia
1464 521 1750 576 emendare
1815 521 2053 576 valeatis.

472 611 770 665 Poterimus
815 619 992 666 autem
1045 620 1102 665 et
1139 612 1398 666 dictorum
1448 612 1780 677 meminisse,
1823 623 1878 666 et
1925 612 2057 666 alios

465 701 769 766 emendare,
821 701 864 756 si
909 701 974 756 ad
1020 701 1291 757 orationes
1331 718 1544 771 semper
1587 703 1971 772 confugiamus,
2003 711 2058 757 et

465 792 633 848 Deum
661 793 1026 861 Obsecremus,
1056 795 1146 864 qui
1176 794 1268 849 dat
1296 795 1516 850 verbum
1546 796 1841 864 sapientim,
1869 806 1926 850 ut
1963 795 2055 850 dct

461 889 673 942 auditus
717 888 1136 958 intelligentiam,
1185 897 1345 960 atque
1391 897 1693 944 accuratam
1721 897 1774 943 et
1804 888 2051 942 invictam

464 981 758 1050 spiritualis
816 980 974 1050 hujus
1015 980 1242 1051 depositi
1292 981 1605 1035 custodiam.
1637 980 1768 1034 Nam
1796 995 1916 1050 qua:
1945 995 2048 1034 nou

463 1086 744 1140 possumus
787 1087 931 1141 saepe
960 1073 1172 1142 proprio
1197 1072 1373 1126 studio
1400 1073 1673 1141 perﬁcere,
1720 1087 1781 1126 ea
1831 1086 2048 1141 precum

458 1164 659 1218 auxilio
696 1162 853 1220 facile
893 1166 1186 1234 poterimus
1224 1165 1462 1235 exsequi,
1493 1165 1561 1219 de
1590 1163 1839 1234 precibus
1861 1164 2050 1232 loquor

452 1259 707 1314 assiduis.
757 1259 983 1330 Semper
1027 1261 1170 1314 enim
1220 1268 1276 1315 ct
1324 1262 1440 1314 sine
1491 1258 1882 1314 intermissione
1931 1273 2051 1327 pre-

452 1349 683 1403 candum
705 1359 816 1416 est,
849 1351 962 1405 sive
988 1349 1107 1420 quis
1135 1351 1188 1404 in
1223 1349 1501 1414 aerumnis,
1543 1349 1657 1403 sive
1706 1349 1756 1402 in
1790 1349 2045 1417 tranquil-

455 1439 620 1502 litate,
653 1441 840 1496 sivein
860 1441 1268 1505 calamitatibus,
1301 1444 1412 1494 sive
1441 1441 1492 1493 iu
1521 1440 1675 1493 bonis
1702 1449 1962 1494 versetur.
1998 1438 2046 1494 Is

450 1531 542 1601 qui
572 1533 623 1586 in
651 1532 1033 1601 tranquillitate
1051 1541 1110 1586 et
1141 1531 1293 1586 bouis
1343 1531 1548 1594 multis,
1581 1539 1636 1583 ιιι
1663 1531 1776 1585 haec
1824 1530 2044 1584 immota

455 1623 715 1693 firmaque
745 1633 1022 1687 maneant,
1061 1631 1126 1679 et
1163 1638 1450 1692 numquam
1494 1622 1743 1678 exeidant
1792 1639 1804 1675 :
1858 1621 1946 1690 qui
1989 1621 2043 1675 in

452 1714 706 1767 aerumnis
727 1724 777 1769 et
819 1709 1018 1769 multis‘
1035 1713 1442 1778 calamitatibus,
1469 1722 1528 1768 ut
1553 1713 1831 1782 benignam
1853 1727 2043 1780 qnam-

451 1802 574 1857 dam
605 1805 1019 1860 vicissitudinem
1070 1805 1265 1870 videat,
1296 1815 1349 1859 et
1390 1805 1441 1858 iu
1468 1805 1711 1859 solatium
1741 1802 2038 1873 tranquilli-

455 1897 576 1949 tatis
604 1896 972 1952 transferatur.
1019 1896 1072 1950 Ιιι
1120 1897 1498 1965 tranquillitate
1538 1896 1637 1950 es?
1686 1895 1829 1965 Roga
1884 1895 2043 1963 igitur

451 1986 642 2054 Deum,
676 1997 732 2040 ut
759 1990 908 2042 ﬁrma
941 1988 1035 2044 tibi
1085 1998 1298 2042 maneat
1318 1986 1438 2042 tunc
1474 1987 1846 2056 tranquillitas.
1876 1985 2039 2039 Tem-

453 2087 708 2148 pestatcm
755 2079 904 2134 vides
945 2079 1314 2149 ingruentem?
1346 2078 1510 2132 Dcnm
1551 2076 1748 2132 obnixe
1794 2090 2035 2145 precare,

450 2179 507 2225 ut
532 2171 818 2240 procellam
837 2181 1060 2238 avertat,
1082 2180 1136 2226 et
1163 2171 1596 2240 tranquillitatem
1626 2185 1695 2225 ex
1725 2176 2039 2238 tempeatate

445 2261 622 2318 faciat.
654 2263 946 2319 Esauditus
975 2263 1068 2318 es?
1096 2263 1305 2318 Gratias
1326 2278 1424 2333 age
1445 2261 1584 2332 quod
1615 2262 1896 2317 exauditus
1939 2261 2033 2314 sis.

446 2353 560 2408 Non
591 2356 872 2409 exauditus
921 2355 1018 2411 es?
1065 2355 1357 2410 Persevera
1413 2361 1471 2408 ut
1519 2353 1838 2408 exaudiaris.
1888 2352 2037 2406 Licet

446 2443 591 2498 enim
612 2443 756 2499 Deus
800 2444 1001 2500 donum
1052 2445 1338 2515 aliquando
1385 2443 1617 2510 ditl'erat,
1655 2457 1766 2497 non
1814 2442 1935 2497 ideo
1980 2442 2033 2496 id

443 2531 568 2588 facit
588 2535 727 2604 quod
756 2535 878 2590 odio
907 2534 1098 2590 habeat
1120 2545 1213 2590 aut
1229 2546 1528 2600 aversetur,
1565 2537 1666 2590 sed
1723 2545 1776 2589 ut
1819 2549 2034 2604 procra-

441 2629 689 2682 stinaudo
723 2639 775 2684 te
804 2629 1000 2686 diutius
1025 2631 1165 2700 apud
1190 2645 1250 2686 se
1275 2629 1529 2695 detineat,
1583 2628 2029 2698 quemadmodum

443 2732 619 2789 patres
651 2721 810 2789 prolis
837 2731 1077 2776 amantes
1099 2760 1115 2787 ,
1147 2725 1234 2792 qui
1265 2721 1403 2775 dona
1430 2719 1725 2774 diﬁ‘ereudo
1754 2719 2029 2789 segniores

440 2811 578 2869 ﬁlios
599 2814 824 2869 solerter
843 2826 1037 2884 cogunt
1067 2814 1278 2868 assidue
1299 2829 1461 2884 penes
1500 2829 1559 2868 se
1583 2825 1743 2868 stare.
1788 2812 1906 2868 Non
1935 2811 2029 2866 tibi

436 2908 575 2977 apud
609 2908 772 2962 Deum
803 2909 1041 2978 patronis
1073 2915 1158 2962 est
1187 2921 1320 2976 opus
1339 2948 1355 2973 ,
1384 2921 1554 2975 neque
1599 2905 1764 2959 multa
1793 2904 2027 2959 circum-

439 3000 765 3061 cursatione.
797 3009 851 3054 nt
897 2999 1130 3054 adulcris
1182 2999 1332 3059 aliis;
1389 2997 1481 3052 sed
1522 2997 1731 3051 etiamsi
1785 2995 2027 3050 desertus

439 3102 767 3161 patronoque
793 3092 1076 3147 destitutus
1099 3092 1196 3159 sis,
1220 3099 1330 3146 tute
1378 3091 1542 3146 Deum
1573 3098 1820 3158 precatus
1841 3097 2026 3158 postu-

439 3181 603 3235 latum
625 3183 948 3252 assequeris.
979 3183 1184 3236 Non-ita
1224 3181 1362 3236 solet
1388 3196 1626 3234 annuere
1653 3179 1772 3234 aliis
1796 3195 1890 3249 pro
1929 3194 2026 3232 no-

441 3273 522 3327 bis
575 3271 872 3338 orantihus,
922 3283 982 3326 ut
1037 3273 1191 3326 nobis
1241 3272 1371 3340 ipsis
1412 3271 1768 3339 precantibus,
1815 3269 2024 3326 etiamsi

435 3365 728 3420 iuuttmeris
749 3366 916 3420 simus
947 3365 1098 3420 malis
1127 3365 1323 3419 onusti.
1350 3364 1486 3420 Nam
1509 3365 1552 3420 si
1586 3364 1846 3431 homines,
1885 3380 2020 3434 quos

436 3459 731 3515 innumeris
765 3459 997 3514 ltcsimus
1024 3458 1262 3526 oll‘eusis,
1294 3473 1414 3513 cum
1459 3458 1718 3513 matutino
1759 3468 2017 3527 tempore,

435 3550 678 3617 meridie,
702 3565 927 3622 vespere
956 3549 1164 3604 adimus
1212 3550 1356 3619 ipsos
1395 3548 1839 3619 indignabundus,
1889 3564 2020 3602 cnn-

434 3651 650 3712 spectns
675 3641 972 3712 frequentia
999 3650 1054 3696 et
1081 3640 1390 3696 assiduitate
1420 3641 1634 3694 tandem
1661 3639 1812 3694 facile
1839 3638 2020 3708 placa-

434 3750 586 3803 mus,
615 3735 782 3790 nmlto
810 3734 976 3806 magis
1004 3733 1056 3790 id
1084 3734 1224 3805 apud
1244 3723 1412 3790 Deum
1438 3733 1733 3804 contingat.

506 3828 594 3883 12.
626 3827 732 3884 Sed
761 3827 1008 3900 indignus
1042 3827 1144 3883 es?
1187 3827 1509 3882 Assiduitate
1553 3826 1744 3896 dignus
1796 3824 2015 3881 evadas.

432 3919 585 3987 Quod
607 3921 748 3975 enim
779 3920 1025 3990 indignus
1040 3921 1208 3989 possit
1227 3918 1535 3972 assiduitate
1556 3915 1746 3988 dignus
1767 3917 2015 3982 evadere,

429 4020 485 4065 et
504 4010 646 4082 quod
670 4025 763 4080 per
789 4025 887 4064 nos
929 4009 1120 4079 magis,
1161 4023 1318 4078 quam
1351 4023 1444 4077 per
1472 4007 1607 4061 alios
1636 4016 1853 4076 rogatus
1881 4007 2018 4062 Dens

430 4113 662 4168 annuat;
693 4101 940 4171 quodque
965 4101 1164 4154 donum
1190 4115 1333 4168 stepe
1358 4099 1586 4164 ditl‘erat,
1619 4115 1724 4152 non
1748 4109 1804 4153 ut
1826 4099 2018 4154 dubios

430 4195 593 4248 animi
639 4192 846 4256 reddat,
879 4202 932 4247 et
973 4192 1154 4246 vacuis
1198 4189 1442 4243 manibus
1485 4189 1759 4248 remittat:
1813 4191 1905 4244 sed
1961 4201 2017 4246 ut

435 4285 696 4355 majorum
753 4285 904 4338 nobis
932 4283 1192 4337 bonorum
1221 4290 1406 4336 auctor
1453 4282 1515 4338 sit
1543 4297 1560 4336 :
1588 4281 1722 4347 lucc,
1777 4283 2014 4354 inquam,

434 4378 530 4432 tria
563 4393 656 4447 per
684 4375 985 4446 parabolam
1035 4374 1191 4428 hodie
1237 4373 1385 4428 vobis
1431 4373 1620 4428 lectam
1649 4371 2017 4429 demonstrare

431 4477 689 4540 samgam.
747 4467 988 4523 Accessit
1041 4465 1108 4520 ad
1163 4466 1431 4520 Christum
1475 4465 1777 4520 Chanantea
1822 4481 2016 4536 rogans

432 4577 528 4631 pro
579 4561 682 4614 ﬁlia
725 4558 1047 4614 datmouium
1096 4557 1352 4622 habente,
1407 4557 1856 4626 vehementerque
1903 4559 2015 4612 cla-

430 4668 604 4718 mans,
629 4651 868 4706 Miserere
881 4651 999 4716 mei,
1023 4649 1260 4715 Domine,
1291 4651 1400 4717 ﬁlia
1429 4668 1537 4704 mea
1566 4651 1698 4704 male
1717 4669 1746 4703 a
1769 4653 2016 4706 dwmouio

429 4757 637 4802 vexatur
670 4745 895 4818 (Matth.
945 4745 1034 4800 15.
1087 4744 1214 4814 2‘2).
1264 4744 1345 4798 En
1394 4744 1687 4812 alienigena
1735 4745 1924 4800 mulier
1961 4754 2018 4802 et

429 4841 682 4904 barbara,
727 4838 1033 4899 Iudaeorum
1088 4837 1393 4906 reipublicae
1451 4845 1723 4892 extranea.
1779 4838 1847 4892 Et
1888 4839 2014 4908 quid

433 4933 570 4990 aliud
595 4943 729 4995 erat,
760 4947 916 5001 quam
945 4929 1116 4992 canis,
1139 4939 1194 4984 ct
1215 4929 1426 4998 indigna
1462 4946 1581 5000 qum
1603 4940 1840 5000 Optatum
1863 4946 2013 4986 asse-

422 5024 719 5094 queretur?
746 5021 868 5077 Non
901 5031 972 5076 est
1015 5021 1169 5084 enim,
1221 5021 1408 5089 inquit,
1441 5021 1626 5075 bonum
1655 5023 1882 5093 accipere
1919 5040 2014 5091 pa-

427 5134 540 5172 rtem
575 5115 816 5186 ﬁliorum,
868 5123 914 5167 et
958 5114 1082 5166 dare
1125 5113 1319 5166 catellis
1368 5111 1481 5176 (Ib.
1531 5130 1578 5167 υ.
1604 5112 1733 5179 26).
1763 5116 2015 5169 Attamen

430 5210 742 5267 assiduitate
762 5207 918 5278 digna
942 5206 1128 5262 evasit.
1158 5205 1342 5275 Neque
1370 5205 1511 5259 enim
1544 5214 1745 5259 tantum
1776 5206 1917 5260 illam
1963 5208 2014 5262 in

429 5301 658 5358 ﬁliorum
712 5300 1040 5354 nobilitatem
1096 5299 1292 5362 evexit,
1350 5311 1468 5365 quae
1527 5297 1678 5351 canis
1719 5307 1862 5360 erat;
1921 5299 2014 5353 sed

430 5396 589 5448 etiam
616 5391 798 5446 multis
819 5406 939 5446 cum
962 5387 1205 5444 laudibus
1225 5387 1448 5452 dimisit,
1477 5385 1660 5440 dicens
1687 5402 1701 5440 :
1737 5386 1782 5441 0
1800 5387 2018 5442 mulier!

427 5503 613 5556 magna
641 5495 714 5539 est
734 5484 860 5553 ﬁdes
883 5493 971 5536 tua
1001 5497 1020 5536 :
1037 5481 1126 5551 ﬁat
1147 5478 1237 5554 tibi
1261 5481 1387 5534 sicut
1407 5479 1478 5534 vis
1507 5477 1618 5546 (Ib.
1649 5495 1695 5534 υ.
1726 5479 1855 5550 28).
1883 5481 2017 5536 Cum

427 5586 606 5630 autem
650 5574 894 5630 Christus
945 5572 1114 5637 dicat,
1163 5571 1356 5642 Magna
1383 5581 1456 5626 est
1505 5571 1631 5640 ﬁdes
1659 5581 1766 5638 tua,
1812 5571 2016 5626 nullum

430 5665 572 5722 aliud
599 5681 806 5735 quieras
826 5665 968 5720 circa
1009 5663 1493 5733 magnanimitatem
1518 5663 1737 5730 hujusce
1781 5664 2019 5719 mulieris

427 5757 829 5820 argumentum.
858 5755 1106 5810 Vidistiu‘
1135 5755 1401 5824 quomodo
1429 5772 1490 5809 cx
1524 5755 1832 5811 assiduitate
1859 5757 2015 5826 digna

1189 315 1249 372 S.
1286 312 1567 371 JOANNIS
1604 311 2077 370 CHRYSOSTOMI
2114 313 2430 374 ARCHIEP.
2472 317 3004 380 CONSTANTIN‘OP.

3651 333 3759 389 520

2169 427 2302 482 facta
2330 429 2399 485 sit
2431 431 2639 499 mulier,
2665 450 2784 504 quae
2811 435 3022 507 indigna
3051 439 3198 508 prius
3224 439 3373 495 erat?
3405 442 3492 501 Vis
3542 445 3752 511 discere

2164 533 2261 574 nos
2286 521 2336 575 in
2365 522 2631 590 precando
2650 539 2746 594 per
2764 531 3119 600 nosmetipsos
3147 533 3266 602 plus
3283 538 3562 610 perﬁcere,
3589 563 3752 612 quam

2162 627 2259 707 per
2306 614 2476 669 alios?
2533 617 2795 674 Clamavit
2851 621 2984 687 haec,
3035 633 3091 679 et
3130 630 3446 687 accedentes
3501 638 3747 707 discipuli

2160 704 2408 799 ditt-erunt
2439 723 2454 760 :
2488 708 2694 763 Dimitte
2733 710 2895 778 illam,
2935 715 3054 782 quia
3095 719 3280 772 clamat
3329 734 3441 791 post
3487 743 3580 781 nos
3627 704 3744 799 Ib.

2159 812 2206 849 ιι.
2233 797 2341 868 9.5)
2375 816 2388 852 :
2421 809 2476 854 et
2501 800 2565 854 ad
2592 802 2713 857 illos
2738 805 2951 872 quidem
2981 811 3286 878 respondit,
3321 813 3440 869 Non
3481 835 3592 872 sum
3619 797 3747 876 mis-

2155 907 2246 985 sus
2289 893 2390 985 nisi
2439 895 2508 946 ad
2560 911 2692 962 oves,
2735 914 2848 968 qua:
2893 900 3166 969 perierunt,
3193 905 3376 960 domus
3423 908 3592 967 Israel
3619 914 3742 985 (Ib.

2155 998 2200 1035 υ.
2224 983 2326 1053 24)
2355 1005 2367 1040 :
2397 1001 2517 1041 cum
2552 997 2730 1043 autem
2777 991 2864 1043 illa
2909 1009 3001 1061 per
3039 995 3269 1064 seipsam
3297 1002 3519 1068 accedit,
3547 1014 3602 1060 et
3623 983 3744 1060 cla-

2157 1076 2353 1128 mando
2379 1082 2734 1146 perseveravit
2761 1082 2977 1147 dicens,
3017 1084 3204 1153 Etiam,
3251 1092 3482 1159 Domine,
3529 1113 3647 1151 nam
3693 1110 3744 1154 et

2154 1168 2322 1222 catelli
2339 1171 2494 1224 edunt
2520 1173 2584 1226 de
2609 1190 2784 1227 mensa
2804 1175 3122 1232 dominorum
3139 1196 3345 1236 suorum
3372 1185 3487 1256 (Ib.
3511 1204 3558 1242 ν.
3590 1191 3698 1263 27)
3721 1209 3739 1248 :

2155 1267 2280 1314 tunc
2316 1262 2538 1331 gratiam
2569 1266 2815 1333 contulit,
2861 1277 2916 1322 et
2966 1269 3133 1334 dixit,
3186 1271 3306 1326 Fiat
3339 1277 3440 1330 “tibi
3488 1281 3617 1334 sicut
3661 1262 3740 1338 eis

2153 1349 2268 1420 (Ib.
2373 1352 2498 1421 28).
2530 1353 2772 1409 Vidistin‘
2797 1359 3086 1426 quomodo,
3116 1377 3236 1416 cum
3261 1365 3334 1419 illi
3371 1380 3734 1443 precarentur,

2151 1441 2365 1509 repulit,
2397 1458 2517 1497 cum
2545 1455 2725 1499 autem
2777 1446 2863 1500 illa
2908 1464 3102 1504 munus
3125 1451 3406 1509 clamando
3430 1441 3731 1527 postulavit,

2149 1535 2371 1588 annuit?
2413 1535 2518 1590 Illis
2561 1538 2756 1607 quippe
2793 1540 2940 1606 dicit,
2993 1541 3116 1597 Non
3164 1563 3278 1599 sum
3319 1549 3500 1604 missus
3525 1556 3624 1607 nisi
3665 1559 3734 1612 ad

2149 1639 2281 1689 oves,
2325 1615 2439 1692 quia
2492 1628 2766 1696 perierunt,
2799 1630 2977 1686 domus
2999 1631 3194 1699 Israel;
3223 1623 3345 1694 huic
3365 1656 3512 1707 vero,
3542 1643 3734 1716 Magna

2147 1723 2220 1805 est
2241 1715 2366 1780 ﬁdes
2385 1725 2470 1769 tua
2493 1731 2513 1770 :
2543 1719 2632 1786 ραι
2654 1718 2745 1772 tibi
2769 1721 2898 1774 sicut
2925 1724 3014 1778 vis.
3043 1724 3110 1779 Et
3135 1727 3347 1796 quidem
3389 1732 3541 1788 initio
3588 1715 3727 1805 peti-

2149 1803 2307 1858 tionis
2355 1806 2483 1860 nihil
2522 1810 2833 1878 respondit:
2863 1813 2950 1867 ubi
2999 1823 3176 1870 autem
3220 1821 3418 1888 semel,
3447 1803 3640 1881 iterum
3680 1839 3736 1883 et

2147 1896 2304 1950 tertio
2331 1903 2576 1966 accessit,
2609 1910 2733 1956 tunc
2757 1903 2980 1972 gratiam
3009 1907 3263 1976 contulit;
3294 1925 3360 1965 ex
3401 1913 3506 1969 ﬁne
3529 1916 3734 1973 docens

2145 2003 2264 2054 nos,
2287 2003 2347 2044 se
2369 2005 2562 2046 tnunus
2588 1991 2879 2060 distulisse,
2910 2012 3016 2050 non
3046 2007 3102 2051 ut
3124 1998 3268 2053 illam
3303 2005 3608 2073 repelleret,
3635 2010 3733 2063 sed

2144 2089 2201 2135 ut
2256 2083 2410 2136 nobis
2474 2085 2722 2140 omnibus
2776 2088 3079 2155 patientiam
3133 2093 3370 2149 mulieris
3427 2097 3731 2155 exhiberet.

2139 2171 2274 2227 Nam
2291 2173 2335 2228 si
2361 2183 2418 2228 ut
2448 2174 2591 2229 illam
2644 2177 2925 2245 repelleret
2972 2178 3286 2248 distulisset,
3327 2201 3499 2256 neque
3528 2189 3579 2242 in
3623 2191 3736 2247 ﬁne

2140 2263 2462 2332 postulatum
2493 2264 2756 2332 dedisset;
2784 2268 2908 2337 quia
2948 2285 3077 2324 vero
3105 2280 3162 2326 ut
3194 2273 3584 2347 philosophiam
3610 2284 3732 2349 ejus

2138 2357 2388 2410 omnibus
2432 2355 2709 2412 exhiberet
2744 2360 3119 2429 eXSpectabat,
3166 2363 3288 2418 ideo
3337 2368 3558 2422 tacebat.
3589 2370 3728 2425 Nam

2137 2446 2182 2500 si
2208 2447 2387 2500 statim
2416 2463 2444 2498 a
2478 2448 2737 2518 principio
2766 2450 3076 2504 beneﬁcium
3102 2455 3439 2522 contulisset,
3486 2460 3730 2516 mulieris

2139 2537 2384 2590 virtutem
2399 2535 2869 2608 fortitudinemque
2884 2556 2991 2594 non
3015 2556 3308 2598 nossemus.
3335 2544 3539 2602 Dimitte
3552 2549 3724 2616 illam,

2136 2628 2415 2698 inquiunt,
2459 2628 2578 2697 quia
2622 2627 2808 2682 clamat
2847 2640 2960 2700 post
3009 2647 3121 2686 nos.
3173 2635 3310 2700 Quid
3370 2653 3496 2692 vero
3544 2640 3712 2694 Chri-

2133 2719 2290 2772 stus?
2350 2719 2452 2773 \"os
2493 2719 2689 2772 auditis
2714 2734 2897 2774 vocem
2916 2761 2933 2787 ,
2982 2736 3082 2791 ego
3124 2734 3356 2779 mentem
3383 2727 3536 2782 video
3565 2745 3580 2781 :
3608 2731 3732 2785 scio

2133 2809 2260 2879 quid
2311 2809 2515 2864 dictura
2562 2811 2652 2863 sit.
2721 2809 2858 2864 Nolo
2909 2811 3218 2867 thesaurum
3277 2814 3331 2869 in
3382 2829 3556 2874 mente
3603 2822 3728 2889 ejus

2134 2902 2464 2956 reconditum
2512 2901 2678 2958 latere
2715 2919 2728 2958 :
2755 2903 2848 2958 sed
2878 2915 3126 2974 exspecto
3155 2916 3210 2960 et
3237 2917 3408 2974 taceo,
3461 2919 3515 2964 ut
3545 2912 3726 2981 ipsum

2132 2994 2400 3050 detectum
2423 2995 2475 3049 in
2506 2996 2739 3050 medium
2767 2994 3059 3066 proferam,
3111 3005 3168 3050 et
3214 2999 3460 3055 omnibus
3487 3003 3725 3058 manife~

2129 3095 2272 3141 stum
2310 3087 2520 3141 faciam.

2201 3177 2290 3232 15.
2326 3176 2452 3232 lltcc
2477 3177 2635 3246 igitur
2664 3176 2839 3231 omnia
2867 3191 2986 3231 cum
3016 3177 3355 3234 didicerimus
3379 3221 3396 3246 ,
3428 3182 3635 3241 etiamsi
3665 3184 3722 3239 in

2129 3267 2363 3337 peccatis
2396 3265 2585 3332 simus,
2619 3276 2673 3322 et
2706 3266 2977 3321 beneﬂciis
3004 3267 3228 3338 indigni,
3257 3285 3323 3325 ne
3346 3271 3720 3341 deSperemus,

2127 3357 2359 3412 scientes
2387 3372 2485 3413 nos
2515 3372 2580 3411 ex
2625 3357 2787 3411 animi
2813 3357 3124 3413 assiduitate
3141 3374 3298 3428 posse
3317 3361 3504 3431 dignos
3531 3375 3725 3433 postu-

2127 3447 2249 3501 latis
2276 3447 2526 3502 evadere.
2561 3446 2708 3502 Licet
2734 3448 2850 3502 sine
2877 3449 3173 3517 patrocinio
3203 3465 3264 3504 ac
3294 3451 3491 3506 deserti
3522 3455 3719 3521 simus,

2126 3555 2196 3595 ne
2215 3541 2449 3594 anitnum
2482 3539 2928 3610 despondeamus,
2959 3540 3110 3610 gnari
3154 3557 3402 3610 magnum
3436 3543 3568 3598 illud
3594 3559 3722 3599 esse

2127 3629 2502 3699 patrocinium,
2535 3630 2579 3683 si
2605 3629 2724 3699 quis
2755 3645 2944 3700 magno
2977 3643 3097 3684 cum
3129 3630 3306 3684 studio
3335 3647 3429 3700 per
3480 3634 3718 3704 seipsutn

2124 3721 2190 3776 ad
2224 3721 2387 3775 Deum
2413 3721 2654 3776 accedat.
2674 3719 2727 3774 Si
2755 3735 2947 3774 munus
2973 3721 3216 3776 conferre
3242 3720 3452 3776 differat
3491 3732 3544 3777 et
3588 3739 3710 3793 pro-

2125 3812 2382 3867 crastinet
2403 3851 2416 3876 ,
2443 3827 2509 3866 ne
2536 3810 2902 3876 concidamus,
2930 3811 3159 3866 scientes
3190 3811 3329 3865 illaut
3353 3815 3711 3881 procrastina-

2127 3905 2327 3959 tionem
2365 3919 2508 3959 curze
2536 3913 2695 3974 atque
2718 3903 3058 3974 benignitatis
3087 3920 3205 3958 esse
3229 3915 3623 3974 argumentum.
3655 3909 3716 3962 Si

2123 3996 2176 4050 id
2204 4010 2516 4065 persuasum
2545 3995 2852 4061 habeamus,
2898 4005 2953 4049 et
3003 4011 3124 4049 cum
3170 3996 3348 4048 animo
3400 3996 3620 4052 dolente
3657 4012 3718 4052 et

2122 4085 2350 4154 fervido,
2381 4095 2537 4156 atque
2558 4087 2784 4142 excitata
2806 4085 3096 4149 voluntate,
3117 4087 3204 4140 tali
3227 4086 3452 4150 scilicet,
3497 4089 3712 4158 qualem

2123 4177 2308 4232 habuit
2337 4178 2601 4232 accedens
2621 4175 2940 4244 Chanantea,
2969 4186 3022 4230 et
3050 4189 3147 4231 nos
3175 4177 3345 4246 ipsum
3382 4177 3675 4233 adierimus
3696 4221 3713 4244 ,

2121 4271 2327 4326 etiamsi
2353 4285 2514 4326 canes
2542 4271 2730 4336 simus,
2759 4271 2966 4325 etiamsi
2997 4269 3206 4338 quidvis
3239 4285 3401 4338 grave
3431 4281 3715 4340 perpetra-

2121 4364 2376 4428 verimus,
2403 4372 2458 4417 et
2489 4373 2667 4416 nostra
2697 4361 2831 4416 mala
2861 4360 3196 4424 amoliamur,
3240 4369 3553 4431 tantumque
3575 4362 3710 4417 ﬁdu-

2119 4459 2216 4512 cia:
2243 4457 2585 4528 accipiemus,
2611 4466 2666 4509 ut
2685 4456 2806 4510 aliis
2826 4470 3034 4524 quoque
3054 4456 3375 4524 patrocinari
3401 4457 3671 4510 valeamus
3697 4473 3710 4509 :

2120 4546 2566 4618 quemadmodum
2591 4555 2646 4601 et
2666 4545 2962 4600 Chanana-a
2990 4561 3094 4599 nou
3122 4544 3297 4599 solum
3323 4547 3436 4614 ipsa
3463 4547 3712 4600 ﬁduciam

2119 4650 2172 4694 ct
2203 4639 2395 4693 multas
2423 4638 2606 4692 laudes
2625 4645 2952 4706 consequuta
2986 4645 3089 4701 est,
3119 4635 3213 4691 sed
3237 4637 3398 4690 etiam
3442 4636 3604 4691 tiliam
3632 4638 3718 4691 in-

2120 4730 2485 4785 tolerabilibus
2532 4729 2792 4784 molestiis
2853 4729 3060 4797 eripere
3111 4729 3300 4796 potuit.
3352 4728 3493 4782 Nihil
3545 4729 3716 4792 enim,

2121 4820 2253 4874 nihil
2305 4821 2484 4889 utique
2544 4820 2810 4888 potentius
2853 4828 2935 4873 est
2980 4819 3224 4873 oratione
3272 4820 3500 4874 ferventi
3554 4828 3720 4889 atque

2119 4912 2350 4968 sincera.
2377 4911 2501 4966 Hmc
2525 4922 2577 4965 et
2601 4910 2880 4980 prmsentia
2904 4909 3040 4964 mala
3057 4910 3232 4973 solvit,
3256 4919 3309 4963 et
3332 4925 3364 4964 a
3396 4909 3590 4965 futuris
3621 4911 3720 4964 illo

2121 5013 2361 5074 tempore
2406 5002 2679 5073 suppliciis
2731 5001 2906 5072 eripit.
2964 5000 3032 5057 Ut
3086 5001 3262 5069 itaque
3295 5010 3350 5056 et
3393 5009 3717 5070 pra-sentem

2122 5099 2283 5151 vitam
2332 5095 2536 5151 facilius
2591 5095 2980 5164 transigamus,
3033 5104 3088 5148 et
3153 5093 3283 5149 illuc
3340 5108 3462 5148 cum
3518 5093 3716 5148 ﬁducia

2119 5192 2393 5258 abcaums,
2417 5191 2582 5246 multo
2603 5191 2779 5246 studio
2805 5200 2858 5245 et
2879 5188 3152 5245 alacritate
3173 5191 3420 5261 precibus
3436 5204 3714 5245 vacemus.

2123 5283 2211 5340 Sic
2239 5286 2378 5339 cnim
2409 5285 2700 5354 poterimus
2725 5292 2781 5340 et
2822 5284 3104 5355 przesentia
3142 5281 3396 5353 consequi
3443 5281 3607 5348 bona,
3663 5293 3721 5337 et

2122 5377 2320 5447 Optima
2348 5391 2444 5446 spe
2470 5376 2570 5431 frui
2604 5394 2617 5431 :
2650 5392 2767 5447 quze
2796 5391 2894 5431 nos
2936 5391 3120 5431 omnes
3169 5376 3382 5445 assequi
3411 5375 3715 5444 contingat,

2120 5469 2311 5539 gratia,
2343 5468 2669 5538 benignitate
2719 5477 2773 5522 et
2808 5467 3275 5522 eutnmiseratione
3306 5465 3515 5519 Domini
3542 5467 3714 5519 nostri

2121 5565 2248 5622 Ιιιειι
2297 5563 2518 5630 Christi,
2565 5565 2779 5634 quicum
2819 5563 2985 5632 Patri,
3031 5579 3239 5635 unaque
3273 5563 3495 5634 Spiritui
3524 5574 3711 5618 sancto

2123 5660 2312 5732 gloria,
2343 5658 2536 5727 honor,
2556 5659 2855 5727 imperium,
2879 5658 2930 5714 in
2949 5658 3143 5714 siccata
3157 5659 3493 5716 saeculorum.
3515 5659 3706 5715 Amen.
