4060 6260
305 391 408 450 319

1469 393 1558 452 DE
1597 389 1962 452 PROFECTU
1991 389 2215 450 EVANG
2225 391 2380 450 ELII.

3441 374 3569 431 εεσ

305 510 412 566 τῶν
441 505 766 574 εἰρημένων,
787 505 878 559 καὶ
895 505 1116 577 ἐτέρους
1129 503 1396 575 διορθοῦν,
1414 503 1481 558 ἂν
1499 504 1580 566 είς
1607 501 1772 571 εὐχὰς
1793 499 1880 551 ἀεὶ
1981 501 2127 566 ἀξία,
2159 501 2354 565 ἀναξία
2385 495 2518 555 οὖσα
2543 501 2576 573 ή
2609 499 2744 571 γυνή
2767 516 2780 565 ;
2813 497 3000 552 Βούλει
3044 496 3235 568 μαθεῖν
3271 493 3368 577 κσςι
3389 493 3470 577 ὅτι
3490 488 3558 542 δι’

308 588 760 659 καταφεύγωμεν,
791 589 885 642 καὶ
912 589 1319 658 παρακαλῶμεν
1349 587 1444 640 τὸν
1488 587 1624 640 Θεὸν
1672 583 1765 637 τὸν
1805 581 1881 634 δι-

307 672 462 726 δόντα
491 671 644 738 λόγον
681 672 891 739 σοφίας,
926 671 1108 725 δοῦναι
1141 673 1240 726 καὶ
1276 670 1491 724 σύνεσιν
1529 667 1882 738 ἀκροάσεως,

309 757 403 808 καὶ¹
437 753 681 824 φυλακὴν
712 755 810 822 τῆς
842 755 1218 825 πνευματικῆς
1247 753 1450 824 ταύτης
1489 747 1882 822 παρακαταθή-

311 855 415 908 κης
436 837 639 908 ἀκριϐῆ
671 837 764 890 καὶ
791 837 1103 908 ἀχείρωτον,
1133 840 1200 890 Ἀ
1223 838 1332 908 γὰρ
1359 838 1460 889 οὐκ
1487 832 1741 903 ίσχύομεν
1759 831 1887 906 πολέ

311 919 470 982 λάκις
497 921 554 985 ἐξ
586 919 793 982 οἰκείας
831 919 1173 990 κατορθῶσαι
1203 919 1471 988 σπουδῆς,
1521 917 1696 969 ταῦτα
1729 914 1887 984 δυνη-

315 1005 519 1074 σόμεθα
546 1003 740 1057 ἀνύσαι
776 1003 1028 1074 εὐμαρῶς
1059 1003 1124 1056 δι’
1155 1003 1330 1073 εὐχῶν
1364 1015 1413 1068 ³,
1446 1001 1622 1073 εὐχῶν
1653 1000 1710 1053 δὲ
1744 997 1888 1067 λέγω

313 1085 421 1138 τῶν
437 1087 718 1156 διηνεκῶν.
745 1087 858 1138 Ἀεὶ
873 1087 981 1154 γὰρ
998 1086 1092 1138 καὶ
1110 1085 1466 1148 ἀδιαλείπτως
1486 1083 1736 1153 εὔχεσθαι
1759 1101 1886 1153 χρη,

314 1170 518 1222 καὶτὸν
551 1171 608 1222 ἐν
635 1169 843 1238 θλίψει,
875 1171 977 1238 καὶΔ
1005 1169 1095 1220 τὸν
1125 1171 1182 1220 ὲν
1213 1168 1416 1232 ἀνέσει,
1454 1168 1545 1220 καὶ
1573 1167 1665 1220 τὸν
1691 1169 1748 1218 ἐν
1781 1167 1890 1219 δει-

315 1255 445 1314 νοῖς.
479 1253 574 1304 καὶ
601 1252 693 1306 τὸν
725 1253 782 1304 ἐν
811 1233 1038 1317 ἀγαθόῖς
1063 1251 1213 1304 ὄντα·
1242 1251 1332 1305 τὸν
1367 1251 1465 1315 μὲν
1493 1253 1550 1302 ἐν
1583 1249 1765 1303 ἀνέσει
1798 1249 1892 1302 καὶ

315 1335 530 1398 πολλοῖς
554 1335 794 1403 ἀγαθοῖς,
817 1337 901 1388 ἵνα
927 1333 952 1372 1³
980 1335 1210 1404 ἀκίνητα
1238 1335 1330 1387 καὶ
1352 1332 1702 1402 ἀμετάϐλητα
1723 1331 1892 1385 ταῦτα

319 1419 458 1490 μένῃ
493 1419 590 1471 καὶ
622 1419 890 1487 μηδέποτε
937 1419 1238 1488 μεταπέσῃ·
1289 1417 1378 1470 τὸν
1417 1417 1473 1468 δὲ
1504 1419 1561 1469 ἐν
1601 1415 1772 1485 θλίψει
1802 1419 1894 1470 καὶ

316 1501 538 1566 πολλοῖς
565 1505 676 1566 τοῖς
697 1503 912 1564 δεινοῖς,
950 1501 1034 1554 ἵνα
1061 1501 1180 1555 τινὰ
1214 1501 1456 1572 χρηστὴν
1505 1499 1652 1570 αὐτῷ
1698 1499 1780 1570 ἴδῃ
1805 1516 1895 1568 γε·

315 1584 550 1654 νομένην
587 1585 906 1655 μεταϐολὴν,
935 1587 1026 1638 καὶ
1055 1588 1131 1646 είς
1152 1585 1394 1654 γαλήνην
1425 1582 1767 1654 παρηγορίας
1800 1599 1896 1651 με-

315 1667 590 1738 ταϐληθῇ.
644 1667 732 1719 Ἐν
755 1667 961 1740 γαλήνῃ
996 1663 1073 1730 εἷς
1102 1667 1310 1720 Οὐκοῦν
1334 1665 1640 1736 παρακάλει
1663 1665 1754 1716 τὸν
1767 1665 1900 1717 Θεὸν

318 1750 548 1820 βεϐαίαν
572 1767 651 1802 σοι
677 1749 855 1819 μένειν
877 1751 974 1821 τὴν
991 1750 1230 1820 γαλήνην
1247 1751 1466 1820 ταύτην.
1483 1748 1742 1818 Χειμῶνα
1763 1744 1900 1811 εἶδες

318 1831 737 1896 ἐπαναστάντα;
769 1832 1081 1902 Παρακάλει
1111 1833 1344 1896 ἐκτενῶς
1363 1832 1453 1884 τὸν
1485 1831 1619 1884 Θεὸν
1644 1831 1902 1901 παρενέγ-

318 1933 412 1970 και
436 1915 498 1968 τὸ
523 1913 830 1976 κλυδώνιον,
851 1915 943 1967 καὶ
967 1915 1207 1986 γαλήνην
1227 1915 1335 1968 ἀπὸ
1361 1915 1626 1986 χειμῶνος
1655 1915 1899 1984 ποιῆσαι.

332 1999 672 2069 Ἦκούσθης;
705 2001 828 2053 Ἐπὶ
865 1997 1041 2068 τούτῳ
1081 1999 1495 2070 εὐχαρίστησον,
1525 1999 1713 2070 ἐπειδὴ
1741 1999 1904 2068 ἡκού-

321 2083 475 2154 σθης.
499 2085 616 2137 Οὐκ
636 2083 943 2154 ήκούσθηςς
969 2083 1340 2153 Παράμεινον,
1361 2084 1446 2136 ἵνα
1473 2085 1764 2154 ἀκουσθῇς.
1788 2077 1934 2137 Κᾶν¹

323 2164 475 2238 [509]
530 2168 640 2236 γάρ
687 2167 1024 2236 ἀναϐάληταί
1079 2183 1208 2220 ποτε
1240 2167 1338 2236 τὴν
1382 2167 1528 2220 δόσιν
1554 2170 1582 2220 ὁ
1608 2167 1760 2232 Θεὸς,
1786 2167 1906 2236 οὐχὶ

325 2251 504 2320 μισῶν
545 2252 667 2304 οὐδὲ
698 2251 1210 2322 ἀποστρεφόμενος,
1245 2250 1383 2304 ἀλλά
1415 2253 1480 2321 τῇ
1519 2251 1773 2322 μελλήσει
1806 2251 1908 2322 τῆς

321 2332 528 2397 δόσεως
559 2333 824 2405 διηνεκῶς
845 2351 904 2386 σε
935 2334 1066 2404 παρ’
1085 2331 1262 2402 ἐαυτῷ
1286 2333 1536 2404 κατέχειν
1563 2333 1905 2404 βουλόμενος,

323 2417 584 2488 καθάπερ
617 2417 710 2470 καὶ
746 2418 985 2488 πατέρες
1013 2415 1360 2487 φιλόστοργοι
1401 2416 1636 2470 ποιοῦσι·
1669 2419 1762 2471 καὶ
1798 2418 1909 2489 γάρ

323 2499 531 2552 ἐκεῖνοι
559 2499 666 2552 τῶν
697 2499 1084 2569 ῥᾳθυμοτέρων
1116 2499 1321 2551 παίδων
1367 2499 1467 2570 τὴν
1495 2499 1716 2570 διηνεκῆ
1745 2517 1912 2572 προσ-

326 2582 546 2652 εδρείαν
578 2585 644 2652 τῇ
675 2583 774 2652 τῆς
804 2583 1001 2645 δόσεως
1037 2581 1268 2651 ἀναϐολῇ
1302 2581 1629 2650 σοφίζονται.
1656 2581 1734 2636 Οὐ
1753 2583 1912 2653 χρεία

329 2683 413 2719 σοι
451 2668 693 2738 μεσιτῶν
719 2667 810 2720 ἐπὶ
834 2665 928 2718 τοῦ
958 2665 1116 2730 Θεοῦ,
1141 2665 1262 2718 οὐδὲ
1296 2665 1498 2734 πολλῆς
1525 2667 1626 2736 τῆς
1655 2667 1912 2737 περιδρο-

331 2751 460 2820 μῆς,
497 2753 591 2802 καὶ
620 2749 714 2802 τοῦ
761 2748 1091 2802 κολακεῦσαι
1125 2749 1365 2818 ἐτέρους·
1400 2749 1538 2802 ἀλλὰ
1574 2749 1678 2802 κᾶν
1708 2751 1915 2822 ἕρημος

326 2831 417 2904 ᾗς,
456 2833 564 2886 κᾶν
596 2831 1055 2903 ἀπροστάτευτος,
1096 2831 1258 2894 αὐτὸς
1300 2832 1388 2884 διὰ
1427 2832 1624 2884 σαυτοῦ
1657 2848 1914 2902 παρακα-

329 2914 498 2978 λέσας
527 2915 616 2966 τὸν
637 2915 768 2967 Θεὸν
789 2909 1046 2984 ἐπιτεύξῃ
1076 2914 1311 2976 πάντως.
1327 2913 1444 2983 Οὐχ
1467 2913 1609 2965 οὕτω
1631 2913 1696 2964 δι’
1714 2914 1916 2985 ἐτέρων

330 2997 478 3067 ὑπὲρ
505 2996 662 3067 ήμῶν
695 2996 1182 3066 παρακαλούμενος
1211 2995 1478 3048 ἐπινεύειν
1509 2996 1722 3062 εἴωθεν,
1747 2998 1822 3060 ὡς
1849 2997 1914 3049 δι’

331 3083 494 3152 ήμῶν
515 3081 694 3134 αὐτῶν
711 3080 818 3132 τῶν
853 3079 1141 3148 δεομένων,
1175 3078 1273 3132 κᾶν
1311 3079 1520 3151 μυρίων
1544 3072 1694 3150 ὦμεν
1722 3081 1920 3150 γέμον-

329 3182 425 3227 τες
456 3163 668 3216 κακῶν.
703 3163 766 3214 Εἰ
795 3161 902 3232 γάρ
947 3163 1034 3213 ἐπ’
1065 3161 1368 3231 ἀνθρώπων
1409 3161 1512 3215 κᾶν
1553 3163 1721 3234 μυρία
1751 3181 1918 3235 προσ-

332 3245 702 3318 κεκρουκότες
729 3240 902 3316 ὦμεν,
937 3245 1065 3299 ὃταν
1099 3245 1194 3298 καὶ
1236 3245 1342 3298 ὐπὸ
1367 3245 1468 3317 τὴν
1496 3245 1592 3310 ἐω,
1621 3248 1716 3299 καὶ
1745 3247 1919 3318 μέσης

331 3331 572 3402 ἡμέρας,
604 3331 699 3382 καὶ
753 3331 824 3382 ἐν-
862 3329 1072 3400 ἑσπέρᾳ
1107 3327 1426 3397 φαινώμεθα
1450 3331 1564 3392 τοῖς
1607 3331 1747 3401 πρὸς
1773 3333 1920 3402 ἡμᾶς

331 3413 758 3482 λελυπη-μένοις,
793 3416 860 3484 τῇ
883 3413 1132 3484 συνεχείᾳ
1159 3417 1251 3467 καὶ
1267 3415 1336 3484 τῇ
1366 3412 1606 3484 διηνεκεῖ
1621 3415 1720 3484 τῆς
1743 3415 1920 3484 ὅψεως

339 3497 606 3567 συντυχίᾳ.
650 3497 996 3568 καταλύομεν
1047 3498 1244 3569 ῥᾳδίως
1297 3498 1479 3562 αὐτῶν
1526 3499 1626 3568 τὴν
1686 3499 1920 3570 ἔχθραν,

337 3581 524 3652 πολλῷ
552 3580 750 3651 μᾶλλον
781 3582 874 3633 ἐπὶ
897 3581 990 3632 τοῦ
1022 3579 1158 3634 Θεοῦ
1189 3581 1348 3634 τοῦτο
1379 3581 1572 3649 γένοιτ’
1593 3583 1680 3636 ἀν.

411 3665 500 3734 ιβ’.
523 3663 660 3717 Ἀλλ’
686 3663 902 3727 ἀνάξιος
925 3659 992 3730 εἷ;
1013 3663 1174 3716 Γενοῦ
1196 3666 1261 3732 τῇ
1283 3664 1920 3734 προσεδρείᾳᾶξιος.”οτι

336 3749 450 3819 γάρ
476 3749 569 3801 καὶ
596 3748 688 3799 τὸν
709 3747 924 3810 ἀνάξιον
943 3745 1166 3799 δυνατὸν
1186 3747 1335 3811 ἄξιον
1364 3747 1428 3799 ἐκ
1448 3748 1546 3817 τῆς
1563 3749 1922 3819 προσεδρείας

336 3831 620 3903 γενέσθαι,
655 3831 748 3884 καὶ
781 3831 847 3884 δι’
892 3829 1049 3902 ήμῶν
1075 3831 1252 3884 αὐτῶν
1286 3830 1518 3900 μᾶλλον,
1555 3831 1589 3902 ἢ
1619 3831 1684 3884 δι’
1721 3833 1922 3902 ἐτέρων

337 3913 834 3988 παρακαλούμενος
867 3915 895 3965 ό
928 3914 1060 3978 Θεὸς
1096 3913 1359 3976 ἐπινεύει,
1392 3913 1488 3968 καὶ
1521 3915 1605 3968 ὃτι
1648 3916 1748 3986 τὴν
1777 3916 1923 3970 δόσιν

338 3997 704 4056 ἀναϐάλλεται
737 3995 1020 4062 πολλάκις,
1051 3997 1149 4067 οὐχ
1182 3998 1330 4068 ἡμᾶς
1372 3997 1709 4070 ἐξαπορῆσαι
1740 3999 1926 4070 βουλό-

343 4099 531 4156 μενος,
558 4081 677 4136 οὐδὲ
711 4081 892 4143 κεναῖς
925 4079 1204 4150 ἐκπέμψαι
1231 4081 1440 4151 χερσὶν,
1486 4081 1599 4133 ἀλλ’
1633 4083 1718 4136 ἵνα
1747 4081 1927 4153 μειζό-

339 4185 454 4220 νων
483 4167 614 4236 ἡμῖν
639 4163 859 4231 ἀγαθῶν
897 4162 1066 4225 αἴτιος
1109 4164 1354 4234 γένηται·
1382 4164 1450 4216 τά
1480 4163 1604 4235 τρία
1641 4164 1814 4218 ταῦτα
1838 4166 1925 4219 διὰ

341 4250 442 4320 τῆς
468 4246 782 4317 παραϐολῆς
798 4247 896 4317 τῆς
922 4247 1164 4317 σήμερον
1194 4245 1633 4317 ἀναγνωσθείσης
1659 4248 1786 4318 ὑμῖν
1813 4267 1926 4302 πειο

347 4334 594 4406 ράσομαι
647 4333 868 4401 ποιῆσαι
922 4331 1153 4402 φανερά.
1203 4330 1483 4402 Προσῆλθε
1529 4331 1606 4400 τῷ
1643 4333 1862 4404 Χριστῷ
1891 4336 1926 4405 ἠ

347 4417 640 4470 Χαναναία
651 4417 792 4484 ὑπὲρ
817 4414 1083 4484 θυγατρὸς
1097 4414 1326 4483 δεομένη
1343 4414 1814 4484 δαιμονιζομένης,
1834 4417 1928 4470 καὶ

352 4501 538 4572 βοῶσα
571 4501 708 4572 μετά
745 4499 946 4568 πολλῆς
967 4499 1264 4561 ἐκτενείας,
1289 4498 1476 4566 φησίν·
1517 4498 1816 4566 Ἐλέησόν
1829 4519 1926 4568 με,

349 4585 554 4651 Κύριε,
586 4583 624 4648 ’ἡ
652 4581 914 4650 θυγάτηρ
953 4599 1072 4650 μου
1112 4579 1310 4644 κακῶς
1349 4580 1762 4648 δαιμονίζεται,
1796 4585 1928 4640 Ἰδοὺ

351 4666 650 4735 ἀλλόφυλος
676 4666 714 4735 ἡ,
737 4665 894 4735 γυνὴ,
925 4665 1020 4718 καὶ
1061 4665 1370 4736 βάρϐαρος,
1404 4665 1498 4718 καὶ
1527 4666 1626 4736 τῆς
1654 4667 1929 4735 πολιτείας

356 4752 456 4822 τῆς
503 4747 795 4816 Ἰουδαϊκῆς
827 4748 1002 4811 ἐκτός·
1021 4749 1129 4801 καὶ
1155 4749 1205 4801 τί
1230 4749 1336 4820 γὰρ
1366 4749 1554 4819 ἕτερον
1578 4749 1610 4819 ἣ
1640 4749 1806 4816 κύωνν
1836 4755 1931 4806 καὶ

359 4834 578 4899 ἀνάξιος
600 4831 693 4885 τοῦ
725 4831 909 4885 λαϐεῖν
942 4833 1042 4902 τὴν
1067 4831 1318 4902 αἴτησιν;
1359 4833 1439 4886 Οὐ
1469 4831 1578 4902 γάρ
1604 4836 1755 4894 ἐστι,
1776 4837 1928 4906 φησὶ,

354 4917 548 4971 καλὸν
580 4915 789 4970 ,λαϐεῖν
811 4913 917 4967 τὸν
946 4915 1127 4982 ἄρτον
1163 4914 1282 4968 τῶν
1316 4913 1564 4978 τέκνων,
1588 4915 1686 4969 καὶ
1719 4916 1930 4972 δοῦναι

359 5007 484 5073 τοῖς
510 5007 839 5074 κυναρίοις.
887 5006 1026 5058 Ἀλλ’
1066 5007 1215 5076 ὅμως
1262 5005 1370 5058 ἀπὸ
1423 5007 1524 5077 τῆς
1576 5008 1932 5079 προσεδρείας

357 5091 586 5159 γέγονεν
623 5088 768 5154 ἀξία.
795 5091 869 5143 Οὐ
900 5091 1010 5161 γὰρ
1035 5091 1194 5160 μόνον
1224 5092 1302 5152 εἰς
1341 5090 1438 5161 τὴν
1471 5091 1582 5143 τῶν
1611 5091 1816 5146 παίδων
1836 5093 1932 5145 αὐ-

358 5175 460 5244 τὴν
487 5174 770 5241 εὐγένειαν
792 5173 1074 5244 εἰσήγαγε,
1111 5171 1248 5225 κύνα
1275 5168 1470 5239 οὖσαν,
1501 5172 1638 5227 ἀλλὰ
1673 5175 1766 5228 καὶ
1797 5176 1934 5246 μετά

362 5256 574 5310 πολλῶν
601 5257 708 5310 τῶν
736 5255 1026 5325 ἐγκωμίων
1059 5254 1386 5326 ἐξέπεμψεν,
1425 5255 1614 5310 εἰπών·
1639 5253 1712 5310 τΩ
1737 5260 1934 5328 γύναι,

358 5340 594 5410 μεγάλη
639 5357 756 5395 σου
789 5341 828 5408 ἡ
863 5342 1089 5406 πίστις·
1113 5340 1422 5408 γενηθήτω
1471 5357 1570 5394 σοι
1597 5341 1678 5407 ὡς
1707 5344 1935 5408 θέλεις.

365 5423 602 5477 Ὄτανδὲ
617 5425 647 5476 ὀ
665 5424 702 5476 Χ
717 5425 896 5494 ριστὸς
918 5423 1072 5494 λέγῃ,
1098 5422 1339 5492 Μεγάλη
1359 5425 1395 5490 η
1419 5427 1644 5491 πίστις,
1670 5427 1937 5498 μηδεμίαν

364 5507 559 5577 ἑτέραν
589 5506 862 5574 ἀπόδειξιν
890 5507 1042 5577 ζήτει
1075 5505 1176 5576 τῆς
1217 5507 1620 5578 μεγαλοψυχίας
1663 5511 1759 5580 τῆς
1799 5512 1940 5565 κατὰ

361 5587 462 5658 τὴν
492 5594 745 5658 γυναῖκα.
783 5589 935 5655 Εἶδες
965 5589 1082 5653 πῶς
1114 5591 1178 5644 ἐκ
1201 5590 1304 5662 τῆς
1337 5591 1696 5662 προσεδρείας
1719 5593 1939 5662 γέγονεν

430 5744 456 5772 ⁸
485 5745 576 5792 ΜΗ
606 5747 665 5792 δι’
687 5747 958 5802 ἐντεύξεων.

429 5804 454 5846 δ
484 5805 598 5855 Mss.
624 5808 812 5869 ἀγαθοῖς
837 5810 1208 5872 φιλοιιμηθένια,
1239 5811 1328 5856 ἵνα.

1979 583 2137 652 ήμῶν
2161 583 2341 638 αὐτῶν
2387 572 2615 655 μᾶλλον,
2663 582 2696 653 ἥ
2745 582 2811 636 δι’
2862 581 3064 650 ἐτέρων
3115 572 3560 649 παρακαλοῦντες

1982 673 2144 724 αὐτὸν
2174 671 2441 742 ἀνύομενς
2476 669 2744 742 Ἔκραξεν
2782 667 2939 739 αῦτη,
2975 668 3070 720 καὶ
3094 660 3558 742 προσελθόντεςνοί

1989 753 2226 824 μαθηταὶ
2244 741 2510 822 λέγουσιν·
2554 741 2902 808 Ἀπόλυσον
2948 749 3176 816 αὐτὴν,
3223 747 3313 800 ὅτι
3368 741 3558 812 κράζει

1987 836 2238 890 ὄπισθεν
2265 836 2452 904 ἡμῶν·
2496 837 2592 890 καὶ
2637 835 2773 907 πρὸς
2808 835 2904 904 μὲν
2937 833 3184 894 ἐκείνους
3215 829 3400 900 φησὶν,
3439 827 3562 878 Οὐκ

1987 918 2362 986 ἀπεστάλην,
2388 922 2439 972 εὶ
2465 919 2547 988 μὴ
2575 919 2663 984 εὶς
2703 919 2774 970 τὰ
2803 918 3065 983 πρόϐατα
3099 913 3169 967 τὰ
3209 911 3566 967 ἀπολωλότα

1989 1003 2158 1056 οἴκου
2185 1001 2452 1070 Ἰσραήλ·
2477 1005 2564 1056 ὅτε
2598 1001 2656 1055 δὲ
2688 1001 2824 1070 αὐτὴ
2854 1001 2918 1053 δι’
2953 999 3152 1066 ἑαυτῆς
3177 995 3446 1067 προσῆλθε
3469 991 3568 1045 καί⁵

1990 1085 2222 1155 ἐπέμενε
2259 1086 2458 1156 βοῶσα,
2501 1085 2595 1138 καὶ
2636 1085 2887 1151 λέγουσα·
2937 1083 3071 1142 Ναὶ,
3110 1083 3304 1146 Κύριε,
3337 1077 3568 1146 καὶγὰρ

1991 1171 2063 1223 τὰ
2085 1169 2336 1238 κυνάρια
2363 1171 2552 1224 ἐσθίει
2597 1168 2716 1222 ἀπὸ
2751 1167 2860 1235 τῆς
2891 1164 3180 1234 τραπέζης
3207 1162 3322 1216 τῶν
3347 1161 3571 1227 κυρίων

1993 1252 2211 1306 αὐτῶν·
2242 1254 2362 1306 τότε
2389 1252 2487 1324 τὴν
2537 1253 2696 1323 χάριν
2727 1252 2915 1316 ἔδωκε,
2951 1251 3047 1303 καί
3065 1265 3218 1319 φησι·
3249 1243 3572 1312 Γενηθήτω

1995 1353 2088 1390 σοι
2123 1337 2204 1402 ὡς
2242 1337 2454 1402 θέλεις.
2496 1333 2648 1398 Εἶδες
2677 1335 2817 1398 πῶς,
2851 1336 2938 1388 ὅτε
2972 1333 3068 1403 μὲν
3093 1334 3289 1386 ἐκεῖνοι
3323 1327 3575 1398 παρεκά-

1993 1421 2138 1482 λουν,
2164 1419 2530 1490 διεκρούσατο·
2562 1421 2649 1472 ὅτε
2683 1419 2738 1472 δὲ
2768 1420 2960 1489 αὐτὴή
2997 1416 3222 1488 δεομένη
3249 1415 3344 1484 τῆς
3365 1413 3575 1482 δωρεᾶς

1996 1505 2244 1575 ἐϐόησεν,
2280 1503 2606 1570 ἐπένευσεν;
2648 1503 2906 1564 Ἑκείνοις
2945 1503 3043 1572 μὲν
3080 1501 3190 1571 γάρ
3236 1515 3418 1570 φησιν,
3452 1497 3575 1548 Οὐκ

1997 1587 2380 1654 ἀπεστάλην,
2407 1589 2458 1640 εί
2474 1586 2559 1658 μὴ
2584 1589 2671 1652 εἰς
2701 1587 2772 1640 τὰ
2799 1587 3067 1654 πρόϐατα
3102 1583 3172 1636 τὰ
3221 1580 3587 1635 ἀπολωλότα-

1998 1673 2167 1726 οἷκου
2220 1671 2500 1738 Ἰσραήλ·
2555 1669 2730 1742 ταύτῃ
2770 1669 2827 1722 δὲ
2885 1665 3040 1731 εἷπε,
3090 1665 3334 1734 Μεγάλη
3384 1678 3501 1716 σου
3536 1663 3574 1728 ἡ

1999 1755 2221 1819 πίστις·
2259 1751 2560 1823 γενηθήτω
2601 1767 2699 1806 σοι
2723 1753 2802 1818 ὡς
2841 1751 3052 1816 θέλεις.
3089 1749 3256 1803 Πάλιν
3291 1745 3440 1816 παρά
3478 1743 3577 1813 μὲν

2000 1837 2097 1908 τὴν
2125 1837 2298 1908 ἀρχὴν
2328 1837 2422 1888 καὶ
2461 1837 2517 1888 ὲν
2544 1835 2815 1906 προοιμίῳ
2843 1835 2940 1904 τῆς
2973 1835 3238 1902 αἰτήσεως
3267 1829 3419 1882 οὐδὲν
3470 1828 3581 1880 ἀπ·-

2001 1921 2272 1993 εκρίνατο’
2313 1919 2498 1990 ἐπειδὴ
2533 1918 2682 1991 [510]
2716 1919 2772 1972 δὲ
2805 1917 2897 1972 καὶ
2927 1915 3180 1982 ἆταξκαὶ
3206 1913 3455 1980 δεύτερον
3490 1908 3582 1962 καὶ

2003 2007 2124 2076 τρὶς
2156 2005 2448 2076 προσῆλθε,
2483 2006 2604 2057 τότε
2633 2005 2731 2075 τῆν
2765 2003 2926 2074 χάριν
2953 2001 3139 2062 ἔδωκε,
3166 1997 3252 2051 διά
3277 1995 3370 2048 τοῦ
3394 1993 3584 2076 τέλους

2005 2075 2152 2160 ἡμᾶς
2187 2075 2410 2153 πείθων,
2428 2089 2509 2142 δτι
2543 2090 2643 2157 τὴν
2669 2089 2814 2142 δόσιν
2842 2085 3154 2146 ἀνεϐάλετο,
3177 2081 3275 2149 οὐχ
3311 2079 3395 2130 ἵνα
3414 2075 3583 2160 αὐτὴν

2005 2173 2416 2244 διακρούσηται,
2433 2173 2545 2226 ἀλλ’
2565 2173 2652 2228 ἵνα
2674 2175 2838 2226 πᾶσιν
2862 2173 2992 2241 ήμῖν
3012 2166 3159 2237 δείξῃ
3182 2165 3281 2235 τὴν
3308 2158 3590 2231 ὑπομονὴν

2007 2259 2107 2327 τῆς
2145 2257 2421 2327 γυναικός.
2459 2258 2522 2310 Εἰ
2583 2257 2692 2328 γάρ
2728 2257 2814 2309 ἵνα
2852 2255 3024 2325 αὐτὴν
3061 2247 3448 2320 διακρούσηται
3493 2244 3587 2328 ἀν.-

2008 2325 2266 2406 εϐἀλετο,
2311 2343 2420 2394 οὔδ’
2463 2339 2530 2395 ἂν
2563 2325 2697 2412 πρὸς
2733 2339 2811 2410 τῷ
2845 2338 2988 2391 τέλει
3034 2335 3262 2388 ἔδωκεν·
3305 2329 3490 2398 ἐπειδὴ
3528 2325 3594 2379 δὲ·

2009 2431 2238 2502 ἀνέμενε
2267 2431 2436 2496 δεῖξαι
2463 2432 2628 2484 πᾶσιν
2653 2430 2822 2499 αὐτῆς
2839 2428 2937 2497 τὴν
2963 2422 3299 2495 φιλοσοφίαν,
3322 2421 3410 2474 διὰ
3430 2415 3590 2470 τοῦτο

2011 2519 2190 2586 ἐσίγα.
2229 2515 2292 2570 Εἰ
2324 2517 2432 2588 γάρ
2463 2517 2665 2579 εὐθέως
2710 2515 2878 2567 ἔδωκε
2923 2512 3017 2565 καὶ
3049 2509 3202 2580 παρὰ
3253 2507 3350 2576 τὴν
3388 2502 3596 2588 ἀρχὴν).

2011 2605 2112 2659 οὐκ
2139 2605 2205 2659 ἂν
2240 2587 2484 2674 ἔγνωμεν
2524 2604 2620 2672 τὴν
2649 2602 2902 2671 ἀνδρείαν
2951 2599 3051 2667 τῆς
3097 2595 3374 2665 γυναικός.
3431 2587 3591 2646 Ἁπό-

2011 2697 2210 2747 λυσον
2232 2692 2446 2758 αὐτὴν,
2509 2691 2691 2760 φησιν,
2737 2688 2826 2742 ὅτι
2879 2683 3072 2755 κράζει
3106 2685 3357 2737 ὄπισθεν
3400 2677 3591 2748 ἡμῶν.

2015 2781 2081 2834 Τί
2113 2781 2170 2834 δὲ
2211 2783 2238 2833 ό
2269 2779 2541 2854 Χριστός;
2589 2778 2776 2849 Ὑμεῖς
2808 2773 2988 2846 φωνὴν
3011 2770 3258 2832 ἀκούετε,
3283 2767 3393 2837 ἐγὼ
3417 2767 3474 2820 δὲ
3494 2764 3594 2854 τήν

2013 2866 2249 2920 διάνοιαν
2279 2852 2409 2937 ὁρῶ·
2442 2861 2556 2917 οἶδα
2580 2865 2630 2917 τί
2664 2864 2844 2934 μέλλει
2880 2861 3080 2928 λέγειν.
3113 2859 3186 2912 Οὐ
3220 2856 3478 2928 βούλομαι
3499 2852 3592 2905 τὸν

2017 2952 2469 3022 ἐγκεκρυμμένον
2491 2953 2660 3022 αὐτῆς
2691 2953 2756 3021 τῇ
2797 2951 3006 3019 διανοίᾳ
3051 2945 3323 3018 θησαυρὸν
3376 2942 3594 3009 ἀφεῖναι

2017 3039 2218 3104 λαθεῖν,
2245 3039 2357 3092 ἀλλ’
2392 3039 2643 3108 ἀναμένω
2665 3039 2758 3089 καὶ
2785 3037 2941 3104 σιγῶ,
2975 3037 3061 3088 ἵνα
3088 3033 3251 3087 αὐτὸν
3279 3027 3594 3096 ἐκκαλύψας

2018 3130 2099 3191 είς
2117 3127 2179 3179 τὸ
2221 3127 2381 3198 μέσον
2413 3125 2761 3194 καταθῶμαι,
2787 3125 2882 3177 καὶ
2918 3127 3050 3176 πᾶσι
3091 3122 3302 3190 ποιήσω
3339 3114 3593 3187 φανερόνι

2073 3223 2160 3285 ιγ’.
2180 3215 2345 3269 Ταῦτ’
2361 3211 2452 3268 οὖν
2470 3214 2686 3268 ἅπαντα
2707 3214 2991 3285 μαθόντες,
3019 3211 3192 3264 κᾶνέν
3205 3205 3597 3278 ἁμαρτήμασιν

2019 3302 2189 3378 ὦμεν,
2223 3307 2317 3360 καὶ
2344 3305 2436 3359 τοῦ
2463 3305 2646 3358 λαϐεῖν
2697 3301 2929 3368 ἀνάξιοι,
2983 3301 3059 3385 μὴ
3103 3295 3596 3366 ἀπογινώσκωμεν,

2020 3395 2225 3459 εἰδότες
2247 3397 2416 3465 ὅτιτῇ
2444 3393 2768 3466 προσεδρείᾳ
2790 3391 2891 3462 τῆς
2927 3382 3103 3460 ψυχῆς
3134 3382 3477 3456 δυνησόμεθα
3505 3395 3602 3449 γε-

2019 3483 2208 3539 νέσθαι
2238 3482 2338 3552 τῆς
2366 3483 2633 3552 αἰτήσεως
2681 3479 2840 3546 ἄξιοι.
2879 3478 2996 3532 Κᾶν
3038 3474 3468 3546 ἀπροστάτευτοι
3503 3469 3600 3522 καὶ

2021 3572 2217 3643 ἔρημοι
2250 3563 2418 3638 ὦμεν.
2447 3569 2520 3639 μὴ
2552 3565 3008 3636 ἀπαγορεύωμεν,
3041 3561 3239 3622 εἰδότες
3267 3561 3349 3612 δτι
3385 3555 3596 3643 μεγάλη

2023 3641 2349 3730 προστασία,
2379 3657 2440 3708 τὸ
2462 3654 2625 3708 αὐτὸν
2669 3655 2735 3706 δι’
2777 3651 2974 3706 ἑαυτοῦ
3004 3647 3326 3721 προσελθεῖν
3367 3641 3445 3714 τῷ
3477 3641 3598 3712 Θεῷ

2027 3747 2164 3816 μετὰ
2195 3743 2501 3814 προθυμίας
2523 3741 2746 3811 πολλῆς.
2777 3739 2895 3794 Κᾶν
2935 3737 3104 3809 μέλλῃ
3128 3735 3224 3790 καὶ
3263 3731 3598 3800 ἀναϐάληται

2024 3833 2160 3904 πρὸς
2187 3831 2286 3901 τὴν
2305 3830 2467 3893 δόσιν,
2496 3829 2568 3899 μὴ
2598 3830 2989 3896 ἁναπέσωμεν,
3020 3823 3283 3894 μαθόντες
3307 3821 3389 3872 ὅτι
3415 3819 3448 3887 ή
3475 3816 3600 3904 μέλε·

2023 3903 2178 3990 λησις
2213 3919 2305 3974 καὶ
2336 3915 2570 3986 ἀναϐολῆ
2593 3913 2916 3984 κηδεμονίας
2939 3912 3032 3964 καὶ
3052 3907 3242 3980 φιλανθ
3253 3907 3460 3978 ρωπίας
3483 3903 3600 3956 ἐστὶ

2022 4009 2344 4078 τεκμήριον.
2364 4007 2462 4058 Ἂν
2489 4003 2661 4066 οὐτως
2699 3996 2848 4072 ὧμεν
2883 3998 3206 4059 πεπεικότες
3233 3994 3476 4056 ἑαυτοὺς,
3505 3991 3601 4045 καὶ

2029 4097 2168 4167 μετά
2181 4095 2362 4165 ψυχῆς
2377 4093 2547 4146 όδυνω
2554 4092 2723 4163 μένης
2740 4091 2832 4143 καὶ
2845 4088 3055 4160 θερμῆς
3069 4087 3162 4139 καὶ
3172 4085 3428 4153 διεγηγερ
3435 4081 3602 4151 μένης

2028 4183 2420 4258 προαιρέσεως,
2455 4181 2550 4234 καὶ
2574 4179 2830 4248 τοιαύτης
2852 4179 2970 4240 οἵας
2994 4177 3026 4246 ἡ
3062 4173 3342 4258 Χαναναία
3365 4168 3596 4258 προσῆλ-

2028 4272 2139 4333 θεν,
2169 4269 2318 4341 αὐτῷ
2335 4268 2648 4342 προσίωμεν
2671 4266 2960 4337 καὶὴμεῖς,
2989 4263 3091 4317 κάν
3123 4261 3282 4324 κύνες
3311 4253 3480 4330 ὦμεν,
3500 4257 3602 4310 κᾶν

2027 4357 2204 4412 ὁτιοῦν
2227 4357 2578 4428 εἰργασμένοι
2617 4353 2809 4414 δεινὸν,
2844 4353 2938 4406 καὶ
2959 4351 3026 4404 τά
3060 4352 3235 4404 οίκεῖα
3267 4346 3604 4418 ἀποκρουσό-

2033 4446 2174 4518 μεθα
2217 4443 2384 4505 κακά,
2416 4443 2509 4494 καὶ
2535 4440 2804 4509 τοσαύτην
2849 4437 3128 4508 ληψόμεθα
3155 4437 3487 4507 παρρησίαν,
3529 4433 3604 4495 ὡς

2030 4533 2124 4586 καὶ
2156 4531 2357 4602 ἐτέρων
2395 4527 2718 4600 προστῆναι·
2765 4525 2822 4577 ὃν
2873 4525 3074 4595 τρόπον
3121 4523 3216 4575 καὶ
3269 4521 3406 4589 αῦτη
3431 4521 3464 4590 ή
3492 4521 3605 4572 Χα-

2030 4618 2225 4672 ναναία
2249 4617 2309 4670 οὐ
2337 4615 2496 4686 μόνον
2539 4613 2678 4684 αὐτὴ
2715 4609 3028 4681 παρρησίας
3060 4607 3334 4660 ἀπέλαυσε
3367 4605 3461 4657 καὶ
3500 4621 3604 4672 μυ-

2035 4705 2165 4778 ρίων
2193 4701 2503 4773 ἐγκωμίων,
2523 4699 2657 4752 ἀλλὰ
2675 4701 2770 4752 καὶ
2794 4697 2854 4751 τὸ
2874 4697 3164 4767 θυγάτριον
3189 4694 3296 4746 τῶν
3313 4691 3605 4778 ἀφορήτων

2035 4777 2254 4864 ἴσχυσεν
2287 4789 2592 4860 ἐξαρπάσαι
2630 4783 2837 4840 δεινῶν.
2883 4784 3049 4836 Οὐδὲν
3079 4782 3188 4852 γὰρ
3208 4824 3222 4843 ,
3263 4779 3413 4834 οὐδὲν
3440 4777 3604 4848 εὐχῆς

2032 4879 2398 4948 δυνατώτερον
2425 4874 2827 4947 πεπυρωμένης
2857 4871 2948 4924 καὶ
2968 4869 3216 4940 γνησίας.
3243 4867 3390 4937 Αὕτη
3423 4867 3516 4919 καὶ
3537 4866 3605 4918 τά

2035 4971 2279 5043 παρόντα
2305 4965 2508 5020 διαλύει
2533 4964 2700 5028 δεινὰ,
2727 4964 2822 5014 καὶ
2845 4961 2954 5013 τῶν
2994 4961 3113 5013 κατ’
3142 4961 3347 5010 ἐκεῖνον
3376 4956 3468 5010 τὸν
3489 4973 3608 5009 και-

2037 5041 2129 5136 ρὸν
2157 5057 2561 5130 συμϐαινόντων
2586 5051 2886 5124 ἐξαρπάζει
2925 5050 3221 5103 κολάσεων.
3255 5048 3352 5100 "lv’
3386 5041 3479 5100 οῦν
3513 5046 3607 5098 καὶ

2034 5134 2124 5205 τὸν
2148 5146 2391 5217 παρόντα
2443 5142 2556 5213 βίον
2593 5143 2711 5212 μετ’
2746 5138 2999 5201 εὐκολίας
3037 5137 3398 5206 διανύσωμεν,
3449 5134 3609 5188 κάκεῖ

2041 5236 2176 5310 μετά
2207 5231 2518 5304 παρρησίας
2546 5229 2888 5298 ἀπέλθωμεν,
2913 5225 3080 5295 πολλῇ
3116 5223 3316 5293 σπουδῇ
3349 5223 3445 5276 καὶ
3477 5239 3608 5310 προ-

2038 5309 2208 5394 θυμία
2229 5319 2431 5388 ταύτην
2461 5316 2863 5386 ἐπιτελέσωμεν
2887 5312 3174 5384 διηνεκῶς.
3209 5311 3364 5366 Οὐτω
3384 5311 3492 5380 γὰρ
3520 5309 3613 5362 δν-

2038 5410 2314 5484 νησόμεθα
2341 5409 2432 5461 καὶ
2460 5405 2567 5460 τῶν
2614 5403 2992 5472 ἀποκειμένων
3033 5401 3217 5484 τυχεῖν
3246 5397 3486 5466 ἀγαθῶν,
3515 5399 3610 5451 καὶ

2037 5477 2146 5549 ’τῶν
2176 5477 2426 5565 χρηστῶν
2464 5487 2758 5543 ἀπολαύειν
2783 5485 3034 5540 ἐλπίδων·
3067 5477 3141 5538 ῶν
3169 5483 3378 5552 γένοιτο
3403 5484 3611 5546 πάντας

2042 5581 2187 5652 ήμᾶς
2217 5576 2510 5644 ἐπιτυχεῖν,
2535 5573 2718 5645 χάριτι
2747 5573 2841 5627 καὶ
2873 5570 3252 5642 φιλανθρωπίᾳ
3278 5569 3371 5623 καὶ
3404 5573 3610 5640 οἰκτιρ-

2047 5648 2164 5748 μοῖς
2180 5663 2296 5748 ’τοῦ
2332 5662 2544 5748 μυρίον
2611 5661 2798 5748 ήμῶν,
2823 5660 2998 5748 Ἰηστοῦ
3025 5657 3328 5748 ’Χριστοξῇ⁵
3343 5747 3363 5748 η
3385 5659 3503 5748 μεθ’
3541 5648 3616 5748 3E

2043 5728 2355 5814 δτῷςΙΙατρὶ
2412 5728 2528 5814 ἅμα
2575 5728 2664 5814 τῷ
2705 5731 2846 5814 ἀγίοε
2885 5728 3396 5814 ’Πνεύματιηδόξω
3440 5728 3620 5799 τιμὴ,⁵

2047 5801 2242 5875 κράτος
2269 5801 2346 5869 εἰς
2379 5801 2505 5866 τοὺς
2544 5801 2743 5867 αἰῶνας
2774 5801 2882 5856 τῶν
2905 5801 3132 5856 αἰώνων.
3183 5801 3378 5871 Ἀμήν,
