4060 6260
382 551 637 567 ——-——

536 557 1557 577 ΖΜ*
676 557 697 558 ν
705 557 710 558 ⁷
1562 557 1824 569 .__.—_——.—

1482 346 1546 402 IN
1589 342 1816 409 ILLUD,
1858 340 2067 396 VlDUA
2107 334 2477 393 ELIGATUR.

1728 522 3072 549 MM”

3490 324 3525 378 3

3533 323 3600 376 2'2

2268 550 2416 561 .a—a-‘u-

1513 862 1587 922 IN
1630 857 2010 920 HOMILIAM
2048 854 2143 915 DE
2185 851 2460 913 VlDUlS.

372 1137 522 1191 illam
556 1128 879 1189 sententiam
912 1124 1225 1195 scrupulum
1269 1118 1601 1189 injiciemus.
1652 1116 1874 1171 Certum
1921 1120 2005 1165 est
2039 1107 2489 1178 Chrysostomum
2541 1116 2685 1157 anno
2730 1099 2947 1153 ineunte
2988 1094 3091 1150 587
3122 1110 3231 1148 non
3274 1108 3479 1163 paucas
3512 1092 3612 1147 ha-

373 1256 560 1311 buisse
594 1250 886 1308 conciones
906 1246 978 1302 de
1005 1240 1284 1314 ὁμοουσίῳ
1313 1248 1368 1295 et
1397 1246 1586 1295 contra
1610 1236 1947 1289 A-nomoeos:
1986 1244 2088 1283 nec
2130 1228 2307 1281 minus
2337 1232 2548 1280 eertum
2594 1218 2772 1275 solere
2815 1216 3264 1286 Chrysostomum
3311 1214 3613 1282 praeterita-

374 1383 497 1423 rum
524 1365 852 1421 concinnum
876 1358 1223 1415 meminisse:
1250 1370 1319 1408 an
1348 1367 1475 1408 vero
1510 1349 1825 1419 contingere
1856 1342 2068 1416 potuit,
2106 1350 2167 1395 ut
2197 1341 2410 1409 vigente
2441 1334 2529 1388 illa
2560 1329 2952 1401 disceptatione
2981 1336 3167 1381 contra
3203 1322 3521 1385 Anommos,
3558 1322 3611 1373 in

374 1482 523 1538 nulla
562 1483 818 1534 harumce
846 1490 1037 1530 novem
1060 1472 1429 1535 homiliarum,
1460 1483 1581 1539 qua:
1604 1466 1723 1522 sine
1764 1462 1933 1518 dubio
1961 1461 2099 1514 inter
2131 1454 2396 1511 llomilias
2428 1459 2616 1507 contra
2660 1448 2958 1502 AllOlﬂtBOS
2986 1439 3315 1497 intermixta:
3350 1434 3572 1490 fuerunt
3596 1476 3610 1500 ,

374 1597 423 1651 si
458 1596 553 1650 illo
577 1609 720 1648 anno
749 1593 908 1648 dictis
939 1590 1161 1656 fuerim,
1203 1592 1267 1642 de
1308 1586 1397 1640 illa
1427 1582 1799 1641 controversia
1850 1590 2093 1647 unquam
2139 1568 2489 1630 tueminerit?
2536 1565 2648 1625 ilac
2682 1563 2815 1618 mihi
2861 1575 3001 1617 nova
3053 1558 3279 1615 suborta
3330 1550 3615 1610 dubitandi

364 1724 568 1774 causa,
595 1706 771 1761 animi
802 1704 1013 1777 pendeo
1041 1701 1215 1757 donec
1240 1683 1371 1769 quid
1396 1696 1599 1751 certius
1628 1701 1890 1762 emergat.

449 1846 828 1916 lnterpretatio
863 1842 1056 1899 Latina
1084 1850 1167 1897 est
1188 1836 1477 1894 Frontonis
1502 1833 1705 1888 Ducaei.

361 2696 556 2741 unus
601 2690 915 2735 summa
961 2686 1084 2731 non
1129 2682 1322 2726 uiuus
1367 2675 1721 2723 senapin
1766 2668 2071 2716 annorum
2121 2647 2204 2728 (1.
2252 2646 2413 2708 Tim.
2455 2644 2514 2704 5.
2550 2642 2682 2724 9);
2730 2660 2811 2711 ετ
2854 2658 2936 2699 οε
2981 2653 3349 2697 uaenonuu
3395 2650 3631 2693 succa-

1434 2776 1652 2830 noue,
1700 2773 1774 2816 sc
1816 2772 1900 2814 me
1944 2766 2357 2811 ELEEMOSYNA
2403 2745 2514 2827 (α).

1687 2940 1918 2950 ___—__-—_—

438 3058 490 3110 1.
540 3053 794 3124 (Σοῃηεωίο
837 3046 1164 3102 dicendorum
1211 3057 1327 3095 cum
1371 3046 1520 3093 antea
1570 3036 1741 3090 dictis.
1791 3033 1949 3086 Arma

361 3149 631 3203 viduarum
696 3159 810 3215 qua:
864 3143 1081 3195 sint.—
1114 3132 1461 3191 Commodum
1505 3127 1670 3183 divini
1719 3125 1947 3194 Spiritus

362 3241 532 3310 gratia
562 3238 878 3306 disponente
905 3230 1146 3300 contigit,
1180 3237 1237 3282 ut
1260 3228 1306 3281 is
1338 3224 1493 3278 vobis
1528 3221 1834 3292 apostolica:
1864 3220 1946 3272 lo-

362 3345 459 3385 cus
502 3326 762 3397 cpistolze,
800 3338 959 3394 quem
1002 3320 1260 3375 hodierno
1286 3316 1372 3372 die
1410 3314 1707 3379 audivistis,
1741 3311 1946 3380 legere-

363 3429 450 3476 tur
477 3438 492 3475 :
522 3419 680 3473 habet
719 3415 861 3471 enim
900 3428 1020 3467 enm
1047 3413 1109 3466 iis
1132 3426 1250 3480 qua:
1277 3424 1444 3477 nuper
1470 3405 1721 3469 diximus,
1748 3417 1950 3472 cogna-

367 3515 565 3568 tionem
609 3518 664 3565 et
699 3507 1086 3564 cormexionem
1130 3502 1269 3557 haud
1315 3499 1670 3561 mediocrem,
1702 3496 1745 3549 si
1774 3495 1949 3548 minus

367 3604 422 3658 in
468 3604 664 3666 verbis,
710 3608 857 3655 certe
903 3599 954 3650 in
998 3593 1295 3649 sententiis.
1344 3591 1456 3645 lloc
1497 3591 1639 3644 enim
1671 3587 1799 3641 illud
1844 3594 1946 3650 est,

369 3695 511 3765 quod
540 3707 707 3759 nuper
734 3689 1023 3758 legebatur,
1052 3685 1129 3739 De
1158 3683 1515 3738 dormientibus
1538 3693 1706 3735 autem
1728 3678 1845 3733 nolo
1865 3694 1952 3732 vos

365 3788 616 3856 ignorare,
639 3783 823 3853 fratres
845 3777 1102 3852 (LTIiess.
1132 3777 1186 3829 4.
1221 3774 1308 3847 12)
1334 3792 1348 3827 :
1379 3785 1434 3828 et
1477 3773 1544 3828 de
1561 3771 1951 3827 resurrectione

366 3875 530 3929 multa
563 3882 671 3927 tum
702 3888 730 3924 a
760 3871 913 3925 nobis
954 3876 1081 3924 sunt
1123 3866 1283 3931 dicta,
1332 3878 1485 3933 mquo
1525 3864 1704 3916 animo
1734 3860 1951 3915 ferenda

366 3981 488 4020 esse
528 3964 666 4018 mala
708 3959 993 4032 ejusmodi,
1035 3958 1248 4027 Deoqne
1291 3955 1489 4026 gratias
1534 3953 1805 4024 agendas,
1860 3951 1949 4020 qui

368 4052 696 4131 propinquos
723 4066 934 4110 nostros
950 4053 1049 4107 sibi
1075 4057 1389 4106 assumeret.
1418 4047 1585 4101 Hodie
1605 4061 1732 4100 vero
1756 4045 1950 4099 lectum

368 4161 450 4206 est
475 4150 654 4206 istud:
697 4146 862 4202 Vidua
908 4145 1122 4216 eligatur
1166 4158 1267 4195 non
1296 4140 1459 4194 minus
1500 4137 1761 4209 sexaginta
1788 4152 1948 4189 anno-

367 4259 482 4296 rum
532 4241 630 4315 (1.
662 4239 796 4295 Tim.
830 4236 1013 4307 5.9).
1064 4234 1288 4304 Quando
1341 4232 1501 4302 igitur
1551 4245 1620 4285 ex
1673 4229 1955 4285 occasione

371 4333 561 4388 mortis
584 4331 815 4386 viduitas
849 4329 1038 4390 oritur,
1067 4336 1123 4381 et
1149 4326 1250 4379 hoc
1286 4333 1389 4390 est,
1427 4322 1568 4393 quod
1596 4324 1825 4374 maxime
1852 4318 1953 4373 do-

372 4426 540 4481 lorem
588 4433 768 4494 auget,
814 4437 878 4476 ac
921 4420 1120 4474 luctum
1161 4417 1386 4481 excitat,
1429 4427 1697 4468 memores
1745 4425 1953 4474 eorum,

371 4535 492 4589 qua:
518 4533 688 4587 nuper
711 4531 741 4569 a
768 4514 921 4569 nobis
958 4512 1096 4565 dicta
1141 4517 1264 4563 sunt
1292 4507 1358 4561 ad
1387 4520 1479 4559 eos
1508 4504 1598 4574 qui
1630 4505 1807 4572 lugent
1830 4516 1956 4555 con-

372 4611 645 4674 solandos,
672 4623 840 4679 eaque
866 4619 1077 4660 summo
1102 4599 1277 4657 studio
1297 4597 1669 4666 suscipientes,
1693 4596 1743 4648 in
1767 4602 1976 4647 vestra}.

373 4706 570 4759 mentis
596 4699 967 4771 promptuariis
991 4697 1081 4749 illa
1106 4691 1399 4748 recondite.
1432 4688 1563 4743 Nam
1591 4687 1817 4741 viduitas
1845 4684 1961 4755 qui-

375 4796 497 4850 dem
545 4791 862 4847 calamitatis
902 4803 1021 4842 esse
1051 4799 1243 4839 nomen
1271 4782 1497 4843 videtur,
1530 4777 1623 4833 sed
1650 4788 1823 4831 tamen
1854 4790 1958 4828 non

258 4911 277 4923 κ
375 4896 478 4952 est,
522 4895 708 4939 verum
739 4880 986 4951 dignitas,
1019 4878 1215 4943 honor,
1254 4884 1308 4929 et
1337 4873 1505 4944 gloria
1544 4871 1807 4935 maxima;
1853 4884 1959 4921 non

375 4977 744 5048 opprobrium,
773 4973 866 5028 sed
880 4986 1097 5027 corona.
1117 4969 1266 5023 Licet
1295 4967 1435 5020 enim
1462 4964 1709 5019 maritum
1740 4978 1844 5015 non
1870 4961 1965 5013 ha-

378 5072 523 5137 heat,
548 5084 669 5123 cum
694 5083 800 5137 quo
821 5065 1042 5129 habitet,
1070 5061 1225 5117 vidua
1250 5078 1265 5115 :
1296 5050 1471 5113 tamen
1501 5055 1769 5112 Christum
1807 5053 1966 5107 habet

376 5178 501 5217 cum
533 5174 640 5231 quo
665 5157 886 5223 habitet.
915 5175 948 5213 a
966 5168 1073 5225 quo
1097 5154 1361 5215 universa.
1388 5166 1507 5222 qua:
1537 5149 1802 5218 ingruant,
1827 5146 1963 5200 mala

382 5251 776 5324 propulsentur.
820 5249 1030 5306 Sufﬁcit
1057 5246 1199 5301 enim
1229 5245 1354 5299 dum
1386 5243 1590 5313 injuriis
1631 5245 1854 5297 vexatur
1882 5241 1963 5292 vi-

378 5346 507 5411 dua,
560 5357 618 5398 ut
669 5343 917 5405 introeat,
966 5354 1106 5408 genu
1156 5336 1352 5401 ﬂectat,
1401 5335 1594 5389 acerbe
1634 5333 1963 5403 ingemiscat,

382 5448 644 5509 Iaerymas
688 5434 894 5497 fundat,
940 5441 994 5486 et
1030 5445 1213 5485 omnes
1240 5427 1459 5483 insidias
1482 5442 1689 5489 eorum,
1719 5441 1747 5478 a
1775 5424 1967 5495 quibus

378 5539 623 5593 visitatur,
665 5526 907 5593 repellat.
957 5521 1227 5592 Ejusmodi
1273 5521 1415 5576 enim
1444 5534 1589 5573 arma
1618 5525 1740 5571 sunt
1769 5515 1962 5580 vidum,

381 5618 654 5692 Iacrymaa,
682 5618 930 5686 gemitus,
976 5630 1038 5670 ac
1084 5626 1271 5685 preces
1294 5608 1522 5665 assidua:
1558 5625 1573 5663 :
1602 5624 1699 5679 per
1720 5607 1834 5662 haec
1861 5621 1967 5662 non

387 5749 525 5877 mgis)
552 5747 728 5804 Coilata
765 5762 879 5799 cum
900 5753 1004 5798 Mss.
1046 5753 1161 5810 Reg.
1188 5744 1341 5804 19-75,
1376 5745 1430 5794 et
1461 5737 1757 5793 cobertinis
1787 5739 1883 5792 970
1914 5744 1969 5793 et

1924 2912 2101 2967 om-

2112 2932 2325 2941 “.-

2062 3031 2319 3085 htnnanas
2365 3039 2566 3084 tantum
2616 3028 2855 3098 injurias,
2901 3027 2994 3083 sed
3037 3028 3338 3083 da-tnonum
3369 3029 3527 3083 etiam
3558 3031 3640 3084 in-

2054 3138 2242 3179 cursus
2264 3123 2459 3193 poterit
2478 3119 2985 3191 propulsare.Vidua
3006 3136 3032 3172 a
3052 3120 3395 3176 smculairilius
3418 3122 3643 3190 negotiis

2055 3214 2306 3271 immunis
2350 3223 2452 3280 est,
2500 3214 2566 3268 ad
2612 3216 2801 3269 ciuium
2845 3224 3022 3268 autem
3072 3214 3325 3283 deinceps
3352 3215 3558 3270 tendit:
3587 3225 3645 3271 et

2055 3308 2198 3379 quod
2235 3323 2359 3378 erga
2400 3309 2570 3361 virum
2611 3305 2845 3367 studium
2870 3314 2925 3359 et
2947 3306 3147 3360 cultum
3184 3304 3487 3368 exhibebat,
3519 3323 3641 3361 eum

2057 3400 2110 3454 in
2140 3414 2225 3454 res
2263 3399 2570 3468 Spiritualcs
2607 3405 2784 3466 potest
2820 3396 3146 3466 impendere.
3181 3396 3332 3462 Quod
3376 3397 3424 3450 si
3468 3385 3639 3463 dicas,

2056 3489 2183 3544 olim
2214 3504 2325 3544 rem
2369 3488 2525 3542 istam
2566 3488 2922 3542 calamitatem
2952 3487 3133 3551 fuisse,
3168 3494 3277 3539 tum
3309 3486 3434 3540 illud
3472 3489 3640 3557 subji-

2058 3581 2216 3646 ciam,
2259 3587 2485 3632 mortem
2533 3592 2744 3646 quoque
2780 3575 3114 3630 maledicum:
3142 3574 3306 3630 fuisse
3334 3592 3347 3628 :
3377 3586 3556 3631 tamen
3585 3580 3636 3631 in

2058 3671 2316 3726 htmorem
2341 3685 2404 3723 ac
2431 3668 2739 3737 dignitatem
2766 3682 3020 3721 convvrsa
3050 3676 3135 3723 est
3163 3666 3244 3720 his
3269 3670 3355 3736 qui
3383 3667 3644 3737 patienter

2057 3761 2274 3816 tulerint
2303 3760 2663 3816 invadenlcm.
2709 3759 2797 3814 Sic
2827 3759 3077 3813 nimirum
3102 3766 3159 3812 et
3198 3770 3461 3829 martyres
3485 3773 3641 3812 coro-

2058 3864 2273 3922 nantur,
2300 3854 2593 3926 eademque
2622 3853 2827 3908 ratione
2855 3852 3011 3907 vidua
3037 3868 3299 3907 summam
3325 3853 3389 3905 ad
3420 3852 3646 3922 dignita-

2058 3959 2168 4004 tem
2197 3947 2457 4002 evehitur.

2129 4040 2184 4094 9..
2230 4039 2320 4094 Vis
2358 4039 2673 4109 intelligere,
2714 4050 2908 4109 quanta
2939 4055 3024 4094 res
3051 4040 3119 4095 sit
3164 4041 3360 4097 vidua?
3387 4059 3545 4114 quam
3576 4046 3644 4101 sit

2058 4131 2201 4202 apud
2244 4131 2409 4186 Deum
2440 4130 2642 4185 honore
2679 4131 2859 4201 digna,
2902 4142 2957 4186 et
2979 4147 3185 4199 amore,
3219 4144 3379 4203 utque
3404 4150 3642 4190 Stttlltntt-
3720 4167 3731 4172 ~

2062 4238 2189 4294 pere
2217 4238 2316 4277 suo
2342 4225 2510 4294 possit
2533 4222 2673 4293 apud
2700 4224 2864 4278 Deum
2896 4225 3188 4293 patrocinio
3210 4226 3415 4294 juvare,
3442 4238 3496 4283 et
3523 4244 3643 4284 rum

2062 4317 2291 4386 priumm
2314 4314 2634 4384 apparuerit,
2669 4315 2779 4385 jam
2823 4315 3122 4381 damnatos,
3152 4318 3386 4372 animum
3416 4317 3649 4389 despon-

2062 4408 2282 4469 dentes,
2321 4405 2530 4461 hiscere
2576 4421 2681 4459 non
2722 4407 3014 4471 audentes,
3062 4407 3279 4475 odiosus
3324 4410 3453 4475 Deo,
3497 4412 3643 4466 omni

2062 4497 2424 4552 excusationis
2467 4512 2562 4566 Spe
2604 4497 2859 4566 spoliatos
2908 4497 3155 4564 liberare,
3188 4515 3249 4553 ac
3280 4502 3643 4569 rer0nciliare,

2064 4604 2237 4658 neque
2264 4588 2470 4644 veniam
2495 4598 2696 4643 tantum
2725 4587 3015 4657 impetrare
3033 4598 3087 4642 et
3114 4590 3373 4659 supplicio
3388 4591 3645 4659 eximere,

2064 4682 2158 4736 sed
2188 4692 2242 4737 et
2267 4683 2483 4736 multam
2508 4681 2748 4736 fiduciam
2796 4696 2859 4736 ac
2905 4682 3241 4751 splendorem
3270 4684 3565 4751 acquirere.
3596 4699 3650 4742 et

2066 4775 2196 4830 solis
2215 4775 2375 4829 radiis
2406 4775 2647 4843 puriores
2671 4772 2915 4834 reddere.
2946 4773 3068 4828 licet
3098 4774 3335 4827 omnium
3362 4778 3470 4829 s‘nt
3503 4792 3642 4828 niur-

2067 4868 2248 4923 talium
2294 4866 2678 4921 sordidissimi‘l
2724 4864 2859 4920 Audi
2908 4865 3075 4919 Deum
3123 4864 3294 4934 ipsum
3334 4865 3548 4920 Juda'es
3575 4869 3652 4923 sic

2066 4960 2423 5029 alloquentem
2451 4976 2465 5013 :
2499 4956 2624 5011 Cum
2650 4957 2970 5012 cxtenderitis
2999 4973 3177 5010 manus
3196 4966 3404 5022 vestras,
3429 4967 3650 5012 avertam

2069 5052 2242 5106 oculos
2267 5066 2401 5103 meos
2427 5066 2459 5102 a
2481 5049 2659 5105 vobis:
2682 5049 2727 5102 si
2757 5048 3205 5118 multiplicaveritis
3230 5048 3531 5113 orationem,
3554 5065 3653 5103 non

2070 5146 2338 5201 exaudiam
2388 5159 2474 5197 vos
2513 5158 2534 5196 :
2570 5158 2750 5201 manus
2802 5141 2934 5195 enim
2980 5152 3155 5198 vestri:
3190 5144 3439 5213 sanguine
3489 5145 3656 5211 plene

2069 5244 2186 5293 sunt
2212 5234 2366 5309 (Isai.
2398 5234 2589 5305 1.15).
2613 5236 2860 5289 Attamen
2906 5232 2990 5288 his
3042 5234 3317 5289 sceleratis
3354 5232 3655 5299 homiciths,

2073 5329 2275 5400 pudore
2317 5327 2551 5393 sull'usis,
2595 5327 2881 5399 ignominia
2921 5325 3118 5382 notatis
3158 5340 3218 5380 se
3256 5323 3656 5381 reconciliatum

2072 5423 2137 5477 iri
2166 5420 2464 5491 pollicetur,
2490 5420 2535 5473 si
2556 5419 2757 5475 aliectis
2784 5418 2974 5487 injuria
2994 5417 3169 5472 viduis
3186 5415 3440 5471 ancilium
3464 5413 3653 5470 feratit.

2076 5513 2359 5582 Postquam
2406 5511 2548 5566 enim
2593 5510 2748 5574 dixit,
2792 5509 3027 5563 Avertam
3074 5506 3245 5562 oculos
3287 5522 3442 5567 meos.
3488 5515 3660 5560 etnon

2072 5604 2365 5671 exaudiam,
2418 5602 2629 5672 inquit:
2667 5599 2905 5656 Judicate
2927 5600 3157 5672 pupillo,
3186 5608 3231 5653 et
3268 5598 3554 5669 justiﬁcate
3582 5599 3656 5650 ui-

2030 5738 2035 5744 .
2074 5698 2248 5763 duum,
2277 5708 2322 5753 et
2350 5704 2527 5762 venite,
2580 5705 2626 5751 et
2675 5697 3026 5763 disputemus;
3052 5704 3099 5747 et
3152 5694 3196 5748 si
3236 5695 3421 5764 fuerint
3460 5702 3659 5761 peccata

2073 5799 2236 5846 vestra
2275 5790 2429 5860 quasi
2463 5788 2794 5859 phoenicenm,
2839 5787 2966 5842 sicut
3014 5787 3171 5840 nivem
3211 5782 3573 5850 dealbaban.
3606 5782 3658 5836 ί.
