4060 6260
405 335 512 390 5'23

403 446 490 499 t7.
524 441 639 513 18).
692 436 852 494 Vides
900 441 1150 506 quautam
1199 431 1391 484 habeat
1430 425 1586 481 vidua
1629 418 1984 494 potestatem?

403 535 490 589 ubi
535 547 686 586 suum
730 526 978 584 ostendat
1014 522 1296 586 auxilimn,
1328 535 1434 574 non
1454 515 1594 586 apud
1619 513 1983 584 magistratum

402 629 487 678 ιρι
519 638 721 693 regem,
748 619 835 690 qui
863 617 1205 672 dominantur
1231 614 1282 666 in
1315 611 1489 675 terris,
1523 607 1616 664 sed
1647 604 1783 677 apud
1815 604 1986 672 ipsum

399 717 651 770 melos-um
696 710 940 782 Regem?
985 715 1234 779 quautam
1281 705 1449 775 possit
1494 703 1625 756 iram
1661 697 1880 759 sedare,
1925 709 1988 749 ac

403 808 684 862 Dominum
731 805 856 867 illis,
904 802 991 872 qui
1040 798 1318 855 ineurabili
1369 795 1558 850 morbo
1605 790 1784 846 infecti
1828 796 1985 852 sunt,

402 900 635 970 placare,
677 891 995 949 intolerabili
1035 889 1294 960 supplicio
1335 887 1567 955 eripere,
1603 883 1834 936 animam
1866 893 1988 932 sor-

401 961 557 1045 dibus
581 961 824 1043 obrutam
853 993 1188 1054 peccatorum
1219 983 1284 1034 ab
1311 976 1571 1048 ejusmodi
1599 975 1719 1029 labe
1741 985 1986 1042 purgare,
2010 961 2025 978 “

401 1093 560 1152 atque
606 1080 672 1134 ad
713 1092 975 1133 summam
1026 1074 1308 1144 puritatem
1353 1067 1683 1140 perducere?
1709 1065 1786 1120 Ne
1829 1063 1990 1134 igitur

403 1173 682 1229 mulierem
705 1171 915 1224 viduam
943 1176 1368 1227 contemnamus,
1395 1161 1488 1214 sed
1519 1174 1734 1214 onmem
1761 1158 1812 1212 in
1844 1156 1988 1209 illam

401 1262 810 1320 sollicitudinem
849 1259 1216 1315 exhibeamus.
1262 1255 1491 1309 Patrona
1520 1258 1701 1306 nostra
1741 1256 1842 1312 est,
1873 1261 1990 1317 qua:

401 1368 532 1412 vere
556 1356 734 1410 vidua.

476 1446 674 1502 Genera
697 1446 968 1499 viduarum
992 1441 1229 1494 varia.—
1252 1436 1359 1493 Sed
1381 1450 1558 1506 eperre
1579 1431 1805 1504 pretium
1833 1428 1994 1484 fuerit

407 1549 466 1592 ut
493 1546 694 1592 attente
735 1533 1156 1595 consideremus,
1195 1529 1261 1584 de
1298 1542 1400 1598 qua
1442 1525 1654 1580 tandem
1696 1524 1851 1582 vidua
1892 1521 1994 1575 hoc

405 1629 522 1682 loco
549 1628 709 1682 verba
729 1627 875 1678 fiant.
891 1623 1021 1678 Nam
1044 1631 1098 1677 et
1118 1622 1220 1675 illa:
1244 1620 1416 1673 viduzc
1433 1617 1700 1682 dicuntur,
1726 1631 1845 1684 qua:
1871 1627 1991 1668 cum

405 1721 459 1774 in
503 1735 764 1774 summam
807 1717 1084 1771 inciderint
1133 1722 1421 1783 egestatem
1468 1721 1523 1766 et
1567 1711 1618 1764 in
1661 1707 1993 1762 matriculam

405 1812 590 1866 relatze
635 1810 848 1871 fuerint,
899 1824 966 1862 ex
1017 1803 1395 1862 ecclesiasticis
1455 1802 1694 1872 pecuniis
1741 1800 1992 1864 aluntur,

407 1913 565 1974 prout
621 1900 952 1971 temporibus
1013 1897 1375 1968 apostolorum
1437 1895 1616 1949 fiebat.
1665 1890 1884 1946 Factum
1924 1900 1995 1944 est

405 1997 572 2061 enim,
614 1995 803 2065 inquit,
840 2009 1070 2047 murmur
1110 1991 1241 2044 inter
1284 1987 1508 2052 θνατοί,
1541 2003 1598 2040 eo
1656 1985 1790 2056 quod
1825 1987 1995 2054 despi-

407 2099 639 2144 cerentur
662 2089 715 2142 in
753 2086 1029 2141 ministerio
1057 2084 1354 2154 quotidiana
1379 2083 1545 2134 vidua:
1580 2095 1754 2134 eorum
1774 2077 1907 2149 (Act.
1939 2077 1996 2132 6.

411 2181 483 2250 l).
527 2181 709 2250 Neque
752 2195 882 2233 vero
925 2179 1095 2233 solum
1138 2177 1252 2230 ista:
1291 2174 1464 2229 vidua:
1507 2173 1776 2236 dicuntur,
1823 2169 1915 2225 sed
1945 2177 2000 2224 et

409 2274 533 2340 illae,
561 2289 678 2344 quae
702 2273 844 2327 nulla
874 2271 1049 2340 inopia
1083 2284 1303 2341 pressae,
1336 2267 1430 2322 scd
1461 2265 1801 2320 facultatibus
1823 2264 1997 2318 abnu-

408 2368 616 2433 dantes,
645 2381 765 2421 cum
794 2363 974 2419 domui
1000 2363 1238 2432 prmsint,
1277 2360 1525 2415 maritum
1569 2367 1772 2413 tantum
1802 2357 2000 2410 amise-

411 2468 554 2512 runt.
602 2457 886 2512 Videamus
931 2469 1090 2524 ergo,
1138 2452 1207 2508 de
1249 2467 1480 2524 quanam
1527 2449 1684 2505 vidua
1732 2448 1834 2503 hoc
1882 2447 2002 2502 loco

363 2541 371 2549 ’
409 2550 572 2602 verba
600 2546 776 2608 faciat,
807 2547 931 2600 dum
961 2545 1054 2610 ait,
1087 2541 1252 2597 Vidua
1278 2544 1494 2614 eligatur
1517 2559 1616 2596 non
1654 2542 1820 2594 minor
1853 2539 2004 2593 annis

411 2639 797 2710 sexaginta;an
842 2635 908 2690 de
949 2650 1010 2689 ea
1057 2651 1174 2704 quae
1218 2634 1419 2688 auxilio
1462 2633 1713 2702 indigeat,
1760 2640 1999 2701 etqnam

411 2747 547 2802 opus
571 2732 641 2786 sit
665 2748 731 2785 cx
773 2729 1150 2785 ecclesiasticis
1199 2728 1432 2798 pecuniis
1471 2727 1564 2792 ali,
1595 2742 1659 2780 an
1690 2725 1758 2780 de
1795 2741 1855 2780 ea
1883 2739 2005 2796 qua:

412 2824 629 2879 minime
646 2821 819 2890 indiga
838 2822 926 2886 sit,
951 2829 1005 2876 et
1019 2820 1207 2890 opibus
1227 2818 1592 2874 circumﬂuat?
1614 2817 1762 2873 Haud
1783 2816 2002 2873 dubium

411 2916 539 2985 quin
581 2915 649 2969 de
693 2915 813 2968 ista.
844 2913 974 2967 Nam
1001 2913 1069 2967 de
1097 2911 1182 2966 illa
1211 2911 1422 2982 quidem
1453 2926 1574 2966 cum
1602 2911 1851 2981 loquitur,
1885 2927 2004 2981 qua:

415 3012 552 3061 tame
578 3007 877 3071 conficitur,
902 3021 1007 3058 non
1032 3015 1240 3074 tempus
1265 3003 1519 3073 assignat,
1551 3018 1654 3056 non
1686 3002 2003 3072 probitatem

419 3114 626 3152 morum
675 3113 732 3152 re
754 3097 936 3164 ptirit:
965 3096 1058 3151 sed
1108 3096 1368 3160 absolute,
1404 3095 1600 3166 Siquis
1627 3095 1813 3164 fidelis,
1847 3104 1934 3147 aut
1963 3097 2005 3148 si

413 3206 510 3255 qua
537 3188 722 3257 ﬁdelis.
752 3187 942 3256 inquit,
971 3187 1148 3240 viduas
1194 3188 1363 3253 habet,
1410 3187 1747 3240 subministret
1795 3186 1919 3252 illis,
1961 3195 2006 3240 et

415 3301 516 3336 non
542 3291 778 3353 gravetur
802 3281 1031 3334 Ecclesia
1071 3281 1145 3352 (1.
1169 3279 1305 3333 Tim.
1327 3280 1381 3334 5.
1415 3279 1507 3350 16)
1533 3297 1547 3335 :
1572 3295 1678 3335 non
1704 3279 1858 3347 dixit,
1886 3295 2007 3334 cum

414 3361 687 3443 sexaginta
725 3387 985 3426 annorum
1027 3369 1223 3436 fuerit;
1253 3386 1358 3426 non
1386 3371 1539 3436 dixit,
1571 3370 1623 3427 Si
1670 3371 1898 3442 hospitio
1923 3387 2010 3427 re-

413 3469 556 3536 cepit
573 3467 616 3531 ¹,
635 3464 680 3520 si
710 3473 1010 3520 sanctorum
1036 3463 1197 3536 pedes
1219 3464 1346 3519 lavit
1373 3464 1450 3536 (Ι.
1474 3463 1556 3518 Ib.
1581 3464 1634 3520 5.
1660 3464 1748 3532 l0)
1773 3481 1788 3520 :
1813 3479 1878 3520 ac
1898 3479 2010 3520 me-

415 3560 518 3612 rito
566 3573 714 3612 sane.
769 3557 866 3612 Ubi
907 3557 1047 3611 enim
1094 3555 1388 3612 remedium
1433 3555 1595 3612 fuerit
1648 3557 2009 3613 adhibendum

418 3650 632 3718 inopia),
681 3657 890 3717 tempus
932 3663 1036 3702 non
1078 3656 1375 3718 exspectat.
1413 3648 1547 3716 Quid
1599 3649 1764 3716 enim,
1815 3649 1861 3704 si
1887 3665 2010 3706 cum

417 3755 678 3795 annorum
726 3740 794 3794 sit
835 3740 1236 3810 quinquaginta,
1282 3740 1423 3795 fame
1469 3740 1823 3796 conficiatur?
1873 3742 2011 3812 Quid

419 3835 462 3886 si
483 3835 536 3888 in
557 3832 779 3902 juvenili
799 3843 956 3887 artate
982 3849 1207 3902 corpore
1236 3833 1305 3888 sit
1326 3833 1607 3888 mutilato?
1631 3833 1764 3888 Num
1783 3835 2014 3891 dormiet

420 3933 744 3994 exspectans
785 3923 958 3979 donec
1011 3925 1376 3993 sexagesimus
1430 3939 1602 3979 annus
1652 3928 1908 3996 appetat?
1947 3929 2017 3984 At

424 4016 527 4071 hoc
572 4027 828 4072 extremm
873 4016 1012 4070 foret
1057 4016 1422 4070 immanitatis.
1473 4017 1643 4082 Quam
1685 4017 1756 4073 ob
1799 4033 2012 4073 causam

421 4127 544 4164 eum
591 4110 830 4166 sedanda
873 4109 1038 4163 fames
1083 4108 1262 4174 fuerit,
1299 4124 1404 4162 non
1431 4109 1589 4163 anxie
1617 4109 1668 4162 in
1701 4119 1936 4180 tempora
1962 4117 2016 4166 et

422 4203 618 4259 animas
663 4205 884 4257 virtutes
928 4202 1180 4271 inquirit:
1211 4217 1333 4256 cum
1373 4217 1502 4257 vero
1532 4218 1637 4257 non
1673 4204 1866 4272 inopia:
1892 4217 2016 4259 suc-

425 4294 750 4351 currendum
798 4303 898 4360 cst,
951 4293 1046 4350 sed
1103 4293 1275 4348 honor
1327 4303 1410 4349 est
1451 4309 1549 4365 pro
1584 4293 1841 4365 dignitate
1867 4294 2020 4352 defe-

430 4394 664 4463 rendus,
706 4393 899 4448 merito
936 4392 1076 4448 hanc
1113 4392 1181 4448 de
1217 4393 1455 4448 moribus
1495 4391 1890 4464 inquisitionem
1931 4407 2017 4448 m-

429 4489 618 4544 stituit.

501 4582 557 4638 3.
599 4579 734 4634 Olim
761 4579 903 4633 chori
926 4588 1068 4633 erant
1107 4578 1395 4632 viduarum.
1418 4609 1490 4618 —
1512 4579 1643 4634 Nam
1673 4577 2021 4649 quemadmo-

429 4673 558 4728 dum
586 4671 734 4727 chori
763 4682 887 4726 sunt
911 4672 1195 4741 virginum,
1224 4672 1302 4726 sic
1326 4682 1380 4726 et
1405 4671 1533 4726 olim
1560 4682 1712 4727 erant
1742 4671 2020 4726 viduarum

433 4765 606 4826 chori.
636 4779 808 4834 neque
845 4765 1042 4834 passim
1085 4763 1277 4819 licebat
1306 4764 1408 4819 illis
1435 4765 1486 4819 in
1518 4781 1796 4820 numerum
1836 4765 2023 4820 vidua-

436 4873 553 4912 rum
598 4855 804 4911 referri.
849 4855 962 4910 Non
1008 4855 1168 4926 igitur
1207 4855 1274 4911 de
1302 4856 1388 4910 illa
1419 4871 1596 4912 sermo
1625 4867 1724 4922 est,
1753 4873 1872 4928 qua:
1908 4873 2024 4926 pre-

437 4951 600 5006 mitur
645 4957 906 5018 egestate.
955 4958 1114 5018 atque
1157 4947 1354 5004 auxilio
1400 4950 1620 5020 indiget.
1669 4951 1762 5004 sed
1805 4949 1872 5004 de
1903 4951 2022 5015 ista,

437 5057 557 5112 qua:
591 5039 902 5093 viduitatem
943 5039 1120 5111 elegit.
1139 5040 1258 5096 'Cur
1284 5052 1462 5096 autem
1495 5043 1546 5097 in
1579 5043 1680 5098 hac
1705 5045 1862 5099 etiam
1894 5053 2026 5098 tem-

438 5147 541 5205 pus
586 5131 850 5202 requirit?
893 5131 1105 5187 Sciebat
1146 5148 1330 5205 pyram
1363 5134 1646 5205 quamdam
1675 5151 1795 5192 esse
1831 5137 2025 5208 juven-

441 5233 630 5287 tutem,
661 5231 717 5279 et
747 5223 961 5294 pelagus
993 5224 1205 5293 plenmn
1233 5224 1506 5288 ﬂuctuum.
1533 5240 1597 5281 ac
1622 5227 1800 5283 multis
1825 5236 2028 5298 tempe-

439 5317 667 5371 statibus
717 5314 990 5371 infesntm.
1048 5316 1332 5387 Postquam
1385 5317 1546 5388 igitur
1571 5321 1742 5374 :etatis
1771 5320 2030 5377 beneficio

444 5407 640 5463 inierint
689 5409 1081 5464 imumnitatem
1131 5419 1496 5481 consequuta,
1540 5421 1596 5467 et
1651 5423 1916 5484 tamquam
1967 5415 2030 5469 ad

446 5508 655 5566 portum
707 5499 774 5553 ad
824 5509 1154 5556 senectutem
1199 5504 1526 5572 appulerint,
1571 5503 1788 5574 jamque
1842 5507 2035 5562 fuerint

449 5590 557 5644 illis
597 5589 872 5646 exstincta:
922 5590 1190 5658 libidines,
1243 5592 1575 5650 confidenter
1625 5610 1717 5651 cas
1746 5596 1798 5651 in
1837 5606 2032 5652 coetum

458 5721 528 5834 Ml
543 5715 656 5764 Non
680 5710 828 5783 dixit,
855 5720 897 5773 si
919 5720 1045 5786 ﬁlios
1067 5721 1305 5786 educavit,
1329 5739 1371 5776 st
1387 5724 1589 5789 ItO'pitio
1612 5727 1809 5791 recepit.
1837 5731 1909 5781 sic
1931 5738 2035 5782 tres

519 5797 570 5832 ‘s.
1596 5802 1607 5806 ’

1111 316 1170 372 S.
1209 309 1490 372 JO.\NNIS
1527 299 2007 364 οιιιιγδυετοιιι

2111 295 2369 353 RCHIEP.
2410 284 2946 355 CONSTANTINOP.

3558 315 3674 372 324

2095 411 2252 467 istum
2295 413 2512 486 adlegit.
2565 415 2702 485 Quid
2746 417 2938 488 igitur?
2981 435 3161 475 nonne
3205 422 3478 492 plurimae.
3528 427 3681 485 dicet

2092 507 2302 577 aliquis,
2333 522 2454 562 cum
2483 508 2566 564 vel
2596 518 2715 578 post
2752 525 2948 565 annum
2975 511 3286 571 vicesimum
3327 517 3676 587 incepisseut,

2092 598 2158 652 ad
2191 600 2346 653 linem
2377 614 2545 668 usque
2572 615 2692 656 cum
2724 600 2880 657 laude
2909 603 3176 672 vixerunt,
3205 607 3388 677 jugum
3419 610 3680 678 tulerunt,

2092 699 2148 744 et
2175 692 2477 760 apostolicae
2524 694 2647 749 vita:
2693 693 2962 764 specimen
3011 696 3323 755 ediderunt!
3371 716 3440 756 an
3486 703 3682 774 igitur,

2093 796 2294 850 qineso,
2318 782 2436 837 illas
2461 782 2884 853 prohibebimus,
2906 795 3100 842 etcum
3127 789 3434 846 viduitatem
3463 809 3687 848 servare

2093 873 2278 939 velint,
2327 876 2576 931 secundis
2625 878 2820 946 nuptiis
2866 878 3571 951 jungieogemus?hocciue
3596 889 3688 943 di-

2093 978 2252 1034 gnum
2293 978 2373 1021 est
2415 968 2641 1037 apostoli
2689 969 2950 1024 consilio?
2974 971 3098 1041 quid
3131 973 3289 1043 igitur
3321 975 3436 1031 haac
3457 978 3557 1048 sibi
3586 996 3690 1035 vo-

2095 1059 2210 1114 lunt
2225 1059 2249 1112 ΐ
2266 1061 2534 1116 Attendile
2547 1062 2847 1132 diligenter,
2865 1065 3213 1136 dilectissimi,
3239 1072 3686 1142 significationem

2095 1152 2362 1208 dictionis.
2391 1154 2506 1209 Non
2531 1157 2673 1210 enim
2700 1157 2856 1221 dixit,
2880 1158 3048 1214 Vidua
3075 1162 3166 1216 fiat
3190 1178 3294 1218 non
3327 1166 3502 1220 minor
3528 1183 3691 1222 sexa—

2095 1245 2238 1314 ginta
2267 1249 2442 1311 annis,
2472 1247 2587 1313 sed,
2630 1248 2797 1303 Vidua
2825 1250 3041 1322 eligatur
3059 1267 3080 1307 :
3106 1262 3160 1309 et
3179 1270 3365 1311 rursus
3385 1273 3490 1312 non
3523 1259 3686 1324 dixit,

2099 1337 2282 1393 Vidua:
2301 1339 2539 1407 juniores
2564 1357 2633 1396 ne
2658 1343 2939 1412 eligantur,
2966 1345 3081 1411 sed,
3122 1346 3359 1403 Iuniores
3387 1353 3561 1406 viduas
3586 1356 3688 1406 de-

2096 1431 2197 1484 vita
2219 1432 2298 1502 (I.
2330 1431 2463 1485 Tim.
2491 1434 2543 1489 5.
2579 1432 2667 1505 Η)
2697 1451 2710 1488 :
2735 1440 2812 1490 sic
2827 1437 2968 1490 enim
2989 1438 3065 1492 ait
3089 1438 3154 1493 ad
3185 1440 3521 1497 Timotheum
3549 1447 3692 1498 scri-

2097 1523 2249 1578 beas.
2307 1524 2438 1578 Nam
2508 1527 2758 1595 quoniam
2821 1527 3237 1586 detractionibus
3285 1543 3342 1587 et
3388 1535 3692 1591 maledictis

2099 1614 2249 1668 multi
2293 1615 2446 1670 facile
2488 1627 2610 1672 sunt
2636 1618 2872 1684 obnoxii,
2903 1630 2958 1674 et
2987 1621 3194 1692 linguas
3219 1623 3476 1680 adversus
3500 1627 3695 1682 Eccle-

2097 1709 2190 1762 size
2218 1710 2470 1778 praesules
2498 1720 2748 1766 exacutas
2775 1711 2990 1780 habent,
3022 1716 3206 1772 volens
3233 1727 3495 1774 rectorem
3526 1737 3554 1772 a
3580 1720 3699 1775 cri-

2101 1803 2450 1857 minationum
2485 1805 2733 1873 periculis
2759 1806 3051 1876 vindicare,
3080 1809 3175 1862 has
3199 1811 3344 1880 leges
3365 1814 3695 1882 praescribit,

2099 1904 2155 1950 et
2177 1896 2284 1952 ait:
2319 1897 2397 1950 Tu
2423 1896 2622 1965 devita,
2668 1907 2722 1952 tu
2763 1915 2830 1954 ne
2870 1900 3052 1971 eligas.
3084 1901 3140 1957 Si
3164 1904 3294 1958 velut
3321 1905 3432 1973 ipsa
3461 1907 3601 1960 ultro
3627 1922 3698 1962 ac

2100 2002 2196 2043 sua
2225 1997 2415 2056 sponte
2445 1989 2561 2044 haec
2585 1990 2854 2059 amplecti,
2887 1989 3076 2048 faciat:
3106 2002 3158 2047 tu
3179 1994 3392 2064 quidem
3415 2011 3484 2050 ne
3511 1996 3698 2051 adhuc

2101 2078 2372 2145 admittas,
2419 2097 2486 2135 ne
2530 2080 2667 2136 forte
2707 2082 2904 2149 dicant,
2937 2082 3030 2138 Ille
3057 2085 3176 2140 talis
3196 2086 3462 2155 juniorem
3488 2090 3698 2158 coegit,

2102 2185 2221 2240 quat
2261 2171 2465 2227 nubere
2505 2172 2735 2249 volebat,
2782 2183 2839 2229 et
2874 2173 3055 2229 domui
3094 2191 3364 2245 praeesse:
3407 2188 3701 2248 propterea

2105 2263 2251 2332 lapsa
2290 2273 2394 2330 est,
2437 2274 2490 2318 et
2521 2265 2878 2334 supplantata.
2921 2265 2998 2321 Tu
3043 2267 3188 2323 illam
3228 2285 3297 2323 ne
3338 2270 3525 2339 eligas,
3557 2280 3623 2325 ιιι
3650 2273 3700 2325 si

2103 2354 2241 2409 forte
2271 2357 2418 2424 lapsa
2456 2356 2634 2420 fuerit,
2668 2366 2720 2410 tu
2747 2374 2774 2409 a
2805 2359 3262 2415 criminationibus
3288 2362 3362 2416 sis
3388 2362 3648 2417 immunis
3681 2381 3697 2416 ε

2105 2448 2150 2501 si
2177 2463 2282 2502 non
2313 2447 2470 2502 fuerit
2493 2448 2660 2519 lapsa,
2679 2450 2870 2518 majori
2901 2466 3019 2504 cum
3046 2453 3334 2508 securitate
3351 2456 3702 2511 eonvenienti

2108 2545 2348 2608 tempore
2393 2539 2540 2592 illam
2587 2540 2772 2610 eligas.
2819 2540 2972 2607 Quod
3021 2543 3065 2597 si
3114 2542 3276 2610 dicat,
3319 2544 3703 2618 Volojuniores

2105 2630 2283 2684 viduas
2326 2631 2530 2696 nubere,
2571 2631 2706 2700 ﬁlios
2741 2648 3006 2702 procreare
3037 2632 3112 2705 (l.
3157 2633 3291 2688 Tim.
3323 2637 3378 2691 5.
3411 2636 3522 2708 14),
3568 2636 3702 2690 audi

2107 2741 2241 2795 quas
2279 2724 2520 2795 juniores
2546 2727 2798 2796 appellet,
2828 2743 2920 2784 cas
2947 2744 3066 2798 quae
3092 2744 3213 2783 cum
3243 2730 3526 2785 luxuriata:
3571 2731 3710 2786 fue-

2107 2818 2215 2874 rint
2241 2818 2498 2874 adversus
2521 2819 2811 2887 Christum,
2844 2821 3043 2876 nubere
3067 2823 3270 2888 volunt,
3301 2823 3575 2887 verbosas.
3603 2839 3710 2879 cu-

2107 2912 2317 2978 riosas,
2373 2914 2769 2968 circumeuntes
2821 2914 3045 2978 domos,
3093 2915 3367 2986 loquentes
3417 2933 3537 2986 quze
3588 2931 3706 2971 non

2109 3016 2340 3076 oportet,
2391 3023 2510 3078 qua:
2563 3021 2835 3062 conversae
2882 3018 3005 3063 sunt
3057 3019 3176 3078 post
3217 3020 3475 3064 satanam.
3514 3010 3706 3081 Neque

2109 3098 2251 3152 enim
2291 3113 2411 3152 cum
2443 3099 2759 3168 simpliciter
2792 3099 3032 3165 dixisset,
3077 3099 3203 3154 Volo
3222 3101 3453 3171 juniores
3490 3103 3702 3170 nubere,

2111 3193 2295 3260 tacuit,
2326 3193 2422 3247 sed
2465 3201 2520 3246 et
2563 3194 2748 3262 quales
2768 3193 3010 3261 juniores
3036 3193 3184 3258 dicit,
3230 3206 3284 3249 et
3310 3210 3490 3248 earum
3519 3195 3708 3264 lapsus

2111 3284 2373 3339 enuntiat.
2406 3284 2551 3352 Quos
2571 3283 2784 3339 tandem
2809 3285 2985 3355 lapsus
2998 3285 3027 3340 ἵ
3047 3283 3173 3341 Cum
3197 3287 3462 3341 luxuriata
3481 3287 3704 3356 fuerint,

2111 3374 2303 3448 inquit,
2331 3375 2570 3430 adversus
2610 3375 2888 3443 Christum,
2916 3377 3102 3430 nubere
3125 3377 3318 3444 uolunt,
3348 3387 3397 3430 et
3416 3378 3592 3430 otioso:
3618 3377 3704 3430 di-

2109 3481 2282 3537 scunt,
2326 3478 2376 3523 et
2417 3469 2651 3534 curiosa,
2694 3469 3056 3523 circumeuntes
3079 3469 3274 3529 domos.
3307 3469 3561 3537 loquentes
3586 3485 3706 3537 quia

2115 3577 2219 3615 non
2266 3570 2482 3632 Oportet,
2523 3569 2571 3614 et
2623 3575 2878 3616 conversae
2923 3570 3042 3614 sunt
3069 3560 3412 3632 (Ibid.v.lt.
3441 3562 3529 3615 15.
3582 3562 3695 3632 15).

2116 3653 2244 3709 Post
2266 3668 2424 3724 quem
2453 3653 2669 3708 autem?
2697 3651 2822 3706 Post
2847 3661 3098 3707 satanam.
3117 3652 3339 3718 Quando
3359 3653 3537 3722 igitur,
3559 3661 3703 3721 post-

2116 3759 2274 3813 quam
2318 3741 2629 3800 viduitatem
2681 3751 2807 3799 sunt
2857 3745 3144 3813 amplexae,
3200 3752 3256 3798 et
3306 3758 3520 3797 omnem
3566 3742 3703 3796 hanc

2119 3840 2467 3910 ignominiam
2509 3840 2774 3894 sustinere
2819 3837 3120 3900 voluerunt,
3151 3850 3337 3896 rursus
3385 3835 3586 3889 nubere
3611 3847 3705 3886 vo-

2119 3933 2252 3997 lunt,
2301 3933 2467 3988 satius
2515 3941 2596 3988 est
2643 3932 2948 4002 priusquam
2997 3938 3216 3998 peccato
3262 3927 3705 3995 detineantur,et

2120 4025 2248 4080 inita
2277 4039 2396 4078 cum
2428 4021 2640 4079 Christo
2670 4031 2818 4092 pacta
2847 4021 3066 4085 violent,
3095 4019 3160 4073 ad
3192 4017 3291 4072 hoc
3315 4017 3499 4072 venire
3524 4033 3538 4070 :
3566 4015 3705 4088 quod

2121 4116 2165 4171 si
2199 4132 2300 4186 qua
2326 4115 2444 4169 talis
2472 4131 2576 4168 non
2607 4111 2784 4177 fuerit,
2816 4112 3190 4166 necessitatem
3218 4108 3571 4164 secundarum
3609 4123 3704 4161 uu-

2123 4208 2349 4279 ptiarum
2373 4221 2476 4260 non
2509 4205 2751 4275 imponit.

2193 4301 2247 4355 4.
2291 4299 2456 4354 Porro
2485 4297 2538 4352 id
2569 4312 2752 4352 verum
2779 4310 2918 4356 esse,
2943 4293 3066 4349 inde
3093 4301 3324 4349 constat.
3356 4290 3411 4347 Si
3442 4291 3586 4346 enim
3610 4290 3706 4344 hoc

2123 4393 2272 4462 quasi
2304 4393 2418 4462 lege
2443 4390 2706 4444 sanxisset
2725 4389 2971 4444 omnibus
2993 4387 3328 4450 mulieribus,
3345 4394 3403 4438 ut
3424 4384 3705 4444 nuberent,

2124 4496 2179 4541 et
2205 4486 2385 4539 domui
2436 4491 2746 4552 prmessent,
2795 4479 3063 4551 superflue
3106 4479 3194 4532 illa
3235 4476 3622 4547 requisivisset,
3652 4472 3708 4528 St

2125 4580 2260 4648 ﬁlios
2286 4577 2532 4639 educavit,
2560 4576 2603 4630 si
2631 4584 2917 4628 sanctorum
2944 4573 3094 4645 pedes
3117 4571 3259 4638 lavit,
3280 4572 3326 4625 si
3345 4569 3712 4623 tribulationem

2128 4671 2426 4743 patientibus
2465 4669 2710 4728 subvenit,
2752 4668 2798 4721 si
2842 4682 2989 4720 omne
3031 4681 3159 4735 apns
3201 4662 3385 4717 bonum
3429 4671 3620 4716 sectam
3643 4667 3713 4713 est

2130 4766 2236 4841 (Ib.
2282 4781 2329 4820 υ.
2365 4763 2492 4836 I0):
2525 4762 2791 4833 superflue
2829 4775 3038 4830 quoque
3070 4758 3197 4813 illud
3227 4758 3372 4820 dicit,
3417 4755 3545 4822 Qua:
3566 4754 3714 4828 fuerit

2128 4857 2280 4911 unius
2321 4856 2416 4910 viri
2457 4871 2586 4909 uxor
2630 4853 2735 4924 (Ib.
2765 4868 2812 4906 υ.
2843 4851 2922 4922 9).
2949 4851 3004 4907 Si
3034 4851 3175 4905 enim
3201 4848 3385 4902 viduas
3414 4862 3604 4902 onmcs
3628 4846 3716 4915 ju-

2131 4952 2309 5006 niores
2351 4948 2552 5003 nubere
2585 4945 2767 5016 jubes,
2811 4942 3078 5016 quomodo
3123 4940 3319 5012 poterit
3356 4940 3530 5012 aliqua
3564 4938 3718 4992 unius

2131 5044 2232 5099 viri
2262 5057 2396 5096 uxor
2422 5040 2578 5095 esse?
2609 5038 2790 5109 Itaque
2834 5037 2950 5091 illas
2993 5036 3110 5106 ejus
3153 5042 3360 5104 Spectat
3404 5033 3596 5088 oratio.
3647 5030 3718 5082 Ita

2133 5135 2258 5191 facit
2306 5143 2362 5189 et
2408 5133 2532 5187 dum
2577 5131 2812 5202 loquitur
2858 5129 2927 5184 de
2955 5143 3243 5198 congressu
3269 5124 3555 5196 conjugali.
3589 5124 3718 5177 Cum

2134 5230 2277 5284 enim
2321 5225 2561 5290 dixisset,
2596 5223 2779 5278 Nolite
2820 5222 3062 5294 fraudare
3089 5220 3318 5284 invicem,
3361 5217 3461 5272 nisi
3490 5217 3620 5287 forte
3663 5230 3723 5269 ea:

2134 5307 2480 5372 consensulad
2519 5325 2732 5386 tempus,
2765 5323 2821 5366 ut
2859 5315 3043 5367 vacetis
3071 5310 3274 5381 jejunio
3310 5321 3358 5362 et
3399 5305 3640 5370 orationi,
3677 5315 3722 5357 ct

2135 5412 2316 5465 iterum
2345 5409 2660 5463 revertamini
2679 5408 2730 5459 in
2757 5405 2977 5474 idipsum
3003 5403 3076 5468 (Ι.
3103 5401 3219 5455 Cor.
3250 5401 3305 5454 7.
3333 5400 3390 5466 5)
3416 5417 3428 5452 :
3460 5413 3525 5452 ne
3553 5398 3718 5465 legem

2138 5519 2257 5558 csse
2285 5518 2348 5556 ac
2379 5511 2698 5570 prarceptum
2741 5496 3035 5558 existimes,
3062 5509 3276 5548 causam
3305 5490 3506 5560 adjicit,
3530 5485 3720 5542 deinde

2137 5594 2358 5650 dicens:
2392 5591 2476 5646 Ne
2503 5599 2652 5645 tentet
2687 5606 2770 5643 vos
2811 5599 3032 5642 satanas.
3068 5583 3181 5640 Hoc
3208 5592 3375 5636 autem
3407 5581 3521 5634 dico
3542 5592 3722 5633 secun-

2143 5686 2265 5740 dum
2301 5684 2686 5754 indulgentiam,
2737 5697 2838 5736 non
2880 5679 3154 5734 secundum
3200 5676 3487 5742 imperium,
3523 5679 3724 5740 propter

2146 5779 2558 5838 incontinentiam
2606 5787 2820 5835 vestram
2873 5774 2975 5839 (Ib.
3005 5792 3052 5828 υ.
3080 5772 3132 5829 6.
3167 5772 3238 5840 5).
3273 5764 3720 5839 Quemadmodum
