4060 6260
247 338 352 394 325

242 458 419 529 χήρη
455 451 558 506 πού
579 453 676 524 τὴν
703 457 1034 524 προστασίαν
1062 457 1430 516 ἐπιδείκνυται
1452 463 1552 533 τὴν
1581 465 1802 536 ἑαυτῆς,

241 551 302 600 οὐ
336 546 482 616 παρά
515 545 737 616 ἄρχοντι
767 549 860 600 καὶ
889 548 1098 618 βασιλεῖ
1136 551 1246 605 τῶν
1270 553 1364 605 ἐπὶ
1393 554 1496 624 τῆς
1520 557 1648 626 γῆς,
1672 557 1806 614 ἀλλά

247 639 368 707 παρ’
398 635 545 705 αὑτῷ
572 635 650 706 τῷ
677 637 784 690 τῶν
836 639 1080 710 οὐρανῶν
1115 642 1350 712 βασιλεῖς
1387 647 1560 717 πόσην
1587 647 1808 702 δύναται

246 727 537 782 καταλῦσαι
553 728 1074 799 ὀργὴν,καταλλάξαι
1089 733 1180 786 τὸν
1194 737 1468 808 Δεσπότην
1487 742 1598 801 τοῖς
1615 740 1810 793 ἀνίατα

246 818 602 886 νενοσηκόσιν,
641 818 947 890 ἐξαρπάσαι
981 824 1250 894 τιμωρίας
1294 827 1590 897 ἀφορήτου,
1635 827 1811 899 ψυχὴν

245 903 504 974 βαφεῖσαν
531 904 610 972 τῷ
653 905 761 957 τῶν
809 908 1220 980 ἁμαρτημάτων
1256 913 1418 983 ῥύπῳ
1459 916 1558 983 τῆς
1599 915 1812 984 κηλῖδος

247 992 504 1045 ἐκπλῦναι
535 993 772 1064 ἐκείνης,
802 997 897 1050 καὶ
921 998 1058 1068 πρὸς
1073 999 1170 1070 τὴν
1192 1001 1367 1072 ἄκραν
1388 1004 1616 1070 ἀγαγεῖν
1643 1003 1814 1057 καθα-

247 1086 477 1155 ρότητα;
512 1085 603 1154 Μὴ
630 1085 809 1139 τοίνυν
841 1091 1272 1161 καταφρονῶμεν
1302 1093 1479 1164 χήρας
1511 1097 1771 1162 γυναικὸς
1794 1135 1809 1159 ,

243 1176 376 1228 ἀλλά
433 1178 614 1229 πᾶσαν
669 1179 795 1248 περὶ
841 1180 1010 1251 αὐτὴν
1067 1184 1385 1252 ἐπιμέλειαν
1433 1185 1812 1258 ἐπιδείξωμεν.

243 1269 542 1338 Προστάτις
562 1270 718 1340 ἡμῶν
749 1272 896 1325 ἐστιν
923 1274 956 1342 ἡ
992 1273 1160 1338 ὄντως
1188 1277 1354 1346 χήρα.

314 1379 496 1443 ’Λξιον
533 1379 591 1431 δέ
620 1379 947 1445 ἐπιστάντας
989 1383 1148 1448 ἰδεῖν,
1196 1385 1326 1455 περὶ
1382 1388 1540 1449 ποίας
1583 1387 1816 1442 ἐνταῦθα

247 1472 416 1540 χήρας
437 1471 591 1541 φησί.
635 1471 745 1523 Καὶ⁸
775 1471 884 1543 7&9
913 1475 1008 1526 καὶ
1034 1477 1236 1528 ἐκεῖναι
1260 1478 1427 1549 χῆραι
1454 1479 1726 1548 λέγονται,
1758 1482 1814 1533 αί

243 1565 321 1624 εἰς
347 1562 622 1616 εὐτέλειαν
653 1563 886 1634 ἐσχάτην
918 1567 1345 1632 καταπεσοῦσαι,
1373 1571 1468 1623 καὶ
1503 1573 1820 1642 ἐγγεγραμ-

248 1652 422 1714 μέναι,
453 1653 550 1704 καὶ
582 1656 646 1706 ἐκ
671 1652 779 1706 τῶν
808 1654 1275 1725 ἐκκλησιαστικῶν
1304 1659 1640 1731 τρεφόμεναι
1679 1678 1817 1732 χρη-

248 1744 450 1814 μάτων,
480 1745 733 1818 καθάπερ
761 1743 854 1802 οὖν
887 1748 980 1801 ἐπὶ
1014 1747 1124 1800 τῶν
1167 1749 1502 1805 ἀποστόλων.
1541 1753 1806 1822 Ἐγένετο

244 1837 368 1906 γὰρ,
404 1837 562 1906 φησὶ,
580 1837 918 1908 γογγυσμὸς
951 1839 1182 1908 μεταξὺ
1219 1841 1340 1894 τῶν
1377 1841 1816 1910 Ἑλληνιστῶν,

242 1928 329 1980 ὅτι
367 1929 854 1997 παρεθεωροῦντο
881 1930 951 1984 ἐν
969 1929 1043 1998 τῇ
1065 1930 1338 1999 διακονίᾳ
1356 1931 1432 2000 τῇ
1455 1932 1818 2001 καθημερινῇ

244 2025 298 2078 ui
331 2019 506 2091 χῆραι
535 2022 751 2076 αὐτῶν.
776 2023 888 2093 Οὐχ
915 2015 1076 2077 αὗται
1097 2023 1153 2076 δέ
1178 2023 1335 2092 μόνον
1357 2023 1523 2095 χῆραι
1548 2025 1819 2092 λέγονται,

245 2115 373 2167 ἀλλά
395 2115 667 2174 κάκεῖναι,
692 2115 747 2166 αἰ
777 2115 1002 2185 μηδενὸς
1027 2115 1124 2185 μὲν
1147 2115 1416 2185 δεόμεναι,
1433 2114 1548 2168 ἀλλ’
1562 2117 1823 2187 εὐπορίας

245 2205 640 2264 ἀπολαύουσαι.
676 2208 769 2259 καὶ
797 2207 975 2270 οἰκίας
1028 2206 1392 2278 προεστῶσαι,
1438 2208 1530 2260 τὸν
1562 2207 1620 2260 δέ
1653 2207 1823 2277 ἄνδρα

244 2298 618 2352 ἀποϐαλοῦσαι
656 2299 835 2368 μόνον.
883 2299 1112 2369 Ἵδωμεν
1140 2297 1234 2354 οὖν
1275 2301 1404 2371 περὶ
1451 2301 1610 2362 ποίας
1648 2303 1824 2371 χήρας

243 2391 474 2446 ἐνταῦθά
509 2407 644 2461 φησι
678 2391 872 2459 λέγων·
901 2390 1066 2460 Χήρα
1093 2391 1512 2462 καταλεγέσθω
1538 2391 1624 2461 μὴ
1651 2390 1824 2446 ἐλάτη

245 2497 358 2533 των
381 2479 540 2534 ἐτῶν
568 2480 868 2546 ἐξήκοντα
901 2481 1198 2549 γεγονυῖα·
1233 2477 1343 2551 ἄρα
1388 2479 1538 2552 [515]
1570 2481 1698 2552 περὶ
1725 2480 1826 2548 τῆς

244 2574 511 2644 δεομένης
567 2572 819 2644 βοηθείας
846 2575 940 2627 καὶ
974 2574 1164 2645 χρείαν
1197 2573 1428 2644 ἐχούσης
1453 2571 1512 2637 ἐξ
1533 2573 1826 2644 ἐκκλησια-

248 2666 444 2718 στικῶν
476 2665 778 2736 τρέφεσθαι
808 2666 1138 2736 χρημάτων,
1179 2665 1212 2735 ἢ
1255 2666 1382 2736 περὶ
1414 2665 1515 2735 τῆς
1544 2662 1826 2727 ἀνενδεοῦς

247 2757 338 2810 καὶ
367 2758 425 2808 ἐν
470 2756 704 2826 εὐπορίᾳ
757 2754 975 2824 ζώσης;
1006 2755 1242 2826 Εὔδηλον
1291 2756 1374 2808 δτι
1430 2756 1558 2825 περὶ
1598 2755 1824 2825 ταύτης.

249 2847 381 2918 Περὶ
408 2848 511 2918 μὲν
533 2847 643 2916 7&9
671 2847 887 2917 ἐκείνης
912 2847 1040 2898 ὅταν
1064 2845 1220 2916 λέγῃ,
1241 2849 1340 2916 τῆς
1355 2845 1499 2916 λιμῷ
1518 2844 1829 2914 διαφθειρο-

251 2937 438 3005 μένης,
475 2937 538 2990 οὐ
587 2937 778 3008 χρόνον
826 2937 1060 3006 τίθησιν,
1123 2937 1224 2989 οὐκ
1274 2936 1560 3006 ἀκρίϐειαν
1609 2936 1831 2988 ἀπαιτεῖ

248 3029 488 3092 τρόπωνο
525 3028 640 3080 ἀλλ’
673 3027 882 3092 ἁπλῶς,
917 3028 992 3080 Εἴ
1010 3044 1098 3092 τις
1121 3028 1338 3092 πιστὸς
1365 3027 1402 3094 ἣ
1426 3025 1634 3094 πιστὴ,
1673 3025 1828 3095 φησὶ.

250 3117 444 3185 χήρας
477 3117 625 3186 ἔχει,
655 3118 982 3184 ἐπαρκείτω
1019 3117 1249 3183 αὑταῖς,
1289 3116 1388 3170 καὶ
1412 3115 1499 3185 μὴ
1525 3116 1832 3184 βαρείσθω

251 3209 286 3274 ἡ
331 3208 689 3272 Ἐκκλησία.
715 3209 829 3260 Οίικ
863 3203 1212 3270 εἷπεν,“οταν
1226 3206 1490 3275 ἐξήκοντα
1517 3206 1653 3258 ἐτῶν
1675 3205 1834 3276 γένη-

247 3315 360 3350 ται·
392 3297 497 3349 οὐκ
540 3293 708 3361 εἶπεν,
749 3296 813 3350 Εἰ
837 3297 1214 3367 ἐξενοδόχησεν
1245 3309 1296 3360 ει,
1344 3298 1393 3349 εἰ
1445 3296 1618 3365 ἀγίων
1665 3295 1832 3360 πόδας

253 3389 423 3458 ἐνιψε·
457 3387 554 3440 καὶ
586 3388 730 3458 μάλα
763 3388 1005 3450 εἰκότως.
1049 3387 1216 3442 Ἔνθα
1259 3388 1356 3459 μὲν
1389 3387 1498 3456 γάρ
1539 3386 1606 3440 ἂν
1646 3387 1835 3440 πενίαν

253 3478 546 3550 διορθῶσαι
570 3478 700 3542 δέοι,
731 3479 832 3532 οὐκ
865 3479 1123 3549 ἀναμένει
1148 3479 1362 3550 χρόνον.
1388 3480 1454 3533 Τί
1489 3479 1598 3550 γὰρ
1629 3480 1677 3531 εἰ
1706 3495 1835 3531 πεν-

252 3571 496 3642 τήκοντα
526 3569 664 3623 ἐτῶν
694 3566 829 3626 οὖσα
852 3570 998 3640 λιμῷ
1035 3569 1437 3641 διαφθείροιτο;
1470 3569 1522 3623 τί
1555 3570 1612 3622 δὲ
1656 3571 1750 3622 ὲάν
1780 3570 1837 3622 ἐν

254 3664 474 3735 νεότητι
499 3662 559 3715 τὸ
584 3661 742 3732 σῶμα
773 3662 1054 3733 ἀνάπηρος
1074 3659 1208 3716 οὖσα
1235 3661 1422 3732 τύχοις
1455 3661 1792 3715 καθευδεῖται
1809 3661 1838 3701 δ

257 3753 612 3823 ἀναμένουσα
640 3753 703 3805 τὸ
729 3751 1022 3821 ἑξηκοστὸν
1065 3752 1220 3816 ἓτοςς
1270 3752 1410 3806 Ἀλλ’
1443 3751 1841 3823 ἀπανθρωπίας

255 3846 412 3899 τοῦτο
440 3847 704 3916 ἐσχάτης.
736 3848 835 3900 Διά
878 3846 1058 3908 τοῦτο,
1090 3847 1220 3900 ὅταν
1253 3847 1354 3916 μὲν
1399 3846 1559 3916 λιμὸν
1585 3862 1844 3916 παραμυ-

259 3935 531 4007 θήσασθαι
585 3936 714 3998 δέοι,
761 3937 915 3990 οὐδὲν
968 3938 1098 4008 περί⁵
1139 3939 1347 4009 χρόνων
1395 3938 1486 3991 καὶ
1542 3937 1640 4008 τῆς
1701 3937 1844 3991 κατὰ

261 4029 439 4100 ψυχὴν
469 4030 674 4100 ἀρετῆς
704 4030 1164 4101 ἀκριϐολογεῖται’
1197 4030 1326 4084 ὅταν
1358 4030 1414 4083 δὲ
1449 4029 1524 4101 μὴ
1613 4028 1843 4101 διορθώο

267 4121 460 4174 σασθαι
495 4121 709 4184 πενίαν,
741 4121 878 4174 ἀλλά
917 4122 1082 4192 τιμὴν
1123 4122 1245 4176 κατ’
1285 4121 1441 4186 ἀξίαν
1478 4122 1843 4194 χαρίσασθαι,

265 4214 496 4278 εἰκότως
516 4212 788 4284 τοσαύτην
816 4217 1050 4268 ποιεῖται
1079 4215 1295 4286 τρόπων
1329 4213 1594 4280 ἐξέτασιν.

333 4328 399 4393 Υ·
416 4321 808 4394 Καθάπεργάρ
838 4325 943 4376 εἱσι
969 4323 1257 4395 παρθένων
1279 4323 1451 4395 χοροὶ,
1476 4323 1722 4377 οὕτωκαί
1751 4339 1847 4394 χη-

270 4413 377 4482 ρῶν
419 4413 484 4466 τὸ
531 4413 758 4466 παλαιὸν
807 4409 946 4484 ἦσαν
975 4415 1146 4485 χοροὶ,
1199 4415 1294 4468 καὶ
1348 4415 1447 4467 ούκ
1492 4415 1622 4485 ἐξῆν
1659 4416 1849 4478 αὑταῖς

270 4503 453 4568 ἁπλῶς
484 4506 566 4568 είς
600 4504 699 4568 τὰς
724 4505 898 4576 χήρας
935 4504 1328 4576 ἐγγράφεσθαι.
1359 4507 1434 4558 Οὐ
1467 4506 1594 4576 περὶ
1636 4505 1851 4576 ἐκείνης

269 4590 360 4648 οὖν
387 4595 540 4663 λέγει
565 4595 665 4666 τῆς
692 4597 748 4648 ἐν
773 4595 934 4666 πενίᾳ
963 4594 1141 4666 ζώσης
1167 4595 1259 4650 καὶ
1281 4595 1541 4666 δεομένης
1572 4595 1848 4666 βοηθείας,

271 4684 403 4738 ἀλλὰ
437 4686 570 4756 περὶ
612 4685 816 4758 ταύτης
864 4685 964 4755 τῆς
1006 4686 1270 4756 ἑλομένης
1312 4687 1559 4757 χηρείαν.
1595 4687 1751 4750 Τίνος
1796 4685 1852 4739 δέ

271 4773 456 4828 ἕνεκεν
505 4774 599 4828 καὶ
629 4777 721 4829 ἐπὶ
762 4774 969 4845 ταύτης
1017 4776 1240 4828 ἀπαιτεῖ
1285 4775 1514 4846 χρόνονς
1565 4771 1719 4829 Οἶδεν
1770 4777 1853 4830 ὅτι

273 4867 422 4937 πυρά
442 4867 529 4930 τίς
553 4869 698 4920 ἐστιν
731 4868 761 4937 ἡ
791 4865 998 4938 νεότης,
1025 4867 1118 4920 καὶ
1139 4865 1374 4934 πέλαγος
1402 4867 1662 4937 κυμάτων
1683 4866 1854 4937 γέμον

278 4958 370 5009 καὶ
397 4957 600 5020 πολλὰς
625 4957 746 5028 ἕχον
773 4956 1194 5020 ἐπαναστάσεις.
1242 4956 1493 5010 Ἐπειδὰν
1524 4952 1616 5009 οὖν
1648 4955 1854 5027 μέλλω-

280 5065 362 5104 σιν
393 5050 503 5104 ἀπδ
544 5049 645 5118 τῆς
679 5049 891 5119 ἡλικίας
937 5050 1183 5102 ἀτέλειαν
1227 5048 1389 5120 ἔχειν,
1432 5049 1528 5102 καὶ
1573 5048 1764 5122 ῶσπερ
1798 5050 1856 5101 ἐν

279 5140 458 5211 λιμένι
489 5142 806 5214 διατρίϐωσι
834 5142 913 5211 τῷ
957 5143 1125 5213 γήρᾳ,
1157 5141 1264 5196 τῶν
1310 5141 1620 5212 ἐπιθυμιῶν
1664 5141 1856 5204 αὑταῖς

283 5232 634 5289 σϐεσθεισῶν.
670 5233 807 5302 μετὰ
835 5231 1018 5295 ἀδείας
1044 5231 1213 5295 αὐτὰς
1242 5235 1321 5296 εἰς
1343 5233 1435 5286 τὸν
1459 5234 1619 5305 χορὸν
1647 5233 1857 5300 εἰσάγει

285 5323 494 5377 τοῦτον.
519 5322 583 5374 Τί
606 5317 698 5376 οὖν
719 5364 734 5388 ,
761 5323 882 5392 οὐχὶ
912 5321 1124 5384 πολλαὶ,
1150 5323 1302 5392 φησί,
1336 5324 1430 5376 καὶ
1456 5324 1592 5394 μετά
1612 5325 1856 5378 εἰκοστὸν

285 5414 403 5477 ἔτος
426 5415 731 5488 ἀρξάμεναι
763 5416 922 5486 μέχρι
951 5414 1142 5478 τέλους
1169 5414 1491 5486 διέλαμψαν,
1525 5418 1620 5470 καὶ
1646 5416 1738 5468 τὸν
1763 5415 1857 5480 ζυ-

284 5503 381 5571 γδν
441 5506 703 5576 ἤνεγκαν,
759 5506 852 5559 καὶ
904 5505 1261 5560 ἀποστολικδν
1315 5505 1659 5572 ἐπεδείξαντο
1708 5505 1864 5576 βίον;

347 5664 378 5764 ε
402 5668 508 5716 Οὐκ
535 5668 679 5723 εἶπεν,
701 5670 757 5717 Εἰ
773 5668 1184 5746 ἐτεκνοτρόφησεν,
1205 5671 1244 5719 εἰ
1267 5669 1496 5733 ὶξινοδὸχ.
1521 5668 1605 5721 Sic
1625 5677 1726 5722 tres
1746 5687 1861 5724 mss.

401 5727 501 5764 Rud
565 5731 658 5764 ’ΜΩ
681 5737 814 5764 mmo
841 5733 1099 5764 νηηίῆίιιγηι

401 5727 521 5780 Cod.
565 5731 658 5780 758
681 5737 814 5780 recte
841 5727 1121 5780 καθεδεῖται.

1347 365 1415 421 ΙΝ
1457 367 1684 437 ILLUD,
1731 369 1943 428 νιυυΑ
1985 369 2360 428 ELIGATUR.

3371 371 3478 428 εει

1905 470 2221 543 κωλύσομεν
2241 469 2334 528 οὖν
2367 475 2603 542 ἐκείνας,
2635 478 2756 532 εἰπέ
2794 495 2905 550 μοι,
2929 478 3023 532 καὶ
3062 477 3390 549 βουλομένας
3419 480 3479 532 ἐν

1905 563 2102 635 χηρείᾳ
2125 565 2224 635 ζῇν
2253 567 2638 638 ἀναγκάσομεν
2659 568 2935 640 δευτέροις
2960 567 3220 639 ὁμιλῆσαι
3247 568 3445 638 γάμοις
3460 583 3476 632 ;

1907 655 2000 708 καὶ
2044 657 2148 709 ποῦ
2193 658 2354 712 τοῦτο
2394 659 2544 726 ἀξιον
2578 661 2939 727 ἀποστολικῆς
2987 661 3250 730 γνώμης;
3301 662 3354 714 τί
3386 653 3484 714 οὖν
3555 711 3558 713 .

1907 744 2022 799 ἐστι
2050 745 2111 797 τὸ
2135 746 2456 818 λεγόμενονς
2491 750 2795 821 Προσέχετε
2833 751 2971 820 μετὰ
3003 752 3310 824 ἀκριϐείας,
3340 753 3478 820 ἀγα-

1909 837 2087 906 πητοὶ,
2131 837 2268 908 αὐτῇ
2316 841 2384 910 τῇ
2417 840 2664 910 σημασία
2705 841 2807 910 τῆς
2833 843 3048 908 λέξεως.
3086 845 3162 896 Ού
3203 843 3312 913 7&9
3337 839 3487 908 εἷπε,

1910 928 2068 998 Χήρα
2097 929 2328 996 γινέσθω
2367 933 2440 1001 μὴ
2475 932 2713 984 ἐλάττων
2740 933 2875 986 ἐτῶν
2916 936 3180 1004 ἐξήκοντα
3206 937 3479 1003 γεγονυῖα,

1911 1017 2067 1081 ἀλλά,
2118 1017 2284 1086 Χήρα
2325 1019 2782 1090 καταλεγέσθω·
2831 1022 2925 1074 καὶ
2977 1021 3140 1076 πάλιν
3187 1023 3288 1075 οὐκ
3335 1016 3486 1086 εἶπε,

1911 1111 2094 1181 Χῆραι
2121 1109 2380 1180 νεώτεραι
2406 1111 2480 1182 μὴ
2509 1111 3010 1180 καταλεγέσθωσαν,
3036 1113 3192 1177 ἀλλά,
3223 1113 3332 1180 Τὰς
3351 1129 3492 1166 νεω-

1913 1200 2085 1267 τέρας
2125 1201 2193 1254 δὲ
2218 1201 2408 1269 χήρας
2435 1203 2724 1270 παραιτοῦ
2744 1222 2758 1234 ο
2787 1203 2925 1274 πρὸς
2949 1203 3058 1276 7&9
3091 1206 3183 1258 τὸν
3221 1205 3492 1275 Τιμόθεον

1911 1292 2085 1346 ταῦτα
2108 1292 2434 1360 διαλέγεται.
2469 1293 2686 1364 Ἐπειδὴ
2717 1294 2825 1364 γάρ
2851 1296 3035 1348 πολλοὶ
3059 1296 3167 1349 τῶν
3184 1296 3280 1349 ἀνθ
3291 1294 3491 1368 ρώπων

1913 1385 2227 1456 εὐχείρωτοι
2257 1385 2382 1456 περὶ
2421 1388 2764 1456 κακηγορίας
2802 1387 2928 1451 εἰσί,
2972 1387 3192 1451 καὶτὰς
3243 1386 3490 1456 γλώττας

1914 1478 2054 1530 κατά
2082 1476 2189 1527 τῶν
2219 1477 2315 1543 τῆς
2355 1477 2683 1546 Ἑκκλησίας
2712 1476 3072 1548 προεστώτων
3101 1479 3403 1547 ⁴ἰγκονήκασι
3435 1489 3487 1541 ο,

1917 1566 2239 1638 βουλόμενος
2267 1567 2576 1638 ἐξαρπάσαι
2603 1569 2695 1621 τὸν
2721 1569 2958 1640 ἄρχοντα
2980 1569 3088 1622 τῶν
3103 1569 3489 1640 ἐγκλημάτων,

1912 1655 2136 1718 τούτους
2169 1656 2350 1726 τίθησι
2383 1659 2510 1720 τοὺς
2539 1658 2759 1729 νόμους,
2785 1659 2878 1712 καί
2897 1677 3029 1730 φησι
3051 1675 3064 1689 ⁸
3094 1661 3166 1715 Σὺ
3194 1659 3486 1731 παραιτοῦ,

1915 1748 2012 1801 καὶ
2040 1748 2103 1800 σὺ
2133 1748 2206 1819 μὴ
2241 1749 2531 1818 κατάλεγε.
2563 1752 2660 1804 Ἂν
2693 1752 2831 1822 αὑτὴ
2862 1751 3119 1822 βούληται
3149 1751 3361 1805 οἴκοθεν
3398 1753 3498 1806 καὶ

1917 1841 2046 1909 παρ’
2077 1841 2279 1911 ἑαυτῆς
2302 1841 2573 1912 αἱρεῖσθαι
2602 1843 2792 1908 ταῦτα,
2826 1844 3049 1897 ποιείτω
3069 1861 3082 1875 ο
3115 1845 3178 1897 σὺ
3207 1844 3388 1914 μέντοι
3417 1841 3495 1914 μὴ

1919 1933 2184 2004 καταδέξῃ
2219 1934 2464 2004 μηδέπω,
2493 1936 2579 1989 ἵνα
2623 1935 2697 2007 μὴ
2730 1937 2962 2004 λέγωσιν
2991 1937 3372 2007 ὅτιΝεωτέραν
3403 1931 3497 1989 οὗ·

1920 2042 2038 2088 σαν,
2064 2025 2344 2096 γήμασθαι
2371 2025 2720 2097 βουλομένην,
2749 2027 2928 2090 οἰκίας
2945 2027 3270 2098 προστῆναι,
3295 2029 3324 2080 ὁ
3350 2027 3497 2079 δεῖνα

1917 2118 2300 2187 κατηνάγκασε
2321 2133 2334 2146 ο
2366 2116 2455 2169 διὰ
2482 2115 2642 2169 τοῦτο
2664 2116 2850 2184 ἐπεσε,
2882 2119 2977 2170 καὶ
3004 2118 3392 2187 ὑπεσκελίσθη.
3423 2117 3495 2170 Σὺ

1923 2207 1996 2278 μὴ
2029 2206 2330 2277 καταλέξῃς
2363 2207 2556 2278 αὐτὴν,
2591 2207 2697 2272 ἴνα,
2738 2207 2844 2261 κᾶν
2877 2208 3040 2279 πέσῃ,
3074 2209 3183 2262 τῶν
3211 2209 3494 2280 ἐγκλημάο

1917 2315 2025 2351 των
2053 2293 2120 2371 ᾖς
2145 2296 2564 2367 ἀπηλλαγμένος
2582 2314 2596 2327 ο
2641 2295 2744 2350 κᾶν
2784 2297 2858 2368 μὴ
2888 2297 3050 2370 πέσῃ,
3085 2298 3222 2368 μετά
3252 2297 3496 2361 πλείονος

1922 2387 2219 2457 ἀσφαλείας
2259 2387 2338 2458 τῷ
2385 2389 2718 2459 προσήκοντι
2752 2387 2931 2459 καιρῷ
2962 2388 3285 2460 καταλέξῃς.
3325 2389 3389 2440 Εἰ
3438 2389 3496 2442 δὲ

1919 2477 2089 2546 λέγει,
2129 2478 2430 2545 Βούλομαι
2476 2476 2766 2545 νεωτέρας
2804 2477 2994 2548 χήρας
3021 2478 3250 2547 γαμεῖν,
3297 2495 3502 2532 τεκνο-

1920 2568 2144 2638 γονεῖν,
2192 2568 2426 2621 ἄκουσον
2456 2567 2616 2632 ποίας
2647 2569 2782 2636 φησί
2805 2568 3097 2639 νεωτέρας,
3134 2568 3233 2631 τὰς
3271 2568 3407 2637 μετά
3443 2567 3506 2620 τὸ

1926 2658 2078 2730 [514]
2110 2662 2582 2730 καταπρηνιᾶσαι
2623 2660 2720 2712 τοῦ
2754 2659 2992 2728 Χριστοῦ
3027 2659 3360 2730 βουλομένας
3404 2675 3506 2728 γα-

1929 2753 2068 2819 μεῖν,
2101 2751 2202 2815 τάς
2231 2751 2528 2823 φλυάρους,
2559 2753 2659 2815 τάς
2689 2751 3038 2822 περιέργους,
3077 2751 3174 2814 τάς
3215 2767 3506 2823 περιερχο⁶

1932 2842 2098 2910 μένας
2137 2841 2238 2904 τάς
2269 2842 2469 2906 οἰκίας,
2503 2842 2603 2906 τάς
2633 2843 2900 2904 λαλούσας
2945 2841 3016 2894 τὰ
3056 2843 3129 2912 μὴ
3164 2842 3371 2904 δέοντα,
3407 2841 3507 2903 τὰς

1928 2931 2299 3000 ἐκτραπείσας
2316 2933 2494 2984 ὀπίσω
2512 2933 2606 2984 τοῦ
2635 2933 2950 2986 Σατανᾶ.οὐ
2972 2933 3081 3003 γάρ
3106 2932 3274 2984 εἰπὼν
3295 2931 3504 2995 ἁπλῶς,

1929 3021 2232 3088 Βούλομαι
2272 3021 2566 3088 νεωτέρας
2596 3021 2830 3091 γαμεῖν,
2882 3022 3160 3091 ἐσίγησεν,
3192 3020 3326 3074 ἀλλά
3357 3021 3506 3088 λέγει

1931 3112 2022 3164 καὶ
2049 3111 2209 3175 ποίας
2237 3112 2527 3184 νεωτέρας,
2561 3114 2656 3166 καὶ
2699 3112 2769 3166 τὰ
2799 3112 3066 3182 πτώματα
3099 3113 3279 3166 αὐτῶν
3306 3113 3505 3166 ἔπεισι.

1931 3205 2068 3258 Ποῖα
2083 3203 2353 3275 πτώματα.
2373 3221 2387 3270 ;
2410 3204 2596 3257 Ὅταν
2615 3203 3204 3272 καταστρηνιάσωσι,
3231 3204 3382 3274 φησὶ,
3403 3203 3510 3257 τοῦ

1931 3292 2210 3362 Χριστοῦ,
2246 3292 2560 3362 γαμεῖσθαι
2603 3292 2876 3356 θέλουσι,
2923 3293 3020 3346 καί
3065 3293 3241 3361 ἀργαί
3277 3291 3511 3362 μανθά-

1931 3401 2131 3450 νουσι,
2168 3385 2264 3439 καὶ
2293 3385 2608 3455 περίεργοι,
2649 3385 3103 3455 περιερχόμεναι
3149 3387 3258 3451 τὰς
3289 3387 3503 3450 οἰκίας,

1933 3477 2237 3531 λαλοῦσαι
2267 3478 2339 3530 τὰ
2371 3476 2457 3545 μὴ
2482 3477 2720 3539 δέοντα,
2758 3476 2856 3529 καί
2885 3476 3324 3543 ἐξετράπησαν.
3357 3477 3514 3539 Τίνος

1933 3567 2139 3631 όπίσω;
2197 3567 2311 3622 Τοῦ
2345 3565 2600 3621 Σατανᾶ.
2651 3567 2806 3620 Ἐπεὶ
2844 3562 2936 3620 οὖν
2991 3566 3130 3636 μετά
3173 3567 3234 3619 τὸ
3285 3566 3514 3638 χηρείαν

1936 3657 2175 3720 ἑλέσθαι,
2206 3658 2299 3712 καὶ
2325 3655 2529 3726 ταύτην
2554 3657 2733 3709 πᾶσαν
2765 3656 3058 3726 ὑπομεῖναι
3083 3655 3182 3726 τὴν
3207 3655 3513 3726 ἀσχημοσύ-

1937 3767 2057 3821 νην,
2086 3747 2363 3818 βούλονται
2391 3747 2635 3817 γαμῆσαι
2665 3747 2846 3809 πάλιν,
2881 3746 3086 3816 βέλτιον
3115 3748 3243 3818 πρὶν
3271 3745 3514 3816 ἔχεσθαι,

1939 3841 2033 3895 καὶ
2068 3839 2168 3901 τάς
2194 3839 2329 3910 πρὸς
2373 3838 2464 3892 τὸν
2507 3836 2740 3909 Χριστὸν
2787 3837 3175 3907 καταπατῆσαι
3217 3837 3516 3907 συνθήκας,

1941 3927 2221 3983 ἐπὶτοῦτο
2266 3927 2477 3980 ἐλθεῖν·
2512 3926 2588 3989 ὡς
2627 3927 2676 3978 εἰ
2727 3926 2800 3996 μή
2850 3942 2934 3988 τις
2983 3925 3068 3995 εἴη
3117 3924 3370 3997 τοιαύτη,
3417 3925 3520 3980 οὐκ

1941 4015 2245 4086 ἐπιτίθησιν
2273 4013 2520 4084 ἀνάγκην
2557 4011 2737 4082 γάμου
2763 4011 3044 4083 δευτέρου.

2013 4126 2078 4180 δ’.
2092 4125 2203 4178 Καὶ
2217 4125 2300 4178 ὅτι
2316 4122 2474 4176 τοῦτό
2488 4124 2639 4176 ἐστιν
2657 4120 2876 4192 ἀληθὲς,
2892 4121 3052 4190 δῆλον
3075 4120 3305 4174 ἐκεῖθεν.
3326 4121 3388 4174 Εἰ
3410 4120 3521 4192 7&9

1945 4215 2022 4280 ὡς
2061 4216 2225 4286 νόμον
2255 4212 2411 4266 τοῦτο
2448 4212 2660 4267 τέθεικε
2688 4211 2889 4275 πάσαις
2917 4214 3036 4275 ταῖς
3071 4211 3286 4279 γυναιξὶ
3325 4211 3387 4265 τὸ
3423 4229 3523 4279 γα-

1951 4306 2070 4374 μεῖν
2097 4303 2192 4356 καὶ
2229 4301 2653 4363 οἰκοδεσποτεῖν,
2692 4299 2965 4371 περιττῶς
2999 4301 3181 4352 ἐκεῖνα
3204 4299 3424 4371 ἀπῄτει,
3455 4301 3524 4354 El

1945 4395 2482 4461 ἐτεκνοτρόφησεν,
2511 4393 2564 4444 εί
2595 4391 2778 4460 ἁγίων
2821 4391 3012 4456 πόδας
3045 4391 3278 4459 ἔνιψεν,
3311 4393 3364 4445 εἰ
3394 4394 3524 4446 θλι-

1949 4484 2221 4554 ϐομένοις
2260 4481 2621 4550 ἐπήρκεσεν,
2665 4483 2719 4534 εί
2758 4480 2937 4533 παντί
2987 4481 3138 4549 ἔργῳ
3180 4482 3382 4548 ἀγαθῷ
3427 4483 3528 4535 ἐπ.

1949 4575 2332 4642 ηκολούθησε
2353 4589 2366 4602 ·
2392 4570 2664 4639 περιττῶς
2697 4569 2918 4622 κάκεῖνό
2945 4585 3080 4640 φησι
3106 4570 3186 4629 τὸ,
3228 4570 3400 4636 Ἐνὸς
3427 4571 3526 4623 ἀν-

1949 4666 2091 4734 δρὸς
2111 4663 2410 4735 γεγονυῖα.
2440 4663 2502 4715 Εἰ
2523 4661 2630 4732 γὰρ
2656 4660 2838 4723 πάσας
2857 4659 2956 4723 τὰς
2985 4660 3259 4731 νεωτέρας
3283 4660 3526 4725 κελεύεις

1950 4756 2267 4828 γαμεῖσθαι,
2297 4753 2412 4817 πῶς
2425 4753 2712 4824 δυνήσεταί
2731 4770 2814 4815 τις
2832 4753 2950 4817 ἑνὸς
2980 4753 3173 4824 ἀνδρὸς
3193 4749 3334 4807 εἶναι
3354 4755 3488 4825 γυνή
3508 4772 3522 4819 ;

1953 4843 2116 4894 Ὥστε
2149 4839 2286 4911 πρὸς
2311 4838 2524 4899 ἐκείνας
2548 4837 2577 4888 ὁ
2605 4837 2760 4904 λόγος
2785 4835 2956 4907 αὐτῷ.
2993 4835 3154 4890 Οὕτω
3181 4838 3275 4890 καὶ
3299 4837 3394 4890 ἐπὶ
3423 4838 3525 4907 τῆς

1955 4925 2238 4989 συνουσίας
2283 4925 2383 4994 τῆς
2435 4921 2577 4976 κατὰ
2607 4923 2698 4976 τὸν
2745 4921 2925 4994 γάμον
2957 4925 3120 4977 ποιεῖ.
3161 4922 3346 4977 Εἰπὼν
3393 4923 3524 4996 7&9,

1953 5023 2009 5074 Μ
2017 5021 2049 5086 ἡ
2086 5015 2472 5084 ἀποστερεῖτε
2501 5013 2836 5080 ἀλλήλους,
2875 5016 2929 5068 εί
2953 5013 3039 5083 μή
3078 5032 3133 5068 τι
3167 5014 3244 5068 ἂν
3273 5015 3342 5068 ἐκ
3369 5031 3524 5086 συμ-

1953 5112 2155 5182 φώνου
2192 5107 2341 5176 πρὸς
2371 5107 2600 5176 καιρὸν,
2632 5107 2735 5160 ἵνα
2773 5104 3109 5176 σχολάζητε
3165 5106 3240 5175 τῇ
3277 5109 3531 5176 νηστείᾳ

1956 5202 2052 5256 καί
2096 5198 2172 5267 τῇ
2205 5195 2539 5267 προσευχῇ,
2571 5195 2672 5248 καί
2707 5193 2896 5248 πάλιν
2947 5195 3046 5248 ἐπὶ
3089 5196 3152 5249 τὸ
3194 5197 3342 5250 αὐτὸ
3379 5213 3532 5250 συν-

1956 5286 2216 5356 έρχησθε
2239 5299 2253 5312 ο
2306 5282 2394 5334 ἵνα
2436 5279 2511 5350 μὴ
2539 5279 2768 5350 νομίζῃς
2808 5279 2870 5331 τὸ
2917 5281 3148 5350 πρᾶγμα
3176 5279 3340 5349 νόμον
3369 5275 3532 5343 εἰναι,

1958 5368 2284 5440 προστίθησι
2307 5364 2403 5436 τὴν
2432 5365 2611 5418 αἰτίαν
2643 5362 2872 5434 ὓστερον
2901 5362 3104 5430 λέγων·
3133 5363 3268 5415 Ἵνα
3289 5361 3376 5430 μὴ
3405 5379 3535 5416 πει-

1953 5453 2098 5522 ράζῃ
2127 5449 2285 5520 ὑμᾶς
2311 5452 2343 5504 ό
2375 5447 2665 5514 Σατανᾶς.
2708 5447 2887 5502 Τοῦτο
2919 5445 2988 5499 δὲ
3028 5446 3184 5516 λέγω
3212 5447 3361 5500 κατὰ
3387 5462 3535 5516 συγ-

1961 5539 2224 5607 γνώμην,
2255 5535 2365 5588 οὐκ
2397 5531 2711 5601 ἐπιταγὴν,
2745 5530 2844 5584 διὰ
2870 5530 2985 5598 τὴν
3016 5531 3316 5599 ἀκρασίαν
3349 5531 3535 5601 ὑμῶν.

1963 5623 2176 5690 Ὠσπερ
2206 5614 2298 5672 οὖν
2339 5617 2402 5671 οὐ
2453 5618 2620 5669 πᾶσιν
2677 5617 2794 5668 ἐκεῖ
2829 5614 3004 5670 ταῦτα
3037 5615 3364 5685 διαλέγεται,
3401 5616 3539 5670 ἀλλά

2029 5755 2052 5785 ε
2093 5751 2209 5806 Cod.
2236 5750 2330 5800 718
2351 5749 2610 5808 ἠκόνησαν.
