4060 6260
229 410 232 414 -
257 369 368 426 325

257 481 420 548 igitur
441 494 550 534 non
571 479 824 536 omnibus
851 481 956 538 illic
979 482 1076 536 ista
1105 480 1356 552 loquitur,
1383 479 1481 536 sed
1505 481 1570 536 iis
1594 480 1684 550 qui
1705 480 1846 538 inter

257 572 503 627 homines
527 572 1002 628 incontinentiam
1026 581 1172 636 sunt,
1201 582 1253 627 et
1278 571 1436 628 facile
1454 571 1570 642 capi
1599 577 1842 641 possunt:

253 664 332 716 sic
359 664 519 718 etiam
543 663 654 718 hoc
675 663 794 718 loco
819 664 1068 720 mulieres
1092 671 1395 735 expugnata
1417 661 1620 729 faciles,
1651 671 1705 718 et
1725 677 1844 732 qua:

252 768 362 808 non
412 755 484 808 ita
527 753 680 809 facile
705 755 949 824 perferre
996 766 1216 825 possunt
1245 762 1489 818 exactam
1513 756 1564 809 in
1590 753 1844 810 viduitate

249 845 468 900 vivendi
515 847 816 911 rationem,
869 846 1144 911 hortatur,
1176 855 1230 902 et
1249 848 1510 916 consulit,
1537 855 1594 908 ut
1616 847 1842 902 alterum

247 937 424 989 virum
457 936 815 998 intremit-ant.
863 938 958 992 Est
982 938 1122 992 enim
1169 954 1256 993 res
1281 938 1522 1008 quaedam
1543 937 1739 1006 duplex
1765 938 1846 991 vi-

247 1026 448 1082 duitas.
478 1027 618 1095 Quid
663 1029 764 1084 hoc
807 1039 889 1084 est
919 1029 1132 1084 tandem
1159 1029 1390 1098 duplex?
1417 1030 1682 1084 Bonorum
1714 1045 1841 1100 ope-

246 1134 370 1172 rum
397 1121 692 1188 specimen,
719 1130 776 1176 et
799 1120 1018 1176 honoris
1053 1121 1248 1176 summi
1273 1122 1560 1192 fastigium.
1593 1121 1658 1176 Ut
1683 1122 1842 1192 igitur

245 1221 330 1266 est
376 1212 536 1266 etiam
565 1227 656 1267 res
693 1213 938 1284 quaedam
985 1211 1182 1284 duplex
1227 1215 1568 1284 magistratus
1614 1231 1630 1268 :
1680 1212 1841 1268 habet

246 1302 392 1356 enim
419 1313 478 1358 et
503 1317 668 1372 opera
715 1313 770 1358 et
811 1304 1152 1374 dignitatem;
1177 1304 1409 1375 dignitas
1437 1303 1648 1375 quidem
1676 1306 1842 1374 magi-

244 1401 450 1446 stratus
489 1403 573 1448 est
619 1402 878 1462 potestas,
907 1405 962 1448 et
987 1395 1159 1450 cultus
1184 1394 1274 1466 qui
1293 1409 1322 1447 a
1351 1395 1508 1464 vulgo
1535 1393 1838 1458 exhibetur,
1871 1399 1878 1406 '

243 1495 304 1540 et
337 1487 512 1555 ipsum
549 1501 672 1542 esse
711 1487 1112 1557 magistratum;
1141 1501 1305 1556 opera
1343 1499 1472 1540 vero
1501 1485 1839 1554 magistratus

243 1586 375 1632 sunt
416 1577 608 1648 injuria
651 1576 858 1632 affectis
901 1593 1238 1646 succurrere,
1268 1575 1560 1631 inferentes
1594 1574 1840 1644 injuriam

242 1683 614 1738 compescere,
641 1668 861 1724 urbibus
887 1685 1144 1740 prmesse,
1173 1670 1226 1723 in
1261 1651 1637 1724 communibus
1663 1668 1840 1737 reipu-

242 1757 404 1814 blicte
448 1760 593 1814 curis
627 1759 942 1815 excubsndo
979 1769 1315 1830 pernoctare,
1344 1769 1399 1814 et
1436 1759 1635 1829 reliqua
1683 1759 1840 1814 innu-

241 1865 398 1906 mera
427 1867 444 1907 :
471 1851 549 1905 sic
573 1859 628 1905 et
655 1850 886 1908 viduitas
911 1861 966 1907 et
988 1851 1216 1926 dignitas
1237 1859 1321 1906 est
1337 1858 1395 1905 et
1413 1865 1583 1920 opus:
1609 1850 1838 1904 maxima

239 1942 477 2013 dignitas
502 1951 587 2015 est
635 1942 848 1998 viduam
899 1958 1042 2008 esse,
1081 1952 1139 1998 ut
1166 1951 1294 1998 ante
1319 1941 1837 2008 demonstravimus;

239 2048 382 2104 Opus
403 2041 488 2088 est
513 2033 804 2090 secundum
835 2036 1082 2090 maritum
1113 2035 1214 2091 sibi
1243 2051 1348 2090 non
1377 2034 1708 2100 adsciscere,
1741 2035 1835 2088 sed

241 2125 412 2193 priori
451 2141 574 2182 esse
609 2137 941 2195 contentam,
973 2128 1110 2183 filios
1147 2127 1398 2193 educare,
1445 2127 1674 2197 hospitio
1697 2127 1838 2182 rcci-

145 2265 149 2270 .
237 2233 395 2288 pere,
419 2218 586 2288 pedes
627 2229 931 2274 sanctorum
969 2219 1168 2285 lavare,
1196 2219 1592 2274 tribulationem
1633 2218 1840 2288 patien-

239 2313 388 2367 tibus
413 2311 840 2376 subministrare,
863 2327 1026 2367 omne
1047 2327 1180 2382 opus
1205 2312 1403 2366 bonum
1419 2311 1634 2366 sectari.
1655 2311 1837 2380 Itaque

237 2402 445 2456 Paulus
488 2401 558 2458 de
601 2402 710 2458 illis
753 2402 980 2472 loquens
1023 2417 1186 2472 opera
1215 2403 1430 2473 quidem
1457 2404 1635 2456 omnia
1665 2403 1836 2456 viduae

237 2494 374 2548 sinit
399 2495 545 2550 illam
575 2495 832 2565 perlicere
857 2513 870 2549 :
897 2495 962 2549 ad
991 2495 1300 2566 dignitatem
1339 2505 1519 2551 autem
1548 2495 1740 2562 viduae,
1773 2510 1837 2550 ac

237 2595 465 2652 cretum,
513 2593 570 2640 et
591 2585 834 2640 ordinem
885 2586 1028 2640 illam
1076 2585 1296 2656 provehi
1345 2602 1452 2640 non
1480 2587 1626 2653 sinit,
1665 2585 1837 2642 donec

237 2675 612 2745 sexagesimus
623 2691 798 2730 annus
819 2677 1152 2745 prmtcrierit,
1173 2677 1322 2747 quasi
1347 2677 1508 2732 dicat:
1525 2677 1698 2750 Opera
1721 2679 1834 2748 qui-

234 2767 368 2823 dem
396 2767 566 2822 vidua:
589 2767 769 2833 faciat,
796 2769 1108 2839 dignitatem
1137 2786 1262 2826 vero
1294 2781 1401 2824 tum
1429 2772 1686 2836 obtineat,
1711 2787 1834 2825 cum

235 2860 331 2916 his
355 2862 602 2916 omnibus
629 2862 880 2932 perfectis
918 2863 1258 2918 securitatem
1287 2864 1548 2918 beneficio
1579 2864 1836 2935 temporis

231 2961 528 3022 essequuta
549 2952 724 3017 fuerit,
756 2962 812 3008 et
833 2969 901 3008 ex
927 2954 1178 3024 operibus
1223 2953 1732 3010 demonstrationem
1771 2970 1837 3010 ac

235 3046 609 3100 testimonium
648 3056 951 3101 externum.
1009 3045 1180 3101 Nemo
1205 3047 1333 3102 solis
1359 3046 1673 3102 mulieribus
1695 3045 1837 3101 arbi-

233 3147 418 3193 tretur
458 3137 754 3192 orationem
780 3138 1090 3194 convenire.
1120 3138 1252 3193 Nam
1271 3147 1329 3194 et
1350 3137 1478 3194 viris
1511 3137 1745 3208 prodest,
1775 3145 1836 3191 ut

233 3239 294 3282 et
323 3228 427 3296 ipsi
473 3227 740 3283 defunctis
775 3228 1043 3284 uxoribus
1085 3229 1200 3283 suis
1235 3229 1470 3286 contenti
1499 3229 1628 3295 sint,
1659 3244 1833 3300 neque

223 3320 411 3373 ‘velint
434 3333 556 3374 cum
581 3319 765 3375 liberis
786 3321 896 3384 suis
926 3320 1124 3375 leaenas
1149 3320 1412 3381 habitare.
1431 3321 1560 3375 dum
1575 3335 1833 3376 novercas

219 3410 626 3475 introducunt,
665 3419 722 3466 et
757 3425 907 3466 suam
937 3427 1152 3466 omnem
1183 3413 1522 3467 securitatem
1559 3415 1828 3467 evertunt.

316 3501 372 3556 5.
415 3499 721 3555 Coltortatur
756 3502 826 3556 ad
858 3503 1230 3573 monogamiatn
1249 3543 1264 3566 ,
1296 3520 1388 3556 nec
1417 3504 1626 3558 damnat
1653 3521 1833 3558 secun-

243 3595 340 3648 das
361 3593 590 3660 nuptias.
610 3623 684 3633 —
705 3592 832 3648 “ch
857 3602 1040 3648 autem
1081 3609 1112 3647 a
1143 3594 1296 3648 nobis
1322 3593 1571 3648 dicuntur
1593 3637 1609 3661 ,
1642 3610 1748 3649 non
1776 3603 1835 3649 ut

237 3685 508 3742 secundas
523 3685 763 3740 aversari
791 3685 1000 3754 nuptias
1025 3684 1419 3753 praecipiamus;
1448 3685 1540 3740 sed
1571 3694 1630 3740 ut
1655 3686 1833 3740 horte-

239 3791 367 3830 mur
395 3783 451 3829 et
475 3774 851 3839 consulamus,
899 3775 1164 3844 prioribus
1187 3791 1308 3830 esse
1341 3784 1640 3831 contentos.
1675 3775 1831 3832 Aliud

237 3875 328 3920 est
351 3865 651 3930 adhortari,
679 3866 821 3920 aliud
849 3867 1158 3938 praecipere.
1180 3867 1311 3922 Nam
1336 3868 1424 3938 qui
1449 3867 1760 3924 adhortatur
1779 3879 1834 3924 et

237 3957 482 4011 consulit
499 3995 517 4022 ,
545 3956 598 4011 in
625 3957 848 4012 arbitrio
873 3973 938 4013 ac
979 3967 1239 4027 potestate
1265 3959 1516 4029 relinquit
1537 3959 1794 4014 auditoris
1814 4001 1829 4024 ,

241 4056 306 4102 ut
329 4047 474 4118 quod
518 4050 829 4105 consulatur
857 4050 1019 4121 eligat
1050 4066 1064 4104 :
1098 4052 1187 4121 qui
1219 4066 1344 4106 veno
1387 4053 1662 4123 prmeipit,
1696 4053 1832 4108 hanc

241 4138 548 4194 facultatem
575 4139 838 4209 ejusmodi
883 4157 990 4195 non
1032 4142 1308 4210 permittit.
1341 4143 1410 4196 At
1451 4143 1687 4198 Ecclesia
1731 4143 1831 4199 ista

241 4245 350 4284 non
373 4231 633 4301 pra-cipit,
656 4232 749 4286 sed
777 4232 1019 4288 hortatur
1044 4235 1215 4288 solum
1240 4252 1254 4286 :
1283 4235 1544 4306 siquidem
1567 4237 1832 4292 secundas

240 4322 404 4375 etiam
435 4323 647 4391 nuptias
677 4325 916 4393 permisit
945 4324 1140 4380 Paulus
1165 4341 1288 4380 cum
1319 4326 1388 4380 ita
1433 4327 1567 4382 dixit
1596 4342 1612 4380 :
1644 4327 1834 4382 Mulier

239 4413 456 4484 alligata
479 4423 552 4468 est
579 4415 680 4486 legi
698 4457 713 4480 ,
743 4426 928 4487 quanto
955 4429 1176 4489 tempore
1202 4419 1278 4470 vir
1305 4419 1412 4486 eius
1437 4419 1554 4474 vivit
1584 4434 1604 4472 :
1630 4421 1766 4489 quod
1790 4420 1834 4472 si

241 4509 502 4563 dormierit
532 4510 606 4564 vir
625 4511 756 4579 ejus,
780 4511 936 4565 libera
963 4521 1037 4565 est
1055 4551 1070 4574 ,
1097 4512 1182 4564 cui
1207 4509 1316 4566 vult
1341 4510 1496 4565 nubat
1517 4552 1534 4577 ,
1563 4521 1756 4565 tantum
1779 4512 1832 4566 in

243 4599 488 4654 Domino.
514 4599 720 4656 Reatior
757 4612 830 4656 est
851 4613 1022 4656 autem
1047 4603 1090 4656 si
1127 4603 1201 4657 sic
1242 4604 1569 4671 permanserit
1595 4603 1613 4674 (
1635 4604 1681 4657 ι.
1713 4603 1830 4658 Cor.

245 4693 298 4745 7.
321 4692 414 4748 59.
443 4693 514 4748 40
535 4695 575 4762 ).
601 4692 668 4748 Ut
689 4693 845 4762 igitur
865 4693 1061 4748 bonum
1083 4704 1166 4748 est
1183 4694 1509 4765 conjugium,
1534 4693 1628 4750 sed
1647 4695 1835 4750 melior

243 4793 328 4838 est
357 4785 634 4855 virginitas
663 4803 676 4837 :
711 4785 781 4839 ita
811 4786 1007 4840 bonum
1035 4787 1250 4855 quidem
1277 4796 1358 4840 est
1385 4787 1679 4842 secundum
1707 4803 1836 4842 con-

239 4874 448 4944 jugium
472 4917 486 4938 ,
515 4875 608 4929 sed
639 4877 830 4929 melius
855 4885 936 4929 est
967 4877 1196 4946 primum
1221 4886 1276 4931 et
1305 4876 1499 4930 solum.
1529 4875 1647 4931 Non
1677 4879 1837 4947 igitur

243 4969 551 5040 coniugium
590 4970 883 5025 secundum
912 4970 1181 5039 rejicimus
1204 5010 1220 5036 ,
1249 4985 1421 5039 neque
1445 4969 1561 5025 haec
1590 4971 1835 5040 prmcipi—

245 5077 369 5115 ntus
391 5103 407 5126 ,
441 5061 535 5116 sed
573 5067 950 5128 cohortamur,
980 5071 1036 5116 ut
1065 5061 1108 5116 si
1149 5063 1266 5131 quis
1287 5061 1590 5116 castitatem
1619 5076 1838 5118 servare

248 5157 454 5225 possit,
497 5156 566 5210 sit
614 5156 776 5224 priori
819 5165 1121 5211 contentus.
1165 5153 1525 5210 Coltortamur
1559 5165 1738 5210 autem
1783 5164 1841 5210 ct

245 5247 578 5302 consulimus
599 5247 664 5301 ad
685 5247 1052 5302 stabiliendum
1077 5246 1268 5302 domus
1289 5247 1630 5304 securitatem
1657 5263 1672 5299 :
1696 5261 1839 5315 saepe

250 5355 482 5408 ttatnquc
505 5339 756 5395 secundm
779 5351 976 5409 nuptne
1005 5338 1432 5408 quotidianarum
1457 5349 1514 5394 et
1543 5353 1840 5408 pugnarum

247 5442 305 5488 et
343 5432 748 5488 contentionum
797 5431 1003 5486 initium
1049 5439 1106 5486 et
1151 5430 1486 5486 occasionem
1527 5429 1838 5484 attulerunt.

249 5526 399 5580 Sane
436 5525 710 5580 multotios
745 5522 964 5589 evenit,
995 5517 1056 5578 ut
1097 5523 1340 5579 assidens
1385 5537 1584 5578 mense
1622 5521 1842 5576 maritus

255 5618 448 5688 prioris
474 5615 659 5671 uxoris
697 5615 1013 5673 recordatus
1033 5659 1050 5682 ,
1079 5619 1270 5678 leniter
1293 5616 1420 5672 ﬂeat
1449 5633 1464 5670 :
1491 5625 1548 5670 at
1589 5615 1680 5670 illa
1705 5629 1842 5671 con-

155 5745 158 5748 -
255 5709 430 5784 festini
457 5707 824 5775 excandescit,
855 5719 910 5764 et
935 5717 1205 5780 tamquam
1238 5709 1346 5764 fera
1375 5708 1561 5776 insilit,
1593 5719 1644 5764 et
1677 5709 1757 5763 sui
1783 5709 1840 5763 in

259 5799 403 5855 illaut
432 5801 632 5858 amoris
670 5801 741 5858 ab
785 5817 852 5859 eo
894 5817 1082 5871 punias
1121 5801 1305 5873 exigit.
1350 5800 1501 5869 Quod
1539 5801 1584 5856 si
1614 5800 1842 5857 voluerit

1359 367 1426 425 ΙΝ
1463 367 1688 434 ῐιωο.
1731 363 1934 425 ηοω
1977 368 2356 429 EMGATUB.

3433 386 3544 444 3‘26

1955 480 2174 540 laudare
2193 484 2522 551 defunctam,
2541 496 2652 544 tum
2675 491 3031 548 contentionis
3049 502 3106 550 et
3124 511 3312 568 pugnae
3328 505 3542 559 occasio

1952 589 2018 628 ex
2049 574 2292 632 laudibus
2321 577 2464 634 illius
2489 579 2738 638 oﬂ'ertur.
2775 586 2855 638 Ac
2894 584 3158 641 defunctis
3187 588 3402 660 quidem
3431 593 3536 649 ini-

1953 662 2104 718 micis
2140 667 2548 724 reconciliamur
2570 710 2584 732 ,
2612 671 2908 744 eodemque
2937 675 3046 731 ﬁne
3077 677 3183 732 vita
3226 679 3440 736 illorum
3481 693 3537 740 et

1951 763 2190 809 nostrum
2234 757 2284 810 in
2348 759 2467 814 illos
2509 761 2688 818 odium
2749 766 3066 824 terminatur
3115 785 3130 822 :
3181 768 3234 825 in
3265 773 3538 830 uxoribus

1949 853 2127 900 autem
2171 849 2498 906 contrarium
2537 853 2756 922 penitus
2795 857 2992 913 evenit.
3031 858 3201 927 Quam
3239 862 3382 918 enim
3424 879 3536 922 nou

1949 935 2104 1000 vidit,
2129 953 2286 1006 quam
2316 955 2422 996 non
2444 941 2646 998 audivit
2671 985 2686 1008 ,
2715 959 2746 998 a
2776 961 2876 1015 qua
2910 947 3044 1002 nihii
3063 959 3152 1005 est
3177 951 3304 1005 mali
3335 968 3488 1022 passa
3507 994 3534 1024 ,

1949 1025 2090 1081 hanc
2112 1027 2237 1082 odio
2267 1031 2608 1101 prosequi-tur
2631 1043 2686 1088 et
2715 1047 3026 1104 aversatur,
3052 1055 3116 1095 ac
3153 1057 3220 1094 ne
3245 1058 3392 1099 mors
3414 1045 3536 1116 qui-

1947 1113 2068 1170 dem
2098 1117 2280 1172 odium
2321 1123 2630 1192 exstinguit.
2657 1123 2788 1192 Quis
2815 1141 3065 1196 umquam
3093 1130 3260 1196 vidit,
3287 1133 3407 1202 quis
3431 1113 3532 1190 au-

1946 1205 2079 1260 divit
2115 1209 2432 1280 zelotypiam
2469 1212 2524 1266 in
2565 1214 2840 1284 pulverem
2865 1234 3138 1290 ,pugnam
3177 1237 3300 1277 cum
3347 1225 3536 1281 cinere

1946 1309 2245 1368 susceptam
2262 1301 2286 1353 2’

2013 1391 2067 1445 6.
2114 1392 2216 1446 Sed
2247 1409 2350 1447 non
2394 1410 2635 1467 eousque
2677 1406 2881 1454 tantum
2913 1403 3248 1471 progreditur
3281 1405 3490 1462 malum
3513 1423 3536 1460 τ-

1945 1483 2071 1551 quin
2099 1485 2256 1538 etiam
2284 1485 2398 1542 sive
2425 1503 2490 1542 ex
2519 1489 2751 1544 secunda
2793 1490 2903 1544 nati
2931 1491 3038 1546 sint
3061 1493 3213 1548 liberi
3237 1535 3254 1560 ,
3281 1494 3396 1552 sive
3423 1511 3538 1550 non:

1945 1573 2054 1627 sint
2079 1574 2210 1640 nati,
2241 1590 2414 1646 pugna
2441 1593 2628 1633 rursus
2652 1588 2708 1634 et
2734 1580 3006 1635 contentio
3031 1584 3290 1640 exoritur.
3321 1585 3454 1640 Nam
3481 1587 3536 1641 si

1945 1666 2052 1720 nati
2077 1681 2188 1722 non
2211 1669 2322 1723 sint
2343 1711 2360 1735 ,
2389 1670 2580 1738 majori
2627 1686 2860 1728 maerore
2905 1673 3218 1742 conficitur,
3245 1685 3300 1731 et
3333 1676 3440 1732 hac
3461 1678 3536 1734 de

1943 1768 2102 1810 causa
2145 1765 2298 1812 natos
2339 1773 2410 1813 ex
2449 1760 2614 1828 priori
2640 1769 2910 1832 tamquam
2951 1763 3172 1829 hostes,
3202 1773 3256 1820 et
3284 1781 3314 1819 a
3341 1767 3534 1836 quibus

1945 1846 2190 1902 maximis
2217 1849 2286 1902 sit
2313 1849 2499 1904 aﬁ‘ecta
2531 1851 2758 1922 injuriis,
2789 1853 3045 1921 intuetur,
3069 1856 3196 1910 dum
3225 1873 3292 1912 ex
3317 1857 3530 1915 illorum

1943 1934 2050 1988 vita
2089 1937 2382 1994 sterilitatis
2423 1953 2536 1994 suae
2571 1957 2788 1997 sensum
2827 1945 2972 2014 capit
3013 1946 3290 2016 majorem.
3320 1949 3374 2004 Si
3404 1966 3534 2004 vero

1945 2026 2052 2081 nati
2082 2026 2190 2081 sint
2211 2067 2228 2091 ,
2269 2044 2454 2083 rursus
2485 2030 2651 2086 nihilo
2687 2033 2861 2088 minus
2897 2035 3095 2090 malum
3125 2046 3226 2090 est.
3257 2036 3532 2108 Siquidem

1945 2119 2166 2173 maritus
2205 2134 2576 2190 saepenumero
2621 2125 2756 2180 bene
2798 2125 3024 2182 affectus
3061 2143 3186 2198 erga
3224 2129 3532 2186 defunctam

1945 2207 2044 2264 bos
2067 2212 2438 2280 amplectitur,
2465 2225 2524 2270 et
2554 2231 2738 2271 amore
2763 2217 2925 2272 simul
2967 2233 3033 2275 ac
3073 2220 3438 2276 misericordia
3477 2223 3532 2277 in

1943 2301 2064 2356 illos
2081 2311 2301 2373 propter
2326 2305 2606 2362 orbitatem
2632 2320 3034 2366 commovetur:
3063 2323 3118 2368 at
3147 2313 3236 2368 illa
3265 2329 3393 2370 suos
3417 2313 3534 2369 nbi-

1942 2408 2045 2461 que
2071 2395 2307 2464 praeferri
2334 2398 2482 2464 vult,
2511 2414 2574 2454 ac
2611 2415 2711 2456 nec
2747 2400 2971 2457 fratrum
3011 2403 3133 2460 illos
3170 2403 3355 2460 haberi
3385 2405 3526 2468 loco,

1943 2485 2036 2540 sed
2059 2487 2386 2556 abjectorom
2417 2490 2736 2547 famulorum
2767 2511 2782 2546 :
2815 2510 2934 2564 qua:
2959 2495 3137 2550 omnia
3163 2497 3381 2552 domum
3408 2512 3536 2566 pos-

1941 2585 2067 2630 sunt
2091 2579 2422 2655 subvertere,
2452 2597 2514 2636 ac
2535 2583 2692 2638 vitam
2715 2587 2909 2640 marito
2929 2586 3180 2642 acerbam
3204 2597 3258 2642 et
3283 2587 3532 2644 infestam

1943 2666 2186 2723 reddere.
2225 2669 2513 2740 Propterea
2541 2672 2609 2728 ad
2655 2675 2968 2729 servandam
3009 2677 3306 2732 castitatem
3331 2677 3534 2734 adhor-

1945 2763 2120 2812 tamur
2145 2799 2160 2822 ,
2185 2759 2232 2813 si
2259 2761 2372 2816 fieri
2415 2764 2616 2831 possit,
2645 2771 2700 2818 et
2727 2773 2787 2818 ut
2811 2765 2974 2835 priori
3014 2766 3260 2838 conjugio
3296 2770 3532 2825 contenti
3597 2751 3599 2753 1

1941 2847 2060 2902 sitis
2085 2889 2100 2912 ,
2133 2859 2184 2903 et
2215 2866 2389 2921 neque
2417 2854 2593 2908 mariti
2623 2869 2816 2910 uxores
2835 2897 2850 2922 ,
2885 2873 3056 2926 neque
3090 2873 3283 2912 uxores
3312 2861 3532 2914 maritos

1941 2939 2261 3008 adsciscunt,
2305 2960 2374 2999 ne
2416 2947 2636 3002 domum
2677 2963 2826 3004 suam
2859 2965 3074 3004 omnem
3119 2965 3316 3020 susque
3359 2951 3532 3021 deque

1941 3042 2171 3088 vertant.
3207 3091 3210 3094 .

2023 3123 2298 3196 Virginitas
2341 3127 2450 3182 sine
2487 3128 2748 3184 virtutibus
2784 3129 2902 3187 aliis
2941 3149 3042 3187 non
3083 3134 3304 3202 prodest.
3327 3165 3398 3175 —
3421 3135 3531 3192 Cur

1941 3225 2118 3270 autem
2143 3233 2264 3272 cum
2295 3217 2363 3274 de
2388 3219 2643 3276 viduitate
2682 3222 3008 3288 dissereret,
3040 3225 3204 3293 priori
3243 3226 3360 3280 solo
3395 3241 3528 3282 con-

1941 3313 2121 3362 tentus
2147 3325 2252 3364 non
2285 3310 2416 3374 fuit,
2446 3327 2567 3366 cum
2593 3311 2727 3367 dixit
2748 3353 2764 3378 ,
2805 3311 2969 3368 Unius
3015 3315 3109 3369 uiri
3135 3318 3309 3371 uxor?
3345 3316 3416 3373 Ut
3443 3317 3529 3371 in-

1941 3399 2150 3469 telligas
2167 3400 2216 3456 id
2234 3402 2446 3456 viduam
2470 3418 2574 3456 non
2595 3403 2792 3468 facere,
2818 3406 2862 3459 si
2885 3406 3121 3461 secundo
3143 3409 3333 3462 marito
3355 3410 3528 3462 solum

1942 3499 2228 3560 utcumque
2258 3508 2362 3544 non
2395 3493 2580 3558 nubat,
2611 3494 2702 3548 sed
2729 3495 2778 3546 .si
2812 3495 2965 3548 bouis
2989 3496 3260 3566 cperibus,
3285 3498 3530 3552 eleemo-

1943 3595 2098 3650 syna,
2124 3578 2468 3650 benignitate,
2491 3591 2652 3652 atque
2673 3583 2862 3638 ciliciis
2885 3600 3008 3654 erga
3032 3586 3342 3655 peregrinos
3363 3587 3530 3642 abun-

1944 3672 2054 3731 det.
2073 3674 2207 3730 Nam
2227 3677 2270 3732 si
2291 3675 2594 3748 virginibus
2609 3677 2742 3730 nihil
2785 3679 2992 3747 profuit
3014 3681 3296 3751 virginitas
3313 3678 3531 3750 (Matth.

1942 3764 2034 3833 2:3)
2067 3766 2302 3831 (tametsi
2333 3768 2506 3820 multo
2546 3767 2722 3829 major
2773 3777 2856 3820 est
2897 3767 3158 3823 viduitate
3203 3769 3534 3840 virginitas),

1939 3854 2034 3909 sed
2061 3869 2184 3910 cum
2211 3854 2264 3908 in
2288 3855 2620 3925 lampadibus
2650 3855 2858 3910 illarum
2890 3855 3026 3926 ignis
3049 3867 3192 3912 esset
3211 3858 3527 3923 exstinctus,

1941 3947 2229 4016 ignominia
2259 3945 2464 4002 affectae
2495 3957 2878 4012 recesserunt,
2909 3949 3162 4018 quoniam
3189 3949 3532 4019 benignitatis

1941 4047 1996 4094 et
2021 4038 2378 4109 eleemosyna:
2408 4040 2635 4094 fructum
2666 4039 2922 4095 exhibere
2965 4040 3184 4096 minime
3213 4041 3533 4108 valuerunt,

1942 4131 2112 4186 multo
2141 4130 2310 4201 magis
2334 4130 2526 4185 vidum.
2555 4131 2714 4186 Certe
2756 4146 2878 4184 cum
2909 4131 3056 4186 illam
3089 4131 3392 4200 parabolam
3431 4147 3531 4187 au-

1941 4221 2110 4276 disset
2131 4221 2346 4284 Paulus,
2373 4231 2428 4276 et
2453 4221 2674 4276 istarum
2702 4236 2861 4276 causa
2883 4223 3123 4288 timeret,
3151 4222 3411 4292 exquisite
3435 4223 3530 4278 ad-

1943 4315 2160 4370 modum
2178 4329 2290 4369 rem
2317 4314 2604 4376 examinat,
2629 4329 2696 4369 ne
2719 4314 2854 4368 forte
2871 4324 3091 4385 prepter
3107 4315 3321 4370 unicum
3341 4315 3530 4370 matri-

1943 4407 2180 4462 monium
2207 4406 2308 4460 sibi
2328 4404 2660 4460 confidentes
2687 4407 2918 4474 reliquas
2935 4407 3157 4460 virtutes
3181 4407 3530 4476 negligercnt.

1943 4499 2230 4568 Propterea
2251 4497 2418 4563 dicit,
2443 4495 2513 4550 In
2552 4497 2784 4566 aperibns
2812 4498 2956 4551 bonis
2985 4499 3320 4552 testimonium
3347 4498 3536 4553 habens

1943 4592 2032 4660 (Ι.
2058 4588 2189 4644 Tim.
2213 4589 2266 4645 5.
2290 4588 2358 4644 10
2374 4585 2416 4658 ).
2443 4587 2514 4644 Ut
2536 4587 2680 4642 enim
2701 4587 2897 4640 bonum
2919 4597 3001 4642 est
3016 4587 3310 4657 virginitas,
3329 4587 3532 4656 absque

1943 4683 2153 4738 cmteris
2193 4691 2372 4737 autem
2411 4680 2738 4736 infructuosa
2781 4679 2876 4744 fit,
2908 4687 2962 4733 ct
3002 4693 3032 4732 a
3066 4677 3304 4734 conclavi
3349 4679 3532 4747 sponsi

1945 4773 2183 4831 excludit
2214 4790 2227 4826 :
2259 4773 2338 4828 sic
2365 4780 2420 4827 et
2444 4771 2672 4828 viduitas
2702 4771 2898 4824 bonum
2927 4778 3030 4835 est,
3059 4769 3154 4824 sed
3183 4770 3301 4824 sine
3329 4769 3534 4823 virtuti-

1945 4870 2044 4924 bus
2072 4868 2279 4924 caeteris
2303 4881 2434 4920 vana
2455 4880 2544 4920 res
2573 4872 2734 4919 estet
2762 4862 3050 4932 superﬂua.
3081 4862 3367 4934 Propterea
3395 4862 3532 4916 Pau-

1948 4961 2032 5016 lus
2057 4959 2182 5015 dttm
2214 4957 2544 5017 cohortatur.
2575 4973 2680 5010 non
2709 4969 2946 5023 eousque
2975 4953 3146 5009 solum
3177 4952 3535 5024 progreditur,

1947 5063 2006 5105 ut
2027 5067 2132 5105 non
2151 5065 2272 5105 esse
2291 5045 2810 5118 superinducendum
2837 5045 3130 5101 secundum
3152 5047 3400 5100 maritum
3423 5062 3534 5101 sua-

1947 5144 2092 5211 deat,
2121 5141 2218 5198 sed
2241 5149 2298 5196 et
2321 5142 2426 5196 alia
2455 5141 2603 5212 plura
2633 5149 2687 5193 et
2717 5137 2918 5208 majora
2949 5138 3172 5208 requirit
3199 5153 3228 5192 a
3259 5137 3434 5192 vidua.
3469 5137 3535 5193 Et

1947 5235 2395 5308 quemadmodum
2424 5233 2498 5299 ii,
2527 5233 2616 5303 qui
2649 5232 2870 5286 militum
2893 5230 3154 5286 delectum
3183 5230 3397 5297 habent,
3419 5245 3537 5282 ror-

1949 5330 2096 5402 poris
2123 5329 2317 5383 bonam
2347 5325 2713 5382 habitudinem
2743 5325 3019 5395 requirunt
3047 5340 3060 5375 :
3094 5323 3160 5376 ita
3192 5321 3277 5378 hic
3301 5363 3318 5389 ,
3349 5323 3435 5392 qui
3469 5320 3534 5376 ad

1947 5426 2240 5484 exercitum
2257 5423 2456 5480 Christi
2491 5423 2630 5478 hanc
2661 5422 2866 5492 deligit,
2885 5421 3080 5477 bonam
3111 5420 3308 5475 anima:
3329 5419 3538 5474 habitu-

1950 5521 2130 5575 dinem
2151 5518 2450 5588 requisivit,
2471 5525 2531 5573 et
2551 5515 2940 5581 fortitudinem,
2961 5523 3018 5571 et
3042 5515 3094 5570 in
3116 5509 3363 5570 omnibus
3385 5514 3539 5570 bonis

1951 5611 2202 5682 operibus
2221 5610 2478 5677 studium,
2506 5609 2578 5664 ita
2608 5609 2790 5664 dicens
2815 5625 2830 5663 :
2861 5608 2922 5664 Si
2941 5607 3078 5677 ﬁlios
3091 5606 3424 5670 educorit,vsi
3449 5608 3542 5662 ho-

1951 5704 2104 5774 spitio
2131 5701 2339 5772 recepit,
2367 5703 2412 5755 si
2429 5709 2720 5756 sanctorum
2751 5699 2901 5770 pedes
2929 5699 3071 5765 tavit,
3098 5697 3144 5754 si
3167 5695 3540 5754 tribulationem

1951 5793 2256 5862 patientibus
2283 5792 2714 5860 subministravit,
2743 5792 2789 5846 si
2814 5808 2960 5846 omne
2985 5807 3114 5862 opus
3145 5791 3328 5847 bonum
3355 5803 3540 5846 sectam
