4060 6260
505 363 610 423 δτι

508 492 600 534 eet.
652 475 858 532 Etenim
910 473 1316 542 unumquodque
1359 474 1578 527 istorum
1628 470 1824 526 nudum
1873 471 2082 539 quidem

509 583 629 622 esse
652 580 841 619 nomen
863 563 1092 629 videtur,
1116 562 1208 617 sed
1241 562 1459 621 multam
1487 563 1539 616 in
1569 561 1744 630 seipso
1769 560 1927 614 vitam
1950 574 2082 613 con-

506 658 546 710 ti
557 666 662 711 net.

584 749 635 801 7.
685 745 866 801 Vidua:
910 745 960 799 in
1001 743 1273 798 educandis
1311 744 1480 798 liberis
1507 743 1638 797 laus.
1663 773 1736 783 —
1764 743 1839 797 Ac
1862 741 1906 797 si
1936 739 2084 794 vide-

511 848 616 904 tur,
643 840 865 906 primum
886 836 1234 899 excutiamus,
1259 834 1396 904 quod
1426 835 1513 888 ille
1541 833 1708 902 primo
1729 832 1848 886 loco
1871 833 2080 900 posuit:

513 929 574 982 Si
601 929 734 997 ﬁlios
760 928 1006 979 educavit.
1038 926 1413 979 Educatiunem
1445 925 1587 978 enim
1621 921 1790 976 innuit
1814 937 1918 975 non
1951 919 2087 973 hanc

509 1020 825 1089 simplicem,
857 1034 1013 1087 quam
1040 1017 1224 1086 vulgus
1249 1025 1432 1070 censet
1451 1057 1466 1080 ,
1497 1015 1621 1068 dum
1654 1014 1792 1068 fame
1816 1013 2087 1066 confectos

510 1111 710 1165 liberos
751 1126 854 1164 non
904 1109 1258 1178 negligimus:
1295 1108 1395 1161 hoc
1437 1106 1578 1160 enim
1625 1121 1693 1159 ne
1735 1105 1845 1172 ipsa
1875 1102 2086 1172 quidem

512 1212 711 1256 natura:
752 1201 1041 1255 necessitas
1077 1213 1324 1266 umquam
1353 1195 1522 1250 omitti
1553 1194 1823 1265 permittet
1851 1209 1865 1247 :
1895 1207 2001 1262 quo
2032 1192 2090 1246 fit

512 1306 572 1349 ut
599 1309 768 1362 neque
781 1292 1042 1346 mandatis
1062 1291 1163 1344 hac
1187 1289 1253 1343 de
1265 1303 1420 1343 causa
1451 1288 1521 1341 sit
1548 1303 1682 1356 opus
1706 1297 1758 1341 et
1789 1285 2011 1354 legibus,
2034 1294 2092 1340 ut

511 1402 661 1442 suam
684 1385 886 1456 prolem
909 1383 1138 1438 educent
1160 1381 1334 1435 vidua:
1355 1397 1370 1446 ;
1395 1380 1485 1434 sed
1508 1380 1725 1448 justitize
1745 1393 1946 1436 curam.
1970 1377 2092 1432 edu-

510 1478 773 1532 cationem
804 1491 924 1529 cum
956 1475 1150 1543 pietate
1185 1471 1287 1526 hoc
1317 1472 1435 1526 loco
1475 1470 1717 1539 intelligit
1748 1487 1761 1522 :
1793 1469 1931 1539 quod
1963 1469 2094 1522 alio-

513 1568 638 1632 quin
661 1582 758 1630 ear,
782 1581 900 1634 quae
925 1564 1024 1617 hoc
1045 1572 1198 1632 pacto
1222 1577 1325 1615 non
1352 1561 1598 1625 educant,
1625 1559 1902 1628 parricida:
1921 1559 2094 1628 potius

517 1659 640 1724 sint,
667 1673 825 1726 quam
856 1666 1069 1710 matres.
1100 1655 1210 1708 lloc
1235 1669 1340 1708 non
1369 1653 1433 1707 ad
1459 1653 1707 1707 mulieres
1731 1662 1931 1706 tantum
1958 1667 1987 1705 a
2011 1667 2094 1706 me

516 1751 708 1805 dictum
730 1761 831 1815 est,
855 1749 945 1802 sed
966 1749 1126 1802 etiam
1153 1746 1214 1801 ad
1240 1747 1404 1800 viros.
1435 1745 1704 1813 Siquidem
1725 1744 1872 1798 mulli
1897 1754 2092 1812 patres,

515 1851 571 1896 ιιι
595 1842 763 1895 bonus
789 1855 956 1909 equus
986 1839 1094 1891 filio
1121 1837 1416 1900 ohveuiret,
1443 1845 1496 1889 et
1528 1844 1584 1888 ut
1608 1835 1751 1888 aedes
1777 1833 2092 1903 magnificae,

517 1941 572 1984 et
598 1930 852 2002 przedium
894 1929 1069 1998 magni
1112 1928 1298 1998 pretii,
1330 1937 1515 1981 cuncta
1560 1925 1752 1978 faciunt
1792 1934 1948 1994 atque
1979 1926 2114 1977 mo;

520 2020 719 2075 li'mtnr
747 2039 759 2074 :
795 2029 852 2074 ut
879 2030 1053 2073 autem
1077 2020 1251 2072 anima
1280 2019 1396 2086 ejus
1424 2017 1557 2070 bona
1591 2016 1698 2078 fiat,
1726 2024 1780 2069 et
1805 2015 1947 2084 pium
1979 2031 2098 2083 pro-

516 2115 763 2181 positum,
795 2112 987 2165 nullius
1011 2111 1160 2180 pensi
1195 2109 1411 2163 habent.
1439 2109 1503 2161 Et
1524 2107 1625 2160 hoc
1654 2116 1736 2160 est
1762 2105 1898 2175 quod
1929 2114 2097 2158 totum

515 2205 770 2260 nmndum
816 2205 1111 2265 subvertit,
1142 2201 1284 2273 quod
1327 2210 1534 2255 nostros
1563 2199 1762 2254 liberos
1806 2213 1907 2252 non
1949 2213 2101 2252 cure-

518 2310 655 2361 mus,
677 2306 732 2350 et
762 2296 1156 2364 possessionum
1185 2308 1451 2364 opumque
1479 2293 1714 2361 ipsorum
1743 2307 1922 2345 curam
1950 2305 2102 2361 gera-

516 2405 634 2443 mus
654 2430 668 2452 ,
697 2389 790 2440 sed
832 2388 1068 2457 ipsorum
1111 2387 1340 2440 animam
1382 2385 1708 2454 negligamus
1728 2427 1744 2449 ,
1773 2393 1826 2439 et
1853 2392 2102 2438 extrema:

519 2479 800 2532 dementiae
825 2478 1025 2531 facinus
1045 2477 1405 2530 admittamus.
1439 2475 1568 2529 Nam
1593 2475 1959 2545 possessiones
1984 2475 2103 2544 qui-

518 2569 641 2623 dem
669 2569 776 2622 sint
804 2568 922 2622 licet
941 2568 1122 2621 multa:
1147 2584 1209 2621 ac
1237 2577 1582 2637 sumptuosre,
1609 2568 1651 2620 si
1682 2567 1878 2636 probus
1908 2582 2011 2621 non
2038 2567 2108 2621 sit

522 2673 586 2712 ac
612 2658 903 2714 studiosus.
931 2658 1017 2727 qui
1044 2673 1162 2710 cum
1192 2659 1383 2710 virtute
1413 2657 1574 2726 possit
1597 2672 1687 2711 eas
1713 2656 2103 2723 administrare,

527 2765 710 2804 onlnes
733 2765 850 2803 eum
886 2750 1000 2819 ipso
1027 2749 1272 2818 perilmnt
1297 2758 1348 2801 et
1377 2759 1731 2813 evanescent,
1756 2763 1819 2801 ac
1842 2762 2106 2801 summum

525 2841 819 2910 possessori
844 2840 1093 2893 damnum
1115 2838 1347 2894 inferent
1374 2857 1386 2891 :
1419 2840 1496 2892 sin
1519 2847 1695 2893 autem
1726 2854 1980 2908 generosa
2000 2839 2111 2894 fue-

529 2934 597 2986 rit
618 2941 672 2986 et
698 2933 908 3000 sapiens
931 2932 1125 2996 anima,
1158 2930 1277 2984 licet
1308 2929 1436 2983 nihil
1459 2931 1597 2983 intus
1623 2929 1690 2983 sit
1721 2930 1771 2983 in
1802 2938 2112 2998 promptua-

522 3027 617 3081 riis
663 3026 1014 3087 reconditum,
1056 3024 1291 3077 onmium
1331 3023 1468 3076 bona
1504 3031 1615 3076 tuto
1647 3024 1838 3090 poterit
1861 3023 2107 3077 retinere.

534 3115 666 3169 Illud
701 3115 856 3183 igitur
884 3113 1230 3180 spectandum
1275 3122 1397 3177 est,
1431 3129 1535 3165 non
1581 3128 1684 3180 quo
1717 3121 1868 3181 pacto
1893 3121 2118 3182 argento

522 3215 579 3260 et
604 3221 734 3258 auro
757 3244 773 3269 ,
805 3213 857 3257 et
885 3205 1043 3257 rebus
1071 3203 1331 3271 ejusmodi
1363 3203 1650 3270 locupletes
1680 3219 1772 3256 eos
1801 3203 2104 3267 reddamus,

523 3296 617 3351 sed
648 3311 753 3365 quo
794 3305 947 3364 pacto
988 3296 1180 3362 pietate
1221 3309 1284 3348 ac
1326 3295 1674 3362 temperantia
1701 3333 1716 3358 ,
1751 3294 2110 3362 virtutumque

525 3386 874 3456 acquisitioue
898 3383 1148 3439 ditissimi
1191 3384 1426 3437 omnium
1471 3384 1597 3437 fiant
1625 3401 1638 3436 :
1669 3399 1774 3453 quo
1812 3395 1964 3454 pacto
1991 3384 2111 3450 fiat,

528 3490 585 3533 ut
607 3478 786 3533 multis
815 3493 920 3531 non
951 3477 1213 3546 indigeant
1236 3517 1250 3542 ,
1279 3484 1337 3530 ut
1365 3490 1454 3530 res
1481 3476 1661 3529 saeculi
1693 3475 1848 3544 hujus
1877 3485 1930 3530 et
1953 3490 2119 3529 novas

529 3571 850 3640 cupiditates
880 3585 983 3622 non
1027 3568 1155 3622 lauti
1195 3566 1406 3621 faciant.
1445 3567 1510 3620 Et
1542 3567 1814 3636 ingressus
1853 3581 2036 3620 eorum
2067 3576 2122 3620 et

528 3676 781 3731 egressus
811 3659 1091 3729 diligenter
1116 3668 1170 3714 et
1192 3659 1401 3713 curiose
1429 3657 1848 3712 considerandus
1870 3667 1970 3722 est,
2004 3658 2122 3726 qui-

529 3751 752 3806 buscum
777 3759 1076 3815 versentur,
1105 3749 1191 3817 qui
1222 3747 1506 3802 familiares
1532 3747 1633 3802 illis
1660 3747 1784 3812 sint,
1813 3761 1933 3801 cum
1959 3747 2117 3801 intel-

537 3844 778 3915 ligamus,
812 3843 854 3895 si
886 3841 1002 3895 lure
1028 3857 1055 3893 a
1087 3841 1238 3895 nobis
1279 3842 1514 3910 neglecta
1549 3840 1761 3904 fuerint,
1795 3841 1994 3895 nullam
2023 3856 2120 3896 nos

527 3949 558 3989 a
606 3933 718 3988 Deo
763 3933 970 3986 veniam
1012 3933 1402 4001 impetraturos.
1442 3931 1573 3985 Nam
1639 3933 1682 3986 si
1728 3947 1848 3986 cum
1897 3932 2122 3986 aliorum

529 4041 713 4080 curam
759 4041 863 4078 non
920 4027 1278 4092 gesserimus,
1339 4038 1510 4092 plena:
1567 4038 1597 4075 a
1647 4023 1801 4077 nobis
1844 4024 2126 4092 exiguntur

537 4122 556 4192 (
580 4120 743 4172 Nemo
771 4119 900 4171 enint
928 4117 1063 4186 quod
1087 4134 1232 4170 suum
1258 4126 1350 4180 est,
1382 4124 1598 4184 qmcrat,
1630 4118 1798 4183 inquit
1827 4116 2116 4184 apostolus,

532 4212 620 4263 sed
645 4213 780 4275 quod
819 4206 1063 4275 alterius)
1093 4205 1183 4274 (l.
1217 4203 1336 4259 Cor.
1373 4205 1459 4259 10.
1487 4204 1558 4258 24
1579 4205 1618 4273 ),
1652 4215 1850 4273 quanto
1888 4207 2051 4275 magis
2079 4207 2122 4260 si

537 4301 824 4354 liberorum
854 4312 1034 4350 curam
1081 4311 1185 4350 non
1228 4295 1588 4364 gesserimus?
1634 4295 1819 4350 Nonne
1858 4296 2028 4365 ipsum
2069 4297 2122 4352 in

537 4391 644 4444 tuis
673 4389 876 4443 mdibns
902 4388 968 4441 ab
998 4387 1144 4441 initio
1173 4387 1446 4453 collocavi,
1478 4387 1683 4458 inquit?
1710 4402 1887 4442 nonne
1915 4396 1964 4441 te
1991 4403 2128 4456 prm-

533 4493 804 4550 ceptorem
829 4522 844 4549 ,
874 4479 1182 4551 praefectum
1229 4487 1283 4534 et
1319 4488 1618 4534 curatorem
1644 4488 1698 4534 et
1715 4478 1946 4548 judicem
1971 4479 2042 4531 illi
2076 4487 2126 4533 te

545 4575 804 4647 praefeci?
833 4591 1046 4629 omnem
1082 4577 1133 4628 in
1175 4575 1320 4628 illum
1356 4582 1670 4643 potestatem
1703 4576 1756 4626 in
1795 4587 1981 4625 manus
2012 4582 2126 4626 tuas

536 4669 818 4724 transtuli?
845 4669 1110 4723 Teucrum
1153 4667 1327 4722 adlmc
1349 4667 1788 4722 conformandnm
1821 4681 1884 4720 ac
1922 4666 2127 4736 ﬁngen-

537 4761 661 4816 dttm
702 4760 944 4815 commisi
977 4777 990 4814 :
1021 4776 1124 4830 qua
1155 4760 1304 4813 venia
1334 4760 1524 4828 dignus
1555 4759 1662 4814 eris
1699 4759 1744 4812 si
1776 4758 2123 4813 reluctantem

532 4854 682 4909 illum
716 4852 1055 4922 neglexeris?
1096 4850 1231 4919 Quid
1279 4851 1422 4906 enim
1461 4851 1639 4904 dicere
1670 4849 1909 4918 poteris?
1943 4849 2124 4904 Refre-

532 4958 658 4999 natu
686 4943 952 4998 difficilem
997 4951 1052 4996 et
1095 4957 1342 5010 asperum
1389 4941 1536 4994 illum
1576 4940 1732 4995 esse?
1777 4941 1845 4994 At
1895 4940 2009 4994 haec
2058 4940 2126 4994 ab

533 5037 684 5091 initio
716 5034 996 5106 prmvideri
1037 5035 1268 5104 oportuit
1292 5076 1306 5097 ,
1347 5045 1400 5089 et
1444 5034 1655 5104 quando
1701 5033 1851 5087 freno
1887 5033 2123 5089 cohiberi

534 5135 767 5195 poterat,
796 5141 916 5180 cum
941 5125 1153 5193 juvenis
1182 5124 1466 5180 admodum
1498 5133 1660 5190 esset,
1692 5140 1813 5178 eum
1841 5125 2126 5195 diligenter

535 5219 776 5283 frenari,
827 5228 880 5274 et
918 5213 1097 5274 ollicio
1141 5234 1239 5273 suo
1279 5217 1423 5288 fungi
1467 5218 1739 5273 assuefieri
1767 5259 1782 5284 ,
1814 5217 2124 5283 informari,

536 5312 738 5368 morbis
763 5310 880 5378 ejus
923 5312 1116 5364 anima:
1161 5309 1454 5363 remedium
1502 5309 1764 5365 adhiberi.
1798 5311 2019 5378 Quando
2047 5311 2126 5365 fa-

537 5406 694 5458 cilior
720 5411 835 5458 erat
858 5402 1165 5472 agricolatio
1188 5440 1203 5463 ,
1237 5410 1345 5454 tum
1390 5401 1617 5455 resecari
1648 5404 1828 5470 spinas
1857 5403 2123 5471 oportuit,

540 5473 918 5563 qnandoium
952 5502 1132 5548 tenera
1160 5502 1301 5546 esset
1327 5500 1477 5556 tetas,
1510 5491 1712 5546 facilius
1737 5485 2124 5556 evellebautur,

547 5600 718 5654 neque
742 5586 1018 5656 passiones
1045 5583 1321 5653 neglectae,
1350 5593 1403 5636 et
1429 5591 1621 5647 auctae,
1651 5597 1716 5636 ex
1729 5590 1957 5651 pugnatu
1982 5582 2125 5636 diffi-

547 5675 679 5729 ciles
708 5675 1021 5730 evasissent.
1054 5675 1256 5734 Idcirco
1271 5674 1398 5729 dicit
1427 5691 1442 5728 :
1473 5674 1636 5729 Curva
1663 5691 1694 5725 a
1721 5672 1940 5743 pueritia
1964 5672 2123 5726 cerei-

541 5779 650 5819 cem
671 5769 779 5833 ejus
807 5762 992 5832 (Et-cli.
1017 5767 1069 5818 '1.
1095 5767 1218 5834 9.5),
1251 5767 1460 5836 quando
1485 5765 1687 5821 facilius
1707 5776 1879 5837 potest
1901 5770 2116 5828 erudiri.

1220 361 1276 416 S.
1315 357 1594 415 JOANNIS
1641 351 2114 413 CHRYSOSTOMI
2169 349 2484 408 ARClllEP.
2525 347 3058 406 CONSTANTINOP.’

3668 345 3794 405 3%-

2201 469 2380 538 Neque
2407 484 2533 522 vero
2562 467 2796 536 pra-cipit
2826 475 3030 520 tantum
3054 505 3069 530 ,
3101 462 3194 518 sed
3221 472 3274 519 et
3301 464 3412 534 ipse
3437 473 3608 518 tecum
3639 480 3780 532 opus

2197 558 2514 629 aggreditur.
2537 558 2653 625 Quo
2684 555 2893 610 tandem
2919 555 3107 625 pacto?
3135 553 3237 620 Qui
3267 553 3521 607 maledicit
3549 559 3683 624 patr!
3701 566 3782 608 set

2195 655 2382 716 matri,
2415 649 2620 718 inquit,
2661 656 2820 700 morte
2860 654 3029 716 pereat
3072 643 3276 714 (and.
3313 644 3404 697 9.1.
3445 644 3510 698 l7
3535 646 3573 712 ).
3615 642 3784 698 Vides

2193 751 2445 813 quantum
2477 741 2578 794 illis
2604 740 2847 794 timorem
2890 735 3209 791 incusserit?
3246 745 3495 804 quantam
3535 735 3777 788 formidi-

2195 849 2316 886 nem
2345 829 2638 900 objecerit?
2665 844 2820 898 quam
2851 828 3049 897 potenti
3095 826 3321 893 imperio
3366 825 3568 895 pellem
3597 834 3653 879 te
3678 839 3784 877 vo-

2195 924 2389 978 luerit?
2425 923 2591 989 Qnam
2621 937 2719 973 nos
2745 921 2903 988 igitur
2927 921 3325 973 excusationem
3362 916 3655 971 obtendere
3687 931 3787 983 po-

2196 1019 2436 1082 terimus,
2467 1030 2587 1068 cum
2619 1015 2733 1083 ipse
2760 1003 2996 1082 quidem,
3025 1012 3068 1064 si
3101 1026 3197 1064 nos
3223 1009 3518 1063 afficiantur
3546 1008 3737 1077 injuria
3770 1049 3789 1071 ,

2197 1124 2264 1161 ne
2301 1109 2422 1160 vita:
2447 1105 2658 1174 quidem
2713 1112 2887 1172 pareat
2939 1102 3171 1171 ipsorum
3203 1119 3214 1154 :
3249 1115 3345 1154 nos
3389 1112 3564 1153 atttem
3585 1139 3603 1163 ,
3633 1099 3678 1151 si
3714 1099 3795 1151 ab

2197 1201 2300 1254 illis
2324 1199 2432 1252 Deo
2462 1197 2715 1251 inferatur
2753 1195 2942 1264 injuria
2960 1235 2975 1260 ,
3005 1209 3072 1248 ne
3100 1207 3416 1259 succensere
3438 1192 3654 1261 quidem
3681 1191 3796 1246 illis

2196 1289 2459 1344 velimus?
2488 1289 2598 1357 Ego
2631 1302 2730 1342 nec
2755 1287 3000 1341 occidere
3025 1285 3171 1339 illum
3197 1300 3422 1349 recuso,
3455 1285 3542 1352 qui
3574 1293 3627 1338 te
3651 1284 3796 1338 aﬂ’e-

2197 1381 2270 1435 cit
2314 1379 2502 1446 injuria
2535 1400 2547 1432 :
2581 1387 2633 1431 ttt
2664 1391 2793 1431 vero
2839 1393 2905 1432 ne
2933 1377 3107 1431 verbis
3148 1375 3362 1444 quidem
3406 1376 3557 1429 illum
3585 1377 3801 1431 contri-

2199 1479 2343 1526 stare
2364 1470 2616 1539 dignaris,
2641 1469 2830 1538 inquit,
2853 1483 2880 1520 a
2903 1484 3008 1537 quo
3029 1469 3173 1537 leges
3189 1483 3322 1521 mea:
3340 1467 3624 1521 violantur.
3651 1467 3797 1521 Num

2201 1563 2317 1617 haec
2339 1563 2489 1617 venia
2515 1563 2706 1629 digna?
2733 1562 2894 1616 Vides
2923 1563 3058 1616 affici
3091 1561 3409 1616 contumelia
3436 1561 3756 1617 Creatorem
3780 1605 3798 1626 ,

2199 1670 2299 1710 nec
2329 1655 2619 1724 indignaris
2641 1695 2654 1719 ,
2691 1670 2862 1724 neque
2890 1663 3054 1708 terres
3078 1695 3092 1719 ,
3119 1669 3220 1708 nec
3246 1654 3617 1723 reprehendis,
3648 1669 3797 1722 pra:-

2200 1748 2382 1800 sertim
2413 1763 2532 1801 cum
2573 1747 2833 1816 intelligas
2858 1746 2962 1800 hoc
3003 1763 3032 1801 a
3062 1747 3172 1800 Deo
3213 1746 3374 1800 fuisse
3415 1746 3751 1814 prohibitum
3776 1786 3795 1812 ,

2201 1853 2306 1893 non
2336 1838 2474 1907 quod
2505 1837 2592 1891 ille
2621 1838 2888 1908 quidpiam
2919 1837 3221 1891 detrimenti
3254 1837 3497 1906 patiatur,
3533 1837 3626 1902 qui
3658 1852 3800 1890 con-

2204 1930 2474 1983 tumeliam
2518 1930 2722 1998 accepit
2752 1929 2965 1998 (neque
3005 1929 3146 1982 enim
3183 1928 3390 1983 Numen
3434 1929 3672 1983 interitui
3717 1939 3800 1982 est

2202 2019 2562 2090 obnoxium),
2603 2018 2696 2074 sed
2740 2027 2956 2088 propter
2996 2020 3222 2073 salutem
3268 2019 3468 2088 ipsius?
3507 2020 3612 2086 Qui
3652 2020 3804 2074 enim

2204 2111 2383 2181 inique
2412 2125 2471 2164 se
2499 2110 2634 2180 gerit
2676 2111 2727 2164 in
2775 2110 2939 2164 Deum
2975 2120 3030 2165 et
3067 2110 3294 2175 stolide,
3327 2111 3496 2164 multo
3529 2111 3704 2180 magis
3750 2111 3804 2163 in

2204 2212 2408 2271 patrem
2427 2218 2580 2256 suum
2603 2212 2656 2257 et
2680 2203 2730 2256 in
2759 2217 2908 2256 suam
2932 2202 3097 2272 ipsius
3118 2202 3348 2256 animam
3372 2202 3808 2256 contumeliosus

2205 2303 2258 2348 et
2285 2295 2520 2348 insolens
2546 2307 2664 2348 esse
2693 2294 2909 2362 poterit.

2277 2389 2332 2442 8.
2360 2387 2437 2442 Ne
2466 2388 2622 2457 igitur
2647 2395 3050 2442 contemnamus
3069 2426 3084 2451 ,
3125 2401 3246 2440 cum
3277 2387 3509 2440 sciamus
3537 2387 3652 2440 fore
3675 2429 3689 2452 ,
3749 2395 3812 2440 ut

2209 2479 2252 2532 si
2278 2494 2402 2549 erga
2431 2478 2598 2532 Deum
2628 2487 2773 2532 recte
2798 2493 2856 2532 se
2883 2477 3182 2547 gesserint,
3213 2479 3371 2530 etiam
3400 2477 3452 2530 in
3485 2476 3549 2529 iis
3579 2492 3703 2546 qua:
3735 2477 3807 2528 ad

2211 2569 2348 2623 hanc
2379 2571 2539 2622 vitam
2573 2569 2842 2637 pertinent
2876 2568 3116 2623 celebres
3163 2568 3271 2621 sint
3309 2577 3364 2621 et
3404 2567 3659 2622 illustres.
3701 2568 3812 2634 Qui

2211 2661 2351 2714 enim
2383 2660 2544 2712 vitam
2587 2674 2706 2713 cum
2750 2659 2943 2713 virtute
2973 2659 3339 2727 modestiaque
3383 2658 3650 2723 traducit,
3679 2674 3812 2712 enm

2173 2805 2175 2808 .
2213 2765 2398 2805 omnes
2425 2759 2738 2805 reverentur
2781 2759 2835 2803 et
2861 2750 3079 2815 colunt,
3122 2750 3191 2803 sit
3229 2751 3350 2802 licet
3390 2749 3628 2803 omnium
3669 2765 3816 2819 pau-

2217 2844 2476 2913 perrimus
2498 2885 2512 2908 ,
2543 2845 2679 2896 sicut
2707 2842 3005 2911 improbum
3034 2857 3096 2896 ae
3119 2842 3460 2910 depravatum
3488 2851 3816 2896 aversantur

2215 2948 2270 2992 et
2296 2937 2420 2991 odio
2449 2947 2842 3006 prosequuntur
2871 2949 3077 2999 omnes,
3111 2935 3233 2988 licet
3259 2934 3450 3002 opibus
3490 2933 3673 2987 multis
3703 2935 3811 2987 cir-

2217 3028 2486 3083 cmnlluat.
2508 3027 2688 3097 Neque
2708 3029 2877 3080 solmn
2902 3025 3110 3080 cteteris
3137 3024 3439 3079 hominibus
3463 3025 3815 3079 venerandus

2218 3121 2340 3186 erit,
2369 3121 2461 3175 sed
2491 3120 2579 3172 tibi
2611 3119 2726 3188 ejus
2753 3118 2957 3188 parenti
2985 3118 3088 3172 erit
3113 3117 3309 3182 carior,
3343 3132 3459 3170 cum
3487 3125 3686 3185 pra'ter
3721 3132 3820 3169 na.

2221 3220 2392 3264 turam
2439 3210 2607 3264 nihilo
2649 3210 2910 3263 minorem
2944 3208 3138 3264 habeat
3183 3209 3518 3262 occasionem
3567 3209 3817 3268 amoris.

2220 3302 2387 3370 ipsam
2428 3302 2676 3355 virtutem
2708 3315 2724 3356 :
2756 3316 2928 3369 neque
2972 3315 3101 3354 vero
3143 3301 3313 3353 solum
3355 3299 3565 3364 carior,
3619 3297 3718 3351 sed
3767 3307 3820 3352 et

2223 3391 2401 3446 utilior
2430 3391 2532 3445 erit
2561 3390 2650 3444 tibi
2676 3389 2800 3444 dum
2831 3391 2991 3452 colet,
3027 3390 3153 3444 dum
3183 3391 3449 3453 inserviet,
3481 3389 3612 3442 dum
3645 3389 3701 3442 in
3730 3405 3819 3444 se-

2222 3493 2436 3538 nectute
2456 3483 2794 3538 sustentabit.
2820 3481 2891 3537 Ut
2919 3483 3060 3537 enim
3084 3483 3173 3551 qui
3194 3491 3318 3536 sunt
3347 3483 3397 3534 in
3427 3481 3600 3534 Deum
3630 3481 3819 3550 injurii

2222 3584 2277 3630 et
2307 3575 2517 3643 ingrati,
2539 3576 2698 3628 etiam
2730 3582 2978 3643 parentes
3007 3583 3358 3642 aspernantur
3386 3589 3400 3626 :
3434 3573 3504 3626 ita
3532 3572 3622 3642 qui
3654 3587 3818 3625 suum

2223 3666 2564 3720 Conditorem
2592 3665 2800 3731 colunt,
2831 3667 3098 3734 ingentem
3141 3664 3471 3734 genitoribus
3497 3665 3610 3718 suis
3636 3663 3820 3717 hono-

2224 3776 2337 3815 rem
2365 3759 2631 3814 deferunt.
2665 3757 2731 3814 Ut
2761 3758 2919 3828 igitur
2939 3767 2990 3812 et
3014 3757 3153 3826 apud
3186 3758 3346 3811 Deum
3381 3766 3433 3811 et
3463 3755 3602 3825 apud
3636 3755 3821 3809 homi-

2227 3865 2324 3904 nes
2352 3851 2489 3904 bene
2525 3848 2711 3903 audias
2730 3887 2748 3911 ,
2779 3847 2980 3918 tibique
3009 3848 3168 3900 vitam
3206 3846 3494 3916 jucundam
3525 3845 3688 3898 facias
3709 3887 3726 3908 ,
3752 3859 3820 3899 ac

2226 3940 2419 3996 futuris
2448 3941 2622 4009 poenis
2654 3940 2913 4014 libereris,
2943 3939 3084 3992 omni
3119 3939 3288 4008 ipsum
3311 3938 3486 3992 studio
3512 3937 3650 3993 cole.
3678 3936 3818 3990 Nam

2227 4047 2322 4087 eos
2349 4032 2561 4100 quidem
2593 4031 2681 4100 qui
2712 4030 3002 4085 liberorum
3033 4045 3215 4084 curam
3261 4046 3364 4083 non
3395 4031 3692 4100 gesserint,
3739 4040 3820 4081 ta—

2230 4122 2383 4175 metsi
2411 4121 2734 4190 creteroquin
2766 4121 2992 4175 modesti
3021 4121 3217 4176 fuerint
3245 4130 3404 4190 atque
3431 4121 3714 4184 moderati,
3747 4121 3818 4173 ob

2231 4213 2365 4267 istud
2394 4223 2669 4284 peccatum
2703 4223 2885 4282 poenas
2913 4215 3254 4284 gravissimas
3279 4215 3522 4280 luituros,
3547 4230 3616 4268 ex
3645 4213 3814 4267 veteri

2229 4305 2492 4360 constabit
2517 4305 2733 4359 historia
2757 4346 2771 4370 ,
2803 4322 2960 4375 quam
2993 4307 3242 4360 narrabo.

2305 4397 2425 4451 Heli
2453 4410 2596 4468 pater
2625 4400 2774 4453 nimis
2793 4400 3081 4471 indulgens.
3104 4431 3174 4440 —
3195 4400 3456 4456 Sacerdos
3483 4399 3580 4454 fuit
3599 4401 3812 4469 quidam

2229 4489 2368 4559 apud
2389 4489 2602 4544 Judaeos
2625 4491 2950 4560 eteteroquin
2977 4490 3274 4558 modestus,
3303 4507 3366 4546 ac
3392 4492 3547 4555 lenis,
3575 4491 3684 4544 Heli
3713 4508 3811 4544 no-

2231 4583 2392 4636 mine.
2451 4581 2585 4636 Huic
2625 4581 2783 4653 igitur
2830 4583 2946 4638 Heli
2987 4584 3093 4638 duo
3133 4583 3344 4639 fuerunt
3383 4584 3572 4650 liberi,
3614 4585 3703 4652 qui
3748 4583 3812 4636 ad

2230 4689 2495 4727 summum
2543 4673 2899 4742 improbitatis
2945 4673 3214 4744 fastigium
3259 4684 3664 4746 pervenerant:
3697 4673 3814 4727 illos

2231 4773 2406 4818 autem
2434 4780 2538 4818 non
2569 4765 2890 4832 reprimebat
2919 4766 3025 4833 ille,
3054 4782 3156 4821 nec
3183 4767 3531 4836 prohibebat:
3557 4768 3665 4820 imo
3690 4781 3811 4821 vero

2231 4855 2558 4922 reprimebat
2594 4856 2685 4910 ille
2709 4857 2924 4926 quidem
2948 4897 2964 4923 ,
3007 4868 3166 4927 atque
3204 4859 3551 4928 prohibebat,
3585 4858 3679 4911 sed
3713 4873 3811 4914 non

2233 4954 2375 4999 tanta
2403 4962 2524 5000 eum
2553 4946 2823 5017 diligentia
2859 4959 2914 5003 et
2941 4949 3270 5005 vehementia
3292 4992 3307 5016 ,
3336 4961 3528 5019 quanta
3558 4966 3697 5019 opus
3725 4949 3822 5003 fuit

2232 5037 2307 5104 (l.
2339 5036 2467 5108 Reg.
2496 5037 2550 5091 2.
2583 5039 2695 5108 ll).
2730 5037 2860 5093 Cum
2889 5041 3031 5094 enim
3066 5042 3245 5111 ﬂagris
3273 5042 3482 5096 caidere
3508 5041 3818 5106 debuisset,

2232 5129 2390 5181 domo
2435 5129 2884 5200 paterna-ejicere
2909 5173 2922 5194 ,
2954 5113 3168 5185 omnem
3211 5133 3562 5187 correctionis
3603 5131 3818 5186 modum

2231 5220 2524 5286 adhibere,
2570 5221 2948 5276 cohortabatur
2987 5223 3160 5276 solum
3203 5233 3259 5278 et
3295 5223 3608 5279 consulebat
3642 5226 3711 5278 ita
3735 5223 3819 5278 di-

2231 5326 2391 5364 cens:
2418 5309 2518 5372 Ne,
2556 5312 2668 5376 ﬁlii,
2699 5329 2761 5365 ne
2788 5313 2857 5365 ita
2886 5313 3088 5380 faciatis
3119 5328 3138 5366 :
3165 5315 3404 5381 quoniam
3435 5331 3535 5366 non
3569 5318 3701 5366 bona
3727 5329 3823 5364 au-

2233 5401 2378 5464 ditio,
2412 5418 2562 5472 quam
2591 5403 2743 5454 audio
2782 5403 2845 5456 de
2880 5404 3016 5456 vobis
3043 5405 3120 5473 (Ι.
3156 5403 3282 5474 Reg.
3305 5403 3360 5458 ἓ.
3392 5404 3512 5472 2i).
3543 5405 3682 5469 Quid
3704 5402 3822 5458 ais?

2237 5491 2401 5545 Deum
2430 5492 2620 5561 injuria
2645 5493 2978 5549 affecerunt.
3009 5504 3064 5550 et
3099 5495 3235 5549 filios
3259 5496 3537 5566 appellas?
3565 5497 3824 5550 Cutidilo-

2232 5597 2345 5635 rem
2378 5582 2720 5650 ignorarunt,
2749 5593 2802 5640 et
2833 5595 2887 5639 tu
2928 5585 3378 5657 propinquitatem
3409 5587 3622 5641 illorum
3651 5602 3822 5657 agun-

2233 5673 2376 5728 scis?
2415 5675 2699 5745 Propterea
2747 5676 2909 5743 dicit,
2952 5693 3074 5732 eum
3117 5695 3222 5734 nun
3265 5680 3610 5734 admonuisse
3650 5680 3768 5734 illos
3798 5694 3817 5730 :

2238 5765 2528 5824 admonitio
2557 5770 2696 5824 enim
2725 5782 2805 5826 est
2843 5774 2885 5828 si
2927 5795 3030 5836 non
3083 5787 3375 5844 utrumque
3402 5773 3682 5828 consilium
3721 5773 3819 5825 do—
