4060 6260
243 347 340 406 317

241 464 292 516 οι
320 455 496 514 παντί
521 456 670 526 ἔργῳ
695 455 894 528 ἀγαθῷ
921 457 1404 529 ἐπηκολούθησε.
1439 459 1656 514 Τούτων
1683 459 1792 531 7&9

241 555 456 609 ἕκαστον
514 551 660 604 δοκεῖ
691 551 789 621 μὲν
818 545 957 605 εἶναι
991 553 1142 624 ῥῆμα
1187 552 1362 623 ψιλὸν,
1397 551 1598 625 πολλὴν
1621 553 1678 607 δέ
1738 555 1798 607 ἐν

239 643 408 716 ἐαυτῷ
435 641 642 714 συνέχει
669 641 768 714 τὴν
791 643 956 715 ζωήν.

300 759 364 824 ζ’.
381 757 489 810 Καὶ
503 759 551 810 εί
566 755 730 820 δοκεῖ,
745 755 982 828 πρῶτον,
1000 755 1344 830 ἐξετάσωμεν
1356 757 1384 813 ὃ
1401 757 1614 830 πρῶτον
1633 757 1796 822 αὐτὸς

233 850 466 904 τέθεικεν
487 862 500 878 ’
545 849 615 900 El
645 847 1137 916 étsxrorpdgana'e.
1177 849 1394 920 Τροφὴν
1420 850 1529 920 7&9
1559 845 1792 902 ἐνταῦθα

233 939 372 1006 λέγει
414 937 475 990 οὐ
507 935 714 1005 ταύτην
746 938 847 1002 τὴν
888 938 1048 1008 ψιλὴν
1080 940 1174 992 καὶ
1209 940 1358 1010 παρά
1410 943 1520 1003 τοῖς
1577 939 1792 1002 πολλοῖς

232 1030 598 1100 νομιζομένην,
619 1029 678 1082 τὸ
701 1031 775 1102 μὴ
794 1029 937 1100 λιμῷ
961 1030 1350 1102 φθειρομένους
1373 1031 1636 1102 περιιδεῖν
1651 1029 1791 1092 τοὺς

233 1125 416 1188 παῖδας
437 1141 450 1154 ·
487 1123 644 1177 τοῦτο
675 1124 784 1194 γὰρ
813 1123 934 1176 οὐδὲ
968 1123 1104 1194 αὐτὴ
1133 1123 1233 1193 τῆς
1265 1125 1478 1192 φύσεως
1509 1125 1541 1194 ἡ
1574 1123 1788 1194 ἀνάγκη

228 1219 408 1289 ἀφίησι
448 1215 905 1287 παραμεληθῆναί
935 1232 1065 1268 ποτε
1089 1233 1104 1248 ο
1142 1215 1264 1270 ὅθεν
1284 1215 1406 1268 οὐδέ
1431 1217 1790 1286 προσταγμά-

224 1327 324 1363 των
351 1308 489 1378 ὑπὲρ
538 1307 732 1360 τούτου
773 1306 931 1377 χρεία
969 1307 1062 1360 καὶ
1117 1306 1316 1376 νόμων,
1363 1307 1450 1359 ἵνα
1479 1307 1546 1360 τά
1587 1307 1788 1374 ἔκγονα

224 1401 484 1472 τρέφωσιν
509 1401 568 1452 αῖ
595 1400 796 1469 χῆραι·
817 1397 954 1452 ἀλλά
979 1399 1080 1469 τὴν
1105 1399 1203 1468 τῆς
1229 1399 1575 1470 δικαιοσύνης
1601 1401 1788 1468 ἐπιμέ-

228 1491 390 1550 λειαν,
408 1491 505 1561 τὴν
523 1491 840 1560 ἀνατροφὴν
857 1491 958 1561 τὴν
979 1491 1096 1560 μετ’
1119 1489 1405 1552 εὐλαϐείας
1427 1490 1660 1546 ἐνταῦθά
1682 1509 1788 1562 φη-

223 1595 327 1633 σιν·
351 1577 426 1641 ὡς
456 1578 518 1630 αἵ
545 1595 610 1647 γε
641 1578 716 1662 μὴ
748 1577 892 1631 οὕτω
913 1578 1230 1647 τρέφουσαι,
1269 1578 1608 1632 παιδοκτόνοι
1646 1579 1784 1650 μᾶλ-

218 1671 302 1725 λόν
332 1673 464 1724 είσιν
501 1671 536 1743 ἦ
574 1671 828 1742 μητέρες.
859 1669 1030 1724 Τοῦτο
1053 1671 1114 1723 οὐ
1157 1671 1296 1741 πρὸς
1321 1673 1583 1740 γυναῖκας
1611 1672 1772 1742 μόνον

216 1763 368 1833 λέγω,
399 1761 538 1817 ἀλλά
573 1763 824 1834 καὶπρὸς
849 1763 1070 1833 ἄνδρας.
1101 1762 1212 1816 Kal
1239 1762 1349 1834 7&9
1378 1761 1564 1816 πολλοὶ
1587 1763 1784 1818 πολλά·

215 1875 297 1920 xz;
318 1855 425 1910 τῶν
448 1855 732 1928 πατέρων,
765 1855 914 1917 ὅπως
947 1854 1044 1924 μέν
1083 1855 1249 1918 ῖππος
1277 1855 1488 1923 γένοιτο
1509 1854 1672 1919 καλὸς
1704 1855 1782 1926 τῷ

214 1949 375 2014 παιδὶ,
408 1949 504 2003 καὶ
537 1948 686 2011 ὅπως
715 1946 863 2000 οἰκία
897 1946 1151 2020 λαμπρὰ,
1190 1947 1285 2000 καὶ
1311 1947 1457 2010 ὅπως
1483 1947 1780 2018 πολυτελὴς

210 2041 388 2112 ἀγρὸς,
414 2041 599 2094 πάντα
632 2038 847 2093 ποιοῦσι
887 2040 982 2092 καὶ
1009 2037 1522 2109 πραγματεύονται’
1549 2040 1696 2102 ὅπως
1724 2039 1780 2091 δέ

210 2131 348 2202 αὐτῷ
396 2129 547 2202 ψυχὴ
589 2129 799 2199 γένοιτο
853 2129 994 2198 καλὴ
1044 2129 1139 2181 καὶ
1172 2127 1493 2200 προαίρεσις
1525 2128 1775 2199 εὐσεϐὴς,

208 2223 386 2277 οὐδένα
415 2221 605 2292 έχουσι
651 2221 828 2290 λόγον.
873 2221 982 2274 Kal
1010 2218 1168 2272 τοῦτό
1207 2221 1376 2284 ἐστιν,
1415 2219 1444 2272 δ
1471 2219 1568 2292 τὴν
1599 2221 1780 2274 οἰκου·

209 2313 366 2385 μένην
398 2311 556 2384 [517]
591 2311 886 2382 ἀνατρέπει
927 2311 1125 2374 πᾶσαν,
1153 2311 1232 2364 ὅτι
1261 2309 1372 2363 τῶν
1395 2309 1610 2364 οἰκείων
1636 2311 1775 2380 ἀμε-

204 2403 390 2473 λοῦμεν
420 2404 652 2470 παίδων,
689 2403 910 2457 καὶτῶν
937 2401 1038 2474 μέν
1065 2401 1360 2474 κτημάτων
1383 2401 1562 2456 αὐτῶν
1585 2405 1774 2473 ἐπιμε-

205 2495 455 2566 λούμεθα,
488 2496 590 2566 τῆς
617 2495 672 2548 δέ
697 2494 877 2566 ψυχῆς
903 2493 1082 2549 αὐτῶν
1111 2493 1586 2565 καταφρονοῦμεν,
1609 2493 1774 2563 ἐσχά-

205 2601 294 2654 της
334 2583 526 2646 ἀνοίας
575 2584 811 2653 πρᾶγμα
844 2582 1228 2653 ὑπομένοντες.
1259 2581 1340 2634 Τά
1373 2581 1470 2652 μὲν
1499 2581 1607 2652 7&9
1640 2583 1774 2652 κτή-

207 2691 342 2744 ματα
371 2675 474 2728 κᾶν
501 2673 672 2726 πολλὰ
700 2669 732 2748 ᾖ
763 2673 856 2726 καὶ
888 2673 1174 2744 πολυτελῆ,
1201 2671 1294 2726 τοῦ
1320 2671 1618 2744 δυναμένου
1653 2671 1772 2742 μετ’

203 2768 396 2838 ἀρετῆς
433 2769 582 2820 αὑτά
607 2769 910 2836 οἰκονομεῖν
941 2767 1042 2819 οὐκ
1063 2766 1213 2830 δντος
1251 2767 1565 2830 σπουδαίου,
1593 2766 1772 2820 πάντα

200 2861 475 2915 ἀπολεῖται
523 2859 616 2914 καὶ
684 2859 964 2928 οἰχήσεται
1017 2857 1134 2928 μετ’
1192 2857 1378 2924 αὐτοῦ,
1427 2859 1520 2911 καὶ
1569 2857 1772 2928 βλάϐην

200 2953 424 3022 ἐσχάτην
457 2950 668 3018 ἐνέγκοι
687 2962 724 3004 .ι
743 2948 821 3019 τῷ
855 2949 1176 3018 κεκτημένῳ
1196 2965 1210 2978 ·
1241 2949 1306 3002 ἂν
1329 2947 1440 3019 6ἐὴ
1471 2949 1618 3018 ψυχὴ
1647 2965 1771 3016 γεν-

203 3039 319 3094 ναία
347 3041 578 3109 γένηται
615 3039 708 3090 καὶ
747 3037 1055 3107 φιλόσοφος.
1087 3037 1190 3092 κᾶν
1243 3039 1408 3108 μηδὲν
1446 3038 1596 3092 ἔνδον
1633 3039 1772 3092 ἀπο-

197 3131 444 3200 κείμενον
491 3126 550 3202 ᾗ,
597 3129 666 3182 τὰ
707 3129 922 3182 πάντων
953 3128 1242 3200 δυνήσεται
1277 3129 1418 3200 μετά
1456 3131 1640 3194 ἀδείας
1673 3147 1768 3184 συ-

197 3226 362 3294 σχεῖν.
391 3223 488 3274 Δεῖ
502 3221 684 3274 τοίνυν
703 3223 946 3282 σκοπεῖν,
973 3221 1066 3290 οὐχ
1091 3222 1238 3286 ὅπως
1264 3217 1460 3286 αὐτοὺς
1481 3222 1768 3286 πλουσίους

195 3316 248 3367 ἐν
273 3313 529 3384 ἀργυρίῳ
553 3313 648 3365 καὶ
669 3312 874 3384 χρυσίῳ
904 3313 998 3364 καὶ
1017 3315 1128 3375 τοῖς
1149 3313 1408 3376 τοιούτοις
1426 3315 1766 3385 ποιήσωμεν,

195 3406 302 3460 ἀλλ’
329 3407 480 3468 ὅπως
513 3406 570 3457 ἐν
603 3403 862 3475 εὐλαϐείᾳ
889 3404 982 3457 καὶ
1013 3404 1302 3477 φιλοσοφίᾳ
1334 3407 1428 3458 καὶ
1451 3409 1642 3478 κτήσει
1669 3408 1766 3476 τῆς

191 3499 388 3572 ἀρετῆς
429 3497 651 3550 πάντων
692 3495 920 3564 γένοιντ’
960 3495 1026 3548 ἂν
1057 3496 1424 3568 εὐπορώτεροι
1444 3511 1458 3526 ⁶
1509 3498 1657 3560 ὅπως
1688 3498 1764 3568 μὴ

191 3590 398 3644 πολλῶν
444 3589 670 3653 δέοιντο,
709 3589 858 3650 ὅπως
906 3585 979 3658 μὴ
1013 3587 1144 3657 περὶ
1172 3587 1242 3640 τά
1277 3587 1505 3656 βιωτικά
1542 3589 1635 3641 καὶ
1664 3590 1764 3652 τὰς

191 3681 520 3754 νεωτερικὰς
539 3680 832 3750 ἐπιθυμίας
857 3671 990 3732 ὦσιν
1019 3679 1367 3752 ἐπτοημένοι.
1399 3683 1510 3735 Kal
1529 3683 1628 3746 τὰς
1653 3684 1768 3735 εἰσ-

189 3773 335 3837 όδους
380 3771 588 3835 αὐτῶν,
635 3773 730 3824 καὶ
759 3771 860 3833 τὰς
905 3769 1120 3836 ἐξόδους
1162 3771 1278 3840 μετ’
1325 3771 1614 3843 ἀκριϐείας
1669 3789 1768 3824 πε-

189 3859 577 3936 ριεργάξεσθαι
624 3858 750 3930 χρὴ,
789 3859 892 3922 τὰς
941 3857 1246 3929 διατριϐὰς,
1297 3859 1399 3921 τὰς
1453 3861 1760 3928 συνουσίας,

186 3953 388 4018 εἰδότας
437 3954 520 4006 δτι
553 3951 756 4004 τούτων
802 3948 1221 4020 ἀμελουμένων,
1257 3951 1514 4022 οὐδεμίαν
1569 3953 1764 4024 ἕξομεν

188 4036 445 4111 παράτῷ
475 4035 596 4104 Θεῷ
647 4031 994 4102 συγγνώμην.
1037 4033 1100 4086 El
1143 4033 1254 4104 γὰρ
1301 4035 1402 4105 τῆς
1431 4037 1540 4090 τῶν
1587 4039 1764 4093 ἀλλων

185 4119 446 4192 προνοίας
495 4111 875 4183 άπαιτούμεθα
905 4112 1004 4172 τὰς
1035 4111 1267 4176 εὐθύνας
1297 4115 1622 4185 (Ἕκαστος
1651 4120 1762 4188 γὰρ

181 4204 264 4274 μὴ
299 4203 364 4257 τὸ
391 4197 618 4254 ἑαυτοῦ
663 4195 920 4264 ζητείτω,
961 4197 1151 4265 φησὶν,
1193 4199 1358 4252 ἀλλὰ
1386 4201 1454 4252 τὸ
1481 4203 1588 4255 τοῦ
1615 4209 1761 4272 πλη-

188 4288 380 4352 σίον),-
393 4283 554 4352 πόσῳ
601 4279 801 4350 μᾶλλον
833 4279 931 4348 τῆς
963 4279 1071 4332 τῶν
1097 4279 1338 4346 παίδων;
1372 4283 1444 4336 Οὐ
1479 4286 1762 4357 κατῴκισά

192 4386 292 4434 σοι,
325 4369 515 4440 φησὶν,
565 4365 726 4418 αὐτὸν
755 4363 816 4427 ἐξ
861 4361 1073 4432 ἁρχῆς;
1121 4365 1400 4434 ἐπέστησα
1428 4367 1484 4420 δέ
1521 4387 1579 4424 σε
1613 4373 1760 4444 αὐτῴ

191 4451 505 4507 διδάσκαλον
529 4449 624 4501 καὶ
644 4445 954 4518 προστάτην
973 4446 1067 4498 καὶ
1089 4448 1360 4516 κηδεμόνα
1385 4451 1480 4504 καὶ
1503 4454 1757 4524 damna;

189 4536 286 4607 τὴν
310 4532 560 4601 ἐξουσίαν
587 4529 752 4584 αὐτοῦ
778 4531 958 4582 πᾶσαν
979 4528 1161 4597 φέρων
1178 4531 1257 4593 εἰς
1281 4532 1376 4594 τάς
1406 4533 1503 4596 σάς
1528 4538 1760 4609 ἐνέθηκα

190 4622 408 4690 χεῖρας
465 4613 700 4668 Ἀπαλὸν
753 4613 882 4666 δντα
934 4609 1282 4666 διαπλάττειν
1337 4617 1619 4688 ἐκέλευσα,
1667 4625 1760 4677 καὶ

193 4703 472 4773 ῥυθμίζειν
494 4716 508 4731 ο
547 4699 704 4752 ποίαν
738 4699 804 4751 ἂν
830 4697 974 4768 ἔχοις
1010 4694 1362 4769 συγγνώμην,
1416 4705 1464 4758 εί
1499 4705 1758 4776 περιίδοις

185 4787 346 4840 αὑτὸν
372 4784 896 4852 ἀποσκιρτήσαντα;
925 4784 991 4837 Τί
1017 4784 1128 4856 γὰρ
1154 4785 1220 4839 ἂν
1248 4785 1461 4854 sinam;
1510 4789 1592 4842 ὅτι
1634 4791 1760 4845 δυσ..

189 4868 332 4940 ήνιός
365 4869 482 4922 ἐστι
523 4866 618 4919 καὶ¹
666 4865 899 4936 τραχύς;
957 4867 1093 4921 Ἀλλ’
1133 4869 1192 4933 ἐξ
1243 4870 1416 4940 ἀρχῆς
1459 4870 1562 4926 ἔδει
1587 4875 1757 4930 ταῦτα

191 4950 524 5024 προορῶντα,
575 4951 662 5003 ὅτε
697 4950 908 5022 εὐήνιος
941 4947 1030 5022 ἦν,
1061 4953 1156 5006 καὶ
1193 4953 1388 5026 κομιδῆ
1430 4955 1566 5020 νέος,
1605 4959 1756 5028 χαλι-

186 5034 305 5088 νοῦν
338 5033 454 5105 μετ’
485 5033 790 5104 ἀκριϐείας,
825 5033 1024 5096 ἐθίζειν
1057 5035 1194 5106 πρὸς
1219 5036 1287 5089 τὰ
1310 5036 1516 5102 δέοντα,
1555 5042 1755 5113 ῥυθμί-

187 5118 316 5183 ζειν,
355 5117 604 5182 κολάζειν
635 5116 802 5170 αὐτοῦ
841 5117 912 5170 τὰ
947 5121 1228 5189 νοσήματα
1256 5121 1356 5191 τῆς
1382 5122 1579 5196 ψυχῆς.
1624 5127 1752 5181 Ὅτε

185 5201 518 5272 εὐκολωτέρα
549 5202 582 5271 ἡ
616 5199 870 5271 ἐργασία,
917 5200 1040 5254 τότε
1069 5203 1167 5265 νὰς
1195 5204 1437 5271 ἀκάνθας
1465 5209 1752 5280 ἐκτέμνειν

183 5284 411 5350 ἐδει,δτε
441 5285 798 5356 άπαλωτέρας
823 5283 988 5356 οὑσης
1018 5289 1116 5358 τῆς
1149 5287 1358 5358 ἡλικίας
1387 5292 1752 5366 εὐκολώτερον

181 5366 512 5432 ἀνεσπῶντο,
557 5369 654 5422 καί
682 5369 784 5422 οὐκ
835 5368 902 5422 ἂν
929 5369 1276 5440 ἀμελούμενα
1315 5372 1384 5426 τά
1430 5375 1600 5446 πάθη,
1656 5381 1751 5432 καὶ

181 5454 541 5536 αὐξανόμενα,
570 5457 1024 5530 δυσκατέργαστα
1049 5458 1259 5527 γέγονε.
1289 5460 1388 5514 Διά
1408 5463 1569 5517 τοῦτό
1591 5483 1748 5536 φησι,

181 5533 436 5606 Κάμψον
471 5540 540 5593 ἐκ
589 5541 875 5608 νεότητος
911 5541 1020 5596 τὸν
1059 5541 1364 5612 τράχηλον
1405 5533 1613 5610 αὐτοῦ,
1654 5533 1752 5601 ’ὅτε

185 5619 522 5696 εὐκολωτέρα
546 5625 746 5694 γένοιτ’
768 5625 834 5679 ἀν
864 5628 898 5697 ἡ
924 5627 1288 5697 παιδαγωγία.
1326 5629 1442 5683 Οὐκ
1474 5630 1752 5687 ἐπιτάττει

243 5757 268 5789 ⁸
287 5757 400 5810 Cod.
425 5759 516 5810 ἨΘ
537 5761 656 5823 μετὰ
676 5760 762 5808 τοῦ
785 5761 864 5810 καὶ
877 5763 949 5824 βλ.
975 5763 1013 5812 ἐ.
1041 5763 1261 5825 ἐνεγκεῖν.

1315 359 1384 416 IN
1425 355 1656 418 ILLUD.
1701 355 1911 416 VIDUA
1955 357 2326 418 ELIGATUR.

3361 366 3465 420 59.3

1896 459 1956 512 δὲ
2006 461 2188 532 μόνον,
2230 463 2366 518 ἀλλά
2414 466 2509 519 καὶ
2567 467 2730 532 αὐτδς
2779 469 3184 538 συνεφάπτεται
3237 490 3320 526 σοι
3371 477 3468 530 τοῦ

1897 549 2084 622 ἔργου.
2128 555 2238 608 Καὶ
2281 557 2420 623 πῶς,
2464 559 2560 612 καὶ
2595 560 2703 614 τίνι
2751 561 2968 632 τρόπῳ;
3025 563 3079 613 '0
3122 565 3472 636 κακολογῶν

1895 643 2120 714 πατέρα
2141 647 2178 714 ἢ
2203 647 2444 717 μητέρα,
2477 653 2632 721 φησὶ,
2661 652 2896 716 θανάτῳ
2921 653 3270 710 τελευτάτω.
3305 655 3469 727 Ὁρᾷς

1897 734 2062 788 πόσον
2108 738 2294 802 αὐτοῖς
2342 740 2612 813 ἐπέστησε
2663 743 2861 812 φόϐον;
2905 745 3079 816 πόσην
3135 745 3468 816 ἐπετείχισεν

1893 824 2170 892 ἀγωνίαν;
2203 829 2320 893 πῶς
2345 831 2578 903 δυνατήν
2603 851 2697 886 σου
2726 833 2824 906 τὴν
2847 835 3020 907 ἀρχὴν
3051 837 3273 908 ἐποίησε
3295 856 3308 903 ;
3334 840 3470 894 Τίνα

1892 908 1986 967 οῦν
2020 917 2316 987 ἀπολογίαν
2367 921 2586 991 ἔχοιμεν
2631 923 2698 976 ἂν
2749 927 2944 990 εἰπεῖν,
2991 928 3120 981 ὅταν
3148 931 3311 990 αὐτὸς
3344 931 3463 1000 μὲν,

1892 1006 2110 1062 ἐπειδὰν
2141 1011 2307 1081 ἡμεῖς
2353 1013 2729 1085 ὑϐριζώμεθα,
2776 1017 2910 1087 μηδὲ
2959 1019 3060 1089 τῆς
3103 1018 3248 1090 ζωῆς
3286 1021 3465 1073 αὐτῶν

1893 1095 2142 1169 φείδηται
2163 1118 2176 1130 ·
2217 1101 2379 1172 ἡμεῖς
2411 1102 2486 1169 δὲ,
2515 1104 2872 1176 ὑϐριζομένου
2901 1106 2994 1161 τοῦ
3027 1107 3164 1161 Θεοῦ
3205 1113 3334 1181 παρ’
3361 1112 3464 1164 αὑο

1888 1185 2019 1252 τῶν,
2076 1190 2210 1261 μηδέ
2253 1192 2582 1260 ἀγανακτεῖν
2616 1195 2802 1260 αὐτοῖς
2834 1195 3235 1268 ὑπομένωμεν;
3297 1199 3459 1268 Ἐγὼ.

1890 1281 2075 1350 φησὶν,
2114 1282 2233 1336 οὐδὲ
2279 1285 2597 1340 ἀποκτεῖναι
2633 1289 3007 1360 παραιτοῦμαι
3048 1291 3140 1346 τὸν
3173 1292 3463 1362 ὑϐρίζοντά

1889 1383 1949 1419 σε
1969 1385 1982 1399 ο
2016 1371 2080 1422 σὺ
2111 1371 2166 1424 δέ
2198 1373 2318 1426 οὐδὲ
2347 1375 2554 1444 ῥήματι
2584 1375 2775 1430 λυπεῖν
2808 1378 2999 1450 ἀνέχῃ,
3035 1381 3186 1448 φησὶ,
3216 1381 3306 1434 τὸν
3334 1382 3464 1440 τοὺς

1888 1461 2056 1530 ἐμοὺς
2105 1464 2520 1518 καταπατοῦντα
2558 1465 2775 1536 νόμους.
2829 1468 2940 1520 Kal
2975 1469 3076 1522 1:06
3109 1469 3284 1523 ταῦτα
3328 1486 3460 1538 συγ·-

1883 1549 2110 1623 γνώμης
2143 1553 2303 1620 diu;
2349 1549 2511 1626 Ὁρᾷς
2547 1555 2710 1610 αὑτὸν
2761 1557 3056 1628 ὑϐρίζοντα
3113 1561 3192 1622 είς
3227 1559 3319 1612 τὸν
3369 1577 3462 1612 πε-

1884 1645 2174 1714 ποιηκότα,
2205 1646 2300 1699 καὶ
2323 1647 2383 1699 οὐ
2409 1647 2808 1718 δυσχεραίνεις,
2831 1649 2952 1702 είπέ
2977 1666 3090 1720 μοι,
3120 1651 3239 1703 οὑδέ
3275 1649 3460 1720 φοϐεῖς

1883 1737 1978 1790 καὶ
2012 1739 2291 1809 ἐπιτιμᾷς.
2332 1741 2427 1794 καὶ
2463 1741 2640 1794 ταῦτα
2671 1741 2848 1805 εἰδὼς,
2879 1743 2961 1795 ὅτι
2987 1743 3082 1796 καὶ⁵
3114 1741 3270 1795 τοῦτο
3296 1743 3458 1808 αὐτὸς

1883 1829 1912 1881 ὁ
1955 1825 2088 1893 Θεὸς
2135 1829 2431 1899 ἐκώλυσεν,
2463 1833 2566 1886 οὐκ
2606 1834 2796 1905 ἐπειδὴ
2847 1833 3019 1904 βλάϐη
3056 1833 3204 1907 [518]
3249 1853 3335 1899 τις
3377 1839 3460 1900 εἰς

1882 1919 2240 1992 ὑϐριζόμενον
2268 1923 2480 1992 γίνεται
2510 1923 2836 1996 (ἀνώλεθρον
2864 1925 2973 1998 7&9
3001 1926 3062 1979 τὸ
3093 1925 3290 1998 Θεῖον),
3338 1926 3454 1979 ἀλλ’

1881 2014 2024 2086 ὑπὲρ
2057 2016 2156 2086 τῆς
2199 2017 2408 2070 ἐκείνου
2441 2018 2752 2089 σωτηρίας;
2791 2018 2848 2070 '0
2881 2018 2990 2088 7&9
3031 2018 3160 2089 περὶ
3197 2017 3290 2072 τὸν
3323 2017 3454 2070 Θεὸν

1881 2103 2154 2174 ἀγνώμων
2185 2107 2479 2177 γενόμενος
2529 2107 2625 2160 καὶ¹
2663 2107 3008 2177 ἀναίσθητος,
3041 2105 3220 2178 πολλῷ
3255 2105 3454 2177 μᾶλλον

1877 2197 1959 2258 εἰς
2006 2197 2098 2249 τὸν
2143 2197 2536 2270 γεγεννηκότα,
2579 2189 2691 2252 ’καὶ
2743 2200 2824 2262 είς
2875 2199 2974 2271 τὴν
3029 2197 3224 2252 ἑαυτοῦ
3273 2196 3454 2267 ψυχὴν

1878 2289 2280 2360 ἐμπαροινῆσαι
2313 2289 2622 2361 δυνήσεται.

1945 2385 2016 2448 η’.
2047 2379 2138 2451 Μὴ
2169 2381 2346 2433 τοίνυν
2372 2379 2684 2452 ἀμελῶμεν,
2705 2379 2904 2443 εἰδότες
2929 2379 3134 2433 ὅτιτῶν
3161 2379 3301 2433 κατά
3319 2379 3454 2432 Θεὸν

1875 2470 2059 2533 αὐτοῖς
2106 2465 2164 2524 εὖ
2209 2470 2588 2542 διακειμένων,
2638 2470 2732 2524 καὶ
2762 2469 2902 2523 κατά
2931 2469 3022 2523 τὸν
3060 2470 3303 2540 παρόντα
3339 2467 3453 2539 βίον

1874 2557 2088 2614 ἔσονται
2118 2561 2394 2632 εὐδόκιμοι
2437 2563 2533 2618 καὶ
2573 2562 2839 2634 λαμπροί.
2883 2563 2986 2614 Τὺν
3015 2561 3123 2632 γὰρ
3157 2563 3326 2633 ἀρετῇ
3354 2578 3450 2612 συ-

1875 2653 2054 2718 ζῶντα
2090 2655 2184 2708 καὶ⁵
2219 2656 2492 2726 ἐπιεικείᾳ
2525 2655 2726 2719 πάντες
2761 2654 3034 2709 αἰδοῦνται
3086 2655 3182 2710 καὶ
3227 2653 3450 2724 τιμῶσι,

1873 2745 1976 2799 κᾶν
2003 2745 2258 2800 ἁπάντων
2293 2747 2618 2818 πενέστερος
2653 2742 2720 2820 ᾗ,
2767 2745 2956 2816 ὥσπερ
2977 2743 3067 2799 οὖν
3095 2746 3183 2799 τὸν
3215 2745 3453 2818 πονηρὸν

1873 2839 1968 2891 καὶ
2002 2839 2430 2910 διεστραμμένον
2461 2841 2864 2911 ἀποστρέφουσι
2892 2838 2984 2892 καὶ
3010 2837 3258 2907 μισοῦσιν
3279 2838 3450 2893 ἀπαν-

1870 2946 1982 2992 τες,
2027 2929 2129 2982 κᾶν
2175 2925 2499 3004 εὐπορίαινῇ
2549 2930 2882 2999 κεκτημένος
2937 2929 3158 2998 πολλήν.
3217 2929 3292 2981 Οὐ
3335 2932 3450 2991 τοῖς

1871 3021 2052 3084 ἄλλοις
2081 3021 2138 3073 δέ
2168 3023 2328 3090 μόνον
2351 3020 2660 3092 ἀνθρώποις
2685 3021 2838 3073 ἔσται
2861 3019 3158 3090 αἰδέσιμος,
3197 3021 3329 3073 ἀλλὰ
3355 3025 3449 3074 καὶ

1873 3109 1956 3162 σοὶ
1985 3109 2064 3180 τῷ
2099 3111 2453 3180 γεγεννηκότι
2498 3108 2895 3180 ποθεινότερος,
2926 3107 3064 3178 πλὴν
3099 3108 3200 3178 τῆς
3228 3107 3446 3178 φύσεως

1869 3203 1969 3256 οὐκ
1998 3203 2255 3256 ἐλάττονα
2289 3203 2482 3273 ἐτέραν
2524 3201 2782 3255 ὑπόθεσιν
2815 3201 2952 3272 ἔχων
2999 3201 3137 3272 πρὸς
3181 3195 3244 3254 τὸ
3273 3200 3448 3269 φιλεῖ-

1871 3291 1995 3346 σθαι
2049 3291 2148 3364 τὴν
2187 3294 2390 3364 ἀρετήν
2415 3310 2430 3324 ·
2465 3293 2528 3346 οὐ
2583 3292 2960 3361 ποθεινότερος
2997 3291 3055 3344 δέ
3093 3293 3273 3362 μόνον,
3311 3291 3448 3344 ἀλλά

1869 3383 1963 3436 καὶ
2006 3387 2420 3456 χρησιμώτερος
2468 3383 2616 3436 ἐσται
2671 3401 2752 3437 σοι
2787 3383 3124 3453 θεραπεύων,
3156 3385 3444 3448 δουλεύων,

1869 3475 2212 3544 γηροκομῶν.
2254 3475 2464 3546 Ὥσπερ
2485 3474 2594 3546 γάρ
2623 3476 2820 3547 οἱπερὶ
2849 3477 2940 3529 τὸν
2973 3477 3104 3529 Θεὸν
3130 3475 3446 3547 ἀγνώμονες

1868 3565 1962 3617 καὶ
1999 3564 2107 3616 τῶν
2141 3565 2547 3634 γεγεννηκότων
2573 3565 3033 3636 καταφρονοῦσιν·
3064 3565 3235 3630 οὑτως
3263 3569 3311 3619 οἱ
3353 3567 3445 3620 τὸν

1867 3657 2205 3726 πεποιηκότα
2235 3656 2649 3727 θεραπεύοντες,
2677 3659 2734 3708 ἐν
2757 3657 2925 3728 πολλῇ
2964 3659 3059 3711 καὶ
3084 3661 3212 3722 τοὺς
3256 3675 3445 3728 γεγεν-

1869 3749 2096 3819 νηκότας
2125 3749 2308 3818 έχουσι
2332 3752 2396 3820 τῇ
2435 3752 2592 3820 τιμῇ.
2621 3750 2738 3803 Ἵνα
2763 3745 2856 3803 οῦν
2887 3751 2981 3804 καὶ
3014 3751 3163 3822 παρά
3190 3751 3329 3820 Θεῷ,
3348 3752 3440 3804 καὶ

1865 3842 2016 3913 παρά
2043 3842 2354 3914 ἀνθρώποις
2382 3843 2666 3912 εὐδοκιμῇ,
2695 3841 2791 3894 καί
2823 3857 2906 3894 σοι
2950 3841 3050 3912 τὴν
3083 3841 3229 3911 ζωὴν
3259 3841 3443 3912 ἡδεῖαν

1864 3936 2013 4005 ποιῇ,
2045 3934 2140 3986 καὶ
2170 3933 2269 4004 τῆς
2312 3933 2613 4004 μελλούσης
2641 3933 2958 4005 ἀπαλλάττῃ
2991 3934 3286 3997 κολάσεως,
3337 3936 3444 3988 πᾶ-

1865 4041 1964 4078 σαν
1998 4023 2336 4077 ἐπιδείκνυσο
2369 4024 2497 4094 περὶ
2529 4024 2692 4078 αὐτὸν
2727 4024 2827 4093 τὴν
2863 4025 3117 4096 σπουδήν.
3153 4026 3274 4078 ’Ότι
3333 4024 3440 4096 γὰρ

1862 4116 1910 4168 οἱ
1936 4115 2044 4168 τῶν
2076 4115 2284 4168 παίδων
2327 4116 2676 4186 ἀμελοῦντες,
2699 4116 2804 4170 κᾶν
2825 4115 2992 4170 τᾶλλα
3013 4110 3146 4170 ὦσιν
3179 4117 3440 4180 ἐπιεικεῖς

1863 4208 1956 4262 καὶ
1992 4207 2226 4279 μέτριοι,
2265 4207 2352 4262 διά
2393 4207 2597 4279 ταύτην
2637 4207 2734 4279 τὴν
2764 4209 3037 4280 ἁμαρτίαν
3076 4209 3175 4280 τὴν
3203 4209 3439 4279 ἐσχάτην

1863 4299 2256 4370 ὑποστήσονται
2287 4299 2474 4371 δίκην,
2529 4299 2770 4372 ἱστορίαν
2809 4300 2894 4353 σοί
2941 4317 3061 4353 τινα
3105 4299 3439 4371 διηγήσομαι

1859 4391 2116 4445 παλαιάν.

1945 4483 2146 4553 Ἱερεύς
2175 4499 2261 4546 τις
2299 4478 2368 4553 ἦν
2420 4481 2572 4553 παρὰ
2601 4485 2714 4546 τοῖς
2763 4483 3041 4546 Ἰουδαίοις
3081 4485 3328 4556 ἐπιεικὴς
3371 4487 3435 4540 τὰ

1860 4574 1994 4628 ἄλλα
2039 4574 2134 4626 καὶ
2181 4573 2419 4644 μέτριος,
2466 4573 2614 4626 Ἠλεῖ
2644 4571 2721 4642 τῷ
2752 4571 2996 4642 ὀνόματι.
3025 4568 3132 4624 Ἦν
3166 4569 3256 4627 οὖν
3285 4571 3437 4637 οὗτος

1873 4663 2022 4716 Ἥλεῖ
2051 4663 2145 4715 δύο
2179 4663 2373 4726 παῖδας
2405 4661 2546 4732 έχων
2581 4663 2659 4724 είς
2691 4661 2917 4731 ἔσχατον
2942 4661 3209 4734 πονηρίας
3241 4663 3432 4735 ἐληλα-

1861 4756 2050 4819 κόταςο
2069 4757 2130 4808 οὐ
2156 4757 2374 4825 κατεῖχε
2404 4753 2482 4818 δὲ,
2503 4753 2624 4806 οὐδέ
2653 4752 2854 4806 ἐκώλυε
2872 4770 2885 4783 ·
2915 4753 3114 4824 μᾶλλον
3138 4754 3194 4807 δέ
3218 4757 3434 4824 κατεῖχε

1861 4849 1962 4918 μὲν
1993 4849 2088 4901 καὶ
2116 4845 2373 4908 ἐκώλυεν,
2402 4845 2462 4898 οὑ
2493 4845 2632 4916 μετά
2657 4845 2759 4914 τῆς
2787 4845 3170 4916 προσηκούσης
3191 4845 3248 4898 δέ
3273 4849 3429 4916 ἀκρι-

1857 4941 2010 5004 ϐείας
2047 4939 2142 4994 καὶ
2175 4939 2554 5010 σφοδρότητος.
2597 4937 2726 4991 Δέον
2767 4939 2876 5007 7&9
2915 4939 3279 5008 μαστιγῶσαι,
3333 4940 3432 5007 τῆς

1857 5033 2116 5104 πατρῴας
2147 5031 2397 5084 ἐκϐαλεῖν
2429 5029 2606 5093 οίκίας
2625 5071 2638 5093 ,
2691 5029 2868 5084 πάντα
2893 5028 3266 5094 ἐπιδείξασθαι
3290 5029 3433 5102 διορ-

1855 5123 2072 5186 θώσεως
2121 5123 2344 5194 τρόπον,
2403 5121 2634 5192 παρῄνει
2695 5121 2790 5174 καὶ
2845 5120 3196 5174 συνεϐούλευε
3246 5123 3430 5192 μόνον,

1851 5217 1994 5273 οὔτω
2025 5215 2198 5284 λέγων
2222 5231 2236 5246 ⁸
2273 5214 2406 5283 Μὴ,
2446 5216 2646 5280 τέκνα,
2681 5213 2769 5284 μὴ
2819 5213 3038 5268 ποιεῖτε
3086 5209 3308 5282 οὕτως’
3339 5217 3431 5270 ὅτι

1850 5312 1961 5364 οὐκ
1991 5307 2181 5380 ἀγαθὴ
2214 5309 2252 5378 ἡ
2281 5306 2454 5376 ἀκοὴ,
2483 5306 2561 5376 ἣν
2591 5307 2704 5376 ἐγὼ
2733 5308 2933 5362 ἀκούω
2958 5307 3092 5376 περὶ
3125 5308 3314 5374 ὑμῶν.
3363 5309 3431 5367 ἷΓί

1849 5403 2066 5470 λέγεις;
2114 5401 2206 5454 τὸν
2237 5398 2513 5470 Δεσπότην
2549 5398 2802 5470 ὕϐρισαν,
2855 5399 2948 5452 καὶ
2999 5399 3164 5451 τέκνα
3205 5397 3427 5464 καλεῖς;

1850 5491 2128 5563 ἡγνόησαν
2173 5491 2266 5544 τὸν
2292 5491 2651 5562 πεποιηκότα,
2681 5492 2776 5545 καὶ
2803 5491 2870 5544 σὺ
2910 5489 3294 5560 ἐπιγινώσκεις
3328 5492 3432 5545 αὐ-

1850 5579 1960 5632 τῶν
1997 5579 2094 5652 τὴν
2128 5579 2480 5649 συγγένεισνς
2508 5581 2606 5634 Διά
2629 5580 2786 5634 τοῦτό
2814 5597 3002 5652 φησιν,
3035 5581 3117 5634 ὃτι
3153 5581 3254 5634 οὐκ
3283 5581 3434 5634 ἐνου-

1851 5669 1996 5724 θέτει
2041 5670 2272 5734 αὐτούς·
2317 5669 2570 5725 νουθεσία
2600 5671 2709 5744 γάρ
2750 5674 2919 5737 ἐστιν,
2963 5673 3064 5726 οὐκ
3106 5673 3202 5726 ἐάν
3245 5673 3434 5740 ἁπλῶς

1855 5761 2368 5836 συμϐουλεύσωμεν,
2401 5763 2516 5819 ἀλλ’
2556 5764 2650 5820 ἐὰν
2701 5764 3054 5839 σφοδρότερον
3104 5765 3200 5820 καὶ
3251 5765 3442 5846 τομώ-⁸
