4060 6260
591 329 700 386 529

590 463 752 518 τερον
784 445 879 500 καὶ
913 444 1049 513 ὅσην
1069 444 1105 514 ἡ
1150 441 1245 497 τοῦ
1290 440 1606 515 τραύματος
1646 439 1870 494 ἀπαιτεῖ
1900 433 2167 508 σηπεδὼν,

590 537 863 605 τοσαύτην
890 533 1262 605 ἐπαγάγωμεν
1296 532 1403 605 τὴν
1422 531 1658 604 πληγήν.
1681 529 1761 586 Οὐ
1785 528 1969 581 τοίνυν
2011 522 2179 596 ἀρκεῖ

590 632 654 682 το
684 629 883 693 εἰπεῖν,
910 625 1032 680 οὐδέ
1059 624 1120 679 τὸ
1146 625 1475 698 παραινέσαι
1506 623 1689 695 μόνον,
1712 620 1851 675 ἀλλά
1881 618 1979 674 καλ⁸
1999 615 2175 670 πολὺν

589 716 923 788 ἐπιτειχίσαι
967 716 1053 770 δεῖ
1089 714 1179 769 τὸν
1223 714 1414 785 φόϐον,
1457 714 1599 769 ὥστε
1639 712 1738 785 τὴν
1781 711 1886 781 τῆς
1921 708 2172 778 νεότητος

590 802 888 875 περικόψαι
912 800 1205 873 ρᾳθυμίαν.
1233 799 1386 855 Ἐπεὶ
1403 795 1498 854 οὖν
1514 796 1748 870 παρῄνει
1779 794 1898 866 μὲν,
1917 793 1979 846 οὐ
2032 806 2173 875 παρέ

588 874 711 959 ’ίίνέι
750 886 809 940 δὲ
842 886 924 949 ὡς
955 885 1088 949 ἔδει,
1125 886 1238 948 τοῖς
1256 883 1536 954 πολεμίοις
1563 882 1760 944 αὐτοὺς
1792 877 2041 943 ἐξέδωκε,
2076 874 2172 959 καί.

592 958 774 1042 μάχης
800 969 1119 1040 γενομένης,
1160 968 1353 1023 ἔπεσον
1384 970 1477 1022 ἐπὶ
1505 966 1607 1036 τῆς
1636 963 2026 1037 παρατάξεως,
2075 958 2170 1013 καὶ

587 1055 687 1125 τὴν
720 1051 979 1122 ἀγγελίαν
1003 1053 1104 1107 οὐκ
1139 1050 1405 1119 ἐνεγκὼν,
1431 1048 1612 1103 πεσὼν
1640 1045 1927 1117 συνετρίϐη
1954 1044 2050 1098 καὶ
2076 1043 2172 1096 αὐ-

587 1139 681 1199 τὸς
724 1139 818 1190 καὶ
843 1136 1136 1190 ἀπέθανεν.
1180 1136 1345 1206 Ὁρᾷς
1368 1135 1451 1187 ὅτι
1476 1132 1707 1196 δικαίως
1735 1128 1909 1196 εἷπον,
1946 1130 2029 1182 ὅτι
2075 1127 2171 1181 καὶ

588 1218 928 1274 παιδοκτόνοι
967 1219 1015 1271 oi
1053 1217 1291 1288 πατέρες
1338 1217 1497 1280 εἰσὶν,
1547 1216 1597 1269 οἰ
1644 1214 1720 1286 μὴ
1771 1211 2016 1284 σφοδρῶς
2057 1213 2171 1272 τοῖς

588 1301 767 1356 αὐτῶν
795 1300 1124 1371 κεχρημένοι
1158 1300 1313 1354 παισί
1339 1298 1674 1371 ῥᾳθυμοῦσι,
1722 1297 1859 1369 μηδὲ
1889 1296 1987 1367 τὴν
2027 1293 2175 1350 κατά

587 1387 721 1440 Θεδν
773 1385 1134 1447 ἀπαιτοῦντες
1182 1383 1381 1445 αὐτοὺς
1416 1382 1737 1448 εὐλάϐειανς
1774 1380 1932 1434 Οὕτω
1977 1378 2109 1448 γοῦν
2140 1379 2171 1431 δ

600 1469 753 1523 Ἢλεῖ
774 1467 1124 1531 παιδοκτόνος
1151 1466 1391 1536 ἐγένετο.
1411 1467 1473 1519 Εἰ
1505 1465 1615 1537 γάρ
1648 1466 1699 1519 οί
1729 1464 1982 1534 πολέμιοι
2035 1479 2171 1516 κατ-

589 1552 832 1622 έσφαξαν
880 1550 1046 1604 αὐτοῦ
1071 1553 1199 1615 τοὺς
1233 1552 1384 1614 υἱοὺς
1405 1590 1422 1614 ,
1460 1549 1598 1602 ἀλλά
1624 1548 1722 1619 τῆς
1753 1545 1970 1616 σφαγῆς
2015 1541 2175 1608 οὗτος

586 1635 759 1698 αῖτιος
796 1633 1034 1702 ἐγένετο.
1066 1632 1157 1686 διὰ
1179 1632 1281 1703 τῆς
1321 1634 1449 1706 περὶ
1480 1634 1679 1697 αὐτοὺς
1730 1630 2004 1703 ῥᾳθυμίας
2036 1631 2175 1684 am.

589 1719 793 1789 στήσας
827 1716 977 1790 [519]
998 1717 1092 1771 τοῦ
1113 1716 1249 1769 Θεοῦ
1271 1718 1370 1787 τὴν
1394 1716 1669 1788 βοήθειαν,
1691 1715 1789 1770 καὶ
1804 1717 2045 1786 γυμνοὺς
2074 1714 2173 1768 καὶ

585 1803 828 1873 ἐρήμους
848 1799 1027 1866 δείξας
1049 1804 1159 1864 τοῖς
1186 1801 1531 1871 βουλομένοις
1549 1800 1749 1863 αὐτοὺς
1780 1799 2014 1855 ἀνελεῖν.
2055 1799 2173 1853 Οὐκ

583 1884 829 1947 ἐκείνους
848 1883 904 1937 δέ
932 1884 1114 1955 μόνον,
1144 1884 1281 1939 ἀλλά
1302 1883 1398 1937 καὶ
1419 1883 1609 1938 ἑαυτὸν
1647 1880 2060 1954 προσαπώλεσε.

658 1980 722 2032 θ’.
741 1978 984 2051 Τοῦτοδὴ
1002 1978 1185 2033 πολλοὶ
1213 1979 1433 2034 καὶτῶν
1447 1978 1546 2033 νῦν
1562 1979 1817 2051 πατέρων
1835 1977 2135 2049 πάσχουσιν
2150 1994 2169 2010 ο

581 2064 646 2117 οὐ
697 2063 1014 2134 βουλόμενοι
1036 2063 1326 2133 μαστίξαι,
1367 2063 1491 2119 οὐδὲ
1531 2062 1859 2133 ἐπιτιμῆσαι
1898 2062 2166 2132 ῥήμασιν,

582 2147 707 2200 οὐδέ
734 2146 978 2216 λυπῆσαι
998 2147 1127 2209 τοὺς
1145 2144 1357 2199 ἑαυτῶν
1387 2147 1537 2209 υἰούς
1562 2145 1813 2209 ἀτάκτως
1842 2144 2053 2210 ζῶντας
2073 2144 2169 2198 καὶ

583 2228 941 2299 παρανόμως,
964 2228 1226 2294 πολλάκις
1241 2225 1379 2282 εἶδον
1404 2230 1497 2283 ἐπὶ
1518 2231 1631 2292 τοῖς
1651 2227 1900 2298 ἐσχάτοις
1917 2225 2166 2293 ἁλόντας,

584 2315 664 2375 είς
678 2312 1024 2381 δικαστήριον
1053 2311 1422 2384 ἀρπαγέντας,
1451 2311 1557 2364 ὐπὸ
1580 2311 1792 2382 δημίων
1820 2309 2166 2380 ἀποτμηθέν-

580 2412 704 2459 τας.
731 2394 895 2447 Ὅταν
922 2393 1031 2464 γὰρ
1066 2396 1129 2447 σὺ
1167 2396 1242 2466 μὴ
1270 2392 1584 2466 παιδεύσῃς,
1605 2394 1733 2448 ὅταν
1762 2394 1827 2447 σύ
1852 2394 1927 2465 μὴ
1952 2410 2165 2465 σωφρο-

583 2479 762 2549 νίσης,
789 2479 1011 2548 μιαροῖς
1060 2478 1371 2550 ἀνθρώποις
1401 2478 1498 2532 καὶ
1521 2476 1941 2547 διεφθαρμένοις
1969 2476 2167 2529 σαυτὸν

583 2559 874 2630 ἀναμίξας,
902 2559 997 2614 καί
1031 2562 1364 2631 κοινωνήσας
1397 2561 1495 2631 τῆς
1521 2559 1789 2628 πονηρίας
1822 2559 2028 2622 αὐτοῖς,
2060 2559 2167 2613 ὐπὸ

584 2650 699 2711 τοῖς
748 2650 945 2710 κοινοῖς
994 2646 1218 2715 ἄγονται
1244 2645 1433 2715 νόμοις
1457 2644 1554 2697 καὶ
1585 2641 1902 2705 κολάζονται
1946 2645 2169 2698 πάντων

583 2730 836 2801 δρώντων
857 2747 872 2761 ο
906 2730 1001 2784 καί
1040 2728 1177 2800 μετά
1199 2728 1298 2799 τῆς
1332 2726 1617 2796 συμφορᾶς
1652 2724 1853 2794 μείζων
1878 2727 1913 2797 ἡ
1933 2724 2163 2798 αἰσχύνη

582 2813 827 2881 γίνεται,
871 2810 1461 2869 δακτυλοδεικτούντων
1511 2809 1769 2862 ἁπάντων
1813 2808 1908 2862 τὸν
1951 2810 2166 2881 πατέρα

587 2899 723 2969 μετὰ
749 2900 847 2969 τὴν
882 2898 1093 2953 ἐκείνου
1122 2897 1396 2966 τελευτὴν,
1429 2894 1523 2947 καί⁵
1546 2892 1747 2947 ἄϐατον
1769 2892 1916 2964 αὐτῷ
1946 2894 2167 2948 ποιούν-

583 2998 690 3035 των
732 2982 831 3052 τὴν
867 2983 1093 3053 ἀγοράν.
1127 2980 1310 3041 Ποίοις
1340 2977 1451 3048 γάρ
1500 2976 1799 3048 ὀφθαλμοῖς
1845 2976 2163 3047 ἀντιϐλέψαι

582 3065 868 3139 δυνήσεται
895 3069 1007 3127 τοῖς
1057 3063 1369 3120 ἀπαντῶσιν
1404 3060 1554 3132 αὐτῷ
1602 3059 1742 3132 μετά
1774 3060 1872 3133 τὴν
1911 3061 2163 3133 τοιαύτην

580 3148 677 3202 τοῦ
710 3149 900 3212 παιδὸς
928 3147 1316 3219 ἀσχημοσύνην
1348 3146 1443 3199 καὶ
1484 3143 1806 3216 συμφοράνς
1846 3145 1937 3198 Διὸ
1975 3145 2164 3216 δέομαι

583 3231 681 3286 καὶ
710 3231 973 3284 ἀντιϐολῶ
1004 3231 1204 3302 πολλὴν
1248 3228 1357 3281 τῶν
1402 3228 1619 3280 οἰκείων
1665 3227 1870 3280 παίδων
1893 3229 2161 3282 ποιεῖσθαι

582 3314 683 3383 τὴν
711 3314 985 3385 πρόνοιαν,
1024 3314 1119 3366 καὶ
1148 3308 1421 3380 πανταχοῦ
1442 3308 1539 3381 τὴν
1570 3311 1842 3381 σωτηρίαν
1862 3310 2045 3381 ζητεῖν
2066 3312 2164 3364 αὐ-

581 3396 693 3450 τῶν
725 3397 824 3469 τῆς
852 3397 1051 3467 ψυχῆς.
1088 3394 1419 3457 Διδάσκαλος
1463 3387 1515 3444 εἷ
1560 3388 1660 3461 τῆς
1703 3393 1883 3457 οἰκίας
1917 3394 2160 3466 ἀπάσης,

583 3479 679 3533 καὶ
706 3481 806 3551 τὴν
836 3484 1073 3547 γυναῖκα
1096 3480 1191 3534 καὶ
1218 3479 1345 3542 τοὺς
1373 3476 1521 3542 υἱούς
1543 3494 1625 3531 σοι
1642 3478 2006 3549 παραπέμπει
2032 3496 2161 3532 συν-

583 3561 722 3633 εχῶς
750 3565 779 3616 ό
815 3562 967 3627 Θεός.
999 3562 1104 3616 Kal
1134 3562 1229 3617 νῦν
1257 3563 1356 3633 μέν
1387 3575 1552 3631 φησιν
1582 3563 1611 3615 ό
1637 3558 1848 3625 Παῦλος
1878 3561 2007 3633 περί
2051 3562 2162 3616 τῶν

583 3645 858 3713 γυναικῶν
881 3663 895 3678 ’
934 3649 1001 3700 Εἰ
1030 3645 1098 3700 δέ
1122 3663 1177 3699 τι
1194 3644 1532 3714 μανθάνειν
1568 3644 1858 3701 θέλουσιν
1874 3684 1890 3709 ,
1924 3647 1995 3700 ἐν
2018 3647 2163 3715 olm)

582 3728 725 3795 τοὺς
751 3728 939 3796 ἰδίους
958 3728 1184 3798 ἄνδρας
1200 3728 1669 3798 ἐπερωτάτωσαν
1683 3745 1697 3761 ο
1721 3728 1816 3783 νῦν
1834 3729 1894 3784 δὲ
1909 3729 2165 3800 περὶτῶν

583 3813 811 3876 παίδων,
837 3816 1182 3884 Ἐκτρέφετε
1205 3816 1359 3868 αὑτά
1380 3813 1452 3868 έν
1476 3813 1716 3881 παιδείᾳ
1748 3812 1848 3868 καὶ
1871 3813 2162 3882 νουθεσίᾳ

581 3895 821 3965 Κυρίου.
836 3897 1075 3967 Νόμισον
1090 3896 1379 3969 ἀγάλματα
1401 3898 1581 3968 χρυσά
1609 3895 1753 3967 ἒχειν
1778 3896 1870 3950 ἐπὶ
1894 3896 1993 3966 τῆς
2020 3895 2161 3951 οἰκί-

580 3995 665 4041 ας,
687 3978 757 4032 τὰ
776 3979 962 4033 παιδία
984 3997 996 4009 ·
1020 3980 1141 4035 καθ’
1160 3981 1397 4050 ἑκάστην
1415 3981 1629 4052 ἡμέραν
1645 3978 1785 4033 αὐτά
1802 3976 2032 4051 ρύθμιζε
2065 3979 2160 4033 καί

581 4063 907 4137 περισκόπει
958 4065 1096 4136 μετά
1144 4062 1451 4136 ἀκριϐείας,
1494 4064 1591 4117 καὶ
1638 4063 1803 4118 παντὶ
1846 4064 2034 4135 τρόπῳ
2058 4063 2158 4134 τὴν

579 4146 760 4216 ψυχὴν
788 4145 968 4199 αὐτῶν
988 4146 1328 4218 κατακόσμει
1348 4145 1442 4200 καὶ
1463 4144 1777 4200 διάπλαττε·
1807 4145 2042 4216 μίμησαι
2068 4145 2159 4199 τὸν

583 4230 852 4299 μακάρων
880 4227 1020 4292 Ἰὼϐ,
1047 4229 1106 4292 ὃς
1134 4229 1227 4283 καὶ
1251 4230 1392 4301 ὑπὲρ
1419 4229 1527 4283 τῶν
1558 4228 1700 4282 κατά
1720 4228 1957 4283 διάνοιαν
1975 4230 2160 4295 αὐτοῖς

583 4311 1084 4382 πλημμελουμένων
1112 4312 1381 4377 δεδοικὼς,
1412 4313 1751 4386 προσέφερεν
1787 4312 1927 4383 ὑπὲρ
1978 4314 2157 4368 αὐτῶν

579 4393 795 4461 θυσίας,
851 4396 947 4448 καὶ
993 4396 1195 4467 πολλὴν
1236 4396 1415 4452 αὐτῶν
1456 4399 1694 4450 ἐποιεῖτο
1727 4396 1825 4469 τὴν
1875 4398 2151 4470 πρόνοιαν.

578 4479 834 4550 Μίμησαι
871 4481 964 4536 τὸν
1026 4482 1303 4554 Ἀϐραάμ⁸
1345 4482 1438 4536 καὶ
1484 4481 1594 4553 γὰρ
1638 4483 1846 4545 ἐκεῖνος
1879 4482 1975 4552 οὐχ
2014 4483 2155 4555 ὑπὲρ

577 4564 877 4635 χρημάτων
904 4566 998 4619 καὶ
1026 4567 1321 4638 κτημάτων
1351 4564 1704 4632 ἐσπούδαζεν,
1732 4565 1845 4619 ἀλλ’
1874 4568 2013 4638 ὑπὲρ
2046 4567 2154 4622 τῶν

576 4646 738 4700 θείων
766 4649 965 4720 νόμων,
992 4650 1140 4715 ὅπως
1163 4651 1341 4704 αὐτῶν
1373 4651 1476 4723 τὴν
1503 4650 1751 4721 φυλακὴν
1773 4653 1889 4713 τοῖς
1909 4652 2155 4719 ἐκγόνοις

578 4731 719 4800 μετά
738 4731 1023 4802 ἀκριϐείας
1042 4734 1501 4806 παρακαταθοῖτο.
1521 4735 1630 4788 Kal
1655 4738 1923 4805 μαρτυρεῖ
1948 4733 2152 4807 ταύτην

574 4812 741 4867 αὐτοῦ
770 4815 870 4885 τὴν
894 4817 1098 4890 ἀρετὴν
1127 4820 1158 4871 ὁ
1179 4817 1313 4880 Θεὸς
1364 4816 1510 4871 οὕτω
1549 4816 1724 4885 λέγων
1742 4826 1773 4849 ⁸·
1790 4816 1996 4891 ’ῌδειν
2015 4818 2149 4887 γὰρ,

573 4898 665 4952 ὅτι
692 4898 981 4964 συντάξει
1020 4902 1266 4979 Ἀϐραὰμ
1298 4900 1423 4967 τοῖς
1451 4902 1667 4956 παισίν
1698 4901 1885 4955 αὐτοῦ
1922 4902 1996 4957 τὰ
2026 4904 2151 4971 κρί-

569 4998 731 5053 ματα
766 4983 866 5036 καί
919 4983 995 5037 τὰ
1040 4983 1422 5056 δικαιώματα.
1457 4985 1569 5039 Καὶ
1602 4987 1630 5037 ὁ
1679 4982 1844 5038 Δαυϊδ
1866 4985 1944 5051 δὲ,
1986 4986 2148 5056 ἡνίκα

575 5064 850 5131 ἐτελεύτα,
869 5067 989 5119 ἀντὶ
1014 5068 1256 5140 μεγάλης
1278 5068 1640 5140 κληρονομίας
1660 5067 1891 5131 καλέσας
1918 5067 2009 5121 τὸν
2034 5069 2148 5123 υίδν

572 5148 665 5202 τδν
700 5150 915 5211 ἐαυτοῦ,
935 5150 1110 5205 ταῦτα
1128 5151 1426 5222 παρηγγύα
1454 5151 1550 5204 καὶ
1573 5149 1812 5222 συνεχῶς
1831 5149 2017 5219 ἔλεγεν
2031 5169 2045 5181 ο
2065 5152 2144 5205 δτι

573 5233 638 5285 Εἰ
673 5232 1012 5305 βουληθείης,
1051 5234 1282 5297 παιδίον,
1312 5234 1454 5288 κατά
1492 5235 1617 5298 τοὺς
1648 5234 1743 5287 τοῦ
1775 5232 1911 5296 Θεοῦ
1950 5235 2147 5305 νόμους

573 5314 695 5387 ζῇν,
717 5316 871 5370 οὐδὲν
901 5319 1217 5388 ἐμπεσεῖται
1240 5317 1348 5370 τῶν
1374 5318 1668 5388 ἀδοκήτων.
1694 5317 1832 5371 άλλά
1856 5320 2033 5373 πάντα
2064 5337 2146 5374 σοι

570 5402 711 5454 κατά
745 5400 876 5473 ῥοῦν
901 5399 1023 5472 ἡξει
1044 5403 1115 5456 τὰ
1150 5401 1473 5472 πράγματα,
1506 5401 1601 5455 καὶ
1628 5401 1830 5475 πολλῆς
1858 5402 2145 5476 ἀπολαύσῃ

570 5483 673 5552 τῆς
702 5484 1001 5554 ἀσφαλείας
1020 5502 1033 5516 ·
1077 5486 1143 5539 ἀν
1175 5485 1230 5538 δὲ
1253 5486 1470 5557 ἐκείνης
1495 5485 1859 5560 ἐκπέσῃς’τῆς
1891 5485 2144 5558 βοηθείας

571 5567 722 5620 οὐδὲν
755 5568 947 5635 ὄφελός
977 5586 1057 5623 σοι
1080 5571 1179 5642 τῆς
1206 5570 1483 5642 βασιλείας
1529 5573 1740 5644 καὶτῆς
1776 5571 1979 5644 πολλῆς
2008 5571 2134 5625 ταύ-

570 5664 670 5718 της
692 5649 994 5721 δυνάμεως.
1035 5654 1219 5710 Ταῦτα
1254 5657 1346 5710 καὶ
1373 5655 1595 5711 τοιαῦτα
1620 5656 1825 5727 ἔλεγεν,
1857 5659 1906 5711 εἰ
1939 5659 2033 5714 καὶ
2064 5658 2139 5731 μὴ

569 5733 681 5794 τοῖς
711 5734 918 5803 ῥήμασι
950 5736 1177 5799 τούτοις.

1304 330 1363 386 s.
1401 330 1687 389 10.41%le
1723 298 2161 392 ειιιιγεοετοι

2257 333 2570 395 ιποηιει).
2610 336 3159 398 CONSTANTINOP.

3742 316 3849 375 επ

2340 438 2399 486 ι’.
2436 427 2625 486 Ταῦτα
2648 430 2753 486 καὶ
2775 430 2959 503 ἡμεῖς.
2975 429 3072 484 καὶ
3101 428 3320 494 ζῶντες,
3354 431 3445 487 καὶ
3467 430 3752 500 μέλλοντες
3763 449 3855 486 τε·

2266 516 2488 589 λευτᾷν,
2526 518 2663 590 πρὸς
2684 517 2812 581 τοὺς
2838 516 3036 581 παῖδας
3060 516 3187 580 τοὺς
3213 516 3420 570 ἑαυτῶν
3448 517 3853 590 διαλεγώμεθα,

2268 606 2361 659 καὶ
2390 605 2667 677 πείθωμεν
2692 606 2911 669 αὐτοὺς,
2946 605 3027 659 ὅτι
3059 604 3235 675 μέγας
3255 603 3505 669 πλοῦτος,
3536 606 3630 660 καὶ
3658 604 3855 679 κληρο-

2266 691 2431 762 νομία
2464 692 2826 759 ἀδιάπτωτος,
2858 691 2956 745 καὶ
2983 690 3257 762 θησαυρὸς
3281 691 3690 764 ἀνεπηρέαστος
3711 696 3742 747 ό
3762 694 3854 748 τοῦ

2266 779 2404 835 Θεοῦ
2439 781 2602 849 φόϐος
2625 776 2774 835 ἐστίέ
2813 780 2905 835 καί
2929 778 3319 851 σπουδάξωμεν
3361 781 3436 853 μὴ
3470 784 3735 854 χρήματα
3758 784 3857 837 αὐ-

2270 870 2385 931 τοῖς
2413 867 2847 939 καταλιμπάνειν
2889 868 2962 922 τὰ
3003 866 3374 938 ἀπολλύμενα,
3409 868 3547 921 ἀλλά
3568 869 3857 923 εὐσέϐειαν

2269 955 2369 1026 τὴν
2405 954 2673 1026 μένουσαν
2714 956 2808 1010 καὶ
2842 954 2917 1026 μὴ
2954 954 3372 1026 δαπανωμένην.
3419 956 3722 1020 Εὐσεϐείας
3756 957 3861 1027 μὲν

2266 1045 2374 1116 γὰρ
2399 1045 2503 1099 οὐκ
2528 1044 2696 1115 οὐσης
2721 1046 2817 1099 καὶ
2842 1045 2912 1098 τὰ
2932 1045 3068 1099 δντα
3098 1044 3391 1099 ἀπόλλυται
3419 1048 3684 1118 χρήματα
3717 1047 3863 1118 μετδ

2267 1131 2527 1187 κινδύνων
2560 1135 2656 1186 καὶ
2682 1133 2781 1204 τῆς
2800 1133 3038 1205 ἐσχάτης
3055 1132 3327 1204 ,αἰσχύνης
3346 1150 3360 1163 ·
3385 1134 3591 1204 ταύτης
3618 1134 3678 1188 δὲ
3712 1151 3862 1204 παρα

2264 1218 2435 1291 ούσης
2462 1220 2556 1273 καὶ
2581 1220 2651 1273 τά
2674 1220 2775 1273 οὐκ
2795 1219 2931 1274 θντα
2953 1220 3330 1291 προσγίνεται.
3359 1218 3491 1273 Ἐὰν
3537 1221 3861 1295 nam;

2269 1306 2422 1379 [5‘20]
2444 1307 2509 1360 σὺ
2532 1306 2715 1371 καλῶς
2738 1306 2801 1361 τὸ
2824 1307 3056 1372 παιδίον,
3079 1307 3225 1360 οὕτω
3238 1309 3492 1373 κάκεῖνος
3513 1308 3608 1363 τὸν
3624 1308 3744 1362 υἱὸν
3758 1308 3867 1363 τὸν

2264 1393 2483 1460 ἐαυτοῦ,
2498 1394 2592 1449 καὶ
2608 1387 2763 1457 οὗτος
2776 1395 2869 1447 τὸν
2889 1394 3007 1447 υἱόν
3023 1412 3039 1427 ο
3063 1393 3159 1448 καὶ
3186 1393 3439 1468 καθάπερ
3462 1394 3624 1465 σειρά
3650 1412 3739 1460 τις
3756 1394 3865 1449 καὶ

2264 1480 2556 1535 ἀκολουθία
2589 1480 2865 1545 πολιτείας
2891 1481 3123 1554 ἀρίστης
3146 1482 3312 1553 μέχρι
3338 1482 3543 1546 παντὸς
3565 1482 3860 1553 βαδιεῖται,

2268 1567 2420 1639 παρὰ
2447 1566 2543 1620 σοῦ
2578 1566 2819 1621 λαϐοῦσα
2850 1566 2949 1639 τὴν
2973 1568 3155 1641 ἀρχὴν
3181 1568 3277 1623 καὶ
3303 1568 3405 1640 τὴν
3429 1568 3608 1641 ῥίζαν,
3629 1571 3728 1625 καὶ
3753 1571 3862 1642 τῆς

2265 1656 2376 1709 τῶν
2404 1654 2643 1725 ἐγγόνων
2670 1655 2989 1726 ἐπιμελείας
3020 1672 3104 1709 σοι
3152 1655 3399 1728 φέρουσα
3426 1658 3555 1720 τοὺς
3577 1657 3858 1729 καρπούς.

2264 1744 2331 1799 Εἰ
2364 1743 2503 1815 μετά
2525 1742 2815 1815 ἀκριϐείας
2839 1744 2891 1796 οἰ
2911 1742 3148 1814 πατέρες
3176 1745 3306 1808 τούς
3334 1743 3553 1798 ἐαυτῶν
3565 1744 3861 1799 ἐπαίδευον

2263 1831 2483 1895 παῖδας,
2507 1831 2569 1885 οὐ
2595 1831 2797 1902 νόμων,
2831 1832 2897 1884 οὐ
2925 1830 3295 1904 δικαστηρίων
3321 1831 3453 1896 εδει,
3479 1831 3539 1886 οὐ
3569 1833 3860 1905 τιμωριῶν

2264 1919 2358 1973 καὶ
2381 1917 2655 1973 κολάσεων
2681 1918 2776 1972 καὶ
2809 1918 2920 1972 τῶν
2945 1917 3221 1990 δημοσίων
3235 1918 3462 1988 φόνων..
3484 1920 3706 1986 Δικαίῳ
3722 1919 3855 1991 γὰρ,

2264 2008 2424 2078 φησὶ,
2450 2007 2635 2075 νόμος
2682 2007 2755 2060 οὐ
2803 2004 3021 2062 κεῖται.
3064 2005 3283 2078 Ἐπειδὴ
3325 2006 3384 2060 δέ
3434 2006 3749 2078 καταμελοῦ
3758 2026 3858 2078 μεν

2262 2093 2469 2160 αὐτῶν,
2495 2094 2587 2148 διά
2617 2092 2776 2148 τοῦτο
2809 2092 3055 2167 μείζοσιν
3091 2094 3291 2158 αὐτοὺς
3320 2093 3732 2165 περιϐάλλομεν
3758 2113 3858 2149 κα-

2263 2182 2404 2245 κοῖς,
2439 2182 2535 2235 καὶ
2564 2183 2688 2244 ταῖς
2715 2179 2825 2234 τῶν
2872 2180 3083 2251 δημίων
3119 2179 3401 2251 ἐκδίδομεν
3429 2182 3613 2252 χερσὶ,
3650 2182 3749 2235 καὶ
3780 2183 3861 2245 εἰς

2261 2269 2334 2322 τά
2364 2267 2625 2340 βάραθρα
2641 2267 2884 2338 συνεχῶς
2904 2266 3158 2338 ὠθοῦμεν
3178 2285 3193 2301 ο
3241 2268 3305 2322 '0
3339 2266 3450 2339 γὰρ
3495 2270 3863 2338 περιψύχει»-

2260 2354 2369 2410 τὸν
2394 2355 2530 2411 υίὸν
2552 2355 2657 2410 τὸν
2678 2354 2919 2420 ἑαυτοῦ,
2944 2354 3420 2425 κιιταδεσμεύσει
3441 2358 3515 2410 τὰ
3543 2357 3861 2427 τραύματα

2262 2442 2473 2509 αὑτοῦ,
2516 2442 2670 2515 φησί.
2698 2441 2764 2495 Τί
2796 2443 2945 2497 ἐστιν
2981 2443 3043 2497 ’0
3095 2444 3485 2512 περιψὺχων;
3518 2442 3580 2496 ὐ
3601 2443 3801 2508 ἐλεῶν,
3832 2447 3861 2498 ὁ

2263 2528 2597 2592 κολακεύων,
2622 2531 2651 2584 ό
2680 2528 3002 2600 θεραπεύων
3028 2529 3168 2599 ὑπὲρ
3192 2529 3256 2582 τὺ
3300 2530 3519 2601 μέτρον.
3548 2529 3866 2604 Σφοδρότη-

2259 2634 2352 2682 τος
2373 2620 2483 2690 γάρ
2500 2613 2655 2682 οὗτος
2676 2619 2773 2672 καὶ
2792 2617 3112 2688 ἐπιμελείας
3132 2617 3304 2671 δεῖται
3327 2617 3421 2672 καὶ
3438 2618 3643 2688 φόϐων.
3664 2621 3862 2675 Ταῦτα

2260 2706 2406 2777 λέγω
2423 2707 2522 2778 οὐχ
2553 2706 2641 2761 ἴνα
2668 2705 2791 2759 λίαν
2817 2706 2844 2747 δ
2875 2708 3097 2777 τραχεῖς
3121 2700 3273 2777 ὦμεν
3313 2708 3427 2771 τοῖς
3486 2709 3703 2771 παισὶν,
3735 2710 3865 2763 ἀλλ’

2264 2798 2354 2853 ἵνα
2394 2797 2471 2869 μὴ
2504 2796 2973 2867 εὐκαταφρόνητοι
3004 2795 3142 2867 πρὸς
3175 2796 3379 2860 αὐτοὺς
3405 2797 3760 2869 φαινώμεθα.
3798 2801 3861 2854 Et

2261 2886 2370 2959 γάρ
2392 2884 2528 2957 γυνὴ
2556 2884 2647 2939 τὸν
2670 2883 2840 2955 ἄνδρα
2868 2883 3151 2954 φοϐεῖσθαι
3175 2882 3401 2953 ὀφείλει,
3433 2885 3618 2957 πολλῷ
3650 2886 3865 2957 μᾶλλον

2260 2974 2322 3028 τὸ
2351 2971 2563 3027 παιδίον
2586 2971 2675 3025 τὸν
2703 2970 2937 3043 πατέρα.
2977 2972 3089 3024 Kal
3124 2975 3198 3042 μὴ
3230 2989 3322 3041 μοι
3364 2971 3513 3042 λέγε,
3542 2975 3627 3027 ὅτι
3653 2975 3863 3030 ἀδύναο

2259 3078 2351 3114 τον
2378 3058 2761 3133 περιγενέσθαι
2789 3059 2891 3130 τῆς
2906 3058 3175 3128 νεότητος.
3206 3059 3270 3111 Εἰ
3290 3059 3396 3130 γὰρ
3415 3061 3591 3132 χήραν
3614 3064 3864 3130 γυναῖκα

2260 3151 2487 3206 ἀπαιτεῖ
2542 3150 2644 3222 τὴν
2699 3149 2961 3220 πρόνοιαν
3030 3147 3241 3220 ταύτην
3293 3150 3327 3201 δ
3374 3148 3610 3214 Παῦλος,
3670 3151 3863 3223 πολλῷ

2265 3238 2467 3309 μᾶλλον
2494 3238 2624 3301 τοὺς
2650 3237 2853 3310 ἄνδρας
2873 3253 2889 3266 ·
2918 3237 2967 3288 εἰ
3001 3235 3263 3290 ἀδύνατον
3293 3233 3383 3307 ἡν,
3413 3237 3516 3291 οὐκ
3546 3236 3619 3292 ἃν
3649 3240 3859 3295 ἐπέτα-

2261 3323 2372 3389 ξεν.
2414 3323 2555 3378 Ἀλλ’
2583 3324 2617 3395 ἡ
2643 3325 2795 3376 πᾶσα
2814 3322 3051 3395 πονηρία
3072 3322 3225 3394 παρά
3256 3323 3355 3394 τὴν
3393 3324 3677 3397 ἡμετέραν
3701 3328 3858 3396 γίνε-

2256 3429 2349 3468 ται
2382 3411 2682 3485 ῥαθυμίαν,
2714 3410 2811 3465 καὶ
2847 3409 2913 3463 τὸ
2934 3411 3009 3482 μὴ
3036 3408 3097 3474 ἐξ
3118 3411 3314 3483 ἀρχῆς,
3343 3409 3478 3482 μηδὲ
3510 3412 3580 3465 ἐκ
3619 3413 3858 3485 πρώτης

2258 3500 2471 3573 ἡλικίας
2499 3500 2581 3563 εἰς
2596 3497 2883 3555 εὐλάϐειαν
2909 3498 3125 3567 ένάγειν
3154 3498 3370 3562 αὐτούς.
3401 3498 3540 3553 Ἀλλ’
3566 3501 3726 3565 ὅπως
3749 3502 3856 3573 μὲν

2256 3590 2357 3661 τῆς
2379 3588 2580 3655 ἔξωθεν
2603 3587 2930 3658 μετάσχοιεν
2950 3586 3310 3651 παιδεύσεως,
3330 3587 3426 3641 καὶ
3449 3588 3532 3653 εἰς
3548 3591 3855 3660 στρατείαν

2254 3677 2557 3737 τελέσαιεν,
2584 3674 2983 3747 σπουδάζομεν,
3002 3675 3099 3730 καὶ
3113 3675 3375 3746 χρήματα
3399 3676 3855 3750 καταϐάλλομεν,

2256 3764 2353 3820 καὶ
2390 3764 2577 3834 φίλους
2607 3761 2893 3834 ἀξιοῦμεν,
2945 3763 3041 3819 καὶ
3086 3762 3313 3827 πολλαῖς
3343 3765 3666 3835 κεχρήμεθα
3720 3769 3855 3830 ταῖς

2257 3853 2616 3926 περιδρομαῖς
2631 3870 2646 3883 “
2668 3853 2817 3917 ὅπως
2833 3851 2894 3907 δέ
2913 3852 3337 3925 εὐδοκιμήσαιεν
3363 3853 3518 3925 παρά
3530 3852 3611 3924 τῷ
3628 3854 3856 3924 βασιλεῖ

2254 3943 2364 3998 τῶν
2391 3941 2665 4012 ἀγγέλων,
2686 3940 2882 3996 οὐδένα
2914 3940 3218 4012 ποιούμεθα
3246 3942 3428 4010 λόγον.
3458 3942 3573 3997 Kal
3602 3945 3687 4009 εἰς
3708 3944 3848 4000 θεά-

2260 4047 2409 4102 ματα
2449 4029 2551 4100 μὶν
2579 4027 2824 4100 συνεχῶς
2853 4026 3248 4100 συγχωροῦμεν
3270 4028 3608 4093 ἀναϐαίνειν,
3640 4032 3724 4097 εἰς
3750 4033 3847 4086 ἐκ·

2254 4116 2485 4188 κλησίαν
2520 4116 2580 4170 δέ
2640 4116 2744 4170 οὐκ
2786 4116 3173 4187 ἀναγκάζομεν
3223 4114 3513 4172 οὐδέποτν
3562 4117 3705 4173 ἀλλὰ
3734 4118 3845 4175 κάν

2253 4205 2403 4270 ἀπαξ
2425 4205 2459 4277 ἡ
2479 4204 2732 4277 δεύτερον
2759 4205 3141 4278 παραγένηται
3169 4205 3232 4260 τὸ
3260 4205 3495 4272 παιδίον,
3525 4206 3717 4273 ἁπλῶς
3744 4208 3839 4264 καὶ

2251 4293 2373 4365 εἰκῆ
2389 4293 2485 4347 καὶ
2508 4292 2691 4363 μάτην
2703 4293 2798 4346 καὶ
2818 4291 3180 4364 ψυχαγωγίας
3205 4292 3393 4347 ἐνεκεν
3408 4288 3645 4350 ἐνταῦθα
3658 4308 3840 4366 παρα-

2251 4382 2484 4451 γίνεται.
2517 4382 2631 4435 υύκ
2659 4381 2830 4453 ἐχρῆν
2852 4380 2911 4435 δὲ
2939 4380 3115 4445 οὕτως
3133 4398 3151 4414 ·
3179 4380 3297 4435 ἀλλ’
3333 4380 3529 4456 ὥσπερ
3570 4387 3655 4448 εἰς
3686 4385 3835 4440 διδα-

2252 4472 2499 4527 σκαλεῖον
2530 4470 2841 4542 πέμποντες
2867 4470 2978 4525 τῶν
3004 4470 3346 4544 μαθημάτων
3368 4472 3707 4544 ἀπαιτοῦμεν
3734 4473 3834 4537 τὰς

2250 4560 2498 4625 εὐθύνας,
2521 4559 2666 4613 οῦτω
2725 4560 2820 4613 καὶ
2848 4561 2931 4622 εἰς
2953 4558 3251 4630 ἐκκλησίαν
3274 4560 3609 4633 πέμποντες,
3632 4562 3832 4631 μᾶλλον

2247 4647 2304 4701 δέ
2334 4648 2579 4717 ἄγοντες.
2615 4646 2690 4700 Οὐ
2721 4646 2830 4719 γὰρ
2855 4647 3063 4717 ἑτέροις
3101 4648 3300 4713 αὐτοὺς
3327 4650 3671 4721 ἐπιτρέπειν,
3716 4650 3829 4704 ἀλλ’

2247 4735 2446 4799 αὐτοὺς
2482 4735 2819 4806 κατέχοντας
2847 4734 3082 4788 ἐνταῦθα
3127 4736 3356 4790 εἰσιέναι
3387 4738 3579 4808 ἐχρῆν,
3613 4739 3709 4791 καὶ
3732 4738 3833 4808 τῆς

2246 4821 2481 4876 ἐνταῦθα
2531 4822 2853 4895 ἀκροάσεως
2905 4822 2999 4876 καὶ
3052 4821 3407 4887 διδασκαλίας
3458 4824 3560 4894 τὴν
3608 4826 3833 4897 μνήμην

2244 4911 2497 4966 ἀπαιτεῖν
2544 4910 2671 4965 ἔδει.
2726 4910 2883 4965 Οῦτω
2922 4910 3054 4983 γὰρ,
3109 4910 3254 4965 οῦτω
3290 4912 3437 4985 ῥᾴων
3495 4912 3712 4980 ἐγίνετο
3739 4915 3832 4968 καὶ

2246 4998 2471 5061 εὐκολος
2493 5001 2626 5072 ἡμῖν
2653 5002 2688 5070 ἡ
2725 5000 2835 5053 τῶν
2861 4999 3071 5054 παίδων
3090 5000 3376 5071 διόρθωσις
3397 5017 3413 5032 ⁸
3430 5002 3480 5053 εί
3511 5002 3623 5074 γάρ
3658 5003 3750 5057 καὶ
3770 5005 3831 5056 ἐν

2242 5091 2308 5160 τῇ
2329 5087 2478 5158 οἰκίᾳ
2507 5087 2801 5151 διαπαντὸς
2827 5087 3028 5158 ἡκουον
3062 5086 3219 5159 ὑμῶν
3257 5087 3666 5158 διαλεγομένων
3699 5092 3835 5163 περὶ

2242 5174 2559 5247 φιλοσοφίας
2583 5216 2600 5240 ,
2656 5176 2751 5230 καὶ
2791 5174 3275 5246 συμϐουλευόντων
3299 5176 3487 5240 αὐτοῖς
3514 5176 3584 5230 τὰ
3612 5178 3830 5243 δέοντα,

2239 5265 2335 5319 καὶ
2358 5264 2430 5318 τά
2459 5261 2692 5318 ἐνταῦθα
2717 5262 2901 5327 αὐτοῖς
2929 5262 3284 5334 προσετίθετο
3307 5266 3425 5335 μετ’
3447 5266 3702 5332 ἐκείνων,
3733 5268 3834 5321 καὶ

2237 5352 2447 5422 ταχέως
2484 5350 2550 5405 ἂν
2602 5350 2709 5404 τῶν
2748 5350 2929 5405 καλῶν
2956 5349 3165 5406 τούτων
3216 5352 3549 5424 σπερμάτων
3578 5357 3833 5422 γενναῖον

2237 5441 2369 5511 ἡμῖν
2401 5437 2743 5505 ἐπεδείξαντο
2771 5438 3004 5510 καρπόν.
3044 5438 3183 5492 Ἀλλ’
3204 5439 3358 5493 οὐδὲν
3391 5441 3601 5497 τούτων
3640 5441 3835 5499 ⁸ιοιιιοῦ-

2238 5542 2359 5597 μεν,
2386 5523 2521 5579 ἀλλά
2540 5524 2795 5597 πάρεργα
2819 5526 2951 5597 ἡμῖν
2972 5524 3043 5579 τά
3067 5525 3343 5594 ἀναγκαῖα
3361 5545 3376 5558 ·
3390 5526 3496 5584 κᾶν
3514 5529 3829 5603 παραινέσῃ

2305 5690 2331 5758 ξι
2359 5689 2556 5758 pmnes
2576 5703 2694 5758 ωδε.
2717 5692 2907 5758 φόϐων,
2932 5694 3052 5744 editi
3076 5695 3245 5758 φόνων.

2300 5751 2327 5791 δ
2350 5748 2460 5801 Duo
2485 5764 2600 5802 mss.
2625 5748 2765 5819 λιμῷ.
