  <div class='ocr_page' id='page_1' title='image "/cluster/home/n/w/nwhite01/storage/ocr_20150623/51/mdp.39015052813998/326.png"; bbox 0 0 4060 6260; ppageno 0'>
   <div class='ocr_carea' id='block_1_1' title="bbox 219 393 316 448">
    <p class='ocr_par' dir='ltr' id='par_1_1' title="bbox 219 393 316 448">
     <span class='ocr_line' id='line_1_1' title="bbox 219 393 316 448; baseline -0.021 -1"><span class='ocrx_word' id='word_1_1' title='bbox 219 393 316 448; x_wconf 62' lang='lat'><strong>399</strong></span> 
     </span>
    </p>
   </div>
   <div class='ocr_carea' id='block_1_2' title="bbox 221 477 1782 552">
    <p class='ocr_par' dir='ltr' id='par_1_2' title="bbox 221 477 1782 552">
     <span class='ocr_line' id='line_1_2' title="bbox 221 477 1782 552; baseline -0.01 -5"><span class='ocrx_word' id='word_1_2' title='bbox 221 505 366 552; x_wconf 88' lang='lat' dir='ltr'><strong>mus,</strong></span> <span class='ocrx_word' id='word_1_3' title='bbox 393 484 486 542; x_wconf 87' lang='lat' dir='ltr'><strong>sed</strong></span> <span class='ocrx_word' id='word_1_4' title='bbox 513 482 884 540; x_wconf 72' lang='lat' dir='ltr'><strong>vehementius</strong></span> <span class='ocrx_word' id='word_1_5' title='bbox 905 489 960 537; x_wconf 87' lang='lat' dir='ltr'><strong>et</strong></span> <span class='ocrx_word' id='word_1_6' title='bbox 992 479 1166 536; x_wconf 86' lang='lat' dir='ltr'><strong>acrius</strong></span> <span class='ocrx_word' id='word_1_7' title='bbox 1183 519 1200 546; x_wconf 92' lang='lat'><strong>,</strong></span> <span class='ocrx_word' id='word_1_8' title='bbox 1231 486 1288 534; x_wconf 88' lang='lat' dir='ltr'><strong>et</strong></span> <span class='ocrx_word' id='word_1_9' title='bbox 1311 477 1356 532; x_wconf 92' lang='lat' dir='ltr'><strong>si</strong></span> <span class='ocrx_word' id='word_1_10' title='bbox 1383 485 1636 548; x_wconf 83' lang='lat' dir='ltr'><strong>quantam</strong></span> <span class='ocrx_word' id='word_1_11' title='bbox 1668 478 1782 532; x_wconf 84' lang='lat' dir='ltr'><strong>vul-</strong></span> 
     </span>
    </p>
   </div>
   <div class='ocr_carea' id='block_1_3' title="bbox 222 567 1788 648">
    <p class='ocr_par' dir='ltr' id='par_1_3' title="bbox 222 567 1788 648">
     <span class='ocr_line' id='line_1_3' title="bbox 222 567 1788 648; baseline -0.008 -11"><span class='ocrx_word' id='word_1_12' title='bbox 222 582 358 638; x_wconf 82' lang='lat' dir='ltr'><strong>neris</strong></span> <span class='ocrx_word' id='word_1_13' title='bbox 383 577 606 648; x_wconf 75' lang='lat' dir='ltr'><strong>requirit</strong></span> <span class='ocrx_word' id='word_1_14' title='bbox 643 574 824 641; x_wconf 81' lang='lat' dir='ltr'><strong>ulcus,</strong></span> <span class='ocrx_word' id='word_1_15' title='bbox 854 582 1055 628; x_wconf 84' lang='lat' dir='ltr'><strong>tantam</strong></span> <span class='ocrx_word' id='word_1_16' title='bbox 1084 572 1292 643; x_wconf 89' lang='lat' dir='ltr'><strong>plagam</strong></span> <span class='ocrx_word' id='word_1_17' title='bbox 1323 569 1642 640; x_wconf 86' lang='lat' dir='ltr'><strong>inﬁigamus.</strong></span> <span class='ocrx_word' id='word_1_18' title='bbox 1673 567 1788 624; x_wconf 84' lang='lat' dir='ltr'><strong>Non</strong></span> 
     </span>
    </p>
   </div>
   <div class='ocr_carea' id='block_1_4' title="bbox 220 660 1794 746">
    <p class='ocr_par' dir='ltr' id='par_1_4' title="bbox 220 660 1794 746">
     <span class='ocr_line' id='line_1_4' title="bbox 220 660 1794 746; baseline -0.013 -14"><span class='ocrx_word' id='word_1_19' title='bbox 220 689 338 746; x_wconf 88' lang='lat' dir='ltr'><strong>ergo</strong></span> <span class='ocrx_word' id='word_1_20' title='bbox 367 669 564 726; x_wconf 88' lang='lat' dir='ltr'><strong>sufﬁcit</strong></span> <span class='ocrx_word' id='word_1_21' title='bbox 598 669 642 726; x_wconf 88' lang='lat' dir='ltr'><strong>si</strong></span> <span class='ocrx_word' id='word_1_22' title='bbox 673 668 846 722; x_wconf 87' lang='lat' dir='ltr'><strong>solum</strong></span> <span class='ocrx_word' id='word_1_23' title='bbox 875 666 1112 722; x_wconf 86' lang='lat' dir='ltr'><strong>dicamus</strong></span> <span class='ocrx_word' id='word_1_24' title='bbox 1134 705 1148 728; x_wconf 88' lang='lat'><strong>,</strong></span> <span class='ocrx_word' id='word_1_25' title='bbox 1181 662 1275 719; x_wconf 90' lang='lat' dir='ltr'><strong>sed</strong></span> <span class='ocrx_word' id='word_1_26' title='bbox 1309 672 1364 718; x_wconf 92' lang='lat' dir='ltr'><strong>et</strong></span> <span class='ocrx_word' id='word_1_27' title='bbox 1390 661 1614 718; x_wconf 88' lang='lat' dir='ltr'><strong>multum</strong></span> <span class='ocrx_word' id='word_1_28' title='bbox 1643 660 1794 714; x_wconf 77' lang='lat' dir='ltr'><strong>incu-</strong></span> 
     </span>
    </p>
   </div>
   <div class='ocr_carea' id='block_1_5' title="bbox 219 755 1786 828">
    <p class='ocr_par' dir='ltr' id='par_1_5' title="bbox 219 755 1786 828">
     <span class='ocr_line' id='line_1_5' title="bbox 219 755 1786 828; baseline -0.01 -7"><span class='ocrx_word' id='word_1_29' title='bbox 219 776 324 821; x_wconf 87' lang='lat' dir='ltr'><strong>tere</strong></span> <span class='ocrx_word' id='word_1_30' title='bbox 353 764 596 818; x_wconf 87' lang='lat' dir='ltr'><strong>timorem</strong></span> <span class='ocrx_word' id='word_1_31' title='bbox 621 769 872 828; x_wconf 88' lang='lat' dir='ltr'><strong>oportet,</strong></span> <span class='ocrx_word' id='word_1_32' title='bbox 905 768 962 813; x_wconf 90' lang='lat' dir='ltr'><strong>ut</strong></span> <span class='ocrx_word' id='word_1_33' title='bbox 1000 757 1294 828; x_wconf 86' lang='lat' dir='ltr'><strong>juventutis</strong></span> <span class='ocrx_word' id='word_1_34' title='bbox 1319 755 1576 810; x_wconf 81' lang='lat' dir='ltr'><strong>desidiam</strong></span> <span class='ocrx_word' id='word_1_35' title='bbox 1617 767 1786 806; x_wconf 77' lang='lat' dir='ltr'><strong>excu-</strong></span> 
     </span>
    </p>
   </div>
   <div class='ocr_carea' id='block_1_6' title="bbox 220 843 1785 922">
    <p class='ocr_par' dir='ltr' id='par_1_6' title="bbox 220 843 1785 922">
     <span class='ocr_line' id='line_1_6' title="bbox 220 843 1785 922; baseline -0.01 -12"><span class='ocrx_word' id='word_1_36' title='bbox 220 855 334 910; x_wconf 84' lang='lat' dir='ltr'><strong>tias.</strong></span> <span class='ocrx_word' id='word_1_37' title='bbox 361 852 616 922; x_wconf 84' lang='lat' dir='ltr'><strong>Quoniam</strong></span> <span class='ocrx_word' id='word_1_38' title='bbox 646 851 808 920; x_wconf 78' lang='lat' dir='ltr'><strong>igitur</strong></span> <span class='ocrx_word' id='word_1_39' title='bbox 833 847 1142 904; x_wconf 90' lang='lat' dir='ltr'><strong>hortabatur</strong></span> <span class='ocrx_word' id='word_1_40' title='bbox 1170 846 1262 901; x_wconf 91' lang='lat' dir='ltr'><strong>ille</strong></span> <span class='ocrx_word' id='word_1_41' title='bbox 1287 844 1524 916; x_wconf 85' lang='lat' dir='ltr'><strong>quidem,</strong></span> <span class='ocrx_word' id='word_1_42' title='bbox 1555 843 1654 898; x_wconf 88' lang='lat' dir='ltr'><strong>sed</strong></span> <span class='ocrx_word' id='word_1_43' title='bbox 1681 857 1785 896; x_wconf 93' lang='lat' dir='ltr'><strong>non</strong></span> 
     </span>
    </p>
   </div>
   <div class='ocr_carea' id='block_1_7' title="bbox 217 935 1790 1014">
    <p class='ocr_par' dir='ltr' id='par_1_7' title="bbox 217 935 1790 1014">
     <span class='ocr_line' id='line_1_7' title="bbox 217 935 1790 1014; baseline -0.008 -16"><span class='ocrx_word' id='word_1_44' title='bbox 217 953 268 1000; x_wconf 89' lang='lat' dir='ltr'><strong>ut</strong></span> <span class='ocrx_word' id='word_1_45' title='bbox 288 944 514 1014; x_wconf 83' lang='lat' dir='ltr'><strong>oportuit</strong></span> <span class='ocrx_word' id='word_1_46' title='bbox 533 941 866 1006; x_wconf 80' lang='lat' dir='ltr'><strong>hortabatur,</strong></span> <span class='ocrx_word' id='word_1_47' title='bbox 885 938 1128 994; x_wconf 82' lang='lat' dir='ltr'><strong>hostibus</strong></span> <span class='ocrx_word' id='word_1_48' title='bbox 1142 937 1262 992; x_wconf 89' lang='lat' dir='ltr'><strong>illos</strong></span> <span class='ocrx_word' id='word_1_49' title='bbox 1281 935 1544 1005; x_wconf 83' lang='lat' dir='ltr'><strong>exposuit,</strong></span> <span class='ocrx_word' id='word_1_50' title='bbox 1563 944 1616 988; x_wconf 91' lang='lat' dir='ltr'><strong>et</strong></span> <span class='ocrx_word' id='word_1_51' title='bbox 1633 948 1790 988; x_wconf 82' lang='lat' dir='ltr'><strong>exor-</strong></span> 
     </span>
    </p>
   </div>
   <div class='ocr_carea' id='block_1_8' title="bbox 217 1028 1790 1106">
    <p class='ocr_par' dir='ltr' id='par_1_8' title="bbox 217 1028 1790 1106">
     <span class='ocr_line' id='line_1_8' title="bbox 217 1028 1790 1106; baseline -0.005 -15"><span class='ocrx_word' id='word_1_52' title='bbox 217 1049 266 1092; x_wconf 94' lang='lat' dir='ltr'><strong>to</strong></span> <span class='ocrx_word' id='word_1_53' title='bbox 301 1036 478 1106; x_wconf 70' lang='lat' dir='ltr'><strong>pra-lio</strong></span> <span class='ocrx_word' id='word_1_54' title='bbox 501 1034 808 1090; x_wconf 87' lang='lat' dir='ltr'><strong>ceciderunt</strong></span> <span class='ocrx_word' id='word_1_55' title='bbox 847 1033 900 1088; x_wconf 88' lang='lat' dir='ltr'><strong>in</strong></span> <span class='ocrx_word' id='word_1_56' title='bbox 934 1033 1048 1087; x_wconf 89' lang='lat' dir='ltr'><strong>acie</strong></span> <span class='ocrx_word' id='word_1_57' title='bbox 1069 1073 1086 1099; x_wconf 95' lang='lat'><strong>,</strong></span> <span class='ocrx_word' id='word_1_58' title='bbox 1126 1045 1354 1099; x_wconf 89' lang='lat' dir='ltr'><strong>cumque</strong></span> <span class='ocrx_word' id='word_1_59' title='bbox 1374 1028 1613 1084; x_wconf 87' lang='lat' dir='ltr'><strong>nuntium</strong></span> <span class='ocrx_word' id='word_1_60' title='bbox 1650 1028 1790 1083; x_wconf 82' lang='lat' dir='ltr'><strong>ferre</strong></span> 
     </span>
    </p>
   </div>
   <div class='ocr_carea' id='block_1_9' title="bbox 217 1117 1786 1198">
    <p class='ocr_par' dir='ltr' id='par_1_9' title="bbox 217 1117 1786 1198">
     <span class='ocr_line' id='line_1_9' title="bbox 217 1117 1786 1198; baseline -0.006 -16"><span class='ocrx_word' id='word_1_61' title='bbox 217 1145 316 1182; x_wconf 88' lang='lat' dir='ltr'><strong>non</strong></span> <span class='ocrx_word' id='word_1_62' title='bbox 343 1136 553 1198; x_wconf 83' lang='lat' dir='ltr'><strong>posset,</strong></span> <span class='ocrx_word' id='word_1_63' title='bbox 584 1125 784 1181; x_wconf 84' lang='lat' dir='ltr'><strong>cadens</strong></span> <span class='ocrx_word' id='word_1_64' title='bbox 809 1133 863 1180; x_wconf 88' lang='lat' dir='ltr'><strong>et</strong></span> <span class='ocrx_word' id='word_1_65' title='bbox 892 1125 1006 1192; x_wconf 90' lang='lat' dir='ltr'><strong>ipse</strong></span> <span class='ocrx_word' id='word_1_66' title='bbox 1029 1121 1336 1178; x_wconf 86' lang='lat' dir='ltr'><strong>confractus</strong></span> <span class='ocrx_word' id='word_1_67' title='bbox 1365 1128 1450 1175; x_wconf 86' lang='lat' dir='ltr'><strong>est</strong></span> <span class='ocrx_word' id='word_1_68' title='bbox 1485 1128 1540 1174; x_wconf 88' lang='lat' dir='ltr'><strong>et</strong></span> <span class='ocrx_word' id='word_1_69' title='bbox 1565 1117 1786 1174; x_wconf 84' lang='lat' dir='ltr'><strong>interiit.</strong></span> 
     </span>
    </p>
   </div>
   <div class='ocr_carea' id='block_1_10' title="bbox 217 1213 1790 1278">
    <p class='ocr_par' dir='ltr' id='par_1_10' title="bbox 217 1213 1790 1278">
     <span class='ocr_line' id='line_1_10' title="bbox 217 1213 1790 1278; baseline -0.008 -4"><span class='ocrx_word' id='word_1_70' title='bbox 217 1220 367 1274; x_wconf 80' lang='lat' dir='ltr'><strong>Vides</strong></span> <span class='ocrx_word' id='word_1_71' title='bbox 393 1219 582 1273; x_wconf 87' lang='lat' dir='ltr'><strong>merito</strong></span> <span class='ocrx_word' id='word_1_72' title='bbox 608 1218 806 1272; x_wconf 87' lang='lat' dir='ltr'><strong>dictum</strong></span> <span class='ocrx_word' id='word_1_73' title='bbox 833 1231 862 1270; x_wconf 90' lang='lat' dir='ltr'><strong>a</strong></span> <span class='ocrx_word' id='word_1_74' title='bbox 889 1231 975 1270; x_wconf 90' lang='lat' dir='ltr'><strong>me</strong></span> <span class='ocrx_word' id='word_1_75' title='bbox 999 1215 1180 1278; x_wconf 85' lang='lat' dir='ltr'><strong>fuisse,</strong></span> <span class='ocrx_word' id='word_1_76' title='bbox 1203 1213 1492 1268; x_wconf 82' lang='lat' dir='ltr'><strong>liberorum</strong></span> <span class='ocrx_word' id='word_1_77' title='bbox 1520 1225 1642 1266; x_wconf 87' lang='lat' dir='ltr'><strong>esse</strong></span> <span class='ocrx_word' id='word_1_78' title='bbox 1669 1224 1790 1278; x_wconf 88' lang='lat' dir='ltr'><strong>par-</strong></span> 
     </span>
    </p>
   </div>
   <div class='ocr_carea' id='block_1_11' title="bbox 214 1302 1785 1380">
    <p class='ocr_par' dir='ltr' id='par_1_11' title="bbox 214 1302 1785 1380">
     <span class='ocr_line' id='line_1_11' title="bbox 214 1302 1785 1380; baseline -0.008 -16"><span class='ocrx_word' id='word_1_79' title='bbox 214 1310 420 1375; x_wconf 87' lang='lat' dir='ltr'><strong>ricidas,</strong></span> <span class='ocrx_word' id='word_1_80' title='bbox 447 1309 540 1379; x_wconf 94' lang='lat' dir='ltr'><strong>qui</strong></span> <span class='ocrx_word' id='word_1_81' title='bbox 567 1309 902 1380; x_wconf 84' lang='lat' dir='ltr'><strong>negligentes</strong></span> <span class='ocrx_word' id='word_1_82' title='bbox 927 1309 1123 1362; x_wconf 84' lang='lat' dir='ltr'><strong>liberos</strong></span> <span class='ocrx_word' id='word_1_83' title='bbox 1150 1307 1346 1360; x_wconf 77' lang='lat' dir='ltr'><strong>acriter</strong></span> <span class='ocrx_word' id='word_1_84' title='bbox 1374 1319 1479 1358; x_wconf 88' lang='lat' dir='ltr'><strong>non</strong></span> <span class='ocrx_word' id='word_1_85' title='bbox 1507 1302 1785 1371; x_wconf 84' lang='lat' dir='ltr'><strong>castigant,</strong></span> 
     </span>
    </p>
   </div>
   <div class='ocr_carea' id='block_1_12' title="bbox 213 1385 1786 1471">
    <p class='ocr_par' dir='ltr' id='par_1_12' title="bbox 213 1385 1786 1471">
     <span class='ocr_line' id='line_1_12' title="bbox 213 1385 1786 1471; baseline -0.007 -15"><span class='ocrx_word' id='word_1_86' title='bbox 213 1417 378 1471; x_wconf 90' lang='lat' dir='ltr'><strong>neque</strong></span> <span class='ocrx_word' id='word_1_87' title='bbox 413 1400 482 1454; x_wconf 87' lang='lat' dir='ltr'><strong>ab</strong></span> <span class='ocrx_word' id='word_1_88' title='bbox 513 1385 620 1456; x_wconf 85' lang='lat' dir='ltr'><strong>illis</strong></span> <span class='ocrx_word' id='word_1_89' title='bbox 655 1401 894 1456; x_wconf 88' lang='lat' dir='ltr'><strong>debitum</strong></span> <span class='ocrx_word' id='word_1_90' title='bbox 927 1401 1037 1454; x_wconf 90' lang='lat' dir='ltr'><strong>Deo</strong></span> <span class='ocrx_word' id='word_1_91' title='bbox 1067 1398 1268 1452; x_wconf 91' lang='lat' dir='ltr'><strong>cultum</strong></span> <span class='ocrx_word' id='word_1_92' title='bbox 1297 1393 1558 1465; x_wconf 82' lang='lat' dir='ltr'><strong>exigunt?</strong></span> <span class='ocrx_word' id='word_1_93' title='bbox 1587 1393 1677 1448; x_wconf 88' lang='lat' dir='ltr'><strong>Sic</strong></span> <span class='ocrx_word' id='word_1_94' title='bbox 1701 1391 1786 1446; x_wconf 88' lang='lat' dir='ltr'><strong>ni-</strong></span> 
     </span>
    </p>
   </div>
   <div class='ocr_carea' id='block_1_13' title="bbox 213 1481 1788 1560">
    <p class='ocr_par' dir='ltr' id='par_1_13' title="bbox 213 1481 1788 1560">
     <span class='ocr_line' id='line_1_13' title="bbox 213 1481 1788 1560; baseline -0.008 -12"><span class='ocrx_word' id='word_1_95' title='bbox 213 1494 396 1548; x_wconf 85' lang='lat' dir='ltr'><strong>mirum</strong></span> <span class='ocrx_word' id='word_1_96' title='bbox 421 1492 540 1547; x_wconf 81' lang='lat' dir='ltr'><strong>Heli</strong></span> <span class='ocrx_word' id='word_1_97' title='bbox 565 1491 734 1548; x_wconf 88' lang='lat' dir='ltr'><strong>laetus</strong></span> <span class='ocrx_word' id='word_1_98' title='bbox 753 1503 835 1546; x_wconf 87' lang='lat' dir='ltr'><strong>est</strong></span> <span class='ocrx_word' id='word_1_99' title='bbox 859 1489 1139 1560; x_wconf 79' lang='lat' dir='ltr'><strong>parricida.</strong></span> <span class='ocrx_word' id='word_1_100' title='bbox 1166 1488 1318 1542; x_wconf 83' lang='lat' dir='ltr'><strong>Licet</strong></span> <span class='ocrx_word' id='word_1_101' title='bbox 1335 1487 1478 1540; x_wconf 87' lang='lat' dir='ltr'><strong>enim</strong></span> <span class='ocrx_word' id='word_1_102' title='bbox 1505 1483 1648 1538; x_wconf 89' lang='lat' dir='ltr'><strong>ﬁlios</strong></span> <span class='ocrx_word' id='word_1_103' title='bbox 1668 1481 1788 1552; x_wconf 89' lang='lat' dir='ltr'><strong>ejus</strong></span> 
     </span>
    </p>
   </div>
   <div class='ocr_carea' id='block_1_14' title="bbox 212 1571 1784 1647">
    <p class='ocr_par' dir='ltr' id='par_1_14' title="bbox 212 1571 1784 1647">
     <span class='ocr_line' id='line_1_14' title="bbox 212 1571 1784 1647; baseline -0.01 -7"><span class='ocrx_word' id='word_1_104' title='bbox 212 1585 384 1640; x_wconf 79' lang='lat' dir='ltr'><strong>hostes</strong></span> <span class='ocrx_word' id='word_1_105' title='bbox 409 1583 706 1638; x_wconf 88' lang='lat' dir='ltr'><strong>occiderint</strong></span> <span class='ocrx_word' id='word_1_106' title='bbox 723 1621 740 1647; x_wconf 92' lang='lat'><strong>,</strong></span> <span class='ocrx_word' id='word_1_107' title='bbox 765 1582 856 1636; x_wconf 93' lang='lat' dir='ltr'><strong>ille</strong></span> <span class='ocrx_word' id='word_1_108' title='bbox 885 1589 1062 1635; x_wconf 85' lang='lat' dir='ltr'><strong>tamen</strong></span> <span class='ocrx_word' id='word_1_109' title='bbox 1090 1587 1278 1634; x_wconf 87' lang='lat' dir='ltr'><strong>auctor</strong></span> <span class='ocrx_word' id='word_1_110' title='bbox 1301 1576 1468 1632; x_wconf 67' lang='lat' dir='ltr'><strong>catdis</strong></span> <span class='ocrx_word' id='word_1_111' title='bbox 1487 1575 1582 1630; x_wconf 91' lang='lat' dir='ltr'><strong>fuit</strong></span> <span class='ocrx_word' id='word_1_112' title='bbox 1601 1613 1618 1640; x_wconf 95' lang='lat'><strong>,</strong></span> <span class='ocrx_word' id='word_1_113' title='bbox 1644 1571 1784 1644; x_wconf 91' lang='lat' dir='ltr'><strong>quod</strong></span> 
     </span>
    </p>
   </div>
   <div class='ocr_carea' id='block_1_15' title="bbox 209 1665 1784 1743">
    <p class='ocr_par' dir='ltr' id='par_1_15' title="bbox 209 1665 1784 1743">
     <span class='ocr_line' id='line_1_15' title="bbox 209 1665 1784 1743; baseline -0.006 -15"><span class='ocrx_word' id='word_1_114' title='bbox 209 1690 300 1729; x_wconf 87' lang='lat' dir='ltr'><strong>sua</strong></span> <span class='ocrx_word' id='word_1_115' title='bbox 325 1676 464 1730; x_wconf 82' lang='lat' dir='ltr'><strong>circa</strong></span> <span class='ocrx_word' id='word_1_116' title='bbox 495 1673 616 1728; x_wconf 85' lang='lat' dir='ltr'><strong>illos</strong></span> <span class='ocrx_word' id='word_1_117' title='bbox 644 1671 962 1743; x_wconf 76' lang='lat' dir='ltr'><strong>negligentia</strong></span> <span class='ocrx_word' id='word_1_118' title='bbox 995 1671 1088 1724; x_wconf 90' lang='lat' dir='ltr'><strong>Dei</strong></span> <span class='ocrx_word' id='word_1_119' title='bbox 1115 1669 1372 1726; x_wconf 77' lang='lat' dir='ltr'><strong>auxilium</strong></span> <span class='ocrx_word' id='word_1_120' title='bbox 1395 1666 1464 1720; x_wconf 88' lang='lat' dir='ltr'><strong>ab</strong></span> <span class='ocrx_word' id='word_1_121' title='bbox 1494 1665 1602 1720; x_wconf 86' lang='lat' dir='ltr'><strong>illis</strong></span> <span class='ocrx_word' id='word_1_122' title='bbox 1624 1679 1784 1718; x_wconf 82' lang='lat' dir='ltr'><strong>aver-</strong></span> 
     </span>
    </p>
   </div>
   <div class='ocr_carea' id='block_1_16' title="bbox 209 1756 1828 1846">
    <p class='ocr_par' dir='ltr' id='par_1_16' title="bbox 209 1756 1828 1846">
     <span class='ocr_line' id='line_1_16' title="bbox 209 1756 1828 1846; baseline -0.009 -24"><span class='ocrx_word' id='word_1_123' title='bbox 209 1768 366 1831; x_wconf 88' lang='lat' dir='ltr'><strong>terit,</strong></span> <span class='ocrx_word' id='word_1_124' title='bbox 403 1775 457 1822; x_wconf 85' lang='lat' dir='ltr'><strong>et</strong></span> <span class='ocrx_word' id='word_1_125' title='bbox 483 1764 656 1822; x_wconf 90' lang='lat' dir='ltr'><strong>nudos</strong></span> <span class='ocrx_word' id='word_1_126' title='bbox 692 1779 758 1820; x_wconf 91' lang='lat' dir='ltr'><strong>ac</strong></span> <span class='ocrx_word' id='word_1_127' title='bbox 796 1763 1040 1820; x_wconf 86' lang='lat' dir='ltr'><strong>desertos</strong></span> <span class='ocrx_word' id='word_1_128' title='bbox 1067 1761 1170 1825; x_wconf 85' lang='lat' dir='ltr'><strong>iis,</strong></span> <span class='ocrx_word' id='word_1_129' title='bbox 1201 1760 1290 1830; x_wconf 90' lang='lat' dir='ltr'><strong>qui</strong></span> <span class='ocrx_word' id='word_1_130' title='bbox 1317 1771 1512 1814; x_wconf 88' lang='lat' dir='ltr'><strong>necare</strong></span> <span class='ocrx_word' id='word_1_131' title='bbox 1548 1756 1782 1822; x_wconf 84' lang='lat' dir='ltr'><strong>vellent,</strong></span> <span class='ocrx_word' id='word_1_132' title='bbox 1819 1835 1828 1846; x_wconf 20' lang='grc' dir='ltr'>ἢ</span> 
     </span>
    </p>
   </div>
   <div class='ocr_carea' id='block_1_17' title="bbox 205 1847 1784 1926">
    <p class='ocr_par' dir='ltr' id='par_1_17' title="bbox 205 1847 1784 1926">
     <span class='ocr_line' id='line_1_17' title="bbox 205 1847 1784 1926; baseline -0.006 -15"><span class='ocrx_word' id='word_1_133' title='bbox 205 1857 470 1926; x_wconf 87' lang='lat' dir='ltr'><strong>objecerit.</strong></span> <span class='ocrx_word' id='word_1_134' title='bbox 518 1855 704 1924; x_wconf 80' lang='lat' dir='ltr'><strong>Neque</strong></span> <span class='ocrx_word' id='word_1_135' title='bbox 735 1869 866 1910; x_wconf 87' lang='lat' dir='ltr'><strong>vero</strong></span> <span class='ocrx_word' id='word_1_136' title='bbox 905 1853 1084 1908; x_wconf 86' lang='lat' dir='ltr'><strong>solum</strong></span> <span class='ocrx_word' id='word_1_137' title='bbox 1123 1851 1265 1916; x_wconf 87' lang='lat' dir='ltr'><strong>illos,</strong></span> <span class='ocrx_word' id='word_1_138' title='bbox 1312 1848 1407 1904; x_wconf 83' lang='lat' dir='ltr'><strong>sed</strong></span> <span class='ocrx_word' id='word_1_139' title='bbox 1456 1856 1512 1904; x_wconf 91' lang='lat' dir='ltr'><strong>et</strong></span> <span class='ocrx_word' id='word_1_140' title='bbox 1547 1847 1784 1917; x_wconf 83' lang='lat' dir='ltr'><strong>seipsum</strong></span> 
     </span>
    </p>
   </div>
   <div class='ocr_carea' id='block_1_18' title="bbox 203 1946 770 2002">
    <p class='ocr_par' dir='ltr' id='par_1_18' title="bbox 203 1946 770 2002">
     <span class='ocr_line' id='line_1_18' title="bbox 203 1946 770 2002; baseline -0.005 0"><span class='ocrx_word' id='word_1_141' title='bbox 203 1963 318 2002; x_wconf 90' lang='lat' dir='ltr'><strong>cum</strong></span> <span class='ocrx_word' id='word_1_142' title='bbox 344 1947 448 2000; x_wconf 88' lang='lat' dir='ltr'><strong>illis</strong></span> <span class='ocrx_word' id='word_1_143' title='bbox 475 1946 770 2000; x_wconf 88' lang='lat' dir='ltr'><strong>interemit.</strong></span> 
     </span>
    </p>
   </div>
   <div class='ocr_carea' id='block_1_19' title="bbox 269 2029 1783 2107">
    <p class='ocr_par' dir='ltr' id='par_1_19' title="bbox 269 2029 1783 2107">
     <span class='ocr_line' id='line_1_19' title="bbox 269 2029 1783 2107; baseline -0.007 -15"><span class='ocrx_word' id='word_1_144' title='bbox 269 2037 322 2092; x_wconf 87' lang='lat'><strong>9.</strong></span> <span class='ocrx_word' id='word_1_145' title='bbox 353 2036 520 2092; x_wconf 84' lang='lat' dir='ltr'><strong>Pater</strong></span> <span class='ocrx_word' id='word_1_146' title='bbox 541 2037 810 2107; x_wconf 77' lang='lat' dir='ltr'><strong>indulgens</strong></span> <span class='ocrx_word' id='word_1_147' title='bbox 835 2033 1092 2105; x_wconf 79' lang='lat' dir='ltr'><strong>parricida</strong></span> <span class='ocrx_word' id='word_1_148' title='bbox 1118 2041 1214 2087; x_wconf 76' lang='lat' dir='ltr'><strong>est.</strong></span> <span class='ocrx_word' id='word_1_149' title='bbox 1255 2060 1329 2072; x_wconf 89' lang='lat'><strong><em>—</em></strong></span> <span class='ocrx_word' id='word_1_150' title='bbox 1369 2029 1602 2100; x_wconf 80' lang='lat' dir='ltr'><strong>ldipsum</strong></span> <span class='ocrx_word' id='word_1_151' title='bbox 1639 2041 1783 2082; x_wconf 87' lang='lat' dir='ltr'><strong>nunc</strong></span> 
     </span>
    </p>
   </div>
   <div class='ocr_carea' id='block_1_20' title="bbox 201 2121 1783 2199">
    <p class='ocr_par' dir='ltr' id='par_1_20' title="bbox 201 2121 1783 2199">
     <span class='ocr_line' id='line_1_20' title="bbox 201 2121 1783 2199; baseline -0.006 -17"><span class='ocrx_word' id='word_1_152' title='bbox 201 2143 404 2199; x_wconf 87' lang='lat' dir='ltr'><strong>quoque</strong></span> <span class='ocrx_word' id='word_1_153' title='bbox 431 2127 679 2198; x_wconf 83' lang='lat' dir='ltr'><strong>plurimis</strong></span> <span class='ocrx_word' id='word_1_154' title='bbox 707 2125 944 2196; x_wconf 83' lang='lat' dir='ltr'><strong>patribus</strong></span> <span class='ocrx_word' id='word_1_155' title='bbox 969 2124 1150 2180; x_wconf 83' lang='lat' dir='ltr'><strong>evenit</strong></span> <span class='ocrx_word' id='word_1_156' title='bbox 1175 2140 1190 2178; x_wconf 87' lang='lat'><strong>:</strong></span> <span class='ocrx_word' id='word_1_157' title='bbox 1221 2122 1346 2192; x_wconf 89' lang='lat' dir='ltr'><strong>quia</strong></span> <span class='ocrx_word' id='word_1_158' title='bbox 1371 2121 1656 2175; x_wconf 85' lang='lat' dir='ltr'><strong>verberare</strong></span> <span class='ocrx_word' id='word_1_159' title='bbox 1685 2133 1783 2172; x_wconf 86' lang='lat' dir='ltr'><strong>no-</strong></span> 
     </span>
    </p>
   </div>
   <div class='ocr_carea' id='block_1_21' title="bbox 201 2211 1784 2286">
    <p class='ocr_par' dir='ltr' id='par_1_21' title="bbox 201 2211 1784 2286">
     <span class='ocr_line' id='line_1_21' title="bbox 201 2211 1784 2286; baseline -0.008 -10"><span class='ocrx_word' id='word_1_160' title='bbox 201 2223 424 2284; x_wconf 86' lang='lat' dir='ltr'><strong>luerunt,</strong></span> <span class='ocrx_word' id='word_1_161' title='bbox 459 2235 565 2276; x_wconf 85' lang='lat' dir='ltr'><strong>nec</strong></span> <span class='ocrx_word' id='word_1_162' title='bbox 586 2219 766 2274; x_wconf 78' lang='lat' dir='ltr'><strong>verbis</strong></span> <span class='ocrx_word' id='word_1_163' title='bbox 791 2218 1076 2286; x_wconf 85' lang='lat' dir='ltr'><strong>castigare,</strong></span> <span class='ocrx_word' id='word_1_164' title='bbox 1105 2231 1277 2284; x_wconf 85' lang='lat' dir='ltr'><strong>neque</strong></span> <span class='ocrx_word' id='word_1_165' title='bbox 1305 2213 1622 2269; x_wconf 85' lang='lat' dir='ltr'><strong>contristare</strong></span> <span class='ocrx_word' id='word_1_166' title='bbox 1648 2211 1784 2266; x_wconf 87' lang='lat' dir='ltr'><strong>libe-</strong></span> 
     </span>
    </p>
   </div>
   <div class='ocr_carea' id='block_1_22' title="bbox 198 2304 1767 2381">
    <p class='ocr_par' dir='ltr' id='par_1_22' title="bbox 198 2304 1767 2381">
     <span class='ocr_line' id='line_1_22' title="bbox 198 2304 1767 2381; baseline -0.007 -14"><span class='ocrx_word' id='word_1_167' title='bbox 198 2328 282 2368; x_wconf 84' lang='lat' dir='ltr'><strong>ros</strong></span> <span class='ocrx_word' id='word_1_168' title='bbox 306 2311 614 2368; x_wconf 87' lang='lat' dir='ltr'><strong>inordinate</strong></span> <span class='ocrx_word' id='word_1_169' title='bbox 637 2319 796 2381; x_wconf 89' lang='lat' dir='ltr'><strong>atque</strong></span> <span class='ocrx_word' id='word_1_170' title='bbox 821 2310 1000 2379; x_wconf 87' lang='lat' dir='ltr'><strong>inique</strong></span> <span class='ocrx_word' id='word_1_171' title='bbox 1027 2308 1286 2372; x_wconf 82' lang='lat' dir='ltr'><strong>viventes,</strong></span> <span class='ocrx_word' id='word_1_172' title='bbox 1315 2319 1688 2374; x_wconf 70' lang='lat' dir='ltr'><strong>saepenumero</strong></span> <span class='ocrx_word' id='word_1_173' title='bbox 1715 2304 1767 2358; x_wconf 92' lang='lat' dir='ltr'><strong>in</strong></span> 
     </span>
    </p>
   </div>
   <div class='ocr_carea' id='block_1_23' title="bbox 196 2395 1782 2475">
    <p class='ocr_par' dir='ltr' id='par_1_23' title="bbox 196 2395 1782 2475">
     <span class='ocr_line' id='line_1_23' title="bbox 196 2395 1782 2475; baseline -0.008 -15"><span class='ocrx_word' id='word_1_174' title='bbox 196 2406 532 2475; x_wconf 76' lang='lat' dir='ltr'><strong>gravissimis</strong></span> <span class='ocrx_word' id='word_1_175' title='bbox 555 2405 672 2460; x_wconf 90' lang='lat' dir='ltr'><strong>illos</strong></span> <span class='ocrx_word' id='word_1_176' title='bbox 695 2403 1006 2460; x_wconf 87' lang='lat' dir='ltr'><strong>criminibus</strong></span> <span class='ocrx_word' id='word_1_177' title='bbox 1027 2398 1414 2470; x_wconf 74' lang='lat' dir='ltr'><strong>deprehensos,</strong></span> <span class='ocrx_word' id='word_1_178' title='bbox 1437 2397 1494 2452; x_wconf 89' lang='lat' dir='ltr'><strong>in</strong></span> <span class='ocrx_word' id='word_1_179' title='bbox 1519 2395 1782 2465; x_wconf 83' lang='lat' dir='ltr'><strong>judicium</strong></span> 
     </span>
    </p>
   </div>
   <div class='ocr_carea' id='block_1_24' title="bbox 197 2485 1780 2567">
    <p class='ocr_par' dir='ltr' id='par_1_24' title="bbox 197 2485 1780 2567">
     <span class='ocr_line' id='line_1_24' title="bbox 197 2485 1780 2567; baseline -0.006 -17"><span class='ocrx_word' id='word_1_180' title='bbox 197 2495 460 2567; x_wconf 89' lang='lat' dir='ltr'><strong>abreptos,</strong></span> <span class='ocrx_word' id='word_1_181' title='bbox 491 2511 522 2549; x_wconf 89' lang='lat' dir='ltr'><strong>a</strong></span> <span class='ocrx_word' id='word_1_182' title='bbox 543 2495 880 2551; x_wconf 87' lang='lat' dir='ltr'><strong>carniﬁcibus</strong></span> <span class='ocrx_word' id='word_1_183' title='bbox 899 2493 1072 2563; x_wconf 85' lang='lat' dir='ltr'><strong>capite</strong></span> <span class='ocrx_word' id='word_1_184' title='bbox 1100 2489 1335 2546; x_wconf 86' lang='lat' dir='ltr'><strong>truncari</strong></span> <span class='ocrx_word' id='word_1_185' title='bbox 1356 2489 1622 2542; x_wconf 89' lang='lat' dir='ltr'><strong>viderunt.</strong></span> <span class='ocrx_word' id='word_1_186' title='bbox 1644 2485 1780 2540; x_wconf 86' lang='lat' dir='ltr'><strong>Cum</strong></span> 
     </span>
    </p>
   </div>
   <div class='ocr_carea' id='block_1_25' title="bbox 197 2577 1782 2652">
    <p class='ocr_par' dir='ltr' id='par_1_25' title="bbox 197 2577 1782 2652">
     <span class='ocr_line' id='line_1_25' title="bbox 197 2577 1782 2652; baseline -0.006 -13"><span class='ocrx_word' id='word_1_187' title='bbox 197 2587 330 2640; x_wconf 88' lang='lat' dir='ltr'><strong>enim</strong></span> <span class='ocrx_word' id='word_1_188' title='bbox 361 2595 420 2641; x_wconf 88' lang='lat' dir='ltr'><strong>tn</strong></span> <span class='ocrx_word' id='word_1_189' title='bbox 447 2599 546 2641; x_wconf 89' lang='lat' dir='ltr'><strong>eos</strong></span> <span class='ocrx_word' id='word_1_190' title='bbox 575 2599 684 2640; x_wconf 89' lang='lat' dir='ltr'><strong>non</strong></span> <span class='ocrx_word' id='word_1_191' title='bbox 712 2585 938 2652; x_wconf 82' lang='lat' dir='ltr'><strong>castiges</strong></span> <span class='ocrx_word' id='word_1_192' title='bbox 963 2623 980 2647; x_wconf 98' lang='lat'><strong>,</strong></span> <span class='ocrx_word' id='word_1_193' title='bbox 1026 2597 1148 2636; x_wconf 86' lang='lat' dir='ltr'><strong>cum</strong></span> <span class='ocrx_word' id='word_1_194' title='bbox 1177 2589 1231 2633; x_wconf 92' lang='lat' dir='ltr'><strong>tu</strong></span> <span class='ocrx_word' id='word_1_195' title='bbox 1277 2595 1384 2632; x_wconf 91' lang='lat' dir='ltr'><strong>non</strong></span> <span class='ocrx_word' id='word_1_196' title='bbox 1423 2577 1696 2646; x_wconf 81' lang='lat' dir='ltr'><strong>corrigas,</strong></span> <span class='ocrx_word' id='word_1_197' title='bbox 1726 2583 1782 2630; x_wconf 90' lang='lat' dir='ltr'><strong>ct</strong></span> 
     </span>
    </p>
   </div>
   <div class='ocr_carea' id='block_1_26' title="bbox 197 2668 1777 2746">
    <p class='ocr_par' dir='ltr' id='par_1_26' title="bbox 197 2668 1777 2746">
     <span class='ocr_line' id='line_1_26' title="bbox 197 2668 1777 2746; baseline -0.007 -16"><span class='ocrx_word' id='word_1_198' title='bbox 197 2676 466 2732; x_wconf 84' lang='lat' dir='ltr'><strong>sceleratis</strong></span> <span class='ocrx_word' id='word_1_199' title='bbox 497 2690 562 2730; x_wconf 87' lang='lat' dir='ltr'><strong>ac</strong></span> <span class='ocrx_word' id='word_1_200' title='bbox 589 2675 810 2746; x_wconf 87' lang='lat' dir='ltr'><strong>perditis</strong></span> <span class='ocrx_word' id='word_1_201' title='bbox 837 2673 1142 2731; x_wconf 84' lang='lat' dir='ltr'><strong>hominibus</strong></span> <span class='ocrx_word' id='word_1_202' title='bbox 1169 2681 1222 2726; x_wconf 86' lang='lat' dir='ltr'><strong>te</strong></span> <span class='ocrx_word' id='word_1_203' title='bbox 1251 2671 1421 2740; x_wconf 90' lang='lat' dir='ltr'><strong>ipsum</strong></span> <span class='ocrx_word' id='word_1_204' title='bbox 1449 2668 1745 2722; x_wconf 87' lang='lat' dir='ltr'><strong>admisceas</strong></span> <span class='ocrx_word' id='word_1_205' title='bbox 1761 2705 1777 2732; x_wconf 89' lang='lat'><strong>,</strong></span> 
     </span>
    </p>
   </div>
   <div class='ocr_carea' id='block_1_27' title="bbox 194 2759 1782 2836">
    <p class='ocr_par' dir='ltr' id='par_1_27' title="bbox 194 2759 1782 2836">
     <span class='ocr_line' id='line_1_27' title="bbox 194 2759 1782 2836; baseline -0.007 -16"><span class='ocrx_word' id='word_1_206' title='bbox 194 2774 246 2820; x_wconf 90' lang='lat' dir='ltr'><strong>et</strong></span> <span class='ocrx_word' id='word_1_207' title='bbox 271 2766 322 2819; x_wconf 93' lang='lat' dir='ltr'><strong>in</strong></span> <span class='ocrx_word' id='word_1_208' title='bbox 349 2768 686 2822; x_wconf 86' lang='lat' dir='ltr'><strong>consortium</strong></span> <span class='ocrx_word' id='word_1_209' title='bbox 711 2764 962 2836; x_wconf 70' lang='lat' dir='ltr'><strong>nequitias</strong></span> <span class='ocrx_word' id='word_1_210' title='bbox 989 2777 1112 2816; x_wconf 91' lang='lat' dir='ltr'><strong>cum</strong></span> <span class='ocrx_word' id='word_1_211' title='bbox 1141 2760 1246 2815; x_wconf 86' lang='lat' dir='ltr'><strong>illis</strong></span> <span class='ocrx_word' id='word_1_212' title='bbox 1282 2759 1467 2814; x_wconf 84' lang='lat' dir='ltr'><strong>venias</strong></span> <span class='ocrx_word' id='word_1_213' title='bbox 1487 2798 1504 2823; x_wconf 91' lang='lat'><strong>,</strong></span> <span class='ocrx_word' id='word_1_214' title='bbox 1544 2772 1610 2812; x_wconf 88' lang='lat' dir='ltr'><strong>ex</strong></span> <span class='ocrx_word' id='word_1_215' title='bbox 1635 2771 1782 2810; x_wconf 88' lang='lat' dir='ltr'><strong>com-</strong></span> 
     </span>
    </p>
   </div>
   <div class='ocr_carea' id='block_1_28' title="bbox 196 2848 1784 2926">
    <p class='ocr_par' dir='ltr' id='par_1_28' title="bbox 196 2848 1784 2926">
     <span class='ocr_line' id='line_1_28' title="bbox 196 2848 1784 2926; baseline -0.006 -18"><span class='ocrx_word' id='word_1_216' title='bbox 196 2858 446 2912; x_wconf 87' lang='lat' dir='ltr'><strong>munibus</strong></span> <span class='ocrx_word' id='word_1_217' title='bbox 495 2857 702 2926; x_wconf 86' lang='lat' dir='ltr'><strong>legibus</strong></span> <span class='ocrx_word' id='word_1_218' title='bbox 728 2856 781 2910; x_wconf 90' lang='lat' dir='ltr'><strong>in</strong></span> <span class='ocrx_word' id='word_1_219' title='bbox 813 2869 906 2910; x_wconf 89' lang='lat' dir='ltr'><strong>eos</strong></span> <span class='ocrx_word' id='word_1_220' title='bbox 946 2855 1149 2922; x_wconf 82' lang='lat' dir='ltr'><strong>agitur,</strong></span> <span class='ocrx_word' id='word_1_221' title='bbox 1179 2861 1235 2906; x_wconf 90' lang='lat' dir='ltr'><strong>et</strong></span> <span class='ocrx_word' id='word_1_222' title='bbox 1279 2851 1334 2904; x_wconf 90' lang='lat' dir='ltr'><strong>in</strong></span> <span class='ocrx_word' id='word_1_223' title='bbox 1375 2848 1615 2903; x_wconf 89' lang='lat' dir='ltr'><strong>onmium</strong></span> <span class='ocrx_word' id='word_1_224' title='bbox 1655 2861 1784 2900; x_wconf 88' lang='lat' dir='ltr'><strong>con-</strong></span> 
     </span>
    </p>
   </div>
   <div class='ocr_carea' id='block_1_29' title="bbox 191 2937 1783 3019">
    <p class='ocr_par' dir='ltr' id='par_1_29' title="bbox 191 2937 1783 3019">
     <span class='ocr_line' id='line_1_29' title="bbox 191 2937 1783 3019; baseline -0.008 -16"><span class='ocrx_word' id='word_1_225' title='bbox 191 2958 374 3019; x_wconf 82' lang='lat' dir='ltr'><strong>specta</strong></span> <span class='ocrx_word' id='word_1_226' title='bbox 405 2949 704 3019; x_wconf 90' lang='lat' dir='ltr'><strong>puniuntur</strong></span> <span class='ocrx_word' id='word_1_227' title='bbox 736 2965 750 3000; x_wconf 91' lang='lat'><strong>:</strong></span> <span class='ocrx_word' id='word_1_228' title='bbox 779 2961 842 3000; x_wconf 80' lang='lat' dir='ltr'><strong>ac</strong></span> <span class='ocrx_word' id='word_1_229' title='bbox 867 2944 1040 3013; x_wconf 81' lang='lat' dir='ltr'><strong>major</strong></span> <span class='ocrx_word' id='word_1_230' title='bbox 1067 2957 1187 2996; x_wconf 80' lang='lat' dir='ltr'><strong>cuin</strong></span> <span class='ocrx_word' id='word_1_231' title='bbox 1217 2941 1522 2995; x_wconf 87' lang='lat' dir='ltr'><strong>calamitate</strong></span> <span class='ocrx_word' id='word_1_232' title='bbox 1552 2937 1610 2991; x_wconf 89' lang='lat' dir='ltr'><strong>ﬁt</strong></span> <span class='ocrx_word' id='word_1_233' title='bbox 1639 2940 1783 3006; x_wconf 81' lang='lat' dir='ltr'><strong>igno-</strong></span> 
     </span>
    </p>
   </div>
   <div class='ocr_carea' id='block_1_30' title="bbox 192 3033 1774 3108">
    <p class='ocr_par' dir='ltr' id='par_1_30' title="bbox 192 3033 1774 3108">
     <span class='ocr_line' id='line_1_30' title="bbox 192 3033 1774 3108; baseline -0.006 -16"><span class='ocrx_word' id='word_1_234' title='bbox 192 3039 350 3094; x_wconf 88' lang='lat' dir='ltr'><strong>minia</strong></span> <span class='ocrx_word' id='word_1_235' title='bbox 375 3080 394 3105; x_wconf 96' lang='lat'><strong>,</strong></span> <span class='ocrx_word' id='word_1_236' title='bbox 425 3039 557 3093; x_wconf 89' lang='lat' dir='ltr'><strong>dum</strong></span> <span class='ocrx_word' id='word_1_237' title='bbox 589 3047 796 3108; x_wconf 87' lang='lat' dir='ltr'><strong>patrem</strong></span> <span class='ocrx_word' id='word_1_238' title='bbox 838 3035 986 3088; x_wconf 89' lang='lat' dir='ltr'><strong>illum</strong></span> <span class='ocrx_word' id='word_1_239' title='bbox 1025 3033 1195 3103; x_wconf 83' lang='lat' dir='ltr'><strong>digito</strong></span> <span class='ocrx_word' id='word_1_240' title='bbox 1235 3037 1535 3083; x_wconf 89' lang='lat' dir='ltr'><strong>monstrant</strong></span> <span class='ocrx_word' id='word_1_241' title='bbox 1585 3041 1774 3082; x_wconf 81' lang='lat' dir='ltr'><strong>omnes</strong></span> 
     </span>
    </p>
   </div>
   <div class='ocr_carea' id='block_1_31' title="bbox 191 3118 1778 3197">
    <p class='ocr_par' dir='ltr' id='par_1_31' title="bbox 191 3118 1778 3197">
     <span class='ocr_line' id='line_1_31' title="bbox 191 3118 1778 3197; baseline -0.006 -17"><span class='ocrx_word' id='word_1_242' title='bbox 191 3140 306 3197; x_wconf 86' lang='lat' dir='ltr'><strong>post</strong></span> <span class='ocrx_word' id='word_1_243' title='bbox 351 3131 502 3184; x_wconf 91' lang='lat' dir='ltr'><strong>illius</strong></span> <span class='ocrx_word' id='word_1_244' title='bbox 531 3128 776 3190; x_wconf 91' lang='lat' dir='ltr'><strong>obitum,</strong></span> <span class='ocrx_word' id='word_1_245' title='bbox 812 3133 868 3180; x_wconf 91' lang='lat' dir='ltr'><strong>et</strong></span> <span class='ocrx_word' id='word_1_246' title='bbox 903 3123 978 3178; x_wconf 88' lang='lat' dir='ltr'><strong>illi</strong></span> <span class='ocrx_word' id='word_1_247' title='bbox 1022 3120 1124 3176; x_wconf 85' lang='lat' dir='ltr'><strong>fori</strong></span> <span class='ocrx_word' id='word_1_248' title='bbox 1155 3120 1354 3175; x_wconf 89' lang='lat' dir='ltr'><strong>aditum</strong></span> <span class='ocrx_word' id='word_1_249' title='bbox 1401 3118 1778 3173; x_wconf 88' lang='lat' dir='ltr'><strong>intercludunt.</strong></span> 
     </span>
    </p>
   </div>
   <div class='ocr_carea' id='block_1_32' title="bbox 190 3209 1783 3285">
    <p class='ocr_par' dir='ltr' id='par_1_32' title="bbox 190 3209 1783 3285">
     <span class='ocr_line' id='line_1_32' title="bbox 190 3209 1783 3285; baseline -0.006 -14"><span class='ocrx_word' id='word_1_250' title='bbox 190 3219 398 3284; x_wconf 79' lang='lat' dir='ltr'><strong>Quibus</strong></span> <span class='ocrx_word' id='word_1_251' title='bbox 425 3217 570 3272; x_wconf 89' lang='lat' dir='ltr'><strong>enim</strong></span> <span class='ocrx_word' id='word_1_252' title='bbox 599 3217 770 3271; x_wconf 91' lang='lat' dir='ltr'><strong>oculis</strong></span> <span class='ocrx_word' id='word_1_253' title='bbox 799 3214 994 3285; x_wconf 89' lang='lat' dir='ltr'><strong>poterit</strong></span> <span class='ocrx_word' id='word_1_254' title='bbox 1021 3219 1363 3268; x_wconf 87' lang='lat' dir='ltr'><strong>occurrentes</strong></span> <span class='ocrx_word' id='word_1_255' title='bbox 1392 3209 1492 3265; x_wconf 87' lang='lat' dir='ltr'><strong>sibi</strong></span> <span class='ocrx_word' id='word_1_256' title='bbox 1523 3218 1642 3275; x_wconf 88' lang='lat' dir='ltr'><strong>post</strong></span> <span class='ocrx_word' id='word_1_257' title='bbox 1668 3218 1783 3262; x_wconf 88' lang='lat' dir='ltr'><strong>tan-</strong></span> 
     </span>
    </p>
   </div>
   <div class='ocr_carea' id='block_1_33' title="bbox 189 3299 1780 3368">
    <p class='ocr_par' dir='ltr' id='par_1_33' title="bbox 189 3299 1780 3368">
     <span class='ocr_line' id='line_1_33' title="bbox 189 3299 1780 3368; baseline -0.006 -4"><span class='ocrx_word' id='word_1_258' title='bbox 189 3318 292 3364; x_wconf 86' lang='lat' dir='ltr'><strong>tam</strong></span> <span class='ocrx_word' id='word_1_259' title='bbox 321 3307 604 3362; x_wconf 84' lang='lat' dir='ltr'><strong>infamiam</strong></span> <span class='ocrx_word' id='word_1_260' title='bbox 631 3316 684 3362; x_wconf 92' lang='lat' dir='ltr'><strong>et</strong></span> <span class='ocrx_word' id='word_1_261' title='bbox 701 3305 1060 3361; x_wconf 86' lang='lat' dir='ltr'><strong>calamitatem</strong></span> <span class='ocrx_word' id='word_1_262' title='bbox 1089 3303 1180 3357; x_wconf 83' lang='lat' dir='ltr'><strong>lilii</strong></span> <span class='ocrx_word' id='word_1_263' title='bbox 1211 3301 1491 3356; x_wconf 83' lang='lat' dir='ltr'><strong>contueri?</strong></span> <span class='ocrx_word' id='word_1_264' title='bbox 1520 3299 1780 3368; x_wconf 82' lang='lat' dir='ltr'><strong>Quocirca</strong></span> 
     </span>
    </p>
   </div>
   <div class='ocr_carea' id='block_1_34' title="bbox 189 3393 1778 3467">
    <p class='ocr_par' dir='ltr' id='par_1_34' title="bbox 189 3393 1778 3467">
     <span class='ocr_line' id='line_1_34' title="bbox 189 3393 1778 3467; baseline -0.006 -15"><span class='ocrx_word' id='word_1_265' title='bbox 189 3413 382 3467; x_wconf 86' lang='lat' dir='ltr'><strong>precor</strong></span> <span class='ocrx_word' id='word_1_266' title='bbox 401 3407 460 3452; x_wconf 89' lang='lat' dir='ltr'><strong>et</strong></span> <span class='ocrx_word' id='word_1_267' title='bbox 487 3395 712 3451; x_wconf 86' lang='lat' dir='ltr'><strong>obsecro</strong></span> <span class='ocrx_word' id='word_1_268' title='bbox 742 3395 962 3448; x_wconf 88' lang='lat' dir='ltr'><strong>multam</strong></span> <span class='ocrx_word' id='word_1_269' title='bbox 988 3393 1277 3448; x_wconf 88' lang='lat' dir='ltr'><strong>liberorum</strong></span> <span class='ocrx_word' id='word_1_270' title='bbox 1301 3406 1487 3448; x_wconf 88' lang='lat' dir='ltr'><strong>curam</strong></span> <span class='ocrx_word' id='word_1_271' title='bbox 1509 3405 1778 3460; x_wconf 79' lang='lat' dir='ltr'><strong>geramus,</strong></span> 
     </span>
    </p>
   </div>
   <div class='ocr_carea' id='block_1_35' title="bbox 187 3480 1782 3560">
    <p class='ocr_par' dir='ltr' id='par_1_35' title="bbox 187 3480 1782 3560">
     <span class='ocr_line' id='line_1_35' title="bbox 187 3480 1782 3560; baseline -0.008 -17"><span class='ocrx_word' id='word_1_272' title='bbox 187 3497 242 3543; x_wconf 90' lang='lat' dir='ltr'><strong>ct</strong></span> <span class='ocrx_word' id='word_1_273' title='bbox 280 3489 484 3560; x_wconf 87' lang='lat' dir='ltr'><strong>ubique</strong></span> <span class='ocrx_word' id='word_1_274' title='bbox 525 3487 752 3542; x_wconf 77' lang='lat' dir='ltr'><strong>Salutem</strong></span> <span class='ocrx_word' id='word_1_275' title='bbox 781 3486 994 3540; x_wconf 90' lang='lat' dir='ltr'><strong>illorum</strong></span> <span class='ocrx_word' id='word_1_276' title='bbox 1033 3484 1226 3538; x_wconf 79' lang='lat' dir='ltr'><strong>anima:</strong></span> <span class='ocrx_word' id='word_1_277' title='bbox 1254 3497 1576 3552; x_wconf 63' lang='lat' dir='ltr'><strong>quaeramus.</strong></span> <span class='ocrx_word' id='word_1_278' title='bbox 1618 3480 1782 3550; x_wconf 78' lang='lat' dir='ltr'><strong>Magi-</strong></span> 
     </span>
    </p>
   </div>
   <div class='ocr_carea' id='block_1_36' title="bbox 187 3573 1780 3643">
    <p class='ocr_par' dir='ltr' id='par_1_36' title="bbox 187 3573 1780 3643">
     <span class='ocr_line' id='line_1_36' title="bbox 187 3573 1780 3643; baseline -0.006 -7"><span class='ocrx_word' id='word_1_279' title='bbox 187 3592 300 3638; x_wconf 88' lang='lat' dir='ltr'><strong>ster</strong></span> <span class='ocrx_word' id='word_1_280' title='bbox 328 3591 386 3635; x_wconf 86' lang='lat' dir='ltr'><strong>et</strong></span> <span class='ocrx_word' id='word_1_281' title='bbox 413 3581 609 3635; x_wconf 86' lang='lat' dir='ltr'><strong>doctor</strong></span> <span class='ocrx_word' id='word_1_282' title='bbox 646 3594 704 3633; x_wconf 90' lang='lat' dir='ltr'><strong>es</strong></span> <span class='ocrx_word' id='word_1_283' title='bbox 731 3577 994 3633; x_wconf 66' lang='lat' dir='ltr'><strong>universae</strong></span> <span class='ocrx_word' id='word_1_284' title='bbox 1019 3575 1216 3630; x_wconf 88' lang='lat' dir='ltr'><strong>domus</strong></span> <span class='ocrx_word' id='word_1_285' title='bbox 1246 3584 1349 3628; x_wconf 70' lang='lat' dir='ltr'><strong>tute</strong></span> <span class='ocrx_word' id='word_1_286' title='bbox 1373 3614 1388 3636; x_wconf 87' lang='lat'><strong>,</strong></span> <span class='ocrx_word' id='word_1_287' title='bbox 1415 3573 1616 3643; x_wconf 87' lang='lat' dir='ltr'><strong>tibique</strong></span> <span class='ocrx_word' id='word_1_288' title='bbox 1646 3587 1780 3626; x_wconf 81' lang='lat' dir='ltr'><strong>uxo-</strong></span> 
     </span>
    </p>
   </div>
   <div class='ocr_carea' id='block_1_37' title="bbox 187 3663 1782 3740">
    <p class='ocr_par' dir='ltr' id='par_1_37' title="bbox 187 3663 1782 3740">
     <span class='ocr_line' id='line_1_37' title="bbox 187 3663 1782 3740; baseline -0.006 -14"><span class='ocrx_word' id='word_1_289' title='bbox 187 3687 300 3726; x_wconf 88' lang='lat' dir='ltr'><strong>rem</strong></span> <span class='ocrx_word' id='word_1_290' title='bbox 334 3679 394 3728; x_wconf 92' lang='lat' dir='ltr'><strong>et</strong></span> <span class='ocrx_word' id='word_1_291' title='bbox 431 3670 575 3726; x_wconf 88' lang='lat' dir='ltr'><strong>ﬁlios</strong></span> <span class='ocrx_word' id='word_1_292' title='bbox 603 3677 858 3740; x_wconf 89' lang='lat' dir='ltr'><strong>perpetuo</strong></span> <span class='ocrx_word' id='word_1_293' title='bbox 895 3665 1166 3722; x_wconf 89' lang='lat' dir='ltr'><strong>docendos</strong></span> <span class='ocrx_word' id='word_1_294' title='bbox 1194 3665 1479 3720; x_wconf 85' lang='lat' dir='ltr'><strong>committit</strong></span> <span class='ocrx_word' id='word_1_295' title='bbox 1517 3663 1675 3718; x_wconf 87' lang='lat' dir='ltr'><strong>Deus.</strong></span> <span class='ocrx_word' id='word_1_296' title='bbox 1717 3663 1782 3716; x_wconf 81' lang='lat' dir='ltr'><strong>Et</strong></span> 
     </span>
    </p>
   </div>
   <div class='ocr_carea' id='block_1_38' title="bbox 189 3758 1781 3835">
    <p class='ocr_par' dir='ltr' id='par_1_38' title="bbox 189 3758 1781 3835">
     <span class='ocr_line' id='line_1_38' title="bbox 189 3758 1781 3835; baseline -0.005 -17"><span class='ocrx_word' id='word_1_297' title='bbox 189 3780 334 3822; x_wconf 87' lang='lat' dir='ltr'><strong>nunc</strong></span> <span class='ocrx_word' id='word_1_298' title='bbox 372 3763 596 3835; x_wconf 81' lang='lat' dir='ltr'><strong>quidem</strong></span> <span class='ocrx_word' id='word_1_299' title='bbox 632 3763 708 3817; x_wconf 86' lang='lat' dir='ltr'><strong>ait</strong></span> <span class='ocrx_word' id='word_1_300' title='bbox 733 3761 928 3816; x_wconf 83' lang='lat' dir='ltr'><strong>Paulus</strong></span> <span class='ocrx_word' id='word_1_301' title='bbox 955 3759 1034 3816; x_wconf 27' lang='lat' dir='ltr'><strong>de.</strong></span> <span class='ocrx_word' id='word_1_302' title='bbox 1053 3759 1308 3814; x_wconf 81' lang='lat' dir='ltr'><strong>uxoribus</strong></span> <span class='ocrx_word' id='word_1_303' title='bbox 1339 3777 1354 3812; x_wconf 88' lang='lat'><strong>:</strong></span> <span class='ocrx_word' id='word_1_304' title='bbox 1384 3758 1445 3814; x_wconf 89' lang='lat' dir='ltr'><strong>Si</strong></span> <span class='ocrx_word' id='word_1_305' title='bbox 1468 3759 1589 3828; x_wconf 86' lang='lat' dir='ltr'><strong>quid</strong></span> <span class='ocrx_word' id='word_1_306' title='bbox 1615 3768 1781 3812; x_wconf 82' lang='lat' dir='ltr'><strong>autent</strong></span> 
     </span>
    </p>
   </div>
   <div class='ocr_carea' id='block_1_39' title="bbox 188 3849 1776 3926">
    <p class='ocr_par' dir='ltr' id='par_1_39' title="bbox 188 3849 1776 3926">
     <span class='ocr_line' id='line_1_39' title="bbox 188 3849 1776 3926; baseline -0.005 -16"><span class='ocrx_word' id='word_1_307' title='bbox 188 3855 362 3910; x_wconf 73' lang='lat' dir='ltr'><strong>uolunt</strong></span> <span class='ocrx_word' id='word_1_308' title='bbox 388 3855 608 3920; x_wconf 79' lang='lat' dir='ltr'><strong>discere,</strong></span> <span class='ocrx_word' id='word_1_309' title='bbox 631 3855 768 3906; x_wconf 87' lang='lat' dir='ltr'><strong>domi</strong></span> <span class='ocrx_word' id='word_1_310' title='bbox 793 3853 925 3906; x_wconf 79' lang='lat' dir='ltr'><strong>uiros</strong></span> <span class='ocrx_word' id='word_1_311' title='bbox 948 3869 1068 3906; x_wconf 82' lang='lat' dir='ltr'><strong>suos</strong></span> <span class='ocrx_word' id='word_1_312' title='bbox 1088 3852 1392 3922; x_wconf 82' lang='lat' dir='ltr'><strong>interrogent</strong></span> <span class='ocrx_word' id='word_1_313' title='bbox 1431 3852 1505 3922; x_wconf 86' lang='lat' dir='ltr'><strong>(l.</strong></span> <span class='ocrx_word' id='word_1_314' title='bbox 1537 3849 1654 3904; x_wconf 81' lang='lat' dir='ltr'><strong>Cor.</strong></span> <span class='ocrx_word' id='word_1_315' title='bbox 1689 3850 1776 3926; x_wconf 67' lang='grc'><strong>14.</strong></span> 
     </span>
    </p>
   </div>
   <div class='ocr_carea' id='block_1_40' title="bbox 187 3942 1777 4018">
    <p class='ocr_par' dir='ltr' id='par_1_40' title="bbox 187 3942 1777 4018">
     <span class='ocr_line' id='line_1_40' title="bbox 187 3942 1777 4018; baseline -0.005 -16"><span class='ocrx_word' id='word_1_316' title='bbox 187 3948 316 4018; x_wconf 78' lang='lat'><strong>35);</strong></span> <span class='ocrx_word' id='word_1_317' title='bbox 347 3961 492 4002; x_wconf 90' lang='lat' dir='ltr'><strong>nunc</strong></span> <span class='ocrx_word' id='word_1_318' title='bbox 518 3961 650 4000; x_wconf 84' lang='lat' dir='ltr'><strong>vero</strong></span> <span class='ocrx_word' id='word_1_319' title='bbox 672 3945 740 3999; x_wconf 89' lang='lat' dir='ltr'><strong>de</strong></span> <span class='ocrx_word' id='word_1_320' title='bbox 768 3944 946 3998; x_wconf 88' lang='lat' dir='ltr'><strong>liberis</strong></span> <span class='ocrx_word' id='word_1_321' title='bbox 967 3983 986 4007; x_wconf 83' lang='lat'><strong>,</strong></span> <span class='ocrx_word' id='word_1_322' title='bbox 1013 3942 1241 3996; x_wconf 81' lang='lat' dir='ltr'><strong>Educatc</strong></span> <span class='ocrx_word' id='word_1_323' title='bbox 1268 3942 1386 3996; x_wconf 82' lang='lat' dir='ltr'><strong>illos</strong></span> <span class='ocrx_word' id='word_1_324' title='bbox 1417 3943 1470 3996; x_wconf 79' lang='lat' dir='ltr'><strong>in</strong></span> <span class='ocrx_word' id='word_1_325' title='bbox 1499 3942 1777 4010; x_wconf 80' lang='lat' dir='ltr'><strong>disciplina</strong></span> 
     </span>
    </p>
   </div>
   <div class='ocr_carea' id='block_1_41' title="bbox 187 4037 1778 4112">
    <p class='ocr_par' dir='ltr' id='par_1_41' title="bbox 187 4037 1778 4112">
     <span class='ocr_line' id='line_1_41' title="bbox 187 4037 1778 4112; baseline -0.001 -21"><span class='ocrx_word' id='word_1_326' title='bbox 187 4049 233 4092; x_wconf 80' lang='lat' dir='ltr'><strong>et</strong></span> <span class='ocrx_word' id='word_1_327' title='bbox 261 4039 584 4110; x_wconf 74' lang='lat' dir='ltr'><strong>correptione</strong></span> <span class='ocrx_word' id='word_1_328' title='bbox 607 4037 813 4092; x_wconf 83' lang='lat' dir='ltr'><strong>Domini</strong></span> <span class='ocrx_word' id='word_1_329' title='bbox 834 4040 1048 4112; x_wconf 74' lang='lat' dir='ltr'><strong>(Ep/tes.</strong></span> <span class='ocrx_word' id='word_1_330' title='bbox 1077 4039 1131 4092; x_wconf 80' lang='lat'><strong>6.</strong></span> <span class='ocrx_word' id='word_1_331' title='bbox 1158 4037 1235 4110; x_wconf 75' lang='grc' dir='ltr'><strong>ι).</strong></span> <span class='ocrx_word' id='word_1_332' title='bbox 1265 4037 1480 4092; x_wconf 82' lang='lat' dir='ltr'><strong>Statuas</strong></span> <span class='ocrx_word' id='word_1_333' title='bbox 1508 4051 1698 4090; x_wconf 89' lang='lat' dir='ltr'><strong>aureas</strong></span> <span class='ocrx_word' id='word_1_334' title='bbox 1727 4039 1778 4088; x_wconf 92' lang='lat' dir='ltr'><strong>in</strong></span> 
     </span>
    </p>
   </div>
   <div class='ocr_carea' id='block_1_42' title="bbox 185 4129 1780 4201">
    <p class='ocr_par' dir='ltr' id='par_1_42' title="bbox 185 4129 1780 4201">
     <span class='ocr_line' id='line_1_42' title="bbox 185 4129 1780 4201; baseline 0 -17"><span class='ocrx_word' id='word_1_335' title='bbox 185 4130 394 4186; x_wconf 66' lang='lat' dir='ltr'><strong>rudibus</strong></span> <span class='ocrx_word' id='word_1_336' title='bbox 425 4131 630 4186; x_wconf 86' lang='lat' dir='ltr'><strong>habere</strong></span> <span class='ocrx_word' id='word_1_337' title='bbox 665 4141 718 4188; x_wconf 89' lang='lat' dir='ltr'><strong>te</strong></span> <span class='ocrx_word' id='word_1_338' title='bbox 757 4134 1002 4188; x_wconf 78' lang='lat' dir='ltr'><strong>existima</strong></span> <span class='ocrx_word' id='word_1_339' title='bbox 1049 4132 1286 4196; x_wconf 87' lang='lat' dir='ltr'><strong>liberos;</strong></span> <span class='ocrx_word' id='word_1_340' title='bbox 1331 4130 1556 4201; x_wconf 78' lang='lat' dir='ltr'><strong>singulis</strong></span> <span class='ocrx_word' id='word_1_341' title='bbox 1591 4129 1780 4184; x_wconf 84' lang='lat' dir='ltr'><strong>diebus</strong></span> 
     </span>
    </p>
   </div>
   <div class='ocr_carea' id='block_1_43' title="bbox 185 4221 1779 4293">
    <p class='ocr_par' dir='ltr' id='par_1_43' title="bbox 185 4221 1779 4293">
     <span class='ocr_line' id='line_1_43' title="bbox 185 4221 1779 4293; baseline 0 -17"><span class='ocrx_word' id='word_1_342' title='bbox 185 4235 282 4276; x_wconf 86' lang='lat' dir='ltr'><strong>eos</strong></span> <span class='ocrx_word' id='word_1_343' title='bbox 307 4223 568 4288; x_wconf 87' lang='lat' dir='ltr'><strong>informa,</strong></span> <span class='ocrx_word' id='word_1_344' title='bbox 593 4233 648 4278; x_wconf 91' lang='lat' dir='ltr'><strong>et</strong></span> <span class='ocrx_word' id='word_1_345' title='bbox 671 4222 954 4293; x_wconf 84' lang='lat' dir='ltr'><strong>diligenter</strong></span> <span class='ocrx_word' id='word_1_346' title='bbox 973 4221 1275 4289; x_wconf 88' lang='lat' dir='ltr'><strong>considera,</strong></span> <span class='ocrx_word' id='word_1_347' title='bbox 1296 4223 1547 4292; x_wconf 87' lang='lat' dir='ltr'><strong>omnique</strong></span> <span class='ocrx_word' id='word_1_348' title='bbox 1575 4221 1779 4276; x_wconf 87' lang='lat' dir='ltr'><strong>ratione</strong></span> 
     </span>
    </p>
   </div>
   <div class='ocr_carea' id='block_1_44' title="bbox 186 4312 1778 4370">
    <p class='ocr_par' dir='ltr' id='par_1_44' title="bbox 186 4312 1778 4370">
     <span class='ocr_line' id='line_1_44' title="bbox 186 4312 1778 4370; baseline 0.002 -5"><span class='ocrx_word' id='word_1_349' title='bbox 186 4312 402 4368; x_wconf 86' lang='lat' dir='ltr'><strong>illorum</strong></span> <span class='ocrx_word' id='word_1_350' title='bbox 432 4313 668 4367; x_wconf 84' lang='lat' dir='ltr'><strong>animam</strong></span> <span class='ocrx_word' id='word_1_351' title='bbox 697 4329 902 4368; x_wconf 79' lang='lat' dir='ltr'><strong>exorna</strong></span> <span class='ocrx_word' id='word_1_352' title='bbox 938 4323 996 4370; x_wconf 90' lang='lat' dir='ltr'><strong>et</strong></span> <span class='ocrx_word' id='word_1_353' title='bbox 1021 4315 1242 4370; x_wconf 90' lang='lat' dir='ltr'><strong>institue</strong></span> <span class='ocrx_word' id='word_1_354' title='bbox 1274 4332 1288 4368; x_wconf 92' lang='lat'><strong>:</strong></span> <span class='ocrx_word' id='word_1_355' title='bbox 1322 4315 1530 4368; x_wconf 87' lang='lat' dir='ltr'><strong>imitare</strong></span> <span class='ocrx_word' id='word_1_356' title='bbox 1567 4313 1778 4368; x_wconf 90' lang='lat' dir='ltr'><strong>beatum</strong></span> 
     </span>
    </p>
   </div>
   <div class='ocr_carea' id='block_1_45' title="bbox 185 4404 1781 4484">
    <p class='ocr_par' dir='ltr' id='par_1_45' title="bbox 185 4404 1781 4484">
     <span class='ocr_line' id='line_1_45' title="bbox 185 4404 1781 4484; baseline 0.001 -26"><span class='ocrx_word' id='word_1_357' title='bbox 185 4404 308 4473; x_wconf 89' lang='lat' dir='ltr'><strong>Job,</strong></span> <span class='ocrx_word' id='word_1_358' title='bbox 339 4407 434 4476; x_wconf 88' lang='lat' dir='ltr'><strong>qui</strong></span> <span class='ocrx_word' id='word_1_359' title='bbox 465 4407 661 4478; x_wconf 85' lang='lat' dir='ltr'><strong>timens</strong></span> <span class='ocrx_word' id='word_1_360' title='bbox 679 4407 748 4462; x_wconf 92' lang='lat' dir='ltr'><strong>ob</strong></span> <span class='ocrx_word' id='word_1_361' title='bbox 769 4423 831 4484; x_wconf 83' lang='lat' dir='ltr'><strong>ea</strong></span> <span class='ocrx_word' id='word_1_362' title='bbox 857 4424 979 4478; x_wconf 75' lang='lat' dir='ltr'><strong>qua:</strong></span> <span class='ocrx_word' id='word_1_363' title='bbox 1001 4407 1102 4478; x_wconf 91' lang='lat' dir='ltr'><strong>ipsi</strong></span> <span class='ocrx_word' id='word_1_364' title='bbox 1126 4417 1308 4461; x_wconf 88' lang='lat' dir='ltr'><strong>mente</strong></span> <span class='ocrx_word' id='word_1_365' title='bbox 1327 4415 1662 4476; x_wconf 88' lang='lat' dir='ltr'><strong>peccassent,</strong></span> <span class='ocrx_word' id='word_1_366' title='bbox 1694 4421 1781 4460; x_wconf 88' lang='lat' dir='ltr'><strong>sa-</strong></span> 
     </span>
    </p>
   </div>
   <div class='ocr_carea' id='block_1_46' title="bbox 183 4498 1780 4571">
    <p class='ocr_par' dir='ltr' id='par_1_46' title="bbox 183 4498 1780 4571">
     <span class='ocr_line' id='line_1_46' title="bbox 183 4498 1780 4571; baseline 0.001 -19"><span class='ocrx_word' id='word_1_367' title='bbox 183 4498 388 4556; x_wconf 88' lang='lat' dir='ltr'><strong>criﬁcia</strong></span> <span class='ocrx_word' id='word_1_368' title='bbox 420 4515 522 4569; x_wconf 90' lang='lat' dir='ltr'><strong>pro</strong></span> <span class='ocrx_word' id='word_1_369' title='bbox 553 4499 682 4571; x_wconf 86' lang='lat' dir='ltr'><strong>ipsis</strong></span> <span class='ocrx_word' id='word_1_370' title='bbox 706 4499 963 4558; x_wconf 78' lang='lat' dir='ltr'><strong>olferebat</strong></span> <span class='ocrx_word' id='word_1_371' title='bbox 987 4541 1004 4568; x_wconf 95' lang='lat'><strong>,</strong></span> <span class='ocrx_word' id='word_1_372' title='bbox 1045 4515 1109 4556; x_wconf 90' lang='lat' dir='ltr'><strong>ac</strong></span> <span class='ocrx_word' id='word_1_373' title='bbox 1140 4501 1364 4554; x_wconf 90' lang='lat' dir='ltr'><strong>multum</strong></span> <span class='ocrx_word' id='word_1_374' title='bbox 1404 4501 1470 4555; x_wconf 91' lang='lat' dir='ltr'><strong>de</strong></span> <span class='ocrx_word' id='word_1_375' title='bbox 1511 4500 1622 4554; x_wconf 88' lang='lat' dir='ltr'><strong>illis</strong></span> <span class='ocrx_word' id='word_1_376' title='bbox 1663 4509 1780 4555; x_wconf 88' lang='lat' dir='ltr'><strong>erat</strong></span> 
     </span>
    </p>
   </div>
   <div class='ocr_carea' id='block_1_47' title="bbox 185 4589 1780 4665">
    <p class='ocr_par' dir='ltr' id='par_1_47' title="bbox 185 4589 1780 4665">
     <span class='ocr_line' id='line_1_47' title="bbox 185 4589 1780 4665; baseline 0.003 -23"><span class='ocrx_word' id='word_1_377' title='bbox 185 4590 454 4646; x_wconf 88' lang='lat' dir='ltr'><strong>sollicitus</strong></span> <span class='ocrx_word' id='word_1_378' title='bbox 481 4589 608 4661; x_wconf 83' lang='lat' dir='ltr'><strong>(Job</strong></span> <span class='ocrx_word' id='word_1_379' title='bbox 658 4593 712 4648; x_wconf 83' lang='lat' dir='ltr'><strong>l.</strong></span> <span class='ocrx_word' id='word_1_380' title='bbox 743 4593 822 4665; x_wconf 85' lang='lat'><strong>5).</strong></span> <span class='ocrx_word' id='word_1_381' title='bbox 853 4592 1064 4647; x_wconf 89' lang='lat' dir='ltr'><strong>Imitare</strong></span> <span class='ocrx_word' id='word_1_382' title='bbox 1090 4591 1360 4646; x_wconf 81' lang='lat' dir='ltr'><strong>Abraham</strong></span> <span class='ocrx_word' id='word_1_383' title='bbox 1394 4608 1410 4647; x_wconf 89' lang='lat'><strong>:</strong></span> <span class='ocrx_word' id='word_1_384' title='bbox 1437 4607 1564 4646; x_wconf 87' lang='lat' dir='ltr'><strong>nam</strong></span> <span class='ocrx_word' id='word_1_385' title='bbox 1604 4601 1660 4647; x_wconf 91' lang='lat' dir='ltr'><strong>et</strong></span> <span class='ocrx_word' id='word_1_386' title='bbox 1689 4593 1780 4647; x_wconf 84' lang='lat' dir='ltr'><strong>ille</strong></span> 
     </span>
    </p>
   </div>
   <div class='ocr_carea' id='block_1_48' title="bbox 185 4681 1777 4754">
    <p class='ocr_par' dir='ltr' id='par_1_48' title="bbox 185 4681 1777 4754">
     <span class='ocr_line' id='line_1_48' title="bbox 185 4681 1777 4754; baseline -0.001 -17"><span class='ocrx_word' id='word_1_387' title='bbox 185 4684 540 4750; x_wconf 87' lang='lat' dir='ltr'><strong>pecuniarum</strong></span> <span class='ocrx_word' id='word_1_388' title='bbox 588 4691 642 4738; x_wconf 92' lang='lat' dir='ltr'><strong>et</strong></span> <span class='ocrx_word' id='word_1_389' title='bbox 681 4684 1082 4754; x_wconf 86' lang='lat' dir='ltr'><strong>possessionum</strong></span> <span class='ocrx_word' id='word_1_390' title='bbox 1125 4681 1268 4736; x_wconf 84' lang='lat' dir='ltr'><strong>haud</strong></span> <span class='ocrx_word' id='word_1_391' title='bbox 1311 4681 1580 4736; x_wconf 89' lang='lat' dir='ltr'><strong>studiosus</strong></span> <span class='ocrx_word' id='word_1_392' title='bbox 1620 4691 1777 4752; x_wconf 89' lang='lat' dir='ltr'><strong>erat,</strong></span> 
     </span>
    </p>
   </div>
   <div class='ocr_carea' id='block_1_49' title="bbox 185 4773 1779 4845">
    <p class='ocr_par' dir='ltr' id='par_1_49' title="bbox 185 4773 1779 4845">
     <span class='ocr_line' id='line_1_49' title="bbox 185 4773 1779 4845; baseline 0.001 -17"><span class='ocrx_word' id='word_1_393' title='bbox 185 4773 278 4828; x_wconf 84' lang='lat' dir='ltr'><strong>sed</strong></span> <span class='ocrx_word' id='word_1_394' title='bbox 305 4775 618 4829; x_wconf 87' lang='lat' dir='ltr'><strong>divinarum</strong></span> <span class='ocrx_word' id='word_1_395' title='bbox 647 4775 860 4844; x_wconf 85' lang='lat' dir='ltr'><strong>legum,</strong></span> <span class='ocrx_word' id='word_1_396' title='bbox 894 4783 953 4827; x_wconf 93' lang='lat' dir='ltr'><strong>ut</strong></span> <span class='ocrx_word' id='word_1_397' title='bbox 979 4774 1188 4828; x_wconf 91' lang='lat' dir='ltr'><strong>illarum</strong></span> <span class='ocrx_word' id='word_1_398' title='bbox 1217 4773 1648 4830; x_wconf 86' lang='lat' dir='ltr'><strong>observationem</strong></span> <span class='ocrx_word' id='word_1_399' title='bbox 1685 4791 1779 4845; x_wconf 90' lang='lat' dir='ltr'><strong>po-</strong></span> 
     </span>
    </p>
   </div>
   <div class='ocr_carea' id='block_1_50' title="bbox 183 4865 1778 4935">
    <p class='ocr_par' dir='ltr' id='par_1_50' title="bbox 183 4865 1778 4935">
     <span class='ocr_line' id='line_1_50' title="bbox 183 4865 1778 4935; baseline 0.001 -16"><span class='ocrx_word' id='word_1_400' title='bbox 183 4867 346 4920; x_wconf 87' lang='lat' dir='ltr'><strong>steris</strong></span> <span class='ocrx_word' id='word_1_401' title='bbox 380 4867 499 4921; x_wconf 88' lang='lat' dir='ltr'><strong>suis</strong></span> <span class='ocrx_word' id='word_1_402' title='bbox 525 4876 710 4921; x_wconf 80' lang='lat' dir='ltr'><strong>exacte</strong></span> <span class='ocrx_word' id='word_1_403' title='bbox 739 4865 1158 4920; x_wconf 88' lang='lat' dir='ltr'><strong>commendaret.</strong></span> <span class='ocrx_word' id='word_1_404' title='bbox 1183 4865 1352 4933; x_wconf 85' lang='lat' dir='ltr'><strong>Quam</strong></span> <span class='ocrx_word' id='word_1_405' title='bbox 1381 4865 1498 4935; x_wconf 86' lang='lat' dir='ltr'><strong>ejus</strong></span> <span class='ocrx_word' id='word_1_406' title='bbox 1531 4866 1778 4920; x_wconf 88' lang='lat' dir='ltr'><strong>virtutem</strong></span> 
     </span>
    </p>
   </div>
   <div class='ocr_carea' id='block_1_51' title="bbox 183 4947 1776 5024">
    <p class='ocr_par' dir='ltr' id='par_1_51' title="bbox 183 4947 1776 5024">
     <span class='ocr_line' id='line_1_51' title="bbox 183 4947 1776 5024; baseline 0 -16"><span class='ocrx_word' id='word_1_407' title='bbox 183 4955 502 5011; x_wconf 86' lang='lat' dir='ltr'><strong>testimonio</strong></span> <span class='ocrx_word' id='word_1_408' title='bbox 522 4971 619 5010; x_wconf 91' lang='lat' dir='ltr'><strong>suo</strong></span> <span class='ocrx_word' id='word_1_409' title='bbox 639 4955 876 5010; x_wconf 89' lang='lat' dir='ltr'><strong>declarat</strong></span> <span class='ocrx_word' id='word_1_410' title='bbox 896 4954 1032 5010; x_wconf 87' lang='lat' dir='ltr'><strong>Deus</strong></span> <span class='ocrx_word' id='word_1_411' title='bbox 1049 4955 1100 5009; x_wconf 92' lang='lat' dir='ltr'><strong>in</strong></span> <span class='ocrx_word' id='word_1_412' title='bbox 1123 4955 1236 5010; x_wconf 67' lang='lat' dir='ltr'><strong>haec</strong></span> <span class='ocrx_word' id='word_1_413' title='bbox 1257 4947 1414 5009; x_wconf 84' lang='lat' dir='ltr'><strong>verba</strong></span> <span class='ocrx_word' id='word_1_414' title='bbox 1439 4972 1452 5008; x_wconf 92' lang='lat'>:</span> <span class='ocrx_word' id='word_1_415' title='bbox 1483 4954 1606 5010; x_wconf 87' lang='lat' dir='ltr'><strong>Scio</strong></span> <span class='ocrx_word' id='word_1_416' title='bbox 1624 4957 1776 5024; x_wconf 85' lang='lat' dir='ltr'><strong>enim,</strong></span> 
     </span>
    </p>
   </div>
   <div class='ocr_carea' id='block_1_52' title="bbox 181 5048 1776 5120">
    <p class='ocr_par' dir='ltr' id='par_1_52' title="bbox 181 5048 1776 5120">
     <span class='ocr_line' id='line_1_52' title="bbox 181 5048 1776 5120; baseline 0 -18"><span class='ocrx_word' id='word_1_417' title='bbox 181 5048 304 5118; x_wconf 83' lang='lat' dir='ltr'><strong>quia</strong></span> <span class='ocrx_word' id='word_1_418' title='bbox 329 5049 606 5103; x_wconf 78' lang='lat' dir='ltr'><strong>constituet</strong></span> <span class='ocrx_word' id='word_1_419' title='bbox 633 5048 892 5103; x_wconf 78' lang='lat' dir='ltr'><strong>Abraham</strong></span> <span class='ocrx_word' id='word_1_420' title='bbox 917 5049 1039 5118; x_wconf 78' lang='lat' dir='ltr'><strong>ﬁliis</strong></span> <span class='ocrx_word' id='word_1_421' title='bbox 1065 5049 1171 5102; x_wconf 81' lang='lat' dir='ltr'><strong>suis</strong></span> <span class='ocrx_word' id='word_1_422' title='bbox 1198 5049 1402 5120; x_wconf 82' lang='lat' dir='ltr'><strong>judicia</strong></span> <span class='ocrx_word' id='word_1_423' title='bbox 1439 5058 1484 5104; x_wconf 86' lang='lat' dir='ltr'><strong>et</strong></span> <span class='ocrx_word' id='word_1_424' title='bbox 1513 5051 1776 5120; x_wconf 76' lang='lat' dir='ltr'><strong>justiﬁca-</strong></span> 
     </span>
    </p>
   </div>
   <div class='ocr_carea' id='block_1_53' title="bbox 183 5138 1776 5210">
    <p class='ocr_par' dir='ltr' id='par_1_53' title="bbox 183 5138 1776 5210">
     <span class='ocr_line' id='line_1_53' title="bbox 183 5138 1776 5210; baseline 0.003 -18"><span class='ocrx_word' id='word_1_425' title='bbox 183 5141 348 5194; x_wconf 79' lang='lat' dir='ltr'><strong>tiones</strong></span> <span class='ocrx_word' id='word_1_426' title='bbox 369 5138 528 5210; x_wconf 80' lang='lat' dir='ltr'><strong>(Gen.</strong></span> <span class='ocrx_word' id='word_1_427' title='bbox 568 5141 794 5210; x_wconf 59' lang='lat'><strong>18.19).</strong></span> <span class='ocrx_word' id='word_1_428' title='bbox 825 5139 989 5194; x_wconf 88' lang='lat' dir='ltr'><strong>David</strong></span> <span class='ocrx_word' id='word_1_429' title='bbox 1015 5156 1226 5210; x_wconf 91' lang='lat' dir='ltr'><strong>quoque</strong></span> <span class='ocrx_word' id='word_1_430' title='bbox 1246 5182 1260 5206; x_wconf 91' lang='lat'><strong>,</strong></span> <span class='ocrx_word' id='word_1_431' title='bbox 1285 5139 1412 5195; x_wconf 89' lang='lat' dir='ltr'><strong>dum</strong></span> <span class='ocrx_word' id='word_1_432' title='bbox 1439 5150 1738 5196; x_wconf 86' lang='lat' dir='ltr'><strong>moreretur</strong></span> <span class='ocrx_word' id='word_1_433' title='bbox 1759 5183 1776 5208; x_wconf 94' lang='lat'><strong>,</strong></span> 
     </span>
    </p>
   </div>
   <div class='ocr_carea' id='block_1_54' title="bbox 183 5229 1780 5300">
    <p class='ocr_par' dir='ltr' id='par_1_54' title="bbox 183 5229 1780 5300">
     <span class='ocr_line' id='line_1_54' title="bbox 183 5229 1780 5300; baseline 0.004 -18"><span class='ocrx_word' id='word_1_434' title='bbox 183 5243 399 5300; x_wconf 68' lang='lat' dir='ltr'><strong>magna:</strong></span> <span class='ocrx_word' id='word_1_435' title='bbox 419 5229 738 5299; x_wconf 80' lang='lat' dir='ltr'><strong>hereditatis</strong></span> <span class='ocrx_word' id='word_1_436' title='bbox 763 5231 882 5286; x_wconf 89' lang='lat' dir='ltr'><strong>loco</strong></span> <span class='ocrx_word' id='word_1_437' title='bbox 908 5240 1095 5285; x_wconf 88' lang='lat' dir='ltr'><strong>vocato</strong></span> <span class='ocrx_word' id='word_1_438' title='bbox 1119 5231 1230 5285; x_wconf 90' lang='lat' dir='ltr'><strong>lilio</strong></span> <span class='ocrx_word' id='word_1_439' title='bbox 1254 5247 1352 5286; x_wconf 91' lang='lat' dir='ltr'><strong>suo</strong></span> <span class='ocrx_word' id='word_1_440' title='bbox 1384 5232 1686 5298; x_wconf 88' lang='lat' dir='ltr'><strong>mandabat,</strong></span> <span class='ocrx_word' id='word_1_441' title='bbox 1716 5249 1780 5290; x_wconf 90' lang='lat' dir='ltr'><strong>ae</strong></span> 
     </span>
    </p>
   </div>
   <div class='ocr_carea' id='block_1_55' title="bbox 181 5322 1778 5396">
    <p class='ocr_par' dir='ltr' id='par_1_55' title="bbox 181 5322 1778 5396">
     <span class='ocr_line' id='line_1_55' title="bbox 181 5322 1778 5396; baseline 0.003 -21"><span class='ocrx_word' id='word_1_442' title='bbox 181 5322 514 5390; x_wconf 12' lang='lat' dir='ltr'><strong>frequentera</strong></span> <span class='ocrx_word' id='word_1_443' title='bbox 543 5323 756 5380; x_wconf 80' lang='lat' dir='ltr'><strong>dicebat</strong></span> <span class='ocrx_word' id='word_1_444' title='bbox 785 5341 804 5375; x_wconf 81' lang='lat'><strong>&#39;.</strong></span> <span class='ocrx_word' id='word_1_445' title='bbox 832 5322 888 5380; x_wconf 90' lang='lat' dir='ltr'><strong>Si</strong></span> <span class='ocrx_word' id='word_1_446' title='bbox 923 5322 1160 5378; x_wconf 89' lang='lat' dir='ltr'><strong>volueris</strong></span> <span class='ocrx_word' id='word_1_447' title='bbox 1182 5363 1200 5390; x_wconf 88' lang='lat'><strong>,</strong></span> <span class='ocrx_word' id='word_1_448' title='bbox 1247 5324 1358 5390; x_wconf 89' lang='lat' dir='ltr'><strong>ﬁli,</strong></span> <span class='ocrx_word' id='word_1_449' title='bbox 1389 5341 1454 5380; x_wconf 87' lang='lat' dir='ltr'><strong>ex</strong></span> <span class='ocrx_word' id='word_1_450' title='bbox 1484 5327 1656 5396; x_wconf 83' lang='lat' dir='ltr'><strong>legum</strong></span> <span class='ocrx_word' id='word_1_451' title='bbox 1687 5327 1778 5382; x_wconf 88' lang='lat' dir='ltr'><strong>Dei</strong></span> 
     </span>
    </p>
   </div>
   <div class='ocr_carea' id='block_1_56' title="bbox 183 5414 1778 5486">
    <p class='ocr_par' dir='ltr' id='par_1_56' title="bbox 183 5414 1778 5486">
     <span class='ocr_line' id='line_1_56' title="bbox 183 5414 1778 5486; baseline -0.001 -20"><span class='ocrx_word' id='word_1_452' title='bbox 183 5414 512 5484; x_wconf 69' lang='lat' dir='ltr'><strong>praescripto</strong></span> <span class='ocrx_word' id='word_1_453' title='bbox 537 5415 722 5470; x_wconf 89' lang='lat' dir='ltr'><strong>vivere</strong></span> <span class='ocrx_word' id='word_1_454' title='bbox 741 5457 756 5480; x_wconf 92' lang='lat'><strong>,</strong></span> <span class='ocrx_word' id='word_1_455' title='bbox 786 5414 988 5469; x_wconf 92' lang='lat' dir='ltr'><strong>nullum</strong></span> <span class='ocrx_word' id='word_1_456' title='bbox 1018 5415 1346 5482; x_wconf 89' lang='lat' dir='ltr'><strong>inopinatum</strong></span> <span class='ocrx_word' id='word_1_457' title='bbox 1375 5416 1572 5470; x_wconf 88' lang='lat' dir='ltr'><strong>malum</strong></span> <span class='ocrx_word' id='word_1_458' title='bbox 1603 5427 1652 5470; x_wconf 87' lang='lat' dir='ltr'><strong>te</strong></span> <span class='ocrx_word' id='word_1_459' title='bbox 1680 5433 1778 5486; x_wconf 85' lang='lat' dir='ltr'><strong>op-</strong></span> 
     </span>
    </p>
   </div>
   <div class='ocr_carea' id='block_1_57' title="bbox 181 5507 1777 5578">
    <p class='ocr_par' dir='ltr' id='par_1_57' title="bbox 181 5507 1777 5578">
     <span class='ocr_line' id='line_1_57' title="bbox 181 5507 1777 5578; baseline 0.001 -18"><span class='ocrx_word' id='word_1_460' title='bbox 181 5507 408 5574; x_wconf 87' lang='lat' dir='ltr'><strong>primet,</strong></span> <span class='ocrx_word' id='word_1_461' title='bbox 441 5507 538 5562; x_wconf 88' lang='lat' dir='ltr'><strong>sed</strong></span> <span class='ocrx_word' id='word_1_462' title='bbox 567 5509 748 5564; x_wconf 89' lang='lat' dir='ltr'><strong>omnia</strong></span> <span class='ocrx_word' id='word_1_463' title='bbox 774 5523 1029 5578; x_wconf 89' lang='lat' dir='ltr'><strong>prospere</strong></span> <span class='ocrx_word' id='word_1_464' title='bbox 1061 5508 1152 5562; x_wconf 88' lang='lat' dir='ltr'><strong>tibi</strong></span> <span class='ocrx_word' id='word_1_465' title='bbox 1182 5507 1492 5576; x_wconf 85' lang='lat' dir='ltr'><strong>succedent,</strong></span> <span class='ocrx_word' id='word_1_466' title='bbox 1521 5524 1584 5564; x_wconf 90' lang='lat' dir='ltr'><strong>ac</strong></span> <span class='ocrx_word' id='word_1_467' title='bbox 1615 5511 1777 5564; x_wconf 88' lang='lat' dir='ltr'><strong>multa</strong></span> 
     </span>
    </p>
   </div>
   <div class='ocr_carea' id='block_1_58' title="bbox 179 5600 1778 5670">
    <p class='ocr_par' dir='ltr' id='par_1_58' title="bbox 179 5600 1778 5670">
     <span class='ocr_line' id='line_1_58' title="bbox 179 5600 1778 5670; baseline 0.003 -18"><span class='ocrx_word' id='word_1_468' title='bbox 179 5600 482 5654; x_wconf 85' lang='lat' dir='ltr'><strong>securitate</strong></span> <span class='ocrx_word' id='word_1_469' title='bbox 507 5601 727 5670; x_wconf 85' lang='lat' dir='ltr'><strong>potieris</strong></span> <span class='ocrx_word' id='word_1_470' title='bbox 758 5617 780 5656; x_wconf 81' lang='lat'><strong>°.</strong></span> <span class='ocrx_word' id='word_1_471' title='bbox 803 5603 884 5655; x_wconf 88' lang='lat' dir='ltr'><strong>sin</strong></span> <span class='ocrx_word' id='word_1_472' title='bbox 911 5611 1086 5656; x_wconf 88' lang='lat' dir='ltr'><strong>autem</strong></span> <span class='ocrx_word' id='word_1_473' title='bbox 1113 5603 1182 5656; x_wconf 88' lang='lat' dir='ltr'><strong>ab</strong></span> <span class='ocrx_word' id='word_1_474' title='bbox 1202 5601 1294 5655; x_wconf 91' lang='lat' dir='ltr'><strong>illo</strong></span> <span class='ocrx_word' id='word_1_475' title='bbox 1317 5602 1515 5655; x_wconf 87' lang='lat' dir='ltr'><strong>auxilio</strong></span> <span class='ocrx_word' id='word_1_476' title='bbox 1541 5602 1778 5668; x_wconf 82' lang='lat' dir='ltr'><strong>excidas,</strong></span> 
     </span>
    </p>
   </div>
   <div class='ocr_carea' id='block_1_59' title="bbox 177 5689 1778 5770">
    <p class='ocr_par' dir='ltr' id='par_1_59' title="bbox 177 5689 1778 5770">
     <span class='ocr_line' id='line_1_59' title="bbox 177 5689 1778 5770; baseline 0.004 -28"><span class='ocrx_word' id='word_1_477' title='bbox 177 5689 316 5743; x_wconf 89' lang='lat' dir='ltr'><strong>nihil</strong></span> <span class='ocrx_word' id='word_1_478' title='bbox 343 5689 444 5743; x_wconf 86' lang='lat' dir='ltr'><strong>tibi</strong></span> <span class='ocrx_word' id='word_1_479' title='bbox 468 5705 690 5761; x_wconf 79' lang='lat' dir='ltr'><strong>regnum</strong></span> <span class='ocrx_word' id='word_1_480' title='bbox 715 5700 768 5746; x_wconf 92' lang='lat' dir='ltr'><strong>et</strong></span> <span class='ocrx_word' id='word_1_481' title='bbox 789 5691 949 5746; x_wconf 89' lang='lat' dir='ltr'><strong>multa</strong></span> <span class='ocrx_word' id='word_1_482' title='bbox 973 5689 1086 5770; x_wconf 75' lang='lat' dir='ltr'><strong>haec</strong></span> <span class='ocrx_word' id='word_1_483' title='bbox 1111 5691 1339 5760; x_wconf 91' lang='lat' dir='ltr'><strong>potentia</strong></span> <span class='ocrx_word' id='word_1_484' title='bbox 1367 5690 1626 5761; x_wconf 88' lang='lat' dir='ltr'><strong>proderit.</strong></span> <span class='ocrx_word' id='word_1_485' title='bbox 1653 5691 1778 5770; x_wconf 71' lang='lat' dir='ltr'><strong>llaec</strong></span> 
     </span>
    </p>
   </div>
   <div class='ocr_carea' id='block_1_60' title="bbox 174 5768 1722 5856">
    <p class='ocr_par' dir='ltr' id='par_1_60' title="bbox 174 5768 1722 5856">
     <span class='ocr_line' id='line_1_60' title="bbox 174 5768 1722 5856; baseline 0.005 -19"><span class='ocrx_word' id='word_1_486' title='bbox 174 5792 230 5838; x_wconf 83' lang='lat' dir='ltr'><strong>et</strong></span> <span class='ocrx_word' id='word_1_487' title='bbox 259 5783 390 5838; x_wconf 83' lang='lat' dir='ltr'><strong>talia</strong></span> <span class='ocrx_word' id='word_1_488' title='bbox 417 5781 654 5853; x_wconf 84' lang='lat' dir='ltr'><strong>dicebat,</strong></span> <span class='ocrx_word' id='word_1_489' title='bbox 677 5785 777 5841; x_wconf 88' lang='lat' dir='ltr'><strong>etsi</strong></span> <span class='ocrx_word' id='word_1_490' title='bbox 799 5801 902 5840; x_wconf 90' lang='lat' dir='ltr'><strong>non</strong></span> <span class='ocrx_word' id='word_1_491' title='bbox 925 5768 1040 5840; x_wconf 85' lang='lat' dir='ltr'><strong>istis</strong></span> <span class='ocrx_word' id='word_1_492' title='bbox 1060 5785 1216 5856; x_wconf 87' lang='lat' dir='ltr'><strong>plane</strong></span> <span class='ocrx_word' id='word_1_493' title='bbox 1242 5786 1437 5844; x_wconf 88' lang='lat' dir='ltr'><strong>verbis.</strong></span> <span class='ocrx_word' id='word_1_494' title='bbox 1715 5768 1722 5775; x_wconf 82' lang='grc'><em>’</em></span> 
     </span>
    </p>
   </div>
   <div class='ocr_carea' id='block_1_61' title="bbox 1431 361 2415 426">
    <p class='ocr_par' dir='ltr' id='par_1_61' title="bbox 1431 361 2415 426">
     <span class='ocr_line' id='line_1_61' title="bbox 1431 361 2415 426; baseline 0 -4"><span class='ocrx_word' id='word_1_495' title='bbox 1431 363 1496 422; x_wconf 82' lang='grc' dir='ltr'><strong>ΙΝ</strong></span> <span class='ocrx_word' id='word_1_496' title='bbox 1537 363 1760 426; x_wconf 71' lang='grc' dir='ltr'><strong>ιιιυῡ.</strong></span> <span class='ocrx_word' id='word_1_497' title='bbox 1800 361 2008 420; x_wconf 71' lang='lat' dir='ltr'><strong>&#39;i&#39;iDllA</strong></span> <span class='ocrx_word' id='word_1_498' title='bbox 2049 361 2415 422; x_wconf 74' lang='lat' dir='ltr'><strong>ELIGATUR.</strong></span> 
     </span>
    </p>
   </div>
   <div class='ocr_carea' id='block_1_62' title="bbox 3377 369 3483 429">
    <p class='ocr_par' dir='ltr' id='par_1_62' title="bbox 3377 369 3483 429">
     <span class='ocr_line' id='line_1_62' title="bbox 3377 369 3483 429; baseline 0.028 -3"><span class='ocrx_word' id='word_1_499' title='bbox 3377 369 3483 429; x_wconf 68' lang='lat'><strong>330</strong></span> 
     </span>
    </p>
   </div>
   <div class='ocr_carea' id='block_1_63' title="bbox 1973 475 3484 550">
    <p class='ocr_par' dir='ltr' id='par_1_63' title="bbox 1973 475 3484 550">
     <span class='ocr_line' id='line_1_63' title="bbox 1973 475 3484 550; baseline 0.005 -18"><span class='ocrx_word' id='word_1_500' title='bbox 1973 475 2062 532; x_wconf 82' lang='lat' dir='ltr'><strong>l0.</strong></span> <span class='ocrx_word' id='word_1_501' title='bbox 2098 475 2361 543; x_wconf 82' lang='lat' dir='ltr'><strong>Quomodo</strong></span> <span class='ocrx_word' id='word_1_502' title='bbox 2391 476 2537 548; x_wconf 83' lang='lat' dir='ltr'><strong>pueri</strong></span> <span class='ocrx_word' id='word_1_503' title='bbox 2563 476 2807 544; x_wconf 82' lang='lat' dir='ltr'><strong>docendi;</strong></span> <span class='ocrx_word' id='word_1_504' title='bbox 2833 479 3032 550; x_wconf 82' lang='lat' dir='ltr'><strong>[ructus</strong></span> <span class='ocrx_word' id='word_1_505' title='bbox 3056 479 3198 536; x_wconf 73' lang='lat' dir='ltr'><strong>bona:</strong></span> <span class='ocrx_word' id='word_1_506' title='bbox 3221 493 3310 536; x_wconf 82' lang='lat' dir='ltr'><strong>aut</strong></span> <span class='ocrx_word' id='word_1_507' title='bbox 3333 490 3484 540; x_wconf 76' lang='lat' dir='ltr'><strong>maior</strong></span> 
     </span>
    </p>
   </div>
   <div class='ocr_carea' id='block_1_64' title="bbox 1896 566 3484 642">
    <p class='ocr_par' dir='ltr' id='par_1_64' title="bbox 1896 566 3484 642">
     <span class='ocr_line' id='line_1_64' title="bbox 1896 566 3484 642; baseline 0.006 -23"><span class='ocrx_word' id='word_1_508' title='bbox 1896 566 2210 622; x_wconf 75' lang='lat' dir='ltr'><strong>educationis</strong></span> <span class='ocrx_word' id='word_1_509' title='bbox 2264 569 2582 635; x_wconf 80' lang='lat' dir='ltr'><strong>liberorum;</strong></span> <span class='ocrx_word' id='word_1_510' title='bbox 2651 569 2960 642; x_wconf 74' lang='lat' dir='ltr'><strong>negligentia-</strong></span> <span class='ocrx_word' id='word_1_511' title='bbox 3013 573 3300 641; x_wconf 77' lang='lat' dir='ltr'><strong>parentum.</strong></span> <span class='ocrx_word' id='word_1_512' title='bbox 3355 577 3484 632; x_wconf 72' lang='lat' dir='ltr'><strong>llaec</strong></span> 
     </span>
    </p>
   </div>
   <div class='ocr_carea' id='block_1_65' title="bbox 1897 661 3490 733">
    <p class='ocr_par' dir='ltr' id='par_1_65' title="bbox 1897 661 3490 733">
     <span class='ocr_line' id='line_1_65' title="bbox 1897 661 3490 733; baseline 0.006 -19"><span class='ocrx_word' id='word_1_513' title='bbox 1897 661 2054 714; x_wconf 89' lang='lat' dir='ltr'><strong>etiam</strong></span> <span class='ocrx_word' id='word_1_514' title='bbox 2085 676 2184 714; x_wconf 91' lang='lat' dir='ltr'><strong>nos</strong></span> <span class='ocrx_word' id='word_1_515' title='bbox 2214 671 2267 714; x_wconf 87' lang='lat' dir='ltr'><strong>et</strong></span> <span class='ocrx_word' id='word_1_516' title='bbox 2296 661 2428 714; x_wconf 91' lang='lat' dir='ltr'><strong>dum</strong></span> <span class='ocrx_word' id='word_1_517' title='bbox 2453 662 2711 728; x_wconf 89' lang='lat' dir='ltr'><strong>vivimus,</strong></span> <span class='ocrx_word' id='word_1_518' title='bbox 2752 671 2808 718; x_wconf 91' lang='lat' dir='ltr'><strong>et</strong></span> <span class='ocrx_word' id='word_1_519' title='bbox 2835 679 2956 718; x_wconf 92' lang='lat' dir='ltr'><strong>cum</strong></span> <span class='ocrx_word' id='word_1_520' title='bbox 2987 666 3230 720; x_wconf 87' lang='lat' dir='ltr'><strong>morituri</strong></span> <span class='ocrx_word' id='word_1_521' title='bbox 3255 683 3442 732; x_wconf 81' lang='lat' dir='ltr'><strong>sumus</strong></span> <span class='ocrx_word' id='word_1_522' title='bbox 3475 715 3490 733; x_wconf 84' lang='grc'><em>,</em></span> 
     </span>
    </p>
   </div>
   <div class='ocr_carea' id='block_1_66' title="bbox 1896 748 3477 830">
    <p class='ocr_par' dir='ltr' id='par_1_66' title="bbox 1896 748 3477 830">
     <span class='ocr_line' id='line_1_66' title="bbox 1896 748 3477 830; baseline 0.008 -26"><span class='ocrx_word' id='word_1_523' title='bbox 1896 748 2082 804; x_wconf 88' lang='lat' dir='ltr'><strong>liberis</strong></span> <span class='ocrx_word' id='word_1_524' title='bbox 2111 751 2308 808; x_wconf 86' lang='lat' dir='ltr'><strong>nostris</strong></span> <span class='ocrx_word' id='word_1_525' title='bbox 2328 751 2594 819; x_wconf 89' lang='lat' dir='ltr'><strong>dicamus,</strong></span> <span class='ocrx_word' id='word_1_526' title='bbox 2615 753 2802 824; x_wconf 87' lang='lat' dir='ltr'><strong>eisque</strong></span> <span class='ocrx_word' id='word_1_527' title='bbox 2823 756 3234 824; x_wconf 87' lang='lat' dir='ltr'><strong>persuadeamus</strong></span> <span class='ocrx_word' id='word_1_528' title='bbox 3261 775 3477 830; x_wconf 82' lang='lat' dir='ltr'><strong>magnas</strong></span> 
     </span>
    </p>
   </div>
   <div class='ocr_carea' id='block_1_67' title="bbox 1895 840 3480 922">
    <p class='ocr_par' dir='ltr' id='par_1_67' title="bbox 1895 840 3480 922">
     <span class='ocr_line' id='line_1_67' title="bbox 1895 840 3480 922; baseline 0.009 -29"><span class='ocrx_word' id='word_1_529' title='bbox 1895 853 2018 894; x_wconf 85' lang='lat' dir='ltr'><strong>esse</strong></span> <span class='ocrx_word' id='word_1_530' title='bbox 2043 840 2252 896; x_wconf 89' lang='lat' dir='ltr'><strong>divitias</strong></span> <span class='ocrx_word' id='word_1_531' title='bbox 2278 851 2334 896; x_wconf 93' lang='lat' dir='ltr'><strong>et</strong></span> <span class='ocrx_word' id='word_1_532' title='bbox 2357 842 2604 898; x_wconf 85' lang='lat' dir='ltr'><strong>stabilem</strong></span> <span class='ocrx_word' id='word_1_533' title='bbox 2632 844 2984 900; x_wconf 87' lang='lat' dir='ltr'><strong>hereditatem</strong></span> <span class='ocrx_word' id='word_1_534' title='bbox 3009 887 3028 912; x_wconf 92' lang='lat'><strong>,</strong></span> <span class='ocrx_word' id='word_1_535' title='bbox 3061 849 3480 922; x_wconf 85' lang='lat' dir='ltr'><strong>thesaurumque</strong></span> 
     </span>
    </p>
   </div>
   <div class='ocr_carea' id='block_1_68' title="bbox 1896 932 3482 1006">
    <p class='ocr_par' dir='ltr' id='par_1_68' title="bbox 1896 932 3482 1006">
     <span class='ocr_line' id='line_1_68' title="bbox 1896 932 3482 1006; baseline 0.01 -21"><span class='ocrx_word' id='word_1_536' title='bbox 1896 932 2060 986; x_wconf 90' lang='lat' dir='ltr'><strong>nullis</strong></span> <span class='ocrx_word' id='word_1_537' title='bbox 2081 932 2376 988; x_wconf 82' lang='lat' dir='ltr'><strong>obnoxium</strong></span> <span class='ocrx_word' id='word_1_538' title='bbox 2403 934 2614 990; x_wconf 91' lang='lat' dir='ltr'><strong>damnis</strong></span> <span class='ocrx_word' id='word_1_539' title='bbox 2639 937 2886 993; x_wconf 86' lang='lat' dir='ltr'><strong>timorem</strong></span> <span class='ocrx_word' id='word_1_540' title='bbox 2917 940 3046 1006; x_wconf 87' lang='lat' dir='ltr'><strong>Dei;</strong></span> <span class='ocrx_word' id='word_1_541' title='bbox 3078 957 3143 998; x_wconf 89' lang='lat' dir='ltr'><strong>ac</strong></span> <span class='ocrx_word' id='word_1_542' title='bbox 3170 944 3482 1001; x_wconf 89' lang='lat' dir='ltr'><strong>studeamus</strong></span> 
     </span>
    </p>
   </div>
   <div class='ocr_carea' id='block_1_69' title="bbox 1896 1024 3478 1104">
    <p class='ocr_par' dir='ltr' id='par_1_69' title="bbox 1896 1024 3478 1104">
     <span class='ocr_line' id='line_1_69' title="bbox 1896 1024 3478 1104; baseline 0.006 -24"><span class='ocrx_word' id='word_1_543' title='bbox 1896 1024 2002 1080; x_wconf 92' lang='lat' dir='ltr'><strong>illis</strong></span> <span class='ocrx_word' id='word_1_544' title='bbox 2023 1040 2126 1079; x_wconf 90' lang='lat' dir='ltr'><strong>non</strong></span> <span class='ocrx_word' id='word_1_545' title='bbox 2157 1026 2410 1095; x_wconf 83' lang='lat' dir='ltr'><strong>pecunias</strong></span> <span class='ocrx_word' id='word_1_546' title='bbox 2433 1042 2554 1096; x_wconf 61' lang='lat' dir='ltr'><strong>quae</strong></span> <span class='ocrx_word' id='word_1_547' title='bbox 2578 1037 2804 1098; x_wconf 81' lang='lat' dir='ltr'><strong>pereunt</strong></span> <span class='ocrx_word' id='word_1_548' title='bbox 2827 1030 3130 1101; x_wconf 84' lang='lat' dir='ltr'><strong>relinquere</strong></span> <span class='ocrx_word' id='word_1_549' title='bbox 3145 1073 3162 1098; x_wconf 88' lang='lat'><strong>,</strong></span> <span class='ocrx_word' id='word_1_550' title='bbox 3185 1035 3280 1090; x_wconf 90' lang='lat' dir='ltr'><strong>sed</strong></span> <span class='ocrx_word' id='word_1_551' title='bbox 3307 1038 3478 1104; x_wconf 78' lang='lat' dir='ltr'><strong>pieta~</strong></span> 
     </span>
    </p>
   </div>
   <div class='ocr_carea' id='block_1_70' title="bbox 1897 1122 3476 1190">
    <p class='ocr_par' dir='ltr' id='par_1_70' title="bbox 1897 1122 3476 1190">
     <span class='ocr_line' id='line_1_70' title="bbox 1897 1122 3476 1190; baseline 0.009 -20"><span class='ocrx_word' id='word_1_552' title='bbox 1897 1124 2004 1172; x_wconf 87' lang='lat' dir='ltr'><strong>tem</strong></span> <span class='ocrx_word' id='word_1_553' title='bbox 2025 1132 2144 1187; x_wconf 75' lang='lat' dir='ltr'><strong>qua:</strong></span> <span class='ocrx_word' id='word_1_554' title='bbox 2175 1126 2474 1187; x_wconf 86' lang='lat' dir='ltr'><strong>permanet,</strong></span> <span class='ocrx_word' id='word_1_555' title='bbox 2503 1133 2604 1174; x_wconf 90' lang='lat' dir='ltr'><strong>nec</strong></span> <span class='ocrx_word' id='word_1_556' title='bbox 2625 1135 2874 1190; x_wconf 90' lang='lat' dir='ltr'><strong>umquam</strong></span> <span class='ocrx_word' id='word_1_557' title='bbox 2897 1122 3212 1180; x_wconf 86' lang='lat' dir='ltr'><strong>absumitur.</strong></span> <span class='ocrx_word' id='word_1_558' title='bbox 3246 1127 3302 1182; x_wconf 92' lang='lat' dir='ltr'><strong>Si</strong></span> <span class='ocrx_word' id='word_1_559' title='bbox 3330 1130 3476 1186; x_wconf 86' lang='lat' dir='ltr'><strong>enim</strong></span> 
     </span>
    </p>
   </div>
   <div class='ocr_carea' id='block_1_71' title="bbox 1895 1207 3480 1289">
    <p class='ocr_par' dir='ltr' id='par_1_71' title="bbox 1895 1207 3480 1289">
     <span class='ocr_line' id='line_1_71' title="bbox 1895 1207 3480 1289; baseline 0.008 -26"><span class='ocrx_word' id='word_1_560' title='bbox 1895 1207 2064 1277; x_wconf 87' lang='lat' dir='ltr'><strong>pietas</strong></span> <span class='ocrx_word' id='word_1_561' title='bbox 2089 1223 2195 1262; x_wconf 88' lang='lat' dir='ltr'><strong>non</strong></span> <span class='ocrx_word' id='word_1_562' title='bbox 2239 1207 2416 1274; x_wconf 88' lang='lat' dir='ltr'><strong>adsit,</strong></span> <span class='ocrx_word' id='word_1_563' title='bbox 2460 1218 2685 1278; x_wconf 89' lang='lat' dir='ltr'><strong>pereunt</strong></span> <span class='ocrx_word' id='word_1_564' title='bbox 2727 1213 2963 1280; x_wconf 67' lang='lat' dir='ltr'><strong>pecunire</strong></span> <span class='ocrx_word' id='word_1_565' title='bbox 3001 1229 3122 1283; x_wconf 72' lang='lat' dir='ltr'><strong>quae</strong></span> <span class='ocrx_word' id='word_1_566' title='bbox 3147 1227 3480 1289; x_wconf 85' lang='lat' dir='ltr'><strong>suppetunt,</strong></span> 
     </span>
    </p>
   </div>
   <div class='ocr_carea' id='block_1_72' title="bbox 1895 1297 3476 1378">
    <p class='ocr_par' dir='ltr' id='par_1_72' title="bbox 1895 1297 3476 1378">
     <span class='ocr_line' id='line_1_72' title="bbox 1895 1297 3476 1378; baseline 0.011 -28"><span class='ocrx_word' id='word_1_567' title='bbox 1895 1311 2018 1351; x_wconf 91' lang='lat' dir='ltr'><strong>cum</strong></span> <span class='ocrx_word' id='word_1_568' title='bbox 2045 1297 2288 1367; x_wconf 85' lang='lat' dir='ltr'><strong>periculo</strong></span> <span class='ocrx_word' id='word_1_569' title='bbox 2311 1307 2366 1354; x_wconf 91' lang='lat' dir='ltr'><strong>et</strong></span> <span class='ocrx_word' id='word_1_570' title='bbox 2391 1299 2678 1369; x_wconf 85' lang='lat' dir='ltr'><strong>ignominia</strong></span> <span class='ocrx_word' id='word_1_571' title='bbox 2699 1315 2906 1356; x_wconf 90' lang='lat' dir='ltr'><strong>summa</strong></span> <span class='ocrx_word' id='word_1_572' title='bbox 2938 1322 2950 1356; x_wconf 90' lang='lat'>:</span> <span class='ocrx_word' id='word_1_573' title='bbox 2985 1321 3045 1359; x_wconf 89' lang='lat' dir='ltr'><strong>ea</strong></span> <span class='ocrx_word' id='word_1_574' title='bbox 3074 1322 3202 1362; x_wconf 80' lang='lat' dir='ltr'><strong>vero</strong></span> <span class='ocrx_word' id='word_1_575' title='bbox 3225 1310 3272 1364; x_wconf 91' lang='lat' dir='ltr'><strong>si</strong></span> <span class='ocrx_word' id='word_1_576' title='bbox 3295 1310 3438 1366; x_wconf 89' lang='lat' dir='ltr'><strong>adsit</strong></span> <span class='ocrx_word' id='word_1_577' title='bbox 3459 1351 3476 1378; x_wconf 86' lang='lat'><strong>,</strong></span> 
     </span>
    </p>
   </div>
   <div class='ocr_carea' id='block_1_73' title="bbox 1893 1390 3478 1466">
    <p class='ocr_par' dir='ltr' id='par_1_73' title="bbox 1893 1390 3478 1466">
     <span class='ocr_line' id='line_1_73' title="bbox 1893 1390 3478 1466; baseline 0.009 -22"><span class='ocrx_word' id='word_1_578' title='bbox 1893 1390 2054 1444; x_wconf 86' lang='lat' dir='ltr'><strong>etiam</strong></span> <span class='ocrx_word' id='word_1_579' title='bbox 2085 1406 2148 1445; x_wconf 91' lang='lat' dir='ltr'><strong>ea</strong></span> <span class='ocrx_word' id='word_1_580' title='bbox 2177 1407 2296 1462; x_wconf 74' lang='lat' dir='ltr'><strong>qua:</strong></span> <span class='ocrx_word' id='word_1_581' title='bbox 2322 1407 2429 1446; x_wconf 89' lang='lat' dir='ltr'><strong>non</strong></span> <span class='ocrx_word' id='word_1_582' title='bbox 2457 1401 2745 1462; x_wconf 88' lang='lat' dir='ltr'><strong>suppetunt</strong></span> <span class='ocrx_word' id='word_1_583' title='bbox 2766 1433 2780 1457; x_wconf 90' lang='lat'><strong>,</strong></span> <span class='ocrx_word' id='word_1_584' title='bbox 2823 1397 3190 1466; x_wconf 82' lang='lat' dir='ltr'><strong>acquiruntur.</strong></span> <span class='ocrx_word' id='word_1_585' title='bbox 3231 1401 3286 1458; x_wconf 89' lang='lat' dir='ltr'><strong>Si</strong></span> <span class='ocrx_word' id='word_1_586' title='bbox 3325 1413 3383 1460; x_wconf 84' lang='lat' dir='ltr'><strong>tu</strong></span> <span class='ocrx_word' id='word_1_587' title='bbox 3413 1405 3478 1458; x_wconf 76' lang='lat' dir='ltr'><strong>ﬁ-</strong></span> 
     </span>
    </p>
   </div>
   <div class='ocr_carea' id='block_1_74' title="bbox 1893 1482 3476 1558">
    <p class='ocr_par' dir='ltr' id='par_1_74' title="bbox 1893 1482 3476 1558">
     <span class='ocr_line' id='line_1_74' title="bbox 1893 1482 3476 1558; baseline 0.009 -21"><span class='ocrx_word' id='word_1_588' title='bbox 1893 1482 2021 1538; x_wconf 90' lang='lat' dir='ltr'><strong>lium</strong></span> <span class='ocrx_word' id='word_1_589' title='bbox 2050 1494 2198 1537; x_wconf 88' lang='lat' dir='ltr'><strong>tuum</strong></span> <span class='ocrx_word' id='word_1_590' title='bbox 2225 1493 2369 1540; x_wconf 86' lang='lat' dir='ltr'><strong>recte</strong></span> <span class='ocrx_word' id='word_1_591' title='bbox 2392 1483 2704 1539; x_wconf 85' lang='lat' dir='ltr'><strong>educaveris</strong></span> <span class='ocrx_word' id='word_1_592' title='bbox 2727 1526 2746 1550; x_wconf 94' lang='lat'><strong>,</strong></span> <span class='ocrx_word' id='word_1_593' title='bbox 2775 1487 2845 1540; x_wconf 89' lang='lat' dir='ltr'><strong>ita</strong></span> <span class='ocrx_word' id='word_1_594' title='bbox 2873 1504 3026 1544; x_wconf 91' lang='lat' dir='ltr'><strong>suum</strong></span> <span class='ocrx_word' id='word_1_595' title='bbox 3057 1491 3222 1548; x_wconf 88' lang='lat' dir='ltr'><strong>lilium</strong></span> <span class='ocrx_word' id='word_1_596' title='bbox 3255 1493 3343 1550; x_wconf 89' lang='lat' dir='ltr'><strong>ille</strong></span> <span class='ocrx_word' id='word_1_597' title='bbox 3361 1535 3378 1558; x_wconf 93' lang='lat'><strong>,</strong></span> <span class='ocrx_word' id='word_1_598' title='bbox 3419 1506 3476 1551; x_wconf 85' lang='lat' dir='ltr'><strong>et</strong></span> 
     </span>
    </p>
   </div>
   <div class='ocr_carea' id='block_1_75' title="bbox 1891 1574 3476 1654">
    <p class='ocr_par' dir='ltr' id='par_1_75' title="bbox 1891 1574 3476 1654">
     <span class='ocr_line' id='line_1_75' title="bbox 1891 1574 3476 1654; baseline 0.009 -26"><span class='ocrx_word' id='word_1_599' title='bbox 1891 1574 2027 1628; x_wconf 89' lang='lat' dir='ltr'><strong>alter</strong></span> <span class='ocrx_word' id='word_1_600' title='bbox 2047 1589 2199 1628; x_wconf 88' lang='lat' dir='ltr'><strong>suum</strong></span> <span class='ocrx_word' id='word_1_601' title='bbox 2225 1591 2240 1639; x_wconf 91' lang='lat'><strong>;</strong></span> <span class='ocrx_word' id='word_1_602' title='bbox 2261 1589 2324 1630; x_wconf 89' lang='lat' dir='ltr'><strong>ac</strong></span> <span class='ocrx_word' id='word_1_603' title='bbox 2343 1574 2506 1630; x_wconf 90' lang='lat' dir='ltr'><strong>veluti</strong></span> <span class='ocrx_word' id='word_1_604' title='bbox 2524 1585 2712 1630; x_wconf 87' lang='lat' dir='ltr'><strong>eatena</strong></span> <span class='ocrx_word' id='word_1_605' title='bbox 2731 1577 2974 1646; x_wconf 65' lang='lat' dir='ltr'><strong>quaedam</strong></span> <span class='ocrx_word' id='word_1_606' title='bbox 2996 1591 3048 1634; x_wconf 89' lang='lat' dir='ltr'><strong>et</strong></span> <span class='ocrx_word' id='word_1_607' title='bbox 3069 1582 3236 1638; x_wconf 88' lang='lat' dir='ltr'><strong>series</strong></span> <span class='ocrx_word' id='word_1_608' title='bbox 3259 1587 3476 1654; x_wconf 75' lang='lat' dir='ltr'><strong>optima:</strong></span> 
     </span>
    </p>
   </div>
   <div class='ocr_carea' id='block_1_76' title="bbox 1889 1664 3478 1738">
    <p class='ocr_par' dir='ltr' id='par_1_76' title="bbox 1889 1664 3478 1738">
     <span class='ocr_line' id='line_1_76' title="bbox 1889 1664 3478 1738; baseline 0.006 -18"><span class='ocrx_word' id='word_1_609' title='bbox 1889 1665 2312 1720; x_wconf 86' lang='lat' dir='ltr'><strong>conversationis</strong></span> <span class='ocrx_word' id='word_1_610' title='bbox 2337 1664 2402 1720; x_wconf 87' lang='lat' dir='ltr'><strong>ad</strong></span> <span class='ocrx_word' id='word_1_611' title='bbox 2432 1679 2620 1720; x_wconf 90' lang='lat' dir='ltr'><strong>omnes</strong></span> <span class='ocrx_word' id='word_1_612' title='bbox 2646 1683 2814 1737; x_wconf 89' lang='lat' dir='ltr'><strong>usque</strong></span> <span class='ocrx_word' id='word_1_613' title='bbox 2843 1670 3140 1738; x_wconf 88' lang='lat' dir='ltr'><strong>perveniet,</strong></span> <span class='ocrx_word' id='word_1_614' title='bbox 3171 1689 3200 1726; x_wconf 88' lang='lat' dir='ltr'><strong>a</strong></span> <span class='ocrx_word' id='word_1_615' title='bbox 3234 1683 3286 1730; x_wconf 88' lang='lat' dir='ltr'><strong>te</strong></span> <span class='ocrx_word' id='word_1_616' title='bbox 3313 1675 3478 1732; x_wconf 86' lang='lat' dir='ltr'><strong>ducto</strong></span> 
     </span>
    </p>
   </div>
   <div class='ocr_carea' id='block_1_77' title="bbox 1890 1745 3476 1828">
    <p class='ocr_par' dir='ltr' id='par_1_77' title="bbox 1890 1745 3476 1828">
     <span class='ocr_line' id='line_1_77' title="bbox 1890 1745 3476 1828; baseline 0.006 -18"><span class='ocrx_word' id='word_1_617' title='bbox 1890 1755 2044 1810; x_wconf 89' lang='lat' dir='ltr'><strong>initio</strong></span> <span class='ocrx_word' id='word_1_618' title='bbox 2069 1763 2124 1810; x_wconf 92' lang='lat' dir='ltr'><strong>et</strong></span> <span class='ocrx_word' id='word_1_619' title='bbox 2147 1754 2358 1820; x_wconf 88' lang='lat' dir='ltr'><strong>radice,</strong></span> <span class='ocrx_word' id='word_1_620' title='bbox 2381 1755 2522 1810; x_wconf 90' lang='lat' dir='ltr'><strong>unde</strong></span> <span class='ocrx_word' id='word_1_621' title='bbox 2551 1755 2646 1811; x_wconf 88' lang='lat' dir='ltr'><strong>tibi</strong></span> <span class='ocrx_word' id='word_1_622' title='bbox 2681 1757 2750 1812; x_wconf 92' lang='lat' dir='ltr'><strong>ob</strong></span> <span class='ocrx_word' id='word_1_623' title='bbox 2777 1769 3078 1828; x_wconf 90' lang='lat' dir='ltr'><strong>susceptam</strong></span> <span class='ocrx_word' id='word_1_624' title='bbox 3121 1761 3352 1818; x_wconf 89' lang='lat' dir='ltr'><strong>liliorum</strong></span> <span class='ocrx_word' id='word_1_625' title='bbox 3376 1745 3476 1820; x_wconf 81' lang='lat' dir='ltr'><strong>eu-</strong></span> 
     </span>
    </p>
   </div>
   <div class='ocr_carea' id='block_1_78' title="bbox 1889 1845 3468 1916">
    <p class='ocr_par' dir='ltr' id='par_1_78' title="bbox 1889 1845 3468 1916">
     <span class='ocr_line' id='line_1_78' title="bbox 1889 1845 3468 1916; baseline 0.006 -16"><span class='ocrx_word' id='word_1_626' title='bbox 1889 1858 2004 1900; x_wconf 82' lang='lat' dir='ltr'><strong>ram</strong></span> <span class='ocrx_word' id='word_1_627' title='bbox 2030 1845 2237 1900; x_wconf 86' lang='lat' dir='ltr'><strong>fructus</strong></span> <span class='ocrx_word' id='word_1_628' title='bbox 2266 1855 2571 1900; x_wconf 88' lang='lat' dir='ltr'><strong>nascentur.</strong></span> <span class='ocrx_word' id='word_1_629' title='bbox 2600 1845 2656 1900; x_wconf 93' lang='lat' dir='ltr'><strong>Si</strong></span> <span class='ocrx_word' id='word_1_630' title='bbox 2687 1859 2936 1916; x_wconf 90' lang='lat' dir='ltr'><strong>parentes</strong></span> <span class='ocrx_word' id='word_1_631' title='bbox 2967 1849 3162 1904; x_wconf 87' lang='lat' dir='ltr'><strong>liberos</strong></span> <span class='ocrx_word' id='word_1_632' title='bbox 3187 1866 3312 1908; x_wconf 90' lang='lat' dir='ltr'><strong>suos</strong></span> <span class='ocrx_word' id='word_1_633' title='bbox 3341 1853 3468 1910; x_wconf 92' lang='lat' dir='ltr'><strong>dili-</strong></span> 
     </span>
    </p>
   </div>
   <div class='ocr_carea' id='block_1_79' title="bbox 1887 1939 3474 2016">
    <p class='ocr_par' dir='ltr' id='par_1_79' title="bbox 1887 1939 3474 2016">
     <span class='ocr_line' id='line_1_79' title="bbox 1887 1939 3474 2016; baseline 0.006 -24"><span class='ocrx_word' id='word_1_634' title='bbox 1887 1947 2066 2008; x_wconf 81' lang='lat' dir='ltr'><strong>genter</strong></span> <span class='ocrx_word' id='word_1_635' title='bbox 2093 1939 2368 1993; x_wconf 90' lang='lat' dir='ltr'><strong>erudirent</strong></span> <span class='ocrx_word' id='word_1_636' title='bbox 2389 1973 2413 2004; x_wconf 92' lang='lat'><strong>,-</strong></span> <span class='ocrx_word' id='word_1_637' title='bbox 2447 1954 2554 1992; x_wconf 90' lang='lat' dir='ltr'><strong>non</strong></span> <span class='ocrx_word' id='word_1_638' title='bbox 2595 1939 2830 2010; x_wconf 83' lang='lat' dir='ltr'><strong>legibus,</strong></span> <span class='ocrx_word' id='word_1_639' title='bbox 2859 1956 2966 1996; x_wconf 89' lang='lat' dir='ltr'><strong>non</strong></span> <span class='ocrx_word' id='word_1_640' title='bbox 2988 1942 3202 2009; x_wconf 88' lang='lat' dir='ltr'><strong>judiciis</strong></span> <span class='ocrx_word' id='word_1_641' title='bbox 3229 1960 3364 2016; x_wconf 85' lang='lat' dir='ltr'><strong>cpus</strong></span> <span class='ocrx_word' id='word_1_642' title='bbox 3389 1946 3474 2001; x_wconf 90' lang='lat' dir='ltr'><strong>fo-</strong></span> 
     </span>
    </p>
   </div>
   <div class='ocr_carea' id='block_1_80' title="bbox 1887 2030 3471 2107">
    <p class='ocr_par' dir='ltr' id='par_1_80' title="bbox 1887 2030 3471 2107">
     <span class='ocr_line' id='line_1_80' title="bbox 1887 2030 3471 2107; baseline 0.008 -23"><span class='ocrx_word' id='word_1_643' title='bbox 1887 2038 2009 2096; x_wconf 86' lang='lat' dir='ltr'><strong>ret,</strong></span> <span class='ocrx_word' id='word_1_644' title='bbox 2039 2046 2143 2084; x_wconf 91' lang='lat' dir='ltr'><strong>non</strong></span> <span class='ocrx_word' id='word_1_645' title='bbox 2176 2030 2350 2100; x_wconf 70' lang='lat' dir='ltr'><strong>prunis</strong></span> <span class='ocrx_word' id='word_1_646' title='bbox 2391 2045 2454 2086; x_wconf 91' lang='lat' dir='ltr'><strong>ac</strong></span> <span class='ocrx_word' id='word_1_647' title='bbox 2492 2032 2794 2100; x_wconf 86' lang='lat' dir='ltr'><strong>suppliciis,</strong></span> <span class='ocrx_word' id='word_1_648' title='bbox 2826 2043 2880 2088; x_wconf 90' lang='lat' dir='ltr'><strong>et</strong></span> <span class='ocrx_word' id='word_1_649' title='bbox 2921 2034 3158 2090; x_wconf 73' lang='lat' dir='ltr'><strong>caedibus</strong></span> <span class='ocrx_word' id='word_1_650' title='bbox 3203 2039 3423 2107; x_wconf 84' lang='lat' dir='ltr'><strong>publicis</strong></span> <span class='ocrx_word' id='word_1_651' title='bbox 3456 2059 3471 2096; x_wconf 91' lang='lat'><strong>:</strong></span> 
     </span>
    </p>
   </div>
   <div class='ocr_carea' id='block_1_81' title="bbox 1886 2120 3471 2200">
    <p class='ocr_par' dir='ltr' id='par_1_81' title="bbox 1886 2120 3471 2200">
     <span class='ocr_line' id='line_1_81' title="bbox 1886 2120 3471 2200; baseline 0.005 -24"><span class='ocrx_word' id='word_1_652' title='bbox 1886 2120 2148 2191; x_wconf 88' lang='lat' dir='ltr'><strong>siquidem</strong></span> <span class='ocrx_word' id='word_1_653' title='bbox 2174 2120 2344 2188; x_wconf 75' lang='lat' dir='ltr'><strong>Iusto,</strong></span> <span class='ocrx_word' id='word_1_654' title='bbox 2375 2122 2546 2190; x_wconf 86' lang='lat' dir='ltr'><strong>inquit</strong></span> <span class='ocrx_word' id='word_1_655' title='bbox 2571 2122 2683 2187; x_wconf 89' lang='lat' dir='ltr'><strong>ille,</strong></span> <span class='ocrx_word' id='word_1_656' title='bbox 2715 2123 2799 2178; x_wconf 74' lang='lat' dir='ltr'><strong>lex</strong></span> <span class='ocrx_word' id='word_1_657' title='bbox 2822 2140 2921 2178; x_wconf 88' lang='lat' dir='ltr'><strong>non</strong></span> <span class='ocrx_word' id='word_1_658' title='bbox 2947 2135 3017 2178; x_wconf 83' lang='lat' dir='ltr'><strong>est</strong></span> <span class='ocrx_word' id='word_1_659' title='bbox 3044 2129 3207 2196; x_wconf 82' lang='lat' dir='ltr'><strong>posita</strong></span> <span class='ocrx_word' id='word_1_660' title='bbox 3232 2129 3308 2200; x_wconf 91' lang='lat' dir='ltr'><strong>(l.</strong></span> <span class='ocrx_word' id='word_1_661' title='bbox 3338 2129 3471 2184; x_wconf 85' lang='lat' dir='ltr'><strong>Tim.</strong></span> 
     </span>
    </p>
   </div>
   <div class='ocr_carea' id='block_1_82' title="bbox 1889 2213 3472 2292">
    <p class='ocr_par' dir='ltr' id='par_1_82' title="bbox 1889 2213 3472 2292">
     <span class='ocr_line' id='line_1_82' title="bbox 1889 2213 3472 2292; baseline 0.007 -24"><span class='ocrx_word' id='word_1_662' title='bbox 1889 2214 1942 2268; x_wconf 88' lang='grc'><strong>1.</strong></span> <span class='ocrx_word' id='word_1_663' title='bbox 1969 2214 2060 2285; x_wconf 87' lang='lat'><strong>9).</strong></span> <span class='ocrx_word' id='word_1_664' title='bbox 2106 2213 2369 2282; x_wconf 81' lang='lat' dir='ltr'><strong>Quoniam</strong></span> <span class='ocrx_word' id='word_1_665' title='bbox 2399 2223 2574 2270; x_wconf 89' lang='lat' dir='ltr'><strong>autem</strong></span> <span class='ocrx_word' id='word_1_666' title='bbox 2614 2216 2825 2270; x_wconf 91' lang='lat' dir='ltr'><strong>illorum</strong></span> <span class='ocrx_word' id='word_1_667' title='bbox 2857 2233 3038 2272; x_wconf 87' lang='lat' dir='ltr'><strong>curam</strong></span> <span class='ocrx_word' id='word_1_668' title='bbox 3069 2237 3174 2276; x_wconf 86' lang='lat' dir='ltr'><strong>non</strong></span> <span class='ocrx_word' id='word_1_669' title='bbox 3201 2223 3472 2292; x_wconf 85' lang='lat' dir='ltr'><strong>gerimus,</strong></span> 
     </span>
    </p>
   </div>
   <div class='ocr_carea' id='block_1_83' title="bbox 1894 2303 3467 2376">
    <p class='ocr_par' dir='ltr' id='par_1_83' title="bbox 1894 2303 3467 2376">
     <span class='ocr_line' id='line_1_83' title="bbox 1894 2303 3467 2376; baseline 0.005 -17"><span class='ocrx_word' id='word_1_670' title='bbox 1894 2304 2097 2362; x_wconf 88' lang='lat' dir='ltr'><strong>idcirco</strong></span> <span class='ocrx_word' id='word_1_671' title='bbox 2120 2303 2412 2374; x_wconf 81' lang='lat' dir='ltr'><strong>majoribus</strong></span> <span class='ocrx_word' id='word_1_672' title='bbox 2451 2306 2573 2361; x_wconf 87' lang='lat' dir='ltr'><strong>illos</strong></span> <span class='ocrx_word' id='word_1_673' title='bbox 2603 2307 2758 2362; x_wconf 90' lang='lat' dir='ltr'><strong>malis</strong></span> <span class='ocrx_word' id='word_1_674' title='bbox 2793 2309 3110 2366; x_wconf 86' lang='lat' dir='ltr'><strong>involvimus</strong></span> <span class='ocrx_word' id='word_1_675' title='bbox 3129 2353 3146 2376; x_wconf 94' lang='lat'><strong>,</strong></span> <span class='ocrx_word' id='word_1_676' title='bbox 3173 2321 3225 2367; x_wconf 91' lang='lat' dir='ltr'><strong>ct</strong></span> <span class='ocrx_word' id='word_1_677' title='bbox 3252 2315 3467 2370; x_wconf 77' lang='lat' dir='ltr'><strong>carniﬁ-</strong></span> 
     </span>
    </p>
   </div>
   <div class='ocr_carea' id='block_1_84' title="bbox 1884 2385 3469 2470">
    <p class='ocr_par' dir='ltr' id='par_1_84' title="bbox 1884 2385 3469 2470">
     <span class='ocr_line' id='line_1_84' title="bbox 1884 2385 3469 2470; baseline 0.008 -21"><span class='ocrx_word' id='word_1_678' title='bbox 1884 2409 2008 2450; x_wconf 90' lang='lat' dir='ltr'><strong>cum</strong></span> <span class='ocrx_word' id='word_1_679' title='bbox 2037 2395 2154 2450; x_wconf 90' lang='lat' dir='ltr'><strong>illos</strong></span> <span class='ocrx_word' id='word_1_680' title='bbox 2184 2397 2429 2451; x_wconf 88' lang='lat' dir='ltr'><strong>manibus</strong></span> <span class='ocrx_word' id='word_1_681' title='bbox 2472 2385 2756 2464; x_wconf 60' lang='lat' dir='ltr'><strong>dedimus,</strong></span> <span class='ocrx_word' id='word_1_682' title='bbox 2795 2407 2954 2470; x_wconf 89' lang='lat' dir='ltr'><strong>atque</strong></span> <span class='ocrx_word' id='word_1_683' title='bbox 2983 2401 3035 2455; x_wconf 91' lang='lat' dir='ltr'><strong>in</strong></span> <span class='ocrx_word' id='word_1_684' title='bbox 3067 2402 3315 2460; x_wconf 85' lang='lat' dir='ltr'><strong>baratbra</strong></span> <span class='ocrx_word' id='word_1_685' title='bbox 3359 2407 3469 2461; x_wconf 89' lang='lat' dir='ltr'><strong>fre-</strong></span> 
     </span>
    </p>
   </div>
   <div class='ocr_carea' id='block_1_85' title="bbox 1884 2489 3472 2566">
    <p class='ocr_par' dir='ltr' id='par_1_85' title="bbox 1884 2489 3472 2566">
     <span class='ocr_line' id='line_1_85' title="bbox 1884 2489 3472 2566; baseline 0.006 -24"><span class='ocrx_word' id='word_1_686' title='bbox 1884 2499 2112 2559; x_wconf 89' lang='lat' dir='ltr'><strong>quenter</strong></span> <span class='ocrx_word' id='word_1_687' title='bbox 2139 2489 2480 2558; x_wconf 89' lang='lat' dir='ltr'><strong>impellimus.</strong></span> <span class='ocrx_word' id='word_1_688' title='bbox 2508 2489 2606 2554; x_wconf 78' lang='lat' dir='ltr'><strong>Qui</strong></span> <span class='ocrx_word' id='word_1_689' title='bbox 2625 2491 2754 2543; x_wconf 84' lang='lat' dir='ltr'><strong>enim</strong></span> <span class='ocrx_word' id='word_1_690' title='bbox 2778 2493 3041 2562; x_wconf 77' lang='lat' dir='ltr'><strong>refrigerat</strong></span> <span class='ocrx_word' id='word_1_691' title='bbox 3065 2494 3248 2561; x_wconf 79' lang='lat' dir='ltr'><strong>ﬁlium,</strong></span> <span class='ocrx_word' id='word_1_692' title='bbox 3275 2496 3472 2566; x_wconf 86' lang='lat' dir='ltr'><strong>inquit,</strong></span> 
     </span>
    </p>
   </div>
   <div class='ocr_carea' id='block_1_86' title="bbox 1887 2577 3468 2652">
    <p class='ocr_par' dir='ltr' id='par_1_86' title="bbox 1887 2577 3468 2652">
     <span class='ocr_line' id='line_1_86' title="bbox 1887 2577 3468 2652; baseline 0.005 -20"><span class='ocrx_word' id='word_1_693' title='bbox 1887 2577 2144 2649; x_wconf 83' lang='lat' dir='ltr'><strong>colligabit</strong></span> <span class='ocrx_word' id='word_1_694' title='bbox 2167 2582 2374 2642; x_wconf 77' lang='lat' dir='ltr'><strong>uulnera</strong></span> <span class='ocrx_word' id='word_1_695' title='bbox 2403 2581 2512 2650; x_wconf 72' lang='lat' dir='ltr'><strong>ejus</strong></span> <span class='ocrx_word' id='word_1_696' title='bbox 2539 2579 2727 2646; x_wconf 72' lang='lat' dir='ltr'><strong>(Et-cli.</strong></span> <span class='ocrx_word' id='word_1_697' title='bbox 2753 2582 2840 2636; x_wconf 79' lang='lat'><strong>50.</strong></span> <span class='ocrx_word' id='word_1_698' title='bbox 2874 2585 2950 2650; x_wconf 83' lang='lat'><strong>7).</strong></span> <span class='ocrx_word' id='word_1_699' title='bbox 2982 2583 3118 2649; x_wconf 83' lang='lat' dir='ltr'><strong>Quid</strong></span> <span class='ocrx_word' id='word_1_700' title='bbox 3148 2594 3230 2639; x_wconf 85' lang='lat' dir='ltr'><strong>est</strong></span> <span class='ocrx_word' id='word_1_701' title='bbox 3256 2585 3354 2652; x_wconf 81' lang='lat' dir='ltr'><strong>Qui</strong></span> <span class='ocrx_word' id='word_1_702' title='bbox 3383 2605 3468 2640; x_wconf 80' lang='lat' dir='ltr'><strong>re-</strong></span> 
     </span>
    </p>
   </div>
   <div class='ocr_carea' id='block_1_87' title="bbox 1885 2667 3476 2744">
    <p class='ocr_par' dir='ltr' id='par_1_87' title="bbox 1885 2667 3476 2744">
     <span class='ocr_line' id='line_1_87' title="bbox 1885 2667 3476 2744; baseline 0.005 -22"><span class='ocrx_word' id='word_1_703' title='bbox 1885 2669 2137 2740; x_wconf 80' lang='lat' dir='ltr'><strong>frigerat?</strong></span> <span class='ocrx_word' id='word_1_704' title='bbox 2165 2667 2266 2735; x_wconf 84' lang='lat' dir='ltr'><strong>Qui</strong></span> <span class='ocrx_word' id='word_1_705' title='bbox 2293 2669 2614 2736; x_wconf 88' lang='lat' dir='ltr'><strong>miseretur,</strong></span> <span class='ocrx_word' id='word_1_706' title='bbox 2646 2670 2735 2740; x_wconf 91' lang='lat' dir='ltr'><strong>qui</strong></span> <span class='ocrx_word' id='word_1_707' title='bbox 2762 2669 3009 2726; x_wconf 89' lang='lat' dir='ltr'><strong>adulatur</strong></span> <span class='ocrx_word' id='word_1_708' title='bbox 3029 2714 3045 2738; x_wconf 93' lang='lat'><strong>,</strong></span> <span class='ocrx_word' id='word_1_709' title='bbox 3085 2674 3174 2744; x_wconf 92' lang='lat' dir='ltr'><strong>qui</strong></span> <span class='ocrx_word' id='word_1_710' title='bbox 3207 2674 3476 2732; x_wconf 87' lang='lat' dir='ltr'><strong>blanditur</strong></span> 
     </span>
    </p>
   </div>
   <div class='ocr_carea' id='block_1_88' title="bbox 1887 2759 3584 2836">
    <p class='ocr_par' dir='ltr' id='par_1_88' title="bbox 1887 2759 3584 2836">
     <span class='ocr_line' id='line_1_88' title="bbox 1887 2759 3584 2836; baseline 0.005 -22"><span class='ocrx_word' id='word_1_711' title='bbox 1887 2763 2022 2814; x_wconf 89' lang='lat' dir='ltr'><strong>ultra</strong></span> <span class='ocrx_word' id='word_1_712' title='bbox 2061 2759 2301 2814; x_wconf 87' lang='lat' dir='ltr'><strong>modum.</strong></span> <span class='ocrx_word' id='word_1_713' title='bbox 2341 2759 2390 2814; x_wconf 91' lang='lat' dir='ltr'><strong>Is</strong></span> <span class='ocrx_word' id='word_1_714' title='bbox 2414 2759 2557 2814; x_wconf 90' lang='lat' dir='ltr'><strong>enim</strong></span> <span class='ocrx_word' id='word_1_715' title='bbox 2592 2760 2878 2817; x_wconf 88' lang='lat' dir='ltr'><strong>severitate</strong></span> <span class='ocrx_word' id='word_1_716' title='bbox 2905 2777 3142 2832; x_wconf 86' lang='lat' dir='ltr'><strong>curaque</strong></span> <span class='ocrx_word' id='word_1_717' title='bbox 3171 2763 3368 2836; x_wconf 87' lang='lat' dir='ltr'><strong>indiget</strong></span> <span class='ocrx_word' id='word_1_718' title='bbox 3409 2783 3476 2822; x_wconf 89' lang='lat' dir='ltr'><strong>ac</strong></span> <span class='ocrx_word' id='word_1_719' title='bbox 3573 2829 3584 2836; x_wconf 34' lang='grc' dir='ltr'><strong>η</strong></span> 
     </span>
    </p>
   </div>
   <div class='ocr_carea' id='block_1_89' title="bbox 1887 2850 3472 2924">
    <p class='ocr_par' dir='ltr' id='par_1_89' title="bbox 1887 2850 3472 2924">
     <span class='ocr_line' id='line_1_89' title="bbox 1887 2850 3472 2924; baseline 0.006 -20"><span class='ocrx_word' id='word_1_720' title='bbox 1887 2859 2051 2906; x_wconf 89' lang='lat' dir='ltr'><strong>metu.</strong></span> <span class='ocrx_word' id='word_1_721' title='bbox 2084 2850 2211 2905; x_wconf 71' lang='lat' dir='ltr'><strong>llzee</strong></span> <span class='ocrx_word' id='word_1_722' title='bbox 2245 2858 2422 2905; x_wconf 89' lang='lat' dir='ltr'><strong>autem</strong></span> <span class='ocrx_word' id='word_1_723' title='bbox 2454 2866 2558 2906; x_wconf 91' lang='lat' dir='ltr'><strong>non</strong></span> <span class='ocrx_word' id='word_1_724' title='bbox 2597 2867 2662 2906; x_wconf 90' lang='lat' dir='ltr'><strong>eo</strong></span> <span class='ocrx_word' id='word_1_725' title='bbox 2692 2852 2832 2916; x_wconf 89' lang='lat' dir='ltr'><strong>dico,</strong></span> <span class='ocrx_word' id='word_1_726' title='bbox 2867 2862 2925 2908; x_wconf 90' lang='lat' dir='ltr'><strong>ut</strong></span> <span class='ocrx_word' id='word_1_727' title='bbox 2951 2853 3110 2910; x_wconf 86' lang='lat' dir='ltr'><strong>nimis</strong></span> <span class='ocrx_word' id='word_1_728' title='bbox 3136 2857 3308 2924; x_wconf 88' lang='lat' dir='ltr'><strong>asperi</strong></span> <span class='ocrx_word' id='word_1_729' title='bbox 3339 2858 3472 2914; x_wconf 90' lang='lat' dir='ltr'><strong>libe-</strong></span> 
     </span>
    </p>
   </div>
   <div class='ocr_carea' id='block_1_90' title="bbox 1885 2940 3474 3011">
    <p class='ocr_par' dir='ltr' id='par_1_90' title="bbox 1885 2940 3474 3011">
     <span class='ocr_line' id='line_1_90' title="bbox 1885 2940 3474 3011; baseline 0.008 -18"><span class='ocrx_word' id='word_1_730' title='bbox 1885 2940 1959 2994; x_wconf 90' lang='lat' dir='ltr'><strong>ris</strong></span> <span class='ocrx_word' id='word_1_731' title='bbox 1988 2941 2156 2994; x_wconf 90' lang='lat' dir='ltr'><strong>simus</strong></span> <span class='ocrx_word' id='word_1_732' title='bbox 2179 2981 2193 3004; x_wconf 89' lang='lat'><strong>,</strong></span> <span class='ocrx_word' id='word_1_733' title='bbox 2240 2941 2336 2995; x_wconf 89' lang='lat' dir='ltr'><strong>sed</strong></span> <span class='ocrx_word' id='word_1_734' title='bbox 2364 2956 2432 2995; x_wconf 88' lang='lat' dir='ltr'><strong>ne</strong></span> <span class='ocrx_word' id='word_1_735' title='bbox 2466 2942 2760 3011; x_wconf 84' lang='lat' dir='ltr'><strong>despicatui</strong></span> <span class='ocrx_word' id='word_1_736' title='bbox 2791 2945 2859 2998; x_wconf 85' lang='lat' dir='ltr'><strong>ab</strong></span> <span class='ocrx_word' id='word_1_737' title='bbox 2901 2945 3002 3000; x_wconf 90' lang='lat' dir='ltr'><strong>illis</strong></span> <span class='ocrx_word' id='word_1_738' title='bbox 3053 2947 3363 3003; x_wconf 88' lang='lat' dir='ltr'><strong>habeamur.</strong></span> <span class='ocrx_word' id='word_1_739' title='bbox 3415 2951 3474 3006; x_wconf 87' lang='lat' dir='ltr'><strong>Si</strong></span> 
     </span>
    </p>
   </div>
   <div class='ocr_carea' id='block_1_91' title="bbox 1884 3032 3476 3112">
    <p class='ocr_par' dir='ltr' id='par_1_91' title="bbox 1884 3032 3476 3112">
     <span class='ocr_line' id='line_1_91' title="bbox 1884 3032 3476 3112; baseline 0.008 -28"><span class='ocrx_word' id='word_1_740' title='bbox 1884 3032 2029 3085; x_wconf 85' lang='lat' dir='ltr'><strong>enim</strong></span> <span class='ocrx_word' id='word_1_741' title='bbox 2061 3047 2194 3086; x_wconf 79' lang='lat' dir='ltr'><strong>uxor</strong></span> <span class='ocrx_word' id='word_1_742' title='bbox 2221 3032 2390 3086; x_wconf 81' lang='lat' dir='ltr'><strong>virum</strong></span> <span class='ocrx_word' id='word_1_743' title='bbox 2421 3048 2574 3086; x_wconf 91' lang='lat' dir='ltr'><strong>suum</strong></span> <span class='ocrx_word' id='word_1_744' title='bbox 2602 3044 2840 3090; x_wconf 88' lang='lat' dir='ltr'><strong>metuere</strong></span> <span class='ocrx_word' id='word_1_745' title='bbox 2871 3036 3066 3102; x_wconf 87' lang='lat' dir='ltr'><strong>debet,</strong></span> <span class='ocrx_word' id='word_1_746' title='bbox 3113 3041 3280 3094; x_wconf 89' lang='lat' dir='ltr'><strong>multo</strong></span> <span class='ocrx_word' id='word_1_747' title='bbox 3306 3045 3476 3112; x_wconf 85' lang='lat' dir='ltr'><strong>magis</strong></span> 
     </span>
    </p>
   </div>
   <div class='ocr_carea' id='block_1_92' title="bbox 1886 3121 3476 3201">
    <p class='ocr_par' dir='ltr' id='par_1_92' title="bbox 1886 3121 3476 3201">
     <span class='ocr_line' id='line_1_92' title="bbox 1886 3121 3476 3201; baseline 0.009 -25"><span class='ocrx_word' id='word_1_748' title='bbox 1886 3121 2026 3176; x_wconf 89' lang='lat' dir='ltr'><strong>ﬁlius</strong></span> <span class='ocrx_word' id='word_1_749' title='bbox 2072 3131 2295 3192; x_wconf 88' lang='lat' dir='ltr'><strong>patrem.</strong></span> <span class='ocrx_word' id='word_1_750' title='bbox 2341 3122 2530 3193; x_wconf 76' lang='lat' dir='ltr'><strong>Neque</strong></span> <span class='ocrx_word' id='word_1_751' title='bbox 2565 3124 2692 3179; x_wconf 87' lang='lat' dir='ltr'><strong>mihi</strong></span> <span class='ocrx_word' id='word_1_752' title='bbox 2743 3125 2890 3180; x_wconf 88' lang='lat' dir='ltr'><strong>dicas</strong></span> <span class='ocrx_word' id='word_1_753' title='bbox 2917 3126 3122 3184; x_wconf 90' lang='lat' dir='ltr'><strong>domari</strong></span> <span class='ocrx_word' id='word_1_754' title='bbox 3161 3147 3268 3185; x_wconf 89' lang='lat' dir='ltr'><strong>non</strong></span> <span class='ocrx_word' id='word_1_755' title='bbox 3316 3148 3476 3201; x_wconf 81' lang='lat' dir='ltr'><strong>posse</strong></span> 
     </span>
    </p>
   </div>
   <div class='ocr_carea' id='block_1_93' title="bbox 1880 3211 3476 3292">
    <p class='ocr_par' dir='ltr' id='par_1_93' title="bbox 1880 3211 3476 3292">
     <span class='ocr_line' id='line_1_93' title="bbox 1880 3211 3476 3292; baseline 0.011 -28"><span class='ocrx_word' id='word_1_756' title='bbox 1880 3211 2234 3283; x_wconf 87' lang='lat' dir='ltr'><strong>juventutctn.</strong></span> <span class='ocrx_word' id='word_1_757' title='bbox 2265 3212 2396 3268; x_wconf 83' lang='lat' dir='ltr'><strong>Nam</strong></span> <span class='ocrx_word' id='word_1_758' title='bbox 2425 3215 2524 3269; x_wconf 86' lang='lat' dir='ltr'><strong>sia</strong></span> <span class='ocrx_word' id='word_1_759' title='bbox 2553 3216 2776 3271; x_wconf 87' lang='lat' dir='ltr'><strong>muliere</strong></span> <span class='ocrx_word' id='word_1_760' title='bbox 2806 3217 2963 3272; x_wconf 85' lang='lat' dir='ltr'><strong>vidua</strong></span> <span class='ocrx_word' id='word_1_761' title='bbox 2995 3235 3177 3274; x_wconf 88' lang='lat' dir='ltr'><strong>curam</strong></span> <span class='ocrx_word' id='word_1_762' title='bbox 3207 3223 3476 3292; x_wconf 86' lang='lat' dir='ltr'><strong>ejusmodi</strong></span> 
     </span>
    </p>
   </div>
   <div class='ocr_carea' id='block_1_94' title="bbox 1883 3307 3476 3379">
    <p class='ocr_par' dir='ltr' id='par_1_94' title="bbox 1883 3307 3476 3379">
     <span class='ocr_line' id='line_1_94' title="bbox 1883 3307 3476 3379; baseline 0.008 -19"><span class='ocrx_word' id='word_1_763' title='bbox 1883 3307 2108 3372; x_wconf 86' lang='lat' dir='ltr'><strong>requirit</strong></span> <span class='ocrx_word' id='word_1_764' title='bbox 2133 3307 2328 3362; x_wconf 85' lang='lat' dir='ltr'><strong>Paulus</strong></span> <span class='ocrx_word' id='word_1_765' title='bbox 2347 3348 2362 3369; x_wconf 92' lang='lat'><strong>,</strong></span> <span class='ocrx_word' id='word_1_766' title='bbox 2392 3309 2560 3362; x_wconf 90' lang='lat' dir='ltr'><strong>multo</strong></span> <span class='ocrx_word' id='word_1_767' title='bbox 2587 3310 2754 3379; x_wconf 83' lang='lat' dir='ltr'><strong>magis</strong></span> <span class='ocrx_word' id='word_1_768' title='bbox 2782 3325 2811 3363; x_wconf 91' lang='lat' dir='ltr'><strong>a</strong></span> <span class='ocrx_word' id='word_1_769' title='bbox 2841 3311 2969 3366; x_wconf 86' lang='lat' dir='ltr'><strong>viris</strong></span> <span class='ocrx_word' id='word_1_770' title='bbox 3001 3329 3013 3365; x_wconf 94' lang='lat'><strong>:</strong></span> <span class='ocrx_word' id='word_1_771' title='bbox 3043 3314 3088 3366; x_wconf 89' lang='lat' dir='ltr'><strong>si</strong></span> <span class='ocrx_word' id='word_1_772' title='bbox 3127 3313 3240 3370; x_wconf 83' lang='lat' dir='ltr'><strong>fieri</strong></span> <span class='ocrx_word' id='word_1_773' title='bbox 3273 3316 3324 3372; x_wconf 92' lang='lat' dir='ltr'><strong>id</strong></span> <span class='ocrx_word' id='word_1_774' title='bbox 3366 3333 3476 3372; x_wconf 86' lang='lat' dir='ltr'><strong>non</strong></span> 
     </span>
    </p>
   </div>
   <div class='ocr_carea' id='block_1_95' title="bbox 1884 3400 3466 3475">
    <p class='ocr_par' dir='ltr' id='par_1_95' title="bbox 1884 3400 3466 3475">
     <span class='ocr_line' id='line_1_95' title="bbox 1884 3400 3466 3475; baseline 0.007 -21"><span class='ocrx_word' id='word_1_775' title='bbox 1884 3408 2084 3469; x_wconf 87' lang='lat' dir='ltr'><strong>posset,</strong></span> <span class='ocrx_word' id='word_1_776' title='bbox 2119 3415 2224 3454; x_wconf 90' lang='lat' dir='ltr'><strong>non</strong></span> <span class='ocrx_word' id='word_1_777' title='bbox 2252 3400 2591 3470; x_wconf 88' lang='lat' dir='ltr'><strong>imperasset.</strong></span> <span class='ocrx_word' id='word_1_778' title='bbox 2629 3401 2824 3456; x_wconf 74' lang='lat' dir='ltr'><strong>Verum</strong></span> <span class='ocrx_word' id='word_1_779' title='bbox 2852 3403 3028 3459; x_wconf 89' lang='lat' dir='ltr'><strong>omnis</strong></span> <span class='ocrx_word' id='word_1_780' title='bbox 3057 3403 3372 3475; x_wconf 84' lang='lat' dir='ltr'><strong>improbitas</strong></span> <span class='ocrx_word' id='word_1_781' title='bbox 3399 3423 3466 3464; x_wconf 79' lang='lat' dir='ltr'><strong>ex</strong></span> 
     </span>
    </p>
   </div>
   <div class='ocr_carea' id='block_1_96' title="bbox 1887 3492 3470 3570">
    <p class='ocr_par' dir='ltr' id='par_1_96' title="bbox 1887 3492 3470 3570">
     <span class='ocr_line' id='line_1_96' title="bbox 1887 3492 3470 3570; baseline 0.005 -24"><span class='ocrx_word' id='word_1_782' title='bbox 1887 3492 2206 3563; x_wconf 81' lang='lat' dir='ltr'><strong>negligentia</strong></span> <span class='ocrx_word' id='word_1_783' title='bbox 2231 3505 2416 3548; x_wconf 88' lang='lat' dir='ltr'><strong>nostra</strong></span> <span class='ocrx_word' id='word_1_784' title='bbox 2455 3495 2628 3548; x_wconf 89' lang='lat' dir='ltr'><strong>oritur</strong></span> <span class='ocrx_word' id='word_1_785' title='bbox 2651 3533 2666 3556; x_wconf 92' lang='lat'><strong>,</strong></span> <span class='ocrx_word' id='word_1_786' title='bbox 2712 3505 2766 3548; x_wconf 92' lang='lat' dir='ltr'><strong>ct</strong></span> <span class='ocrx_word' id='word_1_787' title='bbox 2803 3495 2946 3564; x_wconf 89' lang='lat' dir='ltr'><strong>quod</strong></span> <span class='ocrx_word' id='word_1_788' title='bbox 2977 3513 3082 3550; x_wconf 90' lang='lat' dir='ltr'><strong>non</strong></span> <span class='ocrx_word' id='word_1_789' title='bbox 3112 3512 3140 3549; x_wconf 90' lang='lat' dir='ltr'><strong>a</strong></span> <span class='ocrx_word' id='word_1_790' title='bbox 3171 3498 3433 3570; x_wconf 88' lang='lat' dir='ltr'><strong>principio</strong></span> <span class='ocrx_word' id='word_1_791' title='bbox 3453 3543 3470 3566; x_wconf 87' lang='lat'><strong>,</strong></span> 
     </span>
    </p>
   </div>
   <div class='ocr_carea' id='block_1_97' title="bbox 1885 3582 3476 3654">
    <p class='ocr_par' dir='ltr' id='par_1_97' title="bbox 1885 3582 3476 3654">
     <span class='ocr_line' id='line_1_97' title="bbox 1885 3582 3476 3654; baseline 0.004 -18"><span class='ocrx_word' id='word_1_792' title='bbox 1885 3598 2061 3654; x_wconf 90' lang='lat' dir='ltr'><strong>neque</strong></span> <span class='ocrx_word' id='word_1_793' title='bbox 2081 3598 2110 3638; x_wconf 89' lang='lat' dir='ltr'><strong>a</strong></span> <span class='ocrx_word' id='word_1_794' title='bbox 2137 3583 2390 3654; x_wconf 66' lang='lat' dir='ltr'><strong>primaeva</strong></span> <span class='ocrx_word' id='word_1_795' title='bbox 2418 3591 2575 3638; x_wconf 76' lang='lat' dir='ltr'><strong>:etate</strong></span> <span class='ocrx_word' id='word_1_796' title='bbox 2599 3582 2665 3636; x_wconf 91' lang='lat' dir='ltr'><strong>ad</strong></span> <span class='ocrx_word' id='word_1_797' title='bbox 2700 3587 2949 3652; x_wconf 90' lang='lat' dir='ltr'><strong>pietatem</strong></span> <span class='ocrx_word' id='word_1_798' title='bbox 2982 3585 3126 3653; x_wconf 89' lang='lat' dir='ltr'><strong>ipsos</strong></span> <span class='ocrx_word' id='word_1_799' title='bbox 3153 3587 3476 3643; x_wconf 87' lang='lat' dir='ltr'><strong>informave-</strong></span> 
     </span>
    </p>
   </div>
   <div class='ocr_carea' id='block_1_98' title="bbox 1883 3672 3474 3747">
    <p class='ocr_par' dir='ltr' id='par_1_98' title="bbox 1883 3672 3474 3747">
     <span class='ocr_line' id='line_1_98' title="bbox 1883 3672 3474 3747; baseline 0.003 -19"><span class='ocrx_word' id='word_1_800' title='bbox 1883 3674 2072 3729; x_wconf 84' lang='lat' dir='ltr'><strong>rimus.</strong></span> <span class='ocrx_word' id='word_1_801' title='bbox 2103 3673 2209 3728; x_wconf 84' lang='lat' dir='ltr'><strong>Sed</strong></span> <span class='ocrx_word' id='word_1_802' title='bbox 2241 3683 2296 3727; x_wconf 90' lang='lat' dir='ltr'><strong>ut</strong></span> <span class='ocrx_word' id='word_1_803' title='bbox 2323 3672 2562 3744; x_wconf 81' lang='lat' dir='ltr'><strong>profanis</strong></span> <span class='ocrx_word' id='word_1_804' title='bbox 2581 3673 2792 3742; x_wconf 84' lang='lat' dir='ltr'><strong>quidem</strong></span> <span class='ocrx_word' id='word_1_805' title='bbox 2825 3674 3133 3729; x_wconf 80' lang='lat' dir='ltr'><strong>imbuuntur</strong></span> <span class='ocrx_word' id='word_1_806' title='bbox 3155 3677 3474 3747; x_wconf 85' lang='lat' dir='ltr'><strong>disciplinis,</strong></span> 
     </span>
    </p>
   </div>
   <div class='ocr_carea' id='block_1_99' title="bbox 1883 3766 3473 3839">
    <p class='ocr_par' dir='ltr' id='par_1_99' title="bbox 1883 3766 3473 3839">
     <span class='ocr_line' id='line_1_99' title="bbox 1883 3766 3473 3839; baseline 0.002 -16"><span class='ocrx_word' id='word_1_807' title='bbox 1883 3769 2014 3824; x_wconf 89' lang='lat' dir='ltr'><strong>etin</strong></span> <span class='ocrx_word' id='word_1_808' title='bbox 2040 3777 2338 3822; x_wconf 90' lang='lat' dir='ltr'><strong>castrorum</strong></span> <span class='ocrx_word' id='word_1_809' title='bbox 2368 3782 2619 3822; x_wconf 82' lang='lat' dir='ltr'><strong>muneres</strong></span> <span class='ocrx_word' id='word_1_810' title='bbox 2647 3766 2964 3836; x_wconf 83' lang='lat' dir='ltr'><strong>allegantur,</strong></span> <span class='ocrx_word' id='word_1_811' title='bbox 2997 3785 3213 3837; x_wconf 89' lang='lat' dir='ltr'><strong>operam</strong></span> <span class='ocrx_word' id='word_1_812' title='bbox 3241 3770 3431 3827; x_wconf 88' lang='lat' dir='ltr'><strong>damus</strong></span> <span class='ocrx_word' id='word_1_813' title='bbox 3451 3815 3473 3839; x_wconf 94' lang='lat'><strong>,</strong></span> 
     </span>
    </p>
   </div>
   <div class='ocr_carea' id='block_1_100' title="bbox 1884 3845 3473 3930">
    <p class='ocr_par' dir='ltr' id='par_1_100' title="bbox 1884 3845 3473 3930">
     <span class='ocr_line' id='line_1_100' title="bbox 1884 3845 3473 3930; baseline 0.003 -14"><span class='ocrx_word' id='word_1_814' title='bbox 1884 3870 1940 3916; x_wconf 90' lang='lat' dir='ltr'><strong>et</strong></span> <span class='ocrx_word' id='word_1_815' title='bbox 1963 3860 2218 3930; x_wconf 87' lang='lat' dir='ltr'><strong>pecunias</strong></span> <span class='ocrx_word' id='word_1_816' title='bbox 2245 3873 2612 3925; x_wconf 86' lang='lat' dir='ltr'><strong>numeramus,</strong></span> <span class='ocrx_word' id='word_1_817' title='bbox 2647 3869 2700 3914; x_wconf 88' lang='lat' dir='ltr'><strong>et</strong></span> <span class='ocrx_word' id='word_1_818' title='bbox 2729 3861 2932 3914; x_wconf 88' lang='lat' dir='ltr'><strong>amicos</strong></span> <span class='ocrx_word' id='word_1_819' title='bbox 2956 3845 3300 3917; x_wconf 85' lang='lat' dir='ltr'><strong>obsecramus</strong></span> <span class='ocrx_word' id='word_1_820' title='bbox 3324 3903 3340 3930; x_wconf 91' lang='lat'><strong>,</strong></span> <span class='ocrx_word' id='word_1_821' title='bbox 3371 3864 3473 3920; x_wconf 85' lang='lat' dir='ltr'><strong>huc</strong></span> 
     </span>
    </p>
   </div>
   <div class='ocr_carea' id='block_1_101' title="bbox 1884 3951 3466 4024">
    <p class='ocr_par' dir='ltr' id='par_1_101' title="bbox 1884 3951 3466 4024">
     <span class='ocr_line' id='line_1_101' title="bbox 1884 3951 3466 4024; baseline 0.004 -18"><span class='ocrx_word' id='word_1_822' title='bbox 1884 3951 2008 4006; x_wconf 91' lang='lat' dir='ltr'><strong>illuc</strong></span> <span class='ocrx_word' id='word_1_823' title='bbox 2037 3951 2342 4020; x_wconf 89' lang='lat' dir='ltr'><strong>frequenter</strong></span> <span class='ocrx_word' id='word_1_824' title='bbox 2367 3951 2722 4006; x_wconf 88' lang='lat' dir='ltr'><strong>discurrimus</strong></span> <span class='ocrx_word' id='word_1_825' title='bbox 2753 3968 2766 4004; x_wconf 89' lang='lat'>:</span> <span class='ocrx_word' id='word_1_826' title='bbox 2801 3962 2858 4006; x_wconf 91' lang='lat' dir='ltr'><strong>ut</strong></span> <span class='ocrx_word' id='word_1_827' title='bbox 2884 3961 3062 4006; x_wconf 86' lang='lat' dir='ltr'><strong>autem</strong></span> <span class='ocrx_word' id='word_1_828' title='bbox 3093 3955 3231 4024; x_wconf 90' lang='lat' dir='ltr'><strong>apud</strong></span> <span class='ocrx_word' id='word_1_829' title='bbox 3252 3959 3466 4024; x_wconf 84' lang='lat' dir='ltr'><strong>angelo-</strong></span> 
     </span>
    </p>
   </div>
   <div class='ocr_carea' id='block_1_102' title="bbox 1883 4042 3470 4114">
    <p class='ocr_par' dir='ltr' id='par_1_102' title="bbox 1883 4042 3470 4114">
     <span class='ocr_line' id='line_1_102' title="bbox 1883 4042 3470 4114; baseline 0.003 -16"><span class='ocrx_word' id='word_1_830' title='bbox 1883 4058 2002 4098; x_wconf 81' lang='lat' dir='ltr'><strong>rum</strong></span> <span class='ocrx_word' id='word_1_831' title='bbox 2029 4042 2228 4114; x_wconf 76' lang='lat' dir='ltr'><strong>Regem</strong></span> <span class='ocrx_word' id='word_1_832' title='bbox 2261 4043 2314 4097; x_wconf 92' lang='lat' dir='ltr'><strong>in</strong></span> <span class='ocrx_word' id='word_1_833' title='bbox 2341 4042 2734 4098; x_wconf 76' lang='lat' dir='ltr'><strong>existimatione</strong></span> <span class='ocrx_word' id='word_1_834' title='bbox 2761 4043 2906 4111; x_wconf 91' lang='lat' dir='ltr'><strong>sint,</strong></span> <span class='ocrx_word' id='word_1_835' title='bbox 2937 4061 3041 4098; x_wconf 90' lang='lat' dir='ltr'><strong>non</strong></span> <span class='ocrx_word' id='word_1_836' title='bbox 3071 4047 3356 4102; x_wconf 89' lang='lat' dir='ltr'><strong>admodum</strong></span> <span class='ocrx_word' id='word_1_837' title='bbox 3387 4050 3470 4103; x_wconf 83' lang='lat' dir='ltr'><strong>la-</strong></span> 
     </span>
    </p>
   </div>
   <div class='ocr_carea' id='block_1_103' title="bbox 1883 4134 3476 4211">
    <p class='ocr_par' dir='ltr' id='par_1_103' title="bbox 1883 4134 3476 4211">
     <span class='ocr_line' id='line_1_103' title="bbox 1883 4134 3476 4211; baseline 0.004 -21"><span class='ocrx_word' id='word_1_838' title='bbox 1883 4135 2156 4190; x_wconf 89' lang='lat' dir='ltr'><strong>boramus.</strong></span> <span class='ocrx_word' id='word_1_839' title='bbox 2201 4136 2378 4205; x_wconf 84' lang='lat' dir='ltr'><strong>Atque</strong></span> <span class='ocrx_word' id='word_1_840' title='bbox 2421 4134 2490 4190; x_wconf 88' lang='lat' dir='ltr'><strong>ad</strong></span> <span class='ocrx_word' id='word_1_841' title='bbox 2538 4139 2841 4204; x_wconf 81' lang='lat' dir='ltr'><strong>spectacula</strong></span> <span class='ocrx_word' id='word_1_842' title='bbox 2893 4137 3108 4208; x_wconf 80' lang='lat' dir='ltr'><strong>quidem</strong></span> <span class='ocrx_word' id='word_1_843' title='bbox 3167 4140 3476 4211; x_wconf 85' lang='lat' dir='ltr'><strong>frequenter</strong></span> 
     </span>
    </p>
   </div>
   <div class='ocr_carea' id='block_1_104' title="bbox 1883 4226 3464 4302">
    <p class='ocr_par' dir='ltr' id='par_1_104' title="bbox 1883 4226 3464 4302">
     <span class='ocr_line' id='line_1_104' title="bbox 1883 4226 3464 4302; baseline 0.005 -22"><span class='ocrx_word' id='word_1_844' title='bbox 1883 4226 2173 4281; x_wconf 88' lang='lat' dir='ltr'><strong>ascendere</strong></span> <span class='ocrx_word' id='word_1_845' title='bbox 2201 4227 2465 4294; x_wconf 77' lang='lat' dir='ltr'><strong>sinimus,</strong></span> <span class='ocrx_word' id='word_1_846' title='bbox 2515 4226 2580 4281; x_wconf 91' lang='lat' dir='ltr'><strong>ad</strong></span> <span class='ocrx_word' id='word_1_847' title='bbox 2621 4227 2904 4282; x_wconf 84' lang='lat' dir='ltr'><strong>ecclesiam</strong></span> <span class='ocrx_word' id='word_1_848' title='bbox 2947 4238 3124 4284; x_wconf 89' lang='lat' dir='ltr'><strong>autem</strong></span> <span class='ocrx_word' id='word_1_849' title='bbox 3171 4247 3464 4302; x_wconf 87' lang='lat' dir='ltr'><strong>numquam</strong></span> 
     </span>
    </p>
   </div>
   <div class='ocr_carea' id='block_1_105' title="bbox 1885 4315 3467 4391">
    <p class='ocr_par' dir='ltr' id='par_1_105' title="bbox 1885 4315 3467 4391">
     <span class='ocr_line' id='line_1_105' title="bbox 1885 4315 3467 4391; baseline 0.006 -23"><span class='ocrx_word' id='word_1_850' title='bbox 1885 4317 2068 4371; x_wconf 86' lang='lat' dir='ltr'><strong>venire</strong></span> <span class='ocrx_word' id='word_1_851' title='bbox 2088 4315 2461 4384; x_wconf 89' lang='lat' dir='ltr'><strong>compellimus</strong></span> <span class='ocrx_word' id='word_1_852' title='bbox 2492 4333 2505 4370; x_wconf 92' lang='lat'><strong>:</strong></span> <span class='ocrx_word' id='word_1_853' title='bbox 2539 4316 2632 4370; x_wconf 90' lang='lat' dir='ltr'><strong>sed</strong></span> <span class='ocrx_word' id='word_1_854' title='bbox 2664 4316 2709 4371; x_wconf 91' lang='lat' dir='ltr'><strong>si</strong></span> <span class='ocrx_word' id='word_1_855' title='bbox 2738 4318 2904 4374; x_wconf 86' lang='lat' dir='ltr'><strong>semel</strong></span> <span class='ocrx_word' id='word_1_856' title='bbox 2927 4326 3021 4372; x_wconf 91' lang='lat' dir='ltr'><strong>aut</strong></span> <span class='ocrx_word' id='word_1_857' title='bbox 3051 4319 3240 4374; x_wconf 89' lang='lat' dir='ltr'><strong>iterum</strong></span> <span class='ocrx_word' id='word_1_858' title='bbox 3269 4338 3467 4391; x_wconf 84' lang='lat' dir='ltr'><strong>pueru-</strong></span> 
     </span>
    </p>
   </div>
   <div class='ocr_carea' id='block_1_106' title="bbox 1883 4406 3468 4484">
    <p class='ocr_par' dir='ltr' id='par_1_106' title="bbox 1883 4406 3468 4484">
     <span class='ocr_line' id='line_1_106' title="bbox 1883 4406 3468 4484; baseline 0.004 -22"><span class='ocrx_word' id='word_1_859' title='bbox 1883 4407 1968 4462; x_wconf 88' lang='lat' dir='ltr'><strong>lus</strong></span> <span class='ocrx_word' id='word_1_860' title='bbox 1992 4406 2096 4462; x_wconf 88' lang='lat' dir='ltr'><strong>bue</strong></span> <span class='ocrx_word' id='word_1_861' title='bbox 2124 4407 2409 4474; x_wconf 89' lang='lat' dir='ltr'><strong>adveniat,</strong></span> <span class='ocrx_word' id='word_1_862' title='bbox 2440 4417 2672 4474; x_wconf 87' lang='lat' dir='ltr'><strong>temere,</strong></span> <span class='ocrx_word' id='word_1_863' title='bbox 2706 4408 2904 4464; x_wconf 86' lang='lat' dir='ltr'><strong>frustra</strong></span> <span class='ocrx_word' id='word_1_864' title='bbox 2928 4419 2984 4465; x_wconf 89' lang='lat' dir='ltr'><strong>et</strong></span> <span class='ocrx_word' id='word_1_865' title='bbox 3013 4410 3276 4466; x_wconf 80' lang='lat' dir='ltr'><strong>incassum</strong></span> <span class='ocrx_word' id='word_1_866' title='bbox 3307 4425 3468 4484; x_wconf 78' lang='lat' dir='ltr'><strong>atque</strong></span> 
     </span>
    </p>
   </div>
   <div class='ocr_carea' id='block_1_107' title="bbox 1884 4498 3468 4572">
    <p class='ocr_par' dir='ltr' id='par_1_107' title="bbox 1884 4498 3468 4572">
     <span class='ocr_line' id='line_1_107' title="bbox 1884 4498 3468 4572; baseline 0.004 -19"><span class='ocrx_word' id='word_1_867' title='bbox 1884 4500 2048 4554; x_wconf 88' lang='lat' dir='ltr'><strong>animi</strong></span> <span class='ocrx_word' id='word_1_868' title='bbox 2073 4514 2231 4554; x_wconf 87' lang='lat' dir='ltr'><strong>causa</strong></span> <span class='ocrx_word' id='word_1_869' title='bbox 2272 4498 2378 4554; x_wconf 89' lang='lat' dir='ltr'><strong>huc</strong></span> <span class='ocrx_word' id='word_1_870' title='bbox 2401 4499 2636 4554; x_wconf 86' lang='lat' dir='ltr'><strong>advenit.</strong></span> <span class='ocrx_word' id='word_1_871' title='bbox 2683 4499 2750 4556; x_wconf 78' lang='lat' dir='ltr'><strong>At</strong></span> <span class='ocrx_word' id='word_1_872' title='bbox 2793 4515 2898 4556; x_wconf 88' lang='lat' dir='ltr'><strong>non</strong></span> <span class='ocrx_word' id='word_1_873' title='bbox 2942 4502 3012 4555; x_wconf 87' lang='lat' dir='ltr'><strong>ita</strong></span> <span class='ocrx_word' id='word_1_874' title='bbox 3046 4502 3158 4558; x_wconf 89' lang='lat' dir='ltr'><strong>ﬁeri</strong></span> <span class='ocrx_word' id='word_1_875' title='bbox 3186 4507 3468 4572; x_wconf 84' lang='lat' dir='ltr'><strong>oportuit:</strong></span> 
     </span>
    </p>
   </div>
   <div class='ocr_carea' id='block_1_108' title="bbox 1882 4590 3467 4662">
    <p class='ocr_par' dir='ltr' id='par_1_108' title="bbox 1882 4590 3467 4662">
     <span class='ocr_line' id='line_1_108' title="bbox 1882 4590 3467 4662; baseline 0.004 -17"><span class='ocrx_word' id='word_1_876' title='bbox 1882 4591 1976 4646; x_wconf 89' lang='lat' dir='ltr'><strong>sed</strong></span> <span class='ocrx_word' id='word_1_877' title='bbox 2004 4590 2453 4662; x_wconf 79' lang='lat' dir='ltr'><strong>quemadmodum</strong></span> <span class='ocrx_word' id='word_1_878' title='bbox 2482 4606 2604 4646; x_wconf 90' lang='lat' dir='ltr'><strong>cum</strong></span> <span class='ocrx_word' id='word_1_879' title='bbox 2628 4590 2694 4646; x_wconf 87' lang='lat' dir='ltr'><strong>ad</strong></span> <span class='ocrx_word' id='word_1_880' title='bbox 2725 4591 2936 4645; x_wconf 88' lang='lat' dir='ltr'><strong>scholas</strong></span> <span class='ocrx_word' id='word_1_881' title='bbox 2976 4593 3235 4648; x_wconf 87' lang='lat' dir='ltr'><strong>mittimus</strong></span> <span class='ocrx_word' id='word_1_882' title='bbox 3253 4637 3270 4661; x_wconf 94' lang='lat'><strong>,</strong></span> <span class='ocrx_word' id='word_1_883' title='bbox 3299 4593 3467 4651; x_wconf 73' lang='lat' dir='ltr'><strong>disci—</strong></span> 
     </span>
    </p>
   </div>
   <div class='ocr_carea' id='block_1_109' title="bbox 1883 4680 3468 4750">
    <p class='ocr_par' dir='ltr' id='par_1_109' title="bbox 1883 4680 3468 4750">
     <span class='ocr_line' id='line_1_109' title="bbox 1883 4680 3468 4750; baseline 0.004 -16"><span class='ocrx_word' id='word_1_884' title='bbox 1883 4680 2148 4750; x_wconf 90' lang='lat' dir='ltr'><strong>plinarum</strong></span> <span class='ocrx_word' id='word_1_885' title='bbox 2176 4681 2244 4735; x_wconf 88' lang='lat' dir='ltr'><strong>ab</strong></span> <span class='ocrx_word' id='word_1_886' title='bbox 2271 4680 2378 4735; x_wconf 89' lang='lat' dir='ltr'><strong>illis</strong></span> <span class='ocrx_word' id='word_1_887' title='bbox 2413 4681 2670 4736; x_wconf 89' lang='lat' dir='ltr'><strong>rationem</strong></span> <span class='ocrx_word' id='word_1_888' title='bbox 2698 4681 2990 4750; x_wconf 74' lang='lat' dir='ltr'><strong>exigimus,</strong></span> <span class='ocrx_word' id='word_1_889' title='bbox 3023 4682 3092 4736; x_wconf 88' lang='lat' dir='ltr'><strong>ita</strong></span> <span class='ocrx_word' id='word_1_890' title='bbox 3123 4699 3244 4738; x_wconf 90' lang='lat' dir='ltr'><strong>cum</strong></span> <span class='ocrx_word' id='word_1_891' title='bbox 3278 4685 3344 4740; x_wconf 88' lang='lat' dir='ltr'><strong>ad</strong></span> <span class='ocrx_word' id='word_1_892' title='bbox 3375 4703 3468 4741; x_wconf 72' lang='lat' dir='ltr'><strong>ee-</strong></span> 
     </span>
    </p>
   </div>
   <div class='ocr_carea' id='block_1_110' title="bbox 1883 4770 3466 4842">
    <p class='ocr_par' dir='ltr' id='par_1_110' title="bbox 1883 4770 3466 4842">
     <span class='ocr_line' id='line_1_110' title="bbox 1883 4770 3466 4842; baseline 0.005 -16"><span class='ocrx_word' id='word_1_893' title='bbox 1883 4771 2098 4826; x_wconf 87' lang='lat' dir='ltr'><strong>clesiam</strong></span> <span class='ocrx_word' id='word_1_894' title='bbox 2127 4770 2406 4837; x_wconf 89' lang='lat' dir='ltr'><strong>mittimus,</strong></span> <span class='ocrx_word' id='word_1_895' title='bbox 2431 4771 2514 4826; x_wconf 88' lang='lat' dir='ltr'><strong>vel</strong></span> <span class='ocrx_word' id='word_1_896' title='bbox 2541 4772 2717 4842; x_wconf 87' lang='lat' dir='ltr'><strong>potius</strong></span> <span class='ocrx_word' id='word_1_897' title='bbox 2743 4771 3004 4828; x_wconf 89' lang='lat' dir='ltr'><strong>ducimus.</strong></span> <span class='ocrx_word' id='word_1_898' title='bbox 3032 4773 3146 4829; x_wconf 82' lang='lat' dir='ltr'><strong>Non</strong></span> <span class='ocrx_word' id='word_1_899' title='bbox 3177 4777 3318 4831; x_wconf 88' lang='lat' dir='ltr'><strong>enim</strong></span> <span class='ocrx_word' id='word_1_900' title='bbox 3347 4779 3466 4834; x_wconf 81' lang='lat' dir='ltr'><strong>aliis</strong></span> 
     </span>
    </p>
   </div>
   <div class='ocr_carea' id='block_1_111' title="bbox 1883 4863 3498 4934">
    <p class='ocr_par' dir='ltr' id='par_1_111' title="bbox 1883 4863 3498 4934">
     <span class='ocr_line' id='line_1_111' title="bbox 1883 4863 3498 4934; baseline 0.004 -16"><span class='ocrx_word' id='word_1_901' title='bbox 1883 4877 1978 4918; x_wconf 89' lang='lat' dir='ltr'><strong>eos</strong></span> <span class='ocrx_word' id='word_1_902' title='bbox 2006 4863 2372 4928; x_wconf 87' lang='lat' dir='ltr'><strong>committere,</strong></span> <span class='ocrx_word' id='word_1_903' title='bbox 2405 4878 2434 4917; x_wconf 90' lang='lat' dir='ltr'><strong>a</strong></span> <span class='ocrx_word' id='word_1_904' title='bbox 2467 4863 2618 4918; x_wconf 86' lang='lat' dir='ltr'><strong>vobis</strong></span> <span class='ocrx_word' id='word_1_905' title='bbox 2646 4863 2836 4917; x_wconf 89' lang='lat' dir='ltr'><strong>ductos</strong></span> <span class='ocrx_word' id='word_1_906' title='bbox 2863 4863 2966 4919; x_wconf 87' lang='lat' dir='ltr'><strong>huc</strong></span> <span class='ocrx_word' id='word_1_907' title='bbox 2996 4875 3207 4934; x_wconf 89' lang='lat' dir='ltr'><strong>oportet</strong></span> <span class='ocrx_word' id='word_1_908' title='bbox 3231 4867 3498 4934; x_wconf 71' lang='lat' dir='ltr'><strong>intrare,‘</strong></span> 
     </span>
    </p>
   </div>
   <div class='ocr_carea' id='block_1_112' title="bbox 1885 4953 3465 5024">
    <p class='ocr_par' dir='ltr' id='par_1_112' title="bbox 1885 4953 3465 5024">
     <span class='ocr_line' id='line_1_112' title="bbox 1885 4953 3465 5024; baseline 0.005 -16"><span class='ocrx_word' id='word_1_909' title='bbox 1885 4963 1940 5008; x_wconf 94' lang='lat' dir='ltr'><strong>ct</strong></span> <span class='ocrx_word' id='word_1_910' title='bbox 1966 4968 2152 5009; x_wconf 88' lang='lat' dir='ltr'><strong>eorum</strong></span> <span class='ocrx_word' id='word_1_911' title='bbox 2181 4969 2299 5024; x_wconf 66' lang='lat' dir='ltr'><strong>qua:</strong></span> <span class='ocrx_word' id='word_1_912' title='bbox 2329 4954 2414 5009; x_wconf 87' lang='lat' dir='ltr'><strong>hic</strong></span> <span class='ocrx_word' id='word_1_913' title='bbox 2436 4953 2756 5020; x_wconf 80' lang='lat' dir='ltr'><strong>audiverim,</strong></span> <span class='ocrx_word' id='word_1_914' title='bbox 2783 4963 2838 5011; x_wconf 88' lang='lat' dir='ltr'><strong>et</strong></span> <span class='ocrx_word' id='word_1_915' title='bbox 2859 4971 2978 5024; x_wconf 68' lang='lat' dir='ltr'><strong>qua:</strong></span> <span class='ocrx_word' id='word_1_916' title='bbox 3011 4955 3318 5024; x_wconf 85' lang='lat' dir='ltr'><strong>didicerint,</strong></span> <span class='ocrx_word' id='word_1_917' title='bbox 3351 4978 3465 5016; x_wconf 83' lang='lat' dir='ltr'><strong>me-</strong></span> 
     </span>
    </p>
   </div>
   <div class='ocr_carea' id='block_1_113' title="bbox 1885 5045 3466 5116">
    <p class='ocr_par' dir='ltr' id='par_1_113' title="bbox 1885 5045 3466 5116">
     <span class='ocr_line' id='line_1_113' title="bbox 1885 5045 3466 5116; baseline 0.005 -16"><span class='ocrx_word' id='word_1_918' title='bbox 1885 5046 2053 5100; x_wconf 90' lang='lat' dir='ltr'><strong>moria</strong></span> <span class='ocrx_word' id='word_1_919' title='bbox 2080 5045 2408 5116; x_wconf 89' lang='lat' dir='ltr'><strong>reposcenda</strong></span> <span class='ocrx_word' id='word_1_920' title='bbox 2433 5056 2540 5102; x_wconf 88' lang='lat' dir='ltr'><strong>est.</strong></span> <span class='ocrx_word' id='word_1_921' title='bbox 2573 5045 2662 5101; x_wconf 89' lang='lat' dir='ltr'><strong>Sic</strong></span> <span class='ocrx_word' id='word_1_922' title='bbox 2689 5047 2832 5100; x_wconf 91' lang='lat' dir='ltr'><strong>enim</strong></span> <span class='ocrx_word' id='word_1_923' title='bbox 2865 5049 3018 5102; x_wconf 78' lang='lat' dir='ltr'><strong>fieret</strong></span> <span class='ocrx_word' id='word_1_924' title='bbox 3049 5055 3105 5102; x_wconf 91' lang='lat' dir='ltr'><strong>ut</strong></span> <span class='ocrx_word' id='word_1_925' title='bbox 3133 5064 3162 5102; x_wconf 90' lang='lat' dir='ltr'><strong>a</strong></span> <span class='ocrx_word' id='word_1_926' title='bbox 3195 5051 3351 5108; x_wconf 84' lang='lat' dir='ltr'><strong>nobis</strong></span> <span class='ocrx_word' id='word_1_927' title='bbox 3389 5051 3466 5108; x_wconf 88' lang='lat' dir='ltr'><strong>fa-</strong></span> 
     </span>
    </p>
   </div>
   <div class='ocr_carea' id='block_1_114' title="bbox 1883 5137 3464 5212">
    <p class='ocr_par' dir='ltr' id='par_1_114' title="bbox 1883 5137 3464 5212">
     <span class='ocr_line' id='line_1_114' title="bbox 1883 5137 3464 5212; baseline 0.005 -19"><span class='ocrx_word' id='word_1_928' title='bbox 1883 5139 1984 5193; x_wconf 89' lang='lat' dir='ltr'><strong>cile</strong></span> <span class='ocrx_word' id='word_1_929' title='bbox 2011 5153 2076 5192; x_wconf 92' lang='lat' dir='ltr'><strong>ac</strong></span> <span class='ocrx_word' id='word_1_930' title='bbox 2101 5137 2248 5194; x_wconf 90' lang='lat' dir='ltr'><strong>nullo</strong></span> <span class='ocrx_word' id='word_1_931' title='bbox 2277 5139 2491 5210; x_wconf 85' lang='lat' dir='ltr'><strong>negotio</strong></span> <span class='ocrx_word' id='word_1_932' title='bbox 2529 5139 2596 5193; x_wconf 89' lang='lat' dir='ltr'><strong>ad</strong></span> <span class='ocrx_word' id='word_1_933' title='bbox 2629 5141 2907 5194; x_wconf 89' lang='lat' dir='ltr'><strong>meliorem</strong></span> <span class='ocrx_word' id='word_1_934' title='bbox 2947 5139 3155 5212; x_wconf 81' lang='lat' dir='ltr'><strong>frugem</strong></span> <span class='ocrx_word' id='word_1_935' title='bbox 3199 5143 3350 5200; x_wconf 88' lang='lat' dir='ltr'><strong>liberi</strong></span> <span class='ocrx_word' id='word_1_936' title='bbox 3382 5163 3464 5202; x_wconf 90' lang='lat' dir='ltr'><strong>re-</strong></span> 
     </span>
    </p>
   </div>
   <div class='ocr_carea' id='block_1_115' title="bbox 1883 5231 3461 5307">
    <p class='ocr_par' dir='ltr' id='par_1_115' title="bbox 1883 5231 3461 5307">
     <span class='ocr_line' id='line_1_115' title="bbox 1883 5231 3461 5307; baseline 0.004 -23"><span class='ocrx_word' id='word_1_937' title='bbox 1883 5239 2220 5288; x_wconf 80' lang='lat' dir='ltr'><strong>vocarentur.</strong></span> <span class='ocrx_word' id='word_1_938' title='bbox 2247 5232 2379 5287; x_wconf 87' lang='lat' dir='ltr'><strong>Nam</strong></span> <span class='ocrx_word' id='word_1_939' title='bbox 2409 5233 2452 5287; x_wconf 91' lang='lat' dir='ltr'><strong>si</strong></span> <span class='ocrx_word' id='word_1_940' title='bbox 2478 5242 2532 5288; x_wconf 91' lang='lat' dir='ltr'><strong>et</strong></span> <span class='ocrx_word' id='word_1_941' title='bbox 2555 5231 2700 5288; x_wconf 85' lang='lat' dir='ltr'><strong>domi</strong></span> <span class='ocrx_word' id='word_1_942' title='bbox 2739 5243 2995 5306; x_wconf 87' lang='lat' dir='ltr'><strong>perpetuo</strong></span> <span class='ocrx_word' id='word_1_943' title='bbox 3017 5251 3115 5290; x_wconf 91' lang='lat' dir='ltr'><strong>nos</strong></span> <span class='ocrx_word' id='word_1_944' title='bbox 3143 5236 3211 5292; x_wconf 90' lang='lat' dir='ltr'><strong>de</strong></span> <span class='ocrx_word' id='word_1_945' title='bbox 3235 5239 3461 5307; x_wconf 65' lang='lat' dir='ltr'><strong>philusn.</strong></span> 
     </span>
    </p>
   </div>
   <div class='ocr_carea' id='block_1_116' title="bbox 1883 5321 3489 5396">
    <p class='ocr_par' dir='ltr' id='par_1_116' title="bbox 1883 5321 3489 5396">
     <span class='ocr_line' id='line_1_116' title="bbox 1883 5321 3489 5396; baseline 0.003 -18"><span class='ocrx_word' id='word_1_946' title='bbox 1883 5324 2007 5395; x_wconf 82' lang='lat' dir='ltr'><strong>pliia</strong></span> <span class='ocrx_word' id='word_1_947' title='bbox 2053 5323 2334 5396; x_wconf 89' lang='lat' dir='ltr'><strong>loquentes</strong></span> <span class='ocrx_word' id='word_1_948' title='bbox 2373 5325 2639 5392; x_wconf 89' lang='lat' dir='ltr'><strong>audirent,</strong></span> <span class='ocrx_word' id='word_1_949' title='bbox 2679 5334 2736 5380; x_wconf 92' lang='lat' dir='ltr'><strong>et</strong></span> <span class='ocrx_word' id='word_1_950' title='bbox 2773 5326 2916 5396; x_wconf 84' lang='lat' dir='ltr'><strong>quod</strong></span> <span class='ocrx_word' id='word_1_951' title='bbox 2965 5343 3098 5396; x_wconf 91' lang='lat' dir='ltr'><strong>opus</strong></span> <span class='ocrx_word' id='word_1_952' title='bbox 3145 5327 3286 5384; x_wconf 89' lang='lat' dir='ltr'><strong>facto</strong></span> <span class='ocrx_word' id='word_1_953' title='bbox 3325 5321 3489 5384; x_wconf 64' lang='lat' dir='ltr'><strong>esset</strong></span> 
     </span>
    </p>
   </div>
   <div class='ocr_carea' id='block_1_117' title="bbox 1883 5414 3468 5488">
    <p class='ocr_par' dir='ltr' id='par_1_117' title="bbox 1883 5414 3468 5488">
     <span class='ocr_line' id='line_1_117' title="bbox 1883 5414 3468 5488; baseline 0.004 -20"><span class='ocrx_word' id='word_1_954' title='bbox 1883 5414 2250 5483; x_wconf 84' lang='lat' dir='ltr'><strong>consulentes,</strong></span> <span class='ocrx_word' id='word_1_955' title='bbox 2278 5425 2332 5471; x_wconf 88' lang='lat' dir='ltr'><strong>et</strong></span> <span class='ocrx_word' id='word_1_956' title='bbox 2357 5431 2477 5472; x_wconf 86' lang='lat' dir='ltr'><strong>cum</strong></span> <span class='ocrx_word' id='word_1_957' title='bbox 2511 5417 2614 5472; x_wconf 89' lang='lat' dir='ltr'><strong>illis</strong></span> <span class='ocrx_word' id='word_1_958' title='bbox 2636 5417 3053 5488; x_wconf 69' lang='lat' dir='ltr'><strong>adiungerentur</strong></span> <span class='ocrx_word' id='word_1_959' title='bbox 3076 5434 3195 5488; x_wconf 65' lang='lat' dir='ltr'><strong>quae</strong></span> <span class='ocrx_word' id='word_1_960' title='bbox 3221 5419 3325 5474; x_wconf 86' lang='lat' dir='ltr'><strong>hoc</strong></span> <span class='ocrx_word' id='word_1_961' title='bbox 3351 5421 3468 5474; x_wconf 79' lang='lat' dir='ltr'><strong>loco</strong></span> 
     </span>
    </p>
   </div>
   <div class='ocr_carea' id='block_1_118' title="bbox 1884 5505 3471 5579">
    <p class='ocr_par' dir='ltr' id='par_1_118' title="bbox 1884 5505 3471 5579">
     <span class='ocr_line' id='line_1_118' title="bbox 1884 5505 3471 5579; baseline 0.004 -18"><span class='ocrx_word' id='word_1_962' title='bbox 1884 5505 2134 5562; x_wconf 87' lang='lat' dir='ltr'><strong>dicuntur</strong></span> <span class='ocrx_word' id='word_1_963' title='bbox 2153 5549 2168 5573; x_wconf 91' lang='lat'><strong>,</strong></span> <span class='ocrx_word' id='word_1_964' title='bbox 2198 5517 2253 5563; x_wconf 90' lang='lat' dir='ltr'><strong>et</strong></span> <span class='ocrx_word' id='word_1_965' title='bbox 2277 5508 2669 5579; x_wconf 86' lang='lat' dir='ltr'><strong>quamprimum</strong></span> <span class='ocrx_word' id='word_1_966' title='bbox 2699 5509 2921 5563; x_wconf 89' lang='lat' dir='ltr'><strong>istorum</strong></span> <span class='ocrx_word' id='word_1_967' title='bbox 2952 5509 3220 5564; x_wconf 88' lang='lat' dir='ltr'><strong>seminum</strong></span> <span class='ocrx_word' id='word_1_968' title='bbox 3253 5511 3471 5567; x_wconf 88' lang='lat' dir='ltr'><strong>uberem</strong></span> 
     </span>
    </p>
   </div>
   <div class='ocr_carea' id='block_1_119' title="bbox 1885 5600 3471 5674">
    <p class='ocr_par' dir='ltr' id='par_1_119' title="bbox 1885 5600 3471 5674">
     <span class='ocr_line' id='line_1_119' title="bbox 1885 5600 3471 5674; baseline 0 -18"><span class='ocrx_word' id='word_1_969' title='bbox 1885 5601 2040 5656; x_wconf 84' lang='lat' dir='ltr'><strong>nobis</strong></span> <span class='ocrx_word' id='word_1_970' title='bbox 2071 5600 2300 5656; x_wconf 77' lang='lat' dir='ltr'><strong>fructum</strong></span> <span class='ocrx_word' id='word_1_971' title='bbox 2329 5602 2704 5672; x_wconf 88' lang='lat' dir='ltr'><strong>producerent.</strong></span> <span class='ocrx_word' id='word_1_972' title='bbox 2735 5604 2802 5658; x_wconf 82' lang='lat' dir='ltr'><strong>At</strong></span> <span class='ocrx_word' id='word_1_973' title='bbox 2834 5617 2930 5656; x_wconf 92' lang='lat' dir='ltr'><strong>nos</strong></span> <span class='ocrx_word' id='word_1_974' title='bbox 2959 5603 3088 5658; x_wconf 88' lang='lat' dir='ltr'><strong>nihil</strong></span> <span class='ocrx_word' id='word_1_975' title='bbox 3117 5601 3306 5658; x_wconf 88' lang='lat' dir='ltr'><strong>borum</strong></span> <span class='ocrx_word' id='word_1_976' title='bbox 3333 5617 3471 5674; x_wconf 86' lang='lat' dir='ltr'><strong>pra--</strong></span> 
     </span>
    </p>
   </div>
   <div class='ocr_carea' id='block_1_120' title="bbox 1883 5694 3478 5766">
    <p class='ocr_par' dir='ltr' id='par_1_120' title="bbox 1883 5694 3478 5766">
     <span class='ocr_line' id='line_1_120' title="bbox 1883 5694 3478 5766; baseline 0.001 -16"><span class='ocrx_word' id='word_1_977' title='bbox 1883 5704 2106 5760; x_wconf 85' lang='lat' dir='ltr'><strong>stamus,</strong></span> <span class='ocrx_word' id='word_1_978' title='bbox 2128 5694 2224 5749; x_wconf 91' lang='lat' dir='ltr'><strong>sed</strong></span> <span class='ocrx_word' id='word_1_979' title='bbox 2247 5711 2308 5750; x_wconf 90' lang='lat' dir='ltr'><strong>ea</strong></span> <span class='ocrx_word' id='word_1_980' title='bbox 2333 5711 2452 5766; x_wconf 63' lang='lat' dir='ltr'><strong>quae</strong></span> <span class='ocrx_word' id='word_1_981' title='bbox 2481 5703 2664 5751; x_wconf 86' lang='lat' dir='ltr'><strong>nostra</strong></span> <span class='ocrx_word' id='word_1_982' title='bbox 2695 5697 2959 5750; x_wconf 90' lang='lat' dir='ltr'><strong>intersunt</strong></span> <span class='ocrx_word' id='word_1_983' title='bbox 2982 5695 3233 5762; x_wconf 85' lang='lat' dir='ltr'><strong>maxime,</strong></span> <span class='ocrx_word' id='word_1_984' title='bbox 3262 5697 3478 5766; x_wconf 82' lang='lat' dir='ltr'><strong>perfun-</strong></span> 
     </span>
    </p>
   </div>
   <div class='ocr_carea' id='block_1_121' title="bbox 1884 5779 3470 5864">
    <p class='ocr_par' dir='ltr' id='par_1_121' title="bbox 1884 5779 3470 5864">
     <span class='ocr_line' id='line_1_121' title="bbox 1884 5779 3470 5864; baseline 0 -20"><span class='ocrx_word' id='word_1_985' title='bbox 1884 5779 2052 5844; x_wconf 74' lang='lat' dir='ltr'><strong>ctorie</strong></span> <span class='ocrx_word' id='word_1_986' title='bbox 2081 5803 2329 5845; x_wconf 89' lang='lat' dir='ltr'><strong>curamus</strong></span> <span class='ocrx_word' id='word_1_987' title='bbox 2359 5806 2375 5844; x_wconf 88' lang='lat'>:</span> <span class='ocrx_word' id='word_1_988' title='bbox 2405 5788 2548 5860; x_wconf 86' lang='lat' dir='ltr'><strong>quod</strong></span> <span class='ocrx_word' id='word_1_989' title='bbox 2591 5789 2635 5845; x_wconf 91' lang='lat' dir='ltr'><strong>si</strong></span> <span class='ocrx_word' id='word_1_990' title='bbox 2666 5790 2733 5846; x_wconf 86' lang='lat' dir='ltr'><strong>de</strong></span> <span class='ocrx_word' id='word_1_991' title='bbox 2769 5788 2852 5844; x_wconf 92' lang='lat' dir='ltr'><strong>his</strong></span> <span class='ocrx_word' id='word_1_992' title='bbox 2880 5788 3196 5845; x_wconf 73' lang='lat' dir='ltr'><strong>cohortatur</strong></span> <span class='ocrx_word' id='word_1_993' title='bbox 3239 5790 3431 5864; x_wconf 89' lang='lat' dir='ltr'><strong>aliquis</strong></span> <span class='ocrx_word' id='word_1_994' title='bbox 3451 5827 3470 5856; x_wconf 89' lang='lat'><strong>,</strong></span> 
     </span>
    </p>
   </div>
  </div>
