4060 6260
597 322 696 382 351

599 449 777 506 statim
805 448 1086 515 irridetur;
1116 457 1274 520 atque
1301 447 1428 505 hinc
1458 452 1534 516 tit,
1569 459 1626 505 ut
1651 450 1829 504 omnia
1859 463 2056 518 susque
2081 447 2178 501 de-

598 556 704 610 que
730 548 1021 604 vertantur,
1052 555 1294 611 quosque
1314 551 1565 612 parentes
1593 557 1697 598 non
1724 540 2006 612 castigant,
2038 539 2183 611 leges

597 640 834 685 externa:
860 631 1140 701 castigent.

629 734 631 738 ‘
669 723 758 775 tt.
791 723 873 776 An
904 737 1009 776 non
1041 730 1092 778 te
1121 722 1305 793 pudet,
1343 739 1548 794 quzeso,
1580 740 1678 780 nec
1705 723 1978 780 erubescis
2001 765 2018 791 ,
2059 737 2180 778 eum

597 813 765 868 lilium
793 823 940 870 tuum
962 815 1125 884 judex
1151 818 1302 887 punit
1321 858 1336 880 ,
1362 827 1418 872 et
1453 819 1918 888 temperantiorem
1963 815 2141 870 reddit
2163 855 2178 880 ,

595 905 737 973 quod
766 905 854 959 ille
874 907 1208 962 correctione
1239 917 1461 962 externa
1490 907 1743 978 indigeat,
1765 909 1856 978 qui
1877 915 2024 961 tanto
2045 914 2181 960 tem-

595 1010 726 1066 pore
755 996 806 1050 in
830 998 1183 1052 contubernio
1223 1007 1317 1054 tuo
1357 999 1528 1053 vixit?
1569 1011 1675 1053 non
1712 1009 1764 1054 te
1804 997 2089 1053 abscondis
2126 1005 2181 1051 et

593 1086 872 1141 occultas?
899 1089 980 1142 An
1009 1104 1140 1142 vero
1169 1099 1223 1142 tu
1251 1090 1471 1143 omnino
1495 1130 1511 1154 ,
1539 1090 1628 1144 dic
1651 1130 1665 1153 ,
1695 1104 1878 1158 quaeso
1901 1129 1917 1153 ,
1942 1099 2094 1159 pater
2117 1087 2178 1141 il-

595 1177 698 1233 lius
725 1178 892 1234 audes
911 1181 1109 1244 vocari,
1139 1184 1226 1250 qui
1257 1181 1420 1236 lilium
1444 1181 1515 1235 ita
1542 1179 1861 1250 prodideris,
1885 1194 2059 1248 neque
2080 1192 2178 1233 ne-

593 1273 829 1328 cessario
855 1273 1004 1327 illum
1045 1273 1294 1343 pnesidio
1324 1272 1580 1328 munieris
1601 1313 1618 1340 ,
1650 1273 1746 1327 sed
1773 1272 1842 1327 ab
1864 1272 2010 1326 omni
2040 1269 2178 1324 sive-

593 1365 667 1419 ris
702 1365 1044 1434 improbitate
1075 1366 1290 1420 vitiari?
1320 1366 1398 1420 Ac
1425 1367 1468 1421 si
1497 1365 1802 1436 quempiam
1841 1364 2055 1435 quidem
2090 1363 2175 1417 fu-

593 1460 814 1528 gitivum
846 1461 1029 1516 videas
1053 1461 1282 1530 puerulo
1300 1463 1480 1531 alapas
1505 1460 1908 1531 impingentem,
1937 1459 2178 1529 indigna.

595 1553 669 1607 ris
693 1594 707 1615 ,
754 1553 1000 1608 irasceris
1024 1595 1039 1618 ,
1090 1561 1144 1607 et
1185 1552 1296 1607 fera
1335 1553 1607 1608 crudelius
1651 1555 1702 1606 in
1747 1552 1936 1607 faciem
1974 1552 2178 1606 iumlas

589 1641 708 1713 ejus
731 1684 748 1711 ,
777 1660 806 1696 a
830 1660 938 1713 quo
967 1645 1263 1712 percutitur
1292 1661 1304 1697 :
1335 1660 1458 1698 cum
1491 1659 1618 1699 vero
1643 1644 1913 1698 diabolum
1941 1641 2176 1712 quotidie

597 1733 786 1788 videas
833 1735 1018 1803 alapas
1061 1733 1138 1789 illi
1168 1735 1462 1805 impingere
1488 1775 1506 1801 ,
1545 1734 1818 1790 daemones
1855 1733 1922 1788 ad
1961 1742 2174 1802 peccata

593 1826 863 1896 pellicere,
894 1827 1117 1893 dormis,
1150 1844 1330 1899 neque
1359 1829 1672 1899 indignaris,
1701 1837 1882 1897 ‘neque
1909 1842 1979 1882 ex
2006 1825 2173 1879 fauci-

590 1917 692 1972 bus
735 1919 1044 1972 suavissima:
1087 1919 1279 1974 bellum
1323 1919 1489 1974 ﬁlium
1535 1918 1739 1989 eripis?
1779 1918 1984 1972 Rursus
2009 1933 2037 1969 a
2065 1917 2174 1970 da:-

591 2026 749 2065 mone
777 2013 820 2066 si
849 2021 1156 2082 correptum
1184 2012 1385 2078 videas,
1414 2012 1480 2067 ad
1508 2027 1694 2068 oumes
1721 2021 1936 2066 sanctos
1961 2009 2134 2064 curris
2153 2048 2169 2072 ,

588 2111 645 2156 et
668 2117 762 2158 eos
787 2103 879 2174 qui
908 2105 1184 2159 cacumina
1213 2105 1475 2159 montium
1500 2104 1739 2158 incolunt
1762 2103 2086 2172 interpellas,
2115 2109 2174 2154 ut

587 2193 737 2248 illum
766 2195 1028 2264 ejusmodi
1053 2195 1235 2251 furore
1255 2195 1484 2252 liberent
1506 2213 1520 2252 :
1543 2211 1664 2252 cum
1692 2205 1869 2252 autem
1898 2211 1926 2248 a
1952 2206 2172 2266 peccato

587 2301 802 2356 semper
835 2297 1063 2343 vexetur
1081 2331 1097 2355 ,
1127 2289 1266 2359 quod
1297 2290 1544 2346 dmmone
1569 2290 1758 2362 quovis
1782 2289 2024 2360 asperius
2047 2295 2128 2343 est
2151 2327 2168 2354 ,

587 2378 719 2434 nihil
747 2388 924 2435 tamen
949 2391 1000 2436 te
1031 2381 1371 2438 commovet?

654 2470 902 2527 Peccator
927 2474 1237 2528 damoniaco
1263 2474 1510 2529 miserior.
1541 2505 1614 2514 —
1636 2474 1705 2528 At
1728 2489 1757 2526 a
1787 2473 2030 2527 daemone
2050 2469 2171 2542 qui-

583 2563 708 2618 dem
735 2565 913 2617 vexari
940 2604 956 2628 ,
988 2564 1118 2618 nihil
1143 2579 1304 2634 grave
1334 2575 1416 2619 est
1442 2583 1455 2619 :
1487 2580 1659 2636 neque
1695 2564 1838 2620 enim
1877 2565 1982 2617 ullo
2009 2562 2168 2616 modo

588 2664 766 2725 potest
805 2655 1128 2710 daemonium
1173 2656 1226 2710 in
1272 2656 1570 2727 gehennam
1616 2655 1939 2725 praecipitem
1977 2669 2162 2724 agerc;

581 2747 680 2802 sed
720 2746 766 2802 si
807 2746 994 2800 attenti
1036 2747 1204 2801 simus
1231 2761 1294 2800 ac
1320 2745 1507 2816 vigiles
1538 2787 1553 2811 ,
1586 2745 1677 2800 ubi
1717 2761 1837 2799 cum
1878 2745 2166 2814 gratiarum

583 2838 793 2892 actione
820 2838 1173 2893 contumelias
1202 2837 1464 2906 ejusmodi
1499 2836 1798 2899 tulerimus,
1820 2836 1980 2890 etiam
2005 2848 2167 2888 coro-

583 2942 680 2981 nas
710 2927 863 2982 nobis
894 2927 1130 2998 insignes
1159 2936 1215 2982 et
1244 2927 1478 2998 illustres
1510 2927 1594 2980 illa
1625 2926 1846 2981 tenlatio
1883 2938 2166 2993 compara-

583 3019 690 3085 bit;
722 3036 844 3076 eum
875 3035 1003 3075 vero
1033 3021 1121 3090 qui
1155 3020 1388 3090 peccatis
1426 3019 1569 3073 vivat
1595 3017 1836 3072 addictus
1859 3057 1874 3082 ,
1917 3015 2165 3085 impossi-

581 3113 689 3168 bile
714 3122 795 3168 est
821 3127 1070 3183 umquam
1097 3112 1300 3166 salvum
1331 3111 1442 3165 lieri
1469 3151 1485 3175 ,
1529 3109 1624 3165 sed
1655 3109 1810 3179 plane
1840 3121 2058 3162 necesse
2083 3114 2168 3160 est

582 3215 638 3258 et
664 3205 748 3259 hic
776 3205 1189 3275 ignominiosum
1217 3219 1340 3259 esse
1365 3245 1381 3268 ,
1429 3212 1482 3257 et
1506 3202 1816 3258 defunctum
1846 3215 2028 3254 rursus
2059 3199 2166 3254 illic

582 3296 870 3351 immortali
915 3297 1177 3366 supplicio
1217 3297 1411 3364 puniri.
1461 3294 1839 3349 Verumtamen
1887 3293 2008 3346 licet
2051 3291 2166 3346 lucc

581 3389 848 3454 sciamus,
879 3388 1106 3443 multum
1148 3387 1362 3458 quidem
1393 3386 1552 3442 studii
1580 3386 1632 3442 in
1665 3401 1729 3441 ea
1767 3400 1886 3455 qua:
1909 3392 2034 3438 sunt
2060 3383 2163 3438 mi-

581 3495 712 3534 nora
741 3479 1070 3535 conferimus
1100 3497 1112 3533 :
1138 3488 1193 3534 at
1217 3494 1338 3534 cum
1365 3479 1432 3534 de
1462 3479 1755 3549 majoribus
1784 3479 1979 3548 agitur,
2006 3477 2161 3531 nolu-

581 3587 699 3625 mus
728 3571 950 3626 excitari
982 3588 995 3624 :
1028 3570 1263 3641 dumque
1289 3581 1594 3641 correptum
1639 3587 1668 3624 a
1707 3572 1950 3624 dmmone
1989 3568 2165 3624 cerni-

581 3677 700 3716 mus
724 3702 740 3726 ,
780 3662 1021 3732 lugemus
1052 3680 1064 3717 :
1097 3663 1224 3716 dum
1265 3671 1442 3717 autem
1491 3673 1800 3732 peccantem
1849 3661 2118 3716 cernitnus
2145 3701 2162 3726 ,

581 3771 650 3810 ne
683 3755 1007 3825 percipimus
1041 3755 1296 3825 quidem,
1341 3770 1461 3809 cum
1507 3755 1759 3825 plangere
1789 3763 2060 3822 oporteret
2101 3766 2165 3807 ac

579 3845 779 3901 deﬂere
811 3863 824 3899 :
858 3846 939 3901 vel
969 3847 1141 3915 potius
1169 3862 1272 3899 non
1313 3845 1514 3900 deﬂere
1540 3846 1747 3909 solum,
1791 3845 1886 3900 sed
1929 3854 1983 3900 et
2010 3844 2158 3899 cohi-

578 3941 705 3995 bere
735 3956 797 3995 ac
822 3938 1113 4002 refrenare,
1146 3939 1452 4003 consulere,
1481 3938 1777 4004 cohortari,
1805 3937 2049 3990 timorem
2076 3935 2160 3990 in-

576 4041 784 4095 cuterc,
810 4029 1227 4100 reprehendere,
1261 4029 1403 4083 omni
1431 4029 1654 4083 medelas
1681 4042 1878 4097 genere
1917 4026 2159 4081 morbum

580 4124 728 4176 illum
753 4123 988 4187 abigere,
1021 4135 1083 4173 ac
1112 4119 1326 4172 viduam
1357 4120 1512 4173 istam
1541 4119 1733 4172 imitari
1758 4159 1771 4181 ,
1799 4118 1865 4171 de
1891 4133 1993 4187 qua
2019 4117 2160 4170 Pau-

579 4216 660 4269 lus
685 4215 781 4278 ait,
812 4213 874 4267 Si
896 4212 1035 4278 ﬁlios
1059 4211 1289 4264 educavit
1313 4210 1388 4282 (1.
1413 4207 1551 4264 Tim.
1586 4211 1636 4265 5.
1666 4209 1776 4278 10).
1809 4209 1991 4279 Neque
2016 4209 2158 4263 enim

579 4305 646 4358 ad
673 4305 814 4357 illam
843 4309 1044 4356 tantum
1071 4341 1087 4364 ,
1127 4302 1220 4358 sed
1269 4302 1336 4356 ad
1376 4317 1562 4356 omnes
1600 4317 1811 4372 quoque
1859 4317 2161 4357 sermonem

580 4398 722 4453 hunc
747 4397 964 4467 dirigit,
988 4411 1282 4466 omnesque
1318 4395 1629 4450 cohortatur
1647 4438 1661 4462 ,
1690 4396 1873 4450 dicens
1891 4437 1906 4462 ,
1937 4391 2164 4450 Educate

578 4490 714 4561 ﬁlios
741 4489 790 4542 in
818 4488 1130 4556 correptione
1156 4485 1366 4540 Domini
1395 4484 1611 4556 (Epltes.
1651 4487 1705 4541 6.
1742 4485 1820 4557 4).
1871 4485 2002 4540 Natu
2050 4485 2162 4555 pri-

579 4598 724 4638 mum
757 4582 857 4636 hoc
877 4580 1092 4651 quidem
1121 4589 1220 4645 est,
1252 4590 1305 4636 et
1332 4579 1620 4633 maximum
1642 4579 1862 4644 bonum,
1890 4578 2030 4649 quod
2062 4579 2164 4633 uti-

577 4689 684 4745 que
721 4676 952 4744 primum
990 4688 1019 4727 a
1052 4671 1208 4726 vidua
1237 4672 1451 4740 exegit;
1484 4671 1678 4727 deinde
1724 4680 1843 4742 past
1872 4671 2010 4726 istud
2037 4673 2112 4726 ait
2143 4689 2158 4727 :

543 4770 642 4849 .Si
672 4769 890 4842 hospitio
916 4768 1121 4836 recepit.
1149 4766 1308 4834 Quid,
1332 4782 1536 4837 quasso,
1566 4765 1734 4820 dicis?
1756 4769 1796 4819 A
1824 4766 2048 4820 muliere
2077 4767 2160 4819 vi-

578 4866 682 4926 dua
705 4864 953 4933 requiris,
985 4872 1042 4916 ut
1071 4861 1302 4930 hospitio
1331 4860 1585 4929 recipiat?
1624 4859 1738 4914 Non
1781 4859 1882 4913 hoc
1925 4859 2120 4913 sufﬁcit
2140 4900 2155 4924 ,

579 4967 640 5011 ut
666 4957 862 5011 liberos
888 4954 1124 5008 nutriat?
1146 4953 1510 5023 Nequaquam,
1541 4952 1742 5021 inquit;
1772 4952 1866 5008 sed
1893 4951 1994 5006 hoc
2022 4967 2158 5021 quo-

577 5063 681 5119 que
707 5047 986 5115 adjiciatur
1013 5059 1232 5101 necesse
1252 5053 1355 5110 est,
1381 5053 1435 5099 et
1454 5044 1577 5099 dum
1602 5043 1911 5098 domesticis
1943 5050 2155 5112 prmest,

577 5141 740 5194 etiam
767 5139 1062 5194 alienorum
1093 5154 1275 5193 curam
1302 5146 1489 5209 gerat,
1533 5153 1596 5192 ac
1625 5139 1918 5208 peregrinis
1940 5138 2156 5191 domum

572 5234 798 5306 aperiat.
845 5233 959 5287 Vita
999 5232 1212 5287 functus
1260 5241 1344 5286 est
1387 5231 1645 5298 maritus;
1684 5247 1898 5285 omnem
1938 5246 2156 5300 cperam

572 5341 732 5398 quam
778 5325 908 5380 olim
947 5325 999 5378 in
1045 5324 1216 5388 illum,
1256 5339 1310 5377 tu
1356 5323 1666 5394 peregrinos
1709 5322 1975 5390 impende.
2021 5323 2158 5390 Quid

576 5433 706 5488 ergo
727 5460 743 5485 ,
771 5417 814 5470 si
843 5415 1161 5487 paupercula
1191 5413 1299 5479 sit,
1342 5414 1483 5469 dicet
1521 5414 1745 5484 aliquis?
1767 5414 1882 5468 Non
1930 5424 2014 5469 est
2053 5415 2157 5469 ulla

575 5508 863 5580 pauperior
886 5507 973 5562 illa
1001 5507 1155 5561 vidua
1181 5548 1197 5573 ,
1225 5522 1345 5576 qum
1373 5505 1586 5560 modico
1623 5505 1715 5559 illo
1745 5505 1927 5560 farina:
1952 5547 1967 5571 ,
1997 5513 2158 5574 atque

575 5599 678 5654 olei
725 5600 936 5670 lecytho
964 5614 1209 5669 magnum
1241 5598 1553 5668 prophetam
1600 5597 1802 5652 lleliam
1829 5597 2039 5667 excepit
2077 5597 2152 5668 ('5.

582 5690 708 5760 Reg.
744 5691 866 5759 l1).
901 5690 1032 5746 Nam
1062 5691 1134 5745 illi
1163 5698 1317 5745 erant
1343 5689 1492 5745 liberi
1522 5706 1536 5748 :
1569 5689 1662 5744 sed
1703 5705 1876 5760 neque
1901 5690 1978 5744 l'ei
2006 5689 2156 5743 fami-

570 5779 722 5836 liaris
750 5791 977 5850 egestas,
1013 5796 1113 5836 nec
1152 5779 1399 5836 violentia
1435 5780 1589 5836 famis
1611 5823 1625 5850 ,
1659 5798 1831 5853 neque
1863 5798 2010 5840 mors
2051 5785 2147 5838 im-

1379 334 1440 394 8.
1476 332 1754 393 JOANNIS
1789 327 2264 392 οιιιιγδυετωιι
2300 329 2617 388 ARCHIEP.
2659 334 3193 396 CONSTANTINOP.

3769 344 3878 404 53!

2300 447 2532 515 mineus,
2580 466 2753 521 neque
2798 452 3086 509 liberorum
3129 469 3276 520 cura,
3331 469 3431 512 nec
3475 457 3723 527 viduitas,
3775 480 3877 519 nec

2287 540 2428 595 aliud
2455 542 2739 614 quidquam
2770 543 3016 616 hospitali
3050 548 3264 603 mulieri
3287 547 3567 606 obstaculo
3595 553 3710 608 fuit.

2358 631 2447 686 12.
2476 633 2564 688 Sic
2592 633 2786 705 ubique
2815 652 2918 692 non
2947 638 3252 692 facultatum
3283 655 3555 706 mensura,
3585 643 3680 698 sed
3711 646 3874 699 animi

2285 721 2612 793 aﬂectusque
2633 741 2877 781 mensura
2900 730 3172 798 quaeritur.
3197 729 3297 795 Qui
3324 734 3693 802 magnanimus
3721 745 3804 789 est
3823 749 3876 792 et

2286 823 2465 869 mente
2494 815 2660 881 dives,
2694 817 2817 872 licet
2845 819 3068 887 pecunia
3109 821 3178 876 sit
3201 822 3436 877 omnium
3481 827 3873 894 pauperrimus,

2284 914 2337 960 et
2363 905 2740 975 hospitalitate,
2765 918 2819 963 et
2837 910 3195 982 eleemosyna,
3211 921 3263 966 et
3285 913 3430 967 omni
3450 914 3655 984 reliquo
3673 931 3875 986 genere

2285 995 2617 1053 liberalitatis
2631 1014 2818 1054 omnes
2845 1001 3043 1070 poterit
3070 1016 3327 1072 superare
3355 1020 3368 1056 :
3398 1005 3487 1073 qui
3518 1020 3645 1059 vero
3673 1022 3870 1074 parcus

2283 1100 2365 1144 est
2401 1105 2464 1145 ac
2491 1101 2670 1147 mente
2702 1109 2920 1162 pauper,
2949 1103 3108 1166 atque
3131 1097 3277 1150 humi
3303 1097 3485 1168 serpit,
3517 1099 3586 1154 sit
3615 1101 3740 1155 licet
3757 1118 3874 1156 om-

2283 1181 2428 1236 nium
2473 1183 2954 1253 locupletissimus,
3002 1189 3239 1242 omnium
3287 1191 3655 1260 pauperrimus
3693 1203 3777 1247 est
3825 1204 3877 1249 et

2282 1273 2692 1343 egentissimus;
2715 1275 2915 1331 idcirco
2947 1277 3068 1331 talia
3085 1289 3276 1334 cuncta
3302 1281 3561 1338 detrectat
3579 1292 3634 1339 et
3653 1284 3876 1355 refugit.

2283 1363 2349 1418 Et
2372 1364 2814 1433 quemadmodum
2840 1367 2892 1422 in
2920 1383 3154 1437 paupere
3171 1370 3372 1424 nullum
3393 1381 3566 1441 potest
3588 1384 3880 1443 paupertas

2280 1455 2346 1509 ad
2364 1456 2756 1528 eleemosynam
2781 1458 3218 1528 impedimentum
3244 1462 3456 1528 ail‘erre,
3482 1475 3702 1534 propter
3728 1481 3882 1521 men-

2282 1546 2349 1601 tis
2368 1547 2732 1616 opulentiam:
2779 1550 2858 1604 sic
2891 1565 2991 1605 nec
3021 1550 3240 1607 divitem
3272 1565 3494 1622 possunt
3533 1570 3665 1625 opes
3684 1557 3882 1624 juvaro

2278 1638 2346 1692 ad
2373 1639 2738 1695 liberalitatem
2765 1643 3119 1697 exercendam
3169 1659 3277 1713 pra:
3307 1645 3467 1700 nimia
3508 1649 3707 1703 mentis
3741 1665 3880 1718 qe-

2279 1741 2435 1788 state.
2463 1733 2573 1789 Nec
2615 1734 2773 1806 longe
2817 1745 2976 1790 erunt
3015 1739 3259 1807 exempla
3303 1739 3529 1809 petenda
3570 1742 3879 1811 :siquidem

2279 1824 2434 1880 vidua
2465 1825 2676 1881 modico
2702 1826 2886 1880 farinae
2914 1827 3228 1898 prophetam
3257 1831 3468 1900 excepit
3493 1849 3507 1885 :
3540 1831 3764 1887 Achaab
3786 1848 3881 1886 au-

2279 1925 2406 1982 tem,
2433 1917 2524 1987 qui
2552 1926 2632 1972 tot
2677 1917 2888 1973 divitias
2920 1919 3244 1990 possidebat,
3273 1921 3436 1977 etiam
3466 1923 3640 1978 aliena
3668 1939 3877 1979 concu-

2277 2007 2408 2078 pivit
2447 2008 2537 2079 (3.
2562 2009 2692 2080 Reg.
2722 2026 2770 2063 c.
2798 2010 2885 2064 17.
2913 2019 2960 2064 et
2989 2026 3037 2066 c.
3063 2011 3126 2066 21
3163 2012 3206 2082 ).
3254 2013 3328 2068 Ita
3371 2029 3476 2069 non
3521 2017 3877 2084 pecuniarum

2274 2100 2491 2164 divitiae,
2519 2100 2612 2156 sed
2639 2101 2834 2156 mentis
2869 2101 3072 2157 divitiae
3097 2103 3401 2158 facilitatem
3431 2105 3586 2159 nobis
3611 2106 3682 2160 ad
3727 2107 3878 2162 eleco

2275 2206 2552 2263 mosynam
2584 2192 2864 2261 praebent:
2893 2193 3323 2263 quandoquidem
3372 2195 3461 2249 illa
3503 2197 3670 2252 etiam
3714 2197 3878 2252 vidua

2273 2282 2483 2338 duobus
2521 2282 2694 2338 obolis
2715 2284 3024 2340 innumeros
3049 2284 3241 2341 divites
3278 2289 3571 2357 superavit,
3604 2305 3711 2344 nec
3741 2306 3879 2360 pum

2274 2384 2452 2444 pertas
2478 2375 2910 2445 impedimentum
2935 2375 3130 2446 objecit
3151 2376 3301 2448 (Luc.
3321 2378 3411 2434 21.
3429 2379 3588 2451 2-4).
3623 2381 3740 2436 lmo
3763 2382 3883 2438 ha-c

2274 2466 2386 2536 ipsa
2421 2477 2708 2536 paupertas
2751 2467 3146 2540 cleemosynam
3192 2469 3448 2540 majorem
3490 2473 3700 2527 eil'ecit:
3730 2476 3884 2543 quod

2276 2559 2458 2627 utique
2505 2558 2697 2614 Paulus
2746 2560 2829 2614 his
2854 2561 3032 2616 verbis
3070 2564 3382 2632 expressit:
3427 2565 3689 2619 Altissima
3739 2585 3882 2637 pau-

2275 2659 2443 2720 pertas
2463 2650 2734 2704 abundavit
2753 2652 2805 2704 in
2833 2652 3036 2707 divitias
3066 2655 3407 2724 simplicitatis
3431 2671 3605 2710 eorum
3628 2657 3724 2727 (2.
3751 2657 3880 2714 Cor.

2273 2743 2327 2795 8.
2351 2739 2432 2811 9.).
2455 2740 2567 2796 Non
2585 2743 2724 2796 cnim
2749 2741 2850 2798 hoc
2863 2744 3306 2800 considerandum
3325 2757 3406 2802 est
3421 2747 3557 2803 duos
3574 2749 3722 2803 illam
3743 2750 3882 2806 obo-

2272 2831 2352 2886 los
2379 2847 2648 2903 erogasse,
2698 2833 2791 2888 sed
2821 2835 2962 2904 quod
2989 2851 3111 2890 cum
3161 2835 3260 2892 hos
3309 2839 3454 2894 solos
3483 2839 3733 2906 haberet,
3774 2843 3878 2898 illis

2272 2923 2490 2979 minime
2537 2926 2854 2994 pepercerit,
2888 2925 2981 2980 sed
3010 2935 3172 2982 totam
3189 2928 3539 2986 substantiam
3567 2947 3721 2988 suam
3745 2950 3880 2990 con-

2273 3016 2473 3083 tulerit,
2523 3016 2740 3073 laudare
2781 3017 2923 3072 illam
2952 3029 3164 3088 Oportet
3203 3036 3267 3076 ac
3314 3023 3517 3077 mirari.
3559 3023 3679 3080 Non
3710 3025 3882 3096 igitur

2270 3108 2479 3176 Opibus,
2509 3107 2606 3164 sed
2650 3109 2813 3163 animi
2853 3110 3128 3166 alacritate
3157 3112 3310 3168 nobis
3353 3123 3435 3168 est
3459 3129 3617 3185 Opus,
3650 3118 3876 3186 quando

2269 3199 2566 3269 excipiendi
2596 3210 2719 3255 sunt
2749 3199 3004 3270 hoSpitcs.
3032 3201 3163 3257 Nam
3191 3205 3647 3273 quemadmodum
3672 3209 3718 3261 si
3754 3208 3874 3263 haec

2269 3289 2429 3355 adsit,
2459 3290 2587 3345 nihil
2612 3306 2807 3346 nocere
2833 3301 3007 3361 potest
3037 3305 3320 3363 paupertas
3348 3313 3362 3348 :
3393 3296 3471 3350 sic
3491 3297 3537 3352 si
3562 3296 3681 3354 haec
3702 3300 3871 3366 absit,

2270 3381 2401 3436 nihil
2431 3382 2669 3450 proderit
2693 3383 2986 3453 opulentia.
3018 3385 3152 3452 Quid
3183 3386 3310 3440 ais?
3337 3386 3526 3442 Curam
3561 3389 3866 3446 liberorum

2269 3479 2406 3548 gerit
2431 3480 2606 3542 vidua,
2635 3490 2689 3534 et
2718 3479 2916 3534 idcirco
2942 3480 3251 3550 peregrinos
3273 3480 3469 3536 ‘l'oxere
3495 3497 3608 3536 non
3643 3485 3876 3555 potest?

2272 3569 2382 3625 Imo
2406 3585 2533 3625 vero
2551 3569 2688 3626 hanc
2711 3570 2952 3626 eamdem
2975 3571 3046 3626 ob
3067 3585 3282 3626 causam
3305 3571 3511 3629 facilius
3534 3573 3585 3627 id
3607 3586 3879 3644 prazstate

2271 3661 2483 3732 poterit,
2513 3675 2633 3716 cum
2663 3663 2713 3716 in
2740 3661 3068 3716 consortiqu
3115 3662 3412 3717 ol‘licmrum
3439 3664 3876 3723 exhibendorum

2269 3753 2408 3808 iilios
2439 3753 2610 3822 poscit
2635 3751 2958 3819 adsciscere,
2989 3751 3078 3822 qui
3108 3751 3266 3806 simul
3290 3752 3498 3822 juvent,
3527 3764 3731 3810 etcum
3781 3758 3876 3810 ilia

2271 3845 2580 3915 pret-clarum
2606 3844 2737 3900 illud
2765 3859 2900 3914 opus
2922 3853 3298 3914 exsequantur.
3342 3845 3524 3916 Itaque
3550 3862 3657 3902 non
3689 3849 3873 3918 impe-

2270 3935 2584 4002 dimentum,
2615 3933 2711 3989 sed
2740 3934 2994 3989 auxilium
3033 3933 3408 4004 hospitalitatis
3433 3937 3536 3990 erit
3573 3937 3872 3994 multitudo

2269 4025 2575 4092 liberorum,
2605 4036 2658 4082 et
2674 4027 2958 4082 multorum
2982 4041 3169 4082 manus
3188 4028 3339 4098 operi
3359 4028 3589 4086 admota:
3614 4047 3867 4101 magnam

2268 4119 2508 4173 alicreut~
2532 4118 2831 4173 ministerio
2861 4118 3186 4174 facilitatem.
3219 4118 3338 4174 Noli
3362 4122 3504 4174 enim
3545 4123 3673 4176 mihi
3715 4139 3869 4178 sunt-

2271 4217 2510 4278 ptuosam
2538 4224 2779 4265 mensam
2805 4225 3227 4266 commemorare
3248 4211 3322 4266 :si
3351 4214 3689 4282 peregrinum
3720 4223 3867 4269 tecto

2268 4304 2556 4372 exceperit,
2601 4302 2647 4358 si
2668 4319 2787 4373 quae
2811 4304 3165 4373 suppetebant
3189 4309 3517 4374 apposuerit,
3545 4308 3592 4362 si
3629 4309 3856 4362 multam

2268 4391 2651 4449 humauitatem
2695 4402 2749 4448 et
2801 4397 3106 4450 comitatem
3152 4395 3490 4465 exhibuerit,
3539 4399 3858 4482 ‘mercedem

2268 4500 2480 4539 omnem
2526 4485 2902 4554 hospitalitatis
2943 4486 3253 4555 promeruit.
3284 4487 3416 4543 Nam
3445 4489 3490 4543 si
3519 4485 3666 4544 Solus
3701 4508 3860 4560 aqua:

2266 4575 2300 4628 i'.
2318 4575 2468 4646 igida:
2487 4576 2624 4630 calix
2645 4591 2862 4645 regnum
2884 4577 3135 4632 cit-lorum
3146 4579 3386 4633 conciliat
3414 4577 3628 4653 (Matth.
3643 4580 3725 4637 10.
3740 4581 3855 4649 12).

2267 4683 2365 4721 suo
2395 4676 2534 4722 tecto
2555 4667 2822 4738 excipere,
2855 4683 3054 4723 mensae.
3085 4669 3398 4741 participem
3427 4672 3744 4734 adsciscere.
3789 4689 3860 4728 ac

2267 4761 2507 4830 reticere,
2533 4769 2811 4832 quantum,
2850 4776 3052 4831 quaeso,
3095 4760 3324 4819 fructum
3367 4765 3575 4834 pariet?
3615 4767 3693 4821 Ac
3712 4765 3856 4829 vide.

2266 4867 2423 4922 quam
2452 4861 2701 4908 accurate
2720 4868 2832 4908 rem
2851 4852 3046 4908 Paulus
3066 4866 3316 4924 exponat.
3339 4855 3456 4911 Non
3483 4856 3629 4912 enim
3654 4857 3862 4926 simpli-

2265 4947 2397 5001 citer
2422 4945 2525 5001 hoc
2549 4947 2668 5001 loco
2681 4944 3094 5014 hospitalitatem
3121 4948 3306 5018 exigit,
3339 4947 3433 5003 sed
3454 4965 3574 5004 eam
3595 4966 3717 5019 qum
3733 4965 3858 5004 cum

2264 5039 2426 5093 animi
2477 5037 2911 5108 promptitudiue,
2962 5038 3162 5094 fervida
3210 5049 3410 5106 mente,
3454 5051 3615 5110 atque
3645 5042 3861 5095 ardenti

2262 5131 2452 5185 ali'ectu
2478 5129 2778 5184 exhibetur.
2817 5129 2951 5183 Cum
2981 5130 3120 5184 enim
3151 5130 3394 5196 dixisset,
3428 5132 3490 5186 Si
3518 5132 3737 5202 hospitio
3776 5149 3869 5185 ea:-

2263 5224 2414 5294 cepit,
2443 5221 2655 5292 adjecit,
2681 5222 2741 5277 Si
2762 5232 3050 5276 sanctorum
3077 5224 3226 5293 pedes
3251 5223 3392 5278 lauit.
3416 5222 3531 5278 Non
3558 5224 3704 5278 illam
3730 5238 3863 5278 cum

2263 5316 2399 5370 fastu
2439 5314 2717 5369 sedentem
2754 5322 2968 5383 oportet
3004 5314 3316 5385 obsequium
3351 5329 3477 5385 erga
3509 5314 3863 5384 peregi-inuiti

2261 5406 2465 5462 ancillis
2512 5405 2857 5473 demandare,
2904 5406 2996 5463 sed
3025 5406 3353 5477 ipsamoperi
3399 5421 3618 5461 manum
3664 5408 3869 5460 admo-

2261 5517 2406 5570 vere,
2439 5501 2774 5572 fructumque
2814 5501 2912 5557 sibi
2965 5501 3223 5571 arripere,
3275 5515 3374 5556 nec
3412 5501 3504 5555 ulli
3531 5500 3864 5571 praeclarum

2260 5596 2410 5650 illum
2441 5594 2753 5650 thesaurum
2800 5593 3011 5649 cedere.
3064 5592 3169 5648 Sed
3198 5593 3288 5664 qui
3320 5593 3433 5648 ﬁeri
3460 5593 3657 5663 poterit
3685 5594 3863 5660 istud,

2259 5687 2403 5741 dicet
2424 5685 2614 5757 aliquis
2639 5685 2662 5738 ?
2697 5685 2742 5740 si
2771 5686 2914 5741 enim
2943 5685 3011 5740 sit
3041 5684 3234 5742 nobilis
3262 5695 3316 5741 et
3343 5684 3592 5752 illustris,
3614 5701 3678 5739 ac
3697 5687 3864 5739 cele-

2260 5781 2390 5846 bris,
2436 5790 2489 5835 et
2505 5779 2666 5836 claris
2689 5787 2805 5836 orta
2832 5777 3144 5851 majoribus,
3169 5796 3233 5835 an
3261 5780 3370 5851 ipsa
3395 5782 3657 5851 peregrini
3680 5777 3862 5850 pales
