4060 6260
305 341 414 398 531

300 475 389 523 τις
411 460 540 531 περί
566 460 791 523 τούτων,
822 460 993 529 γέλως
1018 457 1217 520 εὐθέως
1234 473 1245 486 ·
1274 456 1363 509 καὶ
1389 456 1474 508 διά
1508 454 1665 506 τοῦτο
1694 454 1759 504 τά
1782 453 1889 507 ἄγω

304 549 459 602 κάτω
498 548 817 618 γεγένηται,
841 550 937 601 καὶ
958 546 1052 609 οῦς
1077 547 1136 599 οὐ
1174 534 1523 598 παιδεύοῖισιν
1546 544 1595 596 οί
1628 542 1823 610 γονεῖς,
1840 540 1888 591 οἱ

299 634 506 699 ἔξωθεν
544 635 867 688 παιδεύουσι
898 633 1074 704 νόμοι.

362 727 460 775 ια’.
478 722 593 775 Οὐκ
604 722 837 796 αἰσχύνῃ
849 723 945 775 καὶ
961 721 1241 793 ἐρυθριᾷς,
1259 720 1380 773 εἰπέ
1398 737 1508 790 μοι,
1525 719 1652 771 ὅταν
1669 716 1758 768 τὸν
1780 715 1893 767 υἱὸν

301 808 400 862 τὸν
427 808 519 861 σὺν
554 809 587 861 6
610 808 873 880 δικαστὴς
898 808 1105 879 κολάσῃ
1129 809 1223 861 καὶ
1258 806 1703 877 σωφρονέστερον
1732 803 1893 870 ποιή-

303 917 402 971 σῃ.
439 901 534 954 καὶ
559 901 660 971 τῆς
685 900 886 964 ἔξωθεν
910 902 1115 964 ἐκεῖνος
1146 900 1336 970 δέηται
1368 896 1730 969 διορθώσεως,
1763 909 1895 945 τοσ-

299 991 472 1044 οῦτον
532 990 680 1064 [521]
713 992 775 1059 ἐξ
807 991 984 1065 ἀρχῆς
1035 1008 1117 1045 σοι
1150 991 1482 1060 συνοικήσας
1519 988 1751 1058 χρόνον;
1791 984 1895 1038 οὐκ

301 1081 630 1155 ἐγκαλύπτῃ
656 1084 753 1135 καὶ
782 1081 1054 1155 καταδύῃ;
1085 1080 1304 1152 Τολμᾷς
1334 1080 1390 1133 δὲ
1422 1079 1584 1145 ὅλως,
1622 1075 1746 1129 εἰπέ
1779 1091 1892 1145 μοι,

298 1172 494 1245 πατὴρ
520 1172 603 1227 ἐτι
632 1173 940 1239 καλεῖσθαι,
968 1172 1116 1226 οὕτω
1138 1172 1370 1244 προδοὺς
1399 1169 1492 1223 τὸν
1515 1168 1653 1233 υίὸν,
1672 1167 1768 1220 καὶ¹
1794 1165 1893 1236 τὴν

296 1264 619 1333 ἀναγκαίαν
648 1264 748 1318 οὐκ
776 1262 1106 1333 εἰσενεγκὼν
1136 1263 1289 1334 αὐτῷ
1317 1263 1491 1334 φορὰν
1516 1301 1530 1326 ,
1567 1259 1708 1315 ἀλλά
1740 1276 1895 1329 περι-

298 1350 434 1403 ιδὼν
447 1350 557 1404 ὑπὸ
578 1352 758 1423 πάσης
776 1351 1151 1423 διαφθαρέντα
1170 1349 1397 1415 κακίας;
1425 1348 1541 1403 Κάν
1570 1348 1672 1419 μὲν
1697 1345 1895 1417 δραπέ-

298 1457 406 1512 την
438 1441 562 1496 τινά
580 1442 695 1515 ἴδῃς
713 1454 748 1482 λ
776 1441 1077 1513 ῥαπίζοντα
1106 1441 1166 1496 τὸ
1194 1440 1427 1506 παιδίον,
1457 1441 1784 1509 ἀγανακτεῖς
1800 1438 1895 1491 καὶ

296 1534 505 1607 ὀργίζῃ
529 1535 624 1589 καὶ
643 1535 1040 1606 δυσχεραίνεις,
1065 1534 1258 1607 θηρίου
1288 1531 1668 1606 χαλεπώτερον
1694 1532 1895 1601 ἐπιπη-

300 1626 481 1698 δήσας
503 1630 569 1699 τῇ
591 1626 684 1680 τοῦ
705 1629 1084 1697 τυπτήσαντος
1112 1625 1235 1697 ὄψει
1258 1642 1272 1657 ·
1303 1625 1396 1681 τδν
1418 1626 1477 1679 δέ
1504 1623 1751 1678 διάϐολον
1767 1622 1891 1677 καθ’

300 1716 543 1788 ἑκάστην
568 1717 783 1788 ἡμέραν
808 1717 949 1790 δρῶν
970 1718 1136 1773 αὐτὸν
1177 1716 1500 1790 ῤαίζοντα,
1531 1716 1789 1788 δαίμονας
1813 1715 1895 1777 εἰς

297 1808 685 1881 ἁμαρτήματα
716 1809 1033 1877 ἐνάγοντας,
1069 1808 1360 1873 καθεύδεις
1411 1808 1507 1861 καὶ
1544 1807 1646 1861 οὐκ
1685 1807 1892 1874 ἀγανα-

298 1900 476 1963 κτεῖς,
512 1898 634 1953 οὐδέ
663 1897 997 1971 ἐξαρπάζεις
1028 1899 1125 1953 τοῦ
1156 1899 1545 1971 χαλεπωτάτου
1569 1897 1763 1969 θηρίου
1797 1898 1893 1950 τὸν

296 1992 454 2059 υἱόνς
487 1992 660 2047 Πάλιν
690 1992 758 2047 ἀν
790 1992 890 2064 μέν
917 1993 1023 2047 ὐπὸ
1074 1992 1331 2065 δαίμονος
1380 1992 1700 2063 ἐνεργῆται,
1754 1990 1893 2062 πρὸς

299 2084 515 2149 πάντας
539 2086 665 2148 τοὺς
691 2084 882 2154 ἁγίους
920 2084 1154 2157 τρέχεις,
1182 2085 1277 2138 καὶ
1315 2085 1441 2149 τοὺς
1479 2085 1539 2137 ἐν
1576 2086 1697 2147 ταῖς
1730 2098 1892 2154 κορυ-

298 2178 434 2245 φαῖς
467 2177 577 2231 τῶν
605 2177 777 2249 ὀρέων
807 2178 1066 2249 ἐνοχλεῖς,
1118 2176 1260 2231 ὥστε
1321 2176 1486 2231 αὐτὸν
1535 2175 1637 2244 τῆς
1689 2172 1891 2245 μανίας

298 2264 612 2329 ἀπαλλάξαι
644 2264 864 2336 ἐκείνης
884 2278 897 2293 ⁸
922 2264 1200 2337 ἁμαρτίας
1222 2263 1301 2327 δέ,
1336 2263 1371 2335 ἦ
1412 2262 1613 2325 παντὸς
1636 2258 1893 2332 δαίμονός

299 2353 421 2407 ἐστι
451 2354 831 2426 χαλεπωτέρα,
858 2355 1102 2426 συνεχῶς
1133 2353 1483 2425 ἐνοχλούσης,
1528 2352 1687 2407 οὐδὲν
1725 2351 1890 2405 πλέον

297 2444 480 2507 ποιεῖς
498 2461 520 2508 ς

374 2531 487 2584 Καὶ
538 2531 599 2584 τὸ
640 2532 740 2603 μὲν
774 2532 932 2604 παρά
988 2532 1249 2603 δαίμονος
1281 2528 1614 2600 ἐνοχλεῖσθαι
1654 2526 1890 2599 χαλεπὸν

296 2622 489 2675 οὐδέν·
524 2624 587 2676 οὐ
634 2623 743 2697 γάρ
788 2626 869 2689 είς
900 2625 1128 2693 γέενναν
1182 2624 1440 2695 ἐμϐαλεῖν
1496 2623 1559 2676 τὸ
1616 2621 1889 2691 δαιμόνιον

296 2712 527 2768 δύναται
555 2716 796 2781 πάντως,
832 2716 947 2770 ἀλλ’
997 2715 1093 2771 ἐάν
1138 2717 1426 2787 νήφωμεν,
1460 2716 1553 2769 καὶ
1589 2717 1892 2786 στεφάνους

294 2806 437 2876 ἡμῖν
462 2808 489 2861 6
523 2808 832 2879 πειρασμὸς
861 2801 1016 2871 οὗτος
1044 2809 1181 2861 οἴσει
1212 2807 1499 2876 λαμπροὺς
1528 2807 1625 2860 καὶ
1658 2824 1892 2877 περιφα-

296 2900 438 2962 νεῖς,
451 2899 580 2953 ὅταν
596 2900 935 2972 εὐχαρίστως
949 2900 1203 2971 φέρωμεν
1218 2900 1314 2963 τὰς
1325 2898 1581 2963 τοιαύτας
1600 2901 1706 2967 ἐπη
1718 2898 1889 2968 ρείας·

296 2988 393 3040 τὸν
422 2988 478 3042 δέ
508 2990 754 3060 ἁμαρτίᾳ
802 2988 1049 3050 συξῶντα
1095 2989 1379 3059 ἀμήχανον
1423 2987 1662 3058 σωθῆναί
1713 3003 1843 3040 ποτε
1873 3024 1888 3053 ,

297 3080 420 3134 ἀλλ’
456 3082 670 3150 ἀνάγκη
704 3081 923 3143 πάντως
955 3082 1050 3134 καὶ
1069 3079 1302 3133 ἐνταῦθα
1333 3080 1697 3134 ἐπονείδιστον
1724 3074 1887 3147 εἶναι,

294 3172 399 3225 καὶ
424 3170 726 3224 ἀπελθόντα
761 3171 879 3224 ἐκεῖ
909 3172 1155 3225 ἀθάνατα
1180 3171 1342 3225 πάλιν
1363 3171 1712 3237 κολάζεσθαι.
1745 3172 1890 3226 Ἀλλ’

291 3264 452 3333 ὅμως
480 3260 653 3315 ταῦτα
678 3262 900 3328 εἰδότες,
918 3264 1055 3335 ὐπέρ
1087 3262 1189 3333 μέν
1217 3262 1327 3317 τῶν
1355 3264 1655 3318 ἐλαττόνων
1686 3263 1888 3335 πολλὴν

299 3354 604 3426 ποιούμεθα
630 3356 885 3427 σπουδὴν,
902 3356 1042 3428 ὑπὲρ
1061 3358 1117 3411 δέ
1139 3358 1245 3411 τῶν
1275 3356 1541 3429 μειζόνων
1557 3358 1678 3412 οὐδὲ
1704 3358 1889 3413 διανα-

302 3447 496 3517 στῆναι
551 3446 894 3518 βουλὸμεθα·
935 3451 1029 3503 καὶ
1086 3450 1432 3520 δαιμονῶντα
1493 3450 1593 3521 μέν
1650 3452 1889 3522 ὁρῶντες

300 3539 633 3612 θρηνοῦμεν,
677 3541 1068 3612 ἁμαρτάνοντα
1100 3541 1157 3593 δὲ
1191 3540 1427 3612 ὁρῶντες
1464 3541 1585 3595 οὐδέ
1635 3542 1890 3596 αἰσθανό-

300 3629 465 3698 μεθα·
493 3628 613 3683 δέον
640 3629 763 3682 τότε
797 3629 1243 3683 κατακόπτεσθαι
1282 3632 1375 3683 καὶ
1413 3630 1722 3702 ὀδύρεσθαι,
1757 3631 1890 3701 μᾶλ-

300 3717 394 3773 λον
424 3718 481 3772 δὲ
528 3721 629 3773 οὐκ
690 3720 818 3789 ὀδύρ
850 3721 967 3774 σθαι
1000 3720 1180 3790 μόνον,
1204 3719 1341 3774 ἀλλὰ
1375 3722 1469 3774 καὶ
1511 3720 1763 3792 κατέχειν
1795 3722 1889 3775 καὶ

301 3810 577 3881 χαλινοῦν,
639 3810 1051 3882 συμϐουλεύειν,
1102 3814 1411 3883 παραινεῖν,
1457 3812 1665 3880 φοϐεῖν,
1707 3815 1888 3867 ἐπιτι-

301 3900 436 3971 μᾷν,
468 3901 631 3953 παντί
652 3899 837 3971 τρόπῳ
865 3900 1161 3971 θεραπείας
1187 3900 1283 3971 τὴν
1306 3902 1619 3972 ἀρρωστίαν
1648 3902 1889 3956 ἀπελαύ-

300 4006 416 4043 νειν
449 3990 686 4059 ἐκείνην,
719 3991 813 4043 καὶ
844 3990 945 4062 τὴν
991 3990 1167 4061 χήραν
1192 3990 1480 4061 μιμεῖσθαι
1512 3991 1734 4061 ταύτην,
1760 3993 1890 4063 περί

300 4073 373 4151 ἧς
398 4082 427 4134 6
454 4079 666 4144 Παῦλος
722 4097 909 4151 φησιν·
947 4082 1020 4133 El
1071 4080 1612 4149 ἐτεκνοτρόφησεν.
1663 4081 1737 4133 Οὐ
1778 4080 1888 4153 γάρ

301 4167 441 4239 πρὸς
472 4168 687 4237 ἐκείνην
722 4168 903 4239 μόνον,
935 4167 1073 4221 ἀλλὰ
1106 4166 1201 4220 καί⁸
1232 4166 1368 4239 πρὸς
1411 4168 1659 4231 ἅπαντας
1695 4167 1888 4222 τοῦτον

296 4260 577 4314 ἀποτείνει
635 4262 725 4315 τὸν
779 4261 970 4329 λόγον,
1025 4260 1120 4316 καὶ
1174 4262 1310 4314 πᾶσι
1366 4263 1632 4333 παραινεῖ
1690 4261 1887 4331 λέγων,

314 4349 661 4417 Ἐκτρέφετε
690 4349 761 4403 τὰ
780 4349 990 4403 παιδία
1009 4350 1079 4402 ἐν
1099 4350 1386 4416 νουθεσίᾳ
1402 4351 1642 4417 Κυρίου.
1663 4350 1888 4422 Πρῶτον

298 4438 411 4509 γάρ
444 4437 603 4492 τοῦτο
623 4438 715 4493 καὶ
751 4438 1005 4508 μέγιστόν
1052 4439 1168 4492 ἐστι
1199 4436 1304 4490 τῶν
1343 4437 1587 4506 ἀγαθῶν·
1627 4438 1764 4508 ὅπερ
1788 4433 1887 4491 οὖν

300 4528 399 4581 καὶ
440 4528 591 4600 παρά
620 4528 721 4598 τῆς
760 4528 940 4598 χήρας
983 4526 1203 4599 πρῶτον
1260 4526 1561 4597 ἀπῄτησεν·
1595 4521 1714 4579 εἶτα
1749 4525 1888 4596 μετά

298 4615 461 4670 τοῦτό
494 4633 681 4686 φησιν,
716 4618 787 4670 Et
813 4615 1239 4685 ἐξενοδόχησε.
1274 4614 1340 4667 Τί
1370 4612 1572 4683 λέγεις,
1605 4614 1728 4667 εἰπέ
1753 4631 1843 4684 μοι
1870 4632 1885 4681 ;

298 4708 479 4779 χήραν
534 4710 773 4776 γυναῖκα
810 4705 1113 4775 ξενοδοχίαν
1156 4705 1446 4769 ἀπαιτεῖς;
1490 4704 1550 4756 οὐ
1581 4703 1690 4774 γὰρ
1726 4704 1890 4775 ἀρκεῖ

297 4794 361 4847 τὸ
393 4793 590 4867 θρέψαι
624 4793 843 4857 παιδίας
875 4793 1031 4861 Οὐχὶ,
1064 4792 1251 4862 φησίν·
1290 4790 1429 4845 ἀλλά
1460 4790 1544 4844 δεῖ
1596 4791 1691 4845 καὶ
1730 4790 1887 4844 τοῦτο

296 4885 611 4953 προσεῖναι,
640 4880 736 4934 καὶ
784 4879 924 4950 μετά
951 4878 1049 4950 τὴν
1095 4879 1204 4931 τῶν
1255 4878 1474 4932 οἰκείων
1513 4879 1885 4953 προστασίαν,

296 4970 398 5024 καὶ
434 4969 543 5023 τῶν
577 4968 875 5040 ἀλλοτρίων
908 4967 1052 5038 ἔχειν
1094 4968 1353 5037 πρόνοιαν
1392 4968 1518 5038 χρὴ,
1556 4968 1651 5020 καὶ
1678 4968 1777 5039 τὴν
1806 4969 1887 5020 οἰ-

298 5060 428 5113 κίαν
458 5058 669 5123 ἀνοῖξαι
714 5061 829 5122 τοῖς
876 5058 1067 5122 ξένοις.
1107 5055 1377 5126 ’Δπῆλθεν
1427 5057 1458 5108 ό
1494 5057 1656 5126 ἀνήρ·
1702 5058 1887 5110 πᾶσαν

296 5148 398 5217 τὴν
426 5146 555 5217 περὶ
591 5147 797 5201 ἐκεῖνον
815 5146 1052 5217 σπουδὴν
1075 5146 1201 5216 περί
1220 5146 1345 5208 τούς
1365 5144 1554 5209 ξένους
1584 5143 1884 5200 άνάλωσον.

300 5234 367 5286 Τί
387 5228 504 5298 οὖν,
531 5237 720 5305 φησὶν,
750 5235 798 5287 εἰ
832 5233 1003 5303 πένης
1033 5232 1156 5302 εἴης
1204 5230 1321 5285 Οὐκ
1370 5231 1517 5284 ἐστιν
1550 5232 1768 5301 ἐκείνης
1787 5232 1889 5300 τῆς

299 5322 480 5393 χήρας
514 5322 814 5392 πενεστέρα
843 5320 944 5390 τῆς
995 5321 1055 5373 ἐν
1102 5317 1316 5388 ἀλεύρῳ
1361 5317 1543 5389 μικρῷ
1575 5318 1667 5371 καί
1705 5318 1887 5371 ἐλαίου

295 5410 491 5481 κυάθῳ
507 5410 598 5464 τὸν
619 5410 793 5481 μέγαν
815 5409 1100 5479 προφήτην
1136 5406 1543 5477 ὑποδεξαμένης
1559 5406 1649 5459 τὸν
1679 5406 1884 5459 Ἠλίαν.

296 5497 414 5552 Καὶ
450 5496 560 5569 γὰρ
588 5495 684 5553 καὶ
718 5499 837 5551 ἐκεῖ
864 5495 1053 5551 παιδία
1091 5494 1293 5564 παρῆν·
1318 5493 1432 5547 ἀλλ’
1466 5492 1589 5547 οὔτε
1620 5496 1653 5564 ή
1690 5494 1888 5556 σπάνις

295 5584 411 5640 τῶν
454 5584 626 5638 ὄντων
651 5622 667 5648 ,
716 5582 842 5637 οὐτε
895 5585 928 5653 ή
995 5582 1088 5636 τοῦ
1117 5580 1277 5653 λιμοῦ
1331 5581 1626 5652 τυραννὶς,
1679 5579 1803 5634 οὐτε
1858 5584 1887 5635 6

297 5673 755 5747 προσδοκώμενος
784 5674 1035 5738 θάνατος,
1065 5673 1162 5743 οὐχ
1184 5674 1217 5742 ή
1240 5672 1350 5726 τῶν
1378 5670 1609 5728 παιδίων
1640 5673 1884 5741 φροντὶς,

360 5804 391 5834 ⁸
416 5804 529 5854 Cod.
556 5804 646 5851 7ί8
665 5810 801 5852 recte
826 5804 943 5865 ἴδῃς.
968 5801 1087 5850 Ειὶά.
1121 5802 1260 5860 εῗδῃς.

606 5893 875 5953 ΡΔῘἮΟΙ..
920 5892 1037 5953 Gn.
1082 5890 1179 5952 ιι.

1448 344 1512 398 IN
1551 346 1777 415 ILLUD,
1819 347 2034 407 VIDUA
2073 348 2443 408 ELIGATUR.

3464 326 3572 380 33-9.

1992 448 2145 518 οὖχή
2178 448 2398 520 χηρεία,
2441 448 2542 509 οὐκ
2589 445 2715 499 ἄλλο
2762 445 2911 498 οὐδὲν
2972 444 3199 512 ἐγένετο
3239 443 3463 512 κώλυμα
3510 446 3575 512 τῇ

1996 536 2258 607 φιλοξένῳ
2285 534 2529 605 γυναικί.

2062 664 2150 734 ιβ’.
2175 664 2329 719 Οῦτω
2358 662 2635 733 πανταχοῦ
2660 664 2723 715 οὐ
2759 663 2932 734 μέτρα
2963 662 3175 723 οὐσίας,
3210 658 3345 712 ἀλλά
3404 657 3579 727 μέτρα

1992 756 2235 821 διανοίας
2252 754 2518 829 ζητεῖται.
2546 758 2604 809 'U
2625 755 3002 827 μεγαλόψυχος
3016 756 3109 806 καὶ
3124 755 3189 822 τῇ
3205 748 3414 819 διανοίᾳ
3429 746 3577 819 [312}

1996 847 2276 913 πλούσιος,
2294 848 2399 901 κάν
2416 847 2672 900 ἁπάντων
2698 845 3003 918 ἀνθρώπων
3029 842 3351 911 πενέστερος
3378 841 3434 891 ἐν
3454 841 3558 909 χρή

1998 956 2164 1008 μασιν
2194 935 2251 1011 ᾖ,
2279 939 2488 1003 πάντας
2524 939 2829 1011 ὑπερϐῆναι
2854 938 3142 1007 δυνήσεται
3180 934 3275 987 καὶ
3307 929 3580 1001 φιλοξενίᾳ

1995 1031 2092 1084 καὶ
2116 1031 2481 1102 ἐλεημοσύνη,
2514 1034 2609 1086 καὶ
2635 1035 2701 1103 τῇ
2749 1032 2911 1100 λοιπῇ
2944 1030 3093 1101 πάσῃ
3118 1022 3517 1096 φιλοφροσύνῃ·
3550 1023 3580 1072 ὁ

1999 1122 2324 1193 μικρολόγος
2380 1125 2473 1177 καὶ
2534 1124 2753 1194 πτωχὸς
2805 1120 2902 1193 τὴν
2960 1120 3219 1182 διάνοιαν,
3272 1115 3367 1169 καὶ
3405 1113 3580 1184 χαμαὶ

1993 1213 2203 1284 ἐρπων,
2236 1214 2339 1268 κᾶν
2388 1214 2644 1268 ἁπάντων
2697 1209 3071 1284 εὐπορώτερος
3112 1204 3173 1282 ᾖ,
3213 1206 3428 1259 πάντων
3460 1199 3580 1253 ἐστὶ

1997 1305 2340 1377 πτωχότερος
2372 1306 2469 1359 καὶ
2502 1304 2875 1377 ἀπορώτερος·
2911 1301 3001 1355 διά
3026 1298 3186 1354 τοῦτο
3210 1295 3347 1367 πρὸς
3375 1292 3448 1348 τά
3464 1308 3579 1345 τοι·

1996 1394 2136 1448 αῦτα
2163 1394 2379 1449 ἅπαντα
2405 1395 2557 1448 ὀκνεῖ
2591 1394 2685 1448 καὶ
2717 1391 3027 1447 ἀναδύεται.
3067 1387 3180 1443 Καὶ
3208 1385 3396 1457 ῶσπερ
3426 1381 3580 1435 οὐδὲν

1994 1487 2088 1540 ἐπὶ
2114 1488 2209 1541 τοῦ
2233 1488 2463 1558 πένητος
2518 1489 2551 1558 ή
2604 1486 2767 1539 πενία
2805 1484 3005 1554 γένοιτ’
3042 1481 3109 1536 ἀν
3168 1478 3396 1549 κώλυμα
3441 1474 3577 1545 πρὸς

1994 1577 2369 1651 ἐλεημοσύνην
2401 1579 2493 1633 διὰ
2530 1579 2622 1633 τὸν
2672 1578 2773 1649 τῆς
2811 1574 3052 1637 διανοίας
3101 1570 3350 1625 πλοῦτον·
3402 1565 3579 1625 οῦτεως

1992 1671 2150 1726 οὐδὲν
2172 1672 2265 1724 ἐπὶ
2296 1670 2394 1725 τοῦ
2430 1670 2787 1734 πλουτοῦντος
2829 1670 2863 1740 ή
2888 1665 3118 1739 εὐπορία
3150 1658 3467 1734 συμπρᾶξαι
3490 1659 3582 1710 δυ-

1994 1763 2218 1834 νήσεται
2248 1763 2384 1835 πρὸς
2402 1762 2501 1834 τὴν
2527 1761 2929 1836 φιλοφροσύνην
2965 1758 3053 1813 διὰ
3077 1757 3178 1828 τὴν
3208 1758 3307 1825 τῆς
3340 1751 3577 1809 διανοίας

1995 1854 2209 1909 πενίαν.
2257 1855 2370 1908 Καὶ
2400 1856 2469 1909 τά
2515 1854 2938 1925 παραδείγματα
2982 1850 3232 1921 ἐγγύθεν·
3267 1849 3301 1917 ή
3343 1846 3441 1915 μὲν
3472 1842 3578 1910 γὰρ

1992 1947 2140 2017 χήρα
2164 1945 2260 1999 καὶ
2286 1946 2343 2001 ἐν
2382 1945 2597 2017 ἀλεύρῳ
2633 1943 2814 2018 μικρῷ
2846 1944 2936 1996 τὸν
2966 1940 3253 2013 προφήτην
3283 1935 3520 2001 ἐδέξατο·
3552 1933 3580 1982 6

1991 2038 2050 2091 δέ
2090 2037 2296 2108 Ἀχαάϐ
2327 2037 2585 2092 τοσοῦτον
2631 2035 2969 2107 κεκτημένος
3021 2031 3272 2094 πλοῦτον,
3327 2027 3420 2081 καί
3472 2024 3581 2075 τῶν

1992 2130 2291 2202 ἀλλοτρίων
2335 2128 2707 2201 ἐπεθύμησεν.
2739 2127 2931 2190 Οὐτως
2965 2126 3073 2186 οὐκ
3112 2122 3228 2175 ἐστι
3280 2117 3582 2191 χρημάτων

1995 2218 2249 2285 πλοῦτος,
2302 2220 2439 2275 ἀλλά
2494 2218 2726 2282 πλοῦτος
2776 2215 3023 2277 διανοίας
3070 2213 3100 2265 6
3147 2210 3406 2283 παρέχων
3450 2207 3583 2275 ἡμῖν

1992 2312 2247 2367 εὐκολίαν
2293 2312 2422 2385 περί
2477 2311 2578 2383 τὴν
2637 2307 3030 2381 ἐλεημοσύνην·
3071 2304 3196 2358 ἐπεὶ
3234 2303 3328 2356 καὶ
3361 2303 3394 2371 ἡ
3438 2301 3581 2371 χήρα

1991 2402 2179 2475 ἐκείνη
2207 2403 2296 2458 διά
2316 2404 2411 2458 δύο
2433 2404 2594 2475 μόνον
2616 2401 2821 2457 ὀϐολῶν
2846 2399 3074 2471 μυρίους
3099 2395 3387 2455 πλουσίους
3414 2391 3583 2459 ὑπερ-

1992 2496 2272 2567 ηκόντισε,
2290 2496 2386 2550 καὶ
2414 2496 2517 2549 οὐκ
2533 2494 2751 2563 ἐγένετο
2783 2492 3015 2563 κώλυμα
3036 2494 3070 2562 ή
3104 2491 3284 2543 πενία.
3306 2487 3455 2558 Αῦτη
3484 2490 3583 2555 μὲν

1989 2583 2086 2643 οὖν
2120 2591 2157 2660 ή
2179 2589 2338 2643 πενία
2361 2589 2582 2660 μείζονα
2598 2588 2697 2659 τὴν
2715 2584 3084 2657 ἐλεημοσύνην
3109 2583 3426 2656 εἰργάσατο·
3444 2582 3582 2651 ὅπερ

1989 2673 2089 2730 οὖν
2122 2677 2217 2730 καὶ
2247 2678 2275 2729 6
2296 2674 2510 2739 Παῦλός
2540 2693 2727 2748 φησιν,
2769 2674 2831 2731 Ἠ
2868 2673 3018 2730 κατὰ
3055 2673 3289 2739 βάθους
3321 2673 3579 2740 πτωχεία

1994 2769 2443 2836 ἐπερίσσευσεν
2490 2770 2580 2834 εις
2620 2768 2730 2820 τὸν
2772 2766 3045 2821 πλοῦτον
3089 2764 3200 2834 τῆς
3238 2766 3581 2833 ἁπλότητος

1992 2856 2213 2913 αὐτῶν.
2238 2859 2316 2913 οὐ
2332 2859 2440 2929 γάρ
2461 2857 2620 2912 τοῦτο
2644 2858 2749 2929 χρὴ
2782 2860 3027 2921 σκοπεῖν,
3056 2859 3137 2911 ὅτι
3163 2857 3257 2911 δύο
3285 2857 3580 2911 κατέϐαλεν

1990 2947 2231 3012 ὀϐολοὺς,
2252 2948 2367 3001 ἀλλ’
2385 2949 2466 3001 ὅτι
2488 2949 2681 3017 μόνους
2702 2948 2901 3020 ἔχουσα
2920 2955 3165 3012 τούτους,
3188 2949 3287 3001 οὐκ
3303 2949 3577 3017 ἐφείσατο,

1993 3039 2110 3094 ἀλλ’
2126 3038 2419 3111 ὁλόκληρον
2445 3040 2544 3111 τήν
2565 3041 2754 3095 οὐσίαν
2792 3042 3104 3112 εἰσήνεγκε,
3139 3040 3440 3111 θαυμάζειν
3476 3042 3544 3092 αὐ
3564 3069 3577 3078 -

1991 3130 2092 3202 τὴν
2122 3133 2228 3203 χρὴ
2259 3132 2354 3185 καὶ
2384 3132 2707 3201 στεφανοῦν.
2743 3133 2818 3187 Οὐ
2849 3133 3030 3187 τοίνυν
3073 3133 3409 3205 περιουσίας,
3445 3132 3579 3187 ἀλλά

1992 3214 2302 3287 προθυμίας
2316 3217 2447 3287 ἡμῖν
2468 3215 2564 3281 δεῖ,
2583 3216 2711 3270 ὅταν
2734 3215 3123 3288 ὑποδεχώμεθα
3147 3216 3350 3283 ξένους.
3372 3218 3579 3290 Ὥσπερ

1989 3296 2100 3368 γάρ
2156 3298 2358 3369 ταύτης
2392 3298 2675 3369 παρούσης
2717 3299 2868 3352 οὐδὲν
2917 3298 3112 3369 βλάϐος
3160 3300 3357 3367 γένοιτ’
3383 3299 3450 3354 ἀν
3474 3302 3581 3354 ἀπὸ

1990 3387 2203 3452 πενίας,
2246 3387 2420 3453 οὕτως
2457 3388 2704 3459 ἀπούσης
2754 3389 2907 3442 οὐδὲν
2936 3389 3132 3458 ὄφελος
3168 3391 3365 3458 γένοιτ’
3403 3391 3469 3445 ἂν
3522 3393 3580 3459 ἐξ

1990 3479 2273 3549 εὐπορίας.
2307 3479 2374 3532 Τί
2422 3479 2637 3549 λέγεις;
2690 3480 2926 3534 Παιδίων
2952 3480 3296 3551 ἐπιμελεῖται
3349 3484 3383 3552 ή
3434 3484 3578 3555 χήρα

1990 3572 2087 3625 καὶ
2113 3572 2203 3625 διά
2220 3571 2380 3625 τοῦτο
2412 3574 2513 3626 οὐκ
2550 3573 2616 3627 ἂν
2640 3572 2857 3627 δύναιτο
2897 3571 3222 3645 θεραπεύειν
3260 3572 3474 3639 ξένουςς
3500 3576 3581 3627 Δι’

1990 3664 2126 3717 αὐτὸ
2168 3664 2267 3736 μέν
2310 3660 2403 3718 οὖν
2434 3664 2593 3718 τοῦτο
2638 3662 3005 3736 εὐκολώτερον
3052 3663 3211 3717 τοῦτο
3259 3665 3577 3735 ἐργάσεται,

1990 3755 2283 3818 κοινωνοὺς
2313 3754 2510 3825 ἔχουσα
2545 3755 2642 3826 τῆς
2667 3753 2969 3827 θεραπείας
2989 3755 3115 3817 τοὺς
3137 3756 3304 3820 υῖούς,
3332 3773 3580 3811 συναντι-

1990 3846 2432 3918 λαμϐανομένους
2465 3847 2558 3901 καὶ
2582 3847 3089 3917 συνεφαπτομένους
3110 3846 3248 3917 αὐτῇ
3287 3847 3386 3918 τῆς
3406 3847 3577 3916 καλῆς

1991 3938 2195 4010 ταύτης
2242 3939 2644 4009 πραγματείας.
2698 3938 2861 3993 Ὥστε
2894 3940 2955 3992 οὐ
2987 3938 3219 4010 κώλυμα
3239 3978 3253 4003 ,
3285 3939 3422 3993 ἀλλὰ
3449 3938 3579 4010 βοή-

1991 4030 2113 4085 θεια
2134 4031 2232 4102 τῆς
2259 4030 2560 4100 φιλοξενίας
2591 4031 2744 4085 ἔσται
2769 4031 2875 4083 τῶν
2910 4029 3115 4083 παίδων
3143 4030 3205 4083 τὸ
3238 4024 3459 4101 πλῆθος,
3485 4033 3577 4084 καὶ

1991 4124 2026 4192 ή
2058 4120 2375 4193 πολυχειρία
2413 4120 2615 4192 πολλὴν
2640 4124 2707 4193 τῇ
2741 4121 2989 4192 διακονίᾳ
3032 4120 3256 4191 παρέξει
3285 4120 3383 4192 τὴν
3418 4122 3572 4174 εὐκτ-

1991 4212 2135 4265 λίαν.
2156 4212 2249 4283 Μὴ
2282 4213 2390 4285 γάρ
2428 4230 2518 4284 μοι
2552 4213 2820 4283 πολυτελῆ
2866 4212 3146 4284 τράπεζαν
3174 4212 3357 4284 εἴπης·
3392 4213 3460 4267 ἀν
3498 4215 3577 4275 εἰς

1990 4305 2090 4374 τὴν
2120 4304 2298 4358 οἰκίαν
2315 4305 2540 4376 δέξηται
2567 4306 2659 4358 τὸν
2685 4304 2856 4372 ξένον,
2886 4306 2952 4360 ἂν
2977 4306 3044 4359 τά
3071 4306 3202 4359 ὄντα
3228 4306 3471 4378 παραθῇ.
3509 4308 3575 4359 ἂν
3598 4364 3603 4367 μ

1992 4395 2195 4467 πολλὴν
2233 4394 2563 4466 ἐπιδείξηται
2614 4396 2712 4467 τὴν
2766 4396 3180 4467 φιλοφροσύνην,
3242 4397 3575 4467 ἀπήρτισται

1989 4489 2089 4559 τῆς
2150 4485 2451 4557 ξενοδοχίας
2488 4489 2517 4541 ό
2555 4488 2767 4559 καρπὸς
2816 4488 2986 4551 ἄπας.
3042 4490 3103 4542 Εἰ
3139 4488 3248 4559 γάρ
3317 4490 3574 4560 ποτήριον

1988 4579 2198 4652 ψυχροῦ
2262 4580 2424 4651 μόνον
2477 4580 2755 4650 βασιλείαν
2797 4579 3042 4652 οὐρανῶν
3081 4580 3350 4651 προξενεῖ,
3394 4580 3455 4633 τὸ
3483 4584 3575 4632 καὶ

1989 4669 2298 4740 ὁμωρόφιον
2328 4669 2573 4740 ποιῆσαι,
2597 4670 2694 4723 καὶ
2726 4670 3001 4741 τραπέζης
3025 4669 3298 4733 κοινωνὸν,
3328 4668 3421 4722 καὶ
3448 4670 3579 4723 ἀναν

1990 4760 2217 4823 παῦσαι,
2250 4760 2418 4813 πόσον
2472 4760 2609 4812 οίσει
2643 4760 2735 4815 τὸν
2759 4760 2995 4832 καρπὸν,
3031 4759 3152 4812 είπέ
3200 4776 3328 4830 μοις
3376 4759 3575 4816 Σκόπει

1988 4851 2052 4923 δή
2081 4868 2173 4923 μοι
2205 4851 2418 4905 Παύλου
2449 4851 2549 4922 τὴν
2591 4851 2905 4921 ἀκρίϐειαν.
2942 4850 3017 4902 οὐ
3048 4850 3156 4922 γάρ
3191 4848 3376 4912 ἀπλῶς
3426 4849 3575 4916 ξενο-

1989 4943 2171 5014 δοχίαν
2192 4942 2426 4996 ἐνταῦθα
2475 4944 2719 5007 ἀπαιτεῖ,
2746 4942 2883 4995 ἀλλά
2917 4942 3016 5013 τὴν
3078 4941 3219 5013 μετά
3268 4940 3576 5012 προθυμίας

1989 5037 2085 5089 καὶ
2112 5034 2342 5107 ζεούσης
2366 5035 2544 5106 ψυχῆς
2566 5036 2661 5088 καὶ
2688 5034 2926 5099 διανοίας
2966 5034 3195 5106 θερμῆς.
3220 5032 3406 5088 Εἰπὼν
3441 5033 3573 5104 γὰρ.

1986 5129 2053 5181 Εἰ
2078 5125 2546 5196 ἐξενοδόχησεν,
2578 5126 2883 5196 ἐπήγαγεν,
2911 5127 2984 5179 El
3026 5125 3213 5194 ἁγίων
3238 5123 3430 5191 πόδας
3455 5124 3576 5177 ἐνι-

1988 5223 2127 5288 ψεν.
2165 5219 2240 5271 Οὐ
2295 5217 2674 5289 θεραπαινίσιν
2730 5217 3050 5288 ἐπιτρέπειν
3081 5216 3188 5290 χρὴ
3235 5216 3406 5286 αὐτὴν
3439 5216 3576 5284 μετά

1988 5311 2157 5380 τύφου
2188 5310 2507 5381 καθημένην
2531 5308 2626 5363 τοῦ
2666 5308 2819 5375 ξένου
2854 5308 2954 5380 τὴν
2993 5306 3311 5381 θεραπείαν,
3336 5305 3452 5358 ἀλλ’
3479 5306 3573 5358 αὐ-

1989 5403 2217 5475 τουργὸν
2242 5401 2515 5471 γενέσθαι,
2549 5403 2644 5455 καὶ
2667 5402 2758 5455 τὸν
2787 5400 3000 5473 καρπὸν
3030 5397 3319 5471 ἁρπάζειν,
3350 5397 3444 5452 καὶ
3468 5415 3573 5467 μη-

1987 5495 2100 5549 δενὶ
2124 5496 2472 5567 παραχωρεῖν
2492 5491 2587 5547 τοῦ
2608 5492 2775 5547 καλοῦ
2795 5492 2986 5547 τούτου
3008 5487 3306 5561 θησαυροῦ.
3332 5486 3438 5545 Καὶ
3454 5489 3571 5551 πῶ,

1988 5588 2148 5642 τοῦτο
2174 5587 2372 5657 γένοιτ’
2396 5585 2485 5650 ἀν,
2552 5584 2754 5656 φησίν;
2810 5585 2860 5638 εἰ
2911 5583 3021 5655 γὰρ
3083 5580 3312 5651 εὐγενὴς
3359 5579 3445 5651 είη
3479 5596 3573 5631 και

1989 5675 2295 5746 περιφανὴς
2322 5675 2417 5728 καὶ
2454 5674 2682 5746 λαμπρά
2724 5676 2819 5728 καὶ
2868 5674 3139 5745 ἐπίσημος
3172 5673 3236 5725 ἐκ
3266 5669 3569 5743 προγόνων,

1992 5767 2129 5837 αὐτὴ
2158 5765 2250 5820 τοῦ
2284 5763 2435 5838 [525]
2472 5764 2621 5831 ξένου
2657 5765 2800 5837 νίφει
2834 5768 2958 5829 τοὺς
2982 5765 3147 5829 πύδας
3173 5782 3185 5829 ;
3214 5764 3306 5816 καὶ
3335 5762 3451 5825 πῶς
3480 5762 3568 5815 τθκ

3102 5906 3172 5963 ΞΑ
