4060 6260
587 351 692 407 333

586 444 809 538 αἰσχρόν
834 483 848 530 ;
898 462 1130 535 Αἰσχρὶν
1179 462 1277 535 μὲν
1302 458 1397 517 οὗν
1428 462 1490 515 τὸ
1520 464 1596 534 μὴ
1617 464 1850 525 νίπτειν,
1884 461 2162 533 ἄνθρωπε.

584 559 707 613 Κᾶν
735 556 845 627 γάρ
871 554 1130 627 μυριάκις
1170 554 1341 626 αὐτῆς
1371 554 1470 625 τὴν
1502 555 1784 623 εὐγένειαν
1827 554 2040 627 ἐπάρῃς
2069 553 2165 605 καὶ

583 651 683 721 τὴν
713 646 1091 718 περιφάνειαν,
1129 647 1222 700 καὶ
1264 647 1365 718 τὴν
1416 646 1800 718 λαμπρότητα,
1855 646 1955 717 τῆς
1995 644 2167 715 αὐτῆς

587 740 805 812 μετέχει
835 738 915 811 τῷ
968 738 1279 811 νιπτομένῳ
1312 739 1546 808 φύσεως,
1577 740 1673 794 καὶ
1704 739 1989 804 σύνδουλός
2048 740 2164 793 ἐστι

580 828 676 883 τοῦ
704 828 1136 899 θεραπευομένου
1165 829 1259 883 καὶ
1285 830 1564 900 ὁμότιμος.

655 926 744 989 ιγ’.
764 920 1046 992 Ἐννόησον
1059 920 1143 984 τίς
1158 920 1266 974 τῶν
1280 920 1539 991 μαθητῶν
1553 922 1681 984 τοὺς
1695 920 1862 985 πόδας
1881 920 2029 990 ἔνιψε
2039 959 2053 983 ,
2070 918 2165 973 καὶ

583 1012 792 1065 παῦσαί
818 1029 908 1081 μοι
943 1011 1073 1083 περὶ
1125 1012 1404 1080 εὐγενείας
1441 1011 1840 1082 διαλεγόμενος.
1896 1012 1953 1065 '0
1986 1012 2165 1074 κοινὸς

580 1103 681 1172 τῆς
710 1102 1037 1174 οἰκουμένης
1066 1103 1363 1172 Δεσπότης,
1397 1104 1426 1155 ό
1475 1102 1586 1155 τῶν
1613 1102 1861 1172 ἀγγέλων
1910 1100 2163 1172 βασιλεὺς

580 1196 678 1251 καὶ
707 1195 856 1265 mp:
906 1195 1003 1249 κα)⁸
1058 1194 1264 1247 λέντιον
1297 1193 1688 1264 περιεζώσατο,
1738 1193 1835 1246 καὶ
1881 1192 2004 1263 οὐχὶ
2054 1190 2163 1247 τῶι

583 1285 843 1357 μαθητῶν
870 1286 1052 1358 μόνον,
1082 1285 1219 1340 ἀλλά
1241 1285 1335 1339 καὶ
1365 1284 1532 1339 αὐτοῦ
1563 1283 1656 1338 τοῦ
1684 1283 1961 1355 προδότου.
2008 1279 2163 1347 Εἶδες

580 1379 745 1434 πόσον
776 1380 838 1433 τὸ
887 1381 1052 1452 μέσον
1085 1378 1179 1433 τοῦ
1209 1379 1488 1442 νίπτοντος
1520 1378 1615 1432 καλ⁸
1649 1377 1758 1431 τῶν
1785 1375 2159 1446 νιπτομένων;

516 1490 523 1493 ·
591 1472 733 1526 Ἀλλ’
755 1474 905 1543 ὅμως
931 1472 992 1526 τὸ
1020 1472 1186 1542 μέσον
1226 1472 1373 1525 ἀπαν
1399 1470 1559 1524 τοῦτο
1596 1470 1821 1542 κατέϐη,
1854 1470 1950 1524 καὶ
1991 1471 2021 1523 ό
2062 1470 2161 1521 Δε-

580 1562 784 1632 σπότης
815 1563 906 1616 τὸν
932 1561 1117 1615 δοῦλον
1154 1561 1357 1626 ἔνιψεν,
1385 1561 1471 1614 ῖνα
1501 1563 1535 1633 ή
1567 1559 1728 1632 δούλη
1757 1561 1847 1615 τὸν
1877 1560 2160 1614 σύνδουλον

582 1655 659 1726 μὴ
690 1654 1102 1725 ἐπαισχύνηται.
1130 1654 1229 1708 Διά
1274 1654 1431 1709 τοῦτο
1478 1654 1574 1709 καὶ
1618 1654 1713 1708 τοῦ
1762 1654 2039 1726 προδότου,
2070 1653 2157 1708 ἵνα

581 1747 656 1819 μὴ
691 1746 889 1817 μέλλῃς
922 1746 1120 1813 λέγειν,
1152 1748 1236 1802 ὅτι
1268 1746 1490 1818 εὐτελὴς
1517 1749 1611 1801 καί
1638 1747 2109 1819 εὐκαταφρόνητος
2130 1750 2160 1801 ό

580 1838 789 1909 μέλλων
820 1837 1113 1892 ἀπολαύειν
1131 1838 1231 1910 τῆς
1254 1838 1564 1911 θεραπείας.
1595 1839 1660 1891 Εἰ
1681 1838 1790 1909 γάρ
1816 1840 1910 1893 καὶ
1935 1838 2160 1910 εὐτελὴς

577 1925 671 1981 καὶ
714 1926 1221 2000 εὐκαταφρόνητος,
1271 1927 1386 1982 ἀλλ’
1427 1926 1579 1982 οὐπω
1625 1929 1767 1983 κατά
1819 1929 1909 1983 τὸν
1959 1927 2160 1982 Ἰούδαν

575 2019 742 2086 ἐστὶν,
769 2019 891 2074 οὐδὲ
933 2018 1159 2075 τοιαῦτά
1191 2037 1275 2074 σοι
1313 2019 1581 2092 διέθηκεν,
1616 2017 1704 2075 οἷα
1743 2022 1837 2076 τὸν
1880 2020 2160 2092 Δεσπότην

574 2112 802 2175 ἐκεῖνος,
835 2111 971 2183 μετά
1011 2111 1111 2176 τὰς
1155 2111 1356 2184 μυρίας
1400 2111 1716 2183 εὐεργεσίας
1732 2112 1836 2167 ἐπὶ
1868 2112 2158 2184 προδοσίαν

574 2204 766 2260 ἐλθών.
786 2205 923 2260 Ἀλλ’
948 2206 1098 2277 ὅμως
1143 2205 1360 2260 ἀπαντα
1404 2205 1578 2261 ταῦτα
1615 2204 1879 2278 προειδὼς
1909 2206 2089 2277 ἔνιψεν
2106 2219 2157 2274 ι,

575 2298 708 2368 ἡμῖν
744 2297 939 2367 νόμους
967 2296 1154 2361 τιθεὶς,
1186 2298 1272 2352 ῖνα
1313 2296 1417 2352 κᾶν
1449 2297 1702 2352 ἀπάντων
1726 2291 1875 2368 ὦμεν
1902 2297 2163 2370 ὑψηλότε-

576 2401 681 2456 ροι,
719 2383 820 2438 κάν
855 2385 1110 2439 ἀπάντων
1155 2384 1523 2456 λαμπρότεροι
1556 2386 1650 2439 καὶ
1685 2386 2159 2458 περιφανέστεροι,

574 2475 678 2529 κάν
701 2477 955 2530 ἁπάντων
973 2475 1190 2547 χείρους
1213 2477 1263 2529 οἰ
1287 2475 1573 2548 μέλλοντες
1595 2477 1731 2548 πρὸς
1751 2479 1899 2548 ἡμᾶς
1926 2479 2162 2547 κατάγε-

575 2565 718 2627 σθαι,
761 2565 837 2637 μὴ
868 2564 957 2619 διά
985 2564 1143 2619 τοῦτο
1167 2566 1347 2620 αὐτῶν
1384 2566 1675 2638 φεύγωμεν
1706 2569 1805 2637 τὴν
1838 2567 2158 2638 θεραπείαν,

579 2656 712 2728 μηδέ
753 2656 848 2729 τὴν
882 2655 1157 2711 εὐτέλειαν
1187 2656 1662 2728 ἐπαισχυνώμεθα.
1693 2658 1765 2711 Σὺ
1793 2658 1874 2724 δὲ,
1901 2653 1948 2712 ὧ
1975 2659 2158 2729 γύναι,

576 2750 673 2803 ἐάν
719 2748 820 2820 μέν
869 2764 993 2803 τινα
1038 2747 1150 2820 ἴδῃς
1203 2749 1262 2800 ἐν
1311 2750 1424 2812 τοῖς
1451 2747 1724 2819 βιωτικοῖς
1750 2764 1832 2802 σοι
1860 2748 2160 2821 βοηθοῦντα

576 2840 921 2913 πράγμασιν,
970 2838 1005 2910 ἦ
1054 2840 1112 2892 ἐν
1158 2837 1490 2909 δικαστηρίῳ
1536 2838 1976 2910 συμπράττοντα,
2021 2838 2054 2912 ή
2102 2842 2161 2894 ὲν

573 2932 719 3002 ᾰλλῳ
763 2931 871 2984 τινὶ
916 2929 1162 3001 τοιούτῳ,
1196 2930 1291 2984 καὶ
1336 2930 1601 3001 ἀπαντᾷς,
1644 2932 1738 2983 καὶ
1778 2930 1916 3002 μετά
1958 2930 2161 3001 πολλῆς

574 3025 707 3097 δέχῃ
731 3025 829 3096 τῆς
860 3023 1094 3088 εὐνοίας,
1128 3025 1223 3077 καὶ
1264 3025 1453 3095 χεῖρας
1496 3022 1830 3092 καταφιλεῖς,
1863 3023 1958 3076 καὶ
1989 3021 2161 3093 ἀργύ-

578 3133 692 3190 ριον
733 3115 1111 3180 καταϐάλλεις,
1141 3114 1238 3170 καὶ
1272 3116 1342 3169 τὰ
1375 3115 1482 3168 τῶν
1516 3113 1915 3187 θεραπαινίδων
1946 3117 2121 3178 ποιεῖς
2142 3131 2158 3146 ·

572 3203 643 3256 ἂν
667 3202 725 3256 δέ
752 3202 841 3256 τὸν
868 3201 1098 3274 Χριστὸν
1125 3201 1434 3255 εἰσελθόντα
1457 3201 1571 3272 ἴδῃς
1587 3200 1637 3267 δ,
1665 3202 1842 3264 όκνεῖς
1865 3200 1962 3253 καὶ
1993 3217 2163 3254 κατα-

574 3290 677 3360 δύῃ
707 3288 844 3361 πρὸς
865 3288 964 3361 τὴν
997 3287 1163 3342 αὐτοῦ
1207 3286 1541 3357 θεραπείαν;
1591 3287 1653 3339 Εἰ
1696 3287 1772 3359 μὴ
1799 3285 1876 3351 ὡς
1897 3288 1991 3341 τὸν
2025 3288 2164 3358 Χρι-

578 3375 703 3430 στὸν
734 3376 867 3446 δέχῃ
897 3377 987 3429 τὸν
1016 3375 1187 3441 ξένον,
1224 3374 1299 3445 μὴ
1329 3374 1456 3447 δέξῃ
1475 3391 1489 3405 ο
1518 3375 1567 3426 εἰ
1595 3374 1651 3427 δὲ
1677 3374 1754 3439 ὡς
1793 3375 1885 3429 τὸν
1927 3374 2161 3447 Χριστὸν

575 3464 726 3537 δέχῃ,
768 3463 842 3536 μὴ
876 3462 1243 3535 ἐπαισχυνθῇς
1268 3462 1361 3517 τοῦ
1386 3461 1623 3534 Χριστοῦ
1651 3463 1800 3533 νίψαι
1823 3465 1947 3526 τοὺς
1971 3463 2160 3528 πόδας.

574 3557 689 3626 Οὐχ
722 3556 855 3627 ὁρᾷς
900 3556 1054 3609 πόσοι
1085 3554 1195 3609 τῶν
1224 3552 1680 3626 ἐπηρεαζομένων
1717 3555 1798 3619 εἰς
1829 3554 2165 3627 ἀνδριάντων

575 3645 885 3713 κατέφυγον
920 3643 1126 3711 πόδας;
1176 3643 1372 3698 Καίτοι
1397 3659 1462 3712 γε
1490 3642 1812 3714 ἀναίσθητος
1839 3644 1875 3715 ή
1914 3643 2035 3716 ὕλη,
2069 3644 2164 3698 καὶ

577 3735 781 3804 ἄψυχος
831 3736 858 3787 ό
899 3734 1131 3806 χαλκός·
1178 3733 1296 3789 ἀλλ’
1320 3734 1468 3804 ὅμως
1512 3733 1700 3805 ἐπειδὴ
1736 3733 2000 3804 βασιλέων
2024 3735 2164 3789 εἰσὶν

577 3822 807 3886 εἰκόνες,
832 3821 1238 3894 προσεδόκησάν
1262 3838 1383 3875 τινα
1414 3820 1813 3893 καρπώσασθαι
1859 3821 2013 3894 παρά
2053 3822 2161 3876 τῶν

577 3909 753 3964 ποδῶν
779 3910 1002 3964 ἐκείνων
1027 3908 1315 3978 ὠφέλειαν.
1345 3908 1416 3961 Σὺ
1443 3908 1500 3962 δὲ
1538 3908 1637 3963 οὐκ
1667 3910 2026 3982 ἀναισθήτους
2061 3910 2162 3964 πό-

575 4003 692 4065 δας,
718 4002 838 4056 οὐδέ
868 4002 1074 4074 ἄψυχον
1098 4001 1254 4071 ῦλην,
1277 3999 1391 4055 ἀλλ’
1421 4000 1604 4054 εἰκόνα
1643 4000 1788 4057 ἔνδον
1816 4001 2046 4074 ἔχουσαν
2069 4003 2163 4058 τὸν

579 4094 800 4165 βασιλέα
825 4094 1104 4165 θεωροῦσα
1130 4096 1268 4166 πρὸς
1297 4097 1357 4150 σέ
1382 4095 1677 4158 εἰσιοῦσαν,
1699 4097 1759 4149 οὐ
1784 4097 2160 4170 προστρέχεις,

578 4186 699 4238 εἰπέ
730 4202 840 4255 μοι,
872 4187 965 4237 καὶ
1000 4185 1128 4248 τοὺς
1166 4186 1332 4249 πόδας
1358 4186 1645 4255 κατέχεις,
1675 4187 1769 4239 καὶ
1802 4188 1965 4240 παντὶ
1997 4188 2161 4260 θερα-

578 4277 723 4349 πεύῃ
750 4277 939 4347 1.06m?
959 4293 974 4342 ;
998 4276 1102 4330 Καὶ
1128 4277 1231 4331 ποῦ
1253 4277 1425 4333 ταῦτα
1448 4278 1778 4350 συγγνώμης
1799 4279 1956 4346 ἀξιας
1990 4280 2164 4351 πόσης

577 4366 636 4419 δὲ
666 4366 765 4419 οὐκ
792 4364 855 4420 ἀν
887 4366 970 4436 εἴη
1002 4367 1160 4421 τοῦτο
1179 4366 1471 4440 αἰσχύνης;
1519 4369 1803 4438 Ἐννόησον
1828 4369 1933 4423 τίνι
1972 4387 2165 4424 κοινω-

581 4455 689 4517 νεῖς
730 4453 1055 4526 φυσωμένη,
1102 4454 1198 4507 καὶ
1248 4454 1385 4527 πρὸς
1432 4453 1749 4520 ἀλαζονείαν
1798 4457 2160 4529 ἐπαιρομένη,

579 4543 674 4595 καὶ
717 4540 810 4596 τοῦ
844 4541 993 4608 ξένου
1026 4542 1123 4614 τὴν
1158 4542 1453 4615 θεραπείαν
1497 4545 1880 4617 αἰσχυνομένη.
1912 4545 2004 4617 Τῷ
2050 4545 2164 4599 δια-

579 4628 719 4697 ϐόλῳ
756 4629 1032 4701 δηλονότι*
1072 4630 1282 4684 ἐκείνου
1328 4630 1436 4703 γὰρ
1466 4633 1499 4703 ή
1532 4631 1881 4705 ὑπερηφανία
1926 4633 2159 4704 νόσημα.

581 4717 679 4770 Ἂν
701 4716 758 4770 δὲ
780 4717 1154 4790 προσδράμῃς,
1178 4719 1428 4791 ἐννόησον
1446 4719 1569 4773 τίνα
1592 4719 1866 4791 μιμῇ.Τδν
1886 4721 2163 4793 Δεσπότην

578 4804 671 4858 τὸν
701 4805 812 4871 σὺν,
847 4806 941 4859 καὶ
970 4806 1030 4860 τὺ
1057 4807 1151 4860 τοῦ
1182 4806 1420 4879 Χριστοῦ
1460 4810 1632 4873 ποιεῖς
1678 4807 1857 4880 ἔργον.
1889 4807 2022 4861 Ποία
2053 4808 2163 4862 τοί.

579 4908 675 4948 νυν
711 4892 964 4965 αἰσχύνη,
1000 4892 1033 4965 ἢ
1072 4897 1222 4948 ποῖον
1257 4895 1457 4958 δνειδος
1485 4895 1562 4968 τῷ
1590 4896 1836 4969 Δεσπότῃ
1862 4898 2162 4961 κοινωνεῖν,

580 4980 702 5034 εἰπέ
756 4997 845 5052 μοι
869 4997 886 5043 ;
913 4979 1151 5052 Αἰσχύνη
1185 4981 1285 5054 μὲν
1310 4978 1402 5035 οὖν
1428 4983 1489 5037 τὸ
1513 4980 1690 5036 ταῦτα
1715 4983 2159 5054 ἐπαισχύνεσθαι,

582 5066 675 5122 καὶ
708 5067 952 5137 νομίζειν
983 5068 1183 5133 ὄνειδος
1209 5066 1369 5136 εἶναι,
1396 5070 1533 5143 ὅπερ
1562 5069 1813 5140 ἐποίησεν
1847 5072 1875 5124 ὁ
1897 5072 2158 5144 Χριστός·

579 5154 794 5225 μεγάλα
836 5154 1089 5210 δύνανται
1136 5156 1298 5221 πόδες
1338 5156 1507 5226 ἁγίων
1537 5158 1618 5220 εἰς
1653 5157 1832 5211 οἰκίαν
1868 5158 2152 5222 εἰσιόντες·

583 5239 712 5298 αὐτὸ
742 5241 803 5294 τὸ
829 5241 1025 5312 ἔδαφος
1049 5242 1357 5313 ἀγιάζουσι,
1386 5243 1657 5315 θησαυρὸν
1685 5242 1894 5315 μυρίων
1914 5243 2163 5312 εἰσάγου-

583 5345 667 5382 σιν
699 5329 939 5398 ἀγαθῶν,
973 5330 1136 5402 φύσιν
1174 5332 1580 5404 πεπηρωμένην
1618 5330 1974 5404 διορθοῦνται,
2005 5332 2162 5403 λιμὸν

578 5417 788 5483 λύουσι,
817 5422 1018 5493 πολλὴν
1047 5422 1325 5492 εἰσάγουσι
1367 5420 1520 5494 [524]
1558 5420 1657 5493 τὴν
1684 5421 1967 5493 εὐπορίαν.
1999 5421 2159 5476 Οὑτω

582 5506 678 5560 καὶ
700 5510 748 5562 οί
773 5509 932 5573 πόδες
959 5510 1051 5564 τοῦ
1086 5511 1264 5565 Ἡλίου
1287 5512 1367 5574 εἰς
1392 5510 1493 5581 τὴν
1521 5510 1700 5564 οἰκίαν
1726 5510 1824 5582 τῆς
1850 5511 2023 5583 χήρας
2050 5513 2163 5564 εἰσ-

644 5680 670 5711 ⁸
695 5682 803 5730 Duo
824 5697 939 5733 mss.
969 5687 1164 5737 ἔνιπτεν.

648 5742 785 5814 τ’,ξιις
804 5753 859 5794 οι
882 5760 1030 5808 sum
1041 5749 1149 5814 ἔὲης
1171 5749 1314 5814 ἀράίι
1332 5750 1441 5814 cod,
1467 5748 1583 5814 τιὸ.
1598 5750 1800 5814 Eanum
1828 5750 1990 5814 gum-al
2015 5750 2154 5814 ιεοις,

581 5798 739 5853 εἱινὶίο
765 5807 810 5852 in
836 5798 987 5867 πιεπὲυ
1020 5798 1163 5869 εἶδῆέ.
1189 5798 1521 5871 Sulpi'avéiiam
1542 5798 1689 5867 ’έιδῆξ
1706 5798 1987 5875 ἰρερδιιυτ.
2022 5798 2157 5860 Emi:

1307 364 1365 419 S.
1405 362 1689 420 JOANMS
1722 358 2161 417 CHRTSOSTO!

2265 354 2571 445 Μ’ἰίῖῐίιίῗῐ)ἶ
2617 348 3166 408 CONSTANTINOP.

2269 458 2516 525 ελθόντες
2537 460 2721 515 καινόν
2747 477 2867 514 τινα
2900 462 2994 514 καὶ
3019 455 3319 532 παράδοξον
3336 458 3622 532 εὐετηρίας
3647 463 3856 517 ἐπεδεί-

2269 548 2426 614 ξαντο
2454 549 2961 621 τρόπον.Ἀρουραν
2991 549 3089 619 τὴν
3119 548 3299 603 οἰκίαν
3328 551 3431 620 τῆς
3466 550 3641 621 χήρας
3664 551 3856 621 ἐποίηο

2270 652 2351 698 σε,
2393 638 2487 690 καὶ
2513 637 2612 707 τὴν
2647 636 2833 707 ὑδρίαν
2861 636 3063 690 ἀλωνα.
3091 635 3291 698 Καινός
3310 652 3394 699 τις
3420 637 3620 707 τρόπος
3648 639 3864 707 σπόρου

2268 725 2363 778 καὶ¹
2387 724 2601 795 ἀμητοῦ
2631 724 2839 794 ἐγίνετο
2860 724 2981 777 τότε
2998 741 3012 754 ο
3034 723 3289 793 ἔσπειρεν
3318 723 3399 786 εἰς
3427 723 3489 776 τὸ
3512 722 3605 777 τοῦ
3636 724 3856 778 δικαίου

2269 815 2464 885 στόμα,
2503 814 2597 868 καὶ
2619 814 2688 867 τά
2721 812 3131 883 καταϐληθέντα
3166 810 3305 881 μετά
3336 810 3539 881 πολλῆς
3560 812 3659 882 τῆς
3686 812 3856 880 ἀφθο-

2266 903 2386 965 νίας
2422 904 2489 955 ὲκ
2532 902 2633 972 τῆς
2665 900 2852 974 ὑδρίας
2881 901 3155 971 ἐθέριξεψ
3192 898 3444 972 ἔσπειρεν
3479 900 3732 972 ἄλευρον,
3758 902 3858 954 καὶ

2266 989 2511 1062 ἐθέριζεν
2533 989 2761 1060 ἄλευρον
2783 1006 2798 1021 ·
2825 989 2927 1043 οὐκ
2947 987 3138 1060 ἐδεήθη
3170 986 3332 1058 βοῶν,
3363 988 3458 1042 καὶ
3488 987 3740 1055 ζεύγους.
3762 990 3858 1041 καὶ

2266 1077 2519 1148 ἀρότρου,
2554 1078 2647 1132 καὶ
2683 1076 2940 1140 αὐλακος,
2971 1075 3091 1129 οὐδὲ
3123 1073 3280 1129 ὑετοῦ
3302 1077 3395 1129 καὶ
3423 1076 3586 1146 ἀέρος
3610 1076 3707 1129 καὶ
3732 1075 3860 1146 δρε-

2266 1165 2466 1236 πάνης,
2506 1166 2627 1220 οὐδὲ
2674 1166 2878 1230 ἀλωνος
2929 1166 3025 1219 καὶ
3064 1164 3416 1236 δραγμάτων,
3463 1164 3583 1219 οὐδὲ
3633 1164 3863 1234 ἀνέμου

2264 1253 2650 1325 διακρινόντων
2678 1254 2783 1308 ἀπὸ
2813 1255 2908 1307 τοῦ
2940 1250 3157 1324 καρποῦ
3196 1251 3265 1305 τά
3301 1251 3501 1323 ἀχυρα,
3524 1251 3646 1304 οὐδὲ
3679 1251 3862 1322 μύλης

2263 1341 2591 1413 τριϐούσης·
2625 1340 2764 1396 ἀλλά
2813 1343 2869 1395 ἐν
2906 1343 3010 1411 μιᾷ
3036 1339 3228 1410 καιροῦ
3263 1340 3402 1408 ῥοπῇ
3444 1337 3649 1392 τούτων
3679 1338 3861 1393 ἀπάν-

2261 1445 2372 1481 των
2394 1427 2455 1480 τὸ
2480 1429 2632 1493 τέλος
2672 1421 2831 1500 εὗρεν
2858 1429 2950 1482 ἐπὶ
2978 1428 3077 1499 τῆς
3107 1427 3296 1498 ὑδρίας
3318 1444 3331 1457 ·
3362 1427 3458 1479 καὶ
3505 1425 3600 1479 δύο
3637 1425 3855 1496 πηγὰς,

2262 1516 2363 1587 τὴν
2408 1516 2506 1586 μὲν
2552 1515 2806 1588 ἀλεύρου,
2834 1516 2933 1587 τὴν
2959 1515 3017 1568 δὲ
3045 1515 3225 1569 ἐλαίου
3272 1513 3537 1584 διηνεκῶς
3580 1514 3790 1584 ἀνῆκεν
3817 1515 3853 1584 ή

2260 1601 2355 1656 τοῦ
2388 1605 2667 1675 προφήτου
2700 1604 2848 1674 φωνὴ
2859 1643 2872 1654 .
3724 1659 3731 1667 _

2338 1692 2422 1747 ιδ’.
2448 1691 2685 1746 Τοιαῦτα
2706 1690 2812 1745 τῶν
2839 1690 3009 1760 ἀγίων
3037 1690 3104 1745 τά
3128 1690 3299 1762 δῶρα,
3331 1691 3426 1744 καὶ
3445 1688 3729 1759 δαψίλειαν
3755 1685 3857 1743 καὶ

2260 1782 2512 1842 εὐκολίαν
2540 1783 2651 1855 ἔχει
2681 1782 2905 1855 πολλήν.
2933 1783 3013 1836 Τά
3038 1782 3136 1853 μὲν
3160 1784 3268 1854 γὰρ
3309 1781 3414 1837 ἀπὸ
3452 1782 3548 1853 τῆς
3585 1784 3694 1853 γῆς
3731 1781 3856 1854 δρε⁴

2262 1878 2475 1950 πόμενα
2501 1877 2830 1939 δαπανᾶται,
2866 1875 3069 1928 ἐκεῖναι
3099 1873 3155 1927 δέ
3196 1875 3252 1927 αἰ
3281 1875 3455 1946 πηγαί
3486 1872 3855 1947 ἀντλούμεναι

2261 1968 2586 2042 καθημέραν
2614 1968 2714 2021 οὐκ
2742 1965 3110 2036 ἐκενώθησαν,
3145 1964 3260 2019 ἀλλ’
3286 1960 3354 2035 ἦν
3382 1963 3691 2027 ἰσοστάσιος
3716 1965 3858 2035 πρὸς

2259 2061 2360 2133 τὴν
2389 2059 2687 2114 ἐκκένωσιν
2723 2056 2824 2127 τῆς
2859 2055 3124 2128 ἐπιρροῆς
3149 2055 3182 2125 ἡ
3211 2054 3380 2125 μάχη.
3411 2051 3650 2106 Τοιαῦτα
3697 2054 3856 2124 χαρί-

2262 2157 2444 2220 ζονται
2489 2153 2645 2215 πόδες
2693 2150 2884 2219 ἁγίων,
2919 2147 3119 2221 μᾶλλον
3161 2147 3218 2201 δέ
3268 2146 3361 2200 καὶ
3405 2144 3587 2216 πολλῷ
3630 2145 3861 2200 πλείονα

2260 2246 2465 2301 τούτων
2483 2264 2496 2276 ·
2526 2245 2621 2298 καὶ
2647 2245 2696 2297 εἰ
2725 2242 2801 2314 μὴ
2839 2242 3047 2313 μακρὸν
3070 2240 3289 2295 ἐποίουν
3320 2239 3412 2294 τὸν
3443 2238 3624 2309 λόγον,
3651 2239 3862 2301 πολλὰς

2260 2333 2328 2388 ἀν
2387 2326 2862 2404 ἀπηριθμησάμην
2909 2328 3161 2392 τοιαύτας
3215 2328 3443 2401 δωρεάς.
3480 2327 3621 2381 Ἀλλ’
3661 2327 3864 2399 ῶσπερ

2262 2425 2561 2497 τιμώμενοι
2588 2423 2815 2481 τοιαῦτα
2856 2422 3083 2493 φέρουσι
3114 2421 3285 2493 δῶρα,
3314 2420 3487 2484 οὑτως
3512 2418 3863 2491 ἀτιμαζόμε-

2263 2536 2346 2573 νοι
2376 2517 2623 2589 μεγάλην
2647 2514 2917 2584 ἐπάγουσι
2945 2515 3166 2569 κόλασιν
3193 2514 3288 2568 καὶ
3318 2512 3430 2585 πῦρ
3453 2514 3868 2585 ἀπαραίτητον,

2263 2610 2436 2665 Πόθεν
2483 2607 2644 2663 τοῦτο
2687 2606 2882 2678 δῆλον;
2933 2607 3200 2660 Ἀκουσον
3250 2604 3415 2659 αὐτοῦ
3467 2603 3561 2658 τοῦ
3619 2604 3871 2676 Χριστοῦ

2263 2698 2514 2767 λέγοντος
2538 2697 2651 2759 τοῖς
2681 2690 2951 2766 μαθηταῖς
2973 2710 2987 2725 ⁸
3021 2696 3126 2759 Εἰς
3156 2692 3238 2760 ἣν
3271 2691 3348 2746 ἂν
3378 2693 3560 2747 πόλιν
3585 2693 3625 2762 ἢ
3661 2694 3872 2747 οἰκίαν

2262 2784 2595 2852 εἰσέλθητε,
2632 2780 2972 2853 ἐρωτήσατε
3019 2783 3110 2847 τίς
3152 2780 3317 2846 ἄξιός
3361 2779 3534 2833 ἐστιν
3574 2779 3647 2832 ἐν
3677 2778 3865 2847 αὐτῇ.

2262 2872 2440 2927 κάκεῖ
2467 2872 2731 2942 μείνατε,
2776 2869 2877 2924 καί
2916 2869 3326 2938 εἰσερχόμενοι
3371 2867 3597 2937 λέγετε·
3631 2867 3870 2936 Εἰρήνη

2264 2957 2339 3028 τῇ
2360 2959 2517 3027 οἰκίᾳ
2536 2957 2876 3027 ravim.”qu
2907 2956 3018 3027 γάρ
3039 2954 3116 3027 μὴ
3143 2955 3330 3026 λέγῃς.
3364 2954 3601 3008 Δαπανῶ
3629 2956 3699 3008 τά
3724 2957 3872 3027 χρή-

2267 3064 2435 3119 ματα,
2474 3045 2753 3101 ἀναλίσκω
2790 3044 2891 3115 τὴν
2933 3043 3142 3106 οὐσίαν,
3178 3040 3460 3115 τράπεζαν
3496 3041 3875 3114 τιαρατιθείσα

2263 3135 2376 3197 τοῖς
2405 3132 2596 3200 ξένοις,
2627 3131 2792 3186 αὐτὸν
2825 3131 3093 3203 πρότερον
3114 3129 3204 3183 τὸν
3240 3129 3478 3183 εἰσιόντα
3505 3132 3871 3201 παρασκευά-

2264 3221 2349 3287 ζει
2371 3238 2453 3274 σοι
2480 3219 2702 3292 κομίσαι
2737 3218 2884 3284 ξένια
2915 3219 3010 3273 καὶ
3038 3216 3186 3289 δῶρα
3231 3219 3410 3271 πᾶσαν
3456 3217 3871 3289 ὑπερϐαίνοντα

2264 3308 2602 3380 περιουσίαν.
2646 3308 2780 3360 Ποῖα
2819 3306 2885 3376 δὴ
2933 3305 3139 3372 mira;
3172 3304 3286 3375 Τῆς
3322 3305 3545 3376 εἰρήνης
3568 3305 3669 3377 τὴν
3693 3323 3874 3378 χορη-

2265 3395 2410 3466 γίαν.
2444 3394 2666 3466 Ταύτης
2703 3392 2812 3465 γάρ
2842 3394 2955 3446 ῖσον
2991 3391 3348 3463 οὐδέν.⁹ορᾷς
3379 3392 3499 3463 μεθ’
3531 3393 3671 3463 ὅσης
3698 3395 3872 3447 εὐπο-

2270 3482 2389 3557 ρίας
2437 3484 2468 3536 ό
2511 3482 2666 3551 ἀγιος
2702 3480 3013 3553 εἰσέρχεται
3058 3481 3140 3543 εἰς
3187 3480 3288 3551 τὴν
3336 3479 3540 3548 οἰκίαν;
3583 3479 3663 3534 Τδ
3707 3482 3875 3553 ῥῆμα

2264 3568 2427 3624 τοῦτο
2463 3569 2618 3640 ψιλὸν
2670 3567 2770 3639 μέν
2818 3569 2958 3634 ἐστι,
2991 3567 3203 3640 μυρίων
3230 3568 3288 3620 δέ
3318 3566 3541 3636 ἀγαθῶν
3572 3568 3870 3634 ὑπόθεσις.

2265 3658 2331 3712 Τί
2354 3657 2463 3727 γάρ
2499 3656 2905 3727 ἀσφαλέστερον
2930 3654 3109 3718 οἰκίας
3143 3654 3342 3724 γένοιτ’
3369 3655 3439 3710 ἀν
3468 3655 3693 3728 εἰρήνης
3726 3657 3866 3711 ἀπο-

2266 3746 2571 3817 λαυούοης;
2606 3745 2846 3816 Εἰρήνην
2880 3743 2937 3796 δὲ
2969 3744 3295 3814 ἐπεύχονται
3322 3745 3375 3797 οἰ
3400 3744 3546 3812 ἀγιοι
3576 3746 3688 3808 τοῖς
3727 3746 3872 3798 ὑπο-

2266 3837 2600 3909 δεχομένοις,
2633 3836 2695 3889 οὐ
2732 3836 2832 3906 τὴν
2877 3834 3014 3906 πρὸς
3053 3834 3318 3906 ἀλλήλους
3359 3836 3540 3906 μόνον,
3573 3836 3712 3889 ἀλλὰ
3767 3840 3872 3891 καὶ

2266 3929 2366 3999 τὴν
2408 3928 2546 3998 πρὸς
2591 3928 2739 3997 ἡμᾶς
2795 3925 3012 3990 αὐτούς.
3043 3925 3311 3986 Πολλάκις
3350 3925 3483 3993 γοῦν
3525 3925 3769 3997 πόλεμον
3802 3929 3866 3979 ἐν

2266 4021 2380 4082 τοῖς
2424 4017 2706 4088 λογισμοῖς
2751 4015 2969 4086 ἔχομεν,
2997 4017 3092 4069 καὶ
3131 4014 3359 4086 μηδενὸς
3390 4013 3737 4085 ἐνοχλοῦντος
3768 4033 3865 4068 τσ-

2270 4104 2615 4177 ραττόμεθα,
2658 4103 2754 4157 καὶ⁵
2801 4103 3091 4174 ἐπιθυμίαι
3139 4102 3374 4173 πονηραὶ
3432 4101 3674 4173 συνεχῶς
3721 4105 3868 4172 ἡμῖν

2268 4193 2676 4246 ἐπανίστανται.
2708 4191 2817 4246 Καὶ
2845 4191 3050 4262 ταύτην
3081 4186 3176 4244 οὖν
3206 4189 3557 4244 καταστέλλει
3598 4189 3698 4261 τὴν
3753 4190 3865 4260 μά.

2269 4298 2372 4353 χην
2410 4282 2585 4334 ἐκεῖνο
2629 4280 2736 4334 τῶν
2784 4280 2956 4349 ἀγίων
2999 4281 3060 4334 τὸ
3106 4280 3280 4351 ῥῆμα,
3319 4280 3413 4333 καὶ
3457 4278 3659 4349 πολλὴν
3709 4278 3861 4332 ἔνδον

2270 4369 2417 4423 ποιεῖ
2441 4369 2701 4440 γαλήνην.
2721 4367 2885 4440 Ὀμοῦ
2919 4385 2976 4422 τε
3009 4367 3118 4439 γάρ
3161 4367 3368 4431 ἐκεῖνος
3413 4365 3733 4437 ἐφθέγξατο,
3760 4367 3860 4419 καὶ

2269 4458 2421 4511 πάσα
2483 4456 2782 4528 ἐνθύμησις
2841 4455 3123 4527 διαϐολικὴ
3194 4456 3289 4509 καὶ
3346 4454 3607 4525 λογισμὸς
3655 4454 3858 4516 ἄτοπος

2269 4545 2666 4617 ἐδραπέτευσεν
2696 4546 2761 4599 ἐκ
2784 4544 2884 4616 τῆς
2912 4543 3187 4616 ήμετέρας
3206 4543 3388 4615 ψυχῆς
3407 4559 3422 4574 ⁸
3458 4542 3600 4601 ὥστε
3635 4541 3859 4614 μείζονα

2268 4631 2570 4703 λαμϐάνεις
2616 4631 2649 4703 ἢ
2698 4631 2876 4695 δίδως.
2937 4631 3067 4686 Κᾶν
3115 4631 3235 4701 μὲν
3280 4629 3604 4696 δέξωνται,
3648 4630 3857 4700 φησίν,

2266 4720 2444 4790 ὑμᾶς,
2472 4720 2690 4776 ἐλθέτω
2720 4721 2758 4789 ἡ
2782 4720 2987 4788 εἰρήνη
3015 4720 3381 4786 ἑπάὺτούςο
3410 4719 3522 4773 ἐὰν
3545 4717 3618 4772 δὲ
3648 4722 3736 4787 μὴ
3757 4716 3862 4771 δέ·

2270 4809 2486 4873 ξων-ται
2510 4850 2524 4873 ,
2569 4806 2920 4872 ἐκτινάξατε
2975 4806 3084 4861 τὸν
3133 4806 3447 4877 κονιορτόν
3491 4806 3614 4860 τῶν
3656 4804 3867 4859 ποδῶν

2268 4895 2456 4966 ὑμῶν.
2486 4895 2685 4965 Ἀμὴν,
2724 4895 2881 4967 λέγω
2925 4896 3087 4966 ὑμῖν,
3135 4897 3530 4966 ἀνεκτότερον
3565 4895 3741 4949 ἔσται
3780 4891 3864 4963 τῇ

2269 4983 2547 5054 Σοδόμων
2567 4984 2665 5038 καί
2695 4985 3001 5052 Γομόρῥας
3022 4983 3093 5037 ἐν
3131 4983 3206 5053 τῇ
3236 4986 3427 5054 ἡμέρᾳ
3455 4983 3686 5051 ἐκείνῃ,
3712 4983 3751 5051 ἢ
3782 4979 3866 5050 fi

2269 5073 2442 5125 ,πόλει
2471 5071 2878 5143 ἐκείνῃ.⁹ορᾷς
2909 5072 2993 5124 ὅτι
3031 5071 3425 5143 ἀτιμαζόμενοι
3474 5071 3633 5135 πόδες
3684 5070 3868 5138 ἁγίων

2270 5160 2437 5213 πόσον
2459 5160 2722 5228 ἐπάγουσι
2750 5159 2898 5230 πῦρ;
2926 5159 3029 5212 Διά
3065 5160 3223 5214 τοῦτο
3270 5160 3481 5214 κελεύει
3527 5160 3742 5212 νίπτειν
3769 5158 3872 5210 αὑ-

2268 5250 2417 5313 τοὺς,
2446 5248 2533 5301 ἵνα
2571 5247 2995 5318 θεραπευόμενοι
3043 5247 3248 5319 πολλὴν
3294 5249 3429 5319 ήμῖν
3482 5248 3870 5320 προξενήσωσι

2269 5339 2423 5412 παρὰ
2453 5335 2531 5407 τῷ
2553 5337 2672 5409 Θεῷ
2692 5336 2794 5407 τὴν
2825 5338 3170 5410 παρῤησίαν“
3200 5338 3335 5408 όμοῦ
3363 5337 3422 5391 δὲ
3449 5336 3545 5390 καὶ
3571 5338 3752 5389 ἐκεῖνο
3773 5333 3874 5387 διὰ

2268 5429 2474 5499 ταύτης
2524 5428 2675 5497 ἡμᾶς
2720 5426 2965 5480 παιδεύει
2987 5427 3091 5496 τῆς
3121 5426 3521 5497 παραινέσεως,
3540 5423 3621 5486 ,τά
3643 5424 3745 5495 τῆς
3768 5439 3875 5492 φι-

2268 5514 2512 5583 λοξενίας
2555 5516 2691 5587 ἔργα
2740 5512 2893 5585 [5ἳ51
2937 5513 3004 5566 δι’
3045 5514 3255 5568 ἑαυτῶν
3303 5513 3520 5566 ᾶπαντα
3567 5511 3868 5565 ἐπιτελεῖν.

2270 5604 2528 5676 Μίμησαι
2563 5604 2657 5656 τὸν
2695 5601 2964 5672 Ἀϐραάμ,
3017 5600 3175 5670 γενοῦ
3217 5601 3466 5672 θυγάτηρ
3515 5600 3754 5662 ἐκείνω,
3806 5599 3881 5658 ἃς

2269 5692 2618 5764 τριακοσίους
2658 5691 2789 5745 δέκα
2834 5689 2930 5745 καὶ
2962 5687 3106 5743 ὀκτὼ
3138 5689 3279 5760 ἔχων
3323 5689 3646 5757 οἰκογενεῖς,
3697 5685 3876 5745 αὐτὲς

2277 5780 2415 5850 μετά
2465 5781 2565 5851 τῆς
2620 5779 2879 5850 γυναικὸς
2929 5778 3241 5848 διενείματο
3288 5778 3386 5843 τῆς
3430 5775 3739 5851 φιλοξενίας
3767 5769 3875 5825 τὸν
