  <div class='ocr_page' id='page_1' title='image "/cluster/home/n/w/nwhite01/storage/ocr_20150623/51/mdp.39015052813998/330.png"; bbox 0 0 4060 6260; ppageno 0'>
   <div class='ocr_carea' id='block_1_1' title="bbox 387 285 493 347">
    <p class='ocr_par' dir='ltr' id='par_1_1' title="bbox 387 285 493 347">
     <span class='ocr_line' id='line_1_1' title="bbox 387 285 493 347; baseline -0.038 -1"><span class='ocrx_word' id='word_1_1' title='bbox 387 285 493 347; x_wconf 73' lang='lat'><strong>33$</strong></span> 
     </span>
    </p>
   </div>
   <div class='ocr_carea' id='block_1_2' title="bbox 390 389 1978 463">
    <p class='ocr_par' dir='ltr' id='par_1_2' title="bbox 390 389 1978 463">
     <span class='ocr_line' id='line_1_2' title="bbox 390 389 1978 463; baseline -0.009 -5"><span class='ocrx_word' id='word_1_2' title='bbox 390 395 630 459; x_wconf 77' lang='lat' dir='ltr'><strong>lavabit?</strong></span> <span class='ocrx_word' id='word_1_3' title='bbox 660 405 837 448; x_wconf 83' lang='lat' dir='ltr'><strong>nonne</strong></span> <span class='ocrx_word' id='word_1_4' title='bbox 872 392 973 447; x_wconf 89' lang='lat' dir='ltr'><strong>hoc</strong></span> <span class='ocrx_word' id='word_1_5' title='bbox 1009 399 1161 463; x_wconf 86' lang='lat' dir='ltr'><strong>turpe</strong></span> <span class='ocrx_word' id='word_1_6' title='bbox 1205 394 1360 448; x_wconf 81' lang='lat' dir='ltr'><strong>fuerit</strong></span> <span class='ocrx_word' id='word_1_7' title='bbox 1385 389 1411 447; x_wconf 71' lang='lat'><strong>7</strong></span> <span class='ocrx_word' id='word_1_8' title='bbox 1433 392 1612 463; x_wconf 80' lang='lat' dir='ltr'><strong>Turpe</strong></span> <span class='ocrx_word' id='word_1_9' title='bbox 1656 407 1783 447; x_wconf 84' lang='lat' dir='ltr'><strong>sane</strong></span> <span class='ocrx_word' id='word_1_10' title='bbox 1825 390 1978 445; x_wconf 83' lang='lat' dir='ltr'><strong>fuerit</strong></span> 
     </span>
    </p>
   </div>
   <div class='ocr_carea' id='block_1_3' title="bbox 395 481 1979 552">
    <p class='ocr_par' dir='ltr' id='par_1_3' title="bbox 395 481 1979 552">
     <span class='ocr_line' id='line_1_3' title="bbox 395 481 1979 552; baseline -0.006 -7"><span class='ocrx_word' id='word_1_11' title='bbox 395 491 443 545; x_wconf 87' lang='lat' dir='ltr'><strong>si</strong></span> <span class='ocrx_word' id='word_1_12' title='bbox 474 504 581 544; x_wconf 93' lang='lat' dir='ltr'><strong>non</strong></span> <span class='ocrx_word' id='word_1_13' title='bbox 608 487 769 552; x_wconf 88' lang='lat' dir='ltr'><strong>lavet,</strong></span> <span class='ocrx_word' id='word_1_14' title='bbox 794 490 865 539; x_wconf 84' lang='lat' dir='ltr'><strong>mi</strong></span> <span class='ocrx_word' id='word_1_15' title='bbox 887 483 1069 539; x_wconf 90' lang='lat' dir='ltr'><strong>homo.</strong></span> <span class='ocrx_word' id='word_1_16' title='bbox 1102 481 1452 551; x_wconf 69' lang='lat' dir='ltr'><strong>Quantu’mvis</strong></span> <span class='ocrx_word' id='word_1_17' title='bbox 1479 483 1622 537; x_wconf 92' lang='lat' dir='ltr'><strong>enim</strong></span> <span class='ocrx_word' id='word_1_18' title='bbox 1652 482 1979 537; x_wconf 79' lang='lat' dir='ltr'><strong>nobilitatem</strong></span> 
     </span>
    </p>
   </div>
   <div class='ocr_carea' id='block_1_4' title="bbox 391 572 1983 650">
    <p class='ocr_par' dir='ltr' id='par_1_4' title="bbox 391 572 1983 650">
     <span class='ocr_line' id='line_1_4' title="bbox 391 572 1983 650; baseline -0.006 -15"><span class='ocrx_word' id='word_1_19' title='bbox 391 581 562 650; x_wconf 84' lang='lat' dir='ltr'><strong>ipsius</strong></span> <span class='ocrx_word' id='word_1_20' title='bbox 606 577 657 630; x_wconf 92' lang='lat' dir='ltr'><strong>in</strong></span> <span class='ocrx_word' id='word_1_21' title='bbox 688 576 876 632; x_wconf 66' lang='lat' dir='ltr'><strong>caelum</strong></span> <span class='ocrx_word' id='word_1_22' title='bbox 906 574 1115 642; x_wconf 78' lang='lat' dir='ltr'><strong>efferas,</strong></span> <span class='ocrx_word' id='word_1_23' title='bbox 1172 582 1225 627; x_wconf 92' lang='lat' dir='ltr'><strong>et</strong></span> <span class='ocrx_word' id='word_1_24' title='bbox 1251 573 1545 627; x_wconf 74' lang='lat' dir='ltr'><strong>claritatem</strong></span> <span class='ocrx_word' id='word_1_25' title='bbox 1575 572 1785 643; x_wconf 80' lang='lat' dir='ltr'><strong>generis</strong></span> <span class='ocrx_word' id='word_1_26' title='bbox 1823 582 1983 643; x_wconf 90' lang='lat' dir='ltr'><strong>atque</strong></span> 
     </span>
    </p>
   </div>
   <div class='ocr_carea' id='block_1_5' title="bbox 391 664 1981 740">
    <p class='ocr_par' dir='ltr' id='par_1_5' title="bbox 391 664 1981 740">
     <span class='ocr_line' id='line_1_5' title="bbox 391 664 1981 740; baseline -0.005 -16"><span class='ocrx_word' id='word_1_27' title='bbox 391 668 755 740; x_wconf 85' lang='lat' dir='ltr'><strong>splendorem,</strong></span> <span class='ocrx_word' id='word_1_28' title='bbox 809 666 1048 736; x_wconf 90' lang='lat' dir='ltr'><strong>ejusdem</strong></span> <span class='ocrx_word' id='word_1_29' title='bbox 1094 664 1357 735; x_wconf 78' lang='lat' dir='ltr'><strong>particeps</strong></span> <span class='ocrx_word' id='word_1_30' title='bbox 1402 673 1487 718; x_wconf 88' lang='lat' dir='ltr'><strong>est</strong></span> <span class='ocrx_word' id='word_1_31' title='bbox 1526 670 1728 717; x_wconf 75' lang='lat' dir='ltr'><strong>natura:</strong></span> <span class='ocrx_word' id='word_1_32' title='bbox 1760 677 1882 716; x_wconf 90' lang='lat' dir='ltr'><strong>cum</strong></span> <span class='ocrx_word' id='word_1_33' title='bbox 1910 674 1981 716; x_wconf 85' lang='lat' dir='ltr'><strong>eo</strong></span> 
     </span>
    </p>
   </div>
   <div class='ocr_carea' id='block_1_6' title="bbox 391 752 1981 829">
    <p class='ocr_par' dir='ltr' id='par_1_6' title="bbox 391 752 1981 829">
     <span class='ocr_line' id='line_1_6' title="bbox 391 752 1981 829; baseline -0.004 -17"><span class='ocrx_word' id='word_1_34' title='bbox 391 759 483 829; x_wconf 91' lang='lat' dir='ltr'><strong>qui</strong></span> <span class='ocrx_word' id='word_1_35' title='bbox 521 758 770 823; x_wconf 85' lang='lat' dir='ltr'><strong>abluitur,</strong></span> <span class='ocrx_word' id='word_1_36' title='bbox 794 765 848 810; x_wconf 92' lang='lat' dir='ltr'><strong>et</strong></span> <span class='ocrx_word' id='word_1_37' title='bbox 896 771 1152 811; x_wconf 89' lang='lat' dir='ltr'><strong>conserva</strong></span> <span class='ocrx_word' id='word_1_38' title='bbox 1184 755 1325 809; x_wconf 89' lang='lat' dir='ltr'><strong>illius</strong></span> <span class='ocrx_word' id='word_1_39' title='bbox 1351 763 1453 822; x_wconf 91' lang='lat' dir='ltr'><strong>est,</strong></span> <span class='ocrx_word' id='word_1_40' title='bbox 1479 761 1533 809; x_wconf 91' lang='lat' dir='ltr'><strong>et</strong></span> <span class='ocrx_word' id='word_1_41' title='bbox 1558 752 1759 808; x_wconf 84' lang='lat' dir='ltr'><strong>honore</strong></span> <span class='ocrx_word' id='word_1_42' title='bbox 1788 767 1882 823; x_wconf 91' lang='lat' dir='ltr'><strong>par</strong></span> <span class='ocrx_word' id='word_1_43' title='bbox 1908 752 1981 806; x_wconf 88' lang='lat' dir='ltr'><strong>illi</strong></span> 
     </span>
    </p>
   </div>
   <div class='ocr_carea' id='block_1_7' title="bbox 395 847 1099 916">
    <p class='ocr_par' dir='ltr' id='par_1_7' title="bbox 395 847 1099 916">
     <span class='ocr_line' id='line_1_7' title="bbox 395 847 1099 916; baseline -0.007 -12"><span class='ocrx_word' id='word_1_44' title='bbox 395 849 480 904; x_wconf 88' lang='lat' dir='ltr'><strong>cui</strong></span> <span class='ocrx_word' id='word_1_45' title='bbox 508 847 746 903; x_wconf 80' lang='lat' dir='ltr'><strong>defertur</strong></span> <span class='ocrx_word' id='word_1_46' title='bbox 766 847 1099 916; x_wconf 88' lang='lat' dir='ltr'><strong>obsequium.</strong></span> 
     </span>
    </p>
   </div>
   <div class='ocr_carea' id='block_1_8' title="bbox 467 935 1982 1007">
    <p class='ocr_par' dir='ltr' id='par_1_8' title="bbox 467 935 1982 1007">
     <span class='ocr_line' id='line_1_8' title="bbox 467 935 1982 1007; baseline -0.002 -14"><span class='ocrx_word' id='word_1_47' title='bbox 467 939 553 993; x_wconf 81' lang='grc'><strong>15.</strong></span> <span class='ocrx_word' id='word_1_48' title='bbox 584 937 889 1007; x_wconf 76' lang='lat' dir='ltr'><strong>Exemplum</strong></span> <span class='ocrx_word' id='word_1_49' title='bbox 928 937 1115 991; x_wconf 85' lang='lat' dir='ltr'><strong>Christi</strong></span> <span class='ocrx_word' id='word_1_50' title='bbox 1137 937 1287 1006; x_wconf 82' lang='lat' dir='ltr'><strong>pedes</strong></span> <span class='ocrx_word' id='word_1_51' title='bbox 1307 936 1522 991; x_wconf 76' lang='lat' dir='ltr'><strong>levantis</strong></span> <span class='ocrx_word' id='word_1_52' title='bbox 1542 953 1560 1001; x_wconf 90' lang='lat'><em>;</em></span> <span class='ocrx_word' id='word_1_53' title='bbox 1581 935 1710 990; x_wconf 88' lang='lat' dir='ltr'><strong>bona</strong></span> <span class='ocrx_word' id='word_1_54' title='bbox 1728 951 1790 989; x_wconf 80' lang='lat' dir='ltr'><strong>ea:</strong></span> <span class='ocrx_word' id='word_1_55' title='bbox 1815 951 1982 990; x_wconf 84' lang='lat' dir='ltr'><strong>susce-</strong></span> 
     </span>
    </p>
   </div>
   <div class='ocr_carea' id='block_1_9' title="bbox 394 1026 1980 1102">
    <p class='ocr_par' dir='ltr' id='par_1_9' title="bbox 394 1026 1980 1102">
     <span class='ocr_line' id='line_1_9' title="bbox 394 1026 1980 1102; baseline -0.003 -19"><span class='ocrx_word' id='word_1_56' title='bbox 394 1031 566 1102; x_wconf 81' lang='lat' dir='ltr'><strong>ptione</strong></span> <span class='ocrx_word' id='word_1_57' title='bbox 579 1031 952 1100; x_wconf 77' lang='lat' dir='ltr'><strong>peregrinorum</strong></span> <span class='ocrx_word' id='word_1_58' title='bbox 975 1029 1231 1082; x_wconf 76' lang='lat' dir='ltr'><strong>manantia</strong></span> <span class='ocrx_word' id='word_1_59' title='bbox 1243 1044 1264 1092; x_wconf 86' lang='lat'><strong><em>;</em></strong></span> <span class='ocrx_word' id='word_1_60' title='bbox 1276 1026 1557 1096; x_wconf 69' lang='lat' dir='ltr'><strong>exemplum</strong></span> <span class='ocrx_word' id='word_1_61' title='bbox 1574 1026 1980 1094; x_wconf 73' lang='lat' dir='ltr'><strong>oiduw.-—-Cogi-</strong></span> 
     </span>
    </p>
   </div>
   <div class='ocr_carea' id='block_1_10' title="bbox 396 1116 1982 1189">
    <p class='ocr_par' dir='ltr' id='par_1_10' title="bbox 396 1116 1982 1189">
     <span class='ocr_line' id='line_1_10' title="bbox 396 1116 1982 1189; baseline -0.001 -17"><span class='ocrx_word' id='word_1_62' title='bbox 396 1130 446 1173; x_wconf 89' lang='lat' dir='ltr'><strong>ta</strong></span> <span class='ocrx_word' id='word_1_63' title='bbox 464 1121 582 1189; x_wconf 88' lang='lat' dir='ltr'><strong>quis</strong></span> <span class='ocrx_word' id='word_1_64' title='bbox 597 1128 711 1173; x_wconf 90' lang='lat' dir='ltr'><strong>erat</strong></span> <span class='ocrx_word' id='word_1_65' title='bbox 728 1120 813 1172; x_wconf 91' lang='lat' dir='ltr'><strong>ille</strong></span> <span class='ocrx_word' id='word_1_66' title='bbox 832 1120 921 1189; x_wconf 90' lang='lat' dir='ltr'><strong>qui</strong></span> <span class='ocrx_word' id='word_1_67' title='bbox 939 1119 1313 1188; x_wconf 87' lang='lat' dir='ltr'><strong>discipulorum</strong></span> <span class='ocrx_word' id='word_1_68' title='bbox 1333 1117 1495 1187; x_wconf 87' lang='lat' dir='ltr'><strong>pedes</strong></span> <span class='ocrx_word' id='word_1_69' title='bbox 1510 1117 1655 1181; x_wconf 85' lang='lat' dir='ltr'><strong>lavit,</strong></span> <span class='ocrx_word' id='word_1_70' title='bbox 1671 1132 1734 1172; x_wconf 91' lang='lat' dir='ltr'><strong>ac</strong></span> <span class='ocrx_word' id='word_1_71' title='bbox 1748 1117 1813 1171; x_wconf 90' lang='lat' dir='ltr'><strong>de</strong></span> <span class='ocrx_word' id='word_1_72' title='bbox 1832 1116 1982 1171; x_wconf 85' lang='lat' dir='ltr'><strong>nobi-</strong></span> 
     </span>
    </p>
   </div>
   <div class='ocr_carea' id='block_1_11' title="bbox 394 1208 1978 1266">
    <p class='ocr_par' dir='ltr' id='par_1_11' title="bbox 394 1208 1978 1266">
     <span class='ocr_line' id='line_1_11' title="bbox 394 1208 1978 1266; baseline -0.003 -1"><span class='ocrx_word' id='word_1_73' title='bbox 394 1211 543 1266; x_wconf 87' lang='lat' dir='ltr'><strong>litate</strong></span> <span class='ocrx_word' id='word_1_74' title='bbox 582 1211 741 1265; x_wconf 88' lang='lat' dir='ltr'><strong>verba</strong></span> <span class='ocrx_word' id='word_1_75' title='bbox 778 1211 953 1265; x_wconf 90' lang='lat' dir='ltr'><strong>facere</strong></span> <span class='ocrx_word' id='word_1_76' title='bbox 981 1210 1181 1265; x_wconf 87' lang='lat' dir='ltr'><strong>desine.</strong></span> <span class='ocrx_word' id='word_1_77' title='bbox 1209 1208 1519 1264; x_wconf 90' lang='lat' dir='ltr'><strong>Communis</strong></span> <span class='ocrx_word' id='word_1_78' title='bbox 1543 1208 1688 1263; x_wconf 88' lang='lat' dir='ltr'><strong>orbis</strong></span> <span class='ocrx_word' id='word_1_79' title='bbox 1718 1217 1978 1263; x_wconf 88' lang='lat' dir='ltr'><strong>terrarum</strong></span> 
     </span>
    </p>
   </div>
   <div class='ocr_carea' id='block_1_12' title="bbox 397 1297 1982 1371">
    <p class='ocr_par' dir='ltr' id='par_1_12' title="bbox 397 1297 1982 1371">
     <span class='ocr_line' id='line_1_12' title="bbox 397 1297 1982 1371; baseline -0.003 -15"><span class='ocrx_word' id='word_1_80' title='bbox 397 1302 672 1367; x_wconf 83' lang='lat' dir='ltr'><strong>Dominus,</strong></span> <span class='ocrx_word' id='word_1_81' title='bbox 704 1300 815 1354; x_wconf 80' lang='lat' dir='ltr'><strong>Rex</strong></span> <span class='ocrx_word' id='word_1_82' title='bbox 839 1300 1147 1371; x_wconf 85' lang='lat' dir='ltr'><strong>angelorum</strong></span> <span class='ocrx_word' id='word_1_83' title='bbox 1166 1308 1220 1354; x_wconf 90' lang='lat' dir='ltr'><strong>et</strong></span> <span class='ocrx_word' id='word_1_84' title='bbox 1244 1300 1390 1366; x_wconf 84' lang='lat' dir='ltr'><strong>lavit,</strong></span> <span class='ocrx_word' id='word_1_85' title='bbox 1408 1307 1461 1353; x_wconf 90' lang='lat' dir='ltr'><strong>et</strong></span> <span class='ocrx_word' id='word_1_86' title='bbox 1490 1298 1652 1353; x_wconf 89' lang='lat' dir='ltr'><strong>linteo</strong></span> <span class='ocrx_word' id='word_1_87' title='bbox 1680 1313 1737 1353; x_wconf 93' lang='lat' dir='ltr'><strong>se</strong></span> <span class='ocrx_word' id='word_1_88' title='bbox 1760 1297 1982 1368; x_wconf 66' lang='lat' dir='ltr'><strong>prtecin-</strong></span> 
     </span>
    </p>
   </div>
   <div class='ocr_carea' id='block_1_13' title="bbox 394 1388 1981 1459">
    <p class='ocr_par' dir='ltr' id='par_1_13' title="bbox 394 1388 1981 1459">
     <span class='ocr_line' id='line_1_13' title="bbox 394 1388 1981 1459; baseline -0.001 -14"><span class='ocrx_word' id='word_1_89' title='bbox 394 1393 493 1457; x_wconf 81' lang='lat' dir='ltr'><strong>xit,</strong></span> <span class='ocrx_word' id='word_1_90' title='bbox 512 1406 613 1446; x_wconf 92' lang='lat' dir='ltr'><strong>nec</strong></span> <span class='ocrx_word' id='word_1_91' title='bbox 641 1391 1021 1459; x_wconf 88' lang='lat' dir='ltr'><strong>discipulorum</strong></span> <span class='ocrx_word' id='word_1_92' title='bbox 1051 1399 1276 1449; x_wconf 78' lang='lat' dir='ltr'><strong>tantum.</strong></span> <span class='ocrx_word' id='word_1_93' title='bbox 1301 1389 1394 1444; x_wconf 91' lang='lat' dir='ltr'><strong>sed</strong></span> <span class='ocrx_word' id='word_1_94' title='bbox 1417 1397 1470 1443; x_wconf 90' lang='lat' dir='ltr'><strong>et</strong></span> <span class='ocrx_word' id='word_1_95' title='bbox 1504 1388 1788 1459; x_wconf 85' lang='lat' dir='ltr'><strong>proditoris</strong></span> <span class='ocrx_word' id='word_1_96' title='bbox 1812 1388 1981 1458; x_wconf 89' lang='lat' dir='ltr'><strong>ipsius</strong></span> 
     </span>
    </p>
   </div>
   <div class='ocr_carea' id='block_1_14' title="bbox 396 1480 1979 1552">
    <p class='ocr_par' dir='ltr' id='par_1_14' title="bbox 396 1480 1979 1552">
     <span class='ocr_line' id='line_1_14' title="bbox 396 1480 1979 1552; baseline -0.001 -17"><span class='ocrx_word' id='word_1_97' title='bbox 396 1482 417 1552; x_wconf 93' lang='lat'><strong>(</strong></span> <span class='ocrx_word' id='word_1_98' title='bbox 442 1483 632 1537; x_wconf 86' lang='lat' dir='ltr'><strong>Joann.</strong></span> <span class='ocrx_word' id='word_1_99' title='bbox 679 1482 765 1537; x_wconf 78' lang='grc'><strong>15.</strong></span> <span class='ocrx_word' id='word_1_100' title='bbox 813 1482 867 1536; x_wconf 74' lang='grc'><strong>4.</strong></span> <span class='ocrx_word' id='word_1_101' title='bbox 896 1498 1002 1552; x_wconf 90' lang='lat' dir='ltr'><strong>sqq.</strong></span> <span class='ocrx_word' id='word_1_102' title='bbox 1025 1480 1065 1552; x_wconf 89' lang='lat'><strong>).</strong></span> <span class='ocrx_word' id='word_1_103' title='bbox 1092 1480 1251 1536; x_wconf 87' lang='lat' dir='ltr'><strong>Vides</strong></span> <span class='ocrx_word' id='word_1_104' title='bbox 1277 1488 1532 1551; x_wconf 91' lang='lat' dir='ltr'><strong>quantum</strong></span> <span class='ocrx_word' id='word_1_105' title='bbox 1577 1481 1716 1534; x_wconf 91' lang='lat' dir='ltr'><strong>inter</strong></span> <span class='ocrx_word' id='word_1_106' title='bbox 1739 1495 1859 1534; x_wconf 93' lang='lat' dir='ltr'><strong>eum</strong></span> <span class='ocrx_word' id='word_1_107' title='bbox 1890 1480 1979 1549; x_wconf 90' lang='lat' dir='ltr'><strong>qui</strong></span> 
     </span>
    </p>
   </div>
   <div class='ocr_carea' id='block_1_15' title="bbox 398 1571 1981 1644">
    <p class='ocr_par' dir='ltr' id='par_1_15' title="bbox 398 1571 1981 1644">
     <span class='ocr_line' id='line_1_15' title="bbox 398 1571 1981 1644; baseline -0.003 -16"><span class='ocrx_word' id='word_1_108' title='bbox 398 1573 629 1638; x_wconf 85' lang='lat' dir='ltr'><strong>lavabat,</strong></span> <span class='ocrx_word' id='word_1_109' title='bbox 661 1582 714 1627; x_wconf 92' lang='lat' dir='ltr'><strong>et</strong></span> <span class='ocrx_word' id='word_1_110' title='bbox 756 1588 850 1628; x_wconf 90' lang='lat' dir='ltr'><strong>eos</strong></span> <span class='ocrx_word' id='word_1_111' title='bbox 872 1574 959 1644; x_wconf 92' lang='lat' dir='ltr'><strong>qui</strong></span> <span class='ocrx_word' id='word_1_112' title='bbox 983 1572 1297 1627; x_wconf 81' lang='lat' dir='ltr'><strong>lavabantur</strong></span> <span class='ocrx_word' id='word_1_113' title='bbox 1325 1579 1470 1626; x_wconf 87' lang='lat' dir='ltr'><strong>esset</strong></span> <span class='ocrx_word' id='word_1_114' title='bbox 1491 1571 1860 1626; x_wconf 77' lang='lat' dir='ltr'><strong>intervallum?</strong></span> <span class='ocrx_word' id='word_1_115' title='bbox 1886 1573 1981 1624; x_wconf 89' lang='lat' dir='ltr'><strong>At-</strong></span> 
     </span>
    </p>
   </div>
   <div class='ocr_carea' id='block_1_16' title="bbox 392 1662 1981 1728">
    <p class='ocr_par' dir='ltr' id='par_1_16' title="bbox 392 1662 1981 1728">
     <span class='ocr_line' id='line_1_16' title="bbox 392 1662 1981 1728; baseline -0.003 -8"><span class='ocrx_word' id='word_1_116' title='bbox 392 1672 576 1720; x_wconf 82' lang='lat' dir='ltr'><strong>tamen</strong></span> <span class='ocrx_word' id='word_1_117' title='bbox 627 1672 736 1719; x_wconf 92' lang='lat' dir='ltr'><strong>toto</strong></span> <span class='ocrx_word' id='word_1_118' title='bbox 767 1664 868 1719; x_wconf 90' lang='lat' dir='ltr'><strong>hoc</strong></span> <span class='ocrx_word' id='word_1_119' title='bbox 910 1663 1189 1719; x_wconf 89' lang='lat' dir='ltr'><strong>intervallo</strong></span> <span class='ocrx_word' id='word_1_120' title='bbox 1230 1678 1289 1718; x_wconf 91' lang='lat' dir='ltr'><strong>se</strong></span> <span class='ocrx_word' id='word_1_121' title='bbox 1333 1662 1567 1728; x_wconf 88' lang='lat' dir='ltr'><strong>demisit,</strong></span> <span class='ocrx_word' id='word_1_122' title='bbox 1622 1671 1675 1716; x_wconf 93' lang='lat' dir='ltr'><strong>et</strong></span> <span class='ocrx_word' id='word_1_123' title='bbox 1727 1662 1981 1716; x_wconf 90' lang='lat' dir='ltr'><strong>Dominus</strong></span> 
     </span>
    </p>
   </div>
   <div class='ocr_carea' id='block_1_17' title="bbox 394 1752 1979 1819">
    <p class='ocr_par' dir='ltr' id='par_1_17' title="bbox 394 1752 1979 1819">
     <span class='ocr_line' id='line_1_17' title="bbox 394 1752 1979 1819; baseline 0.001 -13"><span class='ocrx_word' id='word_1_124' title='bbox 394 1767 609 1808; x_wconf 88' lang='lat' dir='ltr'><strong>servum</strong></span> <span class='ocrx_word' id='word_1_125' title='bbox 641 1754 788 1819; x_wconf 87' lang='lat' dir='ltr'><strong>lavit,</strong></span> <span class='ocrx_word' id='word_1_126' title='bbox 816 1762 872 1809; x_wconf 92' lang='lat' dir='ltr'><strong>ut</strong></span> <span class='ocrx_word' id='word_1_127' title='bbox 897 1769 1051 1810; x_wconf 88' lang='lat' dir='ltr'><strong>serva</strong></span> <span class='ocrx_word' id='word_1_128' title='bbox 1076 1768 1395 1808; x_wconf 89' lang='lat' dir='ltr'><strong>conservum</strong></span> <span class='ocrx_word' id='word_1_129' title='bbox 1421 1768 1529 1807; x_wconf 92' lang='lat' dir='ltr'><strong>non</strong></span> <span class='ocrx_word' id='word_1_130' title='bbox 1558 1752 1859 1809; x_wconf 85' lang='lat' dir='ltr'><strong>erubescat.</strong></span> <span class='ocrx_word' id='word_1_131' title='bbox 1894 1752 1979 1807; x_wconf 78' lang='lat' dir='ltr'><strong>ld-</strong></span> 
     </span>
    </p>
   </div>
   <div class='ocr_carea' id='block_1_18' title="bbox 392 1842 1981 1913">
    <p class='ocr_par' dir='ltr' id='par_1_18' title="bbox 392 1842 1981 1913">
     <span class='ocr_line' id='line_1_18' title="bbox 392 1842 1981 1913; baseline 0 -16"><span class='ocrx_word' id='word_1_132' title='bbox 392 1843 540 1897; x_wconf 89' lang='lat' dir='ltr'><strong>circo</strong></span> <span class='ocrx_word' id='word_1_133' title='bbox 555 1844 711 1897; x_wconf 88' lang='lat' dir='ltr'><strong>etiam</strong></span> <span class='ocrx_word' id='word_1_134' title='bbox 739 1844 1045 1913; x_wconf 88' lang='lat' dir='ltr'><strong>proditoris,</strong></span> <span class='ocrx_word' id='word_1_135' title='bbox 1072 1859 1139 1899; x_wconf 89' lang='lat' dir='ltr'><strong>ne</strong></span> <span class='ocrx_word' id='word_1_136' title='bbox 1168 1844 1303 1897; x_wconf 90' lang='lat' dir='ltr'><strong>forte</strong></span> <span class='ocrx_word' id='word_1_137' title='bbox 1323 1842 1504 1897; x_wconf 90' lang='lat' dir='ltr'><strong>dicere</strong></span> <span class='ocrx_word' id='word_1_138' title='bbox 1526 1856 1711 1912; x_wconf 85' lang='lat' dir='ltr'><strong>posses</strong></span> <span class='ocrx_word' id='word_1_139' title='bbox 1737 1843 1895 1897; x_wconf 84' lang='lat' dir='ltr'><strong>vilem</strong></span> <span class='ocrx_word' id='word_1_140' title='bbox 1926 1850 1981 1897; x_wconf 89' lang='lat' dir='ltr'><strong>et</strong></span> 
     </span>
    </p>
   </div>
   <div class='ocr_carea' id='block_1_19' title="bbox 391 1932 1981 2003">
    <p class='ocr_par' dir='ltr' id='par_1_19' title="bbox 391 1932 1981 2003">
     <span class='ocr_line' id='line_1_19' title="bbox 391 1932 1981 2003; baseline 0.001 -17"><span class='ocrx_word' id='word_1_141' title='bbox 391 1932 660 2002; x_wconf 90' lang='lat' dir='ltr'><strong>abjcctum</strong></span> <span class='ocrx_word' id='word_1_142' title='bbox 688 1946 823 1989; x_wconf 89' lang='lat' dir='ltr'><strong>esse</strong></span> <span class='ocrx_word' id='word_1_143' title='bbox 850 1933 1021 1997; x_wconf 92' lang='lat' dir='ltr'><strong>illum,</strong></span> <span class='ocrx_word' id='word_1_144' title='bbox 1051 1933 1135 1988; x_wconf 94' lang='lat' dir='ltr'><strong>cui</strong></span> <span class='ocrx_word' id='word_1_145' title='bbox 1162 1933 1337 1988; x_wconf 91' lang='lat' dir='ltr'><strong>cultus</strong></span> <span class='ocrx_word' id='word_1_146' title='bbox 1360 1941 1502 1987; x_wconf 87' lang='lat' dir='ltr'><strong>esset</strong></span> <span class='ocrx_word' id='word_1_147' title='bbox 1548 1933 1635 1987; x_wconf 90' lang='lat' dir='ltr'><strong>ille</strong></span> <span class='ocrx_word' id='word_1_148' title='bbox 1679 1940 1840 2003; x_wconf 87' lang='lat' dir='ltr'><strong>atque</strong></span> <span class='ocrx_word' id='word_1_149' title='bbox 1884 1932 1981 1987; x_wconf 85' lang='lat' dir='ltr'><strong>ob-</strong></span> 
     </span>
    </p>
   </div>
   <div class='ocr_carea' id='block_1_20' title="bbox 391 2024 1978 2094">
    <p class='ocr_par' dir='ltr' id='par_1_20' title="bbox 391 2024 1978 2094">
     <span class='ocr_line' id='line_1_20' title="bbox 391 2024 1978 2094; baseline 0 -15"><span class='ocrx_word' id='word_1_150' title='bbox 391 2025 636 2094; x_wconf 80' lang='lat' dir='ltr'><strong>sequium</strong></span> <span class='ocrx_word' id='word_1_151' title='bbox 664 2024 1031 2080; x_wconf 89' lang='lat' dir='ltr'><strong>deferendum.</strong></span> <span class='ocrx_word' id='word_1_152' title='bbox 1082 2025 1231 2080; x_wconf 89' lang='lat' dir='ltr'><strong>Licet</strong></span> <span class='ocrx_word' id='word_1_153' title='bbox 1259 2026 1400 2079; x_wconf 89' lang='lat' dir='ltr'><strong>enim</strong></span> <span class='ocrx_word' id='word_1_154' title='bbox 1440 2031 1494 2079; x_wconf 93' lang='lat' dir='ltr'><strong>et</strong></span> <span class='ocrx_word' id='word_1_155' title='bbox 1522 2025 1641 2079; x_wconf 89' lang='lat' dir='ltr'><strong>vilis</strong></span> <span class='ocrx_word' id='word_1_156' title='bbox 1668 2026 1738 2079; x_wconf 92' lang='lat' dir='ltr'><strong>sit</strong></span> <span class='ocrx_word' id='word_1_157' title='bbox 1779 2032 1833 2079; x_wconf 90' lang='lat' dir='ltr'><strong>et</strong></span> <span class='ocrx_word' id='word_1_158' title='bbox 1880 2025 1978 2079; x_wconf 91' lang='lat' dir='ltr'><strong>ab-</strong></span> 
     </span>
    </p>
   </div>
   <div class='ocr_carea' id='block_1_21' title="bbox 392 2113 1977 2185">
    <p class='ocr_par' dir='ltr' id='par_1_21' title="bbox 392 2113 1977 2185">
     <span class='ocr_line' id='line_1_21' title="bbox 392 2113 1977 2185; baseline 0.001 -17"><span class='ocrx_word' id='word_1_159' title='bbox 392 2114 584 2185; x_wconf 88' lang='lat' dir='ltr'><strong>jeetus,</strong></span> <span class='ocrx_word' id='word_1_160' title='bbox 607 2114 840 2169; x_wconf 91' lang='lat' dir='ltr'><strong>nondum</strong></span> <span class='ocrx_word' id='word_1_161' title='bbox 864 2123 1041 2169; x_wconf 86' lang='lat' dir='ltr'><strong>tamen</strong></span> <span class='ocrx_word' id='word_1_162' title='bbox 1065 2113 1215 2169; x_wconf 68' lang='lat' dir='ltr'><strong>Iuda:</strong></span> <span class='ocrx_word' id='word_1_163' title='bbox 1245 2114 1433 2169; x_wconf 89' lang='lat' dir='ltr'><strong>similis</strong></span> <span class='ocrx_word' id='word_1_164' title='bbox 1453 2123 1553 2181; x_wconf 89' lang='lat' dir='ltr'><strong>est,</strong></span> <span class='ocrx_word' id='word_1_165' title='bbox 1578 2129 1676 2169; x_wconf 90' lang='lat' dir='ltr'><strong>nec</strong></span> <span class='ocrx_word' id='word_1_166' title='bbox 1696 2116 1747 2168; x_wconf 88' lang='lat' dir='ltr'><strong>in</strong></span> <span class='ocrx_word' id='word_1_167' title='bbox 1774 2124 1826 2169; x_wconf 88' lang='lat' dir='ltr'><strong>te</strong></span> <span class='ocrx_word' id='word_1_168' title='bbox 1857 2115 1977 2169; x_wconf 88' lang='lat' dir='ltr'><strong>talia</strong></span> 
     </span>
    </p>
   </div>
   <div class='ocr_carea' id='block_1_22' title="bbox 391 2206 1976 2276">
    <p class='ocr_par' dir='ltr' id='par_1_22' title="bbox 391 2206 1976 2276">
     <span class='ocr_line' id='line_1_22' title="bbox 391 2206 1976 2276; baseline 0.001 -17"><span class='ocrx_word' id='word_1_169' title='bbox 391 2208 734 2275; x_wconf 83' lang='lat' dir='ltr'><strong>perpetravit,</strong></span> <span class='ocrx_word' id='word_1_170' title='bbox 766 2206 944 2276; x_wconf 86' lang='lat' dir='ltr'><strong>qualia</strong></span> <span class='ocrx_word' id='word_1_171' title='bbox 991 2206 1047 2261; x_wconf 87' lang='lat' dir='ltr'><strong>in</strong></span> <span class='ocrx_word' id='word_1_172' title='bbox 1075 2206 1357 2261; x_wconf 91' lang='lat' dir='ltr'><strong>Dominum</strong></span> <span class='ocrx_word' id='word_1_173' title='bbox 1383 2206 1492 2272; x_wconf 91' lang='lat' dir='ltr'><strong>ille,</strong></span> <span class='ocrx_word' id='word_1_174' title='bbox 1520 2206 1608 2275; x_wconf 92' lang='lat' dir='ltr'><strong>qui</strong></span> <span class='ocrx_word' id='word_1_175' title='bbox 1638 2207 1870 2275; x_wconf 87' lang='lat' dir='ltr'><strong>acceptis</strong></span> <span class='ocrx_word' id='word_1_176' title='bbox 1891 2206 1976 2260; x_wconf 91' lang='lat' dir='ltr'><strong>in-</strong></span> 
     </span>
    </p>
   </div>
   <div class='ocr_carea' id='block_1_23' title="bbox 392 2296 1978 2367">
    <p class='ocr_par' dir='ltr' id='par_1_23' title="bbox 392 2296 1978 2367">
     <span class='ocr_line' id='line_1_23' title="bbox 392 2296 1978 2367; baseline 0.001 -17"><span class='ocrx_word' id='word_1_177' title='bbox 392 2297 630 2351; x_wconf 89' lang='lat' dir='ltr'><strong>numeris</strong></span> <span class='ocrx_word' id='word_1_178' title='bbox 658 2297 931 2353; x_wconf 83' lang='lat' dir='ltr'><strong>beneﬁciis</strong></span> <span class='ocrx_word' id='word_1_179' title='bbox 960 2297 1026 2352; x_wconf 93' lang='lat' dir='ltr'><strong>ad</strong></span> <span class='ocrx_word' id='word_1_180' title='bbox 1050 2297 1403 2367; x_wconf 89' lang='lat' dir='ltr'><strong>proditionem</strong></span> <span class='ocrx_word' id='word_1_181' title='bbox 1429 2298 1592 2351; x_wconf 91' lang='lat' dir='ltr'><strong>venit.</strong></span> <span class='ocrx_word' id='word_1_182' title='bbox 1621 2298 1869 2352; x_wconf 84' lang='lat' dir='ltr'><strong>Attamen</strong></span> <span class='ocrx_word' id='word_1_183' title='bbox 1895 2296 1978 2351; x_wconf 91' lang='lat' dir='ltr'><strong>his</strong></span> 
     </span>
    </p>
   </div>
   <div class='ocr_carea' id='block_1_24' title="bbox 391 2388 1977 2461">
    <p class='ocr_par' dir='ltr' id='par_1_24' title="bbox 391 2388 1977 2461">
     <span class='ocr_line' id='line_1_24' title="bbox 391 2388 1977 2461; baseline 0.003 -20"><span class='ocrx_word' id='word_1_184' title='bbox 391 2388 638 2444; x_wconf 88' lang='lat' dir='ltr'><strong>omnibus</strong></span> <span class='ocrx_word' id='word_1_185' title='bbox 663 2390 898 2459; x_wconf 68' lang='lat' dir='ltr'><strong>prmvisis</strong></span> <span class='ocrx_word' id='word_1_186' title='bbox 928 2391 1073 2455; x_wconf 88' lang='lat' dir='ltr'><strong>lavit,</strong></span> <span class='ocrx_word' id='word_1_187' title='bbox 1106 2404 1169 2445; x_wconf 90' lang='lat' dir='ltr'><strong>ac</strong></span> <span class='ocrx_word' id='word_1_188' title='bbox 1196 2390 1354 2445; x_wconf 88' lang='lat' dir='ltr'><strong>nobis</strong></span> <span class='ocrx_word' id='word_1_189' title='bbox 1382 2391 1549 2461; x_wconf 89' lang='lat' dir='ltr'><strong>legem</strong></span> <span class='ocrx_word' id='word_1_190' title='bbox 1594 2390 1890 2457; x_wconf 88' lang='lat' dir='ltr'><strong>constituit,</strong></span> <span class='ocrx_word' id='word_1_191' title='bbox 1920 2400 1977 2445; x_wconf 93' lang='lat' dir='ltr'><strong>ut</strong></span> 
     </span>
    </p>
   </div>
   <div class='ocr_carea' id='block_1_25' title="bbox 391 2479 1977 2550">
    <p class='ocr_par' dir='ltr' id='par_1_25' title="bbox 391 2479 1977 2550">
     <span class='ocr_line' id='line_1_25' title="bbox 391 2479 1977 2550; baseline 0.002 -16"><span class='ocrx_word' id='word_1_192' title='bbox 391 2479 517 2539; x_wconf 90' lang='lat' dir='ltr'><strong>licet</strong></span> <span class='ocrx_word' id='word_1_193' title='bbox 580 2482 919 2539; x_wconf 88' lang='lat' dir='ltr'><strong>sublimiores</strong></span> <span class='ocrx_word' id='word_1_194' title='bbox 972 2483 1221 2539; x_wconf 83' lang='lat' dir='ltr'><strong>omnibus</strong></span> <span class='ocrx_word' id='word_1_195' title='bbox 1291 2484 1481 2550; x_wconf 90' lang='lat' dir='ltr'><strong>simus,</strong></span> <span class='ocrx_word' id='word_1_196' title='bbox 1535 2483 1659 2538; x_wconf 91' lang='lat' dir='ltr'><strong>licet</strong></span> <span class='ocrx_word' id='word_1_197' title='bbox 1727 2483 1977 2538; x_wconf 89' lang='lat' dir='ltr'><strong>omnibus</strong></span> 
     </span>
    </p>
   </div>
   <div class='ocr_carea' id='block_1_26' title="bbox 393 2572 1966 2636">
    <p class='ocr_par' dir='ltr' id='par_1_26' title="bbox 393 2572 1966 2636">
     <span class='ocr_line' id='line_1_26' title="bbox 393 2572 1966 2636; baseline 0.003 -11"><span class='ocrx_word' id='word_1_198' title='bbox 393 2572 653 2630; x_wconf 82' lang='lat' dir='ltr'><strong>clariores</strong></span> <span class='ocrx_word' id='word_1_199' title='bbox 676 2583 732 2629; x_wconf 91' lang='lat' dir='ltr'><strong>et</strong></span> <span class='ocrx_word' id='word_1_200' title='bbox 783 2574 1097 2630; x_wconf 88' lang='lat' dir='ltr'><strong>illustriores</strong></span> <span class='ocrx_word' id='word_1_201' title='bbox 1150 2575 1358 2636; x_wconf 82' lang='lat' dir='ltr'><strong>simus,</strong></span> <span class='ocrx_word' id='word_1_202' title='bbox 1415 2574 1540 2630; x_wconf 90' lang='lat' dir='ltr'><strong>licet</strong></span> <span class='ocrx_word' id='word_1_203' title='bbox 1601 2576 1848 2630; x_wconf 92' lang='lat' dir='ltr'><strong>omnibus</strong></span> <span class='ocrx_word' id='word_1_204' title='bbox 1877 2576 1966 2629; x_wconf 88' lang='lat' dir='ltr'><strong>in-</strong></span> 
     </span>
    </p>
   </div>
   <div class='ocr_carea' id='block_1_27' title="bbox 394 2662 1972 2736">
    <p class='ocr_par' dir='ltr' id='par_1_27' title="bbox 394 2662 1972 2736">
     <span class='ocr_line' id='line_1_27' title="bbox 394 2662 1972 2736; baseline 0.003 -18"><span class='ocrx_word' id='word_1_205' title='bbox 394 2662 620 2720; x_wconf 88' lang='lat' dir='ltr'><strong>feriores</strong></span> <span class='ocrx_word' id='word_1_206' title='bbox 649 2666 756 2720; x_wconf 92' lang='lat' dir='ltr'><strong>sint</strong></span> <span class='ocrx_word' id='word_1_207' title='bbox 797 2667 888 2736; x_wconf 92' lang='lat' dir='ltr'><strong>qui</strong></span> <span class='ocrx_word' id='word_1_208' title='bbox 938 2666 1078 2736; x_wconf 89' lang='lat' dir='ltr'><strong>apud</strong></span> <span class='ocrx_word' id='word_1_209' title='bbox 1126 2680 1224 2722; x_wconf 89' lang='lat' dir='ltr'><strong>nos</strong></span> <span class='ocrx_word' id='word_1_210' title='bbox 1262 2666 1576 2722; x_wconf 88' lang='lat' dir='ltr'><strong>diversaturi</strong></span> <span class='ocrx_word' id='word_1_211' title='bbox 1614 2677 1758 2734; x_wconf 90' lang='lat' dir='ltr'><strong>sunt,</strong></span> <span class='ocrx_word' id='word_1_212' title='bbox 1792 2683 1858 2722; x_wconf 91' lang='lat' dir='ltr'><strong>ne</strong></span> <span class='ocrx_word' id='word_1_213' title='bbox 1890 2667 1972 2722; x_wconf 91' lang='lat' dir='ltr'><strong>id-</strong></span> 
     </span>
    </p>
   </div>
   <div class='ocr_carea' id='block_1_28' title="bbox 390 2754 1973 2825">
    <p class='ocr_par' dir='ltr' id='par_1_28' title="bbox 390 2754 1973 2825">
     <span class='ocr_line' id='line_1_28' title="bbox 390 2754 1973 2825; baseline 0.003 -17"><span class='ocrx_word' id='word_1_214' title='bbox 390 2754 535 2810; x_wconf 89' lang='lat' dir='ltr'><strong>circo</strong></span> <span class='ocrx_word' id='word_1_215' title='bbox 564 2756 668 2811; x_wconf 88' lang='lat' dir='ltr'><strong>illis</strong></span> <span class='ocrx_word' id='word_1_216' title='bbox 719 2756 978 2812; x_wconf 89' lang='lat' dir='ltr'><strong>inservire</strong></span> <span class='ocrx_word' id='word_1_217' title='bbox 1017 2770 1327 2812; x_wconf 86' lang='lat' dir='ltr'><strong>recusemus</strong></span> <span class='ocrx_word' id='word_1_218' title='bbox 1351 2797 1365 2821; x_wconf 94' lang='lat'><strong>,</strong></span> <span class='ocrx_word' id='word_1_219' title='bbox 1432 2772 1605 2825; x_wconf 91' lang='lat' dir='ltr'><strong>neque</strong></span> <span class='ocrx_word' id='word_1_220' title='bbox 1635 2758 1849 2811; x_wconf 85' lang='lat' dir='ltr'><strong>vilitatis</strong></span> <span class='ocrx_word' id='word_1_221' title='bbox 1874 2772 1973 2812; x_wconf 89' lang='lat' dir='ltr'><strong>nos</strong></span> 
     </span>
    </p>
   </div>
   <div class='ocr_carea' id='block_1_29' title="bbox 390 2846 1972 2917">
    <p class='ocr_par' dir='ltr' id='par_1_29' title="bbox 390 2846 1972 2917">
     <span class='ocr_line' id='line_1_29' title="bbox 390 2846 1972 2917; baseline -0.001 -16"><span class='ocrx_word' id='word_1_222' title='bbox 390 2846 611 2917; x_wconf 85' lang='lat' dir='ltr'><strong>pudeat.</strong></span> <span class='ocrx_word' id='word_1_223' title='bbox 635 2851 705 2902; x_wconf 84' lang='lat' dir='ltr'><strong>At</strong></span> <span class='ocrx_word' id='word_1_224' title='bbox 730 2856 810 2914; x_wconf 91' lang='lat' dir='ltr'><strong>tu,</strong></span> <span class='ocrx_word' id='word_1_225' title='bbox 840 2848 1054 2913; x_wconf 90' lang='lat' dir='ltr'><strong>mulier,</strong></span> <span class='ocrx_word' id='word_1_226' title='bbox 1098 2848 1142 2902; x_wconf 90' lang='lat' dir='ltr'><strong>si</strong></span> <span class='ocrx_word' id='word_1_227' title='bbox 1169 2848 1472 2916; x_wconf 89' lang='lat' dir='ltr'><strong>quempiam</strong></span> <span class='ocrx_word' id='word_1_228' title='bbox 1497 2847 1695 2901; x_wconf 86' lang='lat' dir='ltr'><strong>videris</strong></span> <span class='ocrx_word' id='word_1_229' title='bbox 1724 2849 1773 2901; x_wconf 94' lang='lat' dir='ltr'><strong>in</strong></span> <span class='ocrx_word' id='word_1_230' title='bbox 1805 2862 1972 2901; x_wconf 75' lang='lat' dir='ltr'><strong>szecu-</strong></span> 
     </span>
    </p>
   </div>
   <div class='ocr_carea' id='block_1_30' title="bbox 389 2939 1974 3010">
    <p class='ocr_par' dir='ltr' id='par_1_30' title="bbox 389 2939 1974 3010">
     <span class='ocr_line' id='line_1_30' title="bbox 389 2939 1974 3010; baseline 0 -17"><span class='ocrx_word' id='word_1_231' title='bbox 389 2939 591 2996; x_wconf 88' lang='lat' dir='ltr'><strong>laribus</strong></span> <span class='ocrx_word' id='word_1_232' title='bbox 620 2941 712 2997; x_wconf 89' lang='lat' dir='ltr'><strong>tibi</strong></span> <span class='ocrx_word' id='word_1_233' title='bbox 740 2942 965 3010; x_wconf 87' lang='lat' dir='ltr'><strong>negotiis</strong></span> <span class='ocrx_word' id='word_1_234' title='bbox 988 2955 1141 3010; x_wconf 89' lang='lat' dir='ltr'><strong>opem</strong></span> <span class='ocrx_word' id='word_1_235' title='bbox 1164 2939 1324 3007; x_wconf 91' lang='lat' dir='ltr'><strong>ferre,</strong></span> <span class='ocrx_word' id='word_1_236' title='bbox 1348 2939 1429 2994; x_wconf 86' lang='lat' dir='ltr'><strong>vel</strong></span> <span class='ocrx_word' id='word_1_237' title='bbox 1457 2940 1509 2994; x_wconf 88' lang='lat' dir='ltr'><strong>in</strong></span> <span class='ocrx_word' id='word_1_238' title='bbox 1532 2939 1731 3008; x_wconf 87' lang='lat' dir='ltr'><strong>judicio</strong></span> <span class='ocrx_word' id='word_1_239' title='bbox 1757 2954 1974 2993; x_wconf 82' lang='lat' dir='ltr'><strong>succur-</strong></span> 
     </span>
    </p>
   </div>
   <div class='ocr_carea' id='block_1_31' title="bbox 388 3030 1972 3100">
    <p class='ocr_par' dir='ltr' id='par_1_31' title="bbox 388 3030 1972 3100">
     <span class='ocr_line' id='line_1_31' title="bbox 388 3030 1972 3100; baseline -0.001 -14"><span class='ocrx_word' id='word_1_240' title='bbox 388 3046 530 3097; x_wconf 88' lang='lat' dir='ltr'><strong>rere,</strong></span> <span class='ocrx_word' id='word_1_241' title='bbox 560 3032 644 3086; x_wconf 87' lang='lat' dir='ltr'><strong>vel</strong></span> <span class='ocrx_word' id='word_1_242' title='bbox 687 3030 741 3085; x_wconf 92' lang='lat' dir='ltr'><strong>in</strong></span> <span class='ocrx_word' id='word_1_243' title='bbox 785 3030 887 3085; x_wconf 89' lang='lat' dir='ltr'><strong>alia</strong></span> <span class='ocrx_word' id='word_1_244' title='bbox 921 3031 1168 3100; x_wconf 89' lang='lat' dir='ltr'><strong>quapiam</strong></span> <span class='ocrx_word' id='word_1_245' title='bbox 1220 3046 1279 3085; x_wconf 93' lang='lat' dir='ltr'><strong>re</strong></span> <span class='ocrx_word' id='word_1_246' title='bbox 1322 3030 1503 3097; x_wconf 89' lang='lat' dir='ltr'><strong>simili,</strong></span> <span class='ocrx_word' id='word_1_247' title='bbox 1551 3030 1883 3093; x_wconf 89' lang='lat' dir='ltr'><strong>etoccurris,</strong></span> <span class='ocrx_word' id='word_1_248' title='bbox 1917 3039 1972 3084; x_wconf 88' lang='lat' dir='ltr'><strong>et</strong></span> 
     </span>
    </p>
   </div>
   <div class='ocr_carea' id='block_1_32' title="bbox 387 3121 1966 3192">
    <p class='ocr_par' dir='ltr' id='par_1_32' title="bbox 387 3121 1966 3192">
     <span class='ocr_line' id='line_1_32' title="bbox 387 3121 1966 3192; baseline -0.001 -16"><span class='ocrx_word' id='word_1_249' title='bbox 387 3124 555 3178; x_wconf 90' lang='lat' dir='ltr'><strong>multa</strong></span> <span class='ocrx_word' id='word_1_250' title='bbox 585 3137 707 3177; x_wconf 91' lang='lat' dir='ltr'><strong>cum</strong></span> <span class='ocrx_word' id='word_1_251' title='bbox 728 3122 1098 3178; x_wconf 83' lang='lat' dir='ltr'><strong>benevolentia</strong></span> <span class='ocrx_word' id='word_1_252' title='bbox 1128 3123 1372 3192; x_wconf 89' lang='lat' dir='ltr'><strong>suscipis,</strong></span> <span class='ocrx_word' id='word_1_253' title='bbox 1406 3136 1594 3177; x_wconf 90' lang='lat' dir='ltr'><strong>manus</strong></span> <span class='ocrx_word' id='word_1_254' title='bbox 1620 3121 1966 3189; x_wconf 86' lang='lat' dir='ltr'><strong>deoscularis,</strong></span> 
     </span>
    </p>
   </div>
   <div class='ocr_carea' id='block_1_33' title="bbox 389 3212 1970 3285">
    <p class='ocr_par' dir='ltr' id='par_1_33' title="bbox 389 3212 1970 3285">
     <span class='ocr_line' id='line_1_33' title="bbox 389 3212 1970 3285; baseline -0.001 -17"><span class='ocrx_word' id='word_1_255' title='bbox 389 3212 645 3282; x_wconf 86' lang='lat' dir='ltr'><strong>pecunias</strong></span> <span class='ocrx_word' id='word_1_256' title='bbox 690 3229 903 3285; x_wconf 79' lang='lat' dir='ltr'><strong>erogas,</strong></span> <span class='ocrx_word' id='word_1_257' title='bbox 931 3223 987 3271; x_wconf 89' lang='lat' dir='ltr'><strong>et</strong></span> <span class='ocrx_word' id='word_1_258' title='bbox 1024 3215 1336 3270; x_wconf 87' lang='lat' dir='ltr'><strong>ancillarum</strong></span> <span class='ocrx_word' id='word_1_259' title='bbox 1380 3230 1597 3268; x_wconf 89' lang='lat' dir='ltr'><strong>munera</strong></span> <span class='ocrx_word' id='word_1_260' title='bbox 1630 3214 1747 3268; x_wconf 92' lang='lat' dir='ltr'><strong>obis</strong></span> <span class='ocrx_word' id='word_1_261' title='bbox 1775 3230 1789 3269; x_wconf 92' lang='lat'><strong>:</strong></span> <span class='ocrx_word' id='word_1_262' title='bbox 1818 3213 1970 3267; x_wconf 84' lang='lat' dir='ltr'><strong>Chri-</strong></span> 
     </span>
    </p>
   </div>
   <div class='ocr_carea' id='block_1_34' title="bbox 385 3305 1968 3376">
    <p class='ocr_par' dir='ltr' id='par_1_34' title="bbox 385 3305 1968 3376">
     <span class='ocr_line' id='line_1_34' title="bbox 385 3305 1968 3376; baseline 0 -18"><span class='ocrx_word' id='word_1_263' title='bbox 385 3313 530 3358; x_wconf 90' lang='lat' dir='ltr'><strong>stum</strong></span> <span class='ocrx_word' id='word_1_264' title='bbox 557 3313 734 3360; x_wconf 91' lang='lat' dir='ltr'><strong>autem</strong></span> <span class='ocrx_word' id='word_1_265' title='bbox 763 3305 1116 3361; x_wconf 90' lang='lat' dir='ltr'><strong>introeuntem</strong></span> <span class='ocrx_word' id='word_1_266' title='bbox 1156 3307 1199 3361; x_wconf 87' lang='lat' dir='ltr'><strong>si</strong></span> <span class='ocrx_word' id='word_1_267' title='bbox 1222 3306 1423 3365; x_wconf 80' lang='lat' dir='ltr'><strong>videas.</strong></span> <span class='ocrx_word' id='word_1_268' title='bbox 1454 3305 1745 3376; x_wconf 89' lang='lat' dir='ltr'><strong>pigritaris,</strong></span> <span class='ocrx_word' id='word_1_269' title='bbox 1774 3314 1829 3359; x_wconf 92' lang='lat' dir='ltr'><strong>et</strong></span> <span class='ocrx_word' id='word_1_270' title='bbox 1855 3305 1968 3360; x_wconf 87' lang='lat' dir='ltr'><strong>cul-</strong></span> 
     </span>
    </p>
   </div>
   <div class='ocr_carea' id='block_1_35' title="bbox 386 3396 1965 3453">
    <p class='ocr_par' dir='ltr' id='par_1_35' title="bbox 386 3396 1965 3453">
     <span class='ocr_line' id='line_1_35' title="bbox 386 3396 1965 3453; baseline 0 -3"><span class='ocrx_word' id='word_1_271' title='bbox 386 3408 498 3450; x_wconf 93' lang='lat' dir='ltr'><strong>tum</strong></span> <span class='ocrx_word' id='word_1_272' title='bbox 528 3412 590 3451; x_wconf 90' lang='lat' dir='ltr'><strong>ac</strong></span> <span class='ocrx_word' id='word_1_273' title='bbox 628 3398 978 3453; x_wconf 87' lang='lat' dir='ltr'><strong>ministerium</strong></span> <span class='ocrx_word' id='word_1_274' title='bbox 1021 3398 1097 3453; x_wconf 92' lang='lat' dir='ltr'><strong>illi</strong></span> <span class='ocrx_word' id='word_1_275' title='bbox 1123 3398 1378 3453; x_wconf 81' lang='lat' dir='ltr'><strong>exhibere</strong></span> <span class='ocrx_word' id='word_1_276' title='bbox 1411 3398 1675 3453; x_wconf 90' lang='lat' dir='ltr'><strong>detrectas</strong></span> <span class='ocrx_word' id='word_1_277' title='bbox 1699 3398 1723 3451; x_wconf 87' lang='lat'><strong>?</strong></span> <span class='ocrx_word' id='word_1_278' title='bbox 1751 3396 1803 3452; x_wconf 90' lang='lat' dir='ltr'><strong>Si</strong></span> <span class='ocrx_word' id='word_1_279' title='bbox 1860 3412 1965 3451; x_wconf 92' lang='lat' dir='ltr'><strong>non</strong></span> 
     </span>
    </p>
   </div>
   <div class='ocr_carea' id='block_1_36' title="bbox 385 3488 1965 3560">
    <p class='ocr_par' dir='ltr' id='par_1_36' title="bbox 385 3488 1965 3560">
     <span class='ocr_line' id='line_1_36' title="bbox 385 3488 1965 3560; baseline 0 -18"><span class='ocrx_word' id='word_1_280' title='bbox 385 3497 446 3542; x_wconf 89' lang='lat' dir='ltr'><strong>ut</strong></span> <span class='ocrx_word' id='word_1_281' title='bbox 469 3488 736 3544; x_wconf 88' lang='lat' dir='ltr'><strong>Christum</strong></span> <span class='ocrx_word' id='word_1_282' title='bbox 783 3490 1009 3560; x_wconf 88' lang='lat' dir='ltr'><strong>suscipis</strong></span> <span class='ocrx_word' id='word_1_283' title='bbox 1048 3490 1407 3559; x_wconf 89' lang='lat' dir='ltr'><strong>peregrinum,</strong></span> <span class='ocrx_word' id='word_1_284' title='bbox 1448 3504 1516 3543; x_wconf 90' lang='lat' dir='ltr'><strong>ne</strong></span> <span class='ocrx_word' id='word_1_285' title='bbox 1557 3489 1815 3557; x_wconf 89' lang='lat' dir='ltr'><strong>suscipias</strong></span> <span class='ocrx_word' id='word_1_286' title='bbox 1843 3504 1857 3540; x_wconf 91' lang='lat'><strong>:</strong></span> <span class='ocrx_word' id='word_1_287' title='bbox 1882 3488 1965 3542; x_wconf 90' lang='lat' dir='ltr'><strong>sin</strong></span> 
     </span>
    </p>
   </div>
   <div class='ocr_carea' id='block_1_37' title="bbox 382 3572 1962 3651">
    <p class='ocr_par' dir='ltr' id='par_1_37' title="bbox 382 3572 1962 3651">
     <span class='ocr_line' id='line_1_37' title="bbox 382 3572 1962 3651; baseline 0.006 -21"><span class='ocrx_word' id='word_1_288' title='bbox 382 3572 577 3635; x_wconf 85' lang='lat' dir='ltr'><strong>autem‘</strong></span> <span class='ocrx_word' id='word_1_289' title='bbox 594 3588 651 3634; x_wconf 93' lang='lat' dir='ltr'><strong>ut</strong></span> <span class='ocrx_word' id='word_1_290' title='bbox 678 3578 948 3635; x_wconf 81' lang='lat' dir='ltr'><strong>Christum</strong></span> <span class='ocrx_word' id='word_1_291' title='bbox 966 3581 1209 3650; x_wconf 90' lang='lat' dir='ltr'><strong>suscipis,</strong></span> <span class='ocrx_word' id='word_1_292' title='bbox 1245 3581 1420 3635; x_wconf 86' lang='lat' dir='ltr'><strong>lavare</strong></span> <span class='ocrx_word' id='word_1_293' title='bbox 1445 3580 1641 3636; x_wconf 88' lang='lat' dir='ltr'><strong>Christi</strong></span> <span class='ocrx_word' id='word_1_294' title='bbox 1669 3580 1828 3651; x_wconf 88' lang='lat' dir='ltr'><strong>pedes</strong></span> <span class='ocrx_word' id='word_1_295' title='bbox 1857 3599 1962 3639; x_wconf 92' lang='lat' dir='ltr'><strong>non</strong></span> 
     </span>
    </p>
   </div>
   <div class='ocr_carea' id='block_1_38' title="bbox 383 3671 1963 3747">
    <p class='ocr_par' dir='ltr' id='par_1_38' title="bbox 383 3671 1963 3747">
     <span class='ocr_line' id='line_1_38' title="bbox 383 3671 1963 3747; baseline 0.005 -23"><span class='ocrx_word' id='word_1_296' title='bbox 383 3671 688 3727; x_wconf 88' lang='lat' dir='ltr'><strong>erubescas.</strong></span> <span class='ocrx_word' id='word_1_297' title='bbox 724 3672 911 3728; x_wconf 85' lang='lat' dir='ltr'><strong>Nonne</strong></span> <span class='ocrx_word' id='word_1_298' title='bbox 949 3674 1118 3738; x_wconf 85' lang='lat' dir='ltr'><strong>vides,</strong></span> <span class='ocrx_word' id='word_1_299' title='bbox 1170 3689 1326 3744; x_wconf 90' lang='lat' dir='ltr'><strong>quam</strong></span> <span class='ocrx_word' id='word_1_300' title='bbox 1355 3675 1504 3728; x_wconf 91' lang='lat' dir='ltr'><strong>multi</strong></span> <span class='ocrx_word' id='word_1_301' title='bbox 1531 3690 1736 3744; x_wconf 83' lang='lat' dir='ltr'><strong>eorum,</strong></span> <span class='ocrx_word' id='word_1_302' title='bbox 1768 3678 1856 3747; x_wconf 91' lang='lat' dir='ltr'><strong>qui</strong></span> <span class='ocrx_word' id='word_1_303' title='bbox 1878 3678 1963 3732; x_wconf 87' lang='lat' dir='ltr'><strong>in-</strong></span> 
     </span>
    </p>
   </div>
   <div class='ocr_carea' id='block_1_39' title="bbox 379 3760 1963 3838">
    <p class='ocr_par' dir='ltr' id='par_1_39' title="bbox 379 3760 1963 3838">
     <span class='ocr_line' id='line_1_39' title="bbox 379 3760 1963 3838; baseline 0.007 -24"><span class='ocrx_word' id='word_1_304' title='bbox 379 3760 535 3830; x_wconf 90' lang='lat' dir='ltr'><strong>juriis</strong></span> <span class='ocrx_word' id='word_1_305' title='bbox 568 3761 891 3827; x_wconf 89' lang='lat' dir='ltr'><strong>afﬁciuntur,</strong></span> <span class='ocrx_word' id='word_1_306' title='bbox 942 3764 1008 3819; x_wconf 93' lang='lat' dir='ltr'><strong>ad</strong></span> <span class='ocrx_word' id='word_1_307' title='bbox 1058 3772 1353 3820; x_wconf 88' lang='lat' dir='ltr'><strong>statuarum</strong></span> <span class='ocrx_word' id='word_1_308' title='bbox 1398 3766 1561 3836; x_wconf 88' lang='lat' dir='ltr'><strong>pedes</strong></span> <span class='ocrx_word' id='word_1_309' title='bbox 1612 3768 1963 3838; x_wconf 68' lang='lat' dir='ltr'><strong>confugiant?</strong></span> 
     </span>
    </p>
   </div>
   <div class='ocr_carea' id='block_1_40' title="bbox 383 3852 1963 3921">
    <p class='ocr_par' dir='ltr' id='par_1_40' title="bbox 383 3852 1963 3921">
     <span class='ocr_line' id='line_1_40' title="bbox 383 3852 1963 3921; baseline 0.006 -15"><span class='ocrx_word' id='word_1_310' title='bbox 383 3852 617 3908; x_wconf 83' lang='lat' dir='ltr'><strong>Tametsi</strong></span> <span class='ocrx_word' id='word_1_311' title='bbox 644 3854 864 3909; x_wconf 89' lang='lat' dir='ltr'><strong>materia</strong></span> <span class='ocrx_word' id='word_1_312' title='bbox 880 3864 963 3910; x_wconf 90' lang='lat' dir='ltr'><strong>est</strong></span> <span class='ocrx_word' id='word_1_313' title='bbox 990 3869 1151 3911; x_wconf 88' lang='lat' dir='ltr'><strong>sensu</strong></span> <span class='ocrx_word' id='word_1_314' title='bbox 1177 3856 1450 3921; x_wconf 89' lang='lat' dir='ltr'><strong>destituta,</strong></span> <span class='ocrx_word' id='word_1_315' title='bbox 1480 3867 1533 3913; x_wconf 91' lang='lat' dir='ltr'><strong>et</strong></span> <span class='ocrx_word' id='word_1_316' title='bbox 1554 3874 1628 3913; x_wconf 68' lang='lat' dir='ltr'><strong>tes</strong></span> <span class='ocrx_word' id='word_1_317' title='bbox 1654 3860 1845 3914; x_wconf 72' lang='lat' dir='ltr'><strong>anima:</strong></span> <span class='ocrx_word' id='word_1_318' title='bbox 1869 3876 1963 3915; x_wconf 86' lang='lat' dir='ltr'><strong>ex-</strong></span> 
     </span>
    </p>
   </div>
   <div class='ocr_carea' id='block_1_41' title="bbox 383 3946 1959 4023">
    <p class='ocr_par' dir='ltr' id='par_1_41' title="bbox 383 3946 1959 4023">
     <span class='ocr_line' id='line_1_41' title="bbox 383 3946 1959 4023; baseline 0.004 -22"><span class='ocrx_word' id='word_1_319' title='bbox 383 3958 507 4014; x_wconf 87' lang='lat' dir='ltr'><strong>pers</strong></span> <span class='ocrx_word' id='word_1_320' title='bbox 534 3964 547 3999; x_wconf 90' lang='lat'><strong>:</strong></span> <span class='ocrx_word' id='word_1_321' title='bbox 574 3946 666 4002; x_wconf 91' lang='lat' dir='ltr'><strong>sed</strong></span> <span class='ocrx_word' id='word_1_322' title='bbox 694 3948 944 4018; x_wconf 88' lang='lat' dir='ltr'><strong>quoniam</strong></span> <span class='ocrx_word' id='word_1_323' title='bbox 968 3949 1351 4019; x_wconf 81' lang='lat' dir='ltr'><strong>imperatorum</strong></span> <span class='ocrx_word' id='word_1_324' title='bbox 1397 3960 1522 4006; x_wconf 90' lang='lat' dir='ltr'><strong>sunt</strong></span> <span class='ocrx_word' id='word_1_325' title='bbox 1549 3952 1653 4006; x_wconf 73' lang='lat' dir='ltr'><strong>illm</strong></span> <span class='ocrx_word' id='word_1_326' title='bbox 1681 3953 1959 4023; x_wconf 82' lang='lat' dir='ltr'><strong>imagines,</strong></span> 
     </span>
    </p>
   </div>
   <div class='ocr_carea' id='block_1_42' title="bbox 381 4036 1959 4113">
    <p class='ocr_par' dir='ltr' id='par_1_42' title="bbox 381 4036 1959 4113">
     <span class='ocr_line' id='line_1_42' title="bbox 381 4036 1959 4113; baseline 0.006 -26"><span class='ocrx_word' id='word_1_327' title='bbox 381 4036 610 4106; x_wconf 86' lang='lat' dir='ltr'><strong>aliquam</strong></span> <span class='ocrx_word' id='word_1_328' title='bbox 661 4052 721 4093; x_wconf 91' lang='lat' dir='ltr'><strong>se</strong></span> <span class='ocrx_word' id='word_1_329' title='bbox 747 4053 777 4092; x_wconf 90' lang='lat' dir='ltr'><strong>a</strong></span> <span class='ocrx_word' id='word_1_330' title='bbox 818 4038 1037 4108; x_wconf 89' lang='lat' dir='ltr'><strong>pedibus</strong></span> <span class='ocrx_word' id='word_1_331' title='bbox 1065 4039 1171 4095; x_wconf 90' lang='lat' dir='ltr'><strong>illis</strong></span> <span class='ocrx_word' id='word_1_332' title='bbox 1194 4054 1348 4110; x_wconf 90' lang='lat' dir='ltr'><strong>opem</strong></span> <span class='ocrx_word' id='word_1_333' title='bbox 1391 4041 1764 4113; x_wconf 86' lang='lat' dir='ltr'><strong>impetraturos</strong></span> <span class='ocrx_word' id='word_1_334' title='bbox 1789 4043 1959 4097; x_wconf 89' lang='lat' dir='ltr'><strong>eonﬁ-</strong></span> 
     </span>
    </p>
   </div>
   <div class='ocr_carea' id='block_1_43' title="bbox 377 4127 1961 4206">
    <p class='ocr_par' dir='ltr' id='par_1_43' title="bbox 377 4127 1961 4206">
     <span class='ocr_line' id='line_1_43' title="bbox 377 4127 1961 4206; baseline 0.007 -25"><span class='ocrx_word' id='word_1_335' title='bbox 377 4127 533 4182; x_wconf 91' lang='lat' dir='ltr'><strong>dunt.</strong></span> <span class='ocrx_word' id='word_1_336' title='bbox 584 4131 654 4183; x_wconf 82' lang='lat' dir='ltr'><strong>At</strong></span> <span class='ocrx_word' id='word_1_337' title='bbox 698 4138 752 4184; x_wconf 90' lang='lat' dir='ltr'><strong>tu</strong></span> <span class='ocrx_word' id='word_1_338' title='bbox 780 4146 899 4200; x_wconf 89' lang='lat' dir='ltr'><strong>quae</strong></span> <span class='ocrx_word' id='word_1_339' title='bbox 937 4146 1042 4187; x_wconf 90' lang='lat' dir='ltr'><strong>non</strong></span> <span class='ocrx_word' id='word_1_340' title='bbox 1070 4146 1228 4188; x_wconf 91' lang='lat' dir='ltr'><strong>sensu</strong></span> <span class='ocrx_word' id='word_1_341' title='bbox 1266 4144 1510 4190; x_wconf 90' lang='lat' dir='ltr'><strong>carentes</strong></span> <span class='ocrx_word' id='word_1_342' title='bbox 1555 4135 1738 4204; x_wconf 87' lang='lat' dir='ltr'><strong>pedes,</strong></span> <span class='ocrx_word' id='word_1_343' title='bbox 1789 4151 1961 4206; x_wconf 90' lang='lat' dir='ltr'><strong>neque</strong></span> 
     </span>
    </p>
   </div>
   <div class='ocr_carea' id='block_1_44' title="bbox 380 4220 1960 4297">
    <p class='ocr_par' dir='ltr' id='par_1_44' title="bbox 380 4220 1960 4297">
     <span class='ocr_line' id='line_1_44' title="bbox 380 4220 1960 4297; baseline 0.006 -25"><span class='ocrx_word' id='word_1_344' title='bbox 380 4220 655 4274; x_wconf 88' lang='lat' dir='ltr'><strong>materiam</strong></span> <span class='ocrx_word' id='word_1_345' title='bbox 679 4230 948 4291; x_wconf 82' lang='lat' dir='ltr'><strong>expertem</strong></span> <span class='ocrx_word' id='word_1_346' title='bbox 963 4224 1175 4289; x_wconf 72' lang='lat' dir='ltr'><strong>animm,</strong></span> <span class='ocrx_word' id='word_1_347' title='bbox 1190 4225 1282 4279; x_wconf 86' lang='lat' dir='ltr'><strong>sed</strong></span> <span class='ocrx_word' id='word_1_348' title='bbox 1297 4225 1578 4295; x_wconf 78' lang='lat' dir='ltr'><strong>imaginem</strong></span> <span class='ocrx_word' id='word_1_349' title='bbox 1594 4227 1733 4285; x_wconf 89' lang='lat' dir='ltr'><strong>intus</strong></span> <span class='ocrx_word' id='word_1_350' title='bbox 1749 4227 1885 4297; x_wconf 90' lang='lat' dir='ltr'><strong>apud</strong></span> <span class='ocrx_word' id='word_1_351' title='bbox 1901 4243 1960 4282; x_wconf 88' lang='lat' dir='ltr'><strong>se</strong></span> 
     </span>
    </p>
   </div>
   <div class='ocr_carea' id='block_1_45' title="bbox 383 4310 1957 4387">
    <p class='ocr_par' dir='ltr' id='par_1_45' title="bbox 383 4310 1957 4387">
     <span class='ocr_line' id='line_1_45' title="bbox 383 4310 1957 4387; baseline 0.007 -24"><span class='ocrx_word' id='word_1_352' title='bbox 383 4310 579 4380; x_wconf 71' lang='lat' dir='ltr'><strong>[legem</strong></span> <span class='ocrx_word' id='word_1_353' title='bbox 606 4323 899 4382; x_wconf 85' lang='lat' dir='ltr'><strong>gestantem</strong></span> <span class='ocrx_word' id='word_1_354' title='bbox 946 4314 1165 4369; x_wconf 92' lang='lat' dir='ltr'><strong>domum</strong></span> <span class='ocrx_word' id='word_1_355' title='bbox 1194 4324 1333 4369; x_wconf 91' lang='lat' dir='ltr'><strong>tuam</strong></span> <span class='ocrx_word' id='word_1_356' title='bbox 1359 4317 1560 4387; x_wconf 79' lang='lat' dir='ltr'><strong>ingredi</strong></span> <span class='ocrx_word' id='word_1_357' title='bbox 1621 4318 1820 4379; x_wconf 86' lang='lat' dir='ltr'><strong>videas,</strong></span> <span class='ocrx_word' id='word_1_358' title='bbox 1853 4335 1957 4374; x_wconf 91' lang='lat' dir='ltr'><strong>non</strong></span> 
     </span>
    </p>
   </div>
   <div class='ocr_carea' id='block_1_46' title="bbox 376 4405 1956 4479">
    <p class='ocr_par' dir='ltr' id='par_1_46' title="bbox 376 4405 1956 4479">
     <span class='ocr_line' id='line_1_46' title="bbox 376 4405 1956 4479; baseline 0.005 -23"><span class='ocrx_word' id='word_1_359' title='bbox 376 4405 633 4471; x_wconf 89' lang='lat' dir='ltr'><strong>aceurris,</strong></span> <span class='ocrx_word' id='word_1_360' title='bbox 665 4420 866 4475; x_wconf 85' lang='lat' dir='ltr'><strong>quaeso,</strong></span> <span class='ocrx_word' id='word_1_361' title='bbox 909 4421 1008 4461; x_wconf 89' lang='lat' dir='ltr'><strong>nec</strong></span> <span class='ocrx_word' id='word_1_362' title='bbox 1034 4406 1197 4475; x_wconf 88' lang='lat' dir='ltr'><strong>pedes</strong></span> <span class='ocrx_word' id='word_1_363' title='bbox 1223 4408 1576 4476; x_wconf 89' lang='lat' dir='ltr'><strong>amplecteris,</strong></span> <span class='ocrx_word' id='word_1_364' title='bbox 1623 4418 1780 4479; x_wconf 90' lang='lat' dir='ltr'><strong>atque</strong></span> <span class='ocrx_word' id='word_1_365' title='bbox 1812 4410 1956 4464; x_wconf 92' lang='lat' dir='ltr'><strong>omni</strong></span> 
     </span>
    </p>
   </div>
   <div class='ocr_carea' id='block_1_47' title="bbox 375 4494 1957 4568">
    <p class='ocr_par' dir='ltr' id='par_1_47' title="bbox 375 4494 1957 4568">
     <span class='ocr_line' id='line_1_47' title="bbox 375 4494 1957 4568; baseline 0.004 -22"><span class='ocrx_word' id='word_1_366' title='bbox 375 4494 582 4549; x_wconf 86' lang='lat' dir='ltr'><strong>ratione</strong></span> <span class='ocrx_word' id='word_1_367' title='bbox 598 4495 730 4549; x_wconf 90' lang='lat' dir='ltr'><strong>colis</strong></span> <span class='ocrx_word' id='word_1_368' title='bbox 753 4496 777 4548; x_wconf 87' lang='lat'><strong>?</strong></span> <span class='ocrx_word' id='word_1_369' title='bbox 804 4497 934 4562; x_wconf 86' lang='lat' dir='ltr'><strong>Quis</strong></span> <span class='ocrx_word' id='word_1_370' title='bbox 964 4499 1065 4551; x_wconf 92' lang='lat' dir='ltr'><strong>hoc</strong></span> <span class='ocrx_word' id='word_1_371' title='bbox 1096 4496 1296 4551; x_wconf 90' lang='lat' dir='ltr'><strong>facinus</strong></span> <span class='ocrx_word' id='word_1_372' title='bbox 1319 4498 1468 4551; x_wconf 87' lang='lat' dir='ltr'><strong>venia</strong></span> <span class='ocrx_word' id='word_1_373' title='bbox 1488 4497 1702 4567; x_wconf 88' lang='lat' dir='ltr'><strong>dignum</strong></span> <span class='ocrx_word' id='word_1_374' title='bbox 1717 4499 1957 4568; x_wconf 85' lang='lat' dir='ltr'><strong>jndicet?</strong></span> 
     </span>
    </p>
   </div>
   <div class='ocr_carea' id='block_1_48' title="bbox 373 4586 1954 4659">
    <p class='ocr_par' dir='ltr' id='par_1_48' title="bbox 373 4586 1954 4659">
     <span class='ocr_line' id='line_1_48' title="bbox 373 4586 1954 4659; baseline 0.007 -24"><span class='ocrx_word' id='word_1_375' title='bbox 373 4586 492 4656; x_wconf 77' lang='lat' dir='ltr'><strong>quis</strong></span> <span class='ocrx_word' id='word_1_376' title='bbox 532 4603 634 4642; x_wconf 89' lang='lat' dir='ltr'><strong>non</strong></span> <span class='ocrx_word' id='word_1_377' title='bbox 689 4590 863 4659; x_wconf 87' lang='lat' dir='ltr'><strong>potius</strong></span> <span class='ocrx_word' id='word_1_378' title='bbox 917 4591 1059 4644; x_wconf 92' lang='lat' dir='ltr'><strong>omni</strong></span> <span class='ocrx_word' id='word_1_379' title='bbox 1111 4589 1448 4659; x_wconf 88' lang='lat' dir='ltr'><strong>plectendum</strong></span> <span class='ocrx_word' id='word_1_380' title='bbox 1493 4590 1794 4659; x_wconf 76' lang='lat' dir='ltr'><strong>ignominia:</strong></span> <span class='ocrx_word' id='word_1_381' title='bbox 1833 4602 1954 4648; x_wconf 87' lang='lat' dir='ltr'><strong>nota</strong></span> 
     </span>
    </p>
   </div>
   <div class='ocr_carea' id='block_1_49' title="bbox 374 4678 1958 4750">
    <p class='ocr_par' dir='ltr' id='par_1_49' title="bbox 374 4678 1958 4750">
     <span class='ocr_line' id='line_1_49' title="bbox 374 4678 1958 4750; baseline 0.006 -21"><span class='ocrx_word' id='word_1_382' title='bbox 374 4678 849 4750; x_wconf 87' lang='lat' dir='ltr'><strong>censeat?CogiIa</strong></span> <span class='ocrx_word' id='word_1_383' title='bbox 903 4681 987 4735; x_wconf 90' lang='lat' dir='ltr'><strong>cui</strong></span> <span class='ocrx_word' id='word_1_384' title='bbox 1034 4681 1393 4735; x_wconf 89' lang='lat' dir='ltr'><strong>eommnniees</strong></span> <span class='ocrx_word' id='word_1_385' title='bbox 1422 4722 1437 4747; x_wconf 98' lang='lat'><strong>,</strong></span> <span class='ocrx_word' id='word_1_386' title='bbox 1487 4682 1610 4736; x_wconf 90' lang='lat' dir='ltr'><strong>dum</strong></span> <span class='ocrx_word' id='word_1_387' title='bbox 1657 4684 1858 4738; x_wconf 83' lang='lat' dir='ltr'><strong>inflaris</strong></span> <span class='ocrx_word' id='word_1_388' title='bbox 1902 4693 1958 4739; x_wconf 91' lang='lat' dir='ltr'><strong>et</strong></span> 
     </span>
    </p>
   </div>
   <div class='ocr_carea' id='block_1_50' title="bbox 372 4771 1955 4843">
    <p class='ocr_par' dir='ltr' id='par_1_50' title="bbox 372 4771 1955 4843">
     <span class='ocr_line' id='line_1_50' title="bbox 372 4771 1955 4843; baseline 0.008 -24"><span class='ocrx_word' id='word_1_389' title='bbox 372 4779 684 4837; x_wconf 79' lang='lat' dir='ltr'><strong>arroganter</strong></span> <span class='ocrx_word' id='word_1_390' title='bbox 710 4771 934 4836; x_wconf 82' lang='lat' dir='ltr'><strong>elfcrris,</strong></span> <span class='ocrx_word' id='word_1_391' title='bbox 966 4781 1125 4841; x_wconf 89' lang='lat' dir='ltr'><strong>atque</strong></span> <span class='ocrx_word' id='word_1_392' title='bbox 1155 4771 1412 4827; x_wconf 88' lang='lat' dir='ltr'><strong>inservire</strong></span> <span class='ocrx_word' id='word_1_393' title='bbox 1439 4776 1717 4843; x_wconf 89' lang='lat' dir='ltr'><strong>peregrino</strong></span> <span class='ocrx_word' id='word_1_394' title='bbox 1737 4777 1955 4831; x_wconf 84' lang='lat' dir='ltr'><strong>erubes-</strong></span> 
     </span>
    </p>
   </div>
   <div class='ocr_carea' id='block_1_51' title="bbox 373 4860 1955 4932">
    <p class='ocr_par' dir='ltr' id='par_1_51' title="bbox 373 4860 1955 4932">
     <span class='ocr_line' id='line_1_51' title="bbox 373 4860 1955 4932; baseline 0.005 -18"><span class='ocrx_word' id='word_1_395' title='bbox 373 4862 469 4914; x_wconf 80' lang='lat' dir='ltr'><strong>cis.</strong></span> <span class='ocrx_word' id='word_1_396' title='bbox 503 4860 654 4917; x_wconf 84' lang='lat' dir='ltr'><strong>llaud</strong></span> <span class='ocrx_word' id='word_1_397' title='bbox 683 4860 904 4916; x_wconf 88' lang='lat' dir='ltr'><strong>dubium</strong></span> <span class='ocrx_word' id='word_1_398' title='bbox 934 4862 1061 4932; x_wconf 92' lang='lat' dir='ltr'><strong>quin</strong></span> <span class='ocrx_word' id='word_1_399' title='bbox 1087 4862 1301 4918; x_wconf 84' lang='lat' dir='ltr'><strong>diabolo</strong></span> <span class='ocrx_word' id='word_1_400' title='bbox 1330 4882 1343 4917; x_wconf 94' lang='lat'>:</span> <span class='ocrx_word' id='word_1_401' title='bbox 1370 4864 1509 4919; x_wconf 86' lang='lat' dir='ltr'><strong>illius</strong></span> <span class='ocrx_word' id='word_1_402' title='bbox 1548 4865 1689 4919; x_wconf 89' lang='lat' dir='ltr'><strong>enim</strong></span> <span class='ocrx_word' id='word_1_403' title='bbox 1736 4868 1955 4922; x_wconf 89' lang='lat' dir='ltr'><strong>morbus</strong></span> 
     </span>
    </p>
   </div>
   <div class='ocr_carea' id='block_1_52' title="bbox 373 4952 1957 5027">
    <p class='ocr_par' dir='ltr' id='par_1_52' title="bbox 373 4952 1957 5027">
     <span class='ocr_line' id='line_1_52' title="bbox 373 4952 1957 5027; baseline 0.004 -21"><span class='ocrx_word' id='word_1_404' title='bbox 373 4960 453 5006; x_wconf 84' lang='lat' dir='ltr'><strong>est</strong></span> <span class='ocrx_word' id='word_1_405' title='bbox 482 4953 753 5024; x_wconf 85' lang='lat' dir='ltr'><strong>superbia.</strong></span> <span class='ocrx_word' id='word_1_406' title='bbox 810 4952 903 5008; x_wconf 84' lang='lat' dir='ltr'><strong>Stn</strong></span> <span class='ocrx_word' id='word_1_407' title='bbox 943 4964 1119 5010; x_wconf 87' lang='lat' dir='ltr'><strong>autem</strong></span> <span class='ocrx_word' id='word_1_408' title='bbox 1147 4969 1415 5019; x_wconf 86' lang='lat' dir='ltr'><strong>accurras,</strong></span> <span class='ocrx_word' id='word_1_409' title='bbox 1446 4956 1616 5026; x_wconf 88' lang='lat' dir='ltr'><strong>cogita</strong></span> <span class='ocrx_word' id='word_1_410' title='bbox 1646 4972 1802 5027; x_wconf 88' lang='lat' dir='ltr'><strong>quem</strong></span> <span class='ocrx_word' id='word_1_411' title='bbox 1837 4958 1957 5013; x_wconf 87' lang='lat' dir='ltr'><strong>imi-</strong></span> 
     </span>
    </p>
   </div>
   <div class='ocr_carea' id='block_1_53' title="bbox 369 5046 1955 5119">
    <p class='ocr_par' dir='ltr' id='par_1_53' title="bbox 369 5046 1955 5119">
     <span class='ocr_line' id='line_1_53' title="bbox 369 5046 1955 5119; baseline 0.003 -17"><span class='ocrx_word' id='word_1_412' title='bbox 369 5047 503 5102; x_wconf 88' lang='lat' dir='ltr'><strong>teris</strong></span> <span class='ocrx_word' id='word_1_413' title='bbox 572 5047 851 5102; x_wconf 88' lang='lat' dir='ltr'><strong>Dominum</strong></span> <span class='ocrx_word' id='word_1_414' title='bbox 881 5057 1050 5113; x_wconf 89' lang='lat' dir='ltr'><strong>tuum,</strong></span> <span class='ocrx_word' id='word_1_415' title='bbox 1082 5056 1135 5103; x_wconf 92' lang='lat' dir='ltr'><strong>et</strong></span> <span class='ocrx_word' id='word_1_416' title='bbox 1174 5063 1308 5118; x_wconf 90' lang='lat' dir='ltr'><strong>opus</strong></span> <span class='ocrx_word' id='word_1_417' title='bbox 1327 5046 1525 5103; x_wconf 90' lang='lat' dir='ltr'><strong>Christi</strong></span> <span class='ocrx_word' id='word_1_418' title='bbox 1563 5050 1794 5119; x_wconf 87' lang='lat' dir='ltr'><strong>perﬁcis.</strong></span> <span class='ocrx_word' id='word_1_419' title='bbox 1826 5049 1955 5118; x_wconf 86' lang='lat' dir='ltr'><strong>Quis</strong></span> 
     </span>
    </p>
   </div>
   <div class='ocr_carea' id='block_1_54' title="bbox 364 5137 1950 5209">
    <p class='ocr_par' dir='ltr' id='par_1_54' title="bbox 364 5137 1950 5209">
     <span class='ocr_line' id='line_1_54' title="bbox 364 5137 1950 5209; baseline 0.007 -22"><span class='ocrx_word' id='word_1_420' title='bbox 364 5151 499 5206; x_wconf 84' lang='lat' dir='ltr'><strong>ergo</strong></span> <span class='ocrx_word' id='word_1_421' title='bbox 522 5137 715 5208; x_wconf 76' lang='lat' dir='ltr'><strong>pudor,</strong></span> <span class='ocrx_word' id='word_1_422' title='bbox 742 5153 860 5208; x_wconf 75' lang='lat' dir='ltr'><strong>qua:</strong></span> <span class='ocrx_word' id='word_1_423' title='bbox 886 5140 1189 5208; x_wconf 87' lang='lat' dir='ltr'><strong>ignominia,</strong></span> <span class='ocrx_word' id='word_1_424' title='bbox 1214 5154 1414 5209; x_wconf 74' lang='lat' dir='ltr'><strong>qumso,</strong></span> <span class='ocrx_word' id='word_1_425' title='bbox 1440 5139 1552 5195; x_wconf 90' lang='lat' dir='ltr'><strong>ﬁeri</strong></span> <span class='ocrx_word' id='word_1_426' title='bbox 1598 5140 1795 5196; x_wconf 89' lang='lat' dir='ltr'><strong>Christi</strong></span> <span class='ocrx_word' id='word_1_427' title='bbox 1820 5157 1950 5198; x_wconf 88' lang='lat' dir='ltr'><strong>con—</strong></span> 
     </span>
    </p>
   </div>
   <div class='ocr_carea' id='block_1_55' title="bbox 364 5231 1949 5305">
    <p class='ocr_par' dir='ltr' id='par_1_55' title="bbox 364 5231 1949 5305">
     <span class='ocr_line' id='line_1_55' title="bbox 364 5231 1949 5305; baseline 0.006 -23"><span class='ocrx_word' id='word_1_428' title='bbox 364 5241 566 5286; x_wconf 80' lang='lat' dir='ltr'><strong>sortem</strong></span> <span class='ocrx_word' id='word_1_429' title='bbox 587 5233 612 5283; x_wconf 85' lang='lat'><strong>?</strong></span> <span class='ocrx_word' id='word_1_430' title='bbox 642 5231 752 5286; x_wconf 92' lang='lat' dir='ltr'><strong>lmo</strong></span> <span class='ocrx_word' id='word_1_431' title='bbox 793 5247 923 5287; x_wconf 86' lang='lat' dir='ltr'><strong>vero</strong></span> <span class='ocrx_word' id='word_1_432' title='bbox 946 5231 1116 5301; x_wconf 89' lang='lat' dir='ltr'><strong>pudor</strong></span> <span class='ocrx_word' id='word_1_433' title='bbox 1147 5240 1249 5295; x_wconf 86' lang='lat' dir='ltr'><strong>est,</strong></span> <span class='ocrx_word' id='word_1_434' title='bbox 1287 5233 1330 5286; x_wconf 89' lang='lat' dir='ltr'><strong>si</strong></span> <span class='ocrx_word' id='word_1_435' title='bbox 1362 5234 1583 5288; x_wconf 88' lang='lat' dir='ltr'><strong>istorum</strong></span> <span class='ocrx_word' id='word_1_436' title='bbox 1612 5249 1709 5289; x_wconf 90' lang='lat' dir='ltr'><strong>nos</strong></span> <span class='ocrx_word' id='word_1_437' title='bbox 1734 5235 1949 5305; x_wconf 89' lang='lat' dir='ltr'><strong>pudeat,</strong></span> 
     </span>
    </p>
   </div>
   <div class='ocr_carea' id='block_1_56' title="bbox 366 5318 1946 5393">
    <p class='ocr_par' dir='ltr' id='par_1_56' title="bbox 366 5318 1946 5393">
     <span class='ocr_line' id='line_1_56' title="bbox 366 5318 1946 5393; baseline 0.007 -22"><span class='ocrx_word' id='word_1_438' title='bbox 366 5327 421 5371; x_wconf 81' lang='lat' dir='ltr'><strong>et</strong></span> <span class='ocrx_word' id='word_1_439' title='bbox 452 5318 791 5389; x_wconf 83' lang='lat' dir='ltr'><strong>ignominiam</strong></span> <span class='ocrx_word' id='word_1_440' title='bbox 844 5323 896 5377; x_wconf 90' lang='lat' dir='ltr'><strong>id</strong></span> <span class='ocrx_word' id='word_1_441' title='bbox 934 5323 1074 5393; x_wconf 91' lang='lat' dir='ltr'><strong>quod</strong></span> <span class='ocrx_word' id='word_1_442' title='bbox 1105 5322 1347 5377; x_wconf 90' lang='lat' dir='ltr'><strong>Christus</strong></span> <span class='ocrx_word' id='word_1_443' title='bbox 1375 5324 1579 5387; x_wconf 83' lang='lat' dir='ltr'><strong>fecerit,</strong></span> <span class='ocrx_word' id='word_1_444' title='bbox 1607 5325 1946 5382; x_wconf 89' lang='lat' dir='ltr'><strong>arbitremur.</strong></span> 
     </span>
    </p>
   </div>
   <div class='ocr_carea' id='block_1_57' title="bbox 364 5411 1947 5487">
    <p class='ocr_par' dir='ltr' id='par_1_57' title="bbox 364 5411 1947 5487">
     <span class='ocr_line' id='line_1_57' title="bbox 364 5411 1947 5487; baseline 0.006 -23"><span class='ocrx_word' id='word_1_445' title='bbox 364 5411 522 5465; x_wconf 74' lang='lat' dir='ltr'><strong>Multa</strong></span> <span class='ocrx_word' id='word_1_446' title='bbox 554 5425 774 5481; x_wconf 89' lang='lat' dir='ltr'><strong>possunt</strong></span> <span class='ocrx_word' id='word_1_447' title='bbox 800 5415 1016 5470; x_wconf 90' lang='lat' dir='ltr'><strong>domum</strong></span> <span class='ocrx_word' id='word_1_448' title='bbox 1046 5416 1372 5469; x_wconf 89' lang='lat' dir='ltr'><strong>introcnntes</strong></span> <span class='ocrx_word' id='word_1_449' title='bbox 1401 5426 1703 5470; x_wconf 88' lang='lat' dir='ltr'><strong>sanctorum</strong></span> <span class='ocrx_word' id='word_1_450' title='bbox 1739 5418 1902 5487; x_wconf 86' lang='lat' dir='ltr'><strong>pedes</strong></span> <span class='ocrx_word' id='word_1_451' title='bbox 1932 5437 1947 5473; x_wconf 91' lang='lat'>:</span> 
     </span>
    </p>
   </div>
   <div class='ocr_carea' id='block_1_58' title="bbox 364 5505 1948 5577">
    <p class='ocr_par' dir='ltr' id='par_1_58' title="bbox 364 5505 1948 5577">
     <span class='ocr_line' id='line_1_58' title="bbox 364 5505 1948 5577; baseline 0.005 -17"><span class='ocrx_word' id='word_1_452' title='bbox 364 5505 725 5573; x_wconf 75' lang='lat' dir='ltr'><strong>pavimentum</strong></span> <span class='ocrx_word' id='word_1_453' title='bbox 766 5508 937 5577; x_wconf 90' lang='lat' dir='ltr'><strong>ipsum</strong></span> <span class='ocrx_word' id='word_1_454' title='bbox 976 5507 1327 5572; x_wconf 88' lang='lat' dir='ltr'><strong>sanctiﬁcant,</strong></span> <span class='ocrx_word' id='word_1_455' title='bbox 1378 5509 1779 5565; x_wconf 90' lang='lat' dir='ltr'><strong>innumerorum</strong></span> <span class='ocrx_word' id='word_1_456' title='bbox 1825 5512 1948 5576; x_wconf 57' lang='lat' dir='ltr'><strong>the:</strong></span> 
     </span>
    </p>
   </div>
   <div class='ocr_carea' id='block_1_59' title="bbox 363 5595 1947 5657">
    <p class='ocr_par' dir='ltr' id='par_1_59' title="bbox 363 5595 1947 5657">
     <span class='ocr_line' id='line_1_59' title="bbox 363 5595 1947 5657; baseline 0.003 -4"><span class='ocrx_word' id='word_1_457' title='bbox 363 5610 591 5653; x_wconf 67' lang='lat' dir='ltr'><strong>saarum</strong></span> <span class='ocrx_word' id='word_1_458' title='bbox 624 5595 885 5654; x_wconf 83' lang='lat' dir='ltr'><strong>bonorum</strong></span> <span class='ocrx_word' id='word_1_459' title='bbox 928 5599 1218 5654; x_wconf 90' lang='lat' dir='ltr'><strong>invehunt:</strong></span> <span class='ocrx_word' id='word_1_460' title='bbox 1252 5599 1543 5654; x_wconf 90' lang='lat' dir='ltr'><strong>mutilatam</strong></span> <span class='ocrx_word' id='word_1_461' title='bbox 1598 5610 1838 5656; x_wconf 87' lang='lat' dir='ltr'><strong>naturam</strong></span> <span class='ocrx_word' id='word_1_462' title='bbox 1869 5602 1947 5657; x_wconf 92' lang='lat' dir='ltr'><strong>in-</strong></span> 
     </span>
    </p>
   </div>
   <div class='ocr_carea' id='block_1_60' title="bbox 363 5686 1941 5762">
    <p class='ocr_par' dir='ltr' id='par_1_60' title="bbox 363 5686 1941 5762">
     <span class='ocr_line' id='line_1_60' title="bbox 363 5686 1941 5762; baseline 0.006 -22"><span class='ocrx_word' id='word_1_463' title='bbox 363 5691 637 5752; x_wconf 86' lang='lat' dir='ltr'><strong>staurant,</strong></span> <span class='ocrx_word' id='word_1_464' title='bbox 681 5686 872 5746; x_wconf 84' lang='lat' dir='ltr'><strong>famem</strong></span> <span class='ocrx_word' id='word_1_465' title='bbox 905 5691 1124 5762; x_wconf 87' lang='lat' dir='ltr'><strong>pellunt,</strong></span> <span class='ocrx_word' id='word_1_466' title='bbox 1164 5694 1359 5747; x_wconf 87' lang='lat' dir='ltr'><strong>multas</strong></span> <span class='ocrx_word' id='word_1_467' title='bbox 1406 5707 1535 5762; x_wconf 87' lang='lat' dir='ltr'><strong>opes</strong></span> <span class='ocrx_word' id='word_1_468' title='bbox 1568 5692 1837 5750; x_wconf 86' lang='lat' dir='ltr'><strong>inducunt.</strong></span> <span class='ocrx_word' id='word_1_469' title='bbox 1870 5694 1941 5751; x_wconf 90' lang='lat' dir='ltr'><strong>Ita</strong></span> 
     </span>
    </p>
   </div>
   <div class='ocr_carea' id='block_1_61' title="bbox 1620 267 2592 340">
    <p class='ocr_par' dir='ltr' id='par_1_61' title="bbox 1620 267 2592 340">
     <span class='ocr_line' id='line_1_61' title="bbox 1620 267 2592 340; baseline -0.002 -14"><span class='ocrx_word' id='word_1_470' title='bbox 1620 273 1681 327; x_wconf 71' lang='grc' dir='ltr'><strong>ΙΝ</strong></span> <span class='ocrx_word' id='word_1_471' title='bbox 1724 272 1946 340; x_wconf 66' lang='grc' dir='ltr'><strong>ιιιιτῐ),</strong></span> <span class='ocrx_word' id='word_1_472' title='bbox 1990 271 2195 329; x_wconf 77' lang='lat' dir='ltr'><strong>VlDU.\</strong></span> <span class='ocrx_word' id='word_1_473' title='bbox 2226 267 2592 328; x_wconf 74' lang='lat' dir='ltr'><strong>ELICATl&#39;R.</strong></span> 
     </span>
    </p>
   </div>
   <div class='ocr_carea' id='block_1_62' title="bbox 3561 262 3664 314">
    <p class='ocr_par' dir='ltr' id='par_1_62' title="bbox 3561 262 3664 314">
     <span class='ocr_line' id='line_1_62' title="bbox 3561 262 3664 314; baseline 0.01 -2"><span class='ocrx_word' id='word_1_474' title='bbox 3561 262 3664 314; x_wconf 58' lang='grc' dir='ltr'><strong>’ῆι</strong></span> 
     </span>
    </p>
   </div>
   <div class='ocr_carea' id='block_1_63' title="bbox 2089 376 3670 460">
    <p class='ocr_par' dir='ltr' id='par_1_63' title="bbox 2089 376 3670 460">
     <span class='ocr_line' id='line_1_63' title="bbox 2089 376 3670 460; baseline -0.006 -20"><span class='ocrx_word' id='word_1_475' title='bbox 2089 403 2301 460; x_wconf 78' lang='lat' dir='ltr'><strong>quoque</strong></span> <span class='ocrx_word' id='word_1_476' title='bbox 2329 386 2489 456; x_wconf 86' lang='lat' dir='ltr'><strong>pedes</strong></span> <span class='ocrx_word' id='word_1_477' title='bbox 2540 382 2704 438; x_wconf 72' lang='lat' dir='ltr'><strong>llelia:</strong></span> <span class='ocrx_word' id='word_1_478' title='bbox 2744 378 2914 435; x_wconf 72' lang='lat' dir='ltr'><strong>vidum</strong></span> <span class='ocrx_word' id='word_1_479' title='bbox 2944 378 3160 432; x_wconf 90' lang='lat' dir='ltr'><strong>domum</strong></span> <span class='ocrx_word' id='word_1_480' title='bbox 3200 376 3424 447; x_wconf 85' lang='lat' dir='ltr'><strong>ingrcssi</strong></span> <span class='ocrx_word' id='word_1_481' title='bbox 3474 392 3670 431; x_wconf 88' lang='lat' dir='ltr'><strong>novum</strong></span> 
     </span>
    </p>
   </div>
   <div class='ocr_carea' id='block_1_64' title="bbox 2086 467 3671 550">
    <p class='ocr_par' dir='ltr' id='par_1_64' title="bbox 2086 467 3671 550">
     <span class='ocr_line' id='line_1_64' title="bbox 2086 467 3671 550; baseline -0.008 -16"><span class='ocrx_word' id='word_1_482' title='bbox 2086 478 2368 550; x_wconf 86' lang='lat' dir='ltr'><strong>quemdam</strong></span> <span class='ocrx_word' id='word_1_483' title='bbox 2396 486 2465 530; x_wconf 10' lang='lat' dir='ltr'><strong>et.</strong></span> <span class='ocrx_word' id='word_1_484' title='bbox 2490 472 2855 528; x_wconf 90' lang='lat' dir='ltr'><strong>admirabilem</strong></span> <span class='ocrx_word' id='word_1_485' title='bbox 2897 469 3156 524; x_wconf 88' lang='lat' dir='ltr'><strong>ubertatis</strong></span> <span class='ocrx_word' id='word_1_486' title='bbox 3197 482 3423 522; x_wconf 76' lang='lat' dir='ltr'><strong>annona:</strong></span> <span class='ocrx_word' id='word_1_487' title='bbox 3454 467 3671 521; x_wconf 83' lang='lat' dir='ltr'><strong>modum</strong></span> 
     </span>
    </p>
   </div>
   <div class='ocr_carea' id='block_1_65' title="bbox 2087 558 3673 639">
    <p class='ocr_par' dir='ltr' id='par_1_65' title="bbox 2087 558 3673 639">
     <span class='ocr_line' id='line_1_65' title="bbox 2087 558 3673 639; baseline -0.009 -14"><span class='ocrx_word' id='word_1_488' title='bbox 2087 569 2378 625; x_wconf 90' lang='lat' dir='ltr'><strong>intulerunt</strong></span> <span class='ocrx_word' id='word_1_489' title='bbox 2404 567 2493 639; x_wconf 83' lang='grc'><strong>(5.</strong></span> <span class='ocrx_word' id='word_1_490' title='bbox 2522 565 2648 635; x_wconf 85' lang='lat' dir='ltr'><strong>Reg.</strong></span> <span class='ocrx_word' id='word_1_491' title='bbox 2670 565 2735 618; x_wconf 83' lang='grc'><strong>17</strong></span> <span class='ocrx_word' id='word_1_492' title='bbox 2757 561 2798 636; x_wconf 93' lang='grc'><strong>).</strong></span> <span class='ocrx_word' id='word_1_493' title='bbox 2822 561 3006 615; x_wconf 73' lang='lat' dir='ltr'><strong>Vidua:</strong></span> <span class='ocrx_word' id='word_1_494' title='bbox 3026 560 3241 614; x_wconf 90' lang='lat' dir='ltr'><strong>domum</strong></span> <span class='ocrx_word' id='word_1_495' title='bbox 3271 558 3322 612; x_wconf 92' lang='lat' dir='ltr'><strong>in</strong></span> <span class='ocrx_word' id='word_1_496' title='bbox 3345 573 3530 628; x_wconf 85' lang='lat' dir='ltr'><strong>agrum</strong></span> <span class='ocrx_word' id='word_1_497' title='bbox 3551 573 3673 612; x_wconf 80' lang='lat' dir='ltr'><strong>cen-</strong></span> 
     </span>
    </p>
   </div>
   <div class='ocr_carea' id='block_1_66' title="bbox 2085 648 3669 728">
    <p class='ocr_par' dir='ltr' id='par_1_66' title="bbox 2085 648 3669 728">
     <span class='ocr_line' id='line_1_66' title="bbox 2085 648 3669 728; baseline -0.008 -13"><span class='ocrx_word' id='word_1_498' title='bbox 2085 661 2266 725; x_wconf 87' lang='lat' dir='ltr'><strong>vertit,</strong></span> <span class='ocrx_word' id='word_1_499' title='bbox 2304 668 2359 714; x_wconf 92' lang='lat' dir='ltr'><strong>et</strong></span> <span class='ocrx_word' id='word_1_500' title='bbox 2400 657 2639 728; x_wconf 80' lang='lat' dir='ltr'><strong>hydriam</strong></span> <span class='ocrx_word' id='word_1_501' title='bbox 2686 655 2739 709; x_wconf 92' lang='lat' dir='ltr'><strong>in</strong></span> <span class='ocrx_word' id='word_1_502' title='bbox 2784 668 2986 707; x_wconf 88' lang='lat' dir='ltr'><strong>aream.</strong></span> <span class='ocrx_word' id='word_1_503' title='bbox 3033 651 3238 705; x_wconf 88' lang='lat' dir='ltr'><strong>Novum</strong></span> <span class='ocrx_word' id='word_1_504' title='bbox 3276 648 3541 719; x_wconf 85' lang='lat' dir='ltr'><strong>quoddam</strong></span> <span class='ocrx_word' id='word_1_505' title='bbox 3582 663 3669 703; x_wconf 87' lang='lat' dir='ltr'><strong>se—</strong></span> 
     </span>
    </p>
   </div>
   <div class='ocr_carea' id='block_1_67' title="bbox 2086 737 3670 815">
    <p class='ocr_par' dir='ltr' id='par_1_67' title="bbox 2086 737 3670 815">
     <span class='ocr_line' id='line_1_67' title="bbox 2086 737 3670 815; baseline -0.011 -7"><span class='ocrx_word' id='word_1_506' title='bbox 2086 751 2280 808; x_wconf 89' lang='lat' dir='ltr'><strong>mentis</strong></span> <span class='ocrx_word' id='word_1_507' title='bbox 2331 763 2394 804; x_wconf 91' lang='lat' dir='ltr'><strong>ac</strong></span> <span class='ocrx_word' id='word_1_508' title='bbox 2432 748 2621 803; x_wconf 87' lang='lat' dir='ltr'><strong>messis</strong></span> <span class='ocrx_word' id='word_1_509' title='bbox 2671 759 2837 815; x_wconf 82' lang='lat' dir='ltr'><strong>genus</strong></span> <span class='ocrx_word' id='word_1_510' title='bbox 2868 752 2994 797; x_wconf 92' lang='lat' dir='ltr'><strong>tunc</strong></span> <span class='ocrx_word' id='word_1_511' title='bbox 3030 742 3312 812; x_wconf 91' lang='lat' dir='ltr'><strong>apparuit:</strong></span> <span class='ocrx_word' id='word_1_512' title='bbox 3343 739 3393 792; x_wconf 92' lang='lat' dir='ltr'><strong>in</strong></span> <span class='ocrx_word' id='word_1_513' title='bbox 3443 753 3505 793; x_wconf 92' lang='lat' dir='ltr'><strong>os</strong></span> <span class='ocrx_word' id='word_1_514' title='bbox 3542 737 3670 807; x_wconf 84' lang='lat' dir='ltr'><strong>justi</strong></span> 
     </span>
    </p>
   </div>
   <div class='ocr_carea' id='block_1_68' title="bbox 2085 830 3671 909">
    <p class='ocr_par' dir='ltr' id='par_1_68' title="bbox 2085 830 3671 909">
     <span class='ocr_line' id='line_1_68' title="bbox 2085 830 3671 909; baseline -0.009 -12"><span class='ocrx_word' id='word_1_515' title='bbox 2085 857 2269 898; x_wconf 88' lang='lat' dir='ltr'><strong>semen</strong></span> <span class='ocrx_word' id='word_1_516' title='bbox 2289 838 2542 909; x_wconf 79' lang='lat' dir='ltr'><strong>jaCIabat.</strong></span> <span class='ocrx_word' id='word_1_517' title='bbox 2570 849 2757 906; x_wconf 79' lang='lat' dir='ltr'><strong>etqum</strong></span> <span class='ocrx_word' id='word_1_518' title='bbox 2786 843 2897 890; x_wconf 89' lang='lat' dir='ltr'><strong>sata</strong></span> <span class='ocrx_word' id='word_1_519' title='bbox 2922 834 3131 889; x_wconf 89' lang='lat' dir='ltr'><strong>fuerant</strong></span> <span class='ocrx_word' id='word_1_520' title='bbox 3168 832 3331 886; x_wconf 90' lang='lat' dir='ltr'><strong>multa</strong></span> <span class='ocrx_word' id='word_1_521' title='bbox 3364 847 3484 886; x_wconf 92' lang='lat' dir='ltr'><strong>cum</strong></span> <span class='ocrx_word' id='word_1_522' title='bbox 3508 830 3671 884; x_wconf 90' lang='lat' dir='ltr'><strong>uber-</strong></span> 
     </span>
    </p>
   </div>
   <div class='ocr_carea' id='block_1_69' title="bbox 2086 920 3670 1004">
    <p class='ocr_par' dir='ltr' id='par_1_69' title="bbox 2086 920 3670 1004">
     <span class='ocr_line' id='line_1_69' title="bbox 2086 920 3670 1004; baseline -0.01 -16"><span class='ocrx_word' id='word_1_523' title='bbox 2086 942 2193 988; x_wconf 90' lang='lat' dir='ltr'><strong>tate</strong></span> <span class='ocrx_word' id='word_1_524' title='bbox 2216 948 2281 988; x_wconf 86' lang='lat' dir='ltr'><strong>ex</strong></span> <span class='ocrx_word' id='word_1_525' title='bbox 2305 931 2490 1004; x_wconf 81' lang='lat' dir='ltr'><strong>hydria</strong></span> <span class='ocrx_word' id='word_1_526' title='bbox 2510 929 2771 983; x_wconf 89' lang='lat' dir='ltr'><strong>metebat:</strong></span> <span class='ocrx_word' id='word_1_527' title='bbox 2793 925 3086 981; x_wconf 88' lang='lat' dir='ltr'><strong>seminabat</strong></span> <span class='ocrx_word' id='word_1_528' title='bbox 3112 924 3354 987; x_wconf 91' lang='lat' dir='ltr'><strong>farinam,</strong></span> <span class='ocrx_word' id='word_1_529' title='bbox 3378 931 3433 977; x_wconf 89' lang='lat' dir='ltr'><strong>et</strong></span> <span class='ocrx_word' id='word_1_530' title='bbox 3448 920 3670 975; x_wconf 89' lang='lat' dir='ltr'><strong>farinam</strong></span> 
     </span>
    </p>
   </div>
   <div class='ocr_carea' id='block_1_70' title="bbox 2084 1015 3674 1090">
    <p class='ocr_par' dir='ltr' id='par_1_70' title="bbox 2084 1015 3674 1090">
     <span class='ocr_line' id='line_1_70' title="bbox 2084 1015 3674 1090; baseline -0.009 -10"><span class='ocrx_word' id='word_1_531' title='bbox 2084 1024 2345 1089; x_wconf 89' lang='lat' dir='ltr'><strong>metebat;</strong></span> <span class='ocrx_word' id='word_1_532' title='bbox 2380 1038 2484 1076; x_wconf 93' lang='lat' dir='ltr'><strong>non</strong></span> <span class='ocrx_word' id='word_1_533' title='bbox 2516 1019 2736 1090; x_wconf 88' lang='lat' dir='ltr'><strong>indignit</strong></span> <span class='ocrx_word' id='word_1_534' title='bbox 2786 1018 2974 1081; x_wconf 85' lang='lat' dir='ltr'><strong>bobus,</strong></span> <span class='ocrx_word' id='word_1_535' title='bbox 3010 1025 3063 1070; x_wconf 91' lang='lat' dir='ltr'><strong>et</strong></span> <span class='ocrx_word' id='word_1_536' title='bbox 3102 1015 3249 1085; x_wconf 87' lang='lat' dir='ltr'><strong>jugo,</strong></span> <span class='ocrx_word' id='word_1_537' title='bbox 3277 1023 3335 1068; x_wconf 91' lang='lat' dir='ltr'><strong>et</strong></span> <span class='ocrx_word' id='word_1_538' title='bbox 3375 1020 3575 1078; x_wconf 89' lang='lat' dir='ltr'><strong>aratro,</strong></span> <span class='ocrx_word' id='word_1_539' title='bbox 3616 1020 3674 1067; x_wconf 90' lang='lat' dir='ltr'><strong>et</strong></span> 
     </span>
    </p>
   </div>
   <div class='ocr_carea' id='block_1_71' title="bbox 2084 1105 3672 1184">
    <p class='ocr_par' dir='ltr' id='par_1_71' title="bbox 2084 1105 3672 1184">
     <span class='ocr_line' id='line_1_71' title="bbox 2084 1105 3672 1184; baseline -0.008 -15"><span class='ocrx_word' id='word_1_540' title='bbox 2084 1116 2257 1182; x_wconf 87' lang='lat' dir='ltr'><strong>sulco,</strong></span> <span class='ocrx_word' id='word_1_541' title='bbox 2284 1130 2383 1170; x_wconf 90' lang='lat' dir='ltr'><strong>nec</strong></span> <span class='ocrx_word' id='word_1_542' title='bbox 2408 1113 2582 1184; x_wconf 90' lang='lat' dir='ltr'><strong>pluvia</strong></span> <span class='ocrx_word' id='word_1_543' title='bbox 2603 1121 2658 1166; x_wconf 92' lang='lat' dir='ltr'><strong>et</strong></span> <span class='ocrx_word' id='word_1_544' title='bbox 2684 1126 2808 1165; x_wconf 90' lang='lat' dir='ltr'><strong>aere</strong></span> <span class='ocrx_word' id='word_1_545' title='bbox 2836 1124 2898 1163; x_wconf 91' lang='lat' dir='ltr'><strong>ac</strong></span> <span class='ocrx_word' id='word_1_546' title='bbox 2946 1107 3098 1173; x_wconf 87' lang='lat' dir='ltr'><strong>falce,</strong></span> <span class='ocrx_word' id='word_1_547' title='bbox 3143 1121 3242 1160; x_wconf 86' lang='lat' dir='ltr'><strong>nee</strong></span> <span class='ocrx_word' id='word_1_548' title='bbox 3263 1120 3386 1160; x_wconf 80' lang='lat' dir='ltr'><strong>area</strong></span> <span class='ocrx_word' id='word_1_549' title='bbox 3416 1112 3471 1159; x_wconf 90' lang='lat' dir='ltr'><strong>et</strong></span> <span class='ocrx_word' id='word_1_550' title='bbox 3494 1105 3672 1158; x_wconf 76' lang='lat' dir='ltr'><strong>mani-</strong></span> 
     </span>
    </p>
   </div>
   <div class='ocr_carea' id='block_1_72' title="bbox 2087 1199 3668 1280">
    <p class='ocr_par' dir='ltr' id='par_1_72' title="bbox 2087 1199 3668 1280">
     <span class='ocr_line' id='line_1_72' title="bbox 2087 1199 3668 1280; baseline -0.008 -17"><span class='ocrx_word' id='word_1_551' title='bbox 2087 1208 2242 1280; x_wconf 90' lang='lat' dir='ltr'><strong>pulis,</strong></span> <span class='ocrx_word' id='word_1_552' title='bbox 2275 1222 2448 1278; x_wconf 91' lang='lat' dir='ltr'><strong>neque</strong></span> <span class='ocrx_word' id='word_1_553' title='bbox 2470 1206 2664 1269; x_wconf 85' lang='lat' dir='ltr'><strong>ventis,</strong></span> <span class='ocrx_word' id='word_1_554' title='bbox 2694 1204 2783 1273; x_wconf 91' lang='lat' dir='ltr'><strong>qui</strong></span> <span class='ocrx_word' id='word_1_555' title='bbox 2807 1202 2985 1272; x_wconf 87' lang='lat' dir='ltr'><strong>paleas</strong></span> <span class='ocrx_word' id='word_1_556' title='bbox 3022 1216 3051 1253; x_wconf 93' lang='lat' dir='ltr'><strong>a</strong></span> <span class='ocrx_word' id='word_1_557' title='bbox 3071 1199 3251 1269; x_wconf 87' lang='lat' dir='ltr'><strong>granis</strong></span> <span class='ocrx_word' id='word_1_558' title='bbox 3277 1199 3668 1262; x_wconf 83' lang='lat' dir='ltr'><strong>discernerent,</strong></span> 
     </span>
    </p>
   </div>
   <div class='ocr_carea' id='block_1_73' title="bbox 2085 1289 3670 1370">
    <p class='ocr_par' dir='ltr' id='par_1_73' title="bbox 2085 1289 3670 1370">
     <span class='ocr_line' id='line_1_73' title="bbox 2085 1289 3670 1370; baseline -0.009 -15"><span class='ocrx_word' id='word_1_559' title='bbox 2085 1314 2259 1370; x_wconf 90' lang='lat' dir='ltr'><strong>neque</strong></span> <span class='ocrx_word' id='word_1_560' title='bbox 2298 1298 2459 1363; x_wconf 87' lang='lat' dir='ltr'><strong>mola,</strong></span> <span class='ocrx_word' id='word_1_561' title='bbox 2494 1300 2632 1366; x_wconf 69' lang='lat' dir='ltr'><strong>‘quaa</strong></span> <span class='ocrx_word' id='word_1_562' title='bbox 2687 1302 2930 1350; x_wconf 90' lang='lat' dir='ltr'><strong>tereret:</strong></span> <span class='ocrx_word' id='word_1_563' title='bbox 2964 1290 3059 1346; x_wconf 90' lang='lat' dir='ltr'><strong>sed</strong></span> <span class='ocrx_word' id='word_1_564' title='bbox 3099 1305 3204 1344; x_wconf 93' lang='lat' dir='ltr'><strong>uno</strong></span> <span class='ocrx_word' id='word_1_565' title='bbox 3247 1289 3502 1358; x_wconf 88' lang='lat' dir='ltr'><strong>temporis</strong></span> <span class='ocrx_word' id='word_1_566' title='bbox 3552 1302 3670 1342; x_wconf 80' lang='lat' dir='ltr'><strong>mo-</strong></span> 
     </span>
    </p>
   </div>
   <div class='ocr_carea' id='block_1_74' title="bbox 2084 1380 3672 1460">
    <p class='ocr_par' dir='ltr' id='par_1_74' title="bbox 2084 1380 3672 1460">
     <span class='ocr_line' id='line_1_74' title="bbox 2084 1380 3672 1460; baseline -0.009 -13"><span class='ocrx_word' id='word_1_567' title='bbox 2084 1399 2270 1447; x_wconf 90' lang='lat' dir='ltr'><strong>mento</strong></span> <span class='ocrx_word' id='word_1_568' title='bbox 2300 1390 2351 1444; x_wconf 93' lang='lat' dir='ltr'><strong>in</strong></span> <span class='ocrx_word' id='word_1_569' title='bbox 2385 1387 2574 1460; x_wconf 87' lang='lat' dir='ltr'><strong>hydria</strong></span> <span class='ocrx_word' id='word_1_570' title='bbox 2622 1386 2781 1442; x_wconf 90' lang='lat' dir='ltr'><strong>ﬁnem</strong></span> <span class='ocrx_word' id='word_1_571' title='bbox 2808 1384 3046 1440; x_wconf 87' lang='lat' dir='ltr'><strong>omnium</strong></span> <span class='ocrx_word' id='word_1_572' title='bbox 3092 1383 3316 1438; x_wconf 90' lang='lat' dir='ltr'><strong>istorum</strong></span> <span class='ocrx_word' id='word_1_573' title='bbox 3348 1380 3583 1435; x_wconf 87' lang='lat' dir='ltr'><strong>invenit:</strong></span> <span class='ocrx_word' id='word_1_574' title='bbox 3609 1394 3672 1433; x_wconf 87' lang='lat' dir='ltr'><strong>ac</strong></span> 
     </span>
    </p>
   </div>
   <div class='ocr_carea' id='block_1_75' title="bbox 2081 1470 3671 1545">
    <p class='ocr_par' dir='ltr' id='par_1_75' title="bbox 2081 1470 3671 1545">
     <span class='ocr_line' id='line_1_75' title="bbox 2081 1470 3671 1545; baseline -0.008 -7"><span class='ocrx_word' id='word_1_575' title='bbox 2081 1483 2217 1538; x_wconf 91' lang='lat' dir='ltr'><strong>duos</strong></span> <span class='ocrx_word' id='word_1_576' title='bbox 2247 1483 2438 1545; x_wconf 89' lang='lat' dir='ltr'><strong>fontes,</strong></span> <span class='ocrx_word' id='word_1_577' title='bbox 2466 1495 2630 1535; x_wconf 92' lang='lat' dir='ltr'><strong>unum</strong></span> <span class='ocrx_word' id='word_1_578' title='bbox 2660 1477 2867 1543; x_wconf 64' lang='lat' dir='ltr'><strong>farinae,</strong></span> <span class='ocrx_word' id='word_1_579' title='bbox 2891 1476 3113 1531; x_wconf 88' lang='lat' dir='ltr'><strong>alterum</strong></span> <span class='ocrx_word' id='word_1_580' title='bbox 3144 1475 3247 1530; x_wconf 88' lang='lat' dir='ltr'><strong>olei</strong></span> <span class='ocrx_word' id='word_1_581' title='bbox 3267 1490 3374 1529; x_wconf 89' lang='lat' dir='ltr'><strong>vox</strong></span> <span class='ocrx_word' id='word_1_582' title='bbox 3396 1470 3671 1543; x_wconf 68' lang='lat' dir='ltr'><strong>prophetat</strong></span> 
     </span>
    </p>
   </div>
   <div class='ocr_carea' id='block_1_76' title="bbox 2084 1571 2580 1643">
    <p class='ocr_par' dir='ltr' id='par_1_76' title="bbox 2084 1571 2580 1643">
     <span class='ocr_line' id='line_1_76' title="bbox 2084 1571 2580 1643; baseline -0.01 -14"><span class='ocrx_word' id='word_1_583' title='bbox 2084 1588 2350 1643; x_wconf 87' lang='lat' dir='ltr'><strong>perennes</strong></span> <span class='ocrx_word' id='word_1_584' title='bbox 2376 1571 2580 1626; x_wconf 76' lang='lat' dir='ltr'><strong>effudit.</strong></span> 
     </span>
    </p>
   </div>
   <div class='ocr_carea' id='block_1_77' title="bbox 2157 1654 3671 1721">
    <p class='ocr_par' dir='ltr' id='par_1_77' title="bbox 2157 1654 3671 1721">
     <span class='ocr_line' id='line_1_77' title="bbox 2157 1654 3671 1721; baseline -0.006 -4"><span class='ocrx_word' id='word_1_585' title='bbox 2157 1664 2242 1717; x_wconf 73' lang='grc'><strong>14.</strong></span> <span class='ocrx_word' id='word_1_586' title='bbox 2271 1662 2416 1717; x_wconf 89' lang='lat' dir='ltr'><strong>Talia</strong></span> <span class='ocrx_word' id='word_1_587' title='bbox 2454 1669 2579 1716; x_wconf 92' lang='lat' dir='ltr'><strong>sunt</strong></span> <span class='ocrx_word' id='word_1_588' title='bbox 2619 1658 2758 1714; x_wconf 90' lang='lat' dir='ltr'><strong>dona</strong></span> <span class='ocrx_word' id='word_1_589' title='bbox 2804 1666 3133 1721; x_wconf 87' lang='lat' dir='ltr'><strong>sanctorum,</strong></span> <span class='ocrx_word' id='word_1_590' title='bbox 3193 1664 3249 1711; x_wconf 90' lang='lat' dir='ltr'><strong>et</strong></span> <span class='ocrx_word' id='word_1_591' title='bbox 3278 1654 3570 1709; x_wconf 89' lang='lat' dir='ltr'><strong>ubertatem</strong></span> <span class='ocrx_word' id='word_1_592' title='bbox 3618 1662 3671 1708; x_wconf 84' lang='lat' dir='ltr'><strong>ct</strong></span> 
     </span>
    </p>
   </div>
   <div class='ocr_carea' id='block_1_78' title="bbox 2085 1746 3670 1825">
    <p class='ocr_par' dir='ltr' id='par_1_78' title="bbox 2085 1746 3670 1825">
     <span class='ocr_line' id='line_1_78' title="bbox 2085 1746 3670 1825; baseline -0.005 -17"><span class='ocrx_word' id='word_1_593' title='bbox 2085 1756 2388 1810; x_wconf 87' lang='lat' dir='ltr'><strong>facilitatem</strong></span> <span class='ocrx_word' id='word_1_594' title='bbox 2411 1755 2678 1825; x_wconf 90' lang='lat' dir='ltr'><strong>ingentem</strong></span> <span class='ocrx_word' id='word_1_595' title='bbox 2702 1756 2754 1809; x_wconf 92' lang='lat' dir='ltr'><strong>in</strong></span> <span class='ocrx_word' id='word_1_596' title='bbox 2780 1768 2839 1809; x_wconf 88' lang='lat' dir='ltr'><strong>se</strong></span> <span class='ocrx_word' id='word_1_597' title='bbox 2859 1752 3155 1807; x_wconf 88' lang='lat' dir='ltr'><strong>continent.</strong></span> <span class='ocrx_word' id='word_1_598' title='bbox 3192 1748 3325 1803; x_wconf 85' lang='lat' dir='ltr'><strong>Nam</strong></span> <span class='ocrx_word' id='word_1_599' title='bbox 3344 1762 3408 1803; x_wconf 89' lang='lat' dir='ltr'><strong>ea</strong></span> <span class='ocrx_word' id='word_1_600' title='bbox 3434 1746 3670 1818; x_wconf 89' lang='lat' dir='ltr'><strong>quidem,</strong></span> 
     </span>
    </p>
   </div>
   <div class='ocr_carea' id='block_1_79' title="bbox 2082 1838 3671 1917">
    <p class='ocr_par' dir='ltr' id='par_1_79' title="bbox 2082 1838 3671 1917">
     <span class='ocr_line' id='line_1_79' title="bbox 2082 1838 3671 1917; baseline -0.007 -16"><span class='ocrx_word' id='word_1_601' title='bbox 2082 1862 2202 1916; x_wconf 74' lang='lat' dir='ltr'><strong>quae</strong></span> <span class='ocrx_word' id='word_1_602' title='bbox 2220 1846 2624 1917; x_wconf 86' lang='lat' dir='ltr'><strong>decerpunture</strong></span> <span class='ocrx_word' id='word_1_603' title='bbox 2656 1855 2815 1911; x_wconf 89' lang='lat' dir='ltr'><strong>terra,</strong></span> <span class='ocrx_word' id='word_1_604' title='bbox 2844 1852 3267 1899; x_wconf 88' lang='lat' dir='ltr'><strong>consumuntur:</strong></span> <span class='ocrx_word' id='word_1_605' title='bbox 3292 1847 3349 1895; x_wconf 90' lang='lat' dir='ltr'><strong>at</strong></span> <span class='ocrx_word' id='word_1_606' title='bbox 3377 1839 3453 1894; x_wconf 90' lang='lat' dir='ltr'><strong>illi</strong></span> <span class='ocrx_word' id='word_1_607' title='bbox 3495 1838 3671 1892; x_wconf 79' lang='lat' dir='ltr'><strong>fontes</strong></span> 
     </span>
    </p>
   </div>
   <div class='ocr_carea' id='block_1_80' title="bbox 2084 1930 3669 2010">
    <p class='ocr_par' dir='ltr' id='par_1_80' title="bbox 2084 1930 3669 2010">
     <span class='ocr_line' id='line_1_80' title="bbox 2084 1930 3669 2010; baseline -0.008 -15"><span class='ocrx_word' id='word_1_608' title='bbox 2084 1939 2259 1995; x_wconf 84' lang='lat' dir='ltr'><strong>hausti</strong></span> <span class='ocrx_word' id='word_1_609' title='bbox 2300 1940 2557 2010; x_wconf 86' lang='lat' dir='ltr'><strong>quotidie,</strong></span> <span class='ocrx_word' id='word_1_610' title='bbox 2606 1955 2713 1994; x_wconf 92' lang='lat' dir='ltr'><strong>non</strong></span> <span class='ocrx_word' id='word_1_611' title='bbox 2740 1936 3222 1997; x_wconf 82' lang='lat' dir='ltr'><strong>exhauriebantur,</strong></span> <span class='ocrx_word' id='word_1_612' title='bbox 3255 1932 3349 1987; x_wconf 87' lang='lat' dir='ltr'><strong>sed</strong></span> <span class='ocrx_word' id='word_1_613' title='bbox 3387 1947 3507 1986; x_wconf 90' lang='lat' dir='ltr'><strong>cum</strong></span> <span class='ocrx_word' id='word_1_614' title='bbox 3541 1930 3669 1994; x_wconf 89' lang='lat' dir='ltr'><strong>illis,</strong></span> 
     </span>
    </p>
   </div>
   <div class='ocr_carea' id='block_1_81' title="bbox 2082 2024 3675 2105">
    <p class='ocr_par' dir='ltr' id='par_1_81' title="bbox 2082 2024 3675 2105">
     <span class='ocr_line' id='line_1_81' title="bbox 2082 2024 3675 2105; baseline -0.006 -18"><span class='ocrx_word' id='word_1_615' title='bbox 2082 2034 2172 2105; x_wconf 90' lang='lat' dir='ltr'><strong>qui</strong></span> <span class='ocrx_word' id='word_1_616' title='bbox 2215 2033 2577 2099; x_wconf 84' lang='lat' dir='ltr'><strong>evacuabant,</strong></span> <span class='ocrx_word' id='word_1_617' title='bbox 2622 2032 2735 2102; x_wconf 89' lang='lat' dir='ltr'><strong>pari</strong></span> <span class='ocrx_word' id='word_1_618' title='bbox 2779 2044 3034 2087; x_wconf 90' lang='lat' dir='ltr'><strong>successu</strong></span> <span class='ocrx_word' id='word_1_619' title='bbox 3077 2027 3344 2097; x_wconf 89' lang='lat' dir='ltr'><strong>scaturigo</strong></span> <span class='ocrx_word' id='word_1_620' title='bbox 3383 2024 3675 2096; x_wconf 86' lang='lat' dir='ltr'><strong>pugnabat.</strong></span> 
     </span>
    </p>
   </div>
   <div class='ocr_carea' id='block_1_82' title="bbox 2082 2116 3669 2196">
    <p class='ocr_par' dir='ltr' id='par_1_82' title="bbox 2082 2116 3669 2196">
     <span class='ocr_line' id='line_1_82' title="bbox 2082 2116 3669 2196; baseline -0.009 -15"><span class='ocrx_word' id='word_1_621' title='bbox 2082 2125 2227 2180; x_wconf 87' lang='lat' dir='ltr'><strong>Talia</strong></span> <span class='ocrx_word' id='word_1_622' title='bbox 2257 2134 2400 2192; x_wconf 91' lang='lat' dir='ltr'><strong>sunt,</strong></span> <span class='ocrx_word' id='word_1_623' title='bbox 2429 2140 2547 2196; x_wconf 66' lang='lat' dir='ltr'><strong>quae</strong></span> <span class='ocrx_word' id='word_1_624' title='bbox 2590 2135 2896 2179; x_wconf 86' lang='lat' dir='ltr'><strong>sanetorum</strong></span> <span class='ocrx_word' id='word_1_625' title='bbox 2924 2120 3088 2191; x_wconf 88' lang='lat' dir='ltr'><strong>pedes</strong></span> <span class='ocrx_word' id='word_1_626' title='bbox 3128 2118 3440 2189; x_wconf 88' lang='lat' dir='ltr'><strong>largiuntur,</strong></span> <span class='ocrx_word' id='word_1_627' title='bbox 3461 2116 3543 2170; x_wconf 87' lang='lat' dir='ltr'><strong>vel</strong></span> <span class='ocrx_word' id='word_1_628' title='bbox 3573 2130 3669 2183; x_wconf 85' lang='lat' dir='ltr'><strong>po-</strong></span> 
     </span>
    </p>
   </div>
   <div class='ocr_carea' id='block_1_83' title="bbox 2084 2206 3683 2285">
    <p class='ocr_par' dir='ltr' id='par_1_83' title="bbox 2084 2206 3683 2285">
     <span class='ocr_line' id='line_1_83' title="bbox 2084 2206 3683 2285; baseline -0.009 -14"><span class='ocrx_word' id='word_1_629' title='bbox 2084 2217 2188 2272; x_wconf 89' lang='lat' dir='ltr'><strong>tius</strong></span> <span class='ocrx_word' id='word_1_630' title='bbox 2219 2217 2301 2273; x_wconf 90' lang='lat' dir='ltr'><strong>his</strong></span> <span class='ocrx_word' id='word_1_631' title='bbox 2330 2217 2497 2271; x_wconf 89' lang='lat' dir='ltr'><strong>multo</strong></span> <span class='ocrx_word' id='word_1_632' title='bbox 2524 2216 2670 2285; x_wconf 89' lang='lat' dir='ltr'><strong>plura</strong></span> <span class='ocrx_word' id='word_1_633' title='bbox 2696 2232 2709 2267; x_wconf 87' lang='lat'><strong><em>:</em></strong></span> <span class='ocrx_word' id='word_1_634' title='bbox 2742 2228 2804 2268; x_wconf 89' lang='lat' dir='ltr'><strong>ac</strong></span> <span class='ocrx_word' id='word_1_635' title='bbox 2833 2212 2934 2267; x_wconf 92' lang='lat' dir='ltr'><strong>nisi</strong></span> <span class='ocrx_word' id='word_1_636' title='bbox 2979 2212 3133 2266; x_wconf 84' lang='lat' dir='ltr'><strong>ﬁeret</strong></span> <span class='ocrx_word' id='word_1_637' title='bbox 3183 2209 3441 2279; x_wconf 83' lang='lat' dir='ltr'><strong>prolixior</strong></span> <span class='ocrx_word' id='word_1_638' title='bbox 3467 2206 3683 2265; x_wconf 90' lang='lat' dir='ltr'><strong>oratio._</strong></span> 
     </span>
    </p>
   </div>
   <div class='ocr_carea' id='block_1_84' title="bbox 2082 2296 3667 2378">
    <p class='ocr_par' dir='ltr' id='par_1_84' title="bbox 2082 2296 3667 2378">
     <span class='ocr_line' id='line_1_84' title="bbox 2082 2296 3667 2378; baseline -0.009 -15"><span class='ocrx_word' id='word_1_639' title='bbox 2082 2309 2246 2363; x_wconf 90' lang='lat' dir='ltr'><strong>multa</strong></span> <span class='ocrx_word' id='word_1_640' title='bbox 2290 2307 2554 2378; x_wconf 86' lang='lat' dir='ltr'><strong>ejusmodi</strong></span> <span class='ocrx_word' id='word_1_641' title='bbox 2596 2305 2738 2361; x_wconf 89' lang='lat' dir='ltr'><strong>dona</strong></span> <span class='ocrx_word' id='word_1_642' title='bbox 2769 2302 3099 2359; x_wconf 90' lang='lat' dir='ltr'><strong>numerando</strong></span> <span class='ocrx_word' id='word_1_643' title='bbox 3141 2313 3533 2372; x_wconf 87' lang='lat' dir='ltr'><strong>percenserem.</strong></span> <span class='ocrx_word' id='word_1_644' title='bbox 3563 2296 3667 2351; x_wconf 85' lang='lat' dir='ltr'><strong>Sed</strong></span> 
     </span>
    </p>
   </div>
   <div class='ocr_carea' id='block_1_85' title="bbox 2079 2387 3667 2468">
    <p class='ocr_par' dir='ltr' id='par_1_85' title="bbox 2079 2387 3667 2468">
     <span class='ocr_line' id='line_1_85' title="bbox 2079 2387 3667 2468; baseline -0.009 -14"><span class='ocrx_word' id='word_1_645' title='bbox 2079 2398 2526 2468; x_wconf 88' lang='lat' dir='ltr'><strong>quemadmodum</strong></span> <span class='ocrx_word' id='word_1_646' title='bbox 2579 2396 2614 2451; x_wconf 94' lang='lat' dir='ltr'><strong>ii</strong></span> <span class='ocrx_word' id='word_1_647' title='bbox 2650 2397 2741 2467; x_wconf 87' lang='lat' dir='ltr'><strong>qui</strong></span> <span class='ocrx_word' id='word_1_648' title='bbox 2811 2396 3069 2449; x_wconf 89' lang='lat' dir='ltr'><strong>honorem</strong></span> <span class='ocrx_word' id='word_1_649' title='bbox 3096 2392 3203 2446; x_wconf 89' lang='lat' dir='ltr'><strong>illis</strong></span> <span class='ocrx_word' id='word_1_650' title='bbox 3227 2389 3496 2455; x_wconf 90' lang='lat' dir='ltr'><strong>deferunt,</strong></span> <span class='ocrx_word' id='word_1_651' title='bbox 3543 2387 3667 2442; x_wconf 77' lang='lat' dir='ltr'><strong>talia</strong></span> 
     </span>
    </p>
   </div>
   <div class='ocr_carea' id='block_1_86' title="bbox 2078 2480 3665 2561">
    <p class='ocr_par' dir='ltr' id='par_1_86' title="bbox 2078 2480 3665 2561">
     <span class='ocr_line' id='line_1_86' title="bbox 2078 2480 3665 2561; baseline -0.009 -14"><span class='ocrx_word' id='word_1_652' title='bbox 2078 2492 2217 2547; x_wconf 91' lang='lat' dir='ltr'><strong>dona</strong></span> <span class='ocrx_word' id='word_1_653' title='bbox 2244 2500 2644 2561; x_wconf 88' lang='lat' dir='ltr'><strong>consequuntur</strong></span> <span class='ocrx_word' id='word_1_654' title='bbox 2675 2506 2688 2542; x_wconf 90' lang='lat'><strong>:</strong></span> <span class='ocrx_word' id='word_1_655' title='bbox 2720 2489 2789 2543; x_wconf 89' lang='lat' dir='ltr'><strong>ita</strong></span> <span class='ocrx_word' id='word_1_656' title='bbox 2818 2488 2908 2558; x_wconf 90' lang='lat' dir='ltr'><strong>qui</strong></span> <span class='ocrx_word' id='word_1_657' title='bbox 2930 2486 3247 2555; x_wconf 87' lang='lat' dir='ltr'><strong>despiciunt,</strong></span> <span class='ocrx_word' id='word_1_658' title='bbox 3292 2497 3540 2551; x_wconf 88' lang='lat' dir='ltr'><strong>magnum</strong></span> <span class='ocrx_word' id='word_1_659' title='bbox 3562 2480 3665 2534; x_wconf 87' lang='lat' dir='ltr'><strong>sibi</strong></span> 
     </span>
    </p>
   </div>
   <div class='ocr_carea' id='block_1_87' title="bbox 2077 2569 3666 2652">
    <p class='ocr_par' dir='ltr' id='par_1_87' title="bbox 2077 2569 3666 2652">
     <span class='ocr_line' id='line_1_87' title="bbox 2077 2569 3666 2652; baseline -0.008 -16"><span class='ocrx_word' id='word_1_660' title='bbox 2077 2581 2394 2652; x_wconf 89' lang='lat' dir='ltr'><strong>supplicium</strong></span> <span class='ocrx_word' id='word_1_661' title='bbox 2421 2590 2475 2636; x_wconf 90' lang='lat' dir='ltr'><strong>et</strong></span> <span class='ocrx_word' id='word_1_662' title='bbox 2513 2578 2872 2635; x_wconf 89' lang='lat' dir='ltr'><strong>inevitabilem</strong></span> <span class='ocrx_word' id='word_1_663' title='bbox 2903 2576 3080 2646; x_wconf 86' lang='lat' dir='ltr'><strong>ignem</strong></span> <span class='ocrx_word' id='word_1_664' title='bbox 3110 2580 3409 2628; x_wconf 91' lang='lat' dir='ltr'><strong>accersunt.</strong></span> <span class='ocrx_word' id='word_1_665' title='bbox 3435 2569 3587 2626; x_wconf 90' lang='lat' dir='ltr'><strong>Unde</strong></span> <span class='ocrx_word' id='word_1_666' title='bbox 3614 2569 3666 2624; x_wconf 85' lang='lat' dir='ltr'><strong>id</strong></span> 
     </span>
    </p>
   </div>
   <div class='ocr_carea' id='block_1_88' title="bbox 2077 2661 3664 2738">
    <p class='ocr_par' dir='ltr' id='par_1_88' title="bbox 2077 2661 3664 2738">
     <span class='ocr_line' id='line_1_88' title="bbox 2077 2661 3664 2738; baseline -0.008 -11"><span class='ocrx_word' id='word_1_667' title='bbox 2077 2672 2329 2727; x_wconf 85' lang='lat' dir='ltr'><strong>constat?</strong></span> <span class='ocrx_word' id='word_1_668' title='bbox 2354 2670 2491 2726; x_wconf 85' lang='lat' dir='ltr'><strong>Audi</strong></span> <span class='ocrx_word' id='word_1_669' title='bbox 2528 2670 2801 2725; x_wconf 90' lang='lat' dir='ltr'><strong>Christum</strong></span> <span class='ocrx_word' id='word_1_670' title='bbox 2847 2669 3019 2738; x_wconf 90' lang='lat' dir='ltr'><strong>ipsum</strong></span> <span class='ocrx_word' id='word_1_671' title='bbox 3057 2665 3325 2721; x_wconf 88' lang='lat' dir='ltr'><strong>dicentem</strong></span> <span class='ocrx_word' id='word_1_672' title='bbox 3352 2661 3664 2731; x_wconf 90' lang='lat' dir='ltr'><strong>discipulis:</strong></span> 
     </span>
    </p>
   </div>
   <div class='ocr_carea' id='block_1_89' title="bbox 2078 2755 3666 2837">
    <p class='ocr_par' dir='ltr' id='par_1_89' title="bbox 2078 2755 3666 2837">
     <span class='ocr_line' id='line_1_89' title="bbox 2078 2755 3666 2837; baseline -0.009 -17"><span class='ocrx_word' id='word_1_673' title='bbox 2078 2765 2142 2820; x_wconf 85' lang='lat' dir='ltr'><strong>In</strong></span> <span class='ocrx_word' id='word_1_674' title='bbox 2169 2780 2534 2837; x_wconf 84' lang='lat' dir='ltr'><strong>quamcumque</strong></span> <span class='ocrx_word' id='word_1_675' title='bbox 2558 2763 2829 2827; x_wconf 79' lang='lat' dir='ltr'><strong>civitatem,</strong></span> <span class='ocrx_word' id='word_1_676' title='bbox 2870 2769 2957 2813; x_wconf 84' lang='lat' dir='ltr'><strong>aut</strong></span> <span class='ocrx_word' id='word_1_677' title='bbox 2990 2759 3196 2813; x_wconf 83' lang='lat' dir='ltr'><strong>domum</strong></span> <span class='ocrx_word' id='word_1_678' title='bbox 3238 2755 3559 2819; x_wconf 83' lang='lat' dir='ltr'><strong>intrareritis,</strong></span> <span class='ocrx_word' id='word_1_679' title='bbox 3588 2755 3666 2806; x_wconf 85' lang='lat' dir='ltr'><strong>in-</strong></span> 
     </span>
    </p>
   </div>
   <div class='ocr_carea' id='block_1_90' title="bbox 2077 2848 3665 2926">
    <p class='ocr_par' dir='ltr' id='par_1_90' title="bbox 2077 2848 3665 2926">
     <span class='ocr_line' id='line_1_90' title="bbox 2077 2848 3665 2926; baseline -0.008 -16"><span class='ocrx_word' id='word_1_680' title='bbox 2077 2866 2324 2926; x_wconf 86' lang='lat' dir='ltr'><strong>terrogate</strong></span> <span class='ocrx_word' id='word_1_681' title='bbox 2343 2856 2452 2925; x_wconf 82' lang='lat' dir='ltr'><strong>quis</strong></span> <span class='ocrx_word' id='word_1_682' title='bbox 2469 2855 2520 2908; x_wconf 87' lang='lat' dir='ltr'><strong>in</strong></span> <span class='ocrx_word' id='word_1_683' title='bbox 2546 2871 2608 2909; x_wconf 89' lang='lat' dir='ltr'><strong>ea</strong></span> <span class='ocrx_word' id='word_1_684' title='bbox 2627 2855 2811 2924; x_wconf 84' lang='lat' dir='ltr'><strong>dignus</strong></span> <span class='ocrx_word' id='word_1_685' title='bbox 2838 2852 2922 2918; x_wconf 83' lang='lat' dir='ltr'><strong>sit,</strong></span> <span class='ocrx_word' id='word_1_686' title='bbox 2950 2861 2995 2904; x_wconf 87' lang='lat' dir='ltr'><strong>ct</strong></span> <span class='ocrx_word' id='word_1_687' title='bbox 3021 2850 3088 2903; x_wconf 79' lang='lat' dir='ltr'><strong>ibi</strong></span> <span class='ocrx_word' id='word_1_688' title='bbox 3104 2859 3317 2911; x_wconf 87' lang='lat' dir='ltr'><strong>manete,</strong></span> <span class='ocrx_word' id='word_1_689' title='bbox 3350 2857 3396 2902; x_wconf 86' lang='lat' dir='ltr'><strong>et</strong></span> <span class='ocrx_word' id='word_1_690' title='bbox 3422 2848 3665 2901; x_wconf 78' lang='lat' dir='ltr'><strong>intrantes</strong></span> 
     </span>
    </p>
   </div>
   <div class='ocr_carea' id='block_1_91' title="bbox 2075 2938 3661 3014">
    <p class='ocr_par' dir='ltr' id='par_1_91' title="bbox 2075 2938 3661 3014">
     <span class='ocr_line' id='line_1_91' title="bbox 2075 2938 3661 3014; baseline -0.006 -15"><span class='ocrx_word' id='word_1_691' title='bbox 2075 2948 2240 3013; x_wconf 73' lang='lat' dir='ltr'><strong>dicite,</strong></span> <span class='ocrx_word' id='word_1_692' title='bbox 2268 2947 2385 3000; x_wconf 72' lang='lat' dir='ltr'><strong>Pas:</strong></span> <span class='ocrx_word' id='word_1_693' title='bbox 2408 2947 2523 2998; x_wconf 86' lang='lat' dir='ltr'><strong>huic</strong></span> <span class='ocrx_word' id='word_1_694' title='bbox 2540 2945 2710 2999; x_wconf 83' lang='lat' dir='ltr'><strong>domui</strong></span> <span class='ocrx_word' id='word_1_695' title='bbox 2731 2944 2946 3014; x_wconf 81' lang='lat' dir='ltr'><strong>(Matth.</strong></span> <span class='ocrx_word' id='word_1_696' title='bbox 2972 2943 3059 2997; x_wconf 84' lang='grc'><strong>10.</strong></span> <span class='ocrx_word' id='word_1_697' title='bbox 3085 2938 3373 3009; x_wconf 73' lang='grc' dir='ltr'><strong>11.12).υι</strong></span> <span class='ocrx_word' id='word_1_698' title='bbox 3395 2938 3537 2993; x_wconf 85' lang='lat' dir='ltr'><strong>enim</strong></span> <span class='ocrx_word' id='word_1_699' title='bbox 3557 2953 3661 2991; x_wconf 92' lang='lat' dir='ltr'><strong>non</strong></span> 
     </span>
    </p>
   </div>
   <div class='ocr_carea' id='block_1_92' title="bbox 2073 3027 3663 3105">
    <p class='ocr_par' dir='ltr' id='par_1_92' title="bbox 2073 3027 3663 3105">
     <span class='ocr_line' id='line_1_92' title="bbox 2073 3027 3663 3105; baseline -0.006 -14"><span class='ocrx_word' id='word_1_700' title='bbox 2073 3037 2238 3103; x_wconf 89' lang='lat' dir='ltr'><strong>dicas,</strong></span> <span class='ocrx_word' id='word_1_701' title='bbox 2266 3036 2526 3091; x_wconf 86' lang='lat' dir='ltr'><strong>Pecunias</strong></span> <span class='ocrx_word' id='word_1_702' title='bbox 2558 3033 2825 3105; x_wconf 85' lang='lat' dir='ltr'><strong>expende,</strong></span> <span class='ocrx_word' id='word_1_703' title='bbox 2855 3032 3132 3088; x_wconf 87' lang='lat' dir='ltr'><strong>facultates</strong></span> <span class='ocrx_word' id='word_1_704' title='bbox 3160 3043 3398 3095; x_wconf 90' lang='lat' dir='ltr'><strong>assumo,</strong></span> <span class='ocrx_word' id='word_1_705' title='bbox 3424 3027 3550 3082; x_wconf 90' lang='lat' dir='ltr'><strong>dum</strong></span> <span class='ocrx_word' id='word_1_706' title='bbox 3571 3043 3663 3097; x_wconf 87' lang='lat' dir='ltr'><strong>pc-</strong></span> 
     </span>
    </p>
   </div>
   <div class='ocr_carea' id='block_1_93' title="bbox 2073 3120 3660 3198">
    <p class='ocr_par' dir='ltr' id='par_1_93' title="bbox 2073 3120 3660 3198">
     <span class='ocr_line' id='line_1_93' title="bbox 2073 3120 3660 3198; baseline -0.009 -16"><span class='ocrx_word' id='word_1_707' title='bbox 2073 3128 2300 3198; x_wconf 88' lang='lat' dir='ltr'><strong>regrinis</strong></span> <span class='ocrx_word' id='word_1_708' title='bbox 2329 3140 2569 3181; x_wconf 89' lang='lat' dir='ltr'><strong>mensam</strong></span> <span class='ocrx_word' id='word_1_709' title='bbox 2599 3138 2829 3195; x_wconf 91' lang='lat' dir='ltr'><strong>appono,</strong></span> <span class='ocrx_word' id='word_1_710' title='bbox 2863 3122 3027 3178; x_wconf 85' lang='lat' dir='ltr'><strong>efﬁcit</strong></span> <span class='ocrx_word' id='word_1_711' title='bbox 3056 3132 3112 3176; x_wconf 94' lang='lat' dir='ltr'><strong>ut</strong></span> <span class='ocrx_word' id='word_1_712' title='bbox 3159 3121 3247 3176; x_wconf 84' lang='lat' dir='ltr'><strong>ille</strong></span> <span class='ocrx_word' id='word_1_713' title='bbox 3275 3121 3411 3190; x_wconf 90' lang='lat' dir='ltr'><strong>ipse,</strong></span> <span class='ocrx_word' id='word_1_714' title='bbox 3439 3120 3530 3190; x_wconf 91' lang='lat' dir='ltr'><strong>qui</strong></span> <span class='ocrx_word' id='word_1_715' title='bbox 3560 3120 3660 3172; x_wconf 84' lang='lat' dir='ltr'><strong>dn-</strong></span> 
     </span>
    </p>
   </div>
   <div class='ocr_carea' id='block_1_94' title="bbox 2072 3213 3663 3288">
    <p class='ocr_par' dir='ltr' id='par_1_94' title="bbox 2072 3213 3663 3288">
     <span class='ocr_line' id='line_1_94' title="bbox 2072 3213 3663 3288; baseline -0.006 -15"><span class='ocrx_word' id='word_1_716' title='bbox 2072 3234 2218 3273; x_wconf 89' lang='lat' dir='ltr'><strong>mum</strong></span> <span class='ocrx_word' id='word_1_717' title='bbox 2262 3219 2445 3285; x_wconf 91' lang='lat' dir='ltr'><strong>intrat,</strong></span> <span class='ocrx_word' id='word_1_718' title='bbox 2494 3219 2641 3288; x_wconf 92' lang='lat' dir='ltr'><strong>prior</strong></span> <span class='ocrx_word' id='word_1_719' title='bbox 2673 3216 2769 3271; x_wconf 90' lang='lat' dir='ltr'><strong>tibi</strong></span> <span class='ocrx_word' id='word_1_720' title='bbox 2818 3216 2955 3270; x_wconf 89' lang='lat' dir='ltr'><strong>dona</strong></span> <span class='ocrx_word' id='word_1_721' title='bbox 3011 3213 3288 3283; x_wconf 87' lang='lat' dir='ltr'><strong>hospitalia</strong></span> <span class='ocrx_word' id='word_1_722' title='bbox 3337 3226 3663 3280; x_wconf 79' lang='lat' dir='ltr'><strong>muneraque</strong></span> 
     </span>
    </p>
   </div>
   <div class='ocr_carea' id='block_1_95' title="bbox 2073 3304 3658 3382">
    <p class='ocr_par' dir='ltr' id='par_1_95' title="bbox 2073 3304 3658 3382">
     <span class='ocr_line' id='line_1_95' title="bbox 2073 3304 3658 3382; baseline -0.006 -16"><span class='ocrx_word' id='word_1_723' title='bbox 2073 3311 2347 3382; x_wconf 88' lang='lat' dir='ltr'><strong>largiatur,</strong></span> <span class='ocrx_word' id='word_1_724' title='bbox 2388 3326 2507 3380; x_wconf 71' lang='lat' dir='ltr'><strong>qua:</strong></span> <span class='ocrx_word' id='word_1_725' title='bbox 2530 3310 2743 3365; x_wconf 91' lang='lat' dir='ltr'><strong>divitias</strong></span> <span class='ocrx_word' id='word_1_726' title='bbox 2777 3323 2969 3363; x_wconf 91' lang='lat' dir='ltr'><strong>omnes</strong></span> <span class='ocrx_word' id='word_1_727' title='bbox 3012 3314 3359 3376; x_wconf 81' lang='lat' dir='ltr'><strong>exsuperant.</strong></span> <span class='ocrx_word' id='word_1_728' title='bbox 3405 3304 3658 3373; x_wconf 73' lang='lat' dir='ltr'><strong>Qumnam</strong></span> 
     </span>
    </p>
   </div>
   <div class='ocr_carea' id='block_1_96' title="bbox 2070 3394 3661 3472">
    <p class='ocr_par' dir='ltr' id='par_1_96' title="bbox 2070 3394 3661 3472">
     <span class='ocr_line' id='line_1_96' title="bbox 2070 3394 3661 3472; baseline -0.006 -15"><span class='ocrx_word' id='word_1_729' title='bbox 2070 3403 2157 3457; x_wconf 61' lang='lat' dir='ltr'><strong>iila</strong></span> <span class='ocrx_word' id='word_1_730' title='bbox 2185 3417 2343 3472; x_wconf 90' lang='lat' dir='ltr'><strong>porro</strong></span> <span class='ocrx_word' id='word_1_731' title='bbox 2363 3410 2487 3456; x_wconf 91' lang='lat' dir='ltr'><strong>sunt</strong></span> <span class='ocrx_word' id='word_1_732' title='bbox 2505 3401 2529 3453; x_wconf 74' lang='grc' dir='ltr'>τ</span> <span class='ocrx_word' id='word_1_733' title='bbox 2548 3400 2699 3455; x_wconf 89' lang='lat' dir='ltr'><strong>Pacis</strong></span> <span class='ocrx_word' id='word_1_734' title='bbox 2725 3400 3046 3469; x_wconf 86' lang='lat' dir='ltr'><strong>largitatem.</strong></span> <span class='ocrx_word' id='word_1_735' title='bbox 3069 3397 3210 3452; x_wconf 86' lang='lat' dir='ltr'><strong>Nihil</strong></span> <span class='ocrx_word' id='word_1_736' title='bbox 3230 3395 3371 3451; x_wconf 90' lang='lat' dir='ltr'><strong>enim</strong></span> <span class='ocrx_word' id='word_1_737' title='bbox 3388 3405 3492 3461; x_wconf 90' lang='lat' dir='ltr'><strong>est,</strong></span> <span class='ocrx_word' id='word_1_738' title='bbox 3515 3394 3661 3465; x_wconf 86' lang='lat' dir='ltr'><strong>quod</strong></span> 
     </span>
    </p>
   </div>
   <div class='ocr_carea' id='block_1_97' title="bbox 2068 3480 3657 3560">
    <p class='ocr_par' dir='ltr' id='par_1_97' title="bbox 2068 3480 3657 3560">
     <span class='ocr_line' id='line_1_97' title="bbox 2068 3480 3657 3560; baseline -0.008 -12"><span class='ocrx_word' id='word_1_739' title='bbox 2068 3509 2187 3549; x_wconf 92' lang='lat' dir='ltr'><strong>eum</strong></span> <span class='ocrx_word' id='word_1_740' title='bbox 2220 3494 2307 3546; x_wconf 90' lang='lat' dir='ltr'><strong>illa</strong></span> <span class='ocrx_word' id='word_1_741' title='bbox 2336 3491 2567 3547; x_wconf 90' lang='lat' dir='ltr'><strong>conferri</strong></span> <span class='ocrx_word' id='word_1_742' title='bbox 2600 3491 2786 3560; x_wconf 92' lang='lat' dir='ltr'><strong>possit.</strong></span> <span class='ocrx_word' id='word_1_743' title='bbox 2814 3489 2971 3543; x_wconf 81' lang='lat' dir='ltr'><strong>Vides</strong></span> <span class='ocrx_word' id='word_1_744' title='bbox 2999 3496 3193 3559; x_wconf 89' lang='lat' dir='ltr'><strong>quanta</strong></span> <span class='ocrx_word' id='word_1_745' title='bbox 3222 3501 3345 3542; x_wconf 92' lang='lat' dir='ltr'><strong>cum</strong></span> <span class='ocrx_word' id='word_1_746' title='bbox 3375 3499 3536 3555; x_wconf 90' lang='lat' dir='ltr'><strong>opum</strong></span> <span class='ocrx_word' id='word_1_747' title='bbox 3575 3480 3657 3535; x_wconf 86' lang='lat' dir='ltr'><strong>af-</strong></span> 
     </span>
    </p>
   </div>
   <div class='ocr_carea' id='block_1_98' title="bbox 2068 3572 3653 3645">
    <p class='ocr_par' dir='ltr' id='par_1_98' title="bbox 2068 3572 3653 3645">
     <span class='ocr_line' id='line_1_98' title="bbox 2068 3572 3653 3645; baseline -0.008 -7"><span class='ocrx_word' id='word_1_748' title='bbox 2068 3584 2284 3639; x_wconf 88' lang='lat' dir='ltr'><strong>fluentia</strong></span> <span class='ocrx_word' id='word_1_749' title='bbox 2323 3592 2540 3637; x_wconf 89' lang='lat' dir='ltr'><strong>sanctus</strong></span> <span class='ocrx_word' id='word_1_750' title='bbox 2555 3580 2772 3635; x_wconf 91' lang='lat' dir='ltr'><strong>domum</strong></span> <span class='ocrx_word' id='word_1_751' title='bbox 2790 3578 3058 3634; x_wconf 91' lang='lat' dir='ltr'><strong>introeat?</strong></span> <span class='ocrx_word' id='word_1_752' title='bbox 3081 3577 3192 3631; x_wconf 78' lang='lat' dir='ltr'><strong>[ioc</strong></span> <span class='ocrx_word' id='word_1_753' title='bbox 3206 3577 3423 3632; x_wconf 89' lang='lat' dir='ltr'><strong>verbum</strong></span> <span class='ocrx_word' id='word_1_754' title='bbox 3437 3572 3653 3645; x_wconf 89' lang='lat' dir='ltr'><strong>quidem</strong></span> 
     </span>
    </p>
   </div>
   <div class='ocr_carea' id='block_1_99' title="bbox 2067 3662 3653 3739">
    <p class='ocr_par' dir='ltr' id='par_1_99' title="bbox 2067 3662 3653 3739">
     <span class='ocr_line' id='line_1_99' title="bbox 2067 3662 3653 3739; baseline -0.009 -9"><span class='ocrx_word' id='word_1_755' title='bbox 2067 3676 2266 3731; x_wconf 91' lang='lat' dir='ltr'><strong>nudum</strong></span> <span class='ocrx_word' id='word_1_756' title='bbox 2289 3684 2392 3739; x_wconf 88' lang='lat' dir='ltr'><strong>est,</strong></span> <span class='ocrx_word' id='word_1_757' title='bbox 2428 3683 2481 3727; x_wconf 93' lang='lat' dir='ltr'><strong>at</strong></span> <span class='ocrx_word' id='word_1_758' title='bbox 2506 3671 2834 3727; x_wconf 82' lang='lat' dir='ltr'><strong>inﬁnitarum</strong></span> <span class='ocrx_word' id='word_1_759' title='bbox 2869 3671 3131 3724; x_wconf 88' lang='lat' dir='ltr'><strong>bonorum</strong></span> <span class='ocrx_word' id='word_1_760' title='bbox 3154 3675 3241 3724; x_wconf 90' lang='lat' dir='ltr'><strong>est</strong></span> <span class='ocrx_word' id='word_1_761' title='bbox 3260 3666 3493 3723; x_wconf 86' lang='lat' dir='ltr'><strong>occasio.</strong></span> <span class='ocrx_word' id='word_1_762' title='bbox 3517 3662 3653 3731; x_wconf 85' lang='lat' dir='ltr'><strong>Quid</strong></span> 
     </span>
    </p>
   </div>
   <div class='ocr_carea' id='block_1_100' title="bbox 2065 3754 3655 3832">
    <p class='ocr_par' dir='ltr' id='par_1_100' title="bbox 2065 3754 3655 3832">
     <span class='ocr_line' id='line_1_100' title="bbox 2065 3754 3655 3832; baseline -0.009 -10"><span class='ocrx_word' id='word_1_763' title='bbox 2065 3768 2206 3822; x_wconf 91' lang='lat' dir='ltr'><strong>enim</strong></span> <span class='ocrx_word' id='word_1_764' title='bbox 2232 3782 2295 3821; x_wconf 90' lang='lat' dir='ltr'><strong>ea</strong></span> <span class='ocrx_word' id='word_1_765' title='bbox 2314 3766 2473 3820; x_wconf 91' lang='lat' dir='ltr'><strong>domo</strong></span> <span class='ocrx_word' id='word_1_766' title='bbox 2495 3764 2657 3818; x_wconf 90' lang='lat' dir='ltr'><strong>tutius</strong></span> <span class='ocrx_word' id='word_1_767' title='bbox 2682 3763 2900 3832; x_wconf 86' lang='lat' dir='ltr'><strong>reperiri</strong></span> <span class='ocrx_word' id='word_1_768' title='bbox 2921 3760 3104 3831; x_wconf 90' lang='lat' dir='ltr'><strong>possit,</strong></span> <span class='ocrx_word' id='word_1_769' title='bbox 3121 3773 3240 3829; x_wconf 81' lang='lat' dir='ltr'><strong>qua:</strong></span> <span class='ocrx_word' id='word_1_770' title='bbox 3258 3773 3390 3829; x_wconf 88' lang='lat' dir='ltr'><strong>pace</strong></span> <span class='ocrx_word' id='word_1_771' title='bbox 3414 3754 3655 3811; x_wconf 75' lang='lat' dir='ltr'><strong>fruatur?</strong></span> 
     </span>
    </p>
   </div>
   <div class='ocr_carea' id='block_1_101' title="bbox 2064 3853 3654 3930">
    <p class='ocr_par' dir='ltr' id='par_1_101' title="bbox 2064 3853 3654 3930">
     <span class='ocr_line' id='line_1_101' title="bbox 2064 3853 3654 3930; baseline -0.011 -12"><span class='ocrx_word' id='word_1_772' title='bbox 2064 3863 2233 3918; x_wconf 89' lang='lat' dir='ltr'><strong>Porro</strong></span> <span class='ocrx_word' id='word_1_773' title='bbox 2247 3860 2350 3916; x_wconf 88' lang='lat' dir='ltr'><strong>illis</strong></span> <span class='ocrx_word' id='word_1_774' title='bbox 2365 3877 2394 3915; x_wconf 92' lang='lat' dir='ltr'><strong>a</strong></span> <span class='ocrx_word' id='word_1_775' title='bbox 2409 3857 2601 3930; x_wconf 88' lang='lat' dir='ltr'><strong>quibus</strong></span> <span class='ocrx_word' id='word_1_776' title='bbox 2619 3853 3141 3924; x_wconf 84' lang='lat' dir='ltr'><strong>excipiuntur,sancti</strong></span> <span class='ocrx_word' id='word_1_777' title='bbox 3155 3867 3337 3923; x_wconf 90' lang='lat' dir='ltr'><strong>pacem</strong></span> <span class='ocrx_word' id='word_1_778' title='bbox 3352 3859 3654 3919; x_wconf 87' lang='lat' dir='ltr'><strong>precantur,</strong></span> 
     </span>
    </p>
   </div>
   <div class='ocr_carea' id='block_1_102' title="bbox 2066 3940 3653 4013">
    <p class='ocr_par' dir='ltr' id='par_1_102' title="bbox 2066 3940 3653 4013">
     <span class='ocr_line' id='line_1_102' title="bbox 2066 3940 3653 4013; baseline -0.011 -3"><span class='ocrx_word' id='word_1_779' title='bbox 2066 3969 2300 4010; x_wconf 91' lang='lat' dir='ltr'><strong>noncum</strong></span> <span class='ocrx_word' id='word_1_780' title='bbox 2314 3952 2540 4007; x_wconf 89' lang='lat' dir='ltr'><strong>invicem</strong></span> <span class='ocrx_word' id='word_1_781' title='bbox 2556 3958 2756 4004; x_wconf 91' lang='lat' dir='ltr'><strong>tantum</strong></span> <span class='ocrx_word' id='word_1_782' title='bbox 2766 3946 2878 4013; x_wconf 90' lang='lat' dir='ltr'><strong>,sed</strong></span> <span class='ocrx_word' id='word_1_783' title='bbox 2890 3960 3010 4000; x_wconf 89' lang='lat' dir='ltr'><strong>cum</strong></span> <span class='ocrx_word' id='word_1_784' title='bbox 3025 3944 3180 3999; x_wconf 90' lang='lat' dir='ltr'><strong>nobis</strong></span> <span class='ocrx_word' id='word_1_785' title='bbox 3193 3940 3499 4011; x_wconf 75' lang='lat' dir='ltr'><strong>ipsis.Smpe</strong></span> <span class='ocrx_word' id='word_1_786' title='bbox 3512 3954 3653 3994; x_wconf 86' lang='lat' dir='ltr'><strong>nam-</strong></span> 
     </span>
    </p>
   </div>
   <div class='ocr_carea' id='block_1_103' title="bbox 2064 4032 3651 4118">
    <p class='ocr_par' dir='ltr' id='par_1_103' title="bbox 2064 4032 3651 4118">
     <span class='ocr_line' id='line_1_103' title="bbox 2064 4032 3651 4118; baseline -0.011 -16"><span class='ocrx_word' id='word_1_787' title='bbox 2064 4062 2168 4118; x_wconf 91' lang='lat' dir='ltr'><strong>que</strong></span> <span class='ocrx_word' id='word_1_788' title='bbox 2188 4046 2268 4114; x_wconf 92' lang='lat' dir='ltr'><strong>ﬁt,</strong></span> <span class='ocrx_word' id='word_1_789' title='bbox 2295 4053 2351 4099; x_wconf 94' lang='lat' dir='ltr'><strong>ut</strong></span> <span class='ocrx_word' id='word_1_790' title='bbox 2374 4058 2603 4114; x_wconf 85' lang='lat' dir='ltr'><strong>pugnam</strong></span> <span class='ocrx_word' id='word_1_791' title='bbox 2623 4043 2676 4096; x_wconf 92' lang='lat' dir='ltr'><strong>in</strong></span> <span class='ocrx_word' id='word_1_792' title='bbox 2694 4040 2891 4095; x_wconf 88' lang='lat' dir='ltr'><strong>nostris</strong></span> <span class='ocrx_word' id='word_1_793' title='bbox 2904 4034 3313 4107; x_wconf 89' lang='lat' dir='ltr'><strong>cogitationibus</strong></span> <span class='ocrx_word' id='word_1_794' title='bbox 3333 4032 3651 4093; x_wconf 88' lang='lat' dir='ltr'><strong>sentiamus.</strong></span> 
     </span>
    </p>
   </div>
   <div class='ocr_carea' id='block_1_104' title="bbox 2064 4122 3646 4203">
    <p class='ocr_par' dir='ltr' id='par_1_104' title="bbox 2064 4122 3646 4203">
     <span class='ocr_line' id='line_1_104' title="bbox 2064 4122 3646 4203; baseline -0.011 -10"><span class='ocrx_word' id='word_1_795' title='bbox 2064 4149 2118 4193; x_wconf 93' lang='lat' dir='ltr'><strong>et</strong></span> <span class='ocrx_word' id='word_1_796' title='bbox 2140 4137 2354 4192; x_wconf 90' lang='lat' dir='ltr'><strong>nemine</strong></span> <span class='ocrx_word' id='word_1_797' title='bbox 2378 4133 2754 4203; x_wconf 89' lang='lat' dir='ltr'><strong>interpellante</strong></span> <span class='ocrx_word' id='word_1_798' title='bbox 2766 4131 3062 4195; x_wconf 90' lang='lat' dir='ltr'><strong>turbemur,</strong></span> <span class='ocrx_word' id='word_1_799' title='bbox 3084 4136 3243 4197; x_wconf 86' lang='lat' dir='ltr'><strong>atque</strong></span> <span class='ocrx_word' id='word_1_800' title='bbox 3256 4126 3307 4180; x_wconf 94' lang='lat' dir='ltr'><strong>in</strong></span> <span class='ocrx_word' id='word_1_801' title='bbox 3321 4139 3418 4180; x_wconf 81' lang='lat' dir='ltr'><strong>nos</strong></span> <span class='ocrx_word' id='word_1_802' title='bbox 3431 4122 3646 4178; x_wconf 84' lang='lat' dir='ltr'><strong>assidue</strong></span> 
     </span>
    </p>
   </div>
   <div class='ocr_carea' id='block_1_105' title="bbox 2065 4216 3648 4299">
    <p class='ocr_par' dir='ltr' id='par_1_105' title="bbox 2065 4216 3648 4299">
     <span class='ocr_line' id='line_1_105' title="bbox 2065 4216 3648 4299; baseline -0.01 -16"><span class='ocrx_word' id='word_1_803' title='bbox 2065 4243 2241 4299; x_wconf 75' lang='lat' dir='ltr'><strong>pravm</strong></span> <span class='ocrx_word' id='word_1_804' title='bbox 2269 4226 2585 4296; x_wconf 89' lang='lat' dir='ltr'><strong>cupiditates</strong></span> <span class='ocrx_word' id='word_1_805' title='bbox 2612 4225 2908 4292; x_wconf 86' lang='lat' dir='ltr'><strong>insurgant.</strong></span> <span class='ocrx_word' id='word_1_806' title='bbox 2941 4221 3005 4275; x_wconf 84' lang='lat' dir='ltr'><strong>Et</strong></span> <span class='ocrx_word' id='word_1_807' title='bbox 3050 4219 3189 4274; x_wconf 87' lang='lat' dir='ltr'><strong>hanc</strong></span> <span class='ocrx_word' id='word_1_808' title='bbox 3236 4216 3395 4287; x_wconf 85' lang='lat' dir='ltr'><strong>igitur</strong></span> <span class='ocrx_word' id='word_1_809' title='bbox 3420 4229 3648 4286; x_wconf 86' lang='lat' dir='ltr'><strong>pugnam</strong></span> 
     </span>
    </p>
   </div>
   <div class='ocr_carea' id='block_1_106' title="bbox 2063 4310 3647 4381">
    <p class='ocr_par' dir='ltr' id='par_1_106' title="bbox 2063 4310 3647 4381">
     <span class='ocr_line' id='line_1_106' title="bbox 2063 4310 3647 4381; baseline -0.008 -6"><span class='ocrx_word' id='word_1_810' title='bbox 2063 4321 2284 4375; x_wconf 87' lang='lat' dir='ltr'><strong>verbum</strong></span> <span class='ocrx_word' id='word_1_811' title='bbox 2312 4317 2441 4373; x_wconf 89' lang='lat' dir='ltr'><strong>illud</strong></span> <span class='ocrx_word' id='word_1_812' title='bbox 2470 4326 2778 4371; x_wconf 89' lang='lat' dir='ltr'><strong>sanctorum</strong></span> <span class='ocrx_word' id='word_1_813' title='bbox 2804 4313 2976 4381; x_wconf 88' lang='lat' dir='ltr'><strong>sedat,</strong></span> <span class='ocrx_word' id='word_1_814' title='bbox 3004 4327 3068 4367; x_wconf 91' lang='lat' dir='ltr'><strong>ac</strong></span> <span class='ocrx_word' id='word_1_815' title='bbox 3096 4311 3320 4367; x_wconf 91' lang='lat' dir='ltr'><strong>multam</strong></span> <span class='ocrx_word' id='word_1_816' title='bbox 3350 4310 3492 4366; x_wconf 84' lang='lat' dir='ltr'><strong>intus</strong></span> <span class='ocrx_word' id='word_1_817' title='bbox 3514 4319 3647 4364; x_wconf 89' lang='lat' dir='ltr'><strong>tran-</strong></span> 
     </span>
    </p>
   </div>
   <div class='ocr_carea' id='block_1_107' title="bbox 2063 4401 3648 4482">
    <p class='ocr_par' dir='ltr' id='par_1_107' title="bbox 2063 4401 3648 4482">
     <span class='ocr_line' id='line_1_107' title="bbox 2063 4401 3648 4482; baseline -0.008 -17"><span class='ocrx_word' id='word_1_818' title='bbox 2063 4412 2376 4482; x_wconf 89' lang='lat' dir='ltr'><strong>quillitatem</strong></span> <span class='ocrx_word' id='word_1_819' title='bbox 2402 4417 2571 4463; x_wconf 91' lang='lat' dir='ltr'><strong>creat.</strong></span> <span class='ocrx_word' id='word_1_820' title='bbox 2603 4407 2735 4461; x_wconf 87' lang='lat' dir='ltr'><strong>Nam</strong></span> <span class='ocrx_word' id='word_1_821' title='bbox 2773 4406 2932 4460; x_wconf 89' lang='lat' dir='ltr'><strong>simul</strong></span> <span class='ocrx_word' id='word_1_822' title='bbox 2959 4414 3123 4474; x_wconf 90' lang='lat' dir='ltr'><strong>atque</strong></span> <span class='ocrx_word' id='word_1_823' title='bbox 3153 4404 3403 4473; x_wconf 91' lang='lat' dir='ltr'><strong>loquutus</strong></span> <span class='ocrx_word' id='word_1_824' title='bbox 3424 4408 3510 4457; x_wconf 90' lang='lat' dir='ltr'><strong>est</strong></span> <span class='ocrx_word' id='word_1_825' title='bbox 3539 4401 3648 4463; x_wconf 84' lang='lat' dir='ltr'><strong>ille,</strong></span> 
     </span>
    </p>
   </div>
   <div class='ocr_carea' id='block_1_108' title="bbox 2061 4491 3652 4569">
    <p class='ocr_par' dir='ltr' id='par_1_108' title="bbox 2061 4491 3652 4569">
     <span class='ocr_line' id='line_1_108' title="bbox 2061 4491 3652 4569; baseline -0.007 -12"><span class='ocrx_word' id='word_1_826' title='bbox 2061 4502 2323 4557; x_wconf 90' lang='lat' dir='ltr'><strong>diabolica</strong></span> <span class='ocrx_word' id='word_1_827' title='bbox 2351 4507 2543 4556; x_wconf 87' lang='lat' dir='ltr'><strong>cuncta</strong></span> <span class='ocrx_word' id='word_1_828' title='bbox 2569 4498 2842 4569; x_wconf 81' lang='lat' dir='ltr'><strong>cogitatio,</strong></span> <span class='ocrx_word' id='word_1_829' title='bbox 2896 4508 3226 4565; x_wconf 89' lang='lat' dir='ltr'><strong>pravumque</strong></span> <span class='ocrx_word' id='word_1_830' title='bbox 3269 4491 3552 4547; x_wconf 88' lang='lat' dir='ltr'><strong>consilium</strong></span> <span class='ocrx_word' id='word_1_831' title='bbox 3584 4505 3652 4547; x_wconf 81' lang='lat' dir='ltr'><strong>ex</strong></span> 
     </span>
    </p>
   </div>
   <div class='ocr_carea' id='block_1_109' title="bbox 2060 4581 3648 4659">
    <p class='ocr_par' dir='ltr' id='par_1_109' title="bbox 2060 4581 3648 4659">
     <span class='ocr_line' id='line_1_109' title="bbox 2060 4581 3648 4659; baseline -0.011 -9"><span class='ocrx_word' id='word_1_832' title='bbox 2060 4596 2239 4650; x_wconf 90' lang='lat' dir='ltr'><strong>animo</strong></span> <span class='ocrx_word' id='word_1_833' title='bbox 2291 4602 2474 4648; x_wconf 91' lang='lat' dir='ltr'><strong>nostro</strong></span> <span class='ocrx_word' id='word_1_834' title='bbox 2503 4589 2949 4659; x_wconf 82' lang='lat' dir='ltr'><strong>exsulatzitaque</strong></span> <span class='ocrx_word' id='word_1_835' title='bbox 3001 4584 3200 4655; x_wconf 89' lang='lat' dir='ltr'><strong>majora</strong></span> <span class='ocrx_word' id='word_1_836' title='bbox 3248 4581 3444 4652; x_wconf 90' lang='lat' dir='ltr'><strong>recipis</strong></span> <span class='ocrx_word' id='word_1_837' title='bbox 3485 4597 3648 4652; x_wconf 88' lang='lat' dir='ltr'><strong>quam</strong></span> 
     </span>
    </p>
   </div>
   <div class='ocr_carea' id='block_1_110' title="bbox 2064 4675 3647 4758">
    <p class='ocr_par' dir='ltr' id='par_1_110' title="bbox 2064 4675 3647 4758">
     <span class='ocr_line' id='line_1_110' title="bbox 2064 4675 3647 4758; baseline -0.01 -16"><span class='ocrx_word' id='word_1_838' title='bbox 2064 4687 2326 4758; x_wconf 89' lang='lat' dir='ltr'><strong>largiaris.</strong></span> <span class='ocrx_word' id='word_1_839' title='bbox 2359 4684 2489 4739; x_wconf 83' lang='lat' dir='ltr'><strong>Etsi</strong></span> <span class='ocrx_word' id='word_1_840' title='bbox 2515 4683 2717 4754; x_wconf 83' lang='lat' dir='ltr'><strong>quidem</strong></span> <span class='ocrx_word' id='word_1_841' title='bbox 2745 4697 2851 4747; x_wconf 79' lang='lat' dir='ltr'><strong>vos,</strong></span> <span class='ocrx_word' id='word_1_842' title='bbox 2905 4678 3094 4750; x_wconf 89' lang='lat' dir='ltr'><strong>inquit,</strong></span> <span class='ocrx_word' id='word_1_843' title='bbox 3138 4676 3436 4748; x_wconf 81' lang='lat' dir='ltr'><strong>receperint,</strong></span> <span class='ocrx_word' id='word_1_844' title='bbox 3483 4675 3647 4729; x_wconf 67' lang='lat' dir='ltr'><strong>seruiat</strong></span> 
     </span>
    </p>
   </div>
   <div class='ocr_carea' id='block_1_111' title="bbox 2063 4765 3648 4849">
    <p class='ocr_par' dir='ltr' id='par_1_111' title="bbox 2063 4765 3648 4849">
     <span class='ocr_line' id='line_1_111' title="bbox 2063 4765 3648 4849; baseline -0.01 -16"><span class='ocrx_word' id='word_1_845' title='bbox 2063 4795 2165 4849; x_wconf 70' lang='lat' dir='ltr'><strong>pax</strong></span> <span class='ocrx_word' id='word_1_846' title='bbox 2179 4794 2331 4848; x_wconf 84' lang='lat' dir='ltr'><strong>super</strong></span> <span class='ocrx_word' id='word_1_847' title='bbox 2372 4777 2486 4830; x_wconf 84' lang='lat' dir='ltr'><strong>illos</strong></span> <span class='ocrx_word' id='word_1_848' title='bbox 2512 4792 2530 4829; x_wconf 92' lang='lat'><em>:</em></span> <span class='ocrx_word' id='word_1_849' title='bbox 2560 4775 2604 4828; x_wconf 88' lang='lat' dir='ltr'><strong>si</strong></span> <span class='ocrx_word' id='word_1_850' title='bbox 2632 4789 2748 4827; x_wconf 80' lang='lat' dir='ltr'><strong>vero</strong></span> <span class='ocrx_word' id='word_1_851' title='bbox 2774 4788 2874 4826; x_wconf 82' lang='lat' dir='ltr'><strong>non</strong></span> <span class='ocrx_word' id='word_1_852' title='bbox 2900 4770 3194 4841; x_wconf 81' lang='lat' dir='ltr'><strong>receperint,</strong></span> <span class='ocrx_word' id='word_1_853' title='bbox 3226 4768 3441 4822; x_wconf 76' lang='lat' dir='ltr'><strong>excutite</strong></span> <span class='ocrx_word' id='word_1_854' title='bbox 3476 4765 3648 4838; x_wconf 80' lang='lat' dir='ltr'><strong>pulue-</strong></span> 
     </span>
    </p>
   </div>
   <div class='ocr_carea' id='block_1_112' title="bbox 2059 4858 3645 4940">
    <p class='ocr_par' dir='ltr' id='par_1_112' title="bbox 2059 4858 3645 4940">
     <span class='ocr_line' id='line_1_112' title="bbox 2059 4858 3645 4940; baseline -0.007 -16"><span class='ocrx_word' id='word_1_855' title='bbox 2059 4886 2163 4925; x_wconf 86' lang='lat' dir='ltr'><strong>rem</strong></span> <span class='ocrx_word' id='word_1_856' title='bbox 2188 4870 2373 4940; x_wconf 84' lang='lat' dir='ltr'><strong>pedum</strong></span> <span class='ocrx_word' id='word_1_857' title='bbox 2402 4876 2695 4920; x_wconf 80' lang='lat' dir='ltr'><strong>vestrorum.</strong></span> <span class='ocrx_word' id='word_1_858' title='bbox 2727 4864 2883 4919; x_wconf 80' lang='lat' dir='ltr'><strong>Amen</strong></span> <span class='ocrx_word' id='word_1_859' title='bbox 2900 4864 3012 4917; x_wconf 86' lang='lat' dir='ltr'><strong>dico</strong></span> <span class='ocrx_word' id='word_1_860' title='bbox 3038 4862 3195 4927; x_wconf 76' lang='lat' dir='ltr'><strong>vobis,</strong></span> <span class='ocrx_word' id='word_1_861' title='bbox 3220 4858 3526 4915; x_wconf 82' lang='lat' dir='ltr'><strong>tolerabilius</strong></span> <span class='ocrx_word' id='word_1_862' title='bbox 3551 4859 3645 4913; x_wconf 79' lang='lat' dir='ltr'><strong>erit</strong></span> 
     </span>
    </p>
   </div>
   <div class='ocr_carea' id='block_1_113' title="bbox 2059 4949 3645 5023">
    <p class='ocr_par' dir='ltr' id='par_1_113' title="bbox 2059 4949 3645 5023">
     <span class='ocr_line' id='line_1_113' title="bbox 2059 4949 3645 5023; baseline -0.008 -9"><span class='ocrx_word' id='word_1_863' title='bbox 2059 4970 2206 5014; x_wconf 71' lang='lat' dir='ltr'><strong>terra:</strong></span> <span class='ocrx_word' id='word_1_864' title='bbox 2246 4957 2585 5013; x_wconf 84' lang='lat' dir='ltr'><strong>Sodomorum</strong></span> <span class='ocrx_word' id='word_1_865' title='bbox 2620 4965 2665 5009; x_wconf 88' lang='lat' dir='ltr'><strong>et</strong></span> <span class='ocrx_word' id='word_1_866' title='bbox 2694 4954 2989 5010; x_wconf 75' lang='lat' dir='ltr'><strong>Gomorrhae</strong></span> <span class='ocrx_word' id='word_1_867' title='bbox 3015 4954 3067 5007; x_wconf 89' lang='lat' dir='ltr'><strong>in</strong></span> <span class='ocrx_word' id='word_1_868' title='bbox 3091 4952 3175 5007; x_wconf 77' lang='lat' dir='ltr'><strong>die</strong></span> <span class='ocrx_word' id='word_1_869' title='bbox 3213 4951 3325 5018; x_wconf 87' lang='lat' dir='ltr'><strong>illa,</strong></span> <span class='ocrx_word' id='word_1_870' title='bbox 3373 4967 3525 5023; x_wconf 86' lang='lat' dir='ltr'><strong>quam</strong></span> <span class='ocrx_word' id='word_1_871' title='bbox 3570 4949 3645 5002; x_wconf 88' lang='lat' dir='ltr'><strong>illi</strong></span> 
     </span>
    </p>
   </div>
   <div class='ocr_carea' id='block_1_114' title="bbox 2060 5043 3641 5124">
    <p class='ocr_par' dir='ltr' id='par_1_114' title="bbox 2060 5043 3641 5124">
     <span class='ocr_line' id='line_1_114' title="bbox 2060 5043 3641 5124; baseline -0.006 -17"><span class='ocrx_word' id='word_1_872' title='bbox 2060 5052 2245 5107; x_wconf 83' lang='lat' dir='ltr'><strong>ciuitati</strong></span> <span class='ocrx_word' id='word_1_873' title='bbox 2273 5053 2291 5124; x_wconf 96' lang='lat'><strong>(</strong></span> <span class='ocrx_word' id='word_1_874' title='bbox 2319 5050 2508 5104; x_wconf 80' lang='lat' dir='ltr'><strong>Matth.</strong></span> <span class='ocrx_word' id='word_1_875' title='bbox 2556 5049 2642 5105; x_wconf 85' lang='grc'><strong>10.</strong></span> <span class='ocrx_word' id='word_1_876' title='bbox 2694 5049 2879 5103; x_wconf 79' lang='grc'><strong>15-15</strong></span> <span class='ocrx_word' id='word_1_877' title='bbox 2907 5047 2947 5119; x_wconf 92' lang='grc'><strong>).</strong></span> <span class='ocrx_word' id='word_1_878' title='bbox 2981 5045 3141 5102; x_wconf 87' lang='lat' dir='ltr'><strong>Vides</strong></span> <span class='ocrx_word' id='word_1_879' title='bbox 3169 5053 3424 5116; x_wconf 85' lang='lat' dir='ltr'><strong>quantum</strong></span> <span class='ocrx_word' id='word_1_880' title='bbox 3466 5043 3641 5115; x_wconf 85' lang='lat' dir='ltr'><strong>ignem</strong></span> 
     </span>
    </p>
   </div>
   <div class='ocr_carea' id='block_1_115' title="bbox 2056 5135 3643 5214">
    <p class='ocr_par' dir='ltr' id='par_1_115' title="bbox 2056 5135 3643 5214">
     <span class='ocr_line' id='line_1_115' title="bbox 2056 5135 3643 5214; baseline -0.008 -14"><span class='ocrx_word' id='word_1_881' title='bbox 2056 5143 2294 5214; x_wconf 90' lang='lat' dir='ltr'><strong>despecti</strong></span> <span class='ocrx_word' id='word_1_882' title='bbox 2338 5144 2502 5212; x_wconf 85' lang='lat' dir='ltr'><strong>pedes</strong></span> <span class='ocrx_word' id='word_1_883' title='bbox 2532 5151 2839 5196; x_wconf 89' lang='lat' dir='ltr'><strong>sanctorum</strong></span> <span class='ocrx_word' id='word_1_884' title='bbox 2884 5137 3225 5194; x_wconf 90' lang='lat' dir='ltr'><strong>accumulent</strong></span> <span class='ocrx_word' id='word_1_885' title='bbox 3249 5146 3305 5193; x_wconf 90' lang='lat' dir='ltr'><strong>et</strong></span> <span class='ocrx_word' id='word_1_886' title='bbox 3330 5135 3643 5192; x_wconf 79' lang='lat' dir='ltr'><strong>attraham?</strong></span> 
     </span>
    </p>
   </div>
   <div class='ocr_carea' id='block_1_116' title="bbox 2055 5232 3645 5305">
    <p class='ocr_par' dir='ltr' id='par_1_116' title="bbox 2055 5232 3645 5305">
     <span class='ocr_line' id='line_1_116' title="bbox 2055 5232 3645 5305; baseline -0.007 -14"><span class='ocrx_word' id='word_1_887' title='bbox 2055 5236 2343 5305; x_wconf 87' lang='lat' dir='ltr'><strong>Propterea</strong></span> <span class='ocrx_word' id='word_1_888' title='bbox 2387 5233 2561 5304; x_wconf 91' lang='lat' dir='ltr'><strong>jubet,</strong></span> <span class='ocrx_word' id='word_1_889' title='bbox 2587 5241 2645 5287; x_wconf 93' lang='lat' dir='ltr'><strong>ut</strong></span> <span class='ocrx_word' id='word_1_890' title='bbox 2687 5247 2782 5287; x_wconf 90' lang='lat' dir='ltr'><strong>eos</strong></span> <span class='ocrx_word' id='word_1_891' title='bbox 2802 5232 3061 5294; x_wconf 88' lang='lat' dir='ltr'><strong>lavemus,</strong></span> <span class='ocrx_word' id='word_1_892' title='bbox 3100 5239 3158 5284; x_wconf 90' lang='lat' dir='ltr'><strong>ut</strong></span> <span class='ocrx_word' id='word_1_893' title='bbox 3184 5244 3307 5284; x_wconf 91' lang='lat' dir='ltr'><strong>cum</strong></span> <span class='ocrx_word' id='word_1_894' title='bbox 3336 5244 3433 5284; x_wconf 88' lang='lat' dir='ltr'><strong>eos</strong></span> <span class='ocrx_word' id='word_1_895' title='bbox 3458 5234 3645 5281; x_wconf 86' lang='lat' dir='ltr'><strong>nostro</strong></span> 
     </span>
    </p>
   </div>
   <div class='ocr_carea' id='block_1_117' title="bbox 2056 5319 3642 5390">
    <p class='ocr_par' dir='ltr' id='par_1_117' title="bbox 2056 5319 3642 5390">
     <span class='ocr_line' id='line_1_117' title="bbox 2056 5319 3642 5390; baseline -0.007 -6"><span class='ocrx_word' id='word_1_896' title='bbox 2056 5330 2350 5385; x_wconf 89' lang='lat' dir='ltr'><strong>ministerio</strong></span> <span class='ocrx_word' id='word_1_897' title='bbox 2392 5326 2780 5390; x_wconf 88' lang='lat' dir='ltr'><strong>curaverimus,</strong></span> <span class='ocrx_word' id='word_1_898' title='bbox 2830 5324 3052 5379; x_wconf 84' lang='lat' dir='ltr'><strong>multam</strong></span> <span class='ocrx_word' id='word_1_899' title='bbox 3086 5321 3240 5375; x_wconf 89' lang='lat' dir='ltr'><strong>nobis</strong></span> <span class='ocrx_word' id='word_1_900' title='bbox 3291 5319 3434 5389; x_wconf 90' lang='lat' dir='ltr'><strong>apud</strong></span> <span class='ocrx_word' id='word_1_901' title='bbox 3473 5319 3642 5373; x_wconf 91' lang='lat' dir='ltr'><strong>Deum</strong></span> 
     </span>
    </p>
   </div>
   <div class='ocr_carea' id='block_1_118' title="bbox 2054 5410 3639 5489">
    <p class='ocr_par' dir='ltr' id='par_1_118' title="bbox 2054 5410 3639 5489">
     <span class='ocr_line' id='line_1_118' title="bbox 2054 5410 3639 5489; baseline -0.008 -12"><span class='ocrx_word' id='word_1_902' title='bbox 2054 5421 2341 5477; x_wconf 90' lang='lat' dir='ltr'><strong>concilient</strong></span> <span class='ocrx_word' id='word_1_903' title='bbox 2375 5419 2596 5489; x_wconf 90' lang='lat' dir='ltr'><strong>gratiam</strong></span> <span class='ocrx_word' id='word_1_904' title='bbox 2626 5435 2640 5470; x_wconf 87' lang='lat'><strong>:</strong></span> <span class='ocrx_word' id='word_1_905' title='bbox 2673 5416 2939 5485; x_wconf 89' lang='lat' dir='ltr'><strong>simulque</strong></span> <span class='ocrx_word' id='word_1_906' title='bbox 2966 5428 3065 5468; x_wconf 90' lang='lat' dir='ltr'><strong>nos</strong></span> <span class='ocrx_word' id='word_1_907' title='bbox 3091 5411 3217 5467; x_wconf 89' lang='lat' dir='ltr'><strong>illud</strong></span> <span class='ocrx_word' id='word_1_908' title='bbox 3255 5411 3359 5467; x_wconf 90' lang='lat' dir='ltr'><strong>hac</strong></span> <span class='ocrx_word' id='word_1_909' title='bbox 3393 5410 3639 5466; x_wconf 86' lang='lat' dir='ltr'><strong>admoni-</strong></span> 
     </span>
    </p>
   </div>
   <div class='ocr_carea' id='block_1_119' title="bbox 2052 5502 3639 5580">
    <p class='ocr_par' dir='ltr' id='par_1_119' title="bbox 2052 5502 3639 5580">
     <span class='ocr_line' id='line_1_119' title="bbox 2052 5502 3639 5580; baseline -0.009 -12"><span class='ocrx_word' id='word_1_910' title='bbox 2052 5513 2197 5569; x_wconf 90' lang='lat' dir='ltr'><strong>tione</strong></span> <span class='ocrx_word' id='word_1_911' title='bbox 2224 5511 2403 5573; x_wconf 89' lang='lat' dir='ltr'><strong>docet.</strong></span> <span class='ocrx_word' id='word_1_912' title='bbox 2425 5519 2484 5565; x_wconf 91' lang='lat' dir='ltr'><strong>ut</strong></span> <span class='ocrx_word' id='word_1_913' title='bbox 2510 5507 2885 5580; x_wconf 88' lang='lat' dir='ltr'><strong>hospitalitatis</strong></span> <span class='ocrx_word' id='word_1_914' title='bbox 2903 5519 3067 5576; x_wconf 89' lang='lat' dir='ltr'><strong>opera</strong></span> <span class='ocrx_word' id='word_1_915' title='bbox 3097 5519 3192 5573; x_wconf 89' lang='lat' dir='ltr'><strong>per</strong></span> <span class='ocrx_word' id='word_1_916' title='bbox 3217 5518 3316 5557; x_wconf 84' lang='lat' dir='ltr'><strong>nos</strong></span> <span class='ocrx_word' id='word_1_917' title='bbox 3337 5502 3437 5573; x_wconf 87' lang='lat' dir='ltr'><strong>ipsi</strong></span> <span class='ocrx_word' id='word_1_918' title='bbox 3461 5502 3639 5557; x_wconf 81' lang='lat' dir='ltr'><strong>omnia</strong></span> 
     </span>
    </p>
   </div>
   <div class='ocr_carea' id='block_1_120' title="bbox 2052 5591 3629 5661">
    <p class='ocr_par' dir='ltr' id='par_1_120' title="bbox 2052 5591 3629 5661">
     <span class='ocr_line' id='line_1_120' title="bbox 2052 5591 3629 5661; baseline -0.01 -2"><span class='ocrx_word' id='word_1_919' title='bbox 2052 5618 2416 5659; x_wconf 84' lang='lat' dir='ltr'><strong>exerceamus.</strong></span> <span class='ocrx_word' id='word_1_920' title='bbox 2441 5601 2657 5655; x_wconf 90' lang='lat' dir='ltr'><strong>Imitare</strong></span> <span class='ocrx_word' id='word_1_921' title='bbox 2684 5597 3069 5660; x_wconf 75' lang='lat' dir='ltr'><strong>Ahrahamum,</strong></span> <span class='ocrx_word' id='word_1_922' title='bbox 3092 5595 3196 5650; x_wconf 90' lang='lat' dir='ltr'><strong>ﬁlia</strong></span> <span class='ocrx_word' id='word_1_923' title='bbox 3228 5593 3369 5649; x_wconf 88' lang='lat' dir='ltr'><strong>illius</strong></span> <span class='ocrx_word' id='word_1_924' title='bbox 3397 5591 3513 5657; x_wconf 90' lang='lat' dir='ltr'><strong>ﬁas,</strong></span> <span class='ocrx_word' id='word_1_925' title='bbox 3540 5592 3629 5661; x_wconf 87' lang='lat' dir='ltr'><strong>qui</strong></span> 
     </span>
    </p>
   </div>
   <div class='ocr_carea' id='block_1_121' title="bbox 2052 5685 3636 5754">
    <p class='ocr_par' dir='ltr' id='par_1_121' title="bbox 2052 5685 3636 5754">
     <span class='ocr_line' id='line_1_121' title="bbox 2052 5685 3636 5754; baseline -0.012 0"><span class='ocrx_word' id='word_1_926' title='bbox 2052 5705 2320 5754; x_wconf 85' lang='lat' dir='ltr'><strong>trecentos</strong></span> <span class='ocrx_word' id='word_1_927' title='bbox 2343 5694 2526 5749; x_wconf 82' lang='lat' dir='ltr'><strong>decem</strong></span> <span class='ocrx_word' id='word_1_928' title='bbox 2554 5701 2608 5747; x_wconf 87' lang='lat' dir='ltr'><strong>et</strong></span> <span class='ocrx_word' id='word_1_929' title='bbox 2632 5699 2755 5746; x_wconf 90' lang='lat' dir='ltr'><strong>octo</strong></span> <span class='ocrx_word' id='word_1_930' title='bbox 2769 5689 3084 5745; x_wconf 76' lang='lat' dir='ltr'><strong>vernaculos</strong></span> <span class='ocrx_word' id='word_1_931' title='bbox 3101 5702 3223 5745; x_wconf 86' lang='lat' dir='ltr'><strong>cum</strong></span> <span class='ocrx_word' id='word_1_932' title='bbox 3254 5685 3496 5752; x_wconf 86' lang='lat' dir='ltr'><strong>haberet,</strong></span> <span class='ocrx_word' id='word_1_933' title='bbox 3522 5686 3636 5754; x_wconf 59' lang='lat' dir='ltr'><strong>ipsa</strong></span> 
     </span>
    </p>
   </div>
  </div>
