4060 6260
449 305 552 362 535

449 441 567 480 cum
600 439 765 482 uxore
795 425 1024 482 fructum
1051 426 1431 498 hospitalitatis
1459 430 1683 499 partitus
1707 440 1809 494 est,
1841 440 1894 486 et
1923 430 2036 501 ipse

448 516 660 586 quidem
689 517 908 572 vitulam
930 517 1225 587 adferebat,
1253 519 1343 574 illa
1370 535 1503 578 vero
1525 519 1747 575 farinam
1774 520 2034 590 pinsebat.

449 609 557 666 llos
584 619 640 664 tu
665 623 881 681 quoque
905 610 1162 666 :emulare
1192 629 1206 664 :
1236 627 1341 666 non
1385 611 1531 668 enim
1572 612 1747 668 solum
1788 612 2039 684 pecunias

447 715 692 770 erogare,
737 698 832 753 sed
881 700 1040 754 etiam
1085 701 1404 771 pauperibus
1457 703 1766 758 ministrare
1817 707 2038 758 multam

449 791 752 846 mercedem
801 792 1027 848 obtinet.
1057 792 1348 866 Propterea
1391 795 1549 850 etiam
1577 795 1804 866 apostoli
1835 805 2038 866 septem

449 883 572 937 illos
606 885 658 938 in
688 885 881 955 quibus
924 886 1249 957 Stephanus,
1274 887 1538 957 ejusmodi
1577 889 1874 944 ministerio
1900 905 2039 958 prte-

452 977 696 1033 fecerunt
725 978 858 1049 (Act.
887 979 966 1051 ϐ).
994 980 1227 1036 Tametsi
1252 981 1381 1036 nihil
1409 982 1482 1035 illi
1503 981 1572 1038 dc
1600 997 1698 1036 suo
1721 980 2040 1051 pauperibus

449 1070 764 1138 erogabant,
794 1069 891 1126 sed
915 1071 984 1127 ab
1011 1071 1130 1125 aliis
1150 1072 1271 1125 data
1311 1083 1453 1126 recte
1482 1071 1867 1142 dispensabant
1893 1090 1904 1124 :
1931 1088 2044 1125 ma-

449 1173 612 1228 gnam
628 1169 804 1218 tamen
819 1163 1048 1219 retulere
1067 1163 1387 1229 mercedem,
1405 1164 1547 1232 quod
1567 1179 1596 1218 a
1619 1166 1826 1220 caeteris
1851 1165 2042 1220 collata

453 1261 601 1308 recte
625 1251 1012 1324 diligenterque
1036 1256 1425 1324 diSpensarcnt.

528 1342 618 1398 l5.
649 1341 972 1407 Pauperibus
995 1344 1362 1398 inserviendum
1387 1353 1555 1401 est.—
1581 1345 1711 1401 Esto
1740 1355 1792 1400 tu
1822 1361 2035 1416 quoque

456 1441 636 1487 rerum
665 1439 873 1486 tuarum
903 1433 1072 1488 buntts
1117 1434 1496 1504 diSpensator,
1537 1444 1595 1490 ut
1641 1436 1906 1505 duplicem
1937 1436 2043 1490 fru-

454 1531 602 1577 ctum
628 1521 880 1590 accipias,
910 1523 1132 1592 etquod
1157 1539 1363 1594 eroges,
1397 1535 1450 1580 et
1479 1524 1620 1596 quod
1653 1536 1796 1580 recte
1826 1525 2041 1594 dispen-

456 1626 568 1666 scs.
597 1609 710 1665 Nec
753 1620 805 1666 te
833 1610 1025 1680 pudeat
1051 1629 1213 1668 manu
1244 1624 1330 1668 tua
1364 1615 1587 1686 pauperi
1620 1616 1894 1670 inservire.
1929 1616 2042 1670 Non

457 1701 722 1757 erubescit
741 1700 984 1758 Christus
1019 1720 1114 1774 per
1156 1720 1439 1777 pauperem
1479 1723 1693 1762 manum
1730 1707 2041 1776 extendere,

457 1802 617 1862 atque
652 1792 924 1865 accipere.
955 1805 1009 1850 tu
1040 1811 1167 1852 vero
1197 1812 1410 1852 manum
1452 1798 1742 1854 extendere
1769 1814 1832 1853 ac
1865 1799 2044 1870 largiri

459 1883 738 1952 pecuniam
785 1883 1102 1942 erubescis?
1131 1885 1258 1954 Quis
1300 1888 1403 1942 hoc
1451 1897 1706 1944 extrema:
1736 1889 2046 1944 -t‘.cmentia-.

459 1974 664 2031 facinus
727 1991 850 2032 esse
908 1993 1017 2034 non
1073 1978 1259 2035 dicat?
1299 1979 1474 2036 Unum
1528 1980 1701 2036 solum
1748 1991 1831 2038 est
1877 1981 2047 2052 pudor

457 2076 512 2122 et
583 2069 907 2139 ignominia,
956 2072 1192 2143 nequitia
1243 2089 1435 2144 nempe
1490 2084 1545 2128 et
1598 2075 1898 2131 crudelitas
1965 2085 2049 2130 at-

467 2174 573 2229 que
616 2160 974 2218 inhumanitas
1024 2180 1038 2219 :
1084 2164 1315 2220 comitas
1387 2174 1600 2230 autem,
1651 2165 1992 2238 cleemosyna
2028 2207 2042 2234 ,

462 2257 516 2301 ct
573 2248 908 2319 humanitas,
959 2267 1023 2309 ac
1074 2255 1398 2324 pauperibus
1447 2257 1751 2312 ministrare
1791 2258 2047 2314 clariores

459 2357 557 2396 nos
601 2343 784 2399 efllcit.
826 2346 1039 2414 Quanto
1089 2348 1234 2403 enim
1276 2348 1437 2404 ditior
1481 2365 1540 2405 cs
1581 2365 1645 2406 ac
1689 2351 2002 2422 locupletior
2028 2393 2043 2418 ,

459 2443 612 2489 tanto
657 2444 708 2491 te
756 2438 924 2508 magis
965 2453 1152 2496 omnes
1210 2439 1536 2511 laudabunt,
1589 2458 1712 2499 cum
1765 2443 1833 2499 ad
1890 2460 2046 2500 men-

458 2523 609 2579 dicos
655 2537 709 2582 ct
764 2529 894 2584 viles
941 2538 992 2584 te
1037 2530 1319 2588 demiseris
1366 2550 1382 2588 :
1430 2549 1601 2604 neque
1643 2535 1816 2591 solum
1866 2535 2044 2590 homi-

364 2676 372 2681 _
459 2628 590 2680 nes,
638 2615 733 2671 sed
781 2619 939 2673 etiam
994 2621 1206 2691 angeli,
1256 2631 1310 2678 et
1359 2623 1614 2679 Dominus
1661 2625 1975 2694 angelorum
2029 2643 2043 2679 :

460 2722 561 2761 nec
613 2707 849 2763 laudabit
902 2710 1096 2778 solum,
1129 2713 1223 2768 sed
1259 2722 1314 2768 et
1365 2713 1558 2783 duplici
1605 2716 1824 2785 praemio
1864 2731 2047 2772 remn-

459 2800 753 2857 nerabitur.
791 2803 903 2858 Non
943 2804 1087 2860 enim
1127 2806 1484 2878 cleemosy-nae
1522 2816 1724 2862 tantum
1755 2849 1771 2874 ,
1813 2808 1908 2863 sed
1950 2807 2049 2862 hu-

458 2891 700 2947 militatis
744 2895 905 2950 etiam
956 2896 1177 2950 multam
1226 2897 1321 2951 tibi
1357 2897 1656 2953 mercedem
1705 2899 2044 2969 praeparabit.

455 2983 536 3040 Ne
581 2986 740 3057 igitur
780 2989 831 3043 in
863 3003 1124 3060 pauperes
1154 2989 1434 3044 ministerii
1465 3005 1563 3045 nos
1612 2989 1839 3060 pudeat,
1873 3005 2048 3060 neque

460 3078 861 3145 peregrinorum
885 3079 1062 3135 lavare
1083 3079 1246 3150 pedes
1271 3096 1579 3136 recusemus
1603 3099 1615 3134 ε
1644 3080 2048 3137 sanctificantur

459 3169 601 3223 enim
631 3170 720 3224 tali
748 3170 1000 3227 famulatu
1042 3188 1231 3228 manus
1261 3182 1498 3238 nostrae;
1529 3173 1672 3244 quod
1711 3173 1756 3228 si
1782 3183 1908 3242 post
1945 3175 2048 3228 mi-

459 3258 738 3314 nisterium
775 3261 906 3315 illud
940 3261 1007 3316 ad
1049 3263 1346 3318 orationem
1397 3263 1515 3317 illas
1559 3262 1898 3330 ostenderis,
1942 3264 2047 3319 illis

458 3350 690 3419 aspectis
731 3349 941 3406 facilius
987 3361 1245 3408 exoratur
1291 3352 1428 3409 Dens
1456 3393 1472 3420 ,
1504 3362 1560 3409 et
1603 3354 1871 3425 postulata
1917 3369 2048 3410 cen-

459 3441 622 3497 ccdit.
641 3441 772 3498 Nam
795 3443 1047 3512 pecunias
1064 3442 1280 3513 quidem
1309 3458 1530 3515 erogare
1549 3453 1773 3515 possunt
1793 3444 2004 3515 plurimi
2031 3463 2046 3500 :

462 3548 559 3604 per
585 3548 645 3590 se
671 3549 799 3590 vero
827 3535 1146 3606 pauperibus
1176 3537 1434 3594 inservire
1453 3579 1468 3604 ,
1499 3547 1554 3593 et
1581 3553 1703 3594 cum
1738 3539 1904 3594 animi
1932 3540 2046 3595 ala-

459 3625 678 3691 critate,
708 3634 764 3681 et
785 3627 1008 3683 caritate
1027 3669 1044 3693 ,
1073 3643 1138 3683 ac
1168 3627 1404 3684 fraterno
1437 3644 1622 3685 amore
1650 3630 1703 3684 id
1728 3645 1906 3702 agere,
1933 3647 2046 3686 ma-

459 3731 568 3787 gno
595 3717 795 3789 indiget
823 3719 1022 3784 animo,
1041 3729 1096 3775 et
1109 3719 1452 3792 philosophia
1480 3722 1723 3793 praedito.
1746 3725 1919 3796 Atque
1945 3724 2050 3781 hoc

461 3809 592 3866 illud
620 3819 722 3874 est,
751 3811 892 3883 quod
922 3813 1160 3869 omnium
1190 3815 1418 3872 maxime
1437 3815 1632 3872 Paulus
1654 3817 1896 3889 requirit,
1920 3832 2047 3873 cum

461 3902 541 3959 eis
561 3943 576 3968 ,
603 3904 691 3974 qui
723 3904 1080 3973 tribulatione,
1113 3917 1422 3979 paupertate
1459 3918 1511 3964 et
1535 3910 1894 3966 incommodis
1925 3927 2048 3981 pre-

463 4004 701 4061 muntur.
730 3999 960 4069 contpati
981 3999 1152 4066 jubet,
1187 4001 1338 4071 quasi
1365 4001 1416 4055 in
1458 4001 1614 4056 malis
1636 4003 1836 4060 eisdem
1865 4019 2051 4059 verse-

465 4101 621 4142 mur:
662 4086 872 4155 Vinctis,
904 4089 1095 4159 inquit,
1122 4099 1378 4160 tamquam
1406 4091 1561 4145 simul
1579 4093 1732 4147 vincti
1755 4095 1774 4164 (
1798 4094 1930 4150 Heb.
1963 4097 2045 4150 15.

462 4180 540 4252 ὅ).
568 4180 738 4248 Quam
766 4181 836 4235 ob
856 4196 1072 4236 causam
1103 4195 1208 4235 non
1240 4181 1329 4237 hic
1352 4182 1524 4237 solum
1547 4185 1847 4239 orationem
1873 4188 2054 4240 termi-

464 4272 651 4335 navit,
682 4270 776 4327 sed
808 4279 862 4325 et
888 4269 1029 4324 aliud
1057 4269 1252 4340 adjecit
1287 4289 1300 4326 :
1345 4269 1411 4327 Si
1439 4271 1810 4328 tribulationem
1851 4274 2050 4344 potien-

465 4361 598 4416 tibtts
635 4361 1048 4427 subministravit,
1075 4361 1122 4417 si
1163 4378 1310 4417 omne
1342 4379 1476 4432 opus
1513 4365 1694 4419 bonum
1731 4373 1921 4420 scutata
1973 4372 2048 4419 est

469 4451 546 4523 (ι.
576 4452 709 4508 Tim.
737 4453 791 4509 5.
820 4451 932 4526 ιθ).
955 4453 1092 4522 Quid
1117 4462 1219 4523 est,
1243 4454 1306 4511 Si
1327 4472 1475 4511 omne
1497 4472 1625 4526 Opus
1652 4457 1836 4511 bonum
1864 4468 2054 4512 sectata

404 4542 406 4544 ’
464 4545 578 4600 est?
603 4543 677 4601 Ita
700 4545 938 4601 utetiam
969 4547 1022 4600 in
1051 4561 1323 4601 carcerem
1351 4546 1611 4612 introiret,
1641 4561 1704 4602 ac
1734 4548 1940 4603 vinctos
1970 4549 2054 4604 in-

465 4638 686 4705 viseret,
708 4647 762 4694 et
786 4646 1017 4709 aegrotos
1042 4638 1300 4705 visitaret,
1333 4647 1386 4694 et
1415 4647 1682 4694 recrearet
1707 4639 1934 4694 afflictos
1953 4682 1967 4706 ,
2001 4649 2054 4695 et

467 4739 759 4786 maerentes
789 4729 1187 4797 consolaretur,
1219 4737 1274 4786 et
1305 4745 1642 4800 quocumque
1671 4729 1830 4785 modo
1850 4739 2048 4799 posset,

466 4831 655 4878 cuncta
683 4822 1075 4893 suppeditaret,
1108 4837 1171 4878 ac
1197 4822 1328 4877 nihil
1357 4823 1576 4877 omnino
1609 4823 1931 4878 detrectaret
1962 4838 2054 4877 co-

466 4928 607 4976 rum.
639 4927 758 4983 qua:
784 4911 849 4967 ad
877 4912 1104 4968 salutem
1135 4928 1198 4968 ac
1222 4912 1470 4967 solatium
1500 4922 1802 4969 nostrorum
1833 4912 2052 4968 fratrum

467 5005 817 5075 pertinerent.
840 5003 990 5071 Quod
1031 5003 1075 5058 si
1119 5018 1149 5058 a
1185 5003 1405 5058 muliere
1437 5003 1590 5057 vidua
1638 5012 1742 5056 tam
1775 5004 1936 5057 multa
1964 5021 2053 5057 re-

464 5097 644 5169 quirat
683 5096 822 5153 bona
855 5111 1016 5165 opera
1036 5138 1053 5164 ,
1083 5110 1184 5166 qua
1214 5110 1312 5151 nos
1350 5096 1694 5162 excusatione
1738 5095 1945 5149 censeri
1975 5094 2058 5148 di-

465 5203 602 5262 gnos
628 5205 841 5262 aequum
868 5189 989 5256 erit,
1013 5189 1237 5261 quicum
1260 5190 1361 5246 viri
1382 5191 1569 5256 simus,
1598 5205 1659 5246 ca
1687 5205 1792 5244 non
1814 5206 2053 5258 agamus,

464 5301 586 5356 qua:
614 5284 928 5341 mulieribus
954 5284 1150 5340 Paulus
1174 5283 1376 5355 agenda
1409 5283 1772 5354 prazscripsit?
1810 5283 1914 5338 Sed
1943 5283 2055 5337 for-

468 5389 610 5433 tasse
638 5377 783 5434 dicet
813 5377 1042 5448 aliquis:
1071 5375 1189 5443 Quo
1227 5373 1440 5430 tandem
1475 5386 1630 5446 pacto
1665 5391 1695 5430 a
1734 5377 1956 5431 muliere
1982 5376 2058 5428 vi-

467 5469 570 5522 dua
604 5477 801 5524 tantam
827 5468 1153 5540 diligentiam
1186 5468 1426 5538 requirit,
1452 5483 1572 5524 cum
1602 5484 1729 5522 vero
1749 5467 1818 5523 de
1843 5468 2058 5538 virgini-

470 5569 584 5615 tate
619 5562 908 5627 scriberet,
941 5560 1072 5616 nihil
1116 5562 1222 5617 tale
1259 5561 1510 5634 loquutus
1535 5562 1661 5619 est?
1690 5563 1768 5618 Ac
1799 5562 2056 5633 majorem

464 5651 682 5721 quidem
725 5652 810 5708 his
849 5653 1238 5726 philosophiam
1284 5655 1354 5711 ah
1394 5653 1523 5727 ipsis
1549 5655 1745 5727 exegit.
1777 5653 1907 5711 Nam
1935 5671 2056 5712 cum

471 5744 637 5807 diCtt:
671 5743 843 5800 Dirisa
887 5755 957 5800 est
999 5761 1128 5800 uxor
1167 5755 1213 5803 et
1241 5747 1381 5818 virgo
1407 5759 1424 5802 :
1453 5755 1526 5818 et,
1551 5747 1678 5816 Qua:
1718 5747 1931 5820 innupta
1957 5757 2051 5818 est,

1167 311 1224 366 S.
1265 310 1542 370 JOANNIS
1568 310 2045 370 CHRYSOSTOMI
2083 312 2402 407 ARClliliP.
2439 318 2976 382 CONSTANTINOP.

3623 323 3727 379 336

2144 431 2361 488 sollicita
2383 445 2456 489 est
2485 436 2549 491 tle
2570 436 2632 492 iis
2652 479 2666 502 ,
2695 456 2808 510 quae
2836 449 2952 493 sunt
2984 437 3218 508 Domini,
3248 437 3496 509 quomodo
3535 439 3729 508 placeat

2145 521 2401 590 Domino;
2443 536 2495 581 et
2539 543 2721 582 rursus
2754 546 2768 585 :
2803 527 2914 584 Hoc
2952 538 3116 583 autem
3145 529 3259 582 dico
3286 538 3494 600 propter
3519 527 3573 581 id
3595 531 3730 599 quod

2144 613 2407 670 honestum
2431 627 2504 672 est
2522 660 2537 685 ,
2574 628 2620 673 et
2649 622 2786 690 quod
2818 622 3109 693 facultatem
3139 621 3357 692 prtebeat
3384 621 3493 675 sine
3519 620 3733 690 impedi-

2144 715 2312 759 mento
2344 706 2614 762 Dominum
2639 710 2935 764 obsecrandi
2975 712 3063 783 (l.
3097 709 3216 766 Cor.
3246 711 3302 766 7.
3321 711 3409 766 5i.
3442 711 3574 778 35):
3605 711 3736 764 nihil

2144 793 2290 849 aliud
2319 811 2412 864 per
2442 799 2556 852 hare
2585 799 2883 869 significat,
2925 801 3025 856 nisi
3053 801 3345 870 virginem,
3378 815 3497 870 qua:
3524 801 3735 855 secula-

2148 886 2297 941 ribus
2325 891 2550 959 negotiis
2577 893 2829 946 omnibus
2857 894 3100 947 nuntium
3131 893 3296 949 semel
3329 893 3619 958 remiserit,
3651 901 3738 946 to-

2149 984 2258 1030 tam
2295 979 2529 1035 animam
2572 997 2889 1039 consecrare
2921 985 3029 1038 Deo
3062 992 3310 1054 oportere
3335 1023 3352 1048 ,
3383 999 3553 1055 neque
3582 981 3741 1053 quid-

2147 1082 2304 1135 quam
2327 1067 2524 1124 habere
2551 1087 2838 1128 commune
2863 1088 2986 1128 cum
3015 1081 3179 1138 terra,
3201 1089 3301 1128 nec
3321 1073 3607 1144 aliquando
3629 1073 3739 1137 his,

2147 1155 2432 1226 aliquando
2459 1159 2564 1213 illis
2593 1176 2803 1228 vacare,
2827 1163 2922 1217 sed
2951 1178 3074 1218 cum
3104 1163 3155 1217 in
3184 1163 3491 1217 universum
3518 1163 3620 1216 illis
3638 1163 3744 1216 ab-

2148 1249 2499 1315 renuntiarit,
2530 1259 2698 1305 totum
2729 1253 2781 1306 in
2818 1268 2903 1308 res
2933 1253 3236 1323 spirituales
3265 1252 3463 1308 debere
3501 1254 3741 1307 studium

2148 1351 2302 1391 suum
2351 1338 2679 1409 impendere.
2710 1342 2851 1398 Sane
2897 1344 3112 1414 quidem
3148 1345 3261 1414 ipsa
3303 1359 3515 1416 quoque
3546 1345 3742 1400 decem

2151 1421 2412 1491 virginum
2441 1425 2689 1494 parabola
2712 1427 2864 1482 nobis
2891 1426 2993 1482 hoc
3017 1427 3187 1498 ipsum
3206 1428 3496 1483 declaravit
3519 1428 3740 1498 (Matth.

2148 1511 2220 1566 25
2242 1513 2278 1583 ).
2310 1512 2458 1567 lianc
2498 1516 2750 1570 nimirum
2787 1517 2855 1572 ob
2899 1534 3114 1573 causam
3163 1518 3403 1574 conclavi
3431 1519 3610 1589 sponsi
3638 1534 3743 1573 ex-

2149 1605 2312 1659 clusa:
2339 1613 2496 1675 sunt,
2529 1609 2671 1678 quod
2713 1611 2888 1664 oleum
2921 1626 3030 1665 non
3060 1610 3320 1666 haberent
3351 1629 3364 1665 :
3395 1611 3568 1666 oleum
3610 1625 3745 1666 vero

2151 1694 2283 1748 nihil
2329 1696 2471 1752 aliud
2520 1710 2634 1764 est,
2659 1716 2818 1770 quam
2865 1701 3234 1756 misericordia
3273 1711 3328 1756 et
3357 1702 3744 1773 eleemosyna,

2150 1785 2486 1858 benignitas,
2513 1799 2568 1844 et
2609 1792 2912 1847 sublevatio
2948 1807 3134 1847 eorum
3179 1794 3270 1864 qui
3302 1794 3570 1864 patiuntur
3598 1795 3745 1863 inju-

2151 1877 2321 1945 riam,
2353 1888 2407 1934 et
2450 1896 2636 1936 eorum
2679 1884 2766 1953 qui
2811 1883 2999 1940 dolore
3047 1895 3360 1955 premuntur
3395 1886 3748 1941 consolatio:

2151 1972 2292 2040 quod
2321 1987 2441 2026 cum
2470 1974 2574 2029 illis
2594 1977 2838 2043 deesset,
2869 1977 3116 2033 abierunt
3139 1978 3243 2034 illa:
3264 1989 3422 2051 atque
3447 1994 3480 2034 a
3508 1978 3748 2034 tlutlatuo

2151 2063 2490 2119 exciderunt.

2225 2153 2310 2207 16.
2342 2153 2422 2206 Ad
2446 2154 2812 2228 eleeutosynam
2833 2159 3216 2214 adltortntio.—
3238 2160 3360 2215 llaec
3385 2160 3541 2231 igitur
3559 2159 3747 2215 omnia

2151 2257 2272 2298 cum
2295 2246 2526 2300 sciamus
2550 2258 2603 2302 et
2635 2265 2828 2304 uxores
2857 2260 2912 2306 et
2956 2251 3091 2316 viri,
3118 2261 3172 2306 et
3203 2253 3432 2321 virgines
3468 2262 3522 2308 et
3552 2254 3746 2307 matri-

2152 2335 2333 2390 monio
2365 2335 2586 2406 jnnctm,
2617 2347 2672 2393 et
2715 2340 2921 2406 viduae,
2959 2343 3182 2397 multutn
3229 2343 3296 2397 ad
3342 2343 3746 2414 eleeznosynam

2151 2425 2384 2481 studium
2415 2427 2788 2496 conferamus,
2823 2448 2994 2502 neque
3035 2433 3306 2499 dicamus,
3339 2433 3430 2489 llle
3465 2434 3750 2503 improbus

2152 2527 2272 2587 est,
2302 2528 2356 2573 et
2400 2520 2681 2590 indignus,
2715 2523 2804 2593 qui
2849 2523 3164 2580 beneficium
3206 2526 3462 2596 accipiat;
3494 2526 3584 2580 ille
3625 2527 3748 2579 vilis

2148 2617 2270 2674 est,
2320 2610 2406 2664 ille
2455 2611 2715 2681 abiectus.
2747 2614 2824 2669 Ne
2868 2615 3178 2686 dignitatem
3225 2628 3435 2688 spectes
3469 2618 3620 2687 ejus,
3651 2619 3750 2688 qui

2145 2701 2293 2755 cultu
2323 2711 2377 2756 ct
2405 2704 2642 2760 subsidio
2673 2706 2892 2778 indiget,
2917 2709 3010 2763 sed
3039 2710 3268 2780 inopiam
3298 2719 3520 2764 tantum.
3545 2710 3751 2778 Quam-

2152 2792 2232 2846 vis
2261 2793 2402 2846 enim
2434 2793 2552 2849 vilis
2590 2805 2643 2850 et
2687 2796 2926 2868 abiectus
2963 2798 3067 2862 sit,
3099 2809 3153 2853 et
3191 2800 3510 2870 despectus,
3549 2801 3618 2853 ita
3651 2802 3750 2856 tibi

2152 2884 2394 2941 Christus
2419 2888 2717 2944 mercedem
2741 2891 2983 2960 imputat,
3014 2907 3076 2946 ac
3099 2891 3143 2946 si
3173 2907 3268 2962 per
3290 2908 3411 2946 eum
3439 2893 3553 2963 ipse
3581 2894 3752 2947 bene-

2149 2975 2329 3031 ficium
2359 2980 2674 3048 accepisset.
2702 2980 2780 3036 Ne
2825 2983 2971 3038 enim
2996 2997 3179 3037 eorum
3201 3024 3216 3048 ,
3245 2984 3334 3052 qui
3363 2982 3636 3038 beneﬁciis
3663 2983 3749 3038 af-

2154 3067 2427 3135 ficiuntur,
2458 3072 2729 3142 dignitatis
2776 3075 3036 3130 rationem
3069 3075 3418 3143 haberemus,
3445 3077 3568 3131 audi
3612 3078 3748 3147 quid

2153 3157 2292 3214 dicat
2319 3177 2332 3212 :
2364 3159 2682 3217 Esurientem
2709 3180 2786 3219 me
2823 3165 3016 3220 vidistis
3036 3207 3050 3233 ,
3076 3175 3124 3220 et
3149 3166 3347 3220 aluistis
3381 3164 3401 3236 (
3423 3166 3612 3221 Matth.
3651 3168 3746 3221 9.5.

2144 3249 2268 3321 55).
2303 3251 2503 3308 Deinde
2531 3269 2652 3309 cum
2680 3256 2756 3310 illi
2782 3256 3042 3326 dicerent,
3072 3257 3290 3324 Quando
3320 3268 3365 3314 te
3389 3261 3606 3314 vidimus
3626 3278 3748 3314 esu-

2153 3342 2382 3409 rientem,
2413 3355 2459 3398 et
2481 3346 2701 3401 aluimus
2727 3347 2894 3418 (lb.v.
2917 3348 3009 3420 57)
3030 3350 3270 3419 ?adjecit
3296 3350 3474 3405 dicens
3500 3369 3512 3405 :
3547 3352 3752 3416 Quant-

2151 3433 2244 3487 diu
2275 3434 2462 3505 fecistis
2490 3437 2580 3490 uni
2602 3453 2666 3491 ea:
2699 3438 2778 3492 liis
2804 3441 2992 3509 parvis,
3024 3441 3148 3494 milii
3168 3442 3353 3512 fecistis
3376 3438 3498 3513 (Ib.
3528 3458 3577 3494 υ.
3603 3443 3680 3496 40
3703 3443 3744 3512 ).

2150 3523 2336 3596 itaque
2363 3528 2536 3583 nullus
2565 3529 2786 3586 relictus
2809 3542 2895 3587 est
2918 3541 3231 3602 praeteritus.
3263 3534 3535 3604 Siquidem
3565 3550 3632 3589 ne
3660 3537 3746 3590 di-

2151 3632 2276 3672 cere
2300 3633 2598 3688 possemus,
2630 3620 2729 3678 Ubi
2761 3638 2902 3678 nunc
2928 3624 3092 3679 Helia:
3110 3625 3344 3680 similem
3371 3626 3748 3681 inveniemus?

2154 3709 2243 3765 ubi
2278 3711 2508 3766 similem
2552 3711 2789 3768 Eliszeo?
2814 3715 2970 3780 item,
3010 3715 3083 3770 Da
3119 3716 3248 3771 mitti
3303 3717 3434 3772 tales
3474 3718 3650 3782 viros,
3692 3727 3747 3771 et

2154 3816 2361 3857 summa
2387 3817 2512 3858 cum
2547 3804 2714 3859 animi
2756 3804 3034 3861 alacritate
3072 3807 3357 3878 suscipiam
3389 3807 3537 3872 illos,
3570 3823 3747 3878 neque

2154 3896 2334 3950 lavare
2359 3896 2526 3966 pedes
2552 3897 2832 3965 recusabo,
2853 3906 2908 3952 et
2932 3899 3076 3953 omni
3106 3898 3402 3954 officiorum
3424 3913 3625 3968 genere
3650 3914 3745 3954 eo.

2155 3987 2260 4043 lam
2292 4006 2307 4043 :
2341 4005 2407 4044 ne
2432 3988 2548 4045 haec
2573 3989 2891 4057 diceremus,
2919 3991 3060 4062 quod
3090 3991 3257 4047 multo
3284 3991 3454 4062 majus
3483 4001 3602 4059 est,
3634 3993 3747 4062 ipse

2156 4079 2324 4136 Heliae
2363 4091 2420 4136 et
2467 4081 2642 4136 Eliszci
2684 4091 2738 4138 et
2781 4083 3154 4152 prophetarum
3203 4083 3443 4138 omnium
3488 4084 3746 4138 Dominus

2157 4188 2254 4244 per
2276 4188 2539 4244 .panperes
2576 4173 2642 4229 ad
2685 4190 2785 4230 nos
2829 4189 2891 4230 se
2935 4175 3302 4246 ingressurum
3343 4175 3586 4245 promisit
3623 4191 3742 4230 cum

2157 4266 2292 4322 dixit
2321 4283 2334 4320 :
2365 4267 2626 4334 Quamdiu
2650 4268 2844 4339 fecistis
2883 4269 2972 4322 uni
3014 4268 3078 4322 de
3110 4269 3188 4323 his
3224 4269 3445 4322 minintis
3465 4309 3480 4334 ,
3512 4268 3639 4321 mihi
3667 4272 3744 4339 {e-

2154 4359 2320 4415 cistiS.

2231 4449 2464 4517 Quatuor
2488 4449 2549 4504 ob
2575 4466 2754 4506 causas
2788 4448 2977 4507 Christi
3021 4451 3223 4506 nomine
3263 4450 3514 4506 dandum.
3539 4481 3610 4491 -—
3639 4448 3738 4506 Sed

2155 4543 2300 4614 quod
2328 4543 2525 4598 dictum
2552 4552 2666 4608 est,
2699 4560 2764 4600 ne
2799 4555 3108 4615 praetereas.
3134 4544 3270 4600 illud
3293 4545 3436 4601 enim
3458 4586 3474 4610 ,
3497 4543 3740 4599 Esurien-

2161 4647 2260 4690 tem
2287 4653 2366 4691 me
2392 4637 2607 4701 aluistis,
2637 4646 2863 4707 quatuor
2884 4637 3101 4693 exhibet
3123 4639 3481 4710 eleemosynm
3513 4636 3744 4693 necessi-

2160 4736 2298 4784 tates
2331 4745 2344 4782 :
2377 4729 2515 4798 quod
2543 4727 2645 4784 fide
2667 4729 2855 4798 dignus
2879 4730 2950 4784 sit
2973 4729 3020 4784 is
3036 4731 3125 4800 qui
3149 4731 3301 4800 petit,
3323 4731 3466 4801 quod
3493 4727 3745 4783 Dominus

2160 4823 2230 4878 sit
2259 4823 2304 4878 is
2329 4823 2419 4892 qui
2452 4823 2576 4893 petit
2611 4841 2622 4877 :
2656 4823 2796 4894 quod
2829 4834 3014 4894 urgeat
3043 4824 3243 4895 inopia,
3271 4823 3397 4878 dum
3425 4823 3594 4878 fames
3623 4834 3740 4890 pre-

2159 4915 2258 4968 mit
2286 4931 2298 4967 :
2328 4913 2470 4984 quod
2512 4913 2665 4970 facile
2694 4913 2765 4969 sit
2805 4914 3014 4985 largiri,
3042 4930 3166 4971 cum
3197 4915 3450 4970 alimenta
3480 4911 3706 4983 postulet
3725 4950 3742 4973 .

2160 5017 2216 5062 et
2241 5007 2410 5061 Solum
2437 5022 2626 5077 panem
2645 5049 2660 5074 ,
2693 5021 2800 5060 non
2826 5006 3048 5062 delicias
3070 5015 3215 5077 petat
3245 5023 3259 5060 :
3285 5005 3427 5077 quod
3450 5020 3642 5074 magna
3667 5018 3750 5058 re-

2163 5103 2464 5158 muneratio
2489 5109 2848 5170 exspectetur,
2879 5115 3000 5156 cum
3029 5116 3123 5170 pro
3153 5101 3360 5171 exiguis
3381 5100 3497 5155 istis
3523 5094 3750 5169 promis-

2161 5210 2279 5251 sum
2311 5195 2374 5250 sit
2423 5211 2664 5265 rcgmnn.
2696 5193 3052 5259 inhumanus,
3092 5193 3354 5260 crudelis,
3381 5203 3437 5250 et
3470 5188 3754 5247 immiseri-

2162 5302 2284 5344 cors
2308 5288 2405 5342 es?
2430 5288 2718 5353 Reverere,
2754 5287 2944 5356 inquit.
2967 5286 3277 5356 dignitatem
3305 5285 3422 5356 ejus
3451 5284 3545 5353 qui
3574 5291 3753 5353 postu-

2163 5380 2256 5434 lat.
2290 5382 2358 5433 At
2383 5387 2628 5447 respectu
2666 5377 2939 5448 dignitatis
2982 5393 3091 5433 non
3131 5375 3414 5433 exoraris?
3440 5376 3754 5431 Calamitate

2163 5471 2352 5526 saltem
2392 5470 2628 5524 flectere.
2679 5469 2783 5525 Sed
2828 5485 2998 5541 neque
3041 5469 3363 5525 calamitatis
3406 5469 3547 5523 ratio
3593 5477 3643 5520 te
3683 5463 3750 5518 ad

2164 5561 2588 5617 misericordiam
2645 5559 2915 5615 inflectit?
2967 5545 3048 5616 Ob
3111 5559 3386 5630 petitionis
3444 5557 3748 5612 facilitatem

2163 5653 2417 5710 concede.
2449 5653 2635 5724 Neque
2682 5653 2934 5725 dignitas,
2987 5667 3161 5725 neque
3199 5652 3393 5724 inopia:
3424 5653 3708 5707 necessitas
3731 5687 3745 5704 .

2166 5763 2339 5817 neque
2395 5745 2686 5819 largitionis
2751 5745 2972 5803 facilitas
3028 5760 3371 5803 commovere
3422 5752 3478 5802 te
3524 5737 3752 5814 potest?
