4060 6260
331 410 439 469 335

318 522 529 594 καρπόν
553 532 565 551 ³
597 520 690 574 καὶ
715 520 743 573 6
772 520 869 591 μέν
894 520 1124 593 δάμαλιν
1155 520 1372 594 ἔφερεν,
1402 525 1434 593 ἡ
1465 524 1521 577 δὲ
1566 524 1841 595 ἐφύρασεν
1865 535 1891 562 ιι

318 609 569 679 ἄλευρον.
607 606 843 663 Τούτους
873 609 966 662 καὶ
1000 610 1063 662 σὺ
1096 610 1368 680 ζήλωσον·
1399 612 1461 664 οὐ
1489 610 1595 682 γάρ
1624 611 1684 663 τὺ
1717 609 1898 663 δοῦναι

316 696 579 765 χρήματα
610 694 791 763 μόνον,
826 693 964 747 ἀλλὰ
996 695 1090 749 καὶ
1122 697 1185 749 τὸ
1224 695 1541 766 διακονῆσαι
1568 699 1681 761 τοῖς
1710 696 1890 767 δεομέσ

313 798 431 844 νοις
474 780 642 833 πολὺν
674 780 788 849 ἔχει
817 780 910 835 τὸν
945 783 1156 852 μισθόν.
1194 782 1292 837 Διά
1320 783 1482 837 τοῦτο
1529 785 1625 837 καὶ
1669 784 1720 836 οἱ
1768 782 1903 836 ἀπό-

318 868 498 921 στολοι
533 868 659 931 τοὺς
708 867 851 922 ἐπτά
896 870 1143 935 ἐκείνους
1174 871 1303 935 τούς
1347 873 1477 944 περὶ
1511 873 1779 942 Στέφανον
1805 873 1904 925 ἐπο

319 955 559 1024 έστησαν
584 957 650 1025 τῇ
681 956 909 1029 τοιαύτῃ
941 957 1209 1028 διακονίᾳ.
1241 960 1437 1013 Καίτοι
1473 977 1538 1028 γε
1572 960 1725 1013 οὐδὲν
1753 959 1901 1014 οἴκο-

319 1042 414 1096 θεν
450 1046 646 1096 ἐκεῖνοι
667 1048 924 1115 παρεῖχον
956 1049 1070 1110 τοῖς
1094 1047 1341 1117 πένησιν,
1368 1047 1505 1101 ἀλλά
1532 1049 1600 1103 τὰ
1632 1052 1759 1121 παρ’
1785 1049 1903 1103 ἐτέ-

320 1146 434 1199 ρων
481 1129 732 1200 διδόμενα
783 1131 1096 1202 ᾠκονόμουν
1140 1133 1353 1197 καλῶς·
1390 1134 1505 1188 ἀλλ’
1528 1137 1677 1206 ὅμως
1730 1136 1903 1207 μέγαν

316 1216 705 1285 ἀπηνέγκαντο
736 1217 828 1269 τὸν
874 1218 1084 1289 μισθὸν,
1116 1221 1199 1274 ὅτι
1244 1220 1314 1275 τά
1357 1224 1487 1292 παρ’
1512 1222 1713 1295 ἐτέρων
1761 1224 1902 1277 διδό-

325 1320 469 1373 μενα
492 1302 675 1366 καλῶς
698 1304 791 1357 καὶ
815 1304 954 1374 μετά
976 1306 1265 1376 ἀκριϐείας
1293 1307 1607 1379 ᾠκονόμουν
1628 1310 1870 1382 ἀπάσης.

396 1413 476 1460 ιε’.
492 1406 654 1461 Γενοῦ
672 1408 850 1461 τοίνυν
869 1408 959 1463 καὶ
985 1411 1048 1462 σὺ
1074 1411 1184 1464 τῶν
1197 1412 1395 1465 σαυτοῦ
1410 1414 1574 1478 καλὸς
1598 1415 1900 1487 οἰκονόμος,

321 1496 413 1548 ἵνα
445 1495 666 1549 διπλοῦν
696 1495 870 1568 λάϐῃς
901 1496 993 1551 τὸν
1025 1499 1260 1571 καρπὸν,
1298 1501 1393 1555 καὶ
1433 1500 1527 1555 τοῦ
1575 1502 1781 1569 δοῦναι,
1812 1504 1905 1558 καὶ

318 1581 416 1635 τοῦ
465 1583 647 1646 καλῶς
696 1586 1073 1655 οἰκονομῆσαι.
1126 1585 1218 1657 Μὴ
1258 1588 1628 1661 ἐπαισχυνθῇς
1673 1591 1764 1644 διὰ
1805 1592 1907 1662 τῆς

322 1667 525 1723 σαυτοῦ
575 1672 762 1741 χειρὸς
806 1668 1146 1741 θεραπεῦσαι
1191 1672 1284 1728 τὸν
1333 1674 1637 1745 πένητα.’0
1671 1677 1909 1749 Χριστὸς

319 1758 424 1809 οὐκ
452 1756 840 1826 ἐπαισχύνεται
868 1760 1029 1829 χεῖρα
1057 1760 1293 1813 ἐκτεῖναι
1321 1762 1417 1815 καὶ
1457 1761 1641 1816 λαϐεῖν
1677 1764 1766 1817 διά
1811 1763 1906 1818 τοῦ

325 1843 576 1915 πένητος,
609 1844 703 1897 καὶ
736 1844 799 1898 σὺ
841 1847 1001 1916 χεῖρα
1028 1846 1265 1900 ἐκτεῖναι
1294 1848 1389 1901 καὶ
1418 1848 1603 1903 δοῦναι
1645 1851 1909 1923 ἀργύριον

324 1930 637 2002 ἐπαισχύνῃ
664 1948 678 1997 ;
716 1932 827 1984 Καὶ
855 1931 973 1995 πῶς
1003 1932 1163 1986 τοῦτο
1188 1934 1288 1987 οὐκ
1311 1936 1547 2008 ἐσχάτης
1569 1937 1789 2006 ἀνοίας;
1813 1940 1909 1995 Ἕν

323 2019 489 2084 μόνον
512 2018 661 2070 ἐστὶν
687 2016 945 2089 αἰσχύνη,
981 2019 1219 2092 πονηρία
1246 2022 1342 2075 καὶ
1374 2023 1595 2094 ὠμότης
1617 2026 1711 2078 καὶ
1739 2026 1911 2081 ἀπανρ

328 2103 547 2173 θρωπία
573 2121 585 2132 ·
627 2102 997 2175 φιλοφροσύνη
1021 2106 1078 2158 δὲ
1113 2106 1208 2159 καὶ
1234 2107 1572 2181 ἐλεημοσύνη
1603 2112 1694 2169 καὶ
1725 2112 1913 2181 φιλαν-

324 2189 541 2261 θρωπία
580 2190 672 2242 καὶ
705 2191 767 2243 τὸ
810 2191 1178 2249 διακονεῖσθαι
1203 2197 1315 2259 τοῖς
1341 2196 1614 2267 δεομένοις
1658 2200 1910 2273 λαμπρο-

326 2276 517 2349 τέρους
550 2278 700 2348 ἡμᾶς
728 2276 1214 2349 ἐργάζεται,.⁹’οσον
1242 2280 1350 2353 γὰρ
1376 2281 1442 2334 ἂν
1471 2279 1539 2357 ᾖς
1565 2284 1791 2339 πλουσία
1818 2276 1912 2340 καὶ

326 2362 577 2434 εὖπορος,
602 2363 855 2417 τοσοῦτον
883 2364 1257 2419 ἐπαινέσονταί
1284 2384 1343 2419 σε
1371 2368 1592 2436 πάντες,
1621 2372 1750 2427 ὅταν
1775 2374 1911 2445 πρὸς

326 2452 450 2514 τοὺς
478 2451 727 2521 πτωχοὺς
752 2452 849 2503 καὶ
873 2452 1110 2516 εὐτελεῖς
1136 2454 1490 2527 καταϐαίνῃς,
1513 2459 1613 2512 οὐκ
1635 2459 1912 2531 ἄνθρωποι

323 2538 381 2589 δὲ
416 2538 597 2607 μόνον,
634 2538 769 2592 ἀλλά
799 2538 892 2592 καὶ
936 2540 1177 2608 ἄγγελοι,
1207 2542 1301 2597 καὶ
1327 2544 1355 2595 6
1388 2544 1496 2598 τῶν
1525 2548 1772 2617 ἀγγέλων
1822 2552 1911 2607 Δε·

323 2627 563 2692 σπότης·
597 2626 696 2679 οὐκ
729 2626 1073 2680 ἐπαινέσεται
1103 2627 1158 2682 δέ
1182 2629 1359 2699 μόνον,
1392 2630 1528 2685 ἀλλά
1554 2633 1647 2685 καὶ
1679 2635 1909 2706 ἀμείψει

323 2729 415 2765 ται
448 2712 660 2777 διπλαῖς
688 2714 937 2785 δωρεαῖς.
961 2713 1039 2768 Οὐ
1069 2713 1178 2785 γὰρ
1204 2715 1300 2785 τῆς
1324 2716 1447 2788 ἐλεη
1456 2720 1694 2792 μοσύνης
1718 2723 1904 2794 μόνον,

321 2798 463 2852 ἀλλὰ
513 2799 608 2855 καὶ
653 2800 751 2871 τῆς
796 2800 1296 2872 ταπεινοφροσύνης
1340 2804 1566 2869 πολλούς
1605 2824 1687 2860 σοι
1734 2827 1910 2879 παρα-

328 2886 582 2940 σκευάσει
630 2888 756 2949 τοὺς
803 2885 1047 2956 μισθούς.
1085 2888 1175 2956 Μὴ
1229 2888 1407 2941 τοίνυν
1455 2891 1912 2962 ἐπαισχυνώμεθα

322 2977 445 3035 ταῖς
494 2974 603 3026 τῶν
652 2976 898 3042 πενήτων
946 2973 1279 3045 θεραπείαις,
1333 2976 1470 3045 μηδέ
1518 2978 1912 3049 παραιτώμεθα

323 3062 535 3112 νίπτειν
560 3059 670 3112 τῶν
702 3058 865 3122 ξένων
894 3061 1019 3122 τοὺς
1048 3059 1213 3122 πόδας
1232 3077 1246 3090 ο
1277 3061 1591 3128 ἀγιάζονται
1618 3064 1725 3135 γὰρ
1756 3066 1923 3137 ἡμῶν

322 3148 381 3200 αἱ
413 3149 591 3216 χεῖρες
624 3145 714 3198 διὰ
739 3146 838 3215 τῆς
872 3145 1128 3217 τοιαύτης
1161 3146 1468 3210 διακονίαςο
1501 3149 1605 3203 κᾶν
1640 3152 1720 3215 είς
1745 3153 1911 3224 εὐχὴν

323 3234 496 3295 αὐτὲις
538 3230 825 3303 ἀνατείνῃς
861 3231 968 3285 ἀπὸ
999 3231 1099 3305 τῆς
1147 3232 1443 3304 θεραπείας
1492 3237 1728 3309 ἐκείνης,
1770 3240 1911 3311 ὁρῶν

324 3320 497 3381 αὐτὰς
545 3321 573 3371 ὁ
626 3318 757 3380 Θεὸς
798 3317 1123 3372 δυσωπεῖται
1174 3319 1393 3390 μᾶλλον,
1428 3325 1522 3376 καὶ
1567 3325 1663 3402 τὴν
1696 3328 1911 3399 αἴτησιν

321 3406 526 3459 δίδωσι.
561 3405 635 3457 Τὸ
667 3404 765 3475 μὲν
796 3404 904 3476 γὰρ
931 3408 1191 3477 χρήματα
1213 3407 1418 3475 δοῦναι,
1456 3411 1664 3466 πολλῶν
1702 3413 1767 3467 ἂν
1797 3402 1908 3485 εἴη·

323 3495 385 3547 τὸ
417 3494 476 3552 δέ,
500 3495 567 3547 δι’
593 3494 800 3551 ἑαυτῶν
831 3494 1170 3565 θεραπεῦσαι
1197 3499 1321 3561 τοὺς
1340 3500 1629 3571 δεομένους
1656 3494 1750 3557 καὶ
1772 3505 1910 3575 μετά

327 3586 634 3656 προθυμίας
679 3585 839 3639 τοῦτο
872 3585 1096 3655 ποιῆσαι
1124 3588 1216 3642 καὶ
1248 3590 1469 3662 ἀγάπης
1515 3595 1610 3647 καὶ
1658 3594 1910 3664 φιλαδελ-

326 3678 477 3745 φίας,
505 3674 707 3745 πολλῆς
734 3677 828 3728 καὶ
865 3675 1108 3746 μεγάλης
1152 3676 1321 3733 δεῖται
1349 3681 1530 3753 ψυχῆς
1560 3684 1655 3736 καὶ
1693 3685 1908 3754 φιλοσό-

328 3781 451 3830 ςου.
486 3762 597 3816 Καὶ
638 3762 798 3816 τοῦτό
844 3763 1013 3825 ἐστιν,
1049 3763 1077 3815 ὃ
1107 3765 1341 3834 μάλιστα
1389 3769 1605 3824 πάντων
1636 3774 1665 3824 ό
1699 3772 1909 3838 Παῦλος

323 3849 595 3919 ἐπιζητεῖ,
623 3850 733 3912 τοῖς
766 3851 823 3901 ἐν
856 3848 1031 3918 θλίψει
1058 3852 1152 3904 καὶ
1178 3854 1339 3926 πενίᾳ
1383 3856 1476 3909 καὶ
1521 3859 1908 3928 περιστάσεσιν

324 3934 468 3989 δύτω
524 3934 758 3989 κελεύων
809 3935 1118 4004 συναλγεῖν,
1151 3939 1228 4003 ὡς
1276 3943 1334 3993 ἐν
1377 3946 1489 4007 τοῖς
1537 3945 1717 4009 αὐτοῖς
1750 3946 1908 4012 ὂντας

322 4024 536 4085 δεινοῖς.
576 4021 703 4086 Τοῖς
734 4024 843 4091 γὰρ
882 4022 1174 4092 δεσμίοις,
1205 4028 1389 4096 φησὶν,
1424 4030 1505 4096 ὡς
1548 4032 1910 4103 συνδεδεμέο

327 4126 439 4163 νοτ.
481 4108 680 4180 Διόπερ
720 4109 840 4161 οὐδέ
889 4109 1122 4165 ἐνταῦθα
1173 4114 1265 4167 τὸν
1312 4114 1467 4183 λόγον
1492 4116 1687 4188 ἔστησε
1724 4121 1905 4190 μόνον,

323 4195 463 4249 ἀλλὰ
505 4195 600 4247 καὶ
643 4196 829 4264 ἕτερον
862 4192 1142 4267 ἐπήγαγεν
1165 4215 1180 4229 °
1215 4203 1286 4254 El
1331 4202 1700 4273 θλιϐομένοις
1727 4206 1907 4275 ἐπήρ-

323 4298 526 4345 κεσεν,
555 4283 609 4335 εί
659 4283 838 4337 παντὶ
887 4283 1043 4352 ἔργῳ
1090 4286 1289 4354 ἀγαθῷ
1324 4287 1805 4359 ἐπηκολούθησε.
1843 4293 1907 4347 Τί

326 4372 509 4421 ἐστιν·
560 4371 630 4422 Εἰ
678 4369 856 4423 παντὶ
904 4370 1055 4441 ἔργῳ
1113 4371 1311 4442 ἀγαθῷ
1358 4375 1906 4448 ἐπηκολούθησεν;

328 4456 489 4507 Ὥστε
516 4455 610 4507 καὶ
639 4456 718 4517 εἰς
748 4456 1117 4528 δεσμωτήριον
1151 4460 1393 4525 εἰσιέναι,
1424 4463 1660 4528 καὶτοὺς
1689 4465 1908 4537 δεδεμέο

323 4559 451 4605 νους
490 4543 937 4608 ἐπισκέπτεσθαι,
973 4545 1068 4597 καὶ
1105 4546 1522 4617 ἀρρωστοῦντας
1568 4551 1902 4621 ἐπισκοπεῖν,

325 4631 420 4683 καὶ
481 4629 829 4699 θλιϐομένους
879 4631 1343 4702 παραμυθεῖσθαι,
1398 4633 1492 4687 καὶ
1538 4636 1904 4709 ὀδυνωμένους

322 4718 685 4789 παρακαλεῖν,
724 4718 816 4769 καὶ
845 4718 1023 4772 πάντα
1053 4719 1256 4789 τρόπον
1276 4718 1345 4772 τὰ
1369 4720 1512 4774 κατά
1535 4721 1766 4797 δύναμιν
1789 4728 1905 4781 εἰσ-ο

323 4806 511 4874 φέρειν
545 4810 799 4869 ,ὅπαντα,
830 4808 925 4858 καὶ
966 4808 1130 4877 μηδὲν
1156 4836 1159 4837 ν
1181 4808 1319 4872 ὃλως
1372 4814 1755 4882 παραιτεῖσθαι
1795 4815 1904 4871 τῶν

322 4893 403 4954 εις
434 4893 707 4964 σωτηρίαν
738 4895 832 4946 καὶ
856 4895 1163 4949 ἀνάπαυσιν
1192 4894 1301 4949 τῶν
1334 4896 1579 4966 ἀδελφῶν
1602 4901 1903 4973 γινομένων

321 4980 433 5032 τῶν
457 4982 763 5050 ἡμετέρων.
800 4982 865 5033 Εἰ
889 4980 948 5034 δέ
968 4983 1141 5052 χήραν
1163 4984 1395 5052 γυναῖκα
1419 4983 1656 5039 τοσαῦτα
1685 4988 1907 5045 ἀπαιτεῖ

325 5068 744 5140 κατορθώματα,
768 5071 913 5135 τίνος
944 5071 1011 5124 ἂν
1042 5072 1235 5142 εἴημεν
1258 5073 1551 5143 ἀπολογίας
1580 5075 1728 5150 [526]
1764 5078 1903 5145 ἄξιοι

321 5158 372 5209 οἰ
424 5158 616 5228 ἄνδρες
662 5160 822 5229 ἡμεῖς
869 5159 1044 5214 ταῦτα
1095 5161 1170 5233 μὴ
1219 5162 1520 5229 ποιοῦντες,
1555 5163 1592 5218 ἃ.
1640 5170 1905 5235 γυναῖκας

322 5245 497 5316 χήρας
532 5248 706 5297 ποιεῖν
737 5247 1123 5318 ἐνομοθέτησεν
1157 5251 1185 5301 ὁ
1213 5249 1423 5313 Παῦλος
1448 5267 1463 5315 ;
1515 5251 1655 5306 Ἀλλ’
1686 5253 1815 5319 ἴσως
1834 5255 1903 5312 ἂν

322 5332 468 5384 εἴποι
493 5348 598 5395 τις·
632 5333 745 5386 Καὶ
778 5334 893 5396 πῶς
917 5336 1091 5407 χήραν
1129 5337 1367 5411 γυναῖκα
1390 5338 1655 5411 τοσαύτην
1682 5341 1904 5399 ἀπαιτεῖ

321 5418 628 5488 ἀκρίϐειαν,
664 5420 753 5473 ὅτε
787 5420 843 5473 δὲ
876 5422 1007 5493 περὶ
1041 5421 1337 5493 παρθενίας
1376 5425 1717 5491 ἐπέστελλεν,
1749 5429 1919 5485 οὐδὲν.

318 5505 565 5575 διελέχθη
610 5506 878 5574 τοιοῦτον;
916 5508 1145 5567 Πλείονα
1188 5510 1287 5579 μὲν
1336 5509 1541 5568 τούτων
1585 5512 1912 5585 φιλοσοφίαν

321 5593 491 5655 αὐτὰς
533 5594 833 5667 ἀπῄτησεν.
865 5597 1035 5649 Ὅταν
1082 5597 1189 5671 γὰρ
1240 5598 1408 5671 εἵπῃ’
1454 5599 1812 5669 Μεμέρισται
1861 5606 1905 5673 ἡ

321 5678 476 5750 γυνὴ
518 5682 615 5734 καὶ
663 5684 700 5751 ἠ
751 5683 1045 5751 παρθένος
1068 5699 1082 5712 ·
1120 5683 1247 5743 καί’
1290 5684 1350 5739 Ή
1389 5682 1617 5756 ἄγαμος
1648 5689 1901 5759 μεριμνᾷ

376 5817 401 5845 ⁴¹
434 5823 539 5871 Duo
563 5837 673 5873 mss.
699 5824 877 5889 ἔςδνρτν.

1427 423 1493 480 IN
1533 425 1760 485 ILLUD.
1802 424 2008 483 VIDI.“
2051 427 2421 486 ELIGATUR.

3470 409 3574 465 556

2002 527 2071 580 τὰ
2102 527 2206 581 τοῦ
2238 528 2479 597 Κυρίου,
2506 524 2628 594 πῶς
2657 525 2857 595 ἀρέσει
2888 523 2964 590 τῷ
2994 523 3217 593 Κυρίῳ·
3250 524 3345 577 καί.
3378 524 3536 578 πάλιν
3557 541 3574 558 ο

2008 612 2185 667 Τοῦτο
2214 613 2282 666 δὲ
2312 614 2464 684 λέγω
2487 612 2584 668 διὰ
2614 613 2679 667 τὸ
2703 613 3016 683 εὔσχημον
3043 610 3139 664 καὶ
3170 610 3577 679 εὐπρόσεδρον

2001 700 2080 767 τῷ
2118 703 2311 771 Κυρίῳ
2348 701 2842 773 ἀπερισπάστως·
2888 700 3039 755 οὐδὲν
3084 699 3210 754 ἄλλο
3242 697 3329 753 διὰ
3370 698 3578 754 τούτων

2001 795 2324 849 αἱνίττεται⁴
2343 796 2450 849 τῶν
2497 796 2758 867 ῥημάτων
2790 794 2971 865 ἀλλ’ἢ
3022 792 3102 845 ὅτι
3154 790 3262 845 τῶν
3312 790 3578 862 βιωτικῶν

2004 883 2255 937 ἁπάντων
2289 882 2626 954 πραγμάτων
2667 881 2921 947 καθάπαξ
2962 880 3159 951 ἑαυτὴν
3187 877 3577 951 ἀπορρήξασαν

2002 970 2099 1042 τὴν
2130 970 2395 1042 παρθένον
2429 971 2721 1043 ὁλόκληρον
2762 970 3038 1023 ἀναθεῖναι
3088 965 3275 1038 δεῖτῷ
3315 963 3437 1036 Θεῷ
3481 965 3579 1035 τὴν

2001 1058 2179 1128 ψυχὴν
2211 1057 2304 1112 καὶ
2345 1059 2511 1129 μηδὲν
2558 1058 2694 1130 πρὸς
2737 1056 2835 1128 τὴν
2880 1056 2982 1127 γῆν
3022 1054 3166 1125 ἐχειν
3210 1053 3409 1118 κοινὸν,
3445 1051 3580 1123 μηδέ

2003 1148 2134 1201 ποτὲ
2180 1148 2277 1217 μὲν
2326 1147 2557 1211 τούτοις,
2597 1145 2728 1199 ποτέ
2767 1145 2823 1199 δέ
2855 1147 3083 1207 ἐκείνοις
3114 1140 3414 1213 σχολάζειν,
3446 1140 3582 1193 ἀλλά

2005 1235 2233 1289 καθόλου
2263 1233 2471 1298 τούτοις
2495 1232 2930 1304 ἀποταξαμένην,
2971 1232 3097 1302 ὃλην
3132 1233 3211 1295 εἰς
3240 1230 3308 1284 τά
3335 1243 3579 1298 πνευμα-

2001 1327 2131 1381 τικά
2164 1327 2465 1399 πράγματα
2491 1326 2803 1380 ἀναλίσκειν
2828 1324 2930 1396 τὴν
2964 1324 3177 1395 σχολήν.
3211 1321 3323 1376 Καὶ
3348 1321 3383 1392 ἡ
3414 1338 3583 1393 παρα-

2005 1419 2134 1491 ϐολὴ
2177 1419 2234 1473 δὲ
2278 1417 2386 1474 τῶν
2431 1418 2563 1473 δέκα
2614 1416 2900 1487 παρθένων
2941 1414 3073 1470 αὐτὸ
3112 1413 3271 1468 τοῦτο
3316 1410 3582 1483 ἐδήλωσεν

2004 1511 2157 1581 ἡμῖν.
2196 1509 2296 1563 Διά
2325 1509 2482 1563 τοῦτο
2506 1506 2634 1576 γοῦν
2664 1503 3097 1573 ἀπεκλείσθησαν
3138 1499 3233 1555 τοῦ
3271 1498 3582 1572 νυμφῶνος,

2004 1598 2087 1651 ὅτι
2130 1596 2307 1650 ἔλαιον
2348 1596 2450 1650 οὐκ
2491 1590 2634 1665 εἶχον
2658 1609 2672 1624 ο
2708 1592 2886 1646 ἔλαιον
2925 1589 2984 1644 δέ
3011 1589 3164 1644 οὐδὲν
3193 1586 3383 1654 ἔτερόν
3409 1589 3581 1649 ἐστιν,

2006 1690 2121 1744 ἀλλ’
2148 1688 2182 1760 ἢ
2214 1686 2589 1760 φιλανθρωπία
2620 1686 2714 1741 καὶ
2738 1681 3073 1756 ἐλεημοσύνη
3100 1682 3193 1736 καὶ
3219 1677 3583 1751 φιλοφροσύνη

2008 1783 2104 1836 καὶ
2126 1780 2428 1853 προστασία
2458 1779 2568 1833 τῶν
2600 1775 2968 1848 ἀδικουμένων
2995 1772 3091 1828 καὶ
3113 1769 3454 1844 παράκλησις
3476 1767 3585 1822 τῶν
3606 1800 3615 1815 ι

2007 1871 2356 1944 ὁδυνωμένων
2374 1888 2389 1903 ·
2425 1871 2564 1942 ὅπερ
2593 1870 2694 1923 οὐκ
2725 1865 2938 1939 ἔχουσαι
2974 1861 3220 1936 ἀπῆλθον
3235 1862 3461 1928 ἐκεῖναι,
3490 1856 3584 1913 καὶ

2007 1964 2101 2018 τοῦ
2126 1963 2414 2035 νυμφῶνος
2442 1962 2717 2035 ἐξέπεσον.

2084 2076 2146 2135 ς’.
2172 2067 2335 2129 Ταῦτ’
2357 2062 2451 2122 οὖν
2480 2066 2682 2130 εἰδότες
2702 2064 2938 2130 ἅπαντα,
2962 2061 3056 2116 καὶ
3082 2060 3361 2130 γυναῖκες,
3379 2055 3475 2111 καὶ
3493 2056 3586 2111 ἂν·

2007 2161 2154 2234 δρες,
2199 2160 2295 2214 καὶ
2343 2150 2621 2231 παρθένοι,
2665 2157 2759 2211 καὶ
2806 2153 3210 2226 γεγαμημέναι,
3254 2149 3349 2206 καὶ
3394 2148 3585 2220 χῆραι,

2011 2254 2209 2324 πολλὴν
2243 2252 2342 2323 τῆς
2372 2250 2742 2322 ἐλεημοσύνης
2773 2246 3055 2318 ποιώμεθα
3088 2244 3324 2314 σπουδήν
3345 2259 3358 2273 ·
3393 2240 3487 2296 καὶ
3509 2237 3587 2311 μὴ

2010 2346 2276 2417 λέγωμεν,
2309 2346 2391 2399 δτι
2432 2347 2460 2397 6
2499 2344 2647 2401 δεῖνα
2677 2340 2910 2413 πονηρὸς
2938 2338 3033 2393 καὶ
3062 2339 3164 2392 οὐκ
3206 2333 3353 2400 ἄξιος
3389 2329 3449 2388 εὖ
3482 2348 3587 2385 πα-

2011 2440 2142 2505 θεῖν,
2172 2441 2199 2492 ὁ
2223 2439 2365 2495 δεῖνα
2389 2435 2630 2507 εὐτελὴς,
2655 2436 2683 2489 ὀ
2704 2434 2850 2487 δεῖνα
2878 2428 3310 2502 ἀπερῤιμμένος.
3333 2423 3426 2495 Μὴ
3448 2421 3585 2495 πρὸς

2009 2532 2109 2605 τὴν
2158 2530 2314 2602 ἀξίαν
2360 2528 2475 2605 ἴδῃς
2522 2526 2616 2581 τοῦ
2658 2522 2913 2596 δεομένου
2955 2522 3055 2591 τῆς
3099 2512 3587 2605 θεραπείας,ψάλῇ

2011 2602 2147 2693 πρὸς
2198 2621 2297 2691 τὴν
2346 2602 2534 2690 χρείαν
2584 2616 2761 2687 μόνον.
2817 2612 2937 2667 Κᾶν
2985 2611 3094 2683 γὰρ
3135 2608 3354 2679 εὐτελὴς
3492 2602 3588 2659 καλ

2010 2711 2446 2785 ἀπεῤῥιμμένος,
2474 2709 2575 2764 κᾶν
2605 2706 3100 2776 εὐκαταφρόνητος,
3133 2703 3162 2754 ὁ
3191 2698 3423 2772 Χριστὸς
3446 2696 3588 2751 οὕτω

2013 2823 2096 2857 σοι
2138 2802 2415 2872 λογίζεται
2461 2802 2554 2856 τὸν
2606 2799 2818 2872 μισθὸν,
2847 2797 2922 2859 ὡς
2972 2794 3135 2858 αὐτὸς
3187 2788 3246 2847 εὖ
3298 2788 3489 2845 παθὼν
3513 2785 3586 2842 δι’

2010 2895 2366 2950 ἐκείνου.’¹ῐνα
2402 2894 2508 2965 γάρ
2558 2892 2635 2964 μὴ
2665 2893 2801 2963 πρὸς
2829 2888 2927 2961 τὴν
2968 2888 3126 2951 ἀξίαν
3161 2885 3447 2956 βλέπωμεν
3478 2878 3588 2934 τῶν

2011 2988 2503 3059 εὐεργετουμένων,
2529 2986 2760 3039 ἄκουσον
2795 2985 2847 3037 τί
2882 2997 3046 3053 φησι·
3079 2975 3380 3034 Πεινῶντά
3401 2991 3478 3044 με
3501 2972 3583 3026 ετ·-

2011 3082 2163 3145 ἃετε,
2191 3080 2288 3135 καὶ
2320 3078 2628 3147 ἐθρέψατε.
2664 3071 2796 3131 Εἶτα
2834 3074 3059 3127 ἐκείνων
3102 3069 3369 3139 λεγόντων
3388 3081 3402 3095 ο
3434 3066 3585 3119 Πότε

2012 3188 2085 3226 σε
2131 3172 2371 3241 εἴδομεν
2418 3168 2730 3234 πεινῶντα,
2781 3166 2880 3222 καὶ
2919 3165 3285 3234 ἐθρέψαμεν;
3338 3159 3586 3229 ἐπήγαγε

2011 3265 2211 3335 λέγων’
2252 3265 2372 3333 Ἐφ’
2396 3262 2547 3316 ὅσον
2564 3258 2889 3327 ἐποιήσατε
2924 3256 3017 3311 ἑνὶ
3048 3254 3169 3309 τῶν
3198 3249 3427 3322 μικρῶν
3453 3248 3588 3302 τού-

2011 3370 2147 3419 των,
2165 3353 2293 3424 ἐμοὶ
2312 3349 2634 3418 ἐποιήσατε
2652 3366 2666 3380 ·
2699 3346 2837 3401 ὥστε
2869 3342 3095 3415 οὐδεμία
3120 3342 3253 3415 ημῖν
3278 3335 3587 3391 καταλέλει-

2013 3462 2146 3498 πται
2182 3442 2598 3514 πρόφασις.’⁹Ινα
2642 3438 2752 3508 γάρ
2794 3437 2868 3507 μὴ
2899 3435 3170 3506 λέγωμεν,
3212 3431 3297 3485 ὅτι
3330 3427 3439 3483 Ποῦ
3488 3425 3587 3480 νῦν

2011 3537 2154 3591 κατὰ
2177 3537 2267 3590 τὸν
2292 3534 2477 3587 Ἠλίαν
2498 3532 2705 3603 εὐρεῖν;
2728 3527 2832 3582 ποῦ
2864 3527 2922 3581 δέ
2954 3524 3099 3580 κατά
3128 3524 3219 3577 τὸν
3250 3521 3585 3581 Ἑλισσαῖονς

2010 3629 2125 3694 καὶ,
2152 3625 2251 3690 Δός
2279 3643 2364 3697 μοι
2391 3621 2664 3685 τοιούτους
2700 3619 2921 3692 ἄνδρας,
2960 3616 3058 3672 καὶ
3094 3612 3234 3687 μετά
3273 3612 3457 3681 πάσης,
3490 3608 3587 3672 αὐ-
3702 3606 3707 3625 ⁸

2008 3723 2135 3784 τοὺς
2164 3718 2493 3790 ὑποδέξομαι
2526 3716 2626 3787 τῆς
2651 3713 2979 3788 προθυμίας,
3027 3710 3122 3764 καὶ
3148 3707 3211 3763 οὐ
3248 3703 3585 3778 παραιτήσο-

2010 3830 2111 3883 μαι
2142 3812 2290 3882 νίψαι
2315 3812 2439 3870 τοὺς
2469 3808 2634 3872 πόδας
2688 3806 2783 3860 καὶ
2815 3803 2980 3857 παντὶ
3013 3798 3346 3872 θεραπεῦσαι
3372 3794 3582 3866 τρόπῳο

2009 3906 2096 3959 ἵνα
2129 3904 2203 3978 μὴ
2228 3902 2401 3958 ταῦτα
2430 3902 2698 3972 λέγωμεν,
2731 3898 2760 3952 ὃ
2788 3895 2966 3967 πολλῷ
3014 3892 3391 3966 μεῖζόν,.ἐρτιν,
3420 3887 3584 3978 αὐτύς

2007 3998 2036 4051 6
2067 3996 2159 4051 τοῦ
2192 3976 2381 4052 Ἦλίου
2412 3992 2621 4049 καὶτοῦ
2667 3988 2968 4045 Ἐλισσαίου
3009 3985 3117 4048 καὶ
3136 3982 3245 4044 τῶν
3288 3976 3588 4059 προφητῶν

2008 4091 2285 4162 Δεσπότης
2308 4090 2563 4144 ἁπάντων
2597 4084 2687 4139 διά
2712 4081 2823 4138 τῶν
2861 4081 3108 4153 πενήτων
3144 4073 3410 4152 ὑπέσχετο
3446 4069 3585 4141 πρὸς

2005 4186 2157 4256 ἡμᾶς
2210 4181 2469 4245 εἰσιέναι,
2514 4178 2720 4249 λέγων’
2767 4176 2885 4248 Ἐφ’
2924 4175 3074 4229 ὅσον
3116 4168 3440 4247 ἐποιήσατε
3490 4162 3585 4233 ἐπὶ

2006 4276 2234 4329 τούτων
2264 4269 2385 4325 τῶν
2422 4267 2672 4339 μικρῶν,
2691 4265 2820 4337 ἐμοὶ
2860 4263 3229 4331 ἐποιήααη.,

2089 4362 2252 4418 Ἀλλά
2277 4360 2353 4432 μὴ
2380 4359 2748 4432 παραδράμῃς
2776 4357 2838 4413 τδ
2861 4355 3169 4429 εἰρημένον.
3187 4351 3422 4433 Τδλιᾲρ,
3452 4354 3584 4406 Hau

2005 4453 2205 4509 νῶν-τά
2235 4470 2312 4523 με
2343 4450 2532 4505 ετδετε
2560 4448 2659 4504 καὶ
2685 4446 2994 4517 ἐθρέψατε,
3032 4444 3304 4514 τέσσαρας
3336 4442 3583 4512 ἀνάγκας

2006 4543 2289 4614 ἐφίστησιν
2320 4540 2442 4612 ἐλεη
2451 4536 2689 4611 μοσύνης
2706 4552 2720 4566 ⁸
2745 4537 2807 4591 τὸ
2832 4535 3142 4601 ἀξιόπιστον
3165 4532 3261 4586 τοῦ
3281 4531 3581 4596 αἰτοῦντος,

2004 4634 2087 4689 ὅτι
2115 4632 2391 4711 Δεσπότης
2412 4630 2561 4695 ἐστὶν
2576 4631 2610 4684 ὁ
2634 4626 2799 4684 αἰτῶν
2813 4644 2827 4659 ·
2856 4625 3237 4694 τὸηάναγκαῖον
3252 4623 3353 4693 τῆς
3366 4622 3579 4694 χρείας,

2003 4727 2086 4781 ὅτι
2115 4727 2277 4803 πεινᾷ
2293 4741 2307 4756 ο
2339 4724 2400 4788 τὸ
2418 4722 2638 4785 εὐκολον
2658 4722 2756 4803 τῆς
2779 4720 3000 4784 δόσεως,
3022 4718 3105 4773 ὅτι
3133 4716 3406 4799 τραφῆναι
3427 4712 3592 4786 ζητεῖ,

2005 4821 2097 4873 καὶ
2135 4801 2300 4894 ἄρτον
2332 4816 2476 4872 αίτεῖ
2508 4814 2689 4888 μόνον,
2713 4801 2835 4884 οὐχι
2859 4828 2886 4864 τ
2896 4808 3102 4884 ρυφήνο
3138 4806 3203 4861 τὺ
3227 4804 3594 4890 μέγεθοςτῆς,

2002 4910 2233 4988 δωρεάς,
2268 4909 2369 4973 ὅτι,
2392 4905 2669 4978 βασιλείαν
2710 4903 2835 4965 ἀντὶ
2876 4898 3213 4963 τούτωντῶν
3240 4895 3461 4979 μικρῶν
3480 4895 3579 4950 ἐπ-

2004 4999 2755 5075 αγγέλλεται.’Δπάνθρωπος
2792 4990 2844 5049 εἴ
2870 4994 2981 5057 καὶ.
3000 4991 3149 5065 ὠμὸς
3185 4987 3541 5061 tanniam
3557 5004 3578 5058 ἱ

2001 5076 2313 5167 Αἰδέσθιτιι,
2349 5094 2504 5165 φησὶ,
2535 5091 2599 5146 τὸ
2642 5090 2863 5163 ἀξίωμα
2901 5086 2997 5143 τοῦ
3042 5082 3335 5151 αἰτοῦντος.
3353 5081 3491 5137 Ἀλλ’
3514 5080 3579 5135 οὐ

2003 5188 2283 5250 δυσωπεῖι³
2314 5204 2375 5241 σε
2416 5185 2480 5240 τὸ
2518 5183 2775 5255 ἀξίωμας
2817 5180 2962 5254 Πρὸς
3002 5178 3101 5251 τὴν
3144 5174 3426 5249 συμφορὰν
3463 5176 3579 5227 ἐπι·

2002 5276 2466 5353 κάμφθητι.⁹Δλλ’
2493 5273 2618 5331 οὔτε
2646 5273 2717 5331 τά
2744 5272 2845 5344 τῆς
2880 5271 3166 5342 συμφορᾶς
3200 5270 3281 5331 εἰς
3326 5265 3473 5319 ἐλεόν
3516 5279 3577 5317 σε

2005 5373 2154 5449 [527]
2181 5368 2523 5442 ἐπικάμπτει
2545 5383 2571 5433 ;ν
2593 5366 2693 5424 Διά
2712 5365 2771 5420 τὸ
2793 5364 2896 5435 τῆς
2929 5362 3195 5436 αίτήσεως
3217 5356 3436 5414 εὔκολον

2004 5447 2141 5521 ὸῦτε
2164 5465 2227 5521 τὸ
2254 5464 2493 5535 ἀξίωμα,
2518 5460 2644 5515 οὐτε
2673 5459 2735 5514 τὸ
2761 5458 3056 5527 ἀναγκαῖον
3083 5454 3184 5525 τῆς
3214 5450 3423 5525 χρείας,
3451 5447 3577 5503 οὐτε

2002 5558 2064 5611 τὸ
2104 5556 2325 5610 εὐκολον
2363 5554 2464 5623 τῆς
2503 5554 2701 5615 δόσεως
2738 5548 2958 5603 δύναταί
2997 5564 3057 5600 σε
3110 5548 3327 5607 πεῖσαι;
3368 5540 3579 5595 Οὐκοῦν

2001 5648 2091 5703 διά
2116 5649 2175 5702 τὸ
2202 5645 2432 5718 μέγεθος
2452 5644 2560 5697 τῶν
2588 5638 3015 5714 ἐπηγγελμένων
3037 5634 3256 5705 ἀγαθῶν
3296 5632 3576 5703 παράσχες

2068 5779 2095 5816 ιδ
2128 5777 2244 5827 llzrc
2291 5784 2369 5824 est
2413 5775 2695 5835 conjectura
2738 5772 2927 5831 Savilii,
2972 5782 3114 5833 quam
3171 5768 3417 5816 con"rma!
3455 5764 3576 5822 Cod‘

2004 5839 2111 5890 Ἷίδ.
2141 5838 2386 5890 Edobalur
2421 5837 2728 5888 δυσωπεῖσαι.
2763 5835 2897 5885 Ευιῑ.
