  <div class='ocr_page' id='page_1' title='image "/cluster/home/n/w/nwhite01/storage/ocr_20150623/51/mdp.39015052813998/333.png"; bbox 0 0 4060 6260; ppageno 0'>
   <div class='ocr_carea' id='block_1_1' title="bbox 485 405 589 459">
    <p class='ocr_par' dir='ltr' id='par_1_1' title="bbox 485 405 589 459">
     <span class='ocr_line' id='line_1_1' title="bbox 485 405 589 459; baseline -0.019 0"><span class='ocrx_word' id='word_1_1' title='bbox 485 405 589 459; x_wconf 77' lang='grc'>557</span> 
     </span>
    </p>
   </div>
   <div class='ocr_carea' id='block_1_2' title="bbox 485 512 2143 602">
    <p class='ocr_par' dir='ltr' id='par_1_2' title="bbox 485 512 2143 602">
     <span class='ocr_line' id='line_1_2' title="bbox 485 512 2143 602; baseline 0.001 -34"><span class='ocrx_word' id='word_1_2' title='bbox 485 513 567 586; x_wconf 84' lang='grc' dir='ltr'>τῷ</span> <span class='ocrx_word' id='word_1_3' title='bbox 611 512 868 584; x_wconf 79' lang='grc' dir='ltr'>δεομένῳ.</span> <span class='ocrx_word' id='word_1_4' title='bbox 900 513 1062 585; x_wconf 78' lang='grc' dir='ltr'>Ὁρᾷς</span> <span class='ocrx_word' id='word_1_5' title='bbox 1096 513 1366 588; x_wconf 77' lang='grc' dir='ltr'>τέσσαρας</span> <span class='ocrx_word' id='word_1_6' title='bbox 1401 516 1582 579; x_wconf 86' lang='grc' dir='ltr'>αίτίας</span> <span class='ocrx_word' id='word_1_7' title='bbox 1631 516 1934 587; x_wconf 79' lang='grc' dir='ltr'>δυναμένας</span> <span class='ocrx_word' id='word_1_8' title='bbox 1980 517 2075 572; x_wconf 76' lang='grc' dir='ltr'>καὶ</span> <span class='ocrx_word' id='word_1_9' title='bbox 2118 587 2143 602; x_wconf 33' lang='grc' dir='ltr'>ί</span> 
     </span>
    </p>
   </div>
   <div class='ocr_carea' id='block_1_3' title="bbox 487 604 2075 679">
    <p class='ocr_par' dir='ltr' id='par_1_3' title="bbox 487 604 2075 679">
     <span class='ocr_line' id='line_1_3' title="bbox 487 604 2075 679; baseline 0.001 -20"><span class='ocrx_word' id='word_1_10' title='bbox 487 605 579 659; x_wconf 81' lang='grc' dir='ltr'>τὸν</span> <span class='ocrx_word' id='word_1_11' title='bbox 608 604 755 658; x_wconf 88' lang='grc' dir='ltr'>λίθον</span> <span class='ocrx_word' id='word_1_12' title='bbox 787 605 970 670; x_wconf 77' lang='grc' dir='ltr'>αὑτὸν,</span> <span class='ocrx_word' id='word_1_13' title='bbox 989 607 1081 660; x_wconf 76' lang='grc' dir='ltr'>καὶ</span> <span class='ocrx_word' id='word_1_14' title='bbox 1108 606 1198 661; x_wconf 81' lang='grc' dir='ltr'>τὸν</span> <span class='ocrx_word' id='word_1_15' title='bbox 1223 607 1567 679; x_wconf 83' lang='grc' dir='ltr'>μικρολόγον,</span> <span class='ocrx_word' id='word_1_16' title='bbox 1592 608 1688 664; x_wconf 74' lang='grc' dir='ltr'>καὶ</span> <span class='ocrx_word' id='word_1_17' title='bbox 1717 609 1809 663; x_wconf 82' lang='grc' dir='ltr'>τὸν</span> <span class='ocrx_word' id='word_1_18' title='bbox 1831 626 2075 678; x_wconf 87' lang='grc' dir='ltr'>τετυφω-</span> 
     </span>
    </p>
   </div>
   <div class='ocr_carea' id='block_1_4' title="bbox 486 697 2074 772">
    <p class='ocr_par' dir='ltr' id='par_1_4' title="bbox 486 697 2074 772">
     <span class='ocr_line' id='line_1_4' title="bbox 486 697 2074 772; baseline 0 -19"><span class='ocrx_word' id='word_1_19' title='bbox 486 699 670 772; x_wconf 82' lang='grc' dir='ltr'>μένον,</span> <span class='ocrx_word' id='word_1_20' title='bbox 695 697 791 754; x_wconf 71' lang='grc' dir='ltr'>καὶ</span> <span class='ocrx_word' id='word_1_21' title='bbox 821 699 914 753; x_wconf 81' lang='grc' dir='ltr'>τὸν</span> <span class='ocrx_word' id='word_1_22' title='bbox 944 698 1170 770; x_wconf 88' lang='grc' dir='ltr'>ἀνηλεῆ,</span> <span class='ocrx_word' id='word_1_23' title='bbox 1205 701 1301 756; x_wconf 74' lang='grc' dir='ltr'>καὶ</span> <span class='ocrx_word' id='word_1_24' title='bbox 1325 700 1418 755; x_wconf 86' lang='grc' dir='ltr'>τὸν</span> <span class='ocrx_word' id='word_1_25' title='bbox 1446 700 1786 770; x_wconf 76' lang='grc' dir='ltr'>νωθρότατον</span> <span class='ocrx_word' id='word_1_26' title='bbox 1818 700 2074 755; x_wconf 88' lang='grc' dir='ltr'>ἀπάντων</span> 
     </span>
    </p>
   </div>
   <div class='ocr_carea' id='block_1_5' title="bbox 484 789 2074 865">
    <p class='ocr_par' dir='ltr' id='par_1_5' title="bbox 484 789 2074 865">
     <span class='ocr_line' id='line_1_5' title="bbox 484 789 2074 865; baseline 0.001 -21"><span class='ocrx_word' id='word_1_27' title='bbox 484 789 791 862; x_wconf 85' lang='grc' dir='ltr'>ἀνθρώπων</span> <span class='ocrx_word' id='word_1_28' title='bbox 810 791 1198 864; x_wconf 76' lang='grc' dir='ltr'>διαναστῆσαι;</span> <span class='ocrx_word' id='word_1_29' title='bbox 1225 793 1320 857; x_wconf 89' lang='grc' dir='ltr'>Τίς</span> <span class='ocrx_word' id='word_1_30' title='bbox 1341 790 1435 846; x_wconf 82' lang='grc' dir='ltr'>οὖν</span> <span class='ocrx_word' id='word_1_31' title='bbox 1468 792 1618 847; x_wconf 78' lang='grc' dir='ltr'>ἔσται</span> <span class='ocrx_word' id='word_1_32' title='bbox 1641 792 1938 865; x_wconf 80' lang='grc' dir='ltr'>συγγνώμη</span> <span class='ocrx_word' id='word_1_33' title='bbox 1959 795 2074 856; x_wconf 85' lang='grc' dir='ltr'>τοῖς</span> 
     </span>
    </p>
   </div>
   <div class='ocr_carea' id='block_1_6' title="bbox 487 881 2075 955">
    <p class='ocr_par' dir='ltr' id='par_1_6' title="bbox 487 881 2075 955">
     <span class='ocr_line' id='line_1_6' title="bbox 487 881 2075 955; baseline 0.001 -21"><span class='ocrx_word' id='word_1_34' title='bbox 487 881 630 953; x_wconf 84' lang='grc' dir='ltr'>μετά</span> <span class='ocrx_word' id='word_1_35' title='bbox 656 882 930 954; x_wconf 80' lang='grc' dir='ltr'>τοσαύτην</span> <span class='ocrx_word' id='word_1_36' title='bbox 968 883 1290 952; x_wconf 88' lang='grc' dir='ltr'>παραίνεσιν</span> <span class='ocrx_word' id='word_1_37' title='bbox 1321 884 1416 937; x_wconf 77' lang='grc' dir='ltr'>καὶ</span> <span class='ocrx_word' id='word_1_38' title='bbox 1451 883 1763 955; x_wconf 85' lang='grc' dir='ltr'>συμϐουλὴν</span> <span class='ocrx_word' id='word_1_39' title='bbox 1806 882 1914 937; x_wconf 89' lang='grc' dir='ltr'>τῶν</span> <span class='ocrx_word' id='word_1_40' title='bbox 1958 883 2075 936; x_wconf 84' lang='grc' dir='ltr'>δεο-</span> 
     </span>
    </p>
   </div>
   <div class='ocr_carea' id='block_1_7' title="bbox 489 961 2077 1048">
    <p class='ocr_par' dir='ltr' id='par_1_7' title="bbox 489 961 2077 1048">
     <span class='ocr_line' id='line_1_7' title="bbox 489 961 2077 1048; baseline 0.001 -21"><span class='ocrx_word' id='word_1_41' title='bbox 489 973 667 1045; x_wconf 78' lang='grc' dir='ltr'>μένων</span> <span class='ocrx_word' id='word_1_42' title='bbox 713 976 1085 1048; x_wconf 85' lang='grc' dir='ltr'>ὑπερορῶσιν;</span> <span class='ocrx_word' id='word_1_43' title='bbox 1128 975 1284 1030; x_wconf 80' lang='grc' dir='ltr'>Εἴπω</span> <span class='ocrx_word' id='word_1_44' title='bbox 1321 976 1385 1048; x_wconf 85' lang='grc' dir='ltr'>δὴ</span> <span class='ocrx_word' id='word_1_45' title='bbox 1430 975 1524 1029; x_wconf 72' lang='grc' dir='ltr'>καὶ</span> <span class='ocrx_word' id='word_1_46' title='bbox 1558 961 1744 1047; x_wconf 73' lang='grc' dir='ltr'>ἕτερον</span> <span class='ocrx_word' id='word_1_47' title='bbox 1779 975 1916 1047; x_wconf 83' lang='grc' dir='ltr'>πρὸς</span> <span class='ocrx_word' id='word_1_48' title='bbox 1958 975 2077 1028; x_wconf 84' lang='grc' dir='ltr'>τού-</span> 
     </span>
    </p>
   </div>
   <div class='ocr_carea' id='block_1_8' title="bbox 483 1065 2073 1140">
    <p class='ocr_par' dir='ltr' id='par_1_8' title="bbox 483 1065 2073 1140">
     <span class='ocr_line' id='line_1_8' title="bbox 483 1065 2073 1140; baseline -0.001 -20"><span class='ocrx_word' id='word_1_49' title='bbox 483 1084 599 1129; x_wconf 86' lang='grc' dir='ltr'>τοις</span> <span class='ocrx_word' id='word_1_50' title='bbox 619 1085 632 1098; x_wconf 92' lang='grc'><strong>·</strong></span> <span class='ocrx_word' id='word_1_51' title='bbox 664 1068 1012 1122; x_wconf 82' lang='grc' dir='ltr'>ἀκουέτωσαν</span> <span class='ocrx_word' id='word_1_52' title='bbox 1036 1069 1085 1123; x_wconf 87' lang='grc' dir='ltr'>οἰ</span> <span class='ocrx_word' id='word_1_53' title='bbox 1116 1068 1479 1140; x_wconf 80' lang='grc' dir='ltr'>μεμυημένοι.</span> <span class='ocrx_word' id='word_1_54' title='bbox 1511 1067 1706 1131; x_wconf 79' lang='grc' dir='ltr'>Αὐτὸς,</span> <span class='ocrx_word' id='word_1_55' title='bbox 1737 1068 1863 1121; x_wconf 85' lang='grc' dir='ltr'>ὅταν</span> <span class='ocrx_word' id='word_1_56' title='bbox 1890 1065 1986 1138; x_wconf 84' lang='grc' dir='ltr'>δέῃ</span> <span class='ocrx_word' id='word_1_57' title='bbox 2014 1083 2073 1119; x_wconf 88' lang='grc' dir='ltr'>σε</span> 
     </span>
    </p>
   </div>
   <div class='ocr_carea' id='block_1_9' title="bbox 485 1156 2074 1232">
    <p class='ocr_par' dir='ltr' id='par_1_9' title="bbox 485 1156 2074 1232">
     <span class='ocr_line' id='line_1_9' title="bbox 485 1156 2074 1232; baseline 0.001 -23"><span class='ocrx_word' id='word_1_58' title='bbox 485 1156 703 1229; x_wconf 81' lang='grc' dir='ltr'>θρέψαι,</span> <span class='ocrx_word' id='word_1_59' title='bbox 732 1159 851 1212; x_wconf 76' lang='grc' dir='ltr'>οὐδὲ</span> <span class='ocrx_word' id='word_1_60' title='bbox 892 1160 993 1231; x_wconf 83' lang='grc' dir='ltr'>τῆς</span> <span class='ocrx_word' id='word_1_61' title='bbox 1037 1159 1239 1232; x_wconf 74' lang='grc' dir='ltr'>σαρκὸς</span> <span class='ocrx_word' id='word_1_62' title='bbox 1269 1158 1511 1228; x_wconf 79' lang='grc' dir='ltr'>φείδεται</span> <span class='ocrx_word' id='word_1_63' title='bbox 1545 1158 1646 1228; x_wconf 81' lang='grc' dir='ltr'>τῆς</span> <span class='ocrx_word' id='word_1_64' title='bbox 1684 1157 1911 1211; x_wconf 76' lang='grc' dir='ltr'>ἐαυτοῦο</span> <span class='ocrx_word' id='word_1_65' title='bbox 1944 1158 2074 1213; x_wconf 83' lang='grc' dir='ltr'>ὅταν</span> 
     </span>
    </p>
   </div>
   <div class='ocr_carea' id='block_1_10' title="bbox 481 1249 2076 1322">
    <p class='ocr_par' dir='ltr' id='par_1_10' title="bbox 481 1249 2076 1322">
     <span class='ocr_line' id='line_1_10' title="bbox 481 1249 2076 1322; baseline 0.001 -21"><span class='ocrx_word' id='word_1_66' title='bbox 481 1249 579 1322; x_wconf 79' lang='grc' dir='ltr'>δέῃ</span> <span class='ocrx_word' id='word_1_67' title='bbox 613 1267 671 1303; x_wconf 86' lang='grc' dir='ltr'>σε</span> <span class='ocrx_word' id='word_1_68' title='bbox 708 1251 947 1316; x_wconf 82' lang='grc' dir='ltr'>ποτίσαι,</span> <span class='ocrx_word' id='word_1_69' title='bbox 978 1250 1216 1305; x_wconf 78' lang='grc' dir='ltr'>οὐδὲτοῦ</span> <span class='ocrx_word' id='word_1_70' title='bbox 1241 1250 1475 1322; x_wconf 74' lang='grc' dir='ltr'>αἵματος</span> <span class='ocrx_word' id='word_1_71' title='bbox 1512 1249 1774 1319; x_wconf 77' lang='grc' dir='ltr'>φείδεται,</span> <span class='ocrx_word' id='word_1_72' title='bbox 1801 1249 1923 1303; x_wconf 84' lang='grc' dir='ltr'>ούδέ</span> <span class='ocrx_word' id='word_1_73' title='bbox 1953 1249 2076 1319; x_wconf 87' lang='grc' dir='ltr'>φθο-</span> 
     </span>
    </p>
   </div>
   <div class='ocr_carea' id='block_1_11' title="bbox 482 1340 2072 1414">
    <p class='ocr_par' dir='ltr' id='par_1_11' title="bbox 482 1340 2072 1414">
     <span class='ocr_line' id='line_1_11' title="bbox 482 1340 2072 1414; baseline 0.002 -22"><span class='ocrx_word' id='word_1_74' title='bbox 482 1343 598 1393; x_wconf 76' lang='grc' dir='ltr'>νεῖο</span> <span class='ocrx_word' id='word_1_75' title='bbox 653 1342 719 1396; x_wconf 77' lang='grc' dir='ltr'>σὺ</span> <span class='ocrx_word' id='word_1_76' title='bbox 760 1342 818 1397; x_wconf 81' lang='grc' dir='ltr'>δὲ</span> <span class='ocrx_word' id='word_1_77' title='bbox 863 1342 985 1396; x_wconf 80' lang='grc' dir='ltr'>οὐδὲ</span> <span class='ocrx_word' id='word_1_78' title='bbox 1041 1342 1206 1414; x_wconf 80' lang='grc' dir='ltr'>ἄρτου</span> <span class='ocrx_word' id='word_1_79' title='bbox 1255 1340 1572 1413; x_wconf 81' lang='grc' dir='ltr'>μεταδίδως,</span> <span class='ocrx_word' id='word_1_80' title='bbox 1606 1341 1729 1394; x_wconf 79' lang='grc' dir='ltr'>οὐδὲ</span> <span class='ocrx_word' id='word_1_81' title='bbox 1773 1340 2072 1413; x_wconf 85' lang='grc' dir='ltr'>ποτηρίου;</span> 
     </span>
    </p>
   </div>
   <div class='ocr_carea' id='block_1_12' title="bbox 481 1430 2074 1505">
    <p class='ocr_par' dir='ltr' id='par_1_12' title="bbox 481 1430 2074 1505">
     <span class='ocr_line' id='line_1_12' title="bbox 481 1430 2074 1505; baseline 0.001 -19"><span class='ocrx_word' id='word_1_82' title='bbox 481 1431 597 1486; x_wconf 72' lang='grc' dir='ltr'>Καὶ</span> <span class='ocrx_word' id='word_1_83' title='bbox 624 1432 785 1487; x_wconf 86' lang='grc' dir='ltr'>ποίαν</span> <span class='ocrx_word' id='word_1_84' title='bbox 818 1431 962 1498; x_wconf 72' lang='grc' dir='ltr'>ἔξεις</span> <span class='ocrx_word' id='word_1_85' title='bbox 1001 1431 1332 1504; x_wconf 79' lang='grc' dir='ltr'>συγγνώμην</span> <span class='ocrx_word' id='word_1_86' title='bbox 1364 1430 1592 1486; x_wconf 88' lang='grc' dir='ltr'>τοιαῦτα</span> <span class='ocrx_word' id='word_1_87' title='bbox 1628 1432 1944 1505; x_wconf 86' lang='grc' dir='ltr'>λαμϐάνων,</span> <span class='ocrx_word' id='word_1_88' title='bbox 1981 1435 2074 1488; x_wconf 75' lang='grc' dir='ltr'>καὶ</span> 
     </span>
    </p>
   </div>
   <div class='ocr_carea' id='block_1_13' title="bbox 480 1524 2073 1599">
    <p class='ocr_par' dir='ltr' id='par_1_13' title="bbox 480 1524 2073 1599">
     <span class='ocr_line' id='line_1_13' title="bbox 480 1524 2073 1599; baseline 0.001 -20"><span class='ocrx_word' id='word_1_89' title='bbox 480 1524 626 1579; x_wconf 74' lang='grc' dir='ltr'>οὕτω</span> <span class='ocrx_word' id='word_1_90' title='bbox 664 1525 844 1596; x_wconf 86' lang='grc' dir='ltr'>τίμια,</span> <span class='ocrx_word' id='word_1_91' title='bbox 877 1526 973 1579; x_wconf 77' lang='grc' dir='ltr'>καὶ</span> <span class='ocrx_word' id='word_1_92' title='bbox 1011 1525 1120 1580; x_wconf 88' lang='grc' dir='ltr'>τῶν</span> <span class='ocrx_word' id='word_1_93' title='bbox 1160 1524 1397 1578; x_wconf 85' lang='grc' dir='ltr'>εύτελῶν</span> <span class='ocrx_word' id='word_1_94' title='bbox 1436 1524 1790 1595; x_wconf 89' lang='grc' dir='ltr'>φειδόμενος;</span> <span class='ocrx_word' id='word_1_95' title='bbox 1824 1526 1967 1598; x_wconf 84' lang='grc' dir='ltr'>Ὅρα</span> <span class='ocrx_word' id='word_1_96' title='bbox 1998 1528 2073 1599; x_wconf 79' lang='grc' dir='ltr'>μὴ</span> 
     </span>
    </p>
   </div>
   <div class='ocr_carea' id='block_1_14' title="bbox 479 1614 2070 1689">
    <p class='ocr_par' dir='ltr' id='par_1_14' title="bbox 479 1614 2070 1689">
     <span class='ocr_line' id='line_1_14' title="bbox 479 1614 2070 1689; baseline 0.001 -19"><span class='ocrx_word' id='word_1_97' title='bbox 479 1616 742 1680; x_wconf 75' lang='grc' dir='ltr'>πολλάκις</span> <span class='ocrx_word' id='word_1_98' title='bbox 778 1616 1094 1688; x_wconf 78' lang='grc' dir='ltr'>φειδόμενος</span> <span class='ocrx_word' id='word_1_99' title='bbox 1135 1616 1215 1688; x_wconf 86' lang='grc' dir='ltr'>τῷ</span> <span class='ocrx_word' id='word_1_100' title='bbox 1258 1615 1481 1689; x_wconf 80' lang='grc' dir='ltr'>Χριστῷ</span> <span class='ocrx_word' id='word_1_101' title='bbox 1516 1614 1700 1670; x_wconf 88' lang='grc' dir='ltr'>δοῦναι</span> <span class='ocrx_word' id='word_1_102' title='bbox 1736 1617 1828 1670; x_wconf 77' lang='grc' dir='ltr'>ἐπὶ</span> <span class='ocrx_word' id='word_1_103' title='bbox 1867 1617 2070 1688; x_wconf 78' lang='grc' dir='ltr'>κέρδει,</span> 
     </span>
    </p>
   </div>
   <div class='ocr_carea' id='block_1_15' title="bbox 477 1706 2073 1781">
    <p class='ocr_par' dir='ltr' id='par_1_15' title="bbox 477 1706 2073 1781">
     <span class='ocr_line' id='line_1_15' title="bbox 477 1706 2073 1781; baseline 0 -19"><span class='ocrx_word' id='word_1_104' title='bbox 477 1707 586 1779; x_wconf 90' lang='grc' dir='ltr'>δῷς</span> <span class='ocrx_word' id='word_1_105' title='bbox 625 1709 721 1762; x_wconf 79' lang='grc' dir='ltr'>ἐπὶ</span> <span class='ocrx_word' id='word_1_106' title='bbox 760 1707 933 1781; x_wconf 81' lang='grc' dir='ltr'>βλάϐῃ</span> <span class='ocrx_word' id='word_1_107' title='bbox 980 1707 1068 1780; x_wconf 75' lang='grc' dir='ltr'>τῷΔ</span> <span class='ocrx_word' id='word_1_108' title='bbox 1107 1707 1360 1778; x_wconf 72' lang='grc' dir='ltr'>διαϐόλῳ.</span> <span class='ocrx_word' id='word_1_109' title='bbox 1381 1708 1554 1763; x_wconf 83' lang='grc' dir='ltr'>Ὅταν</span> <span class='ocrx_word' id='word_1_110' title='bbox 1599 1706 1710 1779; x_wconf 87' lang='grc' dir='ltr'>γάρ</span> <span class='ocrx_word' id='word_1_111' title='bbox 1749 1708 1947 1780; x_wconf 84' lang='grc' dir='ltr'>πένησι</span> <span class='ocrx_word' id='word_1_112' title='bbox 1996 1709 2073 1781; x_wconf 85' lang='grc' dir='ltr'>μὴ</span> 
     </span>
    </p>
   </div>
   <div class='ocr_carea' id='block_1_16' title="bbox 475 1797 2063 1872">
    <p class='ocr_par' dir='ltr' id='par_1_16' title="bbox 475 1797 2063 1872">
     <span class='ocr_line' id='line_1_16' title="bbox 475 1797 2063 1872; baseline 0.003 -21"><span class='ocrx_word' id='word_1_113' title='bbox 475 1797 680 1870; x_wconf 82' lang='grc' dir='ltr'>δῶμεν,</span> <span class='ocrx_word' id='word_1_114' title='bbox 719 1801 1087 1870; x_wconf 79' lang='grc' dir='ltr'>συκοφάνταις</span> <span class='ocrx_word' id='word_1_115' title='bbox 1133 1799 1415 1872; x_wconf 61' lang='grc' dir='ltr'>διδόαμεν</span> <span class='ocrx_word' id='word_1_116' title='bbox 1448 1799 1679 1854; x_wconf 84' lang='grc' dir='ltr'>κλέπται</span> <span class='ocrx_word' id='word_1_117' title='bbox 1716 1799 1998 1865; x_wconf 82' lang='grc' dir='ltr'>πολλάκις,</span> <span class='ocrx_word' id='word_1_118' title='bbox 2028 1799 2063 1871; x_wconf 78' lang='grc' dir='ltr'>ἢ</span> 
     </span>
    </p>
   </div>
   <div class='ocr_carea' id='block_1_17' title="bbox 474 1888 2066 1962">
    <p class='ocr_par' dir='ltr' id='par_1_17' title="bbox 474 1888 2066 1962">
     <span class='ocr_line' id='line_1_17' title="bbox 474 1888 2066 1962; baseline 0.001 -21"><span class='ocrx_word' id='word_1_119' title='bbox 474 1890 575 1943; x_wconf 68' lang='grc' dir='ltr'>καὶ</span> <span class='ocrx_word' id='word_1_120' title='bbox 612 1888 820 1943; x_wconf 91' lang='grc' dir='ltr'>οἰκέται</span> <span class='ocrx_word' id='word_1_121' title='bbox 854 1889 1156 1962; x_wconf 88' lang='grc' dir='ltr'>κακοῦργοι</span> <span class='ocrx_word' id='word_1_122' title='bbox 1198 1888 1567 1962; x_wconf 88' lang='grc' dir='ltr'>λαμϐάνοντες</span> <span class='ocrx_word' id='word_1_123' title='bbox 1601 1889 1864 1961; x_wconf 81' lang='grc' dir='ltr'>ἀπῆλθον,</span> <span class='ocrx_word' id='word_1_124' title='bbox 1906 1889 1939 1960; x_wconf 80' lang='grc' dir='ltr'>ἢ</span> <span class='ocrx_word' id='word_1_125' title='bbox 1970 1890 2066 1945; x_wconf 78' lang='grc' dir='ltr'>καὶ</span> 
     </span>
    </p>
   </div>
   <div class='ocr_carea' id='block_1_18' title="bbox 485 1980 2064 2055">
    <p class='ocr_par' dir='ltr' id='par_1_18' title="bbox 485 1980 2064 2055">
     <span class='ocr_line' id='line_1_18' title="bbox 485 1980 2064 2055; baseline 0 -19"><span class='ocrx_word' id='word_1_126' title='bbox 485 1983 674 2055; x_wconf 73' lang='grc' dir='ltr'>ἕτεραι</span> <span class='ocrx_word' id='word_1_127' title='bbox 710 1984 1054 2055; x_wconf 82' lang='grc' dir='ltr'>πραγμάτων</span> <span class='ocrx_word' id='word_1_128' title='bbox 1095 1980 1466 2055; x_wconf 75' lang='grc' dir='ltr'>περιστάσεις.</span> <span class='ocrx_word' id='word_1_129' title='bbox 1498 1982 1609 2038; x_wconf 81' lang='grc' dir='ltr'>Καὶ</span> <span class='ocrx_word' id='word_1_130' title='bbox 1640 1981 1815 2036; x_wconf 85' lang='grc' dir='ltr'>ταῦτα</span> <span class='ocrx_word' id='word_1_131' title='bbox 1848 1981 1905 2034; x_wconf 78' lang='grc' dir='ltr'>δέ</span> <span class='ocrx_word' id='word_1_132' title='bbox 1935 1982 2064 2036; x_wconf 85' lang='grc' dir='ltr'>όταν</span> 
     </span>
    </p>
   </div>
   <div class='ocr_carea' id='block_1_19' title="bbox 472 2072 2063 2144">
    <p class='ocr_par' dir='ltr' id='par_1_19' title="bbox 472 2072 2063 2144">
     <span class='ocr_line' id='line_1_19' title="bbox 472 2072 2063 2144; baseline 0 -18"><span class='ocrx_word' id='word_1_133' title='bbox 472 2072 827 2144; x_wconf 83' lang='grc' dir='ltr'>διαφύγωμεν</span> <span class='ocrx_word' id='word_1_134' title='bbox 873 2073 1110 2139; x_wconf 71' lang='grc' dir='ltr'>ἅπαντα,</span> <span class='ocrx_word' id='word_1_135' title='bbox 1142 2073 1373 2138; x_wconf 87' lang='grc' dir='ltr'>θάνατος</span> <span class='ocrx_word' id='word_1_136' title='bbox 1425 2072 1668 2130; x_wconf 82' lang='grc' dir='ltr'>ἐπελθὼν</span> <span class='ocrx_word' id='word_1_137' title='bbox 1705 2074 1912 2144; x_wconf 83' lang='grc' dir='ltr'>γυμνὸν</span> <span class='ocrx_word' id='word_1_138' title='bbox 1953 2074 2063 2127; x_wconf 87' lang='grc' dir='ltr'>ἀπ-</span> 
     </span>
    </p>
   </div>
   <div class='ocr_carea' id='block_1_20' title="bbox 471 2160 2062 2237">
    <p class='ocr_par' dir='ltr' id='par_1_20' title="bbox 471 2160 2062 2237">
     <span class='ocr_line' id='line_1_20' title="bbox 471 2160 2062 2237; baseline -0.006 -17"><span class='ocrx_word' id='word_1_139' title='bbox 471 2165 806 2237; x_wconf 53' lang='grc' dir='ltr'>ἡγναγεν.Ἵν’</span> <span class='ocrx_word' id='word_1_140' title='bbox 846 2160 939 2220; x_wconf 69' lang='grc' dir='ltr'>οὖν</span> <span class='ocrx_word' id='word_1_141' title='bbox 974 2164 1050 2237; x_wconf 83' lang='grc' dir='ltr'>μὴ</span> <span class='ocrx_word' id='word_1_142' title='bbox 1081 2164 1255 2220; x_wconf 88' lang='grc' dir='ltr'>ταῦτα</span> <span class='ocrx_word' id='word_1_143' title='bbox 1287 2166 1532 2237; x_wconf 90' lang='grc' dir='ltr'>γίνηται,</span> <span class='ocrx_word' id='word_1_144' title='bbox 1565 2164 1929 2237; x_wconf 85' lang='grc' dir='ltr'>προλαϐόντες</span> <span class='ocrx_word' id='word_1_145' title='bbox 1960 2163 2062 2218; x_wconf 83' lang='grc' dir='ltr'>δῶ-</span> 
     </span>
    </p>
   </div>
   <div class='ocr_carea' id='block_1_21' title="bbox 474 2253 2064 2329">
    <p class='ocr_par' dir='ltr' id='par_1_21' title="bbox 474 2253 2064 2329">
     <span class='ocr_line' id='line_1_21' title="bbox 474 2253 2064 2329; baseline -0.001 -20"><span class='ocrx_word' id='word_1_146' title='bbox 474 2272 577 2329; x_wconf 86' lang='grc' dir='ltr'>μεν</span> <span class='ocrx_word' id='word_1_147' title='bbox 609 2255 850 2311; x_wconf 86' lang='grc' dir='ltr'>αίτοῦντι</span> <span class='ocrx_word' id='word_1_148' title='bbox 878 2255 955 2327; x_wconf 85' lang='grc' dir='ltr'>τῷ</span> <span class='ocrx_word' id='word_1_149' title='bbox 983 2255 1228 2328; x_wconf 86' lang='grc' dir='ltr'>Χριστῷ,</span> <span class='ocrx_word' id='word_1_150' title='bbox 1263 2257 1360 2310; x_wconf 73' lang='grc' dir='ltr'>καὶ</span> <span class='ocrx_word' id='word_1_151' title='bbox 1384 2257 1466 2321; x_wconf 89' lang='grc' dir='ltr'>είς</span> <span class='ocrx_word' id='word_1_152' title='bbox 1491 2256 1584 2310; x_wconf 83' lang='grc' dir='ltr'>τὸν</span> <span class='ocrx_word' id='word_1_153' title='bbox 1614 2255 1815 2311; x_wconf 79' lang='grc' dir='ltr'>ἄσυλον</span> <span class='ocrx_word' id='word_1_154' title='bbox 1845 2253 2064 2310; x_wconf 80' lang='grc' dir='ltr'>ἀποθὼ-</span> 
     </span>
    </p>
   </div>
   <div class='ocr_carea' id='block_1_22' title="bbox 473 2346 2068 2421">
    <p class='ocr_par' dir='ltr' id='par_1_22' title="bbox 473 2346 2068 2421">
     <span class='ocr_line' id='line_1_22' title="bbox 473 2346 2068 2421; baseline 0.001 -21"><span class='ocrx_word' id='word_1_155' title='bbox 473 2346 615 2418; x_wconf 87' lang='grc' dir='ltr'>μεθα</span> <span class='ocrx_word' id='word_1_156' title='bbox 643 2347 939 2420; x_wconf 81' lang='grc' dir='ltr'>θησαυρὸν,</span> <span class='ocrx_word' id='word_1_157' title='bbox 979 2348 1066 2401; x_wconf 79' lang='grc' dir='ltr'>ἵνα</span> <span class='ocrx_word' id='word_1_158' title='bbox 1100 2348 1196 2403; x_wconf 77' lang='grc' dir='ltr'>καὶ</span> <span class='ocrx_word' id='word_1_159' title='bbox 1222 2348 1363 2419; x_wconf 82' lang='grc' dir='ltr'>ὑπὲρ</span> <span class='ocrx_word' id='word_1_160' title='bbox 1392 2349 1494 2418; x_wconf 82' lang='grc' dir='ltr'>τῆς</span> <span class='ocrx_word' id='word_1_161' title='bbox 1529 2347 1778 2421; x_wconf 79' lang='grc' dir='ltr'>φυλακῆς</span> <span class='ocrx_word' id='word_1_162' title='bbox 1806 2348 1901 2403; x_wconf 78' lang='grc' dir='ltr'>καὶ</span> <span class='ocrx_word' id='word_1_163' title='bbox 1927 2348 2068 2419; x_wconf 82' lang='grc' dir='ltr'>ὑπὲρ</span> 
     </span>
    </p>
   </div>
   <div class='ocr_carea' id='block_1_23' title="bbox 466 2436 2064 2510">
    <p class='ocr_par' dir='ltr' id='par_1_23' title="bbox 466 2436 2064 2510">
     <span class='ocr_line' id='line_1_23' title="bbox 466 2436 2064 2510; baseline 0.001 -21"><span class='ocrx_word' id='word_1_164' title='bbox 466 2436 569 2507; x_wconf 83' lang='grc' dir='ltr'>τῆς</span> <span class='ocrx_word' id='word_1_165' title='bbox 620 2436 883 2508; x_wconf 83' lang='grc' dir='ltr'>προσόδου</span> <span class='ocrx_word' id='word_1_166' title='bbox 933 2437 1251 2509; x_wconf 70' lang='grc' dir='ltr'>θαρρῶμεν.</span> <span class='ocrx_word' id='word_1_167' title='bbox 1287 2437 1361 2490; x_wconf 77' lang='grc' dir='ltr'>Οὐ</span> <span class='ocrx_word' id='word_1_168' title='bbox 1405 2437 1514 2508; x_wconf 89' lang='grc' dir='ltr'>γάρ</span> <span class='ocrx_word' id='word_1_169' title='bbox 1564 2438 1814 2510; x_wconf 87' lang='grc' dir='ltr'>διατηρεῖ</span> <span class='ocrx_word' id='word_1_170' title='bbox 1865 2437 2064 2510; x_wconf 90' lang='grc' dir='ltr'>μόνον,</span> 
     </span>
    </p>
   </div>
   <div class='ocr_carea' id='block_1_24' title="bbox 470 2525 2067 2602">
    <p class='ocr_par' dir='ltr' id='par_1_24' title="bbox 470 2525 2067 2602">
     <span class='ocr_line' id='line_1_24' title="bbox 470 2525 2067 2602; baseline 0.003 -24"><span class='ocrx_word' id='word_1_171' title='bbox 470 2525 617 2598; x_wconf 75' lang='grc' dir='ltr'>ἅπερ</span> <span class='ocrx_word' id='word_1_172' title='bbox 661 2525 841 2593; x_wconf 76' lang='grc' dir='ltr'>ἔλαϐε,</span> <span class='ocrx_word' id='word_1_173' title='bbox 875 2529 1017 2598; x_wconf 87' lang='grc' dir='ltr'>μετά</span> <span class='ocrx_word' id='word_1_174' title='bbox 1060 2528 1349 2602; x_wconf 76' lang='grc' dir='ltr'>ἀκριϐείας</span> <span class='ocrx_word' id='word_1_175' title='bbox 1373 2547 1386 2560; x_wconf 90' lang='grc'><strong>·</strong></span> <span class='ocrx_word' id='word_1_176' title='bbox 1429 2528 1569 2586; x_wconf 83' lang='grc' dir='ltr'>ἀλλά</span> <span class='ocrx_word' id='word_1_177' title='bbox 1624 2529 1764 2601; x_wconf 85' lang='grc' dir='ltr'>μετά</span> <span class='ocrx_word' id='word_1_178' title='bbox 1821 2528 2067 2593; x_wconf 86' lang='grc' dir='ltr'>πλείονος</span> 
     </span>
    </p>
   </div>
   <div class='ocr_carea' id='block_1_25' title="bbox 504 2768 1101 2806">
    <p class='ocr_par' dir='ltr' id='par_1_25' title="bbox 504 2768 1101 2806">
     <span class='ocr_line' id='line_1_25' title="bbox 504 2768 1101 2806; baseline 0.008 -5"><span class='ocrx_word' id='word_1_179' title='bbox 504 2768 1101 2806; x_wconf 62' lang='lat'>=====</span> 
     </span>
    </p>
   </div>
   <div class='ocr_carea' id='block_1_26' title="bbox 1212 399 3053 470">
    <p class='ocr_par' dir='ltr' id='par_1_26' title="bbox 1212 399 3053 470">
     <span class='ocr_line' id='line_1_26' title="bbox 1212 399 3053 470; baseline 0.008 -15"><span class='ocrx_word' id='word_1_180' title='bbox 1212 399 1269 455; x_wconf 90' lang='lat' dir='ltr'>S.</span> <span class='ocrx_word' id='word_1_181' title='bbox 1310 401 1594 458; x_wconf 74' lang='lat' dir='ltr'>JOANNIS</span> <span class='ocrx_word' id='word_1_182' title='bbox 1630 402 2117 461; x_wconf 72' lang='lat' dir='ltr'>CHltYSOSTOMI</span> <span class='ocrx_word' id='word_1_183' title='bbox 2153 405 2473 465; x_wconf 71' lang='lat' dir='ltr'>ARCIIIEP.</span> <span class='ocrx_word' id='word_1_184' title='bbox 2509 411 3053 470; x_wconf 83' lang='lat' dir='ltr'>CONSTANTINOP.</span> 
     </span>
    </p>
   </div>
   <div class='ocr_carea' id='block_1_27' title="bbox 3648 398 3758 453">
    <p class='ocr_par' dir='ltr' id='par_1_27' title="bbox 3648 398 3758 453">
     <span class='ocr_line' id='line_1_27' title="bbox 3648 398 3758 453; baseline 0 0"><span class='ocrx_word' id='word_1_185' title='bbox 3648 398 3758 453; x_wconf 74' lang='grc'>558</span> 
     </span>
    </p>
   </div>
   <div class='ocr_carea' id='block_1_28' title="bbox 2177 513 3762 589">
    <p class='ocr_par' dir='ltr' id='par_1_28' title="bbox 2177 513 3762 589">
     <span class='ocr_line' id='line_1_28' title="bbox 2177 513 3762 589; baseline 0.003 -21"><span class='ocrx_word' id='word_1_186' title='bbox 2177 514 2318 569; x_wconf 85' lang='grc' dir='ltr'>αὐτά</span> <span class='ocrx_word' id='word_1_187' title='bbox 2348 515 2642 572; x_wconf 87' lang='grc' dir='ltr'>ἀποδίδωσί</span> <span class='ocrx_word' id='word_1_188' title='bbox 2671 532 2752 570; x_wconf 91' lang='grc' dir='ltr'>σοι</span> <span class='ocrx_word' id='word_1_189' title='bbox 2782 516 2879 586; x_wconf 86' lang='grc' dir='ltr'>τῆς</span> <span class='ocrx_word' id='word_1_190' title='bbox 2911 513 3229 587; x_wconf 81' lang='grc' dir='ltr'>προσθήκης</span> <span class='ocrx_word' id='word_1_191' title='bbox 3256 516 3438 570; x_wconf 78' lang='grc' dir='ltr'>πάλιν.</span> <span class='ocrx_word' id='word_1_192' title='bbox 3472 516 3565 589; x_wconf 82' lang='grc' dir='ltr'>Μὴ</span> <span class='ocrx_word' id='word_1_193' title='bbox 3582 518 3762 573; x_wconf 78' lang='grc' dir='ltr'>τοίνυν</span> 
     </span>
    </p>
   </div>
   <div class='ocr_carea' id='block_1_29' title="bbox 2176 605 3762 681">
    <p class='ocr_par' dir='ltr' id='par_1_29' title="bbox 2176 605 3762 681">
     <span class='ocr_line' id='line_1_29' title="bbox 2176 605 3762 681; baseline 0.003 -21"><span class='ocrx_word' id='word_1_194' title='bbox 2176 606 2486 678; x_wconf 71' lang='grc' dir='ltr'>νομίζωμεν</span> <span class='ocrx_word' id='word_1_195' title='bbox 2517 609 2648 679; x_wconf 75' lang='grc' dir='ltr'>ἡμῖν</span> <span class='ocrx_word' id='word_1_196' title='bbox 2684 605 3035 661; x_wconf 85' lang='grc' dir='ltr'>ἐλαττοῦσθαι</span> <span class='ocrx_word' id='word_1_197' title='bbox 3067 606 3167 679; x_wconf 87' lang='grc' dir='ltr'>τὴν</span> <span class='ocrx_word' id='word_1_198' title='bbox 3204 606 3419 674; x_wconf 75' lang='grc' dir='ltr'>οὐσίαν,</span> <span class='ocrx_word' id='word_1_199' title='bbox 3443 609 3575 663; x_wconf 81' lang='grc' dir='ltr'>ὅταν</span> <span class='ocrx_word' id='word_1_200' title='bbox 3610 608 3762 681; x_wconf 79' lang='grc' dir='ltr'>ἐλεη-</span> 
     </span>
    </p>
   </div>
   <div class='ocr_carea' id='block_1_30' title="bbox 2179 696 3756 771">
    <p class='ocr_par' dir='ltr' id='par_1_30' title="bbox 2179 696 3756 771">
     <span class='ocr_line' id='line_1_30' title="bbox 2179 696 3756 771; baseline 0.001 -20"><span class='ocrx_word' id='word_1_201' title='bbox 2179 698 2417 769; x_wconf 87' lang='grc' dir='ltr'>μοσύνην</span> <span class='ocrx_word' id='word_1_202' title='bbox 2446 698 2796 771; x_wconf 84' lang='grc' dir='ltr'>παρέχωμεν.</span> <span class='ocrx_word' id='word_1_203' title='bbox 2828 698 2903 751; x_wconf 86' lang='grc' dir='ltr'><strong>Οὐ</strong></span> <span class='ocrx_word' id='word_1_204' title='bbox 2929 697 3039 768; x_wconf 75' lang='grc' dir='ltr'>γὰρ</span> <span class='ocrx_word' id='word_1_205' title='bbox 3081 696 3420 765; x_wconf 82' lang='grc' dir='ltr'>ἐλαττοῦται,</span> <span class='ocrx_word' id='word_1_206' title='bbox 3458 700 3575 755; x_wconf 84' lang='grc' dir='ltr'>ἀλλ’</span> <span class='ocrx_word' id='word_1_207' title='bbox 3598 700 3756 766; x_wconf 64' lang='grc' dir='ltr'>αὔειν</span> 
     </span>
    </p>
   </div>
   <div class='ocr_carea' id='block_1_31' title="bbox 2174 788 3762 864">
    <p class='ocr_par' dir='ltr' id='par_1_31' title="bbox 2174 788 3762 864">
     <span class='ocr_line' id='line_1_31' title="bbox 2174 788 3762 864; baseline 0.004 -22"><span class='ocrx_word' id='word_1_208' title='bbox 2174 807 2265 843; x_wconf 92' lang='grc' dir='ltr'>ται</span> <span class='ocrx_word' id='word_1_209' title='bbox 2291 806 2305 819; x_wconf 89' lang='grc'><strong>·</strong></span> <span class='ocrx_word' id='word_1_210' title='bbox 2337 790 2398 844; x_wconf 84' lang='grc' dir='ltr'>οὐ</span> <span class='ocrx_word' id='word_1_211' title='bbox 2418 789 2745 855; x_wconf 81' lang='grc' dir='ltr'>δαπανᾶται,</span> <span class='ocrx_word' id='word_1_212' title='bbox 2781 788 2918 843; x_wconf 88' lang='grc' dir='ltr'>ἀλλά</span> <span class='ocrx_word' id='word_1_213' title='bbox 2946 788 3252 854; x_wconf 77' lang='grc' dir='ltr'>πλεονάζει,</span> <span class='ocrx_word' id='word_1_214' title='bbox 3276 792 3372 844; x_wconf 75' lang='grc' dir='ltr'>καὶ</span> <span class='ocrx_word' id='word_1_215' title='bbox 3402 793 3762 864; x_wconf 81' lang='grc' dir='ltr'>πραγματεία</span> 
     </span>
    </p>
   </div>
   <div class='ocr_carea' id='block_1_32' title="bbox 2174 881 3761 957">
    <p class='ocr_par' dir='ltr' id='par_1_32' title="bbox 2174 881 3761 957">
     <span class='ocr_line' id='line_1_32' title="bbox 2174 881 3761 957; baseline 0.002 -20"><span class='ocrx_word' id='word_1_216' title='bbox 2174 883 2260 946; x_wconf 88' lang='grc' dir='ltr'>τίς</span> <span class='ocrx_word' id='word_1_217' title='bbox 2288 884 2403 937; x_wconf 88' lang='grc' dir='ltr'>ἐστι</span> <span class='ocrx_word' id='word_1_218' title='bbox 2436 883 2531 936; x_wconf 67' lang='grc' dir='ltr'>καλ⁸</span> <span class='ocrx_word' id='word_1_219' title='bbox 2566 883 2767 954; x_wconf 87' lang='grc' dir='ltr'>σπόρος</span> <span class='ocrx_word' id='word_1_220' title='bbox 2806 881 2868 936; x_wconf 86' lang='grc' dir='ltr'>τὺ</span> <span class='ocrx_word' id='word_1_221' title='bbox 2912 883 3197 954; x_wconf 88' lang='grc' dir='ltr'>γινόμενον</span> <span class='ocrx_word' id='word_1_222' title='bbox 3219 901 3233 916; x_wconf 91' lang='grc'><strong>·</strong></span> <span class='ocrx_word' id='word_1_223' title='bbox 3263 882 3460 954; x_wconf 78' lang='grc' dir='ltr'>μᾶλλον</span> <span class='ocrx_word' id='word_1_224' title='bbox 3489 884 3548 939; x_wconf 81' lang='grc' dir='ltr'>δὲ</span> <span class='ocrx_word' id='word_1_225' title='bbox 3573 886 3761 957; x_wconf 70' lang='grc' dir='ltr'>ἀμφοσ</span> 
     </span>
    </p>
   </div>
   <div class='ocr_carea' id='block_1_33' title="bbox 2174 971 3761 1046">
    <p class='ocr_par' dir='ltr' id='par_1_33' title="bbox 2174 971 3761 1046">
     <span class='ocr_line' id='line_1_33' title="bbox 2174 971 3761 1046; baseline 0.001 -18"><span class='ocrx_word' id='word_1_226' title='bbox 2174 975 2346 1046; x_wconf 87' lang='grc' dir='ltr'>τέρων</span> <span class='ocrx_word' id='word_1_227' title='bbox 2388 974 2594 1029; x_wconf 87' lang='grc' dir='ltr'>τούτων</span> <span class='ocrx_word' id='word_1_228' title='bbox 2637 971 3074 1046; x_wconf 83' lang='grc' dir='ltr'>κερδαλεώτερον</span> <span class='ocrx_word' id='word_1_229' title='bbox 3118 974 3215 1027; x_wconf 78' lang='grc' dir='ltr'>καὶ</span> <span class='ocrx_word' id='word_1_230' title='bbox 3252 974 3676 1046; x_wconf 85' lang='grc' dir='ltr'>ἀσφαλέστερον.</span> <span class='ocrx_word' id='word_1_231' title='bbox 3691 976 3761 1029; x_wconf 82' lang='grc' dir='ltr'><strong>Ἦ</strong></span> 
     </span>
    </p>
   </div>
   <div class='ocr_carea' id='block_1_34' title="bbox 2179 1064 3765 1138">
    <p class='ocr_par' dir='ltr' id='par_1_34' title="bbox 2179 1064 3765 1138">
     <span class='ocr_line' id='line_1_34' title="bbox 2179 1064 3765 1138; baseline 0.002 -21"><span class='ocrx_word' id='word_1_232' title='bbox 2179 1065 2277 1135; x_wconf 85' lang='grc' dir='ltr'>μὲν</span> <span class='ocrx_word' id='word_1_233' title='bbox 2304 1066 2413 1138; x_wconf 85' lang='grc' dir='ltr'>γὰρ</span> <span class='ocrx_word' id='word_1_234' title='bbox 2445 1065 2685 1136; x_wconf 88' lang='grc' dir='ltr'>ἐμπορία</span> <span class='ocrx_word' id='word_1_235' title='bbox 2708 1066 2803 1119; x_wconf 60' lang='grc' dir='ltr'>καί¹</span> <span class='ocrx_word' id='word_1_236' title='bbox 2825 1064 3100 1134; x_wconf 83' lang='grc' dir='ltr'>πνεύμασι</span> <span class='ocrx_word' id='word_1_237' title='bbox 3122 1065 3218 1118; x_wconf 76' lang='grc' dir='ltr'>καὶ</span> <span class='ocrx_word' id='word_1_238' title='bbox 3245 1065 3453 1136; x_wconf 88' lang='grc' dir='ltr'>κύμασι</span> <span class='ocrx_word' id='word_1_239' title='bbox 3482 1064 3765 1136; x_wconf 85' lang='grc' dir='ltr'>θαλάσσης</span> 
     </span>
    </p>
   </div>
   <div class='ocr_carea' id='block_1_35' title="bbox 2176 1156 3765 1229">
    <p class='ocr_par' dir='ltr' id='par_1_35' title="bbox 2176 1156 3765 1229">
     <span class='ocr_line' id='line_1_35' title="bbox 2176 1156 3765 1229; baseline 0.002 -19"><span class='ocrx_word' id='word_1_240' title='bbox 2176 1157 2462 1212; x_wconf 79' lang='grc' dir='ltr'>ὑπόκειται</span> <span class='ocrx_word' id='word_1_241' title='bbox 2495 1157 2592 1211; x_wconf 74' lang='grc' dir='ltr'>καὶ</span> <span class='ocrx_word' id='word_1_242' title='bbox 2627 1156 2906 1226; x_wconf 84' lang='grc' dir='ltr'>ναυαγίοις</span> <span class='ocrx_word' id='word_1_243' title='bbox 2951 1156 3187 1224; x_wconf 82' lang='grc' dir='ltr'>πολλοῖς,</span> <span class='ocrx_word' id='word_1_244' title='bbox 3223 1157 3318 1211; x_wconf 73' lang='grc' dir='ltr'>καὶ</span> <span class='ocrx_word' id='word_1_245' title='bbox 3353 1156 3425 1211; x_wconf 90' lang='grc' dir='ltr'>τά</span> <span class='ocrx_word' id='word_1_246' title='bbox 3466 1157 3765 1229; x_wconf 87' lang='grc' dir='ltr'>σπέρματα</span> 
     </span>
    </p>
   </div>
   <div class='ocr_carea' id='block_1_36' title="bbox 2177 1249 3764 1323">
    <p class='ocr_par' dir='ltr' id='par_1_36' title="bbox 2177 1249 3764 1323">
     <span class='ocr_line' id='line_1_36' title="bbox 2177 1249 3764 1323; baseline 0.002 -21"><span class='ocrx_word' id='word_1_247' title='bbox 2177 1251 2271 1304; x_wconf 76' lang='grc' dir='ltr'>καὶ</span> <span class='ocrx_word' id='word_1_248' title='bbox 2322 1251 2553 1321; x_wconf 79' lang='grc' dir='ltr'>αὐχμοῖς</span> <span class='ocrx_word' id='word_1_249' title='bbox 2601 1251 2698 1305; x_wconf 72' lang='grc' dir='ltr'>καὶ</span> <span class='ocrx_word' id='word_1_250' title='bbox 2753 1250 3082 1322; x_wconf 87' lang='grc' dir='ltr'>ἐπομϐρίαις</span> <span class='ocrx_word' id='word_1_251' title='bbox 3147 1250 3243 1304; x_wconf 73' lang='grc' dir='ltr'>καὶ</span> <span class='ocrx_word' id='word_1_252' title='bbox 3303 1249 3518 1323; x_wconf 83' lang='grc' dir='ltr'>ἑτέραις</span> <span class='ocrx_word' id='word_1_253' title='bbox 3578 1250 3764 1323; x_wconf 82' lang='grc' dir='ltr'>ἀέρων</span> 
     </span>
    </p>
   </div>
   <div class='ocr_carea' id='block_1_37' title="bbox 2176 1339 3775 1413">
    <p class='ocr_par' dir='ltr' id='par_1_37' title="bbox 2176 1339 3775 1413">
     <span class='ocr_line' id='line_1_37' title="bbox 2176 1339 3775 1413; baseline 0 -18"><span class='ocrx_word' id='word_1_254' title='bbox 2176 1340 2515 1412; x_wconf 88' lang='grc' dir='ltr'>ἀνωμαλίαις</span> <span class='ocrx_word' id='word_1_255' title='bbox 2533 1357 2548 1370; x_wconf 90' lang='grc'><strong>·</strong></span> <span class='ocrx_word' id='word_1_256' title='bbox 2578 1340 2649 1394; x_wconf 84' lang='grc' dir='ltr'>τά</span> <span class='ocrx_word' id='word_1_257' title='bbox 2673 1340 2731 1394; x_wconf 82' lang='grc' dir='ltr'>δέ</span> <span class='ocrx_word' id='word_1_258' title='bbox 2764 1341 2845 1404; x_wconf 85' lang='grc' dir='ltr'>εἰς</span> <span class='ocrx_word' id='word_1_259' title='bbox 2877 1341 2978 1410; x_wconf 82' lang='grc' dir='ltr'>τὴν</span> <span class='ocrx_word' id='word_1_260' title='bbox 3017 1343 3178 1411; x_wconf 88' lang='grc' dir='ltr'>χεῖρα</span> <span class='ocrx_word' id='word_1_261' title='bbox 3202 1341 3297 1395; x_wconf 92' lang='grc' dir='ltr'>τοῦ</span> <span class='ocrx_word' id='word_1_262' title='bbox 3320 1339 3560 1413; x_wconf 80' lang='grc' dir='ltr'>Χριστοῦ</span> <span class='ocrx_word' id='word_1_263' title='bbox 3596 1357 3775 1395; x_wconf 80' lang='grc' dir='ltr'>κατα-</span> 
     </span>
    </p>
   </div>
   <div class='ocr_carea' id='block_1_38' title="bbox 2176 1430 3763 1504">
    <p class='ocr_par' dir='ltr' id='par_1_38' title="bbox 2176 1430 3763 1504">
     <span class='ocr_line' id='line_1_38' title="bbox 2176 1430 3763 1504; baseline 0 -18"><span class='ocrx_word' id='word_1_264' title='bbox 2176 1432 2480 1503; x_wconf 88' lang='grc' dir='ltr'>ϐαλλόμενα</span> <span class='ocrx_word' id='word_1_265' title='bbox 2499 1433 2756 1504; x_wconf 83' lang='grc' dir='ltr'>χρήματα</span> <span class='ocrx_word' id='word_1_266' title='bbox 2784 1430 3036 1504; x_wconf 82' lang='grc' dir='ltr'>ἀνώτερα</span> <span class='ocrx_word' id='word_1_267' title='bbox 3068 1432 3252 1503; x_wconf 80' lang='grc' dir='ltr'>πάσης</span> <span class='ocrx_word' id='word_1_268' title='bbox 3272 1432 3420 1485; x_wconf 71' lang='grc' dir='ltr'>ἐστὶν</span> <span class='ocrx_word' id='word_1_269' title='bbox 3444 1430 3763 1501; x_wconf 82' lang='grc' dir='ltr'>ἐπιϐουλῆς.</span> 
     </span>
    </p>
   </div>
   <div class='ocr_carea' id='block_1_39' title="bbox 2176 1522 3767 1597">
    <p class='ocr_par' dir='ltr' id='par_1_39' title="bbox 2176 1522 3767 1597">
     <span class='ocr_line' id='line_1_39' title="bbox 2176 1522 3767 1597; baseline 0 -21"><span class='ocrx_word' id='word_1_270' title='bbox 2176 1522 2365 1587; x_wconf 76' lang='grc' dir='ltr'>Οὐδεὶς</span> <span class='ocrx_word' id='word_1_271' title='bbox 2396 1522 2621 1577; x_wconf 84' lang='grc' dir='ltr'>δύναται</span> <span class='ocrx_word' id='word_1_272' title='bbox 2651 1522 2918 1595; x_wconf 76' lang='grc' dir='ltr'>ἁρπάζειν</span> <span class='ocrx_word' id='word_1_273' title='bbox 2948 1525 3015 1578; x_wconf 87' lang='grc' dir='ltr'>ἐκ</span> <span class='ocrx_word' id='word_1_274' title='bbox 3045 1524 3151 1597; x_wconf 82' lang='grc' dir='ltr'>τῆς</span> <span class='ocrx_word' id='word_1_275' title='bbox 3174 1523 3357 1596; x_wconf 81' lang='grc' dir='ltr'>χειρὸς</span> <span class='ocrx_word' id='word_1_276' title='bbox 3379 1522 3476 1576; x_wconf 88' lang='grc' dir='ltr'>τοῦ</span> <span class='ocrx_word' id='word_1_277' title='bbox 3503 1522 3767 1588; x_wconf 78' lang='grc' dir='ltr'>λαϐόντος</span> 
     </span>
    </p>
   </div>
   <div class='ocr_carea' id='block_1_40' title="bbox 2174 1614 3768 1687">
    <p class='ocr_par' dir='ltr' id='par_1_40' title="bbox 2174 1614 3768 1687">
     <span class='ocr_line' id='line_1_40' title="bbox 2174 1614 3768 1687; baseline 0 -19"><span class='ocrx_word' id='word_1_278' title='bbox 2174 1614 2246 1669; x_wconf 92' lang='grc' dir='ltr'>τά</span> <span class='ocrx_word' id='word_1_279' title='bbox 2265 1615 2487 1670; x_wconf 83' lang='grc' dir='ltr'>δοθέντα</span> <span class='ocrx_word' id='word_1_280' title='bbox 2513 1615 2661 1683; x_wconf 72' lang='grc' dir='ltr'>ἅπαξ</span> <span class='ocrx_word' id='word_1_281' title='bbox 2675 1630 2689 1644; x_wconf 77' lang='grc'><strong><em>⁸</em></strong></span> <span class='ocrx_word' id='word_1_282' title='bbox 2714 1615 2853 1669; x_wconf 91' lang='grc' dir='ltr'>ἀλλά</span> <span class='ocrx_word' id='word_1_283' title='bbox 2886 1615 3035 1687; x_wconf 88' lang='grc' dir='ltr'>μένει</span> <span class='ocrx_word' id='word_1_284' title='bbox 3061 1615 3230 1671; x_wconf 77' lang='grc' dir='ltr'>πολὺν</span> <span class='ocrx_word' id='word_1_285' title='bbox 3253 1616 3388 1686; x_wconf 77' lang='grc' dir='ltr'>ἡμῖν</span> <span class='ocrx_word' id='word_1_286' title='bbox 3430 1614 3524 1670; x_wconf 79' lang='grc' dir='ltr'>καὶ</span> <span class='ocrx_word' id='word_1_287' title='bbox 3551 1614 3768 1685; x_wconf 79' lang='grc' dir='ltr'>ἄφατον</span> 
     </span>
    </p>
   </div>
   <div class='ocr_carea' id='block_1_41' title="bbox 2176 1704 3768 1779">
    <p class='ocr_par' dir='ltr' id='par_1_41' title="bbox 2176 1704 3768 1779">
     <span class='ocr_line' id='line_1_41' title="bbox 2176 1704 3768 1779; baseline -0.001 -19"><span class='ocrx_word' id='word_1_288' title='bbox 2176 1705 2521 1779; x_wconf 73' lang='grc' dir='ltr'>ἐργαζόμενα</span> <span class='ocrx_word' id='word_1_289' title='bbox 2563 1706 2655 1760; x_wconf 70' lang='grc' dir='ltr'>τὸν</span> <span class='ocrx_word' id='word_1_290' title='bbox 2697 1706 2930 1778; x_wconf 82' lang='grc' dir='ltr'>καρπὸν,</span> <span class='ocrx_word' id='word_1_291' title='bbox 2972 1707 3069 1761; x_wconf 83' lang='grc' dir='ltr'>καὶ</span> <span class='ocrx_word' id='word_1_292' title='bbox 3106 1706 3199 1760; x_wconf 81' lang='grc' dir='ltr'>τὸν</span> <span class='ocrx_word' id='word_1_293' title='bbox 3235 1706 3446 1778; x_wconf 75' lang='grc' dir='ltr'>ἄμητον</span> <span class='ocrx_word' id='word_1_294' title='bbox 3475 1707 3535 1760; x_wconf 87' lang='grc' dir='ltr'>ἐν</span> <span class='ocrx_word' id='word_1_295' title='bbox 3578 1704 3768 1777; x_wconf 85' lang='grc' dir='ltr'>καιρῷ</span> 
     </span>
    </p>
   </div>
   <div class='ocr_carea' id='block_1_42' title="bbox 2170 1794 3767 1869">
    <p class='ocr_par' dir='ltr' id='par_1_42' title="bbox 2170 1794 3767 1869">
     <span class='ocr_line' id='line_1_42' title="bbox 2170 1794 3767 1869; baseline 0 -18"><span class='ocrx_word' id='word_1_296' title='bbox 2170 1796 2409 1869; x_wconf 84' lang='grc' dir='ltr'>φέροντα</span> <span class='ocrx_word' id='word_1_297' title='bbox 2461 1796 2740 1852; x_wconf 85' lang='grc' dir='ltr'>πλούσιον.</span> <span class='ocrx_word' id='word_1_298' title='bbox 2774 1797 2831 1850; x_wconf 88' lang='grc' dir='ltr'><strong><em>Ὁ</em></strong></span> <span class='ocrx_word' id='word_1_299' title='bbox 2874 1797 3143 1865; x_wconf 77' lang='grc' dir='ltr'>σπείρων</span> <span class='ocrx_word' id='word_1_300' title='bbox 3186 1797 3296 1867; x_wconf 88' lang='grc' dir='ltr'>γάρ</span> <span class='ocrx_word' id='word_1_301' title='bbox 3348 1794 3723 1866; x_wconf 64' lang='grc' dir='ltr'>φειδομένως</span> <span class='ocrx_word' id='word_1_302' title='bbox 3743 1837 3767 1864; x_wconf 85' lang='grc'>,</span> 
     </span>
    </p>
   </div>
   <div class='ocr_carea' id='block_1_43' title="bbox 2169 1886 3769 1958">
    <p class='ocr_par' dir='ltr' id='par_1_43' title="bbox 2169 1886 3769 1958">
     <span class='ocr_line' id='line_1_43' title="bbox 2169 1886 3769 1958; baseline -0.001 -17"><span class='ocrx_word' id='word_1_303' title='bbox 2169 1888 2329 1958; x_wconf 78' lang='grc' dir='ltr'>φησὶ,</span> <span class='ocrx_word' id='word_1_304' title='bbox 2352 1887 2718 1957; x_wconf 71' lang='grc' dir='ltr'>φειδομένως</span> <span class='ocrx_word' id='word_1_305' title='bbox 2746 1888 2844 1943; x_wconf 77' lang='grc' dir='ltr'>καὶ</span> <span class='ocrx_word' id='word_1_306' title='bbox 2883 1888 3110 1956; x_wconf 77' lang='grc' dir='ltr'>θερίσει</span> <span class='ocrx_word' id='word_1_307' title='bbox 3129 1905 3143 1921; x_wconf 76' lang='grc' dir='ltr'><strong><em>ο</em></strong></span> <span class='ocrx_word' id='word_1_308' title='bbox 3181 1886 3281 1941; x_wconf 77' lang='grc' dir='ltr'>καί</span> <span class='ocrx_word' id='word_1_309' title='bbox 3305 1889 3339 1943; x_wconf 81' lang='grc' dir='ltr'>ό</span> <span class='ocrx_word' id='word_1_310' title='bbox 3360 1887 3627 1956; x_wconf 75' lang='grc' dir='ltr'>σπείρων</span> <span class='ocrx_word' id='word_1_311' title='bbox 3663 1886 3769 1942; x_wconf 65' lang='grc' dir='ltr'>ἐπ’</span> 
     </span>
    </p>
   </div>
   <div class='ocr_carea' id='block_1_44' title="bbox 2166 1977 3769 2049">
    <p class='ocr_par' dir='ltr' id='par_1_44' title="bbox 2166 1977 3769 2049">
     <span class='ocr_line' id='line_1_44' title="bbox 2166 1977 3769 2049; baseline -0.001 -18"><span class='ocrx_word' id='word_1_312' title='bbox 2166 1978 2490 2048; x_wconf 70' lang='grc' dir='ltr'>εὐλογίαις,</span> <span class='ocrx_word' id='word_1_313' title='bbox 2531 1978 2626 2030; x_wconf 80' lang='grc' dir='ltr'>ἐπ’</span> <span class='ocrx_word' id='word_1_314' title='bbox 2655 1978 2960 2049; x_wconf 63' lang='grc' dir='ltr'>εὐλογίαις</span> <span class='ocrx_word' id='word_1_315' title='bbox 3003 1978 3103 2033; x_wconf 77' lang='grc' dir='ltr'>καί</span> <span class='ocrx_word' id='word_1_316' title='bbox 3155 1977 3398 2047; x_wconf 83' lang='grc' dir='ltr'>θερίσει.</span> <span class='ocrx_word' id='word_1_317' title='bbox 3434 1978 3769 2049; x_wconf 81' lang='grc' dir='ltr'>Σπείρωμεν</span> 
     </span>
    </p>
   </div>
   <div class='ocr_carea' id='block_1_45' title="bbox 2167 2067 3767 2142">
    <p class='ocr_par' dir='ltr' id='par_1_45' title="bbox 2167 2067 3767 2142">
     <span class='ocr_line' id='line_1_45' title="bbox 2167 2067 3767 2142; baseline 0.001 -20"><span class='ocrx_word' id='word_1_318' title='bbox 2167 2068 2343 2123; x_wconf 81' lang='grc' dir='ltr'>τοίνυν</span> <span class='ocrx_word' id='word_1_319' title='bbox 2381 2067 2519 2139; x_wconf 86' lang='grc' dir='ltr'>μετά</span> <span class='ocrx_word' id='word_1_320' title='bbox 2545 2068 2843 2139; x_wconf 74' lang='grc' dir='ltr'>δαψιλείας,</span> <span class='ocrx_word' id='word_1_321' title='bbox 2869 2069 2957 2123; x_wconf 84' lang='grc' dir='ltr'>ἵνα</span> <span class='ocrx_word' id='word_1_322' title='bbox 2986 2070 3080 2123; x_wconf 80' lang='grc' dir='ltr'>καὶ</span> <span class='ocrx_word' id='word_1_323' title='bbox 3113 2068 3260 2124; x_wconf 81' lang='grc' dir='ltr'>οὕτω</span> <span class='ocrx_word' id='word_1_324' title='bbox 3304 2070 3634 2142; x_wconf 88' lang='grc' dir='ltr'>θερίσωμεν,</span> <span class='ocrx_word' id='word_1_325' title='bbox 3662 2070 3767 2124; x_wconf 69' lang='grc' dir='ltr'>καὶ</span> 
     </span>
    </p>
   </div>
   <div class='ocr_carea' id='block_1_46' title="bbox 2165 2158 3766 2235">
    <p class='ocr_par' dir='ltr' id='par_1_46' title="bbox 2165 2158 3766 2235">
     <span class='ocr_line' id='line_1_46' title="bbox 2165 2158 3766 2235; baseline 0.001 -22"><span class='ocrx_word' id='word_1_326' title='bbox 2165 2161 2262 2232; x_wconf 80' lang='grc' dir='ltr'>τῆς</span> <span class='ocrx_word' id='word_1_327' title='bbox 2291 2160 2512 2214; x_wconf 80' lang='grc' dir='ltr'>αἰωνίου</span> <span class='ocrx_word' id='word_1_328' title='bbox 2540 2160 2684 2233; x_wconf 78' lang='grc' dir='ltr'>ζωῆς</span> <span class='ocrx_word' id='word_1_329' title='bbox 2726 2160 3130 2232; x_wconf 79' lang='grc' dir='ltr'>ἀπολαύσωμεν</span> <span class='ocrx_word' id='word_1_330' title='bbox 3148 2177 3165 2193; x_wconf 76' lang='grc' dir='ltr'><strong><em>ο</em></strong></span> <span class='ocrx_word' id='word_1_331' title='bbox 3193 2158 3261 2235; x_wconf 76' lang='grc' dir='ltr'>ἧς</span> <span class='ocrx_word' id='word_1_332' title='bbox 3293 2161 3512 2230; x_wconf 89' lang='grc' dir='ltr'>γένοιτο</span> <span class='ocrx_word' id='word_1_333' title='bbox 3547 2162 3766 2227; x_wconf 81' lang='grc' dir='ltr'>πάντας</span> 
     </span>
    </p>
   </div>
   <div class='ocr_carea' id='block_1_47' title="bbox 2165 2252 3766 2328">
    <p class='ocr_par' dir='ltr' id='par_1_47' title="bbox 2165 2252 3766 2328">
     <span class='ocr_line' id='line_1_47' title="bbox 2165 2252 3766 2328; baseline 0.002 -21"><span class='ocrx_word' id='word_1_334' title='bbox 2165 2254 2314 2324; x_wconf 78' lang='grc' dir='ltr'>ἡμᾶς</span> <span class='ocrx_word' id='word_1_335' title='bbox 2334 2254 2631 2323; x_wconf 76' lang='grc' dir='ltr'>ἐπιτυχεῖν,</span> <span class='ocrx_word' id='word_1_336' title='bbox 2672 2252 2857 2324; x_wconf 85' lang='grc' dir='ltr'>χάριτι</span> <span class='ocrx_word' id='word_1_337' title='bbox 2882 2253 2978 2307; x_wconf 77' lang='grc' dir='ltr'>καὶ</span> <span class='ocrx_word' id='word_1_338' title='bbox 3004 2252 3386 2325; x_wconf 73' lang='grc' dir='ltr'>φιλανθρωπίᾳ</span> <span class='ocrx_word' id='word_1_339' title='bbox 3416 2253 3514 2308; x_wconf 89' lang='grc' dir='ltr'>τοῦ</span> <span class='ocrx_word' id='word_1_340' title='bbox 3544 2256 3766 2328; x_wconf 77' lang='grc' dir='ltr'>Κυρίου</span> 
     </span>
    </p>
   </div>
   <div class='ocr_carea' id='block_1_48' title="bbox 2164 2341 3765 2420">
    <p class='ocr_par' dir='ltr' id='par_1_48' title="bbox 2164 2341 3765 2420">
     <span class='ocr_line' id='line_1_48' title="bbox 2164 2341 3765 2420; baseline 0.002 -22"><span class='ocrx_word' id='word_1_341' title='bbox 2164 2343 2323 2416; x_wconf 77' lang='grc' dir='ltr'>ἡμῶν</span> <span class='ocrx_word' id='word_1_342' title='bbox 2368 2345 2549 2417; x_wconf 55' lang='grc' dir='ltr'>Ἰησοῦ,</span> <span class='ocrx_word' id='word_1_343' title='bbox 2575 2345 2837 2417; x_wconf 81' lang='grc' dir='ltr'>Χριστοῦ,</span> <span class='ocrx_word' id='word_1_344' title='bbox 2861 2345 2980 2415; x_wconf 86' lang='grc' dir='ltr'>μεθ’</span> <span class='ocrx_word' id='word_1_345' title='bbox 3003 2341 3064 2401; x_wconf 74' lang='grc' dir='ltr'>οὗ</span> <span class='ocrx_word' id='word_1_346' title='bbox 3092 2346 3171 2418; x_wconf 88' lang='grc' dir='ltr'>τῷ</span> <span class='ocrx_word' id='word_1_347' title='bbox 3198 2346 3375 2418; x_wconf 70' lang='grc' dir='ltr'>Πατρὶ</span> <span class='ocrx_word' id='word_1_348' title='bbox 3399 2348 3497 2401; x_wconf 83' lang='grc' dir='ltr'>σὺν</span> <span class='ocrx_word' id='word_1_349' title='bbox 3510 2348 3591 2419; x_wconf 87' lang='grc' dir='ltr'>τῷ</span> <span class='ocrx_word' id='word_1_350' title='bbox 3611 2348 3765 2420; x_wconf 78' lang='grc' dir='ltr'>ἀγίῳ</span> 
     </span>
    </p>
   </div>
   <div class='ocr_carea' id='block_1_49' title="bbox 2164 2437 3762 2510">
    <p class='ocr_par' dir='ltr' id='par_1_49' title="bbox 2164 2437 3762 2510">
     <span class='ocr_line' id='line_1_49' title="bbox 2164 2437 3762 2510; baseline 0.003 -20"><span class='ocrx_word' id='word_1_351' title='bbox 2164 2437 2439 2508; x_wconf 85' lang='grc' dir='ltr'>Πνεύματι</span> <span class='ocrx_word' id='word_1_352' title='bbox 2476 2437 2625 2504; x_wconf 80' lang='grc' dir='ltr'>δόξα,</span> <span class='ocrx_word' id='word_1_353' title='bbox 2662 2437 2886 2509; x_wconf 89' lang='grc' dir='ltr'>κράτος,</span> <span class='ocrx_word' id='word_1_354' title='bbox 2921 2439 3078 2510; x_wconf 86' lang='grc' dir='ltr'>τιμὴ,</span> <span class='ocrx_word' id='word_1_355' title='bbox 3111 2438 3207 2492; x_wconf 87' lang='grc' dir='ltr'>νῦν</span> <span class='ocrx_word' id='word_1_356' title='bbox 3253 2438 3348 2493; x_wconf 76' lang='grc' dir='ltr'>καὶ</span> <span class='ocrx_word' id='word_1_357' title='bbox 3378 2438 3489 2504; x_wconf 78' lang='grc' dir='ltr'>ἀεὶ,</span> <span class='ocrx_word' id='word_1_358' title='bbox 3530 2440 3627 2495; x_wconf 75' lang='grc' dir='ltr'>καὶ</span> <span class='ocrx_word' id='word_1_359' title='bbox 3675 2442 3762 2504; x_wconf 85' lang='grc' dir='ltr'>είς</span> 
     </span>
    </p>
   </div>
   <div class='ocr_carea' id='block_1_50' title="bbox 2163 2527 3563 2602">
    <p class='ocr_par' dir='ltr' id='par_1_50' title="bbox 2163 2527 3563 2602">
     <span class='ocr_line' id='line_1_50' title="bbox 2163 2527 3563 2602; baseline 0.002 -17"><span class='ocrx_word' id='word_1_360' title='bbox 2163 2529 2291 2594; x_wconf 77' lang='grc' dir='ltr'>τοὺς</span> <span class='ocrx_word' id='word_1_361' title='bbox 2316 2528 2520 2594; x_wconf 84' lang='grc' dir='ltr'>αἰῶνας</span> <span class='ocrx_word' id='word_1_362' title='bbox 2548 2527 2657 2584; x_wconf 88' lang='grc' dir='ltr'>τῶν</span> <span class='ocrx_word' id='word_1_363' title='bbox 2683 2527 2918 2585; x_wconf 79' lang='grc' dir='ltr'>αἰώνων.</span> <span class='ocrx_word' id='word_1_364' title='bbox 2937 2530 3132 2602; x_wconf 76' lang='grc' dir='ltr'>Ἀμην.</span> <span class='ocrx_word' id='word_1_365' title='bbox 3555 2557 3563 2564; x_wconf 83' lang='grc'><strong>-</strong></span> 
     </span>
    </p>
   </div>
   <div class='ocr_carea' id='block_1_51' title="bbox 2764 2794 3731 2809">
    <p class='ocr_par' dir='ltr' id='par_1_51' title="bbox 2764 2794 3731 2809">
     <span class='ocr_line' id='line_1_51' title="bbox 2764 2794 3731 2809; baseline 0.009 -10"><span class='ocrx_word' id='word_1_366' title='bbox 2764 2794 3002 2803; x_wconf 50' lang='grc' dir='ltr'>Μ-..</span> <span class='ocrx_word' id='word_1_367' title='bbox 3022 2798 3058 2803; x_wconf 47' lang='grc' dir='ltr'>ι-</span> <span class='ocrx_word' id='word_1_368' title='bbox 3125 2794 3731 2809; x_wconf 41' lang='grc' dir='ltr'>κ..ῇῂ</span> 
     </span>
    </p>
   </div>
   <div class='ocr_carea' id='block_1_52' title="bbox 2634 2807 3005 2820">
    <p class='ocr_par' dir='ltr' id='par_1_52' title="bbox 2634 2807 3005 2820">
     <span class='ocr_line' id='line_1_52' title="bbox 2634 2807 3005 2820; baseline 0.005 -3"><span class='ocrx_word' id='word_1_369' title='bbox 2634 2807 3005 2820; x_wconf 54' lang='grc' dir='ltr'>-υ-α--σ-η.</span> 
     </span>
    </p>
   </div>
   <div class='ocr_carea' id='block_1_53' title="bbox 1933 3003 2283 3068">
    <p class='ocr_par' dir='ltr' id='par_1_53' title="bbox 1933 3003 2283 3068">
     <span class='ocr_line' id='line_1_53' title="bbox 1933 3003 2283 3068; baseline 0.009 -3"><span class='ocrx_word' id='word_1_370' title='bbox 1933 3003 2283 3068; x_wconf 83' lang='lat' dir='ltr'>MONlTUM</span> 
     </span>
    </p>
   </div>
   <div class='ocr_carea' id='block_1_54' title="bbox 557 3204 3727 3297">
    <p class='ocr_par' dir='ltr' id='par_1_54' title="bbox 557 3204 3727 3297">
     <span class='ocr_line' id='line_1_54' title="bbox 557 3204 3727 3297; baseline 0.007 -38"><span class='ocrx_word' id='word_1_371' title='bbox 557 3204 705 3260; x_wconf 78' lang='lat' dir='ltr'><strong>Nihil</strong></span> <span class='ocrx_word' id='word_1_372' title='bbox 734 3206 802 3262; x_wconf 81' lang='lat' dir='ltr'>de</span> <span class='ocrx_word' id='word_1_373' title='bbox 825 3210 1065 3279; x_wconf 80' lang='lat' dir='ltr'><strong>tempore</strong></span> <span class='ocrx_word' id='word_1_374' title='bbox 1095 3211 1175 3265; x_wconf 75' lang='lat' dir='ltr'><strong>vel</strong></span> <span class='ocrx_word' id='word_1_375' title='bbox 1199 3211 1269 3266; x_wconf 86' lang='lat' dir='ltr'>de</span> <span class='ocrx_word' id='word_1_376' title='bbox 1292 3218 1439 3267; x_wconf 77' lang='lat' dir='ltr'><strong>anno</strong></span> <span class='ocrx_word' id='word_1_377' title='bbox 1469 3212 1633 3283; x_wconf 84' lang='lat' dir='ltr'>hujus</span> <span class='ocrx_word' id='word_1_378' title='bbox 1673 3214 1868 3270; x_wconf 74' lang='lat' dir='ltr'><strong>habita:</strong></span> <span class='ocrx_word' id='word_1_379' title='bbox 1914 3216 2197 3274; x_wconf 85' lang='lat' dir='ltr'><strong>concionis</strong></span> <span class='ocrx_word' id='word_1_380' title='bbox 2239 3217 2530 3274; x_wconf 85' lang='lat' dir='ltr'><strong>dicendum</strong></span> <span class='ocrx_word' id='word_1_381' title='bbox 2574 3221 2846 3277; x_wconf 84' lang='lat' dir='ltr'><strong>succurrit</strong></span> <span class='ocrx_word' id='word_1_382' title='bbox 2876 3241 2891 3277; x_wconf 89' lang='lat'><strong>:</strong></span> <span class='ocrx_word' id='word_1_383' title='bbox 2927 3221 3072 3282; x_wconf 54' lang='lat' dir='ltr'><strong>nihil,</strong></span> <span class='ocrx_word' id='word_1_384' title='bbox 3114 3221 3255 3293; x_wconf 69' lang='lat' dir='ltr'><strong>signi</strong></span> <span class='ocrx_word' id='word_1_385' title='bbox 3302 3225 3566 3295; x_wconf 82' lang='lat' dir='ltr'><strong>suppetit,</strong></span> <span class='ocrx_word' id='word_1_386' title='bbox 3613 3241 3727 3297; x_wconf 82' lang='lat' dir='ltr'>quo</span> 
     </span>
    </p>
   </div>
   <div class='ocr_carea' id='block_1_55' title="bbox 484 3316 3721 3408">
    <p class='ocr_par' dir='ltr' id='par_1_55' title="bbox 484 3316 3721 3408">
     <span class='ocr_line' id='line_1_55' title="bbox 484 3316 3721 3408; baseline 0.008 -39"><span class='ocrx_word' id='word_1_387' title='bbox 484 3330 605 3370; x_wconf 84' lang='lat' dir='ltr'>eam</span> <span class='ocrx_word' id='word_1_388' title='bbox 634 3316 718 3372; x_wconf 80' lang='lat' dir='ltr'>vel</span> <span class='ocrx_word' id='word_1_389' title='bbox 748 3318 1052 3375; x_wconf 65' lang='lat' dir='ltr'><strong>Antiochiae</strong></span> <span class='ocrx_word' id='word_1_390' title='bbox 1071 3321 1152 3377; x_wconf 85' lang='lat' dir='ltr'>vel</span> <span class='ocrx_word' id='word_1_391' title='bbox 1179 3321 1649 3395; x_wconf 82' lang='lat' dir='ltr'><strong>Constantinopoli</strong></span> <span class='ocrx_word' id='word_1_392' title='bbox 1680 3325 1880 3383; x_wconf 84' lang='lat' dir='ltr'><strong>dictam</strong></span> <span class='ocrx_word' id='word_1_393' title='bbox 1904 3327 2363 3388; x_wconf 82' lang='lat' dir='ltr'><strong>internoseamus.</strong></span> <span class='ocrx_word' id='word_1_394' title='bbox 2392 3332 2507 3389; x_wconf 85' lang='lat' dir='ltr'>Hoc</span> <span class='ocrx_word' id='word_1_395' title='bbox 2532 3348 2702 3389; x_wconf 86' lang='lat' dir='ltr'><strong>unum</strong></span> <span class='ocrx_word' id='word_1_396' title='bbox 2724 3343 2875 3391; x_wconf 83' lang='lat' dir='ltr'><strong>certo</strong></span> <span class='ocrx_word' id='word_1_397' title='bbox 2903 3349 2960 3391; x_wconf 80' lang='lat' dir='ltr'>et</span> <span class='ocrx_word' id='word_1_398' title='bbox 2989 3335 3292 3401; x_wconf 76' lang='grc' dir='ltr'>ἀκινδύνως</span> <span class='ocrx_word' id='word_1_399' title='bbox 3316 3336 3500 3393; x_wconf 78' lang='lat' dir='ltr'>dicere</span> <span class='ocrx_word' id='word_1_400' title='bbox 3527 3354 3721 3408; x_wconf 77' lang='lat' dir='ltr'><strong>possu-</strong></span> 
     </span>
    </p>
   </div>
   <div class='ocr_carea' id='block_1_56' title="bbox 483 3434 3720 3520">
    <p class='ocr_par' dir='ltr' id='par_1_56' title="bbox 483 3434 3720 3520">
     <span class='ocr_line' id='line_1_56' title="bbox 483 3434 3720 3520; baseline 0.006 -33"><span class='ocrx_word' id='word_1_401' title='bbox 483 3448 630 3497; x_wconf 86' lang='lat' dir='ltr'><strong>mus,</strong></span> <span class='ocrx_word' id='word_1_402' title='bbox 656 3449 778 3491; x_wconf 86' lang='lat' dir='ltr'><strong>esse</strong></span> <span class='ocrx_word' id='word_1_403' title='bbox 812 3434 959 3491; x_wconf 85' lang='lat' dir='ltr'><strong>illam</strong></span> <span class='ocrx_word' id='word_1_404' title='bbox 985 3437 1275 3507; x_wconf 76' lang='lat' dir='ltr'><strong>genuinam</strong></span> <span class='ocrx_word' id='word_1_405' title='bbox 1304 3450 1358 3495; x_wconf 83' lang='lat' dir='ltr'>et</span> <span class='ocrx_word' id='word_1_406' title='bbox 1383 3440 1775 3515; x_wconf 83' lang='lat' dir='ltr'><strong>Cbrysostomo</strong></span> <span class='ocrx_word' id='word_1_407' title='bbox 1805 3442 2207 3514; x_wconf 75' lang='lat' dir='ltr'><strong>dignissimam.</strong></span> <span class='ocrx_word' id='word_1_408' title='bbox 2239 3442 2339 3502; x_wconf 82' lang='lat' dir='ltr'><strong>llic</strong></span> <span class='ocrx_word' id='word_1_409' title='bbox 2373 3443 2717 3517; x_wconf 62' lang='lat' dir='ltr'><strong>[impositum</strong></span> <span class='ocrx_word' id='word_1_410' title='bbox 2749 3447 3028 3504; x_wconf 82' lang='lat' dir='ltr'><strong>cernimus</strong></span> <span class='ocrx_word' id='word_1_411' title='bbox 3056 3458 3440 3520; x_wconf 82' lang='lat' dir='ltr'><strong>argumentum</strong></span> <span class='ocrx_word' id='word_1_412' title='bbox 3470 3466 3501 3504; x_wconf 88' lang='lat' dir='ltr'><strong>a</strong></span> <span class='ocrx_word' id='word_1_413' title='bbox 3533 3448 3596 3505; x_wconf 89' lang='lat' dir='ltr'>S.</span> <span class='ocrx_word' id='word_1_414' title='bbox 3619 3450 3720 3505; x_wconf 79' lang='lat' dir='ltr'><strong>do-</strong></span> 
     </span>
    </p>
   </div>
   <div class='ocr_carea' id='block_1_57' title="bbox 483 3594 994 3635">
    <p class='ocr_par' dir='ltr' id='par_1_57' title="bbox 483 3594 994 3635">
     <span class='ocr_line' id='line_1_57' title="bbox 483 3594 994 3635; baseline -0.004 0"><span class='ocrx_word' id='word_1_415' title='bbox 483 3594 994 3635; x_wconf 73' lang='grc' dir='ltr'>.-.--...Δ.-.--....-.</span> 
     </span>
    </p>
   </div>
   <div class='ocr_carea' id='block_1_58' title="bbox 1381 3626 1854 3637">
    <p class='ocr_par' dir='ltr' id='par_1_58' title="bbox 1381 3626 1854 3637">
     <span class='ocr_line' id='line_1_58' title="bbox 1381 3626 1854 3637; baseline 0.004 -2"><span class='ocrx_word' id='word_1_416' title='bbox 1381 3626 1854 3637; x_wconf 74' lang='lat'>__—_—_—___—_</span> 
     </span>
    </p>
   </div>
   <div class='ocr_carea' id='block_1_59' title="bbox 1001 3624 1379 3637">
    <p class='ocr_par' dir='ltr' id='par_1_59' title="bbox 1001 3624 1379 3637">
     <span class='ocr_line' id='line_1_59' title="bbox 1001 3624 1379 3637; baseline 0.003 -3"><span class='ocrx_word' id='word_1_417' title='bbox 1001 3624 1379 3637; x_wconf 65' lang='lat'>.—-————_-&#39;—</span> 
     </span>
    </p>
   </div>
   <div class='ocr_carea' id='block_1_60' title="bbox 1529 3771 2577 3875">
    <p class='ocr_par' dir='ltr' id='par_1_60' title="bbox 1529 3771 2577 3875">
     <span class='ocr_line' id='line_1_60' title="bbox 1529 3771 2577 3875; baseline 0.005 -5"><span class='ocrx_word' id='word_1_418' title='bbox 1529 3771 1680 3848; x_wconf 56' lang='lat'>[528]</span> <span class='ocrx_word' id='word_1_419' title='bbox 1719 3784 1893 3872; x_wconf 88' lang='grc' dir='ltr'>ΕΙΣ</span> <span class='ocrx_word' id='word_1_420' title='bbox 1946 3786 2175 3871; x_wconf 88' lang='grc' dir='ltr'>ΤοΝ</span> <span class='ocrx_word' id='word_1_421' title='bbox 2231 3782 2577 3875; x_wconf 86' lang='grc' dir='ltr'><strong>ΗΛΙΑΝ</strong></span> 
     </span>
    </p>
   </div>
   <div class='ocr_carea' id='block_1_61' title="bbox 1366 3966 2779 4043">
    <p class='ocr_par' dir='ltr' id='par_1_61' title="bbox 1366 3966 2779 4043">
     <span class='ocr_line' id='line_1_61' title="bbox 1366 3966 2779 4043; baseline 0.006 -21"><span class='ocrx_word' id='word_1_422' title='bbox 1366 3966 1476 4022; x_wconf 79' lang='lat' dir='ltr'>Kal</span> <span class='ocrx_word' id='word_1_423' title='bbox 1503 3969 1591 4037; x_wconf 76' lang='grc' dir='ltr'>εἰς</span> <span class='ocrx_word' id='word_1_424' title='bbox 1628 3966 1742 4037; x_wconf 82' lang='grc' dir='ltr'>τὴν</span> <span class='ocrx_word' id='word_1_425' title='bbox 1772 3968 1991 4038; x_wconf 78' lang='grc' dir='ltr'>χήραν,</span> <span class='ocrx_word' id='word_1_426' title='bbox 2035 3970 2135 4024; x_wconf 80' lang='grc' dir='ltr'>καὶ</span> <span class='ocrx_word' id='word_1_427' title='bbox 2173 3973 2305 4041; x_wconf 78' lang='grc' dir='ltr'>,περὶ</span> <span class='ocrx_word' id='word_1_428' title='bbox 2337 3973 2779 4043; x_wconf 70' lang='grc' dir='ltr'>ἑλεημοσύνης.</span> 
     </span>
    </p>
   </div>
   <div class='ocr_carea' id='block_1_62' title="bbox 534 4223 2054 4300">
    <p class='ocr_par' dir='ltr' id='par_1_62' title="bbox 534 4223 2054 4300">
     <span class='ocr_line' id='line_1_62' title="bbox 534 4223 2054 4300; baseline 0.004 -18"><span class='ocrx_word' id='word_1_429' title='bbox 534 4234 605 4283; x_wconf 83' lang='grc' dir='ltr'>α’.</span> <span class='ocrx_word' id='word_1_430' title='bbox 634 4227 726 4281; x_wconf 82' lang='grc' dir='ltr'>Ἐν</span> <span class='ocrx_word' id='word_1_431' title='bbox 752 4231 873 4291; x_wconf 86' lang='grc' dir='ltr'>ταῖς</span> <span class='ocrx_word' id='word_1_432' title='bbox 888 4227 1121 4299; x_wconf 79' lang='grc' dir='ltr'>ἡμέραις</span> <span class='ocrx_word' id='word_1_433' title='bbox 1148 4223 1237 4292; x_wconf 79' lang='grc' dir='ltr'>αἷς</span> <span class='ocrx_word' id='word_1_434' title='bbox 1258 4228 1621 4300; x_wconf 78' lang='grc' dir='ltr'>ἐνηστεύομεν</span> <span class='ocrx_word' id='word_1_435' title='bbox 1649 4231 1908 4297; x_wconf 79' lang='grc' dir='ltr'>ἅπαντες,</span> <span class='ocrx_word' id='word_1_436' title='bbox 1927 4235 2054 4299; x_wconf 80' lang='grc' dir='ltr'>τοὺς</span> 
     </span>
    </p>
   </div>
   <div class='ocr_carea' id='block_1_63' title="bbox 465 4309 2050 4386">
    <p class='ocr_par' dir='ltr' id='par_1_63' title="bbox 465 4309 2050 4386">
     <span class='ocr_line' id='line_1_63' title="bbox 465 4309 2050 4386; baseline 0.004 -23"><span class='ocrx_word' id='word_1_437' title='bbox 465 4312 597 4382; x_wconf 72' lang='grc' dir='ltr'>περὶ</span> <span class='ocrx_word' id='word_1_438' title='bbox 624 4311 725 4379; x_wconf 82' lang='grc' dir='ltr'>τῆς</span> <span class='ocrx_word' id='word_1_439' title='bbox 751 4309 1127 4380; x_wconf 83' lang='grc' dir='ltr'>ἐλεημοσύνης</span> <span class='ocrx_word' id='word_1_440' title='bbox 1153 4309 1412 4375; x_wconf 86' lang='grc' dir='ltr'>πολλάκις</span> <span class='ocrx_word' id='word_1_441' title='bbox 1439 4311 1695 4383; x_wconf 83' lang='grc' dir='ltr'>ἐλόμενος</span> <span class='ocrx_word' id='word_1_442' title='bbox 1714 4317 1932 4386; x_wconf 86' lang='grc' dir='ltr'>κινῆσαι</span> <span class='ocrx_word' id='word_1_443' title='bbox 1960 4316 2050 4371; x_wconf 85' lang='grc' dir='ltr'>λό-</span> 
     </span>
    </p>
   </div>
   <div class='ocr_carea' id='block_1_64' title="bbox 464 4391 2049 4471">
    <p class='ocr_par' dir='ltr' id='par_1_64' title="bbox 464 4391 2049 4471">
     <span class='ocr_line' id='line_1_64' title="bbox 464 4391 2049 4471; baseline 0.006 -28"><span class='ocrx_word' id='word_1_444' title='bbox 464 4409 631 4462; x_wconf 80' lang='grc' dir='ltr'>γους,</span> <span class='ocrx_word' id='word_1_445' title='bbox 673 4391 1042 4464; x_wconf 82' lang='grc' dir='ltr'>ἐξεκρουόμην</span> <span class='ocrx_word' id='word_1_446' title='bbox 1062 4435 1079 4456; x_wconf 94' lang='grc'>,</span> <span class='ocrx_word' id='word_1_447' title='bbox 1107 4394 1208 4465; x_wconf 83' lang='grc' dir='ltr'>τῆς</span> <span class='ocrx_word' id='word_1_448' title='bbox 1248 4395 1487 4465; x_wconf 77' lang='grc' dir='ltr'>ἑσπέρας</span> <span class='ocrx_word' id='word_1_449' title='bbox 1521 4396 2049 4471; x_wconf 89' lang='grc' dir='ltr'>καταλαμϐανούσης</span> 
     </span>
    </p>
   </div>
   <div class='ocr_carea' id='block_1_65' title="bbox 464 4474 2051 4551">
    <p class='ocr_par' dir='ltr' id='par_1_65' title="bbox 464 4474 2051 4551">
     <span class='ocr_line' id='line_1_65' title="bbox 464 4474 2051 4551; baseline 0.003 -20"><span class='ocrx_word' id='word_1_450' title='bbox 464 4477 560 4535; x_wconf 74' lang='grc' dir='ltr'>καὶ</span> <span class='ocrx_word' id='word_1_451' title='bbox 596 4474 691 4530; x_wconf 83' lang='grc' dir='ltr'>τοῦ</span> <span class='ocrx_word' id='word_1_452' title='bbox 723 4475 883 4546; x_wconf 81' lang='grc' dir='ltr'>λόγου</span> <span class='ocrx_word' id='word_1_453' title='bbox 915 4476 1317 4548; x_wconf 84' lang='grc' dir='ltr'>διακοπτούσης</span> <span class='ocrx_word' id='word_1_454' title='bbox 1345 4479 1476 4549; x_wconf 75' lang='grc' dir='ltr'>ἡμῖν</span> <span class='ocrx_word' id='word_1_455' title='bbox 1503 4477 1594 4533; x_wconf 82' lang='grc' dir='ltr'>τὸν</span> <span class='ocrx_word' id='word_1_456' title='bbox 1626 4479 1846 4551; x_wconf 88' lang='grc' dir='ltr'>δρόμον.</span> <span class='ocrx_word' id='word_1_457' title='bbox 1876 4481 2051 4536; x_wconf 88' lang='grc' dir='ltr'>Τοῦτο</span> 
     </span>
    </p>
   </div>
   <div class='ocr_carea' id='block_1_66' title="bbox 464 4559 2045 4635">
    <p class='ocr_par' dir='ltr' id='par_1_66' title="bbox 464 4559 2045 4635">
     <span class='ocr_line' id='line_1_66' title="bbox 464 4559 2045 4635; baseline 0.004 -23"><span class='ocrx_word' id='word_1_458' title='bbox 464 4559 523 4612; x_wconf 76' lang='grc' dir='ltr'>δε</span> <span class='ocrx_word' id='word_1_459' title='bbox 547 4559 784 4628; x_wconf 85' lang='grc' dir='ltr'>ἐγένετο,</span> <span class='ocrx_word' id='word_1_460' title='bbox 818 4560 916 4613; x_wconf 79' lang='grc' dir='ltr'>τοῦ</span> <span class='ocrx_word' id='word_1_461' title='bbox 950 4559 1085 4614; x_wconf 85' lang='grc' dir='ltr'>Θεοῦ</span> <span class='ocrx_word' id='word_1_462' title='bbox 1115 4561 1256 4632; x_wconf 84' lang='grc' dir='ltr'>τάχα</span> <span class='ocrx_word' id='word_1_463' title='bbox 1290 4561 1677 4633; x_wconf 81' lang='grc' dir='ltr'>συμφερόντως</span> <span class='ocrx_word' id='word_1_464' title='bbox 1703 4564 2045 4635; x_wconf 88' lang='grc' dir='ltr'>οἰκονομοῦν-</span> 
     </span>
    </p>
   </div>
   <div class='ocr_carea' id='block_1_67' title="bbox 463 4642 2046 4718">
    <p class='ocr_par' dir='ltr' id='par_1_67' title="bbox 463 4642 2046 4718">
     <span class='ocr_line' id='line_1_67' title="bbox 463 4642 2046 4718; baseline 0.005 -23"><span class='ocrx_word' id='word_1_465' title='bbox 463 4660 577 4707; x_wconf 88' lang='grc' dir='ltr'>τος,</span> <span class='ocrx_word' id='word_1_466' title='bbox 612 4643 707 4696; x_wconf 69' lang='grc' dir='ltr'>καὶ</span> <span class='ocrx_word' id='word_1_467' title='bbox 727 4643 863 4714; x_wconf 71' lang='grc' dir='ltr'>πρὸς</span> <span class='ocrx_word' id='word_1_468' title='bbox 890 4642 987 4714; x_wconf 80' lang='grc' dir='ltr'>τὴν</span> <span class='ocrx_word' id='word_1_469' title='bbox 1020 4644 1302 4715; x_wconf 85' lang='grc' dir='ltr'>παροῦσαν</span> <span class='ocrx_word' id='word_1_470' title='bbox 1325 4645 1543 4718; x_wconf 82' lang='grc' dir='ltr'>ἡμέραν</span> <span class='ocrx_word' id='word_1_471' title='bbox 1569 4646 1671 4717; x_wconf 70' lang='grc' dir='ltr'>τὴν</span> <span class='ocrx_word' id='word_1_472' title='bbox 1691 4649 1820 4718; x_wconf 80' lang='grc' dir='ltr'>περὶ</span> <span class='ocrx_word' id='word_1_473' title='bbox 1840 4648 2046 4704; x_wconf 88' lang='grc' dir='ltr'>τούτων</span> 
     </span>
    </p>
   </div>
   <div class='ocr_carea' id='block_1_68' title="bbox 461 4727 2046 4802">
    <p class='ocr_par' dir='ltr' id='par_1_68' title="bbox 461 4727 2046 4802">
     <span class='ocr_line' id='line_1_68' title="bbox 461 4727 2046 4802; baseline 0.003 -20"><span class='ocrx_word' id='word_1_474' title='bbox 461 4727 847 4799; x_wconf 86' lang='grc' dir='ltr'>ύπερτιθέντος</span> <span class='ocrx_word' id='word_1_475' title='bbox 872 4727 1191 4799; x_wconf 85' lang='grc' dir='ltr'>παραίνεσιν</span> <span class='ocrx_word' id='word_1_476' title='bbox 1207 4746 1219 4759; x_wconf 85' lang='grc'><strong>·</strong></span> <span class='ocrx_word' id='word_1_477' title='bbox 1245 4729 1332 4783; x_wconf 79' lang='grc' dir='ltr'>ἵνα</span> <span class='ocrx_word' id='word_1_478' title='bbox 1363 4730 1438 4800; x_wconf 83' lang='grc' dir='ltr'>μὴ</span> <span class='ocrx_word' id='word_1_479' title='bbox 1466 4729 1611 4785; x_wconf 86' lang='grc' dir='ltr'>κατά</span> <span class='ocrx_word' id='word_1_480' title='bbox 1629 4729 1726 4802; x_wconf 82' lang='grc' dir='ltr'>τὴν</span> <span class='ocrx_word' id='word_1_481' title='bbox 1749 4731 2046 4801; x_wconf 76' lang='grc' dir='ltr'>ἐκκλησίαν</span> 
     </span>
    </p>
   </div>
   <div class='ocr_carea' id='block_1_69' title="bbox 460 4811 2046 4887">
    <p class='ocr_par' dir='ltr' id='par_1_69' title="bbox 460 4811 2046 4887">
     <span class='ocr_line' id='line_1_69' title="bbox 460 4811 2046 4887; baseline 0.002 -21"><span class='ocrx_word' id='word_1_482' title='bbox 460 4812 806 4885; x_wconf 81' lang='grc' dir='ltr'>διῃρημένων</span> <span class='ocrx_word' id='word_1_483' title='bbox 840 4812 1013 4883; x_wconf 80' lang='grc' dir='ltr'>ὑμῶν,</span> <span class='ocrx_word' id='word_1_484' title='bbox 1056 4811 1228 4877; x_wconf 74' lang='grc' dir='ltr'>οὕτως</span> <span class='ocrx_word' id='word_1_485' title='bbox 1259 4814 1291 4885; x_wconf 78' lang='grc' dir='ltr'><strong>ἡ</strong></span> <span class='ocrx_word' id='word_1_486' title='bbox 1330 4812 1429 4885; x_wconf 85' lang='grc' dir='ltr'>τῆς</span> <span class='ocrx_word' id='word_1_487' title='bbox 1460 4813 1832 4886; x_wconf 82' lang='grc' dir='ltr'>ἐλεημοσύνης</span> <span class='ocrx_word' id='word_1_488' title='bbox 1860 4831 2046 4887; x_wconf 85' lang='grc' dir='ltr'>παρα-</span> 
     </span>
    </p>
   </div>
   <div class='ocr_carea' id='block_1_70' title="bbox 457 4895 2045 4969">
    <p class='ocr_par' dir='ltr' id='par_1_70' title="bbox 457 4895 2045 4969">
     <span class='ocr_line' id='line_1_70' title="bbox 457 4895 2045 4969; baseline 0.003 -20"><span class='ocrx_word' id='word_1_489' title='bbox 457 4896 590 4967; x_wconf 81' lang='grc' dir='ltr'>τέθῃ</span> <span class='ocrx_word' id='word_1_490' title='bbox 631 4895 879 4968; x_wconf 80' lang='grc' dir='ltr'>τράπεζα</span> <span class='ocrx_word' id='word_1_491' title='bbox 931 4895 1203 4969; x_wconf 75' lang='grc' dir='ltr'>σήμερονσ</span> <span class='ocrx_word' id='word_1_492' title='bbox 1262 4897 1363 4950; x_wconf 82' lang='grc' dir='ltr'>οὐκ</span> <span class='ocrx_word' id='word_1_493' title='bbox 1419 4897 1607 4968; x_wconf 82' lang='grc' dir='ltr'>ἐπειδὴ</span> <span class='ocrx_word' id='word_1_494' title='bbox 1646 4897 1791 4968; x_wconf 84' lang='grc' dir='ltr'>μέγα</span> <span class='ocrx_word' id='word_1_495' title='bbox 1837 4917 1890 4953; x_wconf 86' lang='grc' dir='ltr'>τι</span> <span class='ocrx_word' id='word_1_496' title='bbox 1950 4900 2045 4953; x_wconf 78' lang='grc' dir='ltr'>καὶ</span> 
     </span>
    </p>
   </div>
   <div class='ocr_carea' id='block_1_71' title="bbox 458 4979 2041 5054">
    <p class='ocr_par' dir='ltr' id='par_1_71' title="bbox 458 4979 2041 5054">
     <span class='ocr_line' id='line_1_71' title="bbox 458 4979 2041 5054; baseline 0.004 -24"><span class='ocrx_word' id='word_1_497' title='bbox 458 4981 702 5046; x_wconf 86' lang='grc' dir='ltr'>γενναῖον</span> <span class='ocrx_word' id='word_1_498' title='bbox 745 4982 909 5051; x_wconf 80' lang='grc' dir='ltr'>ἡμεῖς</span> <span class='ocrx_word' id='word_1_499' title='bbox 956 4979 1153 5050; x_wconf 77' lang='grc' dir='ltr'>ἔχομεν</span> <span class='ocrx_word' id='word_1_500' title='bbox 1199 4980 1396 5044; x_wconf 79' lang='grc' dir='ltr'>εἰπεῖν,</span> <span class='ocrx_word' id='word_1_501' title='bbox 1429 4979 1544 5033; x_wconf 84' lang='grc' dir='ltr'>ἀλλ’</span> <span class='ocrx_word' id='word_1_502' title='bbox 1591 4981 1777 5050; x_wconf 84' lang='grc' dir='ltr'>ἐπειδὴ</span> <span class='ocrx_word' id='word_1_503' title='bbox 1830 4983 2041 5054; x_wconf 87' lang='grc' dir='ltr'>μεγάλη</span> 
     </span>
    </p>
   </div>
   <div class='ocr_carea' id='block_1_72' title="bbox 455 5062 2040 5140">
    <p class='ocr_par' dir='ltr' id='par_1_72' title="bbox 455 5062 2040 5140">
     <span class='ocr_line' id='line_1_72' title="bbox 455 5062 2040 5140; baseline 0.003 -24"><span class='ocrx_word' id='word_1_504' title='bbox 455 5062 550 5116; x_wconf 68' lang='grc' dir='ltr'>καὶ</span> <span class='ocrx_word' id='word_1_505' title='bbox 586 5064 814 5131; x_wconf 79' lang='grc' dir='ltr'>γενναία</span> <span class='ocrx_word' id='word_1_506' title='bbox 842 5064 941 5133; x_wconf 84' lang='grc' dir='ltr'>τῆς</span> <span class='ocrx_word' id='word_1_507' title='bbox 973 5063 1342 5136; x_wconf 85' lang='grc' dir='ltr'>ἐλεημοσύνης</span> <span class='ocrx_word' id='word_1_508' title='bbox 1369 5067 1404 5134; x_wconf 81' lang='grc' dir='ltr'><strong>ἡ</strong></span> <span class='ocrx_word' id='word_1_509' title='bbox 1436 5064 1684 5136; x_wconf 85' lang='grc' dir='ltr'>δύναμις.</span> <span class='ocrx_word' id='word_1_510' title='bbox 1725 5064 1901 5139; x_wconf 85' lang='grc' dir='ltr'>Πολλή</span> <span class='ocrx_word' id='word_1_511' title='bbox 1931 5067 2040 5140; x_wconf 83' lang='grc' dir='ltr'>γὰρ</span> 
     </span>
    </p>
   </div>
   <div class='ocr_carea' id='block_1_73' title="bbox 451 5144 2041 5219">
    <p class='ocr_par' dir='ltr' id='par_1_73' title="bbox 451 5144 2041 5219">
     <span class='ocr_line' id='line_1_73' title="bbox 451 5144 2041 5219; baseline 0.005 -21"><span class='ocrx_word' id='word_1_512' title='bbox 451 5144 548 5199; x_wconf 84' lang='grc' dir='ltr'>τοῦ</span> <span class='ocrx_word' id='word_1_513' title='bbox 579 5146 901 5217; x_wconf 88' lang='grc' dir='ltr'>πράγματος</span> <span class='ocrx_word' id='word_1_514' title='bbox 931 5148 966 5218; x_wconf 80' lang='grc' dir='ltr'>η</span> <span class='ocrx_word' id='word_1_515' title='bbox 993 5147 1274 5219; x_wconf 72' lang='grc' dir='ltr'>παρρησία</span> <span class='ocrx_word' id='word_1_516' title='bbox 1303 5148 1442 5219; x_wconf 81' lang='grc' dir='ltr'>πρὸς</span> <span class='ocrx_word' id='word_1_517' title='bbox 1480 5149 1572 5202; x_wconf 83' lang='grc' dir='ltr'>τὸν</span> <span class='ocrx_word' id='word_1_518' title='bbox 1614 5149 1780 5204; x_wconf 84' lang='grc' dir='ltr'>Θεόν·</span> <span class='ocrx_word' id='word_1_519' title='bbox 1815 5151 1909 5204; x_wconf 64' lang='grc' dir='ltr'>καὶ¹</span> <span class='ocrx_word' id='word_1_520' title='bbox 1949 5168 2041 5206; x_wconf 86' lang='grc' dir='ltr'>κα-</span> 
     </span>
    </p>
   </div>
   <div class='ocr_carea' id='block_1_74' title="bbox 451 5227 2034 5303">
    <p class='ocr_par' dir='ltr' id='par_1_74' title="bbox 451 5227 2034 5303">
     <span class='ocr_line' id='line_1_74' title="bbox 451 5227 2034 5303; baseline 0.004 -23"><span class='ocrx_word' id='word_1_521' title='bbox 451 5228 630 5299; x_wconf 79' lang='grc' dir='ltr'>θάπερ</span> <span class='ocrx_word' id='word_1_522' title='bbox 669 5246 754 5293; x_wconf 89' lang='grc' dir='ltr'>τις</span> <span class='ocrx_word' id='word_1_523' title='bbox 802 5227 1162 5300; x_wconf 82' lang='grc' dir='ltr'>βασιλεύουσα</span> <span class='ocrx_word' id='word_1_524' title='bbox 1213 5230 1311 5302; x_wconf 83' lang='grc' dir='ltr'>τῆς</span> <span class='ocrx_word' id='word_1_525' title='bbox 1356 5231 1479 5285; x_wconf 82' lang='grc' dir='ltr'>καθ’</span> <span class='ocrx_word' id='word_1_526' title='bbox 1534 5231 1684 5303; x_wconf 77' lang='grc' dir='ltr'>ἡμᾶς</span> <span class='ocrx_word' id='word_1_527' title='bbox 1740 5232 2034 5303; x_wconf 82' lang='grc' dir='ltr'>πολιτείας,</span> 
     </span>
    </p>
   </div>
   <div class='ocr_carea' id='block_1_75' title="bbox 451 5311 2036 5386">
    <p class='ocr_par' dir='ltr' id='par_1_75' title="bbox 451 5311 2036 5386">
     <span class='ocr_line' id='line_1_75' title="bbox 451 5311 2036 5386; baseline 0.005 -22"><span class='ocrx_word' id='word_1_528' title='bbox 451 5311 596 5366; x_wconf 77' lang='grc' dir='ltr'>οὕτω</span> <span class='ocrx_word' id='word_1_529' title='bbox 625 5315 766 5384; x_wconf 86' lang='grc' dir='ltr'>μετά</span> <span class='ocrx_word' id='word_1_530' title='bbox 797 5313 983 5379; x_wconf 86' lang='grc' dir='ltr'>ἀδείας</span> <span class='ocrx_word' id='word_1_531' title='bbox 1009 5313 1211 5386; x_wconf 81' lang='grc' dir='ltr'>πολλῆς</span> <span class='ocrx_word' id='word_1_532' title='bbox 1243 5314 1355 5368; x_wconf 88' lang='grc' dir='ltr'>τῶν</span> <span class='ocrx_word' id='word_1_533' title='bbox 1383 5315 1651 5386; x_wconf 78' lang='grc' dir='ltr'>οὐρανίων</span> <span class='ocrx_word' id='word_1_534' title='bbox 1674 5314 1883 5385; x_wconf 79' lang='grc' dir='ltr'>ἀψίδων</span> <span class='ocrx_word' id='word_1_535' title='bbox 1915 5320 2036 5372; x_wconf 85' lang='grc' dir='ltr'>ἐπι-</span> 
     </span>
    </p>
   </div>
   <div class='ocr_carea' id='block_1_76' title="bbox 450 5395 2033 5470">
    <p class='ocr_par' dir='ltr' id='par_1_76' title="bbox 450 5395 2033 5470">
     <span class='ocr_line' id='line_1_76' title="bbox 450 5395 2033 5470; baseline 0.004 -22"><span class='ocrx_word' id='word_1_536' title='bbox 450 5395 659 5451; x_wconf 80' lang='grc' dir='ltr'>ϐαίνειν</span> <span class='ocrx_word' id='word_1_537' title='bbox 687 5396 877 5454; x_wconf 72' lang='grc' dir='ltr'>είωθει</span> <span class='ocrx_word' id='word_1_538' title='bbox 910 5399 1004 5453; x_wconf 69' lang='grc' dir='ltr'>καὶ</span> <span class='ocrx_word' id='word_1_539' title='bbox 1036 5398 1095 5452; x_wconf 90' lang='grc' dir='ltr'>αἱ</span> <span class='ocrx_word' id='word_1_540' title='bbox 1122 5397 1220 5464; x_wconf 74' lang='grc' dir='ltr'>τὰς</span> <span class='ocrx_word' id='word_1_541' title='bbox 1248 5396 1422 5462; x_wconf 85' lang='grc' dir='ltr'>πύλας</span> <span class='ocrx_word' id='word_1_542' title='bbox 1458 5397 1566 5452; x_wconf 88' lang='grc' dir='ltr'>τῶν</span> <span class='ocrx_word' id='word_1_543' title='bbox 1588 5397 1834 5470; x_wconf 81' lang='grc' dir='ltr'>οὐρανῶν</span> <span class='ocrx_word' id='word_1_544' title='bbox 1873 5401 2033 5468; x_wconf 83' lang='grc' dir='ltr'>ἐγκε-</span> 
     </span>
    </p>
   </div>
   <div class='ocr_carea' id='block_1_77' title="bbox 448 5481 2033 5556">
    <p class='ocr_par' dir='ltr' id='par_1_77' title="bbox 448 5481 2033 5556">
     <span class='ocr_line' id='line_1_77' title="bbox 448 5481 2033 5556; baseline 0.004 -24"><span class='ocrx_word' id='word_1_545' title='bbox 448 5482 790 5552; x_wconf 79' lang='grc' dir='ltr'>χειρισμέναι</span> <span class='ocrx_word' id='word_1_546' title='bbox 817 5482 1078 5554; x_wconf 85' lang='grc' dir='ltr'>δυνάμεις</span> <span class='ocrx_word' id='word_1_547' title='bbox 1099 5523 1115 5549; x_wconf 95' lang='grc'>,</span> <span class='ocrx_word' id='word_1_548' title='bbox 1138 5484 1207 5536; x_wconf 84' lang='grc' dir='ltr'>ἂν</span> <span class='ocrx_word' id='word_1_549' title='bbox 1235 5483 1335 5556; x_wconf 79' lang='grc' dir='ltr'>μὲν</span> <span class='ocrx_word' id='word_1_550' title='bbox 1359 5482 1510 5537; x_wconf 75' lang='grc' dir='ltr'>ἴδωσι</span> <span class='ocrx_word' id='word_1_551' title='bbox 1534 5482 1633 5555; x_wconf 82' lang='grc' dir='ltr'>τὴν</span> <span class='ocrx_word' id='word_1_552' title='bbox 1658 5481 2033 5556; x_wconf 72' lang='grc' dir='ltr'>ἐλεημοσύνην</span> 
     </span>
    </p>
   </div>
   <div class='ocr_carea' id='block_1_78' title="bbox 447 5562 2031 5640">
    <p class='ocr_par' dir='ltr' id='par_1_78' title="bbox 447 5562 2031 5640">
     <span class='ocr_line' id='line_1_78' title="bbox 447 5562 2031 5640; baseline 0.006 -27"><span class='ocrx_word' id='word_1_553' title='bbox 447 5562 856 5629; x_wconf 75' lang='grc' dir='ltr'>ἐπιϐαίνουσαν,</span> <span class='ocrx_word' id='word_1_554' title='bbox 877 5566 1017 5637; x_wconf 87' lang='grc' dir='ltr'>μετά</span> <span class='ocrx_word' id='word_1_555' title='bbox 1039 5567 1240 5639; x_wconf 83' lang='grc' dir='ltr'>πολλῆς</span> <span class='ocrx_word' id='word_1_556' title='bbox 1268 5568 1366 5639; x_wconf 86' lang='grc' dir='ltr'>τῆς</span> <span class='ocrx_word' id='word_1_557' title='bbox 1390 5567 1557 5640; x_wconf 84' lang='grc' dir='ltr'>τιμῆς</span> <span class='ocrx_word' id='word_1_558' title='bbox 1577 5567 1673 5622; x_wconf 77' lang='grc' dir='ltr'>καὶ</span> <span class='ocrx_word' id='word_1_559' title='bbox 1693 5569 1815 5631; x_wconf 75' lang='grc' dir='ltr'>ταῖς</span> <span class='ocrx_word' id='word_1_560' title='bbox 1839 5567 2031 5632; x_wconf 81' lang='grc' dir='ltr'>ἄλλαις</span> 
     </span>
    </p>
   </div>
   <div class='ocr_carea' id='block_1_79' title="bbox 445 5642 2028 5722">
    <p class='ocr_par' dir='ltr' id='par_1_79' title="bbox 445 5642 2028 5722">
     <span class='ocr_line' id='line_1_79' title="bbox 445 5642 2028 5722; baseline 0.006 -25"><span class='ocrx_word' id='word_1_561' title='bbox 445 5642 516 5698; x_wconf 78' lang='grc' dir='ltr'>δι’</span> <span class='ocrx_word' id='word_1_562' title='bbox 543 5644 710 5717; x_wconf 81' lang='grc' dir='ltr'>αὐτὴν</span> <span class='ocrx_word' id='word_1_563' title='bbox 739 5648 839 5711; x_wconf 81' lang='grc' dir='ltr'>τὰς</span> <span class='ocrx_word' id='word_1_564' title='bbox 873 5649 1049 5714; x_wconf 80' lang='grc' dir='ltr'>πύλας</span> <span class='ocrx_word' id='word_1_565' title='bbox 1086 5650 1301 5716; x_wconf 86' lang='grc' dir='ltr'>ἐκείνας</span> <span class='ocrx_word' id='word_1_566' title='bbox 1332 5652 1640 5721; x_wconf 87' lang='grc' dir='ltr'>ἀνοίγουσιν</span> <span class='ocrx_word' id='word_1_567' title='bbox 1674 5650 1931 5722; x_wconf 87' lang='grc' dir='ltr'>ἀρεταῖς·</span> <span class='ocrx_word' id='word_1_568' title='bbox 1962 5651 2028 5707; x_wconf 79' lang='grc' dir='ltr'>ἂν</span> 
     </span>
    </p>
   </div>
   <div class='ocr_carea' id='block_1_80' title="bbox 445 5727 2024 5809">
    <p class='ocr_par' dir='ltr' id='par_1_80' title="bbox 445 5727 2024 5809">
     <span class='ocr_line' id='line_1_80' title="bbox 445 5727 2024 5809; baseline 0.006 -29"><span class='ocrx_word' id='word_1_569' title='bbox 445 5727 501 5781; x_wconf 75' lang='grc' dir='ltr'>δὲ</span> <span class='ocrx_word' id='word_1_570' title='bbox 547 5728 719 5799; x_wconf 75' lang='grc' dir='ltr'>χωρὶς</span> <span class='ocrx_word' id='word_1_571' title='bbox 766 5732 866 5800; x_wconf 74' lang='grc' dir='ltr'>τῆς</span> <span class='ocrx_word' id='word_1_572' title='bbox 913 5732 1286 5805; x_wconf 81' lang='grc' dir='ltr'>ἐλεημοσύνης</span> <span class='ocrx_word' id='word_1_573' title='bbox 1339 5735 1489 5790; x_wconf 75' lang='grc' dir='ltr'>ἴδωσι</span> <span class='ocrx_word' id='word_1_574' title='bbox 1547 5735 2024 5809; x_wconf 80' lang='grc' dir='ltr'>παραγενομένας,</span> 
     </span>
    </p>
   </div>
   <div class='ocr_carea' id='block_1_81' title="bbox 444 5809 2021 5884">
    <p class='ocr_par' dir='ltr' id='par_1_81' title="bbox 444 5809 2021 5884">
     <span class='ocr_line' id='line_1_81' title="bbox 444 5809 2021 5884; baseline 0.005 -19"><span class='ocrx_word' id='word_1_575' title='bbox 444 5809 791 5865; x_wconf 68' lang='grc' dir='ltr'>ἀποκλείουσι</span> <span class='ocrx_word' id='word_1_576' title='bbox 842 5814 936 5877; x_wconf 72' lang='grc' dir='ltr'>τὰς</span> <span class='ocrx_word' id='word_1_577' title='bbox 978 5813 1144 5884; x_wconf 72' lang='grc' dir='ltr'>θύρας</span> <span class='ocrx_word' id='word_1_578' title='bbox 1199 5817 1409 5881; x_wconf 75' lang='grc' dir='ltr'>αὑταῖς.</span> <span class='ocrx_word' id='word_1_579' title='bbox 1454 5818 1567 5873; x_wconf 73' lang='grc' dir='ltr'>Καὶ</span> <span class='ocrx_word' id='word_1_580' title='bbox 1610 5817 1766 5871; x_wconf 78' lang='grc' dir='ltr'>τοῦτο</span> <span class='ocrx_word' id='word_1_581' title='bbox 1808 5820 1871 5870; x_wconf 81' lang='grc' dir='ltr'>ἐκ</span> <span class='ocrx_word' id='word_1_582' title='bbox 1918 5818 2021 5873; x_wconf 87' lang='grc' dir='ltr'>τῶν</span> 
     </span>
    </p>
   </div>
   <div class='ocr_carea' id='block_1_82' title="bbox 2162 4236 3743 4322">
    <p class='ocr_par' dir='ltr' id='par_1_82' title="bbox 2162 4236 3743 4322">
     <span class='ocr_line' id='line_1_82' title="bbox 2162 4236 3743 4322; baseline 0.008 -32"><span class='ocrx_word' id='word_1_583' title='bbox 2162 4236 2445 4310; x_wconf 84' lang='grc' dir='ltr'>παρθένων</span> <span class='ocrx_word' id='word_1_584' title='bbox 2495 4238 2654 4309; x_wconf 79' lang='grc' dir='ltr'>δῆλον</span> <span class='ocrx_word' id='word_1_585' title='bbox 2714 4238 2961 4306; x_wconf 81' lang='grc' dir='ltr'>ἐκείνων,</span> <span class='ocrx_word' id='word_1_586' title='bbox 3008 4243 3063 4296; x_wconf 83' lang='grc' dir='ltr'>αἶ</span> <span class='ocrx_word' id='word_1_587' title='bbox 3107 4243 3194 4297; x_wconf 89' lang='grc' dir='ltr'>διά</span> <span class='ocrx_word' id='word_1_588' title='bbox 3230 4243 3390 4299; x_wconf 86' lang='grc' dir='ltr'>τοῦτο</span> <span class='ocrx_word' id='word_1_589' title='bbox 3442 4246 3544 4317; x_wconf 82' lang='grc' dir='ltr'>τῆς</span> <span class='ocrx_word' id='word_1_590' title='bbox 3591 4250 3743 4322; x_wconf 78' lang='grc' dir='ltr'>ἱερᾶς</span> 
     </span>
    </p>
   </div>
   <div class='ocr_carea' id='block_1_83' title="bbox 2161 4321 3738 4398">
    <p class='ocr_par' dir='ltr' id='par_1_83' title="bbox 2161 4321 3738 4398">
     <span class='ocr_line' id='line_1_83' title="bbox 2161 4321 3738 4398; baseline 0.008 -23"><span class='ocrx_word' id='word_1_591' title='bbox 2161 4321 2432 4385; x_wconf 86' lang='grc' dir='ltr'>παστάδος</span> <span class='ocrx_word' id='word_1_592' title='bbox 2473 4322 2912 4393; x_wconf 81' lang='grc' dir='ltr'>ἀπεκλείσθησαν</span> <span class='ocrx_word' id='word_1_593' title='bbox 2933 4364 2947 4390; x_wconf 92' lang='grc'>,</span> <span class='ocrx_word' id='word_1_594' title='bbox 2977 4325 3164 4397; x_wconf 85' lang='grc' dir='ltr'>ἐπειδὴ</span> <span class='ocrx_word' id='word_1_595' title='bbox 3199 4325 3448 4398; x_wconf 79' lang='grc' dir='ltr'>διηνεκὲς</span> <span class='ocrx_word' id='word_1_596' title='bbox 3474 4321 3655 4386; x_wconf 70' lang='grc' dir='ltr'>ἔλαιον</span> <span class='ocrx_word' id='word_1_597' title='bbox 3685 4337 3738 4387; x_wconf 79' lang='grc' dir='ltr'>ἐν</span> 
     </span>
    </p>
   </div>
   <div class='ocr_carea' id='block_1_84' title="bbox 2154 4403 3735 4487">
    <p class='ocr_par' dir='ltr' id='par_1_84' title="bbox 2154 4403 3735 4487">
     <span class='ocr_line' id='line_1_84' title="bbox 2154 4403 3735 4487; baseline 0.009 -30"><span class='ocrx_word' id='word_1_598' title='bbox 2154 4407 2277 4468; x_wconf 83' lang='grc' dir='ltr'>ταῖς</span> <span class='ocrx_word' id='word_1_599' title='bbox 2314 4403 2595 4471; x_wconf 86' lang='grc' dir='ltr'>λαμπάσιν</span> <span class='ocrx_word' id='word_1_600' title='bbox 2623 4407 2725 4460; x_wconf 83' lang='grc' dir='ltr'>οῦκ</span> <span class='ocrx_word' id='word_1_601' title='bbox 2752 4403 2919 4478; x_wconf 77' lang='grc' dir='ltr'>εἶχον.</span> <span class='ocrx_word' id='word_1_602' title='bbox 2957 4410 3068 4464; x_wconf 80' lang='grc' dir='ltr'>Καὶ</span> <span class='ocrx_word' id='word_1_603' title='bbox 3116 4412 3309 4466; x_wconf 88' lang='grc' dir='ltr'>σκόπει</span> <span class='ocrx_word' id='word_1_604' title='bbox 3355 4431 3446 4484; x_wconf 89' lang='grc' dir='ltr'>μοι</span> <span class='ocrx_word' id='word_1_605' title='bbox 3488 4415 3591 4487; x_wconf 78' lang='grc' dir='ltr'>τὴν</span> <span class='ocrx_word' id='word_1_606' title='bbox 3627 4417 3735 4472; x_wconf 87' lang='grc' dir='ltr'>δια-</span> 
     </span>
    </p>
   </div>
   <div class='ocr_carea' id='block_1_85' title="bbox 2155 4487 3735 4571">
    <p class='ocr_par' dir='ltr' id='par_1_85' title="bbox 2155 4487 3735 4571">
     <span class='ocr_line' id='line_1_85' title="bbox 2155 4487 3735 4571; baseline 0.009 -31"><span class='ocrx_word' id='word_1_607' title='bbox 2155 4487 2349 4571; x_wconf 77' lang='grc' dir='ltr'>φοράν.</span> <span class='ocrx_word' id='word_1_608' title='bbox 2385 4487 2753 4559; x_wconf 86' lang='grc' dir='ltr'>Ἐλεημοσύνη</span> <span class='ocrx_word' id='word_1_609' title='bbox 2779 4492 2877 4561; x_wconf 81' lang='grc' dir='ltr'>μὲν</span> <span class='ocrx_word' id='word_1_610' title='bbox 2902 4493 3071 4564; x_wconf 77' lang='grc' dir='ltr'>χωρὶς</span> <span class='ocrx_word' id='word_1_611' title='bbox 3096 4494 3395 4565; x_wconf 85' lang='grc' dir='ltr'>παρθενίας</span> <span class='ocrx_word' id='word_1_612' title='bbox 3415 4499 3545 4563; x_wconf 77' lang='grc' dir='ltr'>τοὺς</span> <span class='ocrx_word' id='word_1_613' title='bbox 3569 4500 3735 4571; x_wconf 80' lang='grc' dir='ltr'>αὐτῆς</span> 
     </span>
    </p>
   </div>
   <div class='ocr_carea' id='block_1_86' title="bbox 2154 4569 3767 4652">
    <p class='ocr_par' dir='ltr' id='par_1_86' title="bbox 2154 4569 3767 4652">
     <span class='ocr_line' id='line_1_86' title="bbox 2154 4569 3767 4652; baseline 0.012 -31"><span class='ocrx_word' id='word_1_614' title='bbox 2154 4569 2453 4640; x_wconf 83' lang='grc' dir='ltr'>τροφίμους</span> <span class='ocrx_word' id='word_1_615' title='bbox 2496 4573 2577 4635; x_wconf 81' lang='grc' dir='ltr'>είς</span> <span class='ocrx_word' id='word_1_616' title='bbox 2622 4572 2718 4626; x_wconf 84' lang='grc' dir='ltr'>τὸν</span> <span class='ocrx_word' id='word_1_617' title='bbox 2765 4574 2994 4643; x_wconf 81' lang='grc' dir='ltr'>οὐρανὸν</span> <span class='ocrx_word' id='word_1_618' title='bbox 3038 4578 3338 4649; x_wconf 74' lang='grc' dir='ltr'>εἰσήγαγει</span> <span class='ocrx_word' id='word_1_619' title='bbox 3370 4579 3643 4652; x_wconf 85' lang='grc' dir='ltr'>παρθενία</span> <span class='ocrx_word' id='word_1_620' title='bbox 3683 4569 3767 4639; x_wconf 71' lang='grc' dir='ltr'>δι’</span> 
     </span>
    </p>
   </div>
   <div class='ocr_carea' id='block_1_87' title="bbox 2151 4654 3734 4738">
    <p class='ocr_par' dir='ltr' id='par_1_87' title="bbox 2151 4654 3734 4738">
     <span class='ocr_line' id='line_1_87' title="bbox 2151 4654 3734 4738; baseline 0.012 -34"><span class='ocrx_word' id='word_1_621' title='bbox 2151 4654 2322 4738; x_wconf 71' lang='grc' dir='ltr'>χωρὶς</span> <span class='ocrx_word' id='word_1_622' title='bbox 2345 4655 2717 4738; x_wconf 84' lang='grc' dir='ltr'>ἐλεημοσύνης</span> <span class='ocrx_word' id='word_1_623' title='bbox 2757 4659 2859 4713; x_wconf 83' lang='grc' dir='ltr'>οὐκ</span> <span class='ocrx_word' id='word_1_624' title='bbox 2893 4660 3130 4732; x_wconf 75' lang='grc' dir='ltr'>ἴσχυσεν.</span> <span class='ocrx_word' id='word_1_625' title='bbox 3177 4664 3333 4717; x_wconf 71' lang='grc' dir='ltr'>Ἐπεὶ</span> <span class='ocrx_word' id='word_1_626' title='bbox 3374 4661 3471 4720; x_wconf 82' lang='grc' dir='ltr'>οὖν</span> <span class='ocrx_word' id='word_1_627' title='bbox 3499 4668 3734 4738; x_wconf 75' lang='grc' dir='ltr'>τοσαύτη</span> 
     </span>
    </p>
   </div>
   <div class='ocr_carea' id='block_1_88' title="bbox 2148 4735 3735 4822">
    <p class='ocr_par' dir='ltr' id='par_1_88' title="bbox 2148 4735 3735 4822">
     <span class='ocr_line' id='line_1_88' title="bbox 2148 4735 3735 4822; baseline 0.011 -33"><span class='ocrx_word' id='word_1_628' title='bbox 2148 4735 2242 4822; x_wconf 82' lang='grc' dir='ltr'>τοῦ</span> <span class='ocrx_word' id='word_1_629' title='bbox 2275 4736 2602 4822; x_wconf 86' lang='grc' dir='ltr'>πράγματος</span> <span class='ocrx_word' id='word_1_630' title='bbox 2634 4740 2668 4811; x_wconf 80' lang='grc' dir='ltr'><strong>ἠ</strong></span> <span class='ocrx_word' id='word_1_631' title='bbox 2699 4739 2947 4812; x_wconf 83' lang='grc' dir='ltr'>δύναμις,</span> <span class='ocrx_word' id='word_1_632' title='bbox 2984 4744 3123 4814; x_wconf 89' lang='grc' dir='ltr'>μετά</span> <span class='ocrx_word' id='word_1_633' title='bbox 3151 4746 3335 4817; x_wconf 80' lang='grc' dir='ltr'>πάσης</span> <span class='ocrx_word' id='word_1_634' title='bbox 3364 4748 3605 4822; x_wconf 73' lang='grc' dir='ltr'>σπουδῆς</span> <span class='ocrx_word' id='word_1_635' title='bbox 3644 4735 3735 4809; x_wconf 64' lang='grc' dir='ltr'>καί</span> 
     </span>
    </p>
   </div>
   <div class='ocr_carea' id='block_1_89' title="bbox 2146 4820 3736 4898">
    <p class='ocr_par' dir='ltr' id='par_1_89' title="bbox 2146 4820 3736 4898">
     <span class='ocr_line' id='line_1_89' title="bbox 2146 4820 3736 4898; baseline 0.011 -27"><span class='ocrx_word' id='word_1_636' title='bbox 2146 4820 2271 4884; x_wconf 81' lang='grc' dir='ltr'>τοὺς</span> <span class='ocrx_word' id='word_1_637' title='bbox 2320 4821 2449 4888; x_wconf 78' lang='grc' dir='ltr'>περὶ</span> <span class='ocrx_word' id='word_1_638' title='bbox 2495 4822 2667 4892; x_wconf 83' lang='grc' dir='ltr'>αὐτῆς</span> <span class='ocrx_word' id='word_1_639' title='bbox 2715 4824 3002 4898; x_wconf 80' lang='grc' dir='ltr'>δεχώμεθα</span> <span class='ocrx_word' id='word_1_640' title='bbox 3054 4827 3271 4897; x_wconf 89' lang='grc' dir='ltr'>λόγους.</span> <span class='ocrx_word' id='word_1_641' title='bbox 3319 4820 3622 4888; x_wconf 54' lang='grc' dir='ltr'>Γένοιτοδ</span> <span class='ocrx_word' id='word_1_642' title='bbox 3672 4834 3736 4889; x_wconf 74' lang='grc' dir='ltr'>ἂν</span> 
     </span>
    </p>
   </div>
   <div class='ocr_carea' id='block_1_90' title="bbox 2145 4903 3731 4988">
    <p class='ocr_par' dir='ltr' id='par_1_90' title="bbox 2145 4903 3731 4988">
     <span class='ocr_line' id='line_1_90' title="bbox 2145 4903 3731 4988; baseline 0.011 -33"><span class='ocrx_word' id='word_1_643' title='bbox 2145 4903 2346 4975; x_wconf 86' lang='grc' dir='ltr'>ἀρίστη</span> <span class='ocrx_word' id='word_1_644' title='bbox 2388 4906 2481 4958; x_wconf 78' lang='grc' dir='ltr'>καὶ</span> <span class='ocrx_word' id='word_1_645' title='bbox 2514 4906 2777 4978; x_wconf 83' lang='grc' dir='ltr'>σύντομος</span> <span class='ocrx_word' id='word_1_646' title='bbox 2810 4912 2904 4965; x_wconf 87' lang='grc' dir='ltr'>τοῦ</span> <span class='ocrx_word' id='word_1_647' title='bbox 2946 4911 3273 4984; x_wconf 84' lang='grc' dir='ltr'>πράγματος</span> <span class='ocrx_word' id='word_1_648' title='bbox 3307 4917 3340 4986; x_wconf 78' lang='grc' dir='ltr'><strong>ἡ</strong></span> <span class='ocrx_word' id='word_1_649' title='bbox 3387 4919 3731 4988; x_wconf 86' lang='grc' dir='ltr'>παραίνεσις,</span> 
     </span>
    </p>
   </div>
   <div class='ocr_carea' id='block_1_91' title="bbox 2144 4988 3728 5074">
    <p class='ocr_par' dir='ltr' id='par_1_91' title="bbox 2144 4988 3728 5074">
     <span class='ocr_line' id='line_1_91' title="bbox 2144 4988 3728 5074; baseline 0.011 -34"><span class='ocrx_word' id='word_1_650' title='bbox 2144 4989 2203 5074; x_wconf 14' lang='grc' dir='ltr'>είᾲ</span> <span class='ocrx_word' id='word_1_651' title='bbox 2223 4988 2381 5074; x_wconf 15' lang='grc' dir='ltr'>πρδςᾷ</span> <span class='ocrx_word' id='word_1_652' title='bbox 2395 4989 2494 5061; x_wconf 83' lang='grc' dir='ltr'>τὴν</span> <span class='ocrx_word' id='word_1_653' title='bbox 2519 4991 2697 5074; x_wconf 81' lang='grc' dir='ltr'>χήραν</span> <span class='ocrx_word' id='word_1_654' title='bbox 2749 4994 2892 5063; x_wconf 84' lang='grc' dir='ltr'>ὑμᾶς</span> <span class='ocrx_word' id='word_1_655' title='bbox 2922 4994 3308 5069; x_wconf 84' lang='grc' dir='ltr'>ἀπαγάγοιμεν</span> <span class='ocrx_word' id='word_1_656' title='bbox 3342 4999 3443 5070; x_wconf 81' lang='grc' dir='ltr'>τὴν</span> <span class='ocrx_word' id='word_1_657' title='bbox 3475 5002 3535 5054; x_wconf 83' lang='grc' dir='ltr'>ἐν</span> <span class='ocrx_word' id='word_1_658' title='bbox 3562 5003 3728 5074; x_wconf 78' lang='grc' dir='ltr'>Σαρεο</span> 
     </span>
    </p>
   </div>
   <div class='ocr_carea' id='block_1_92' title="bbox 2143 5072 3727 5155">
    <p class='ocr_par' dir='ltr' id='par_1_92' title="bbox 2143 5072 3727 5155">
     <span class='ocr_line' id='line_1_92' title="bbox 2143 5072 3727 5155; baseline 0.009 -32"><span class='ocrx_word' id='word_1_659' title='bbox 2143 5072 2301 5155; x_wconf 3' lang='grc' dir='ltr'>φθοῖς,</span> <span class='ocrx_word' id='word_1_660' title='bbox 2322 5072 2424 5143; x_wconf 81' lang='grc' dir='ltr'>τῆς</span> <span class='ocrx_word' id='word_1_661' title='bbox 2458 5073 2708 5138; x_wconf 85' lang='grc' dir='ltr'>Σιδῶνος.</span> <span class='ocrx_word' id='word_1_662' title='bbox 2739 5075 2859 5130; x_wconf 88' lang='grc' dir='ltr'>Τῶν</span> <span class='ocrx_word' id='word_1_663' title='bbox 2887 5077 2997 5150; x_wconf 86' lang='grc' dir='ltr'>γάρ</span> <span class='ocrx_word' id='word_1_664' title='bbox 3032 5078 3211 5149; x_wconf 86' lang='grc' dir='ltr'>λόγοις</span> <span class='ocrx_word' id='word_1_665' title='bbox 3247 5072 3727 5155; x_wconf 80' lang='grc' dir='ltr'>συμϐουλευόντων</span> 
     </span>
    </p>
   </div>
   <div class='ocr_carea' id='block_1_93' title="bbox 2140 5154 3725 5239">
    <p class='ocr_par' dir='ltr' id='par_1_93' title="bbox 2140 5154 3725 5239">
     <span class='ocr_line' id='line_1_93' title="bbox 2140 5154 3725 5239; baseline 0.011 -33"><span class='ocrx_word' id='word_1_666' title='bbox 2140 5155 2189 5206; x_wconf 83' lang='grc' dir='ltr'>οἱ</span> <span class='ocrx_word' id='word_1_667' title='bbox 2230 5154 2320 5239; x_wconf 79' lang='grc' dir='ltr'>διά</span> <span class='ocrx_word' id='word_1_668' title='bbox 2363 5154 2472 5239; x_wconf 89' lang='grc' dir='ltr'>τῶν</span> <span class='ocrx_word' id='word_1_669' title='bbox 2510 5155 2686 5228; x_wconf 80' lang='grc' dir='ltr'>ἔργων</span> <span class='ocrx_word' id='word_1_670' title='bbox 2721 5160 3071 5228; x_wconf 84' lang='grc' dir='ltr'>παιδεύοντες</span> <span class='ocrx_word' id='word_1_671' title='bbox 3125 5162 3558 5239; x_wconf 82' lang='grc' dir='ltr'>ἀξιοπιστότεροι</span> <span class='ocrx_word' id='word_1_672' title='bbox 3592 5168 3725 5225; x_wconf 84' lang='grc' dir='ltr'>διδά·</span> 
     </span>
    </p>
   </div>
   <div class='ocr_carea' id='block_1_94' title="bbox 2141 5236 3723 5323">
    <p class='ocr_par' dir='ltr' id='par_1_94' title="bbox 2141 5236 3723 5323">
     <span class='ocr_line' id='line_1_94' title="bbox 2141 5236 3723 5323; baseline 0.011 -34"><span class='ocrx_word' id='word_1_673' title='bbox 2141 5236 2592 5323; x_wconf 81' lang='grc' dir='ltr'>σκαλοιγίνονται</span> <span class='ocrx_word' id='word_1_674' title='bbox 2614 5257 2628 5271; x_wconf 74' lang='grc' dir='ltr'><strong>ο</strong></span> <span class='ocrx_word' id='word_1_675' title='bbox 2658 5240 2739 5295; x_wconf 77' lang='grc' dir='ltr'>διὸ</span> <span class='ocrx_word' id='word_1_676' title='bbox 2766 5243 2861 5296; x_wconf 74' lang='grc' dir='ltr'>καὶ</span> <span class='ocrx_word' id='word_1_677' title='bbox 2893 5245 2926 5314; x_wconf 84' lang='grc' dir='ltr'>ἡ</span> <span class='ocrx_word' id='word_1_678' title='bbox 2951 5245 3095 5316; x_wconf 86' lang='grc' dir='ltr'>χήρα</span> <span class='ocrx_word' id='word_1_679' title='bbox 3119 5248 3317 5320; x_wconf 82' lang='grc' dir='ltr'>ἀρίστη</span> <span class='ocrx_word' id='word_1_680' title='bbox 3339 5248 3434 5304; x_wconf 81' lang='grc' dir='ltr'>τοῦ</span> <span class='ocrx_word' id='word_1_681' title='bbox 3464 5236 3723 5323; x_wconf 81' lang='grc' dir='ltr'>πράγμα-</span> 
     </span>
    </p>
   </div>
   <div class='ocr_carea' id='block_1_95' title="bbox 2137 5319 3724 5406">
    <p class='ocr_par' dir='ltr' id='par_1_95' title="bbox 2137 5319 3724 5406">
     <span class='ocr_line' id='line_1_95' title="bbox 2137 5319 3724 5406; baseline 0.01 -33"><span class='ocrx_word' id='word_1_682' title='bbox 2137 5338 2230 5406; x_wconf 82' lang='grc' dir='ltr'>τος</span> <span class='ocrx_word' id='word_1_683' title='bbox 2261 5319 2454 5406; x_wconf 81' lang='grc' dir='ltr'>τούτου</span> <span class='ocrx_word' id='word_1_684' title='bbox 2484 5322 2682 5389; x_wconf 83' lang='grc' dir='ltr'>γένοιτ’</span> <span class='ocrx_word' id='word_1_685' title='bbox 2722 5324 2788 5378; x_wconf 83' lang='grc' dir='ltr'>ἂν</span> <span class='ocrx_word' id='word_1_686' title='bbox 2819 5326 2953 5397; x_wconf 74' lang='grc' dir='ltr'>ἡμῖν</span> <span class='ocrx_word' id='word_1_687' title='bbox 2983 5319 3326 5394; x_wconf 79' lang='grc' dir='ltr'>διδάσκαλος.</span> <span class='ocrx_word' id='word_1_688' title='bbox 3381 5319 3575 5404; x_wconf 82' lang='grc' dir='ltr'>Ἡμεῖς</span> <span class='ocrx_word' id='word_1_689' title='bbox 3594 5319 3603 5321; x_wconf 17' lang='grc' dir='ltr'><strong>ἠ</strong></span> <span class='ocrx_word' id='word_1_690' title='bbox 3624 5319 3724 5406; x_wconf 79' lang='grc' dir='ltr'>μὲν</span> 
     </span>
    </p>
   </div>
   <div class='ocr_carea' id='block_1_96' title="bbox 2138 5402 3721 5490">
    <p class='ocr_par' dir='ltr' id='par_1_96' title="bbox 2138 5402 3721 5490">
     <span class='ocr_line' id='line_1_96' title="bbox 2138 5402 3721 5490; baseline 0.011 -36"><span class='ocrx_word' id='word_1_691' title='bbox 2138 5402 2245 5490; x_wconf 83' lang='grc' dir='ltr'>γὰρ</span> <span class='ocrx_word' id='word_1_692' title='bbox 2295 5403 2449 5490; x_wconf 15' lang='grc' dir='ltr'>λόγῳᾲ</span> <span class='ocrx_word' id='word_1_693' title='bbox 2476 5406 2882 5490; x_wconf 80' lang='grc' dir='ltr'>παραινοῦμεν·</span> <span class='ocrx_word' id='word_1_694' title='bbox 2920 5409 3103 5484; x_wconf 84' lang='grc' dir='ltr'>ἐκείνη</span> <span class='ocrx_word' id='word_1_695' title='bbox 3143 5413 3201 5467; x_wconf 87' lang='grc' dir='ltr'>δὲ</span> <span class='ocrx_word' id='word_1_696' title='bbox 3249 5413 3338 5468; x_wconf 84' lang='grc' dir='ltr'>διά</span> <span class='ocrx_word' id='word_1_697' title='bbox 3381 5402 3491 5468; x_wconf 87' lang='grc' dir='ltr'>τῶν</span> <span class='ocrx_word' id='word_1_698' title='bbox 3543 5402 3721 5490; x_wconf 79' lang='grc' dir='ltr'>ἔργων</span> 
     </span>
    </p>
   </div>
   <div class='ocr_carea' id='block_1_97' title="bbox 2135 5487 3717 5570">
    <p class='ocr_par' dir='ltr' id='par_1_97' title="bbox 2135 5487 3717 5570">
     <span class='ocr_line' id='line_1_97' title="bbox 2135 5487 3717 5570; baseline 0.01 -31"><span class='ocrx_word' id='word_1_699' title='bbox 2135 5487 2276 5558; x_wconf 74' lang='grc' dir='ltr'>ὑμᾶς</span> <span class='ocrx_word' id='word_1_700' title='bbox 2331 5488 2617 5543; x_wconf 88' lang='grc' dir='ltr'>παιδεῦσαι</span> <span class='ocrx_word' id='word_1_701' title='bbox 2662 5490 2972 5564; x_wconf 82' lang='grc' dir='ltr'>δυνήσεται,</span> <span class='ocrx_word' id='word_1_702' title='bbox 3020 5496 3120 5566; x_wconf 80' lang='grc' dir='ltr'>τὴν</span> <span class='ocrx_word' id='word_1_703' title='bbox 3168 5498 3474 5570; x_wconf 85' lang='grc' dir='ltr'>ὁμότροπον</span> <span class='ocrx_word' id='word_1_704' title='bbox 3518 5487 3717 5570; x_wconf 78' lang='grc' dir='ltr'>ἔχουσα</span> 
     </span>
    </p>
   </div>
   <div class='ocr_carea' id='block_1_98' title="bbox 2136 5570 3713 5652">
    <p class='ocr_par' dir='ltr' id='par_1_98' title="bbox 2136 5570 3713 5652">
     <span class='ocr_line' id='line_1_98' title="bbox 2136 5570 3713 5652; baseline 0.01 -31"><span class='ocrx_word' id='word_1_705' title='bbox 2136 5570 2256 5640; x_wconf 83' lang='grc' dir='ltr'>μεθ’</span> <span class='ocrx_word' id='word_1_706' title='bbox 2285 5571 2458 5642; x_wconf 78' lang='grc' dir='ltr'>αὐτῆς</span> <span class='ocrx_word' id='word_1_707' title='bbox 2493 5574 2953 5646; x_wconf 81' lang='grc' dir='ltr'>συνεζευγμένην.</span> <span class='ocrx_word' id='word_1_708' title='bbox 2999 5577 3103 5633; x_wconf 83' lang='grc' dir='ltr'>Δύο</span> <span class='ocrx_word' id='word_1_709' title='bbox 3140 5581 3251 5652; x_wconf 90' lang='grc' dir='ltr'>γάρ</span> <span class='ocrx_word' id='word_1_710' title='bbox 3288 5584 3427 5638; x_wconf 70' lang='grc' dir='ltr'>εἰσιν</span> <span class='ocrx_word' id='word_1_711' title='bbox 3468 5576 3629 5638; x_wconf 72' lang='grc' dir='ltr'>αὗται</span> <span class='ocrx_word' id='word_1_712' title='bbox 3661 5584 3713 5637; x_wconf 83' lang='grc' dir='ltr'>αί</span> 
     </span>
    </p>
   </div>
   <div class='ocr_carea' id='block_1_99' title="bbox 2131 5652 3710 5732">
    <p class='ocr_par' dir='ltr' id='par_1_99' title="bbox 2131 5652 3710 5732">
     <span class='ocr_line' id='line_1_99' title="bbox 2131 5652 3710 5732; baseline 0.009 -25"><span class='ocrx_word' id='word_1_713' title='bbox 2131 5652 2300 5724; x_wconf 83' lang='grc' dir='ltr'>χῆραι</span> <span class='ocrx_word' id='word_1_714' title='bbox 2323 5668 2335 5681; x_wconf 83' lang='lat'><strong><em>°</em></strong></span> <span class='ocrx_word' id='word_1_715' title='bbox 2377 5656 2475 5726; x_wconf 88' lang='grc' dir='ltr'>μία</span> <span class='ocrx_word' id='word_1_716' title='bbox 2500 5657 2598 5727; x_wconf 81' lang='grc' dir='ltr'>μὲν</span> <span class='ocrx_word' id='word_1_717' title='bbox 2627 5657 2687 5709; x_wconf 85' lang='grc' dir='ltr'>ἐν</span> <span class='ocrx_word' id='word_1_718' title='bbox 2714 5661 2782 5731; x_wconf 79' lang='grc' dir='ltr'>τῇ</span> <span class='ocrx_word' id='word_1_719' title='bbox 2812 5659 3015 5731; x_wconf 80' lang='grc' dir='ltr'>Καινῇ,</span> <span class='ocrx_word' id='word_1_720' title='bbox 3040 5662 3073 5732; x_wconf 75' lang='grc' dir='ltr'>ἡ</span> <span class='ocrx_word' id='word_1_721' title='bbox 3110 5661 3181 5715; x_wconf 84' lang='grc' dir='ltr'>τά</span> <span class='ocrx_word' id='word_1_722' title='bbox 3208 5663 3304 5720; x_wconf 86' lang='grc' dir='ltr'>δύο</span> <span class='ocrx_word' id='word_1_723' title='bbox 3334 5664 3510 5721; x_wconf 89' lang='grc' dir='ltr'>λεπτά</span> <span class='ocrx_word' id='word_1_724' title='bbox 3547 5683 3710 5722; x_wconf 79' lang='grc' dir='ltr'>κατα-</span> 
     </span>
    </p>
   </div>
   <div class='ocr_carea' id='block_1_100' title="bbox 2131 5734 3704 5819">
    <p class='ocr_par' dir='ltr' id='par_1_100' title="bbox 2131 5734 3704 5819">
     <span class='ocr_line' id='line_1_100' title="bbox 2131 5734 3704 5819; baseline 0.009 -30"><span class='ocrx_word' id='word_1_725' title='bbox 2131 5734 2394 5819; x_wconf 77' lang='grc' dir='ltr'>ϐαλοῦσα,</span> <span class='ocrx_word' id='word_1_726' title='bbox 2423 5739 2520 5808; x_wconf 87' lang='grc' dir='ltr'>μία</span> <span class='ocrx_word' id='word_1_727' title='bbox 2536 5739 2668 5794; x_wconf 88' lang='grc' dir='ltr'>δὲέν</span> <span class='ocrx_word' id='word_1_728' title='bbox 2685 5744 2749 5812; x_wconf 83' lang='grc' dir='ltr'>τῇ</span> <span class='ocrx_word' id='word_1_729' title='bbox 2771 5742 3001 5815; x_wconf 77' lang='grc' dir='ltr'>Παλαιᾷ,</span> <span class='ocrx_word' id='word_1_730' title='bbox 3029 5746 3060 5815; x_wconf 83' lang='grc' dir='ltr'>ἡ</span> <span class='ocrx_word' id='word_1_731' title='bbox 3085 5746 3176 5799; x_wconf 77' lang='grc' dir='ltr'>τὸν</span> <span class='ocrx_word' id='word_1_732' title='bbox 3205 5750 3490 5819; x_wconf 75' lang='grc' dir='ltr'>προφήτην</span> 
     </span>
    </p>
   </div>
   <div class='ocr_carea' id='block_1_101' title="bbox 2132 5817 3706 5907">
    <p class='ocr_par' dir='ltr' id='par_1_101' title="bbox 2132 5817 3706 5907">
     <span class='ocr_line' id='line_1_101' title="bbox 2132 5817 3706 5907; baseline 0.01 -36"><span class='ocrx_word' id='word_1_733' title='bbox 2132 5817 2322 5884; x_wconf 78' lang='grc' dir='ltr'>ξασθαι</span> <span class='ocrx_word' id='word_1_734' title='bbox 2336 5820 2752 5888; x_wconf 71' lang='grc' dir='ltr'>καταξιωθείσαο</span> <span class='ocrx_word' id='word_1_735' title='bbox 2770 5826 2861 5881; x_wconf 67' lang='grc' dir='ltr'>καὶ</span> <span class='ocrx_word' id='word_1_736' title='bbox 2881 5828 3089 5899; x_wconf 69' lang='grc' dir='ltr'>ἀμφότέ</span> <span class='ocrx_word' id='word_1_737' title='bbox 3100 5828 3343 5904; x_wconf 72' lang='lat'>9::[529]</span> <span class='ocrx_word' id='word_1_738' title='bbox 3360 5817 3496 5905; x_wconf 63' lang='grc' dir='ltr'>πρός</span> <span class='ocrx_word' id='word_1_739' title='bbox 3508 5832 3602 5907; x_wconf 79' lang='grc' dir='ltr'>τὴν</span> <span class='ocrx_word' id='word_1_740' title='bbox 3617 5833 3706 5887; x_wconf 63' lang='lat' dir='ltr'>ac}-</span> 
     </span>
    </p>
   </div>
  </div>
