4060 6260
279 277 385 331 537

275 390 482 446 Saltem
530 387 690 458 igitur
740 387 810 442 ob
858 400 1042 442 eorum
1088 386 1389 451 bonorum,
1430 401 1549 456 qute
1609 387 1868 457 promissa

278 488 450 545 sunt,
499 476 918 547 magnitudinem
969 492 1138 546 egeno
1187 475 1383 546 praebe.
1442 475 1599 531 Vides
1644 485 1872 546 quatuor

276 584 492 635 causas,
510 584 630 638 qua:
653 576 870 638 possent
891 567 970 621 vel
998 566 1226 637 lapidem
1257 567 1451 635 ipsum,
1475 576 1530 623 et
1551 582 1791 630 avarum,
1819 574 1875 621 et

278 670 626 723 excmcatum,
656 667 709 714 et
734 658 1207 712 immisericordem
1241 658 1530 725 hominem,
1554 668 1608 712 ct
1632 658 1869 713 omnium

281 749 705 819 stnpidissimum
733 749 1004 804 excitare?
1034 750 1201 817 Quam
1234 749 1392 820 igitur
1416 750 1624 804 veniam
1655 764 1873 819 sperare

286 850 567 914 poterunt,
598 842 688 910 qui
720 850 839 911 post
890 850 1087 895 tantam
1137 840 1558 895 cohortationem
1600 850 1653 895 et
1698 841 1874 895 consi-

282 934 410 985 lium
456 946 655 1002 egenos
699 931 1037 1000 despicient?
1094 931 1273 985 Dicam
1327 942 1382 985 et
1423 930 1564 985 aliud
1616 941 1871 999 prteterea

280 1023 535 1091 quiddam
567 1041 579 1075 :
610 1022 825 1091 audiant
876 1023 965 1093 qui
1012 1023 1280 1093 mysteriis
1330 1032 1454 1076 sunt
1498 1022 1710 1076 initiati.
1739 1021 1869 1077 Cum

280 1116 429 1169 alite
467 1130 603 1184 opus
637 1116 822 1180 fuerit,
855 1130 923 1170 ne
948 1115 1094 1169 carni
1121 1114 1336 1185 quidem
1371 1129 1481 1168 sua:
1511 1114 1675 1183 parcit
1710 1114 1821 1184 ipse
1855 1132 1867 1167 :

282 1225 404 1263 cum
440 1209 531 1263 tibi
556 1218 735 1278 potum
762 1207 876 1262 dari
902 1223 1034 1277 opus
1074 1207 1260 1272 fuerit,
1295 1222 1362 1261 ne
1388 1206 1627 1278 sanguini
1658 1206 1870 1276 quidem

281 1317 380 1355 suo
404 1301 591 1371 parcit.
623 1315 719 1356 nec
744 1301 895 1355 illum
927 1300 1126 1356 invidet
1152 1320 1164 1354 :
1196 1310 1249 1353 tr.
1284 1316 1408 1355 vero
1440 1316 1506 1354 ne
1536 1315 1725 1370 panem
1755 1300 1874 1369 qui-

281 1395 405 1449 dem
455 1394 696 1463 impertis
720 1436 734 1459 ,
775 1410 876 1449 nec
917 1395 1176 1449 calicem?
1200 1394 1367 1463 Quam
1409 1394 1619 1449 tandem
1665 1395 1871 1449 veniam

281 1484 582 1547 obtinebis,
615 1484 706 1554 qui
750 1493 829 1538 tot
868 1484 1023 1539 bonis
1058 1493 1164 1539 tam
1196 1486 1443 1555 pretiosis
1478 1486 1732 1556 acceptis,
1763 1494 1870 1540 tam

283 1575 482 1631 vilibus
516 1577 740 1646 pareas?
771 1576 904 1631 Vide
934 1593 1001 1633 ne
1032 1577 1340 1648 frequenter
1376 1592 1495 1632 cum
1525 1578 1739 1633 Christo
1768 1579 1874 1632 lar-

278 1666 381 1735 giri
408 1665 479 1721 ad
514 1667 717 1721 lucrum
766 1669 1095 1723 recusaveris
1119 1710 1133 1733 ,
1162 1669 1227 1723 ad
1253 1670 1505 1724 damnum
1537 1669 1748 1725 diabolo
1771 1670 1873 1724 lar-

277 1757 463 1825 giaris.
494 1758 623 1813 Cum
651 1759 793 1813 enim
824 1760 1145 1828 pauperibus
1174 1774 1278 1814 non
1322 1759 1542 1827 demus,
1573 1761 1873 1830 impostori-

279 1847 380 1902 bos
423 1847 615 1903 damus
666 1865 679 1901 :
733 1849 876 1904 fures
920 1850 1232 1921 plerumque
1285 1851 1367 1904 vel
1411 1852 1637 1906 malefici
1693 1851 1871 1905 famuli

278 1937 609 2007 abripientes
634 1937 864 2004 abeunt,
894 1940 977 1993 vel
1004 1940 1163 1994 etiam
1196 1939 1391 2010 aliquis
1419 1940 1555 1994 alius
1580 1956 1757 1995 rerum
1784 1956 1870 1995 ca-

261 2043 371 2089 ,sns
426 2028 621 2083 aufert.
680 2027 746 2083 Et
801 2044 929 2084 vero
971 2040 1247 2099 postquam
1317 2030 1433 2087 hinc
1496 2032 1871 2087 evitaverimus

278 2120 485 2184 omnia,
514 2134 661 2173 mors
696 2119 1058 2176 interveniens
1088 2121 1287 2178 dudum
1314 2122 1559 2179 abducet.
1590 2123 1667 2179 Ne
1714 2125 1873 2195 igitur

280 2209 471 2264 istlizec
513 2210 794 2274 eveniant,
824 2212 971 2282 prius
996 2211 1210 2267 Christo
1239 2213 1439 2283 petenti
1468 2214 1790 2285 largiamur,
1817 2224 1872 2270 et

279 2303 331 2353 in
365 2300 620 2355 thesauro
656 2300 815 2355 nullis
855 2302 1193 2372 praedonibus
1234 2303 1470 2359 obnoxio
1513 2320 1867 2375 reponamus,

281 2402 336 2446 ut
372 2400 429 2447 et
467 2391 535 2446 de
574 2393 813 2447 custodia
844 2402 899 2449 et
942 2393 1009 2449 de
1053 2405 1311 2463 proventu
1357 2396 1706 2449 conlidatttus.
1757 2396 1872 2451 Non

1494 274 1558 329 ιχ
1599 274 1860 332 ιιΕιλιΑΜ
1900 275 1991 332 ET
2031 275 2310 335 VIDUAM.

3462 277 3566 332 558

1973 393 2119 449 enim
2148 390 2319 446 solum
2347 405 2466 461 quae
2508 392 2748 462 accepit,
2779 389 3061 462 diligenter
3085 398 3320 446 asscrvat
3347 431 3361 457 ,
3391 389 3483 443 sed
3511 400 3565 445 et

1976 479 2166 549 majori
2195 480 2289 534 tibi
2316 497 2505 537 rursus
2543 496 2665 536 cum
2693 484 3000 537 accessione
3027 481 3275 537 restituit.
3305 478 3382 535 Ne
3407 480 3567 553 igitur
3604 480 3617 497 '

1977 570 2217 625 imminui
2248 572 2401 627 nobis
2427 572 2705 628 facultates
2739 573 3060 629 arbitremur
3079 613 3093 639 ,
3123 584 3243 628 cum
3268 572 3561 642 eleemosy-

1977 677 2099 717 nam
2140 679 2441 734 erogamus.
2465 665 2581 719 Non
2610 666 2753 720 enim
2778 666 3108 730 minuuntur,
3137 664 3232 720 sed
3260 674 3520 735 augentur
3553 681 3564 724 ;

1976 767 2081 806 non
2126 754 2513 820 absumuntur,
2561 754 2653 809 sed
2695 755 3150 825 multiplicantur,
3183 763 3237 810 et
3278 754 3566 825 negotiatio

1976 843 2218 913 quaedam
2247 859 2333 899 res
2359 845 2457 900 ista
2497 854 2552 901 et
2579 848 2834 901 sementis
2867 856 2946 901 est
2978 864 2991 900 :
3026 846 3107 901 vel
3137 846 3313 917 potius
3339 855 3565 917 utroque

1976 933 2197 988 istorum
2229 937 2581 1005 quaestuosius
2609 937 2859 1007 quiddam
2899 946 2953 992 et
2995 938 3177 993 tutius.
3206 937 3337 992 Nam
3371 953 3563 992 merca-

1979 1034 2090 1079 tura
2116 1026 2329 1095 quidem
2368 1028 2541 1081 ventis
2569 1043 2631 1082 ac
2672 1028 2919 1083 fluctibus
2947 1028 3239 1100 multisque
3276 1028 3568 1099 naufragiis

1976 1125 2059 1170 est
2104 1117 2333 1171 obnoxia
2355 1159 2367 1182 ,
2402 1118 2637 1188 itemque
2677 1120 2881 1173 semina
2912 1120 3242 1176 siccitatibus
3269 1121 3439 1188 aeris,
3469 1121 3566 1175 im-

1975 1208 2190 1275 bribus,
2231 1211 2547 1282 canerisque
2577 1212 2787 1280 injuriis
2825 1222 2879 1267 et
2908 1212 3353 1283 inrequalitatibus
3380 1214 3519 1271 aeris
3549 1231 3562 1266 :
3596 1264 3599 1269 .

1974 1314 2093 1368 qua:
2125 1314 2250 1353 vero
2290 1301 2340 1355 in
2371 1316 2558 1356 manus
2592 1299 2786 1357 Christi
2824 1305 3175 1358 conferuntur
3204 1304 3464 1373 pecuniae,
3496 1303 3565 1357 ab

1978 1390 2186 1445 insidiis
2212 1392 2459 1446 omnibus
2489 1400 2614 1447 sunt
2641 1392 2929 1447 immunes.
2953 1392 3122 1449 Nemo
3162 1409 3349 1463 rapere
3389 1403 3566 1465 potest

1976 1480 2043 1536 de
2085 1497 2243 1537 manu
2282 1483 2433 1551 ejus,
2463 1499 2583 1538 cum
2615 1484 2880 1557 acceperit
2910 1501 2972 1540 ea
3013 1502 3132 1555 quae
3162 1487 3329 1543 semel
3363 1488 3412 1543 ei
3441 1497 3567 1543 sunt

1978 1574 2165 1629 tradita
2194 1592 2207 1627 :
2239 1575 2333 1631 sed
2363 1585 2579 1631 manent
2607 1576 2944 1647 multumque
2970 1577 3124 1631 nobis
3154 1585 3209 1633 et
3246 1577 3563 1634 immensum

1976 1666 2203 1720 fructum
2232 1667 2466 1735 pariunt,
2495 1676 2552 1722 et
2582 1666 2800 1723 uberem
2828 1668 2880 1721 in
2914 1678 3154 1737 tempore
3183 1682 3414 1725 messem
3444 1684 3566 1739 pro-

1976 1755 2173 1811 ferunt.
2202 1756 2301 1822 Qui
2328 1759 2467 1812 enim
2492 1774 2643 1827 parce
2666 1759 2898 1825 seminat,
2923 1759 3116 1830 inquit,
3141 1776 3291 1829 parce
3316 1770 3363 1814 et
3385 1768 3564 1821 metet;

1977 1857 2024 1901 et
2070 1848 2157 1918 qui
2194 1849 2407 1902 seminat
2440 1851 2491 1903 in
2535 1850 2994 1917 benedictionibus,
3042 1852 3105 1905 de
3146 1850 3565 1905 benedictionibus

1976 1939 2126 1992 etiam
2156 1948 2301 1993 metet
2331 1940 2405 2008 (2.
2431 1938 2550 1994 Cor.
2580 1939 2631 1994 9.
2663 1939 2740 2011 6).
2765 1940 2993 2011 Copiose
3016 1940 3194 2011 itaque
3214 1942 3560 2001 seminemns.

1977 2039 2037 2084 ut
2083 2031 2153 2085 ita
2200 2046 2412 2100 quoque
2458 2040 2757 2097 metamus,
2788 2041 2842 2087 et
2879 2032 2984 2086 vita
3038 2032 3277 2088 fruamur
3323 2043 3561 2088 wtcrna:

1976 2137 2134 2193 quam
2169 2138 2265 2177 nos
2294 2136 2482 2178 omnes
2510 2123 2710 2177 utinam
2742 2138 3132 2193 consequamur
3154 2165 3169 2190 ,
3195 2124 3368 2195 gratia
3389 2134 3444 2180 et
3467 2124 3565 2179 he-

1978 2214 2234 2283 nignitate
2262 2214 2472 2270 Domini
2505 2214 2670 2271 nostri
2696 2215 2824 2271 .lesu
2858 2214 3099 2283 Christi,
3126 2231 3249 2271 cum
3286 2232 3392 2288 quo
3422 2215 3567 2271 Patri

1978 2306 2240 2376 simulque
2285 2306 2508 2376 Spiritui
2549 2315 2736 2362 sancto
2764 2306 2933 2377 gloria
2954 2346 2968 2371 ,
3010 2305 3292 2376 imperium
3318 2348 3334 2373 ,
3359 2307 3529 2362 honor
3547 2346 3569 2372 ,

1979 2411 2120 2450 nunc
2146 2404 2199 2450 et
2218 2410 2431 2466 semper
2451 2404 2505 2452 et
2531 2396 2583 2450 in
2605 2395 2798 2451 saecula
2824 2394 3163 2450 saeculorum.
3193 2397 3384 2451 Amen.

1197 2859 1296 2919 AD
1336 2856 1713 2918 HOMILIAM
1752 2853 1830 2913 IN
1875 2853 2162 2913 HELIAM
2206 2853 2301 2911 ΕΤ
2344 2846 2662 2909 VIDUAM.

302 3090 462 3136 ctore
487 3088 832 3144 summopere
865 3072 1290 3141 frequentatum,
1319 3065 1389 3122 de
1408 3065 1748 3135 eleernosyna
1778 3062 1990 3119 scilicet
2023 3069 2077 3117 et
2110 3061 2180 3117 de
2214 3060 2617 3131 hospitalitate,
2649 3074 2785 3131 quas
2816 3058 2905 3114 ille
2937 3070 3154 3128 semper
3188 3056 3330 3113 inter
3352 3054 3555 3126 praeis-

304 3212 420 3265 pna
449 3191 775 3249 Christianae
796 3191 918 3245 vitae
947 3187 1129 3243 ofﬁcia
1161 3185 1373 3241 habuit.

381 3304 761 3374 lnterpretatio
799 3302 992 3357 Latina
1018 3311 1100 3356 est
1128 3296 1423 3354 Frontonis
1450 3292 1651 3396 Duc-sei;

1613 3640 1722 3710 1N
1768 3635 2226 3720 HELIAM,

1294 3809 1374 3850 ET
1418 3808 1481 3850 IN
1525 3807 1795 3861 VIDUAM,
1843 3806 1923 3847 ET
1964 3806 2047 3847 DE
2092 3800 2529 3845 ELEEMOSYNA.

1594 3928 1991 3983 ———-@E%

362 4074 415 4128 i.
462 4072 805 4143 Elcemosynw
825 4074 1079 4144 dignitas;
1108 4072 1223 4127 dua:
1267 4072 1433 4125 vidua:
1456 4071 1557 4125 duo
1586 4080 1877 4125 testamenta

289 4166 872 4234 exprimunt.——Diebus
893 4167 1015 4231 illis,
1048 4165 1240 4235 quibus
1262 4165 1636 4234 jejunabamus
1664 4180 1872 4229 omnes,

291 4270 414 4310 eum
437 4274 806 4328 saepenumero
831 4274 1130 4313 sermonem
1164 4259 1441 4313 instituere
1452 4258 1519 4312 de
1535 4258 1875 4329 eleemosyna

290 4353 595 4407 statuissem
629 4390 645 4415 ,
714 4350 1120 4418 superveniente
1151 4364 1371 4418 vespera
1402 4362 1518 4402 sum
1548 4347 1833 4416 impeditus
1858 4388 1874 4412 ,

291 4460 411 4511 qu:e
456 4443 610 4497 nobis
658 4457 873 4497 cursum
921 4440 1178 4494 orationis
1227 4440 1529 4508 interrupit.
1582 4439 1695 4493 Hoc
1745 4454 1876 4492 vero

292 4536 448 4589 fiebat
494 4535 601 4588 Deo
630 4533 858 4587 fortasse
897 4531 951 4586 in
1001 4539 1235 4585 nostram
1287 4530 1569 4585 utilitatem
1600 4528 1669 4582 ita
1695 4528 1879 4597 dispo—

292 4633 498 4692 nente,»
522 4633 680 4693 atque
727 4625 780 4677 in
832 4623 973 4678 hunc
1002 4623 1141 4677 diem
1189 4621 1615 4676 cohortationem
1673 4619 1741 4674 de
1793 4618 1878 4674 his

293 4720 452 4773 rebus
475 4718 755 4773 dill'erente
773 4733 787 4769 ε
807 4731 874 4770 ne
899 4715 1024 4768 dum
1044 4729 1137 4769 vos
1164 4714 1216 4767 in
1246 4712 1486 4767 Ecclesia
1511 4710 1669 4767 divisi
1692 4710 1875 4775 eratis,

292 4809 649 4879 elecmosynte
694 4820 880 4861 mensa
913 4805 1067 4860 vobis
1118 4812 1478 4874 apponeretur
1524 4820 1538 4858 :
1587 4819 1692 4858 non
1735 4801 1877 4870 quod

295 4900 455 4955 hodie
512 4914 760 4969 magnum
810 4897 1006 4967 aliquid
1035 4905 1091 4951 et
1120 4896 1326 4965 insigne
1346 4894 1630 4950 dicendum
1681 4892 1878 4948 habea-

296 5007 414 5046 mus
444 5032 460 5057 ,
508 4990 601 5045 sed
628 4988 769 5059 quod
818 5003 1008 5058 magna
1036 4988 1106 5042 sit
1130 4997 1185 5043 et
1212 4988 1407 5042 eximia
1433 4986 1603 5041 virtus
1645 4986 1881 5041 eleemo-

294 5098 462 5153 synze.
513 5082 729 5136 Multam
756 5080 952 5152 quippe
983 5079 1228 5135 fiduciam
1265 5080 1405 5151 apud
1436 5079 1601 5134 Deum
1641 5094 1728 5133 res
1777 5078 1879 5133 ista

294 5173 578 5239 conciliat,
625 5180 682 5227 et
732 5180 1000 5241 tamquam
1048 5173 1229 5242 regina
1274 5171 1516 5241 quaedam
1568 5171 1879 5240 religionem

296 5273 531 5317 nostram
554 5277 745 5333 regens
765 5263 930 5317 multa
955 5278 1076 5316 cum
1104 5262 1391 5315 securitate
1417 5260 1661 5315 caelestes
1679 5259 1882 5329 ingredi

296 5353 451 5407 sedes
494 5354 815 5419 consuevit,
865 5362 921 5407 et
969 5351 1112 5415 illae,
1163 5351 1363 5419 quibus
1410 5351 1665 5405 caelorum
1706 5350 1895 5418 ianuae

300 5444 601 5499 commissa:
649 5452 773 5498 sunt
800 5484 818 5510 ,
865 5450 1196 5513 potestates,
1246 5442 1293 5496 si
1332 5440 1547 5510 quidem
1596 5441 1883 5495 intrantem

299 5532 530 5588 viderint
579 5534 1001 5605 eleemosynam,
1048 5533 1215 5588 multo
1256 5546 1375 5586 cum
1416 5531 1621 5586 honore
1665 5529 1884 5599 reliquis

308 5624 471 5679 etiam
497 5625 782 5679 virtutibus
811 5633 1028 5695 propter
1060 5624 1238 5694 ipsam
1269 5622 1412 5679 fores
1449 5621 1569 5677 illas
1594 5620 1877 5690 aperiunt:

301 5714 382 5772 sin
416 5727 594 5774 autem
632 5717 832 5788 absque
861 5716 1201 5788 elcemosyna
1228 5714 1409 5772 venire
1454 5711 1705 5778 viderint,
1743 5710 1886 5767 fores

1994 3948 2251 3964 ω

1983 4067 2087 4121 illis
2133 4062 2438 4120 occludunt.
2491 4060 2665 4128 Atque
2694 4057 2891 4111 hocex
2914 4054 3209 4126 virginibus
3250 4052 3352 4107 illis
3398 4059 3574 4119 patet,

1982 4172 2102 4227 qua:
2131 4165 2412 4225 propterea
2453 4165 2608 4206 sacro
2652 4150 2738 4202 illo
2783 4146 3019 4202 thalamo
3059 4145 3272 4200 fuerunt
3309 4144 3572 4208 exclusa;

1986 4247 2126 4318 quod
2145 4247 2321 4301 oleum
2350 4245 2401 4297 in
2423 4240 2758 4310 lampadibus
2781 4239 2893 4293 suis
2908 4247 3164 4309 perpetuo
3184 4251 3289 4290 non
3310 4234 3570 4289 haberent

1988 4338 2198 4411 (Matth.
2220 4330 2331 4401 25).
2354 4330 2432 4384 Ae
2468 4330 2599 4385 mihi
2644 4329 2933 4385 discrimen
2960 4326 3260 4383 considera.
3312 4323 3567 4379 Eleemo-

1982 4446 2113 4501 syna
2145 4426 2357 4497 quidem
2384 4423 2586 4492 absque
2625 4419 2930 4489 virginitate
2977 4432 3103 4472 suos
3126 4416 3371 4470 alumnos
3401 4415 3577 4468 intro-t

1982 4519 2132 4574 duxit
2161 4518 2211 4570 in
2250 4514 2438 4570 caelum
2487 4530 2500 4566 :
2549 4520 2604 4565 at
2648 4509 2926 4579 virginitas
2969 4506 3171 4575 absque
3222 4505 3570 4575 eleemosyna-

1984 4612 2202 4667 minime
2251 4608 2444 4679 potuit.
2489 4601 2712 4671 Quando
2768 4601 2928 4671 igitur
2972 4606 3117 4654 tanta
3165 4596 3243 4651 rei
3296 4595 3459 4665 hujus
3487 4602 3571 4649 est

1982 4704 2175 4767 virtus,
2202 4699 2347 4755 omni
2377 4695 2555 4752 studio
2584 4692 2855 4748 institutos
2895 4689 2963 4746 de
3003 4703 3066 4743 ea
3114 4700 3393 4743 sermones
3418 4684 3567 4740 exei-

1986 4795 2209 4865 piamus.
2240 4791 2524 4847 Enimvero
2547 4781 2924 4853 compendiosa
2966 4780 3125 4837 fuerit
3168 4777 3458 4833 admodum
3502 4775 3569 4829 ad

1984 4885 2122 4940 hanc
2134 4900 2245 4940 rem
2262 4881 2582 4946 cohortatio,
2606 4878 2652 4932 si
2674 4891 2768 4931 vos
2778 4875 2845 4930 ad
2861 4873 3073 4930 viduam
3095 4870 3409 4942 Sarephtliis
3425 4869 3569 4925 Sido.

1987 4980 2069 5033 nis
2112 4976 2435 5031 habitantem
2490 4971 2832 5026 abducamus.
2862 4967 2995 5022 Nam
3023 4963 3116 5036 qui
3152 4962 3407 5034 operibus
3434 4961 3568 5032 ipsis

1988 5074 2279 5134 instruunt,
2307 5069 2474 5124 multo
2499 5066 2770 5136 digniores
2799 5061 2905 5117 ﬁde
2942 5059 3181 5131 magistri
3211 5057 3345 5112 fiunt
3366 5097 3382 5123 ,
3410 5070 3591 5125 quam

1988 5166 2077 5235 qui
2124 5162 2300 5218 verbis
2351 5160 2481 5216 solis
2529 5156 2813 5213 consilium
2866 5152 2997 5207 dant
3048 5169 3063 5204 :
3111 5149 3359 5221 quocirca
3416 5146 3570 5200 vidua

1987 5269 2198 5325 quoque
2237 5251 2393 5308 nobis
2433 5249 2509 5305 rei
2562 5248 2718 5315 hujus
2760 5244 2958 5315 optima
3003 5242 3107 5298 erit
3158 5240 3435 5311 magistra.
3482 5236 3569 5290 Si-

1988 5346 2201 5418 quidem
2233 5358 2333 5398 nos
2375 5341 2551 5398 verbis
2589 5339 2805 5409 quidem
2856 5335 3202 5391 adhortamttr
3231 5350 3245 5387 :
3273 5340 3329 5384 at
3364 5331 3451 5384 illa
3480 5344 3580 5382 vos

1988 5437 2241 5508 operibus
2265 5434 2463 5491 docere
2493 5430 2689 5500 poterit
2716 5470 2730 5492 ,
2771 5443 2893 5483 cum
2924 5426 3129 5482 eisdem
3154 5422 3431 5494 praeditam
3462 5434 3576 5473 mo-

1988 5529 2171 5591 ribus,
2218 5525 2418 5581 sociam
2464 5522 2658 5576 habent
2701 5519 2800 5574 sibi
2831 5517 3155 5586 copulatam.
3206 5514 3334 5568 Dure
3377 5510 3576 5582 quippe

1990 5626 2112 5675 sunt
2146 5618 2230 5671 ha:
2261 5614 2454 5679 vidnze,
2487 5627 2592 5668 una
2621 5611 2672 5665 in
2715 5608 2863 5663 Novo
2893 5606 3257 5669 Testamento,
3308 5618 3427 5670 qua:
3465 5604 3588 5653 duo.

1991 5711 2195 5767 minuta
2223 5707 2366 5763 misit
2396 5704 2544 5777 (Luc.
2575 5701 2689 5773 Eli),
2735 5699 2900 5754 altera
2950 5698 3002 5755 in
3033 5695 3240 5762 Veteri,
3278 5708 3407 5764 tum
3442 5700 3570 5756 Ρῐο·
