4060 6260
463 317 574 376 339

439 433 680 499 ,phetam
710 431 982 502 suscipere
1020 429 1219 484 meruit
1245 430 1326 502 (5.
1356 427 1485 501 Reg.
1519 426 1610 500 Π)
1649 445 1663 482 :
1696 437 1854 499 atque
1879 427 2053 482 amba:

467 526 534 578 tul
594 523 838 580 eamdem
904 519 1259 591 philosophia:
1325 520 1581 575 virtutem
1646 526 2050 589 pervenerunt,

471 614 819 685 catndeque
843 613 1148 668 comitatem
1170 611 1550 675 exhibuerunt,
1575 619 1629 666 et
1664 625 1880 665 suorum
1906 617 2055 665 recte

469 708 728 762 factorum
764 705 1116 760 similitudine
1144 703 1611 759 Tcstamentorum
1640 702 1797 758 nobis
1820 701 2054 756 afﬁnita-

472 809 576 853 tem
653 805 1053 866 expresserunt.
1121 793 1252 850 Nam
1301 793 1750 864 quemadmodum
1799 792 2054 848 sublimes

468 887 683 957 quidam
712 887 938 957 scopuli,
968 885 1277 942 circumdati
1310 885 1566 955 portubus
1588 927 1604 951 ,
1633 899 1768 954 quos
1795 883 2054 954 appellari

476 977 677 1033 Pharos
724 993 840 1032 mos
891 985 1008 1041 est,
1056 978 1107 1032 in
1136 976 1327 1048 quibus
1378 984 1488 1031 tota
1518 984 1678 1030 nocte
1705 975 2056 1029 inexstinctus

471 1071 606 1140 ignis
634 1070 799 1135 lucet,
831 1077 1072 1123 errantes
1101 1068 1151 1122 in
1197 1068 1332 1122 mari
1381 1065 1669 1135 splendore
1722 1064 1940 1119 luminis
1987 1063 2054 1117 ad

473 1171 656 1228 portus
686 1161 985 1216 securitatis
1021 1159 1290 1214 deducunt
1321 1175 1336 1211 :
1379 1159 1458 1213 sic
1486 1157 1604 1212 ista;
1633 1165 1901 1226 tamquam
1935 1170 2056 1224 por-

472 1252 629 1305 tubus
689 1251 938 1307 comitate
991 1249 1376 1315 circumdatae,
1434 1248 1889 1319 magnanimitatis
1945 1261 2055 1300 stuc

472 1344 675 1398 lumine
701 1341 1113 1411 profundissima
1140 1343 1191 1396 in
1221 1351 1377 1396 nocte
1405 1358 1419 1393 :
1453 1356 1564 1396 non
1591 1341 1734 1395 enim
1767 1340 1940 1410 potior
1975 1349 2057 1394 est

472 1435 708 1490 conditio
738 1436 859 1489 vita:
901 1443 1100 1489 nostra:
1129 1450 1286 1504 quam
1318 1433 1489 1488 noctis
1511 1474 1527 1499 ,
1567 1433 1708 1487 sicut
1751 1440 1808 1488 et
1857 1431 2056 1488 Paulus

472 1527 602 1581 dicit
635 1545 646 1579 :
670 1524 791 1580 Nox
807 1525 1081 1596 praecessit,
1108 1523 1214 1578 dies
1240 1534 1405 1577 autem
1426 1524 1853 1593 appropinquavit
1875 1522 2054 1593 (Rom.

473 1616 721 1687 13.12);
767 1631 860 1671 eos
891 1615 1052 1687 igitur
1096 1631 1186 1685 qut
1232 1615 1644 1686 profundissima
1693 1617 1746 1670 in
1793 1627 1949 1670 nocte
2004 1615 2058 1669 in

473 1708 708 1763 avaritia:
738 1709 870 1762 mari
896 1709 1168 1774 oberrant,
1193 1719 1246 1762 et
1268 1708 1484 1778 jamjam
1508 1708 1887 1778 submergendi
1913 1718 2056 1773 sunt,

474 1799 540 1850 ad
566 1811 716 1852 suam
747 1798 974 1852 invitant
1001 1799 1369 1864 securitatem,
1395 1809 1448 1852 et
1477 1797 1821 1853 humanitatis
1846 1813 2060 1868 semper

475 1887 752 1943 ardentem
786 1887 1044 1943 habentes
1071 1886 1269 1958 ignem,
1299 1887 1674 1943 inexstinctum
1704 1889 2059 1960 elcetnosynze

477 1981 657 2034 lumen
686 1988 1026 2034 conservant.
1289 1989 1306 2002 "

545 2070 604 2123 9..
645 2069 751 2125 Sed
789 2071 858 2126 de
899 2071 984 2124 illa
1029 2071 1247 2142 quidem
1293 2072 1398 2127 alio
1447 2072 1612 2138 loco;
1664 2071 1926 2127 hodierno
1973 2071 2061 2124 die

477 2161 618 2230 apud
649 2175 744 2216 vos
769 2159 838 2216 de
870 2160 1186 2216 istaVeteris
1207 2161 1535 2217 Testamenti
1561 2177 1798 2231 agemus.
1831 2160 2062 2216 Omnino

474 2250 616 2304 enim
643 2249 769 2304 dum
792 2249 906 2305 haec
926 2251 1244 2318 laudabitur,
1264 2251 1405 2306 illius
1427 2268 1639 2324 quoque
1670 2253 2059 2324 praeconiorum

473 2353 670 2394 corona
717 2347 960 2396 nectetur
1010 2358 1023 2393 :
1073 2356 1194 2395 nam
1249 2358 1472 2412 quarum
1535 2343 1686 2414 paria
1737 2356 1860 2399 sunt
1916 2354 2061 2401 recte

477 2428 613 2484 facta
634 2471 650 2493 ,
677 2444 859 2485 earum
900 2447 1115 2501 quoque
1143 2432 1403 2487 laudatrix
1432 2435 1604 2489 oratio
1631 2437 1929 2492 communis
1955 2446 2059 2492 est.

474 2520 603 2575 Orta
631 2529 712 2574 est
737 2523 896 2591 igitur
925 2523 1084 2592 hujus
1114 2532 1356 2593 tempore
1381 2523 1549 2580 fames
1571 2525 1906 2594 gravissima,
1952 2543 2058 2581 non

475 2611 614 2680 quod
638 2612 844 2666 defessa
863 2613 1019 2667 tellus
1041 2612 1218 2682 fruges
1235 2623 1471 2683 negaret,
1499 2614 1593 2668 sed
1620 2616 1761 2684 quod
1787 2616 2058 2672 hominum

476 2713 689 2771 peccata
713 2705 807 2758 Dei
833 2704 1034 2760 donum
1074 2713 1398 2760 averterent.
1448 2705 1575 2762 Orta
1605 2716 1687 2762 est
1712 2708 1872 2778 igitur
1893 2709 2060 2766 fames

474 2796 807 2864 gravissima,
839 2805 894 2852 et
920 2798 1158 2852 omnium
1186 2798 1568 2865 acerbissima;
1607 2809 1767 2870 atque
1804 2803 1948 2857 illam
1979 2802 2060 2858 la-

485 2901 624 2941 mem
655 2887 833 2943 llclias
866 2904 1090 2960 magnus
1113 2889 1333 2955 invexit,
1367 2899 1420 2945 ct
1449 2900 1714 2962 tamquam
1769 2895 2060 2950 terribilem

479 2979 734 3034 famulum
785 2982 1070 3052 quemdam
1122 2983 1364 3050 vocavit,
1421 2991 1481 3038 ut
1526 2999 1815 3039 conservos
1869 2985 2062 3056 injuria

480 3071 758 3126 Dominum
786 3072 1080 3129 allicientes
1100 3075 1385 3146 castigaret
1417 3092 1435 3130 :~
1463 3075 1574 3130 imo
1600 3091 1727 3132 vero
1749 3077 2058 3133 .ludatornm

477 3161 622 3214 illam
654 3161 982 3219 advocavere
1027 3175 1278 3234 peccata;
1323 3165 1596 3236 prephetzc
1621 3176 1797 3222 autem
1829 3167 1984 3222 illam
2001 3183 2062 3222 os

476 3253 685 3319 intulit,
736 3253 867 3307 Vivit
896 3256 1070 3322 enim,
1114 3257 1318 3326 inquit,
1367 3256 1618 3311 Dominus
1671 3257 1830 3326 Deus,
1886 3259 1930 3313 si
1964 3260 2059 3313 erit

476 3343 649 3412 pluvia
676 3344 775 3398 nisi
793 3361 883 3414 per
906 3361 962 3399 os
993 3361 1159 3400 meum
1191 3347 1270 3418 (5.
1303 3345 1430 3418 Reg.
1461 3347 1549 3403 Π.
1594 3348 1670 3419 l).

547 3433 830 3506 Descriptio
881 3435 1160 3491 sterilitatis
1215 3445 1262 3490 et
1313 3437 1558 3492 siccitatis
1582 3438 1734 3493 aeris.
1765 3469 1834 3479 —
1859 3439 2060 3496 Intole-

475 3525 698 3580 randutn
749 3525 907 3596 igitur
949 3527 1066 3582 erat
1112 3517 1314 3584 malum
1362 3542 1378 3582 :
1441 3545 1614 3600 neque
1657 3531 1808 3586 cnim'
1851 3540 2057 3587 tantum

473 3617 710 3672 sterilem
764 3617 992 3673 reddidit
1052 3627 1208 3674 terra:
1262 3630 1473 3676 uterum
1528 3623 1780 3679 terribilis
1836 3625 1921 3680 illa
1954 3642 2057 3682 vox

477 3708 787 3778 prophetae,
838 3709 934 3766 scd
983 3718 1038 3766 et
1079 3710 1192 3781 ipsa
1241 3711 1520 3778 ﬂuminum
1552 3713 1747 3770 ﬂuenta
1772 3716 2050 3783 cohibuit,

471 3816 766 3873 omnesque
805 3811 915 3857 tum
954 3803 1338 3860 exarescebant
1365 3813 1649 3861 torrentes.
1703 3805 1772 3862 Et
1792 3807 2053 3877 quemad-

473 3892 688 3947 inodum
739 3909 860 3949 cum
911 3891 1203 3951 vehemens
1252 3903 1308 3951 et
1349 3896 1547 3953 ardens
1595 3897 1758 3953 t'ebris
1809 3898 2058 3971 corporis

475 3995 718 4042 naturam
762 3987 993 4054 invasit,
1043 4003 1148 4043 non
1202 3988 1536 4058 superﬁciem
1571 3998 1777 4046 tantum
1809 3991 2054 4059 arct‘aeit,

474 4077 567 4134 sed
619 4087 674 4131 et
717 4078 972 4133 interiora
1022 4094 1303 4148 permeans
1349 4080 1518 4150 ipsam
1567 4082 1768 4137 ossium
1811 4092 2052 4138 naturam

470 4168 650 4223 exurit
677 4185 692 4221 :
725 4169 796 4222 ita
821 4183 940 4238 qua:
967 4176 1076 4222 tum
1095 4169 1308 4238 vigebat
1332 4169 1545 4224 siccitas
1565 4172 1727 4237 aeris,
1755 4187 1860 4226 non
1882 4174 2051 4228 solam

474 4268 629 4310 terra:
655 4256 845 4312 faciem
873 4257 1217 4321 incendebat,
1267 4257 1360 4312 sed
1403 4259 1469 4313 ad
1518 4259 1630 4328 ipsa
1683 4260 1800 4331 ejus
1845 4262 2052 4318 viscera

471 4356 757 4410 penetrans
781 4362 994 4402 omnem
1037 4348 1341 4404 inferiorem
1374 4350 1654 4407 humorem
1679 4353 2054 4411 exhauriebat.

466 4435 606 4503 Quid
632 4452 761 4507 ergo
791 4437 930 4494 Deus
948 4438 1016 4493 ad
1037 4439 1391 4510 prophetam?
1416 4441 1601 4514 Surge,
1633 4443 1824 4515 inquit,
1851 4453 1899 4501 et
1925 4448 2052 4502 vade

465 4528 519 4579 in
565 4525 855 4599 Sareplttlta
893 4528 1120 4584 Sidonia:
1147 4546 1166 4584 :
1205 4530 1275 4584 ibi
1317 4531 1568 4586 mandabo
1619 4535 1823 4588 mulieri
1863 4537 2051 4605 vidum,

466 4626 518 4669 ut
560 4619 751 4672 nutriat
773 4628 820 4673 te
849 4618 924 4693 ('5.
956 4620 1084 4691 Reg.
1116 4622 1202 4676 Π.
1229 4621 1310 4693 9).
1365 4622 1498 4691 Quid
1527 4624 1629 4678 Itoc
1655 4626 1754 4678 sibi
1788 4627 1938 4682 vult?
1993 4628 2050 4683 In

464 4727 556 4763 una
611 4711 780 4780 patria
831 4714 1028 4768 nullam
1071 4714 1378 4770 comitatem
1419 4725 1675 4785 expertus
1717 4727 1801 4773 est
1827 4762 1841 4784 ,
1872 4731 1928 4774 ct
1977 4722 2051 4775 ad

461 4801 690 4855 alit-nam
720 4803 989 4872 regionem
1015 4804 1161 4858 illum
1190 4805 1388 4868 mittis,
1444 4816 1604 4876 atque
1649 4808 1715 4862 ad
1767 4811 2047 4867 mulierem

461 4892 711 4947 viduam?
747 4893 878 4948 Nam
907 4895 950 4950 si
977 4896 1226 4965 epulenta
1259 4905 1421 4957 esset.
1453 4897 1498 4952 si
1529 4898 1875 4964 ditissima,si
1906 4903 2047 4973 regis

463 4997 598 5037 uxor
628 4984 814 5052 ipsius,
847 4985 891 5039 si
923 4987 1103 5041 multis
1133 4996 1292 5042 terra:
1318 4988 1558 5059 frugibus
1585 4990 1787 5060 repleta
1823 4991 2047 5048 haberet

465 5077 830 5145 promptuaria
863 5117 878 5142 ,
924 5093 1102 5133 nonne
1153 5079 1476 5135 voluntatem
1508 5081 1626 5149 ejus
1671 5081 2041 5138 vehementius

454 5185 616 5240 quam
643 5179 837 5225 terram
866 5169 1033 5242 ipsam
1063 5180 1236 5228 metus
1279 5174 1433 5228 lamis
1473 5175 1716 5230 sterilem
1747 5175 1993 5232 redderet
2019 5176 2044 5229 ?

457 5261 534 5317 t\'c
555 5263 716 5331 igitur
743 5263 857 5318 inec
879 5263 1134 5335 propheta
1163 5264 1386 5331 diceret,
1419 5274 1511 5321 aut
1551 5267 1733 5322 animo
1755 5278 1992 5323 versaret
2021 5309 2038 5333 ,

454 5352 655 5407 ideirco
677 5354 824 5423 prius
852 5369 972 5410 eum
1007 5371 1101 5425 per
1147 5371 1340 5411 corvos
1389 5356 1518 5412 aluit
1567 5356 1645 5428 (5.
1681 5358 1812 5430 Reg.
1843 5359 1924 5412 l7.
1961 5359 2043 5426 6),

453 5453 513 5496 ut
561 5461 656 5514 per
697 5461 758 5501 ea
807 5461 928 5518 qatc
969 5447 1326 5518 gerebantur,
1373 5447 1474 5504 ista
1520 5451 1906 5520 propemodum
1963 5451 2039 5506 illi

455 5537 658 5594 diceret
688 5557 702 5593 :
745 5540 788 5595 si
820 5540 992 5608 clleci,
1025 5550 1083 5596 ut
1126 5541 1349 5598 rationis
1373 5555 1568 5614 expers
1595 5555 1780 5599 natura
1813 5543 2045 5614 boSpitio

459 5639 511 5682 te
539 5632 823 5700 reciperet,
880 5635 1046 5689 mttlto
1096 5635 1264 5708 magis
1290 5636 1497 5692 ratioae
1529 5637 1786 5708 [incdit-ac,
1840 5647 1896 5691 ut
1941 5637 2040 5691 hnc

459 5722 634 5789 iaciat,
667 5723 1089 5791 persttadcbitur.

1157 317 1214 374 S.
1253 315 1530 374 JOANNIS
1564 311 2038 373 CllRYSOSTOMI
2080 310 2396 367 ABCHIEP.
2439 307 2972 368 CONSTANTINOP.

3653 299 3759 361 πο

2236 427 2292 481 5.
2332 424 2628 494 Propterea
2659 421 2816 477 vidua
2840 429 2961 491 post
2985 432 3201 475 corvos.
3260 416 3453 473 Videre
3482 425 3599 473 erat
3627 433 3757 487 pro-

2166 516 2379 586 phetam
2407 514 2737 570 muliercula:
2763 513 2960 569 factum
2987 511 3302 577 obnoxium,
3344 510 3579 565 animam
3604 510 3755 565 illam

2164 609 2230 663 ad
2255 610 2418 664 caelos
2442 623 2609 680 usque
2634 606 2915 663 sublimem
2941 619 3006 661 ac
3033 603 3267 659 divinam
3291 644 3307 669 ,
3339 617 3661 674 generosum
3700 613 3762 658 et

2163 702 2432 756 excelsum
2460 700 2671 756 Heliam
2696 699 2840 754 velut
2856 712 3104 754 erronem
3125 695 3408 767 quemdam
3447 710 3511 750 ac
3536 694 3752 750 mendi-

2169 810 2290 848 cum
2318 793 2387 849 ad
2415 792 2588 848 vidua:
2611 791 2831 862 ianuam
2858 791 3064 855 venire,
3108 796 3267 859 atque
3296 786 3426 842 illud
3470 801 3563 855 os,
3607 785 3756 858 quod

2163 886 2351 940 emtum
2377 884 2670 948 clauserat,
2721 881 3087 937 mendicorum
3117 894 3274 933 voces
3301 877 3574 932 eﬁ'undere
3607 894 3620 930 :
3669 877 3752 931 Da

2165 979 2293 1034 milti
2317 993 2532 1050 partem,
2559 976 2622 1032 da
2643 975 2771 1032 mihi
2802 989 3026 1046 aquam;
3049 981 3108 1026 ttt
3139 982 3193 1026 tu
3223 971 3419 1035 discas,
3448 969 3579 1024 nihil
3600 985 3759 1040 :cque

2163 1071 2478 1126 benevolum
2502 1078 2556 1125 et
2580 1069 2872 1122 humanum
2903 1080 3023 1120 esse
3047 1080 3111 1119 ac
3156 1062 3328 1117 vidua:
3373 1062 3593 1118 domum
3615 1102 3633 1127 ,
3697 1070 3756 1116 et

2166 1159 2562 1215 tabernaculum
2579 1157 2835 1228 egestatis
2855 1155 3097 1225 plenum,
3117 1167 3178 1208 ac
3204 1152 3507 1206 divitiarum
3528 1166 3756 1222 expers,

2163 1261 2217 1306 ct
2239 1250 2501 1304 malorum
2525 1263 2644 1320 quae
2667 1263 2732 1304 ex
2753 1246 2954 1302 divitiis
2976 1247 3240 1302 oriuntur.
3275 1242 3448 1298 Locus
3475 1242 3619 1297 enim
3642 1249 3762 1297 erat

2163 1357 2191 1395 a
2221 1341 2533 1397 tumultibus
2561 1339 2718 1407 liber,
2747 1338 3029 1408 omnisque
3054 1334 3404 1406 philosophire
3430 1335 3550 1405 plen
3562 1349 3650 1402 us,
3699 1342 3756 1390 et

2164 1441 2319 1502 portu
2364 1432 2552 1503 quovis
2591 1430 2946 1500 tranquillior.
2990 1425 3141 1482 Talia
3187 1425 3418 1481 maxime
3469 1425 3756 1497 requirunt

2163 1523 2430 1580 domicilia
2457 1531 2758 1579 sanctorum
2787 1520 3002 1576 animae.

2239 1614 2374 1669 Deus
2399 1612 2651 1686 quomodo
2703 1612 2847 1683 punit
2879 1609 3264 1666 Sodomitarum
3299 1607 3497 1679 nefaria
3527 1605 3762 1671 scelera;

2164 1706 2412 1778 quomodo
2457 1705 2598 1760 Deus
2640 1706 2694 1759 in
2734 1702 2990 1775 puniendo
3014 1717 3098 1756 eos
3133 1717 3186 1755 se
3209 1701 3380 1772 gessit.
3403 1699 3761 1771 —Pergebal

2166 1797 2323 1870 igitur
2367 1797 2434 1852 ad
2477 1797 2686 1852 viduam
2737 1795 3037 1868 prOphcta,
3084 1807 3204 1863 quat
3252 1791 3504 1854 Judzcos,
3558 1791 3765 1862 quibus

2168 1889 2343 1961 perosi
2369 1900 2520 1945 erant
2542 1889 2826 1961 peregrini,
2843 1886 3092 1956 exemplo
3116 1894 3234 1940 erat
3256 1901 3352 1940 suo
3371 1884 3721 1955 redargutura
3741 1903 3762 1941 :

2169 1981 2422 2052 pergebat
2473 1981 2540 2036 ad
2587 1981 2835 2044 viduam,
2891 1992 3188 2047 omnesque
3240 1975 3505 2043 docebat,
3563 1974 3766 2030 merito

2166 2071 2382 2127 Judzcos
2411 2087 2622 2140 pinnam
2654 2071 2795 2125 illam
2824 2070 3110 2124 sustinere.
3149 2065 3282 2122 Nam
3308 2081 3430 2120 cum
3461 2066 3512 2120 in
3545 2065 3762 2135 aliquos

2168 2178 2379 2235 pmnam
2409 2165 2652 2218 illaturus
2680 2171 2762 2216 est
2806 2161 2968 2224 Deus,
3008 2175 3113 2214 non
3145 2171 3357 2227 quoquo
3403 2155 3564 2210 modo
3617 2171 3753 2225 sup»

2167 2257 2384 2326 plicium
2427 2255 2703 2321 immittit,
2759 2268 2932 2324 neque
2976 2252 3056 2306 sui
3106 2249 3288 2320 jndicii
3341 2257 3625 2303 contentus
3676 2257 3766 2302 est

2167 2345 2391 2411 calculo,
2415 2344 2508 2398 sed
2534 2352 2588 2399 et
2613 2343 2754 2413 apud
2784 2343 3032 2397 homines
3057 2347 3279 2395 excusat
3321 2352 3380 2393 se
3419 2338 3583 2392 rebus
3622 2337 3758 2404 ipsis

2167 2450 2229 2490 ac
2250 2445 2446 2502 tuetur,
2477 2434 2699 2505 perinde
2722 2435 2875 2504 quasi
2902 2432 3179 2488 communi
3201 2430 3429 2502 quodam
3460 2429 3514 2484 in
3554 2427 3768 2499 judicio

2167 2525 2563 2595 suspicionibus
2600 2525 2744 2595 vulgi
2771 2524 3046 2595 expositus
3075 2523 3423 2592 disceptaret.
3479 2520 3547 2576 Et
3574 2534 3767 2590 quem-

2166 2617 2454 2672 admodum
2492 2617 2582 2687 qui
2616 2616 2880 2687 judicium
2924 2622 3212 2680 exercent,
3271 2628 3396 2668 cum
3452 2611 3526 2666 ad
3570 2610 3767 2666 mortis

2171 2710 2488 2780 supplicium
2545 2709 2850 2780 quempiam
2897 2717 3021 2763 sunt
3069 2705 3386 2766 abducturi.
3440 2705 3492 2758 in
3542 2703 3768 2759 sublimi

2169 2801 2520 2871 prmsidcntes
2574 2800 2825 2855 tribunali
2859 2840 2875 2865 ,
2923 2814 2989 2854 ac
3018 2799 3134 2855 vela
3179 2795 3422 2853 contrahi
3462 2795 3711 2867 iubentes
3746 2811 3766 2848 :

2169 2900 2332 2947 totam
2363 2893 2629 2948 civitatem
2657 2892 2858 2947 circum
2888 2905 3008 2946 sese
3034 2899 3177 2945 stare
3201 2897 3475 2955 curantes,
3507 2889 3578 2942 ita
3612 2887 3767 2942 velut

2169 2982 2221 3037 in
2276 2983 2490 3052 publico
2540 2982 2752 3038 theatro
2796 2980 3062 3051 judicant,
3116 2990 3172 3036 et
3211 2982 3262 3035 itt
3293 2980 3467 3036 oculis
3511 2978 3766 3034 omnium

2166 3081 2326 3143 atque
2353 3073 2572 3128 auribus
2602 3073 3047 3142 interrogationes
3076 3070 3336 3126 adhibent
3364 3087 3459 3126 reo
3478 3111 3494 3134 ,
3524 3079 3580 3124 et
3609 3079 3762 3131 aeta.

2165 3171 2220 3218 et
2245 3164 2660 3219 commentarios
2688 3165 2954 3219 scelerum
2982 3163 3049 3217 ab
3078 3163 3171 3218 illo
3198 3171 3629 3232 perpetratorum
3655 3160 3765 3230 legi

2166 3254 2498 3324 prtccipiunt,
2546 3263 2603 3310 et
2641 3255 2879 3310 efﬁciunt
2917 3264 2975 3310 ut
3012 3269 3140 3310 rcus
3185 3238 3297 3324 ipse
3348 3269 3568 3309 suorum
3627 3251 3766 3307 laci-

2167 3360 2356 3399 nnrum
2383 3344 2473 3399 ﬁat
2501 3353 2798 3409 accusator,
2836 3360 2900 3400 ac
2930 3355 3040 3400 tum
3068 3345 3286 3400 demum
3315 3343 3640 3400 sententiam
3681 3343 3766 3398 le-

2165 3444 2292 3490 runt
2324 3453 2339 3490 :
2371 3434 2444 3490 ita
2476 3450 2690 3507 quoque
2718 3435 2858 3492 Deus
2887 3444 3158 3507 tamquam
3188 3435 3240 3490 in
3274 3434 3486 3491 excelso
3520 3432 3764 3504 quodam

2168 3529 2416 3585 tribunali
2443 3529 2838 3598 prtcdicationis
2865 3528 3155 3598 Scriptura:
3179 3527 3494 3599 praesidens,
3537 3527 3764 3582 univer-

2165 3635 2284 3675 sum
2309 3619 2492 3675 orbem
2521 3627 2784 3674 terrarum
2832 3620 3150 3688 praecipiens
3175 3619 3590 3685 circumsistere,
3637 3631 3768 3688 spe.

2164 3710 2432 3766 ctantibus
2474 3711 2724 3766 omnibus
2769 3719 2823 3767 et
2865 3709 3221 3776 audientibus,
3273 3711 3626 3780 qumstioncm
3671 3711 3762 3763 in-

2165 3805 2340 3859 stituit
2379 3814 2742 3873 peccatorum,
2791 3819 2897 3858 non
2940 3805 3353 3860 commentarios
3393 3813 3450 3859 et
3490 3813 3609 3859 acta
3652 3803 3763 3876 legi

2165 3893 2502 3966 prmcipicns,
2535 3909 2708 3965 neque
2737 3894 2945 3949 tabulas
2971 3893 3024 3948 in
3053 3895 3287 3950 medium
3316 3894 3614 3958 adducens.
3657 3895 3761 3951 sed

2165 3985 2276 4054 ipsa
2305 3999 2520 4040 reorum
2561 3996 2776 4057 peccata
2813 3985 2968 4041 nobis
3009 3985 3081 4042 ob
3108 3987 3295 4043 oculos
3339 3987 3758 4058 contemplanda

2165 4089 2490 4144 proponens.

2232 4168 2290 4222 4.
2331 4167 2475 4224 Sane
2525 4184 2646 4225 cum
2688 4169 2879 4227 infesta
2923 4171 3141 4228 fulmina
3191 4173 3242 4228 in
3285 4171 3590 4228 Sodortlitas
3636 4179 3754 4227 erat

2163 4259 2537 4326 immissurus,
2589 4271 2644 4317 et
2687 4263 2913 4333 populos
2964 4263 3234 4334 urbesque
3294 4263 3546 4318 terribilis
3611 4262 3752 4318 illius

2163 4349 2392 4406 ﬂamma:
2430 4367 2589 4422 Opera
2631 4353 2698 4409 de
2738 4354 2915 4409 medio
2965 4354 3196 4424 regionis
3241 4354 3588 4418 sublaturus,
3625 4369 3746 4407 cum

2161 4457 2356 4495 novum
2386 4450 2442 4498 et
2469 4443 2741 4498 insolitum
2773 4444 2919 4498 illum
2954 4444 3178 4500 imbrem
3213 4443 3502 4514 dejiciebat
3525 4485 3540 4507 ,
3582 4443 3749 4497 multo

2159 4535 2320 4604 priori
2353 4536 2757 4602 terribiliorem,
2805 4551 2962 4606 quem
2995 4536 3222 4604 primum
3250 4547 3302 4590 et
3327 4535 3498 4603 solum
3521 4535 3603 4590 sol
3631 4549 3748 4586 um.

2158 4641 2317 4694 quant
2342 4627 2548 4696 aspexit
2579 4643 2591 4680 :
2623 4635 2911 4696 antequam
2943 4626 3224 4695 ejusmodi'
3249 4642 3459 4696 prauam
3501 4612 3745 4688 inferret,

2158 4732 2343 4772 eorum
2376 4718 2791 4789 improbitatem,
2821 4721 2909 4788 qui
2944 4719 3200 4788 puniendi
3226 4727 3412 4782 erant,
3460 4718 3620 4772 nobis
3664 4717 3747 4770 in-

2157 4809 2372 4876 dicavit,
2423 4826 2531 4865 non
2579 4811 2771 4865 tabulis
2819 4819 2877 4865 ut
2915 4810 3024 4865 dixi
3073 4811 3245 4874 lectis,
3288 4809 3382 4865 sed
3419 4809 3666 4864 adductis
3694 4808 3746 4862 in

2156 4902 2390 4956 medium
2438 4903 2567 4972 ipsis
2615 4919 2801 4958 eorum
2850 4903 3091 4974 peccatis
3125 4903 3281 4971 (Gen.
3315 4902 3425 4970 l9).
3455 4901 3748 4970 Propterea

2156 4993 2407 5049 nimirum
2433 4993 2652 5064 angelos
2681 4994 2844 5057 misit,
2869 5010 2974 5049 non
2998 5003 3200 5047 tantum
3229 5003 3284 5047 ut
3310 4993 3412 5049 Lat
3429 4991 3744 5053 educerent,

2154 5085 2247 5141 sed
2287 5095 2344 5138 ttt
2377 5085 2587 5140 illorum
2621 5085 2952 5154 iniquitatcttt
2982 5083 3368 5148 ostenderent;
3402 5081 3544 5150 quod
3583 5082 3746 5137 etiam

2157 5179 2355 5232 evenit.
2409 5177 2539 5232 Cum
2567 5178 2710 5232 enim
2738 5194 2831 5234 eos
2863 5178 2961 5231 Lot
2986 5177 3320 5245 excepisset,
3366 5173 3597 5242 hospitis
3643 5171 3746 5228 do-

2153 5284 2299 5323 mum
2339 5267 2667 5323 obsederunt
2700 5285 2908 5330 omnes,
2952 5277 3008 5323 ct
3050 5267 3102 5322 itt
3145 5267 3330 5323 orbem
3368 5267 3746 5322 circumstete-

2152 5368 2296 5413 runt.
2339 5359 2505 5427 llujus
2553 5367 2731 5413 autem
2781 5357 3074 5413 obsidionis
3128 5358 3404 5428 copiarum
3458 5356 3574 5412 dux
3625 5361 3748 5410 erat

2153 5451 2404 5507 infandus
2449 5467 2622 5517 amor,
2675 5459 2732 5508 et
2771 5450 2938 5521 iniqui
2981 5450 3248 5520 cupiditas
3288 5451 3484 5516 coitus,
3538 5448 3632 5520 qui
3689 5455 3747 5501 et

2150 5547 2323 5600 muttis
2350 5553 2407 5601 ct
2429 5554 2632 5599 natura:
2656 5544 2854 5600 limites
2874 5543 3186 5600 excedebat.
3214 5543 3397 5613 Neqe
3415 5541 3560 5597 enim
3587 5539 3740 5611 juve-

2155 5653 2250 5690 nes
2295 5636 2468 5690 solum
2508 5637 2999 5701 circumsteterunt,
3036 5635 3130 5691 scd
3169 5636 3331 5690 etiam
3365 5635 3609 5690 seniores
3643 5649 3657 5685 :
3687 5640 3742 5685 et

2159 5743 2325 5793 neque
2351 5727 2571 5782 canities
2604 5728 2799 5782 rabiem
2841 5727 3044 5784 sedavit
3115 5743 3288 5801 neque
3310 5726 3553 5790 iurarem
3585 5737 3734 5780 seno-
