4060 6260
337 350 441 404 559

326 477 426 547 τὴν
441 473 681 544 ἔφθασαν
696 472 797 542 τῆς
814 471 1130 543 φιλοσοφίας
1150 473 1367 547 ἀρετήν,
1387 475 1480 529 καὶ
1498 476 1596 547 τήν
1613 476 1782 548 αὐτὴν
1805 478 1902 530 ἐπ-

328 557 600 622 εδείξαντο
619 555 1036 627 φιλοφροσύνην,
1051 560 1120 628 τῇ
1140 557 1248 611 τῶν
1272 559 1709 630 κατορθωμάτων
1727 560 1908 628 ὁμοιό-

327 655 454 711 τητι
489 638 588 708 τὴν
626 638 947 706 συγγένειαν
986 639 1120 709 ἡμῖν
1157 639 1268 693 τῶν
1313 641 1597 712 Διαθηκῶν
1635 641 1906 696 ἐνδεικνύ-

331 740 511 795 μεναι.
547 721 816 792 Καθάπερ
843 721 954 793 γὰρ
989 721 1241 776 σκόπελοί
1269 740 1414 788 τινες
1444 725 1638 797 ὑψηλοὶ
1687 726 1908 796 περιϐε-

328 804 588 874 ϐλημένοι
618 802 862 874 λιμένας,
888 803 981 868 οὓς
1005 803 1068 876 δή
1101 804 1310 878 φάρους
1343 807 1528 861 καλεῖν
1552 807 1796 875 είὼθασι,
1820 809 1907 863 διὰ

328 889 514 959 πάσης
556 889 658 958 τῆς
687 888 879 950 νυκτὸς
924 887 1189 942 ἀσϐεστον
1234 889 1450 959 ἔχοντες
1482 890 1616 962 πῦρ,
1648 893 1775 954 τοὺς
1809 908 1907 944 πε-

330 973 710 1043 πλανημένους
759 969 902 1024 κατὰ
946 970 1008 1024 τὸ
1055 971 1293 1040 πέλαγος
1342 976 1408 1043 τῇ
1456 973 1760 1043 λαμπηδόνι
1810 972 1904 1027 τοῦ

329 1055 509 1127 φωτὸς
557 1054 695 1126 πρὸς
723 1054 822 1123 τὴν
869 1051 964 1106 τοῦ
996 1053 1215 1124 λιμένος
1245 1056 1681 1127 χειραγωγοῦσιν
1728 1057 1905 1127 ἀσφά-

326 1140 512 1194 λειαν·
561 1135 705 1190 οὑτω
738 1136 831 1188 καὶ
862 1127 1020 1188 αὑται
1055 1135 1306 1207 καθάπερ
1349 1138 1501 1200 τινάς
1539 1139 1764 1208 λιμένας
1805 1141 1904 1210 τὴν

329 1219 730 1292 φιλοφροσύνην
758 1216 1218 1288 περιϐεϐλημέναι
1242 1259 1256 1282 ,
1294 1219 1375 1290 τῷ
1403 1222 1542 1289 φωτὶ
1571 1223 1672 1291 τῆς
1700 1221 1906 1285 οἰκείας

332 1301 736 1376 μεγαλοψυχίας
755 1301 881 1364 τοὺς
900 1302 957 1355 ἐν
977 1304 1040 1372 τῇ
1068 1301 1344 1375 βαθυτάτῃ
1363 1303 1550 1357 νυκτί·
1581 1304 1773 1368 νυκτὸς
1795 1305 1906 1376 γάρ

327 1387 481 1442 οὐδὲν
506 1387 728 1457 ἄμεινον
757 1382 914 1454 ήμῶν
947 1385 980 1454 ή
1014 1382 1127 1455 ζωὴ
1149 1384 1442 1448 διάκειται,
1480 1386 1729 1458 καθάπερ
1751 1389 1844 1440 καὶ
1876 1388 1906 1439 6

329 1471 544 1534 Παῦλός
577 1485 742 1540 φησιν
761 1509 776 1535 ,
805 1468 887 1520 ὅτι
923 1467 985 1520 Ἠ
1021 1467 1134 1531 νὺξ
1167 1471 1528 1537 προέκοψεν,
1554 1471 1593 1538 ἠ
1621 1471 1690 1523 δὲ
1722 1468 1907 1538 ἡμέρα

327 1555 536 1625 ἧγγικε
561 1570 575 1584 ·
606 1552 732 1614 τοὺς
756 1545 848 1604 οὖν
879 1551 937 1603 ἐν
970 1553 1033 1620 τῇ
1065 1549 1337 1623 βαθυτάτῃ
1364 1555 1521 1604 νυκτὶ
1551 1553 1690 1606 κατά
1719 1554 1779 1606 τὸ
1805 1554 1904 1607 πέ-

325 1637 490 1706 λαγος
537 1635 637 1706 τῆς
677 1633 1042 1705 φιλαργυρίας
1089 1632 1494 1702 πλανωμένους,
1540 1636 1634 1687 καὶ
1659 1634 1907 1703 γίνεσθαι

331 1721 620 1790 μέλλοντας
654 1716 1049 1787 ὑποϐρυχίους,
1096 1715 1235 1786 πρὸς
1260 1715 1358 1783 τὴν
1391 1717 1520 1787 παρ’
1565 1717 1772 1770 ἑαυτῶν
1805 1733 1906 1770 κα-

326 1803 510 1858 λοῦσιν
550 1799 850 1871 ἀσφάλειαν
875 1838 889 1862 ,
941 1799 1003 1852 τὸ
1036 1799 1134 1867 τῆς
1164 1798 1573 1870 φιλανθρωπίας
1616 1802 1906 1867 διαπαντὸς

328 1889 616 1958 καιόμενον
637 1884 856 1954 ἔχουσαι
885 1881 1015 1953 πῦρ,
1047 1883 1140 1934 καὶ
1165 1881 1525 1946 διασώζουσαι
1551 1885 1612 1938 τὸ
1634 1885 1732 1956 τῆς
1762 1885 1910 1956 ἐλεη-

331 1970 570 2043 μοσύνης
601 1967 863 2022 ἄσϐεστον
890 1966 1026 2036 φῶς.

401 2068 467 2139 β’.
488 2065 647 2120 Ἀλλὰ
674 2065 800 2136 περὶ
818 2064 1032 2134 ἐκείνης
1052 2064 1151 2134 μὲν
1174 2065 1231 2118 ἐν
1245 2064 1418 2136 ἑτέρῳ
1439 2064 1642 2135 καιρῷ⁹
1668 2067 1908 2138 τήμερον

324 2157 382 2210 δὲ
409 2154 536 2225 περὶ
561 2155 661 2226 τῆς
686 2154 744 2206 ἐν
769 2155 836 2222 τῇ
873 2152 1085 2224 Παλαιᾷ
1129 2153 1265 2223 πρὸς
1291 2153 1435 2222 ὑμᾶς
1469 2153 1721 2223 ἐροῦμεν,
1763 2156 1906 2208 Πάν-

327 2245 435 2308 τωξ
459 2242 567 2313 γὰρ
605 2241 699 2294 καλ⁵
735 2239 941 2311 ταύτης
979 2241 1400 2312 ἐπαινουμένης,
1436 2240 1651 2312 ἐκείνης
1681 2240 1791 2296 τῶν
1817 2243 1914 2309 ἐγ-

325 2331 553 2401 κωμίων
585 2329 635 2381 οί
665 2327 920 2396 στέφανοι
956 2326 1244 2381 πλέκονται
1264 2344 1277 2357 ⁸
1308 2322 1382 2382 ὧν
1404 2328 1513 2398 γάρ
1536 2328 1605 2382 τὰ
1637 2329 1913 2399 κατορθώ-

330 2434 479 2489 ματα
504 2416 616 2481 ῖσα,
639 2414 734 2468 καὶ
758 2415 807 2466 οἱ
826 2413 974 2480 λόγοι
996 2412 1105 2466 τῶν
1134 2415 1426 2486 ἐγκωμίων
1453 2417 1640 2469 κοινοί.
1660 2415 1911 2483 Ἐγένετο

323 2505 502 2559 τοίνυν
543 2502 684 2556 κατὰ
732 2502 860 2563 τοὺς
910 2499 1115 2572 ταύτης
1162 2503 1388 2572 χρόνους
1439 2501 1595 2572 λιμὸς
1640 2501 1906 2574 χαλεπός⁹

323 2594 448 2664 οὑχὶ
481 2593 514 2663 ή
544 2592 615 2660 γῆ
645 2590 702 2644 δὲ
736 2587 988 2660 καμοῦσα
1024 2591 1381 2661 παρῃτήσατο
1419 2589 1515 2660 τὴν
1548 2591 1738 2662 φοράν,
1774 2591 1912 2646 ἀλλά

327 2683 438 2736 τῶν
469 2678 773 2751 ἀνθρώπων
794 2678 860 2730 τά
885 2679 1262 2749 ἁμαρτήματα
1291 2678 1385 2730 τοῦ
1410 2677 1545 2732 Θεοῦ
1578 2679 1676 2750 τὴν
1701 2679 1911 2752 δωρεὰν

324 2769 760 2842 ἀπεκρούσαντο.
803 2765 1052 2835 Ἐγένετο
1087 2766 1268 2818 τοίνυν
1300 2765 1458 2836 λιμὸς
1500 2767 1740 2837 χαλεπὸς
1763 2806 1778 2832 ,
1815 2769 1911 2820 καὶ

324 2859 502 2930 λιμῶν
547 2858 802 2912 ἁπάντων
836 2855 1161 2927 πικρότατος
1181 2873 1194 2886 ·
1257 2857 1353 2909 καὶ
1384 2855 1572 2909 τοῦτον
1605 2856 1782 2926 ἤγαγε
1819 2855 1912 2910 τὸν

327 2946 486 3021 λιμὸν
523 2948 552 2999 6
589 2945 763 3015 μέγας
801 2943 987 3006 Ἠλίας
1010 2982 1025 3006 ,
1061 2943 1316 3013 καθάπερ
1347 2942 1468 2995 τινὰ
1501 2943 1731 3015 φοϐερὸν
1763 2944 1910 2996 οίκέ-

326 3053 430 3109 την
479 3033 717 3094 καλέσας
740 3070 756 3094 ,
807 3031 948 3085 ὥστε
985 3030 1114 3093 τοὺς
1163 3029 1480 3093 συνδούλους
1512 3030 1603 3083 τὸν
1633 3031 1912 3102 Δεσπότην

328 3121 654 3195 ὑϐρίζοντας
685 3117 1051 3187 σωφρονίσαιο
1103 3115 1304 3187 μᾶλλον
1344 3116 1400 3170 δέ
1449 3117 1704 3170 ἐκάλεσεν
1750 3117 1912 3173 αὑτὸν

324 3211 439 3264 τῶν
479 3206 750 3262 Ἰουδαίων
769 3203 838 3257 τὰ
862 3203 1238 3275 ἁμαρτήματα
1263 3221 1278 3234 ·
1307 3204 1533 3274 ἐκόμισε
1553 3204 1611 3256 δέ
1637 3204 1799 3257 αὑτὸν
1818 3203 1909 3257 τοῦ

328 3297 611 3368 προφήτου
644 3293 705 3346 τὸ
733 3291 930 3362 στόμα,
957 3294 1006 3344 Ζ
1012 3289 1045 3358 ἦ
1073 3290 1202 3362 γάρ,
1235 3291 1402 3361 φησὶ,
1436 3292 1656 3361 Κύριος
1684 3294 1718 3347 ό
1738 3291 1910 3360 Θεὸς,

328 3387 380 3440 ιι
411 3383 586 3437 ἔσται
613 3379 809 3446 ὑετὸς,
847 3379 904 3434 εὶ
925 3377 1012 3447 μὴ
1038 3378 1138 3432 διὰ
1165 3379 1466 3448 στόματός
1486 3397 1626 3449 μου.

399 3483 511 3541 Ἦν
528 3484 706 3539 τοίνυν
735 3483 1008 3556 ἀφόρητον
1037 3482 1207 3537 κακόν
1230 3498 1244 3511 ·
1265 3483 1386 3536 οὐδὲ
1416 3482 1526 3554 γάρ
1547 3485 1646 3554 τὴν
1668 3484 1912 3556 γαστέρα

327 3578 429 3650 τῆς
451 3576 558 3646 γῆς
584 3575 779 3644 ἄγονον
811 3572 1035 3643 ἐποίησε
1072 3571 1232 3642 μόνον
1263 3572 1296 3642 ή
1328 3572 1536 3644 φοϐερά
1569 3571 1662 3625 τοῦ
1694 3576 1911 3647 προφή-

329 3687 424 3726 του
459 3667 610 3739 φωνὴ
633 3709 649 3733 ,
684 3665 938 3720 ἀλλὰκαὶ
971 3664 1110 3718 αὑτά
1146 3662 1256 3716 τῶν
1299 3665 1558 3734 ποταμῶν
1602 3665 1673 3718 τὰ
1720 3667 1911 3740 ῥεῖθρα

330 3760 625 3824 ἀνέστειλε,
657 3756 750 3811 καὶ
795 3757 845 3810 oi
883 3755 1174 3826 χείμαρροι
1216 3755 1339 3809 τότε
1387 3753 1732 3828 ἐξηραίνοντο
1775 3759 1913 3815 πάνυ

330 3869 442 3915 τες.
487 3850 598 3904 Καὶ
647 3846 898 3918 καθάπερ
941 3845 1176 3916 πυρετὸς
1206 3845 1406 3918 λάϐρος
1445 3847 1537 3900 καὶ
1568 3847 1800 3920 διακαής
1832 3853 1914 3916 εἰς

333 3942 585 4013 σώματος
608 3938 768 4010 φύσιν
792 3935 1069 4008 ἐμπεσὼν,
1097 3937 1219 4007 οὑχὶ
1248 3937 1346 4008 τὴν
1372 3938 1696 4008 ἐπιφάνειαν
1725 3941 1913 4013 ξηραί-

330 4047 413 4085 νει
460 4030 651 4100 μόνον,
691 4026 827 4081 ἀλλὰ
855 4027 949 4080 καί⁸
981 4025 1119 4099 πρὸς
1152 4027 1284 4081 αὐτὸ
1340 4029 1598 4100 χωρήσας
1626 4031 1686 4084 τὸ
1713 4031 1909 4102 βάθος,

330 4122 500 4193 αὑτὴν
526 4119 636 4175 τῶν
664 4117 837 4173 ὀστῶν
865 4117 1215 4190 καταφρύγει
1243 4119 1343 4190 τὴν
1371 4119 1532 4189 φύσιν
1553 4139 1567 4152 ο
1592 4121 1735 4176 οὑτω
1765 4126 1860 4178 καὶ
1884 4127 1914 4180 6

331 4215 453 4269 τότε
480 4213 766 4283 γενόμενος
799 4209 1010 4281 αὐχμὸς
1028 4251 1043 4274 ,
1073 4211 1198 4282 οὑχὶ
1240 4211 1338 4282 τήν
1371 4211 1494 4282 δψιν
1517 4214 1617 4286 τῆς
1643 4216 1749 4286 γῆς
1782 4235 1914 4272 κατ.

333 4307 532 4360 έκαυσε
564 4305 745 4375 μόνον,
775 4301 913 4356 ἀλλά
940 4300 1035 4355 καὶ
1066 4301 1203 4373 πρὸς
1228 4302 1398 4369 αὑτάς
1422 4304 1522 4369 τὰς
1551 4307 1784 4376 λαγόνας
1825 4309 1910 4362 ελ-

331 4396 463 4463 θὼν,
497 4397 677 4450 πᾶσαν
710 4393 954 4450 κάτωθεν
986 4392 1262 4446 ἀνέσπασε
1290 4393 1390 4465 τὴν
1417 4395 1616 4450 νοτίδα.
1654 4398 1720 4451 Τί
1761 4395 1854 4453 οὖν
1883 4399 1913 4452 6

329 4488 464 4552 θεὸς
515 4485 651 4558 πρὸς
693 4484 784 4539 τδν
827 4483 1148 4556 προφήτηνς
1202 4483 1551 4554 Ἀνάστηθι,
1594 4490 1758 4558 φησὶ,
1814 4490 1914 4544 και

332 4579 656 4647 πορεύθητι
691 4578 780 4643 είς
815 4574 1094 4645 Σαρεςοθὰ
1126 4573 1239 4642 τῆς
1274 4575 1568 4645 Σιδῶνος·
1601 4579 1734 4634 ἐκεῖ
1753 4581 1914 4636 ἐντε-

330 4669 548 4737 λοῦμαι
574 4665 815 4737 γυναικὶ
845 4665 1004 4734 χήρᾳ
1030 4664 1137 4718 τοῦ
1165 4664 1480 4736 διαθρέψαι
1510 4683 1606 4724 σε.
1629 4670 1696 4723 Τί
1720 4670 1910 4738 τοῦτο;

332 4762 428 4815 ἐπὶ
470 4762 570 4831 τῆς
610 4760 820 4822 οίκείας
856 4759 1115 4829 οὐδεμιᾶς
1157 4759 1438 4814 ἀπέλαυσε
1491 4763 1908 4837 φιλοφροσύνης,

331 4853 426 4906 καὶ
463 4853 544 4916 είς
585 4851 686 4919 τὴν
717 4848 1005 4920 ἀλλοτρίαν
1029 4851 1194 4905 αὑτὸν
1222 4851 1488 4922 πέμπεις,
1520 4855 1614 4907 καὶ
1645 4856 1783 4927 πρὸς
1809 4874 1912 4926 γυ..

329 4945 494 4998 ναῖκα
533 4942 747 5013 χήρανς
785 4940 850 4992 El
897 4938 1008 5010 γὰρ
1037 4939 1268 5012 εὔπορος
1295 4937 1386 5013 ἦν,
1418 4944 1467 4996 εί
1509 4943 1618 5014 γάρ
1647 4945 1914 5002 πλουσιω-

327 5037 491 5104 τάτη,
531 5034 580 5087 εί
625 5033 734 5104 γάρ
761 5031 927 5087 αὑτοῦ
960 5031 1057 5086 τοῦ
1093 5032 1466 5104 βασιλεύοντος
1506 5039 1668 5110 γυνὴ,
1719 5042 1768 5094 εί
1803 5040 1913 5112 γάρ

327 5127 554 5195 ταμιεῖα
602 5121 814 5176 πολλῶν
860 5118 1006 5192 εἶχεν
1052 5123 1487 5196 ἐμπεπλησμένα
1533 5131 1911 5202 γεννημάτων,

329 5217 430 5268 οὑκ
479 5215 547 5270 ἂν
577 5213 748 5283 αὑτῆς
791 5213 992 5284 μᾶλλον
1038 5215 1137 5285 τῆς
1164 5215 1269 5286 γῆς
1304 5216 1404 5288 τήν
1449 5220 1765 5291 προαίρεσιν
1813 5225 1914 5278 ἀπ-

330 5308 655 5379 εστείρωσεν
701 5306 730 5358 6
763 5307 857 5358 τοῦ
887 5306 1047 5376 λιμοῦ
1089 5306 1287 5376 φόϐος;
1315 5309 1433 5362 Ἵνα
1457 5306 1552 5364 οὖν
1581 5312 1656 5384 μὴ
1678 5314 1853 5371 ταῦτα
1883 5317 1912 5370 6

331 5397 620 5468 προφήτης
650 5394 804 5467 λέγῃ,
845 5395 980 5465 μηδὲ
1018 5394 1412 5464 διαλογίζηται,
1447 5398 1535 5452 διὰ
1561 5401 1718 5453 τοῦτο
1755 5394 1915 5468 αὑτὸξ

331 5486 484 5562 [330]
528 5489 792 5558 πρότερον
821 5486 909 5540 διά
942 5486 1052 5540 τῶν
1087 5487 1337 5558 κοράκων
1381 5489 1600 5559 ἔθρεψε,
1629 5497 1911 5567 μονονουχὶ

330 5580 469 5652 πρὸς
492 5577 655 5632 αὑτὸν
681 5576 854 5645 λέγων
879 5577 968 5631 διὰ
991 5578 1100 5633 τῶν
1125 5580 1451 5650 γενομένων,
1472 5583 1555 5636 ὅτι
1579 5582 1638 5635 Εἰ
1660 5584 1760 5656 τήν
1785 5587 1908 5640 ἄλο-

330 5688 424 5739 γον
461 5669 622 5739 φύσιν
649 5667 990 5738 ξενοδοχῆσαί
1021 5687 1080 5722 σε
1116 5674 1526 5742 παρεσκεύασα,
1567 5676 1743 5749 πολλῷ
1777 5679 1909 5749 μᾶλ-

327 5761 419 5816 λον
450 5764 482 5833 ἡ
507 5760 699 5831 λογικὴ
739 5760 1086 5822 πεισθήσεται
1115 5763 1270 5818 τοῦτο
1306 5766 1543 5838 ποιῆσαι.

1559 371 1626 428 IN
1669 372 1926 428 IIELIAM
1965 373 2051 429 ET
2087 375 2368 434 VIDUAM.

3482 382 3588 438 360

2081 491 2151 552 γ’.
2180 487 2277 541 Διά
2299 488 2457 543 τοῦτο
2474 489 2610 560 μετὰ
2623 489 2747 554 τοὺς
2763 490 3001 564 κόρακας
3020 491 3050 563 ἡ
3069 492 3232 563 χήρα.
3252 493 3358 549 Καὶ
3378 489 3444 567 ἦν
3465 497 3593 552 ἰδεῖν

2009 571 2102 624 τὸν
2133 577 2418 648 προφήτην
2457 577 2710 632 ὑπόδικον
2739 579 3028 651 γενόμενον
3062 581 3339 650 γυναικὸς,
3368 583 3467 655 τὴν
3496 586 3590 638 o6-

2015 663 2297 734 ρανομήκη
2321 665 2417 718 καὶ
2444 664 2594 718 θείαν
2621 664 2800 737 ψυχὴν
2827 668 3064 741 ἐκείνην,
3095 669 3184 722 τὸν
3210 673 3456 738 γενναῖον
3494 674 3592 727 καὶ

2012 747 2215 816 ὑψηλὸν
2251 749 2458 814 Ἠλίαν,
2508 752 2699 825 ὥσπερ
2739 753 2943 826 ἀλήτην
2987 755 3109 809 τινὰ
3151 758 3243 810 καὶ
3287 756 3590 831 προσαίτην

2012 835 2149 906 πρὸς
2177 835 2274 900 τὰς
2304 838 2474 909 θύρας
2504 842 2602 912 τῆς
2633 843 2810 913 χήρας
2841 843 3152 913 ἐρχόμενον,
3178 846 3273 898 καὶ
3300 846 3359 900 τὸ
3388 847 3586 917 στόμα,

2011 923 2038 976 ὃ
2064 923 2157 977 τὸν
2189 925 2417 998 οὐρανὸν
2439 927 2669 994 ἔκλεισε,
2701 930 2799 995 τὰς
2824 931 2932 984 τῶν
2961 935 3397 1002 προσαιτούντων
3424 937 3590 1007 φθεγ-

2010 1010 2245 1080 γόμενον
2281 1015 2464 1082 φωνάς
2486 1032 2500 1048 ο
2533 1017 2632 1084 Δός
2670 1034 2760 1088 μοι
2801 1018 2986 1089 ἄρτον,
3017 1019 3104 1084 δός
3155 1039 3246 1092 μοι
3283 1022 3463 1097 ὕδωρο
3499 1026 3591 1081 ἵνα

2013 1103 2076 1155 σὺ
2111 1102 2289 1175 μάθῃς
2316 1105 2398 1158 ὅτι
2443 1105 2596 1160 οὐδὲν
2643 1105 2814 1173 οὕτως
2857 1110 3178 1182 ἐπιτήδειον,
3219 1113 3295 1177 ὡς
3330 1115 3592 1182 γυναικὸς

2009 1189 2156 1244 οἰκία
2185 1192 2392 1263 χήρας,
2428 1195 2522 1247 καὶ
2562 1196 2735 1266 σκηνή
2772 1196 2963 1260 πενίας
2996 1197 3259 1268 γέμουσα,
3297 1201 3390 1255 καὶ
3422 1201 3587 1256 πλού-

2009 1293 2101 1330 του
2135 1278 2231 1332 καὶ
2261 1279 2370 1332 τῶν
2401 1281 2511 1334 ἀπὸ
2545 1283 2639 1334 τοῦ
2672 1283 2902 1338 πλούτου
2949 1286 3134 1339 κακῶν
3172 1287 3586 1362 ἀπηλλαγμένη.

2011 1365 2268 1435 Καθαρὸν
2292 1367 2398 1438 γάρ
2421 1367 2666 1439 θορύϐων
2695 1366 2761 1441 ἦν
2787 1371 2846 1424 τὸ
2874 1372 3088 1443 χωρίον,
3114 1375 3207 1427 καὶ
3233 1377 3413 1439 πάσης
3441 1378 3590 1447 φιλο-

2013 1451 2208 1519 σοφίας
2267 1453 2495 1522 μεστὸν,
2560 1457 2655 1508 καὶ
2718 1457 2935 1528 λιμένος
2993 1462 3193 1525 παντὸς
3245 1463 3584 1537 εὑδιὼτερον.

2010 1539 2244 1592 Τοιαῦτα
2277 1541 2340 1612 δὴ
2373 1543 2607 1612 μάλιστα
2635 1544 3024 1618 ἐνδιαιτήματα
3056 1551 3163 1604 τῶν
3191 1551 3360 1621 ἁγίων
3391 1555 3589 1627 ἐπιζη-

2009 1625 2192 1679 τοῦσιν
2220 1628 2276 1680 αί
2307 1627 2497 1698 ψυχαί.

2093 1735 2283 1806 Ἀπῄει
2335 1737 2511 1792 τοίνυν
2555 1742 2692 1812 πρὸς
2739 1742 2838 1814 τὴν
2870 1744 3046 1817 χήραν
3075 1747 3102 1800 ὁ
3137 1749 3451 1820 προφήτης,
3490 1753 3593 1823 τῆς

2024 1821 2317 1892 Ἰουδαϊκῆς
2344 1825 2651 1894 μισοξενίας
2677 1827 2899 1900 ἔλεγχον
2929 1833 3196 1906 ἐσομένην
3218 1853 3232 1866 ·
3259 1835 3427 1907 ἀπῄει
3452 1821 3592 1909 πρὸς

2010 1907 2110 1977 τὴν
2147 1911 2357 1979 χήραν,
2393 1911 2658 1968 διδάσκων
2701 1914 2947 1980 ἃπαντας
2984 1919 3064 1972 ὅτι
3101 1921 3324 1986 δικαίως
3373 1923 3591 1994 ἐκείνην

2011 1995 2108 2065 τὴν
2152 1996 2372 2051 κόλασιν
2400 1999 2779 2070 ’ὑπομένουσιν
2835 2006 3095 2061 Ἰουδαῖοι.
3148 2010 3258 2063 Καὶ
3301 2010 3410 2083 γάρ
3460 2013 3590 2067 ὅταν

2017 2082 2185 2153 μέλλῃ
2215 2083 2366 2147 τινάς
2398 2085 2645 2151 κολάζειν
2676 2092 2704 2142 6
2731 2090 2884 2155 Θεὸς,
2910 2095 3007 2164 οὑχ
3047 2095 3234 2161 άπλῶς
3267 2082 3462 2166 ἐπάγει
3490 2100 3593 2172 τὴν

2012 2171 2314 2240 τιμωρίαν,
2359 2173 2480 2226 οὐδὲ
2526 2178 2590 2245 τῇ
2644 2177 2745 2245 τῆς
2795 2179 2999 2244 οἰκείας
3051 2181 3289 2256 κρίσεως
3339 2171 3594 2256 ἀρκεῖται

2013 2255 2196 2326 ψήφῳ,
2227 2257 2362 2310 άλλά
2397 2261 2488 2312 καὶ
2513 2263 2624 2324 τοῖς
2655 2264 2964 2335 ἀνθρώποις
2993 2255 3222 2322 διάντῶν
3247 2255 3592 2342 πραγμάτων

2015 2344 2382 2412 ἀπολογεῖται,
2415 2347 2604 2421 ὥσπερ
2628 2353 2688 2404 ἐν
2713 2354 2875 2424 κοινῷ
2907 2354 3244 2428 δικαστηρίῳ
3275 2360 3594 2430 κρινόμενος

2014 2433 2135 2494 ταῖς
2171 2432 2279 2485 τῶν
2328 2434 2540 2488 πολλῶν
2585 2437 2881 2503 ὑπονοίαις.
2928 2443 3038 2495 Καὶ
3069 2443 3322 2515 καθάπερ
3363 2447 3412 2500 οί
3441 2447 3595 2500 δικάο

2016 2516 2234 2586 ζοντες,
2281 2522 2407 2574 ὅταν
2443 2523 2676 2594 μέλλωσι
2723 2544 2844 2581 τινα
2885 2529 2985 2600 τὴν
3025 2532 3118 2584 ἐπὶ
3161 2531 3393 2588 θάνατον
3438 2535 3595 2604 ἄγειν

2014 2605 2152 2670 ὁδὸν,
2185 2608 2268 2677 ἐφ’
2299 2609 2504 2680 ὑψηλοῦ
2526 2611 2618 2664 τοῦ
2648 2613 2892 2684 βήματος
2931 2618 3381 2688 προκαθίσαντες,
3400 2623 3495 2676 καὶ
3524 2623 3596 2677 τά

2018 2697 2499 2766 παραπετάσματα
2525 2700 2950 2774 συνελκυσθῆναι
2980 2705 3356 2772 κελεύσαντες,
3374 2711 3468 2764 καὶ
3496 2712 3596 2782 τήν

2017 2781 2172 2835 πόλιν
2197 2784 2381 2848 αὑτοῖς
2421 2789 2848 2860 περιστήσαντες
2889 2791 3108 2847 ἃπασαν
3126 2834 3140 2860 ,
3171 2794 3314 2850 οὑτω
3344 2798 3596 2871 καθάπερ

2019 2871 2076 2922 ἐν
2108 2871 2319 2942 θεάτρῳ
2357 2876 2520 2944 κοινῷ
2550 2877 2858 2943 δικάζοντες
2885 2881 3021 2952 πρὸς
3041 2883 3133 2936 τὸν
3161 2886 3470 2953 κατάδικον,
3489 2888 3596 2942 ὑπὸ

2016 2959 2138 3020 ταῖς
2178 2959 2432 3013 ἁπάντων
2465 2961 2619 3030 ὂψεσι
2663 2965 2757 3016 καὶ
2798 2966 2989 3030 ἀκοαῖς
3017 2968 3117 3032 τὰς
3151 2969 3374 3036 πεύσεις
3417 2974 3598 3028 ποιού-

2021 3059 2193 3113 μενοι,
2219 3046 2407 3100 καὶτὰ
2445 3047 2814 3122 ὑπομνήματα
2849 3053 2959 3106 τῶν
2997 3055 3224 3120 ἐκείνοις
3257 3059 3595 3134 τετολμημέο

2017 3145 2126 3184 νων
2158 3133 2578 3204 ἀναγνωσθῆναι
2614 3138 2947 3206 κελεύοντες,
2996 3143 3090 3196 καὶ
3117 3143 3280 3198 αὑτὸν
3308 3146 3399 3199 τὸν
3427 3133 3596 3202 ὑπεύ-

2019 3218 2177 3274 θυνον
2206 3222 2314 3276 τῶν
2352 3224 2501 3296 αὑτῷ
2548 3228 2967 3299 τετολμημένων
2993 3232 3246 3300 γενέσθαι
3289 3237 3595 3310 κατήγορον

2017 3310 2547 3380 παρασκευάζοντες,
2583 3315 2703 3369 τότε
2732 3317 2832 3388 τήν
2875 3319 3054 3391 ψῆφον
3085 3322 3382 3392 ἐπάγουσιν
3406 3341 3419 3353 ·
3450 3327 3597 3382 οὕτω

2018 3396 2114 3483 καὶ
2137 3397 2167 3448 6
2206 3397 2366 3465 Θεὸς,
2399 3399 2652 3474 καθάπερ
2685 3404 2771 3474 ἐφ’
2815 3406 3020 3478 ὑψηλοῦ
3048 3409 3144 3463 τοῦ
3178 3411 3456 3483 βήματος,
3495 3415 3593 3470 τοῦ

2017 3482 2126 3535 τῶν
2153 3484 2192 3536 Γ
2196 3485 2383 3556 ραφῶν
2413 3487 2767 3560 κηρύγματος
2798 3495 3155 3563 προκαθίσας,
3176 3482 3271 3552 καὶ
3292 3499 3391 3572 τήν
3417 3504 3597 3556 οἰκουο

2021 3569 2193 3642 μένην
2223 3574 2443 3628 ἅπασαν
2491 3579 2846 3650 περιστήσας,
2875 3581 2982 3634 ὑπὸ
3006 3585 3126 3649 ταῖς
3151 3569 3406 3641 ἁπάντων
3438 3588 3596 3660 ὄψεσι

2018 3664 2112 3715 καὶ
2132 3662 2324 3726 ἀκοαῖς
2345 3666 2576 3717 ποιεῖται
2607 3665 2715 3720 τῶν
2749 3667 3166 3740 ἁμαρτημάτων
3193 3674 3292 3747 τὴν
3322 3677 3591 3747 ἐξέτασιν,

2017 3750 2115 3821 οὑχ
2141 3751 2506 3822 ὑπομνήματα
2527 3753 2940 3826 ἀναγνωσθῆναι
2970 3759 3228 3828 κελεύων,
3264 3765 3385 3817 οὑδὲ
3407 3767 3594 3839 γράμ-

2023 3855 2168 3907 ματα
2193 3841 2457 3912 παράγων
2496 3843 2576 3905 είς
2604 3844 2787 3912 μέσον,
2808 3845 2925 3899 ἀλλ’
2955 3849 3138 3914 αὑτοῖς
3165 3853 3314 3922 ήμάς
3342 3857 3453 3920 τοῖς
3483 3856 3596 3912 τῶν

2019 3926 2324 3980 καταδίκων
2357 3928 2592 3996 ἐφιστῶν
2617 3931 2838 4004 άμαρτή
2847 3951 3034 4004 μασιν.

2087 4035 2149 4089 δ’.
2180 4037 2308 4091 Ὅτε
2326 4037 2454 4105 γοῦν
2466 4039 2593 4103 τοὺς
2611 4041 2880 4110 χαλεποὺς
2897 4046 3192 4116 κεραυνοὺς
3205 4049 3344 4104 κατά
3367 4050 3475 4104 τῶν
3497 4053 3595 4106 Σο-

2017 4122 2252 4193 δομιτῶν
2279 4124 2495 4193 ἀφεῖναι
2510 4125 2729 4196 ἤμελλε,
2751 4129 2844 4184 καὶ
2865 4130 3070 4202 δήμους
3099 4135 3192 4187 καὶ
3219 4135 3401 4202 πόλεις
3423 4139 3593 4212 ἀναρ-

2019 4210 2156 4274 πάζε
2167 4229 2214 4263 ιν
2241 4212 2307 4265 ἐκ
2336 4212 2500 4284 μέσου
2527 4216 2625 4286 της
2653 4214 2840 4288 χώρας
2879 4217 2968 4272 διὰ
3008 4220 3105 4291 τῆς
3129 4223 3367 4296 φοϐερᾶς
3395 4210 3594 4296 φλογὸς

2018 4298 2250 4368 ἐκείνης,
2283 4299 2371 4353 ὅτε
2401 4300 2492 4356 τὸν
2519 4303 2707 4357 καινὸν
2734 4306 2826 4357 καὶ
2853 4307 3157 4378 παράδοξον
3190 4309 3345 4366 ὑετὸν
3369 4313 3463 4366 ἐπὶ
3495 4315 3596 4386 τήν

2018 4386 2122 4457 γῆν
2141 4385 2314 4455 ἠφίει,
2332 4385 2426 4439 τοῦ
2451 4388 2716 4459 προτέρου
2739 4393 3174 4466 φρικωδέστερον
3197 4396 3347 4462 ὄντα,
3372 4399 3431 4454 ὃν
3453 4385 3596 4473 πρῶ·

2018 4490 2109 4526 τον
2147 4475 2242 4526 καὶ
2278 4473 2438 4544 μόνον
2466 4475 2618 4547 ἥλιος
2648 4478 2861 4531 ἐπεῖδεν
2882 4496 2896 4510 ο
2927 4480 3051 4533 ἐπεὶ
3079 4481 3320 4538 τοιοῦτον
3344 4488 3473 4555 πρὶν
3504 4501 3530 4529 ι
3557 4490 3590 4559 ﬂ

2017 4562 2118 4631 τὴν
2141 4559 2360 4614 κόλασιν
2379 4562 2584 4633 ταύτην
2614 4565 2932 4634 ἐπαγαγεῖν,
2963 4566 3132 4635 ἔδειξε
3154 4568 3262 4623 τῶν
3289 4570 3595 4640 μελλόντων

2019 4647 2341 4713 κολάζεσθαι
2373 4649 2471 4721 τήν
2495 4652 2759 4723 πονηρίαν
2788 4655 2940 4724 ἡμῖν,
2971 4655 3088 4726 οὐχὶ
3129 4658 3434 4730 γράμματα
3461 4662 3592 4715 ἀνα-

2017 4736 2322 4806 γινώσκων,
2351 4737 2603 4810 καθάπερ
2629 4739 2785 4811 ἔφην,
2814 4741 2930 4795 ἀλλ’
2957 4743 3098 4797 αὑτά
3120 4747 3200 4810 είς
3243 4748 3411 4818 μέσον
3448 4767 3590 4822 παρα

2019 4824 2242 4892 αγαγὼν
2269 4823 2338 4880 τὰ
2365 4826 2758 4897 ἁμαρτήματα.
2781 4828 2880 4882 Διά
2897 4829 3057 4885 τοῦτο
3074 4832 3204 4901 γοῦν
3224 4833 3436 4906 έπεμψε
3465 4838 3592 4903 τοὺς

2018 4911 2305 4980 ἀγγέλους,
2331 4912 2428 4983 οὑχ
2457 4914 2546 4967 ἵνα
2574 4914 2667 4968 τὸν
2687 4915 2810 4969 Λὼτ
2831 4916 3140 4986 ἐξαγάγωσι
3161 4920 3342 4991 μόνον,
3364 4924 3482 4978 ἀλλ,
3506 4926 3595 4980 ἵνα

2020 5016 2103 5053 σοι
2132 4999 2346 5064 δείξωσι
2375 5000 2473 5071 τὴν
2507 5003 2855 5074 παρανομίαν
2879 5004 3133 5060 ἐκείνων·
3156 5008 3186 5062 δ
3204 5008 3269 5082 δή
3303 5012 3400 5065 καὶ
3428 5013 3598 5083 γέγοο

2017 5105 2127 5142 νεν.
2174 5087 2394 5158 Ἐπειδὴ
2423 5088 2532 5162 γὰρ
2570 5089 2767 5155 αὐτοὺς
2805 5093 2836 5146 6
2870 5091 2996 5147 Λὼτ
3037 5095 3356 5164 ὑπεδέξατο,
3389 5099 3490 5171 τήν
3515 5101 3596 5155 ol-

2019 5174 2144 5228 κίαν
2167 5175 2517 5245 ἐπολιόρκουν
2540 5177 2636 5231 τοῦ
2664 5177 2938 5251 ξενοδόχου
2967 5181 3188 5247 πάντες,
3215 5188 3594 5256 περιιστάντες

2020 5261 2171 5335 [551]
2195 5261 2399 5333 κύκλῳ.
2442 5263 2796 5339 Ἐστρατήγει
2828 5267 2886 5321 δὲ
2913 5272 3014 5340 τῆς
3046 5271 3363 5342 πολιορκίας
3391 5273 3594 5340 ἄτοπος

2017 5349 2175 5420 ἔρως.
2210 5350 2305 5404 καὶ
2335 5350 2534 5420 μίξεως
2568 5352 2834 5425 ἐπιθυμία
2865 5357 3207 5426 παρανόμου,
3255 5358 3350 5413 καὶ
3375 5359 3595 5432 ἡλικίας

2018 5438 2113 5491 καὶ
2147 5437 2359 5506 φύσεως
2387 5438 2543 5510 ὄρους
2579 5440 3002 5511 ὑπερϐαίνουσα.
3022 5443 3160 5497 οὑδὲ
3179 5443 3290 5516 γάρ
3317 5446 3594 5503 νεανίσκοι

2017 5527 2382 5596 περιέστησαν
2432 5527 2612 5595 μόνον,
2654 5526 2770 5581 ἀλλ’
2808 5527 2907 5600 ήδη
2965 5529 3059 5582 καὶ
3105 5531 3408 5602 πρεσϐῦται
3429 5549 3444 5565 ⁸
3498 5538 3595 5592 καὶ

2016 5612 2136 5680 οὑδέ
2165 5613 2200 5682 ἡ
2225 5612 2384 5666 πολιά
2412 5614 2509 5685 τήν
2549 5613 2745 5668 λύτταν
2775 5615 3134 5682 κατέπαυσεν,
3173 5619 3294 5674 οὑδὲ
3318 5621 3379 5676 τὸ
3417 5623 3593 5696 γῆρας

2081 5786 2104 5814 ⁸
2128 5785 2278 5836 δενίι.
2308 5787 2355 5837 in
2378 5800 2530 5852 ηυνξ.
2554 5789 2658 5853 (0ιῇ
2701 5789 2853 5840 ἐπεῖδε
2876 5790 3108 5844 τοιοῦτον⁹
3131 5797 3252 5860 πρίν.
