4060 6260
266 391 338 447 διὰ
348 396 366 446 i

268 521 394 564 ctus
431 510 720 576 exstinxit,
765 511 858 567 sed
888 513 1070 568 videre
1097 522 1212 568 erat
1240 512 1292 566 in
1321 525 1473 580 portu
1505 513 1834 583 naufragium
1859 553 1875 578 ,

268 601 527 671 iniquam
558 602 612 656 in
642 613 919 659 senectute
943 604 1308 674 cupiditatem.
1353 607 1422 660 At
1447 621 1554 660 non
1582 605 1686 660 huc
1713 621 1880 676 usque

271 702 493 749 tantum
525 710 802 766 progressa
834 705 916 752 est
945 698 1155 753 illorum
1183 698 1514 769 improbitas,
1555 699 1646 754 sed
1677 707 1730 754 et
1757 714 1879 752 cum

273 784 424 841 ﬁlias
479 803 609 844 suas
671 788 988 844 traditurum
1038 806 1096 846 se
1147 791 1245 845 Lot
1285 791 1646 860 polliceretur,
1695 806 1762 845 ne
1805 790 1882 844 sic

269 876 502 945 quidem
549 890 908 943 recesserunt,
970 881 1063 936 sed
1101 872 1360 951 urgebant
1405 883 1641 937 dicentes
1682 897 1784 936 non
1823 897 1881 936 se

269 968 431 1037 prius
478 985 639 1039 quam
670 971 814 1025 viros
841 973 1172 1041 accepissent
1201 988 1535 1036 recessuros;
1569 988 1732 1042 seque
1760 988 1882 1042 gra-

269 1060 504 1116 vissima
533 1062 771 1116 illaturos
814 1064 952 1118 mala
990 1065 1329 1120 minabantur
1369 1066 1438 1131 ei,
1485 1065 1576 1136 qui
1609 1075 1666 1119 ut
1694 1064 1878 1136 hospi-

271 1153 424 1208 tibus
452 1154 716 1210 honorem
745 1155 995 1219 deferret,
1025 1159 1157 1212 filias
1180 1173 1304 1214 suas
1334 1175 1391 1214 se
1421 1159 1738 1228 promiserat
1768 1169 1880 1212 tra-

271 1243 544 1300 diturum.
580 1247 744 1303 Vides
774 1257 831 1304 ut
857 1251 1003 1306 omni
1042 1263 1106 1305 ex
1153 1259 1301 1321 parte
1342 1251 1737 1306 Sodomitarum
1784 1266 1877 1304 ne-

272 1337 507 1404 quitiam
541 1337 947 1408 demonstrarit,
997 1358 1061 1397 ac
1086 1342 1280 1397 deinde
1310 1358 1522 1412 pmnam
1551 1343 1652 1398 illis
1687 1342 1880 1396 intule-

273 1429 391 1484 rit?
451 1429 534 1486 Ne
592 1433 735 1487 enim
798 1443 981 1503 postea
1037 1451 1156 1490 cum
1211 1451 1304 1491 eos
1347 1436 1567 1490 allectos
1615 1436 1880 1506 supplicio

271 1519 518 1586 videris,
587 1534 808 1594 propter
863 1527 1180 1582 calamitatis
1223 1527 1639 1596 magnitudinem
1697 1529 1879 1581 animo

270 1609 570 1680 frangaris,
611 1629 783 1684 neque
819 1632 940 1671 cum
981 1617 1084 1672 illis
1115 1618 1278 1673 Deum
1327 1633 1568 1682 accuses,
1617 1617 1710 1672 sed
1760 1617 1879 1672 illos

267 1715 397 1754 cum
447 1702 565 1756 Deo
607 1705 967 1772 condemnes,
1032 1718 1188 1764 antea
1235 1709 1600 1764 demonstrata
1663 1710 1876 1764 illorum

267 1791 626 1862 improbitate
654 1813 866 1854 omnem
914 1817 1038 1871 erga
1068 1801 1186 1857 illos
1215 1802 1596 1857 misericordia:
1638 1800 1877 1858 occasio-

271 1902 399 1941 nem
445 1891 761 1959 praeripuit,
794 1900 850 1946 et
880 1907 977 1946 nos
1017 1892 1084 1946 ab
1113 1892 1261 1947 omni
1304 1893 1770 1948 commiseratione
1822 1893 1875 1946 in

268 1980 397 2036 illos
447 1985 716 2039 avocavit.
765 1984 916 2052 Quod
956 1994 1011 2040 et
1058 2000 1198 2040 nunc
1234 2000 1356 2056 erga
1396 1984 1710 2055 prephetam
1745 1999 1879 2052 pra:-

267 2072 432 2126 stitit.
481 2073 566 2128 Ne
609 2076 746 2131 fame
793 2073 1070 2131 confectos
1113 2076 1324 2131 intuens
1371 2075 1585 2130 Iudaeos
1628 2075 1875 2141 doleres,

267 2163 674 2220 immanitatem
723 2166 934 2222 illorum
977 2184 1032 2223 et
1073 2167 1440 2223 crudelitatem
1490 2167 1764 2233 ostendit,
1822 2173 1880 2221 et

267 2269 433 2321 quam
472 2271 604 2310 raro
637 2257 865 2314 comiter
895 2260 1204 2330 peregrinos
1233 2261 1560 2330 exciperent.
1587 2260 1701 2315 Non
1733 2261 1874 2316 enim

265 2346 448 2402 solum
482 2349 804 2419 prophetam
835 2367 941 2406 non
972 2363 1352 2423 susceperunt,
1408 2354 1506 2409 sed
1535 2363 1590 2410 et
1619 2370 1680 2410 se
1709 2355 1876 2410 inter-

267 2435 523 2495 fecturos
553 2442 894 2497 minabantur
921 2459 935 2496 :
967 2443 1018 2498 id
1060 2443 1205 2514 quod
1237 2460 1300 2500 ex
1332 2445 1429 2499 Dei
1460 2445 1635 2500 verbis
1666 2445 1873 2516 colligi-

267 2538 377 2584 tur.
411 2529 539 2585 Non
582 2533 723 2586 enim
764 2535 838 2588 ait
883 2543 1108 2600 tantum,
1161 2535 1376 2600 Recede,
1424 2537 1516 2592 sed
1542 2538 1722 2601 etiam,
1767 2537 1872 2590 Ab-

267 2620 527 2676 sconderc
576 2622 664 2693 ('5.
710 2623 837 2695 Reg.
873 2626 960 2679 l7.
989 2625 1086 2698 '5).
1129 2627 1244 2681 Non
1293 2627 1490 2683 sufficit
1534 2629 1602 2684 ad
1647 2630 1871 2684 salutem

268 2709 414 2780 fuga,
470 2713 568 2767 sed
597 2722 654 2769 et
685 2726 896 2786 Oportet
920 2727 977 2772 ut
1008 2728 1058 2773 te
1084 2719 1365 2790 diligenter
1390 2721 1628 2776 occultes
1661 2739 1673 2774 :
1708 2737 1874 2790 popu-

266 2796 355 2854 lus
399 2802 604 2872 quippe
647 2803 898 2861 Iudaicus
925 2816 1042 2873 est,
1078 2808 1303 2878 populus
1343 2809 1654 2880 sanguinem
1687 2811 1872 2866 sitiens

267 2890 698 2962 prophetarum,
741 2903 796 2950 et
840 2896 893 2949 in
941 2897 1139 2952 sanctis
1185 2899 1441 2953 necandis
1486 2901 1808 2956 exercitatus
1851 2918 1868 2956 :

259 2995 496 3051 semper
522 2999 710 3039 manus
733 3001 858 3040 suas
885 2989 1195 3056 prophetico
1225 2990 1482 3058 sanguine
1502 3001 1868 3047 cruentarunt.

267 3070 502 3127 Etcum
534 3074 682 3128 illum
726 3076 938 3145 quidem
982 3079 1258 3134 emittebat
1302 3095 1367 3135 ex
1412 3080 1617 3144 Iudaea,
1656 3080 1798 3135 Vade
1824 3093 1869 3136 et

262 3165 604 3232 abscondere,
643 3167 815 3238 inquit
842 3187 854 3222 :
883 3185 1002 3225 cum
1033 3181 1210 3226 autem
1237 3172 1303 3226 ad
1341 3173 1550 3228 viduam
1579 3175 1821 3230 mittebat
1853 3194 1866 3231 ε

267 3255 423 3324 Ego,
477 3257 682 3328 inquit,
730 3260 810 3314 illi
855 3262 1108 3316 mandabo
1153 3262 1331 3336 (Ibid.
1360 3281 1408 3319 υ.
1436 3266 1517 3336 9).
1566 3267 1754 3333 Vides,
1811 3277 1870 3324 ut

263 3345 398 3402 inde
436 3348 654 3416 quidem
684 3350 972 3421 fugientem
999 3354 1184 3421 jubeat
1223 3356 1351 3411 illud
1392 3373 1511 3412 cum
1547 3360 1708 3412 tnulta
1744 3374 1869 3414 cau-

265 3437 419 3490 tione
457 3448 742 3506 prmstare;
774 3441 877 3498 huc
899 3452 1074 3499 autem
1102 3445 1494 3517 confugientem
1525 3464 1715 3518 magna
1744 3465 1865 3504 cutn

266 3525 474 3582 fiducia
502 3531 778 3601 praecipiat
806 3544 861 3588 et
886 3537 1174 3592 securitate
1197 3537 1513 3612 discedere?

339 3619 398 3674 5.
442 3619 548 3674 Cur
575 3622 638 3676 ab
665 3625 782 3679 aliis
812 3627 1026 3697 ejectus,
1051 3645 1083 3681 a
1107 3628 1262 3682 vidua
1302 3641 1562 3700 susceptus
1593 3633 1864 3702 prapheta;

267 3725 363 3762 cur
395 3709 605 3766 Heliam
629 3713 771 3770 Deus
812 3718 965 3788 aﬂligi
988 3719 1176 3774 siverit.
1210 3751 1280 3761 —
1305 3721 1488 3793 Neque
1516 3723 1689 3778 solum
1721 3725 1820 3781 hoc
1842 3768 1859 3794 ,

268 3804 364 3857 sed
394 3812 451 3858 et
475 3807 617 3861 aliud
644 3825 741 3879 per
769 3809 910 3866 hunc
940 3812 1212 3882 propheta:
1241 3815 1526 3872 adventum
1554 3817 1619 3873 ad
1653 3819 1860 3874 viduam

269 3895 510 3962 providit
542 3913 605 3952 ac
633 3899 919 3970 disposuit.
951 3901 1030 3958 Ne
1053 3904 1194 3958 enim
1222 3915 1404 3974 postea
1435 3921 1556 3961 cum
1590 3909 1859 3965 Christum

270 3987 515 4040 nonnulli
544 3999 827 4044 cernerent
856 4000 976 4060 post
1023 3993 1185 4048 multa
1214 4004 1270 4050 et
1309 3996 1568 4053 immensa
1605 4000 1858 4057 beneficia

269 4074 322 4129 in
364 4075 606 4132 Judaeam
649 4081 877 4148 collata,
930 4093 1048 4152 post
1095 4085 1404 4144 innumeros
1448 4102 1687 4147 mortuos
1724 4111 1860 4164 quos

267 4168 657 4238 suscitaverat,
713 4183 832 4252 post
871 4191 1077 4241 czecos,
1119 4181 1270 4248 queis
1292 4181 1463 4237 visum
1515 4187 1856 4257 restituerat,

271 4271 391 4327 post
416 4262 676 4334 leprosos,
711 4282 845 4336 quos
877 4270 1244 4339 inundaverat,
1273 4287 1393 4344 post
1414 4277 1704 4342 (Immunes,
1723 4297 1859 4350 quos

269 4350 504 4416 ejecerat
523 4396 537 4418 ,
569 4364 689 4424 post
715 4357 1078 4414 admirabilem
1104 4362 1497 4434 salutaremque
1539 4368 1857 4439 doctrinam,

269 4442 338 4494 ab
365 4443 488 4510 illis,
523 4462 659 4515 quos
697 4449 1009 4506 devinxerat
1035 4453 1324 4514 beneficiis.
1358 4473 1478 4512 esse
1509 4471 1776 4529 vexatum,
1803 4476 1858 4519 et

270 4546 301 4585 a
330 4537 618 4601 gentilibus
651 4538 854 4598 honore
883 4543 1152 4610 affectum,
1184 4548 1271 4615 qui
1303 4547 1434 4602 nihil
1471 4551 1730 4615 viderant,
1761 4570 1859 4610 nec

271 4625 618 4695 audiverant,
650 4633 1002 4696 mirarentur,
1032 4635 1358 4702 dubitarent,
1387 4649 1443 4695 et
1484 4657 1597 4696 rem
1626 4658 1746 4698 esse
1776 4645 1858 4699 in-

267 4719 577 4779 credibilem
597 4721 965 4782 existimarent
987 4747 999 4781 :
1021 4731 1166 4798 prius
1187 4749 1250 4787 ac
1276 4733 1441 4786 multo
1467 4744 1590 4790 ante
1619 4747 1856 4806 tempore

271 4822 364 4876 per
391 4828 581 4870 servos
609 4831 756 4882 suos,
784 4826 839 4872 et.
867 4833 1025 4888 quam
1067 4821 1295 4892 improbi
1335 4823 1534 4899 fuerint
1562 4827 1728 4882 Judzei
1756 4845 1854 4885 nos

267 4899 440 4968 docet,
465 4916 520 4961 et
545 4922 703 4977 quam
732 4925 916 4966 cernes
940 4920 994 4967 et
1021 4911 1238 4968 humani
1270 4915 1463 4970 fuerint
1500 4920 1728 4988 gentiles
1755 4937 1854 4977 nos

270 4998 504 5053 Instruit.
527 4999 616 5056 Sic
641 5003 891 5058 nimirum
922 5013 975 5058 et
1001 5003 1200 5077 Joseph
1231 5006 1328 5070 illi,
1360 5010 1550 5078 quibus
1578 5011 1690 5079 ipse
1715 5013 1854 5068 ciba-

268 5078 346 5140 ria
395 5090 796 5149 ministraturus
847 5094 1172 5162 advenerat,
1205 5099 1368 5154 etiam
1424 5078 1616 5157 necare
1673 5105 1849 5160 conati

267 5188 393 5234 sunt
425 5199 438 5235 :
467 5180 627 5238 homo
645 5195 822 5240 autem
848 5185 1104 5242 barbarus
1133 5189 1185 5243 in
1216 5205 1481 5247 summum
1511 5193 1658 5248 illum
1681 5193 1852 5250 hono-

265 5279 382 5324 rem
427 5278 623 5330 evexit.
672 5275 788 5331 Non
845 5278 1001 5334 aliter
1053 5279 1330 5351 Moysen],
1381 5299 1540 5353 quem
1592 5285 1850 5342 beneficio

265 5359 436 5419 affecti
464 5368 718 5436 expulere
741 5368 910 5424 Judtei
931 5411 947 5433 ,
977 5369 1139 5426 homo
1180 5372 1434 5428 barbarus
1461 5375 1652 5432 Jotltor
1692 5395 1850 5434 exce-

269 5450 376 5519 pit,
403 5463 458 5510 et
496 5458 716 5514 multam
763 5459 815 5514 in
863 5476 984 5515 eum
1029 5464 1331 5518 comitatem
1362 5474 1416 5519 et
1463 5466 1847 5525 humanitatem

268 5543 526 5603 exhibuit.
565 5550 652 5605 Sic
681 5551 933 5622 Davidem
959 5552 1084 5609 Saul
1123 5565 1241 5624 post
1277 5567 1606 5627 amputatum
1634 5559 1845 5616 Goliath

271 5648 428 5704 caput
453 5639 631 5710 eiecit,
653 5653 775 5714 post
801 5645 948 5701 mille
969 5647 1204 5717 pericula
1227 5663 1345 5718 qua!
1367 5649 1435 5704 ab
1457 5649 1573 5718 ejus
1593 5652 1846 5707 civitatis-

269 5741 367 5793 que
382 5732 679 5790 cervreibus
699 5748 842 5805 saepe
857 5736 1160 5807 depulerat:
1184 5739 1401 5796 Auchus
1417 5751 1594 5797 autem
1619 5760 1707 5799 rex
1733 5744 1845 5800 bar-

271 5819 510 5882 barorum
555 5829 780 5899 escepit,
813 5839 864 5886 ct
910 5831 960 5888 in
992 5847 1237 5908 magnum
1262 5833 1518 5892 honorem
1546 5837 1742 5899 erexit.
1766 5837 1838 5897 lta

1535 398 1598 452 IN
1639 397 1895 454 HELLUI
1939 398 2023 452 ΕΤ
2068 390 2350 458 νιυυΑΜ.

3470 392 3574 447 5-12

1987 527 2128 567 nunc
2156 513 2315 567 etiam
2346 513 2549 567 lleliam
2577 513 2830 580 expulere
2853 509 3048 576 Juda'i,
3073 507 3168 564 sed
3200 507 3352 564 vidua
3385 525 3572 567 susce-

1986 604 2087 673 pit.
2113 604 2338 670 Quando
2365 604 2525 675 igitur
2553 604 2824 660 Christum
2855 605 2923 660 ah
2952 605 3057 659 illis
3079 604 3353 672 repulsum
3379 601 3574 658 videris

1984 705 2266 764 exceptum
2297 711 2326 749 a
2351 697 2620 765 gentibus,
2643 695 3028 751 animadversis
3066 706 3222 749 antea
3256 693 3468 764 figuris,
3502 708 3571 748 ne

1985 787 2299 856 prodentem
2346 804 2406 843 se
2451 789 2528 843 rei
2576 789 2854 844 veritatem
2909 788 3139 842 mireris.
3189 786 3394 841 Audisti
3444 801 3573 855 ergo

1983 880 2254 935 Christum
2315 882 2474 938 hodie
2520 883 2822 943 dicentem.
2853 891 2907 937 et
2951 883 3052 938 hoc
3105 883 3280 951 ipsum
3331 877 3574 936 subindi—

1984 982 2218 1026 cantem.
2249 974 2381 1028 Cum
2414 974 2554 1028 enim
2579 974 2791 1028 Juda-os
2825 975 3160 1042 indignantes
3187 973 3574 1041 alloqueretur,

1983 1063 2214 1129 diccbat,
2247 1064 2424 1118 Multa:
2448 1065 2612 1118 vidua:
2635 1077 2775 1118 erant
2795 1068 2846 1117 in
2869 1065 3042 1117 diebus
3064 1063 3228 1117 Helia:
3247 1103 3260 1126 ,
3286 1071 3334 1116 el
3361 1061 3430 1114 ad
3456 1060 3573 1114 nul-

1984 1156 2084 1209 lam
2115 1160 2298 1210 missus
2327 1167 2398 1210 est
2435 1156 2644 1222 Helias,
2691 1157 2786 1210 nisi
2831 1159 2900 1210 ad
2951 1156 3175 1221 viduam,
3207 1171 3318 1224 quae
3363 1164 3470 1208 erat
3519 1154 3571 1206 iu

1985 1247 2289 1314 Sareplu/iis
2319 1249 2528 1302 Sidonis
2557 1247 2706 1320 (an.
2742 1251 2794 1303 4.
2823 1246 2936 1319 25).
2971 1248 3074 1302 Sed
3106 1256 3314 1317 quaeret
3349 1246 3573 1300 fortasse

1983 1339 2266 1408 quispiam,
2301 1355 2457 1408 quam
2489 1339 2557 1393 ob
2577 1355 2792 1394 causam
2827 1355 2949 1394 eum
2990 1339 3078 1407 qui
3116 1348 3319 1393 tantum
3349 1354 3447 1409 pro
3477 1335 3572 1391 Dei

1983 1432 2148 1500 gloria
2178 1433 2350 1486 zclum
2387 1448 2493 1499 prae
2525 1438 2584 1485 se
2613 1432 2806 1485 tulerat
2827 1472 2842 1496 ,
2867 1431 3049 1486 vexari
3083 1431 3222 1485 Deus
3267 1428 3573 1499 permiserit

1982 1532 2038 1577 et
2087 1523 2288 1593 afﬂigi,
2317 1539 2438 1577 cum
2485 1539 2607 1577 eum
2655 1524 2720 1577 ad
2755 1531 3048 1578 torrentem
3097 1537 3237 1576 nunc
3294 1521 3570 1585 mitteret,

1983 1633 2125 1672 nunc
2150 1618 2215 1672 ad
2244 1618 2478 1681 viduam,
2504 1634 2645 1672 nunc
2678 1618 2839 1671 alium
2869 1617 2920 1670 in
2955 1615 3151 1680 locum,
3181 1624 3450 1684 tamquam
3478 1628 3572 1668 ex-

1983 1711 2153 1765 sulem
2216 1710 2499 1780 quemdam
2553 1711 2738 1764 volcns
2807 1709 2978 1763 locum
3029 1723 3095 1762 ex
3154 1707 3273 1760 loco
3341 1713 3570 1760 mutare.

1985 1800 2243 1856 V’exatum
2291 1801 2433 1856 enim
2477 1809 2531 1856 et
2587 1801 2838 1854 afflictum
2880 1798 3046 1854 fuisse
3089 1797 3213 1850 audi
3262 1811 3368 1866 quo
3416 1803 3572 1864 pacto

1983 1894 2178 1950 Paulus
2205 1895 2364 1948 etiam
2389 1903 2612 1949 testetur
2637 1909 2652 1951 :
2685 1893 2999 1946 Circuierunl
3027 1891 3079 1944 in
3101 1890 3318 1952 metatis,
3338 1888 3389 1940 in
3418 1886 3570 1956 pelli-

1983 1989 2074 2039 bus
2106 1985 2346 2056 caprinis,
2373 1995 2591 2055 egentes,
2625 1984 2917 2054 angnstiati,
2948 1981 3118 2052 amicti
3139 1978 3300 2050 (Ποῦ.
3336 1979 3421 2032 Η.
3449 1977 3566 2046 57).

1981 2075 2088 2131 Cur
2135 2078 2294 2147 igitur
2338 2077 2486 2131 illum
2530 2076 2653 2130 sivit
2681 2073 2892 2145 affligi?
2921 2072 3051 2127 Nam
3078 2072 3123 2126 si
3145 2069 3359 2142 quidem
3405 2070 3474 2123 ob
3502 2083 3565 2121 ea

1982 2177 2199 2238 peccata
2229 2183 2348 2238 qua:
2371 2167 2424 2221 in
2454 2166 2627 2236 ipsum
2658 2164 3004 2230 admiserant,
3034 2162 3129 2216 has
3157 2177 3188 2216 a
3222 2159 3423 2216 Judmis
3450 2173 3568 2228 pte-

1982 2276 2078 2316 nas
2123 2261 2419 2331 exegisset,
2464 2259 2657 2314 merito
2704 2258 2930 2312 dixisset
2979 2270 3105 2310 cum
3145 2253 3427 2308 vexatione
3469 2252 3567 2306 ista

1981 2351 2274 2422 periculum
2302 2349 2605 2404 afflictionis
2628 2348 2842 2413 fecisse,
2871 2357 2926 2400 ut
2950 2346 3130 2400 mitior
3157 2346 3308 2400 ﬁeret
3344 2351 3401 2399 et
3429 2358 3565 2396 nun-

1979 2443 2111 2497 nihil
2140 2442 2208 2496 de
2235 2441 2549 2496 crudelitate
2577 2441 2872 2495 remitteret
2901 2457 2914 2492 :
2949 2439 2994 2493 si
3024 2449 3202 2492 autem
3251 2452 3357 2491 non
3416 2433 3558 2504 quod

1979 2534 2243 2588 malorum
2291 2548 2497 2586 meumr
2541 2543 2681 2587 esset
2704 2573 2719 2596 ,
2747 2546 2868 2602 qua:
2913 2531 2980 2584 ab
3013 2529 3115 2583 illis
3136 2542 3326 2599 passus
3357 2527 3564 2591 fuerat,

1977 2628 2072 2683 sed
2114 2627 2256 2698 quod
2291 2636 2504 2696 propter
2531 2641 2717 2680 eorum
2747 2624 3009 2678 adversus
3040 2621 3321 2676 Dominum
3362 2619 3566 2687 impro-

1977 2719 2196 2774 bitatem
2222 2728 2276 2773 et
2303 2717 2640 2773 insolentiam
2669 2715 3098 2781 contabesceret,
3119 2713 3255 2768 hanc
3282 2711 3386 2766 illis
3424 2710 3566 2765 cala-

1979 2809 2218 2863 mitatem
2250 2807 2537 2863 invehebat
2570 2826 2583 2862 :
2613 2823 2717 2878 qua
2743 2807 2809 2862 de
2835 2821 2998 2862 causa
3045 2807 3098 2860 in
3143 2803 3468 2860 consortium
3509 2811 3566 2856 et

1976 2899 2089 2968 ipse
2117 2899 2378 2952 malorum
2416 2907 2637 2953 vocatur
2656 2940 2671 2965 ,
2703 2913 2802 2953 nec
2829 2897 3011 2952 multis
3037 2896 3246 2952 deliciis
3271 2911 3333 2949 ac
3358 2894 3563 2948 securi-

1976 2996 2084 3042 tate
2114 2986 2448 3057 perfruitur?
2477 2987 2610 3053 Quia
2637 2988 2890 3042 nitnirum
2917 2987 2964 3042 si
2988 2986 3114 3042 dum
3142 2986 3231 3040 alii
3261 2985 3562 3041 calamitate

1975 3088 2366 3149 premerentur,
2392 3087 2448 3132 et
2485 3078 2624 3132 fante
2654 3079 2923 3148 perirent,
2953 3078 3068 3148 ipse
3093 3077 3302 3133 deliciis
3347 3086 3402 3132 et
3445 3078 3562 3145 opi-

1974 3187 2100 3242 para
2129 3185 2314 3226 mensa
2341 3171 2633 3236 frueretur,
2661 3169 2790 3224 illud
2817 3170 3043 3225 fortasse
3072 3170 3269 3224 factum
3295 3167 3559 3238 quispiam

1971 3261 2274 3317 crudelitati
2327 3261 2617 3316 tribuisset.
2660 3260 2800 3316 Nihil
2831 3261 2974 3334 enim
3025 3261 3218 3315 mirum
3264 3258 3453 3314 fuisset
3477 3258 3560 3312 vi-

1970 3368 2113 3419 sum,
2142 3353 2434 3418 hominem,
2463 3353 2547 3406 cui
2575 3353 2776 3406 affatim
2809 3361 3003 3407 cuncta
3031 3361 3398 3423 suppeterent,
3427 3351 3559 3404 alio-

1968 3459 2088 3498 rum
2137 3443 2292 3497 malis
2338 3443 2848 3497 oblectari.ldcirco
2899 3443 3215 3513 participem
3265 3457 3391 3497 eum
3438 3455 3560 3496 esse

1971 3534 2286 3590 calamitatis
2319 3534 2562 3603 permisit
2588 3534 2748 3600 Deus,
2775 3543 2829 3588 et
2855 3534 3085 3603 experiri
3113 3534 3250 3587 mala
3273 3548 3392 3603 qua:
3415 3533 3557 3587 acci-

1968 3627 2167 3683 debant
2190 3667 2205 3692 ,
2233 3641 2296 3680 ac
2319 3625 2514 3681 famem
2546 3626 2650 3696 pati
2678 3668 2691 3693 ,
2717 3635 2774 3680 ut
2809 3626 2983 3680 discas
3029 3642 3133 3678 non
3174 3625 3368 3680 famem
3410 3624 3554 3695 apud

1967 3719 2140 3786 illum,
2172 3721 2267 3774 sed
2297 3719 2470 3774 zelum
2499 3717 2685 3772 fuisse.
2714 3718 2895 3788 Neque
2919 3717 3061 3771 enim
3093 3717 3170 3771 sic
3199 3716 3250 3771 in
3281 3717 3554 3787 angustias

1966 3812 2234 3879 redactus,
2263 3821 2499 3883 egestate
2538 3825 2788 3882 pressus,
2821 3819 3072 3877 vexatus,
3101 3819 3156 3866 et
3182 3810 3410 3865 afflictus
3460 3811 3553 3864 ad-

1967 3906 2086 3981 duci
2117 3906 2396 3974 potuisset,
2429 3913 2488 3957 ut
2515 3905 2688 3958 minas
2720 3903 3081 3969 rescinderet,
3115 3901 3218 3956 nisi
3247 3917 3354 3970 pra:
3386 3901 3554 3956 nimio

1965 3997 2084 4052 zelo
2111 3997 2320 4052 beatam
2350 3996 2492 4050 illam
2522 4011 2706 4051 vocem
2734 3996 3023 4050 emisisset.
3058 3994 3317 4060 Quocirca
3355 3993 3553 4063 jucun-

1964 4089 2084 4144 dius
2107 4088 2183 4143 illi
2210 4087 2398 4142 fuisset
2426 4087 2616 4158 afﬂigi,
2643 4095 2802 4156 atque
2828 4087 3110 4156 castigatos
3136 4085 3258 4140 illos
3285 4098 3509 4140 cernere
3530 4123 3550 4152 ,

1964 4197 2122 4250 quam
2151 4180 2356 4250 urgenti
2378 4180 2703 4234 necessitate
2727 4179 2982 4234 liberatos
3018 4177 3085 4233 ad
3109 4177 3340 4248 priorem
3369 4189 3552 4232 rever.

1964 4288 2054 4328 sos
2074 4272 2397 4341 impietatem
2423 4271 2624 4325 videre.

2035 4363 2087 4418 6.
2129 4363 2288 4417 Tales
2317 4362 2458 4417 enim
2502 4372 2628 4416 sunt
2653 4361 2852 4430 ubique
2880 4362 3074 4416 anima:
3111 4370 3417 4417 sanctorum
3449 4378 3462 4416 :
3493 4373 3552 4418 ut

1961 4456 2140 4510 caueri
2170 4455 2480 4524 resipiscam
2502 4493 2517 4518 ,
2548 4454 2890 4508 securitatem
2919 4468 3069 4507 suam
3110 4455 3345 4522 periculo
3373 4470 3549 4524 espoo

1961 4557 2112 4602 nunt.
2131 4547 2210 4603 Ne
2236 4548 2354 4617 quis
2391 4546 2596 4601 diceret
2621 4562 2741 4600 eum
2790 4561 2898 4614 pra:
2933 4545 3094 4600 nimia
3129 4545 3446 4601 crudelitate
3473 4547 3550 4600 fa-

1961 4655 2102 4694 mem
2125 4640 2358 4702 auxisse,
2385 4637 2692 4707 participem
2722 4653 2844 4691 eum
2876 4637 2991 4692 fieri
3019 4636 3172 4691 famis
3199 4638 3461 4707 permisit,
3491 4647 3550 4693 ut

1963 4730 2351 4802 philosophiam
2403 4728 2677 4799 propheta:
2729 4743 3042 4798 cognoscas.
3097 4728 3364 4783 Pratterea
3419 4744 3550 4783 vero

1959 4840 2079 4878 cum
2107 4823 2280 4877 soleat
2308 4823 2623 4890 plerumque
2672 4820 3050 4874 miraculorum
3081 4829 3268 4874 natura
3294 4835 3422 4887 eos,
3453 4821 3546 4890 qui

1960 4915 2215 4970 miracula
2249 4924 2480 4983 patrant,
2497 4913 2711 4979 efferre,
2733 4923 2893 4983 atque
2918 4929 3105 4969 eorum
3130 4922 3466 4985 spectatores
3492 4915 3548 4969 in

1957 5024 2074 5063 eam
2124 5015 2358 5062 mentem
2400 5006 2696 5075 impellere,
2726 5013 2784 5058 ut
2828 5005 3024 5076 aliquid
3081 5007 3133 5060 in
3184 5006 3264 5061 eis
3313 5005 3545 5060 humana

1959 5111 2146 5156 natura
2176 5099 2455 5156 sublimius
2480 5113 2601 5153 esse
2626 5098 2956 5153 arbitrentur
2987 5115 3000 5151 :
3038 5099 3121 5154 his
3145 5099 3306 5154 etiam
3337 5097 3549 5153 duobus

1956 5193 2251 5249 remedium
2279 5190 2544 5254 adhibuit,
2570 5200 2625 5247 et
2649 5199 2858 5246 natura:
2884 5191 3247 5248 infirmitatem
3288 5192 3544 5247 immuta-

1955 5287 2049 5340 vit.
2110 5286 2236 5341 Haec
2281 5295 2462 5342 autem
2508 5286 2577 5341 ita
2605 5299 2666 5341 se
2697 5285 2914 5352 habere,
2946 5286 3098 5340 facile
3119 5283 3280 5341 fuerit
3304 5302 3369 5342 es
3394 5287 3542 5343 Pauli

1955 5377 2174 5433 vocibus
2201 5377 2516 5449 intelligere.
2545 5376 2677 5432 Nam
2710 5378 2964 5433 miracula
2990 5377 3203 5447 quidem
3225 5377 3422 5432 ell'erre
3449 5393 3541 5430 so-

1955 5471 2085 5537 lere,
2117 5471 2241 5526 audi
2264 5486 2372 5542 quo
2399 5481 2553 5542 pacto
2583 5481 2805 5527 testetur
2833 5489 2848 5526 :
2877 5472 2941 5526 Et
2971 5488 3034 5526 ne
3079 5470 3374 5541 magnitudo
3399 5487 3539 5526 reve-

1952 5563 2200 5616 lationum
2237 5563 2449 5617 extollat
2499 5579 2597 5627 me,
2620 5563 2768 5616 datus
2813 5573 2884 5616 est
2927 5563 3053 5616 mihi
3101 5562 3332 5617 stimulus
3371 5565 3542 5617 carnis

1952 5669 2095 5720 metu,
2121 5655 2334 5725 angelus
2363 5655 2593 5722 Saturne,
2619 5665 2671 5709 ut
2697 5672 2775 5708 me
2799 5655 3079 5725 colapltizet
3109 5655 3186 5724 (9...
3210 5653 3329 5710 Cor.
3348 5656 3435 5710 12.
3457 5656 3535 5725 7).

1952 5744 2181 5800 Efficere
2206 5761 2366 5816 porro
2397 5746 2668 5812 miracula,
2700 5757 2755 5800 ut
2783 5747 2871 5816 qui
2902 5763 2962 5802 ea
2989 5758 3248 5812 cernunt,
3278 5749 3539 5817 majorem

1954 5839 2254 5902 concipiant
2279 5839 2584 5908 opinionem
2614 5839 2680 5897 de
2707 5840 2834 5910 illis,
2857 5857 2884 5897 a
2916 5840 3108 5912 quibus
3130 5842 3358 5899 eduntur
3378 5883 3391 5908 ,
3432 5841 3532 5896 hoc
