4060 6260
460 336 568 392 345
1201 334 1258 385 S.
1300 327 1578 386 JOANNIS
1614 322 2088 384 CllRYSOSTOMl
2125 321 2448 383 ARClllEP.
2485 322 3018 384 CONSTAN'I‘INOP.

459 450 623 505 etiam
651 447 774 502 inde
801 454 1030 502 constat.
1063 442 1193 499 Cum
1216 443 1358 498 enim
1397 457 1612 497 suarum
1663 440 2045 497 revelationum

466 542 679 596 fecisset
707 539 1056 604 mentionem,
1093 535 1272 600 addit,
1324 533 1462 588 Nam
1499 535 1544 588 si
1583 532 1784 588 voluero
1819 529 2050 603 gloriari,

466 650 566 687 non
583 648 667 686 ero
687 631 928 700 insipiens
953 645 972 682 :
995 629 1250 682 ueritatem
1273 627 1403 681 enim
1418 625 1585 679 dicam
1623 623 1698 697 (2.
1729 623 1845 678 Cor.
1869 622 1954 678 19..
1973 621 2051 693 6).

467 723 574 779 Cur
597 738 702 777 non
737 721 898 792 igitur
926 719 1210 789 gloriaris?
1242 716 1406 771 Parca
1443 726 1610 771 autem
1631 757 1646 782 ,
1673 732 1736 770 ne
1758 715 1867 786 quis
1895 714 1948 767 in
1976 728 2056 767 me

470 813 735 875 existimet,
755 827 910 880 supra
927 809 980 863 id
993 809 1127 881 quod
1143 807 1272 862 videt
1286 823 1383 874 me,
1403 815 1489 860 aut
1506 805 1698 876 aliquid
1715 805 1857 858 audit
1875 819 1939 857 ea:
1953 816 2050 855 me.

467 905 548 961 Ne
566 905 726 976 igitur
747 903 852 958 tale
868 903 1137 973 quidpiam
1169 901 1442 971 prophetae
1463 898 1729 954 accideret
1745 897 1892 966 (licet
1911 893 2056 948 enim

473 997 654 1051 Helias
679 1003 843 1062 esset,
868 994 1029 1048 homo
1080 1003 1256 1047 tamen
1302 991 1462 1060 erat),
1491 988 1778 1043 immiscuit
1803 984 2059 1039 miraculo

473 1097 679 1141 natura:
703 1085 994 1141 defectum.
1020 1084 1306 1153 Propterea
1335 1081 1422 1151 qui
1451 1079 1584 1134 cxx-lo
1601 1076 1901 1148 imperavit,
1934 1074 2060 1128 fami

473 1193 580 1233 non
600 1178 878 1248 imperavit
895 1195 908 1231 :
923 1176 1014 1246 qui
1033 1185 1187 1230 terra:
1206 1185 1412 1244 partum
1425 1170 1885 1237 eohilmit,ventris
1902 1168 2064 1237 repri-

479 1285 627 1327 mere
647 1269 1020 1326 necessitatem
1043 1283 1148 1322 non
1172 1266 1360 1337 potuit,
1377 1264 1469 1320 sed
1498 1264 1719 1317 muliere
1741 1260 1899 1315 vidua
1928 1259 2062 1314 indi-

478 1366 612 1434 guit,
631 1373 688 1418 ut
711 1363 945 1420 divinam
967 1360 1189 1433 gratiam
1219 1373 1497 1440 agnoscas,
1522 1365 1574 1410 ct
1597 1355 1880 1409 humanam
1908 1349 2066 1406 simul

481 1458 867 1513 inﬁrmitatem.
889 1454 1004 1509 Non
1033 1453 1100 1508 ad
1125 1452 1228 1507 hoc
1250 1441 1671 1504 tantum'factum
1698 1445 1826 1499 illud
1851 1442 2066 1513 profuit,

483 1549 578 1605 sed
604 1548 670 1602 ad
697 1547 837 1602 aliud
865 1545 1135 1617 quidpiam
1163 1541 1327 1596 nihilo
1355 1540 1530 1593 minus
1558 1539 1677 1591 isto.
1700 1535 1978 1601 Quodnam
2000 1531 2067 1584 il-

485 1641 576 1695 lud
599 1640 858 1694 tandem?
889 1637 958 1694 Ut
985 1653 1104 1692 cum
1137 1645 1188 1690 te
1219 1634 1477 1703 quispiam
1503 1631 1570 1686 ad
1594 1629 1867 1700 propheta:
1897 1625 2071 1681 zelum

486 1733 646 1788 fuerit
683 1731 1013 1795 adhortatus,
1041 1743 1149 1782 non
1178 1727 1413 1780 animum
1444 1720 1781 1792 despondeas
1804 1760 1819 1784 ,
1845 1733 1947 1774 nec
1971 1717 2070 1773 dc-

489 1839 692 1896 speres,
723 1824 864 1894 qnod
889 1823 1155 1878 hominem
1182 1835 1302 1877 esse
1318 1818 1536 1873 alterius
1554 1826 1758 1871 naturze
1773 1813 2072 1878 arbitreris,

490 1919 715 1988 ideoque
746 1926 944 1970 tantam
967 1915 1105 1985 apud
1126 1915 1289 1968 Deum
1326 1910 1572 1966 ﬁduciam
1622 1908 1890 1962 habuisse.
1922 1902 2076 1973 Quod

492 2009 706 2078 quidem
753 2007 922 2062 innuit
944 2006 1204 2076 quispiam
1241 2018 1363 2058 cum
1388 2001 1519 2056 dixit
1549 2018 1562 2055 :
1600 1999 1776 2053 Helias
1801 1999 1950 2052 homo
1971 2004 2078 2053 erat

495 2100 675 2153 similis
700 2101 840 2153 nobis
871 2099 1122 2168 possibilia
1153 2096 1290 2168 (Jac.
1320 2096 1374 2151 5.
1412 2095 1499 2164 17)
1530 2111 1542 2146 :
1573 2093 1722 2163 quasi
1747 2091 1953 2146 diceret
1973 2107 1985 2142 :
2005 2088 2082 2142 Ne

496 2191 824 2257 impossibile
854 2189 1128 2245 arbitreris
1158 2203 1278 2243 esse
1299 2228 1314 2251 ,
1346 2186 1411 2241 ad
1455 2185 1593 2239 idem
1635 2198 1755 2237 cum
1787 2182 1877 2235 illo
1909 2180 2082 2250 pbilo—

496 2283 699 2352 sophia:
750 2280 1014 2350 fastigium
1071 2279 1354 2350 pervenire
1388 2296 1401 2334 :
1434 2292 1554 2331 nam
1603 2283 1659 2330 et
1709 2273 1947 2342 ejusdem
1999 2271 2086 2326 ille

501 2373 768 2442 particeps
818 2371 913 2425 fuit
959 2381 1184 2426 naturm.
1236 2369 1612 2423 Verumtamen
1663 2363 1975 2418 admirabile
2025 2375 2088 2415 ae

500 2465 734 2516 divinum
783 2462 908 2516 illttd
949 2462 1063 2529 ejus
1108 2459 1438 2530 propositum
1497 2457 1665 2510 multo
1709 2454 1918 2510 caeteris
1966 2465 2090 2519 eum

503 2553 868 2606 sublimiorem
896 2550 1149 2605 ostendit.

577 2645 630 2698 7.
671 2642 772 2699 Sed
798 2643 908 2710 jam
942 2653 1151 2710 tempus
1175 2649 1252 2694 est
1277 2681 1290 2705 ,
1325 2649 1381 2692 ιιι
1431 2638 1496 2692 ad
1527 2637 1738 2691 viduam
1787 2633 2088 2689 redeamus.

513 2735 690 2800 Venit,
727 2734 893 2804 inquit
918 2777 930 2797 ,
967 2735 1019 2786 in
1053 2732 1342 2800 Sareplttlta
1368 2729 1574 2785 Sidonis
1595 2769 1609 2793 ,
1633 2738 1677 2782 et
1703 2728 1884 2780 invenit
1914 2725 2097 2778 mulie-

509 2843 613 2878 rem
633 2826 835 2878 viduam
861 2824 1176 2895 colligentem
1218 2821 1356 2891 ligna
1384 2820 1458 2890 ('5.
1491 2818 1618 2890 Reg.
1655 2817 1739 2872 l7.
1767 2817 1876 2886 10).
1931 2815 2095 2885 Digna

510 2917 801 2972 domestica
833 2924 1146 2986 paupertate
1189 2913 1444 2966 hactenus
1483 2919 1607 2966 sunt
1633 2907 1910 2962 vestibula.
1960 2903 2096 2972 Quid

515 3008 720 3078 igitur?
751 3023 877 3061 num
927 3016 1072 3062 retro
1107 3017 1400 3059 conversus
1424 3008 1544 3066 est,
1576 3015 1697 3055 cum
1729 2999 1850 3054 talia
1881 2995 2100 3051 vidisset

517 3099 892 3169 hospitalitatis
921 3095 1184 3152 exordia?
1228 3095 1604 3165 Nequaquam;
1633 3092 1834 3162 quippe
1859 3088 1947 3160 qui
1977 3102 2102 3143 scn-

518 3191 735 3242 tentiam
763 3189 995 3242 divinam
1027 3187 1267 3241 audierat
1302 3203 1315 3238 :
1345 3184 1438 3239 scd
1467 3181 1716 3237 clamavit
1746 3188 1866 3249 post
1886 3193 2025 3240 eatn,
2049 3183 2105 3231 et

519 3282 652 3334 dixit
687 3298 699 3332 :
733 3281 890 3334 Sume
919 3297 1032 3333 vero
1061 3279 1184 3331 mihi
1223 3291 1425 3345 aquam,
1454 3284 1499 3327 et
1525 3273 1614 3326 ivit
1635 3314 1650 3337 ,
1681 3281 1735 3324 ut
1763 3279 1975 3325 sumeret
1996 3267 2043 3341 (1
2052 3267 2103 3320 b.

520 3387 572 3424 υ.
599 3371 711 3439 11).
736 3370 871 3424 Vere
896 3382 1151 3440 generosa
1178 3377 1232 3423 et
1257 3366 1469 3436 sapiens
1495 3363 1704 3427 mulier,
1727 3377 1792 3416 ac
1820 3359 1918 3414 nisi
1949 3358 2106 3429 paulo

524 3457 767 3516 videatur
796 3460 1049 3514 audacius
1080 3458 1183 3512 hoc
1205 3457 1404 3512 dictum
1429 3497 1445 3522 ,
1478 3455 1590 3525 ipsa
1635 3453 1792 3508 etiam
1831 3450 2105 3521 prophetat

529 3551 966 3624 magnanimitate
990 3551 1146 3621 digna
1180 3564 1195 3603 :
1228 3549 1335 3604 imo
1362 3547 1517 3625 nullo
1559 3553 1714 3615 pacto
1745 3543 1905 3599 debet
1930 3540 2107 3596 audax

527 3645 654 3700 illud
681 3647 883 3699 dictum
924 3643 1130 3698 videri:
1161 3642 1260 3696 nisi
1299 3640 1444 3695 enim
1479 3638 1637 3708 digna
1685 3636 2112 3704 fuisset,nequa-

527 3754 685 3806 quam
714 3736 892 3791 habita
917 3736 1076 3806 digna
1113 3735 1296 3790 fuisset
1321 3777 1338 3801 ,
1367 3749 1486 3803 qua:
1524 3740 1767 3787 sanctum
1795 3729 1939 3784 illum
1970 3727 2113 3782 exci-

529 3838 697 3901 peret.
729 3829 1184 3898 Quemadmodum
1216 3838 1270 3884 et
1295 3827 1362 3882 ad
1385 3825 1675 3895 discipulos
1695 3823 1828 3878 dixit
1847 3820 2111 3886 Christus,

531 3921 597 3975 In
639 3938 1000 3991 quamcumque
1046 3920 1294 3974 civitatem
1335 3927 1423 3970 aut
1475 3916 1736 3970 castellum
1787 3913 2112 3976 intraueritis,

531 4015 863 4085 interrogate,
895 4013 1007 4082 quis
1035 4013 1087 4065 in
1113 4029 1171 4066 ea
1200 4012 1382 4081 dignus
1410 4010 1508 4075 sit,
1528 4017 1573 4061 et
1593 4009 1658 4060 ibi
1690 4015 1882 4059 manete
1904 4002 2114 4074 (Matth.

534 4105 621 4159 10.
652 4105 775 4174 ll):
807 4107 875 4158 ita
910 4105 1048 4157 Deus
1077 4102 1162 4155 hic
1198 4115 1409 4169 quoque
1433 4112 1682 4166 quoniam
1726 4111 1834 4164 pra:
1874 4092 2119 4146 omnibus

533 4195 746 4263 dignam
817 4201 1040 4246 noverat
1090 4191 1226 4242 hanc
1280 4187 1600 4247 mulierem,
1631 4199 1750 4253 quae
1806 4183 2118 4251 prophetam

535 4287 870 4353 susciperet,
905 4292 1184 4350 propterea
1212 4277 1422 4332 caeteris
1453 4275 1702 4329 omnibus
1739 4271 1952 4327 omissis
1995 4270 2122 4325 illnc

535 4394 659 4432 cum
683 4375 846 4429 misit.
877 4376 945 4427 At
973 4372 1116 4427 enim
1157 4385 1220 4423 ex
1269 4367 1430 4422 rebus
1459 4365 1589 4436 ipsis
1636 4363 1966 4419 nobilitatem
2009 4359 2124 4428 ejus

537 4469 829 4524 videamus.
855 4467 1015 4522 Sume
1054 4463 1214 4529 mihi,
1248 4462 1453 4530 inquit,
1483 4474 1667 4528 aquam
1696 4457 1748 4510 in
1773 4472 1908 4510 vase.
1938 4454 2124 4523 Magna

538 4577 668 4617 sane
716 4559 954 4614 nmlieris
998 4554 1320 4611 humanitas.
1362 4550 1514 4618 Quod
1553 4550 1698 4605 enim
1745 4546 2122 4616 responderit,

541 4653 685 4723 quod
733 4652 786 4705 in
827 4648 1155 4719 colloquium
1183 4647 1300 4714 ejus
1341 4642 1566 4708 venerit,
1591 4640 1734 4712 quod
1764 4637 1916 4693 illum
1955 4635 2128 4690 corri-

541 4747 695 4816 piens
747 4753 910 4799 totam
955 4742 1224 4797 civitatem
1261 4737 1326 4793 ad
1372 4735 1696 4807 puniendum
1742 4747 1953 4789 sacrum
1998 4730 2129 4785 illud

539 4843 702 4906 caput
727 4850 830 4890 non
876 4833 1186 4898 vocaverit,
1216 4845 1395 4885 nonne
1431 4837 1652 4897 stupore
1689 4832 1744 4880 et
1777 4823 2133 4879 admiratione

543 4930 763 5000 dignum
821 4926 1075 4982 videtur?
1115 4923 1390 4994 Siquidem
1443 4920 1636 4976 merito
1687 4917 1843 4972 famis
1891 4915 2132 4971 adactam

545 5019 866 5077 necessitate
910 5016 1279 5073 mulierculam
1330 5027 1399 5070 eo
1445 5025 1613 5081 usque
1640 5009 1806 5064 fuisse
1859 5005 2133 5062 iracundia

545 5121 872 5169 commotam
899 5151 915 5180 ,
943 5125 1008 5166 cx
1039 5109 1143 5164 hoc
1169 5107 1392 5164 iudaice
1418 5103 1665 5173 exemplo
1691 5115 1975 5171 cognosce.

621 5205 841 5260 Elisams
869 5203 1062 5274 duplex
1085 5200 1355 5257 Helias.——
1375 5197 1676 5266 Discipulus
1702 5193 1866 5249 Helia:
1891 5192 2136 5258 Elismns,

549 5299 751 5369 duplex
781 5295 962 5353 Helias
988 5294 1277 5369 (duplicem
1305 5293 1446 5347 enim
1471 5290 1781 5360 magistrum
1803 5287 1856 5341 in
1878 5285 2140 5354 discipulo

555 5392 752 5447 licebat
781 5387 1024 5459 intueri),
1054 5385 1249 5442 famem
1272 5391 1455 5456 postea
1477 5379 1816 5452 prophetarit
1839 5395 1854 5445 ;
1878 5392 1983 5432 non
2026 5377 2141 5445 ipse

553 5486 776 5541 immisit
821 5485 959 5540 sicut
991 5481 1202 5547 l-lelias,
1229 5479 1322 5536 sed
1369 5486 1648 5532 venturam
1695 5471 1964 5544 prmdixit.
2002 5467 2140 5536 Quid

556 5591 685 5646 ergo
711 5592 824 5640 rex,
857 5575 946 5646 qui
976 5571 1306 5643 temporibus
1333 5569 1438 5625 illis
1462 5564 1762 5636 regnabat?
1796 5562 2016 5618 lndutus
2061 5568 2146 5618 est

557 5684 716 5724 sacco
738 5711 752 5732 ,
782 5670 954 5737 inquit
984 5685 996 5720 :
1047 5666 1307 5738 siquidem
1342 5661 1641 5718 humiliavit
1670 5673 1792 5714 cum
1823 5654 2096 5712 calamitas
2127 5670 2139 5704 :

557 5761 636 5816 sic
681 5768 858 5813 tamen
901 5757 1206 5812 humiliatus
1257 5770 1378 5811 cum
1429 5753 1808 5807 lamentantem
1861 5747 2138 5804 mulierem

3631 335 3751 396 3“.

2160 438 2417 498 audiisset
2451 451 2667 515 propter
2706 457 2769 498 ea
2810 457 2932 514 qum
2980 441 3136 498 famis
3178 455 3340 500 causa
3391 444 3746 515 acciderant,

2161 540 2306 588 tanta
2338 541 2448 588 tum
2478 534 2677 590 exarsit
2704 534 2973 589 iracundia
2997 575 3013 599 ,
3045 542 3102 589 ut
3127 534 3415 591 confestim
3430 534 3750 593 exclamat-it

2160 641 2223 682 ac
2251 624 2441 680 dixerit
2468 642 2482 679 :
2515 624 2643 680 ιιωσ
2681 626 2837 695 faciat
2877 626 3000 680 mihi
3023 625 3160 681 Deus
3197 635 3245 681 et
3287 625 3395 681 hac
3428 627 3674 697 adjiciat,
3703 643 3750 680 ss

2161 716 2309 771 stabit
2333 725 2488 787 caput
2517 716 2692 772 Elisa’i
2727 717 2824 787 ﬁlii
2852 717 3055 786 Saphat
3095 734 3247 788 super
3280 718 3448 788 ipsum
3490 717 3641 772 hodie
3666 719 3748 788 (Δ.

2162 803 2292 877 Reg.
2317 806 2370 860 6.
2401 806 2516 878 3t).
2547 805 2792 862 Vidistin’
2815 807 2957 878 regis
2995 808 3364 864 iracundiam?
3390 808 3526 865 Vide
3557 807 3753 864 mulie-

2163 901 2236 954 ris
2258 900 2572 970 sapicntiam
2606 919 2620 956 :
2649 900 2766 955 haec
2793 903 2935 956 enim
2973 902 3187 958 invento
3211 916 3278 957 eo
3301 901 3392 972 qui
3424 915 3530 955 non
3553 899 3752 956 fame

2163 994 2505 1064 praedixerat,
2527 994 2620 1049 sed
2643 994 2936 1058 invexerat,
2955 1010 3076 1050 cum
3099 1006 3265 1065 prope
3287 995 3556 1049 civitatem
3583 1002 3753 1058 esset,

2168 1101 2273 1140 non
2313 1086 2583 1156 indignata
2612 1096 2726 1153 est,
2758 1103 2866 1143 non
2915 1085 3233 1151 excanduit,
3263 1101 3374 1142 non
3413 1093 3641 1140 caeteros
3687 1083 3758 1139 ad

2167 1179 2487 1250 supplicium
2537 1180 2859 1237 sumendum
2908 1179 3119 1236 vocavit
3145 1218 3160 1247 ,
3209 1179 3308 1236 sed
3359 1177 3760 1235 modestissime

2171 1270 2366 1340 paruit.

2243 1360 2296 1416 8.
2337 1360 2499 1417 Scitis
2520 1370 2697 1417 autem
2723 1377 2830 1433 quo
2857 1370 3034 1433 pacto,
3065 1361 3110 1418 si
3140 1361 3358 1434 quando
3386 1361 3600 1432 negotio
3621 1373 3761 1431 quo-

2173 1453 2316 1524 piam
2343 1454 2512 1510 simus
2539 1455 2806 1526 occupati,
2838 1469 2907 1512 ne
2935 1455 3231 1511 familiares
3258 1455 3476 1526 quidem
3514 1467 3766 1522 saepenu-

2177 1561 2325 1602 mero
2353 1547 2603 1604 lubenter
2644 1549 2968 1617 aspiciamus
2992 1589 3009 1616 ,
3036 1547 3132 1602 sed
3160 1556 3216 1602 et
3253 1545 3510 1602 adversus
3537 1559 3634 1600 eos
3673 1543 3762 1598 in-

2175 1638 2459 1709 dignemur
2491 1655 2505 1694 :
2535 1655 2658 1696 cum
2685 1655 2814 1695 vero
2843 1649 2987 1695 tanta
3016 1640 3176 1695 etiam
3213 1637 3433 1694 afﬂictio
3462 1636 3723 1707 ingruerit
3744 1675 3766 1701 ,

2177 1731 2265 1787 vel
2324 1733 2495 1806 ipsum
2549 1731 2710 1786 etiam
2763 1733 2942 1787 lumen
2993 1731 3298 1786 molestiam
3351 1728 3508 1785 nobis
3553 1727 3771 1782 videtur

2179 1825 2437 1882 exhibere
2466 1843 2480 1879 :
2511 1825 2561 1881 id
2583 1825 2726 1898 quod
2755 1838 2940 1880 rursus
2970 1839 3039 1878 ex
3067 1821 3290 1878 Iudaico
3320 1830 3466 1893 patet
3491 1818 3768 1890 exemplo.

2179 1918 2320 1974 Sane
2371 1918 2587 1988 quidem
2643 1934 2765 1974 cum
2816 1917 3046 1973 venisset
3099 1915 3342 1986 Moyses,
3387 1922 3443 1969 et
3486 1913 3772 1967 innumera

2182 2009 2385 2065 Iudaeis
2401 2011 2769 2064 annuntiassct
2793 2009 2928 2064 bona
2950 2048 2966 2076 ,
3013 2005 3382 2062 liberationem
3407 2019 3436 2058 a
3463 1999 3779 2074 tyrannide,

2185 2103 2509 2169 libertatem,
2539 2113 2593 2158 et
2623 2103 2674 2157 in
2700 2103 2975 2171 antiquam
3017 2099 3243 2170 patriam
3267 2096 3539 2152 reditum:
3578 2093 3775 2148 Viden-

2187 2207 2260 2252 tes
2293 2214 2404 2251 eum
2425 2237 2442 2264 ,
2470 2196 2672 2267 inquit,
2703 2211 2805 2248 non
2838 2193 3108 2247 audierunt
3139 2206 3252 2245 eum
3293 2205 3400 2260 prie
3423 2184 3778 2258 pusillanimi-

2191 2300 2310 2358 tate,
2339 2298 2386 2344 et
2425 2288 2658 2359 aperibus
2680 2287 2822 2340 duris
2850 2284 3044 2358 (Exod.
3073 2284 3126 2339 6.
3157 2283 3237 2353 9).
3266 2282 3345 2337 Illi
3387 2291 3493 2335 tam
3541 2281 3784 2333 faustum

2191 2382 2435 2435 nuntium
2464 2379 2724 2435 ferentem
2753 2393 2874 2433 eum
2905 2375 3181 2440 vidissent,
3209 2369 3439 2428 aversati
3468 2378 3633 2426 sunt:
3661 2367 3784 2423 haec

2193 2477 2493 2530 venientem
2543 2472 2860 2544 prophetam
2885 2484 3006 2526 cum
3047 2468 3299 2532 vidisset,
3345 2480 3453 2520 non
3493 2472 3553 2519 ut
3580 2461 3788 2517 famem

2193 2566 2519 2636 depelleret,
2543 2565 2639 2619 sed
2670 2575 2728 2618 ut
2759 2563 2902 2617 illam
2933 2568 3219 2631 gravaret,
3247 2556 3380 2613 nihil
3405 2556 3456 2611 ei
3498 2554 3606 2610 tale
3641 2552 3794 2608 acci-

2195 2660 2292 2715 dit.
2325 2662 2389 2714 Et
2413 2660 2486 2713 illi
2532 2658 2747 2730 quidem
2787 2656 2923 2711 adeo
2965 2653 3214 2709 difﬁciles
3259 2666 3323 2707 ac
3371 2647 3573 2705 morosi
3626 2653 3794 2702 erant

2199 2765 2416 2826 propter
2442 2768 2667 2822 operum
2701 2751 2982 2804 laborem:
3018 2747 3132 2801 lucc
3177 2752 3355 2798 autem
3402 2757 3508 2797 non
3558 2739 3744 2794 labore
3766 2776 3792 2803 ,

2199 2847 2293 2902 sed
2345 2846 2483 2900 fame
2525 2844 2874 2899 vehementer
2915 2839 3110 2893 afﬂicta
3143 2837 3416 2908 (maguum
3463 2833 3664 2903 quippe
3701 2838 3795 2886 est.

2203 2940 2343 2994 inter
2385 2938 2620 2994 laborem
2657 2936 2957 3004 famemque
2999 2929 3334 2999 discrimen),
3359 2943 3465 2983 non
3511 2923 3674 2980 modo
3706 2921 3796 2977 vi-

2203 3049 2321 3088 rum
2364 3048 2470 3086 non
2517 3039 2760 3086 aversata
2791 3038 2894 3094 cst,
2922 3025 3015 3081 sed
3045 3026 3205 3082 etiam
3249 3032 3413 3078 totam
3453 3034 3604 3075 suam
3653 3032 3794 3088 pau—

2203 3137 2467 3200 pertatem
2497 3126 2780 3190 exhausit,
2811 3131 2868 3177 ut
2913 3136 3037 3178 eum
3089 3117 3425 3187 susciperet,
3452 3113 3542 3184 qui
3594 3111 3798 3166 famem

2209 3220 2310 3274 illis
2333 3219 2628 3272 induxerat.
2653 3215 2717 3268 Et
2742 3215 2828 3267 ivit
2855 3221 2908 3265 ut
2933 3218 3150 3265 sumeret
3169 3223 3373 3278 aquam,
3399 3203 3590 3275 inquit,
3614 3211 3662 3255 et
3681 3201 3798 3254 cla-

2208 3311 2362 3366 mavit
2386 3309 2650 3380 propheta,
2682 3314 2728 3360 et
2757 3305 2918 3371 dixit,
2953 3301 3112 3379 Sume
3128 3300 3252 3354 mihi
3275 3300 3378 3368 iam
3403 3298 3555 3352 etiam
3585 3309 3802 3365 partem,

2209 3417 2258 3460 et
2285 3404 2546 3461 comedam
2570 3403 2647 3474 (5.
2677 3399 2806 3470 Reg.
2833 3399 2922 3453 17.
2954 3395 3067 3466 11).
3097 3393 3237 3461 Quid
3278 3393 3435 3464 igitur
3459 3387 3694 3444 mulier?
3719 3384 3806 3440 No

2214 3500 2318 3554 hoc
2362 3497 2579 3568 quidem
2620 3508 2763 3564 agre
2782 3491 2920 3556 fert,
2965 3488 3060 3544 sed
3087 3485 3214 3556 quid
3237 3484 3349 3539 ait?
3383 3481 3516 3536 Vivit
3546 3479 3805 3535 Dominus

2213 3591 2355 3645 Deus
2381 3599 2516 3654 tuus,
2543 3587 2586 3641 si
2611 3595 2683 3640 est
2710 3583 2834 3637 mihi
2855 3582 3002 3651 panis
3025 3577 3397 3641 subeiuen‘titts,
3427 3573 3524 3628 nisi
3549 3579 3805 3642 quantum

2215 3684 2438 3756 pugillus
2462 3681 2646 3753 farina:
2668 3677 2775 3748 (Ib.
2795 3692 2845 3730 υ.
2875 3674 2987 3746 ii).
3013 3673 3182 3741 Quam
3233 3669 3305 3725 ob
3345 3680 3562 3724 causam
3611 3661 3807 3734 iurat!

2219 3778 2418 3832 Panem
2457 3773 2610 3846 petiit
2659 3768 2922 3842 propheta
2944 3809 2962 3834 ,
3005 3775 3262 3823 cmternm
3311 3762 3407 3817 illa
3449 3773 3643 3832 panem
3693 3769 3807 3811 non

2221 3869 2467 3925 habebat.
2496 3865 2694 3920 Timuit
2721 3877 2887 3934 ergo,
2925 3874 2994 3916 ne
3035 3857 3174 3913 forte
3199 3854 3327 3911 dum
3367 3851 3457 3907 illa
3504 3854 3806 3920 coqueret,

2222 3969 2473 4026 torreret,
2497 3965 2839 4031 praepararet,
2857 3951 3050 4010 deinde
3075 3951 3330 4013 tardaret,
3350 3960 3504 4002 more
3523 3940 3810 4013 impatiens

2224 4057 2487 4128 propheta
2526 4054 2862 4118 discederet,
2895 4057 2954 4105 et
3007 4046 3187 4118 praeda
3213 4039 3597 4113 hospitalitatis
3647 4035 3804 4128 aufu-

2223 4163 2394 4223 geret.
2427 4151 2717 4218 Pmpterea
2751 4145 3060 4216 juramento
3096 4140 3248 4196 illum
3294 4127 3812 4223 prmoocupavitdi-

2225 4262 2376 4313 cens,
2402 4259 2510 4299 non
2537 4243 2636 4297 sibi
2668 4240 2892 4295 farinam
2913 4236 3106 4292 deesse
3125 4275 3142 4301 ,
3165 4245 3356 4287 verum
3407 4221 3810 4282 subcineritium

2226 4355 2415 4411 panem
2446 4336 2547 4390 sibi
2579 4349 2683 4388 non
2710 4346 2829 4388 esse
2849 4370 2866 4397 ,
2890 4328 3114 4384 farinam
3140 4337 3281 4381 esse.
3303 4320 3489 4390 Neque
3509 4315 3811 4386 iuramento

2228 4403 2402 4488 solum
2426 4429 2584 4484 ﬁdem
2614 4426 2778 4490 facit,
2812 4421 2908 4476 sed
2929 4430 2984 4475 et
3009 4420 3124 4489 ipsa
3153 4429 3332 4471 rerum
3374 4424 3496 4482 quae.
3534 4408 3670 4462 ﬁunt
3714 4403 3811 4459 de-

2230 4523 2639 4580 monstratione.
2674 4517 2807 4572 Ecce
2831 4515 2996 4579 enim,
3021 4509 3214 4580 inquit,
3235 4505 3421 4576 colligo
3448 4503 3548 4556 duo
3582 4498 3744 4570 ligna,
3769 4503 3816 4548 et

2231 4619 2511 4692 ingrediar,
2543 4624 2591 4670 et
2634 4613 2820 4685 faciam
2844 4608 2936 4662 illa
2956 4605 3078 4675 ﬁliis
3106 4602 3230 4690 meis
3251 4609 3345 4665 ..ει
3386 4593 3740 4657 comedemus,
3770 4593 3817 4642 et

2231 4714 2525 4768 moriemur.

2309 4805 2524 4860 Nullam
2573 4796 2809 4870 relinquit
2851 4791 3224 4849 excusationem
3257 4783 3496 4840 diuitibus
3546 4777 3726 4834 uidua.
3753 4799 3822 4812 —

2237 4896 2470 4954 Audiam
2512 4892 2598 4962 qui
2655 4885 2964 4958 magniﬁcas
2997 4881 3143 4937 mdes
3191 4882 3530 4938 construunt,
3568 4877 3626 4925 et
3673 4879 3823 4922 sum-

2241 4999 2426 5061 ptuosa
2453 4984 2650 5056 prtedia
2695 4984 3021 5041 mercantur,
3047 4988 3112 5027 ac
3151 4968 3471 5061 famulorum
3509 4974 3705 5034 greges
3730 4969 3826 5028 per

2241 5059 2412 5138 forum
2445 5076 2729 5134 traducunt
2758 5089 2772 5126 :
2803 5070 2890 5126 vel
2917 5066 3095 5138 potius
3123 5072 3178 5119 et
3201 5059 3499 5131 locupletes
3535 5062 3591 5110 et
3625 5062 3832 5123 paupe-

2243 5191 2332 5231 res
2373 5172 2594 5228 audiant
2640 5179 2867 5221 omnes:
2900 5159 3032 5216 nulli
3075 5155 3219 5212 enim
3267 5157 3394 5222 post
3415 5145 3630 5201 viduam
3671 5141 3830 5197 istam

2243 5266 2516 5325 excusatio
2551 5262 2904 5330 relinquetur.
2934 5254 3064 5309 Tam
3094 5248 3278 5304 multis
3303 5245 3389 5300 illa
3433 5231 3829 5312 impedimentis

2246 5363 2490 5420 intricata
2532 5365 2683 5423 erat,
2734 5351 2829 5408 sed
2875 5349 2963 5404 illa
3009 5356 3187 5402 tamen
3245 5336 3532 5407 interrupit
3575 5340 3632 5388 et
3683 5340 3832 5423 tran-

2245 5455 2473 5513 scendit.
2504 5450 2638 5508 Audi
2665 5421 2814 5503 vero.
2861 5441 3170 5512 Alienigena
3207 5442 3324 5491 erat
3354 5452 3369 5489 :
3397 5444 3561 5487 unum
3607 5432 3694 5482 est
3735 5421 3836 5476 hoc

2248 5550 2713 5623 impedimentum.
2737 5537 2956 5597 Sidonia
2982 5552 2997 5602 ;
3034 5520 3829 5623 secundum-impedimentum.

2250 5614 2364 5704 Non
2395 5643 2534 5701 enim
2563 5654 2658 5711 par
2699 5643 2781 5693 est
2805 5629 3041 5688 conditio
3063 5669 3079 5696 ,
3110 5625 3154 5680 si
3194 5619 3487 5690 alienigena
3529 5614 3612 5670 sis
3647 5618 3834 5711 quem
