4060 6260
264 306 362 366 διδ

257 425 361 480 τῶν
389 415 782 485 ἀποκαλύψεων
809 413 916 468 τῶν
949 413 1113 468 αὐτοῦ
1134 454 1149 480 ,
1182 412 1344 486 φησίν
1365 429 1378 442 ·
1416 413 1557 467 Ἐὰν
1586 413 1698 484 γὰρ
1725 411 1825 465 καί

259 513 488 582 θελήσω
523 508 972 578 καυχήσασθαι,
1000 509 1115 562 οὑκ
1150 506 1365 576 ἔσομαι
1409 505 1617 575 ἄφρων
1638 521 1652 537 -
1678 499 1829 569 ἀλή-

444 601 552 674 γὰρ
579 597 714 669 ἐζρῶ.
742 599 898 662 Τίνος
935 594 1028 652 οὖν
1056 598 1244 652 ἕνεκεν
1265 597 1326 650 ού
1360 597 1664 667 καυχᾶσαις
1693 593 1826 647 Φεί-

257 698 423 766 δομαι
456 692 524 747 δὲ
542 692 630 763 μή
658 709 750 756 τις
777 693 864 757 είς
889 690 996 760 ἐμὲ
1019 690 1339 761 λογίσηται
1366 688 1520 759 ὑπὲρ
1549 689 1580 742 ὃ
1608 688 1829 754 βλέπει

252 804 345 860 με,
367 785 405 855 ἣ
453 784 688 853 ἀκούσῃ
716 797 773 838 τι
800 783 870 848 ἐξ
890 783 1062 854 ἐμοῦ.
1093 784 1214 837 Ἵνα
1236 779 1332 836 οὖν
1361 781 1438 853 μὴ
1468 781 1563 835 καὶ
1591 781 1686 834 ἐπὶ
1730 780 1825 834 τοῦ

255 876 526 949 προφήτου
556 871 798 927 τοιοῦτόν
826 889 878 925 τι
909 871 1092 944 συμϐῇ
1125 873 1210 942 (εί
1232 871 1342 944 γὰρ
1372 872 1468 925 καὶ
1499 871 1686 934 Ἠλίας
1733 865 1825 941 ἦν,

256 969 363 1024 ἀλλ’
384 965 667 1038 ἅνθρωπος
690 960 818 1036 ἦν),
847 964 1176 1035 ἐγκατέμιξε
1214 963 1453 1035 θαύματι
1493 962 1555 1016 τὺ
1583 961 1683 1032 τῆς
1721 959 1825 1030 φύ-

256 1076 385 1124 σεως
410 1057 714 1128 ἐλάττωμα.
746 1055 845 1110 Διά
871 1053 1030 1109 τοῦτο
1047 1057 1076 1108 6
1107 1055 1214 1108 τῶν
1237 1053 1484 1126 οὐρανῶν
1516 1054 1825 1125 κρατήσας,

253 1156 346 1226 τῆς
396 1151 586 1223 πείνης
637 1150 737 1203 οὐκ
771 1149 1102 1220 ἐκράτησεν·
1133 1149 1162 1202 6
1202 1149 1304 1211 τὰς
1358 1147 1553 1210 ὠδῖνας
1579 1147 1679 1217 τῆς
1722 1145 1825 1216 γῆς

253 1243 504 1315 ἐπισχὼν,
530 1243 629 1314 τῆς
651 1241 886 1314 γαστρὸς
909 1241 1010 1312 τὴν
1028 1240 1274 1311 ἀνάγκην
1297 1240 1541 1310 ἐπισχεῖν
1557 1239 1655 1291 οὐκ
1684 1237 1827 1308 ῖσχυ-

255 1358 363 1406 σεν,
391 1336 528 1392 ἀλλὰ
557 1337 733 1408 χήρας
761 1335 934 1388 ἐδεῖτο
964 1333 1244 1402 γυναικὸς,
1271 1333 1358 1386 ἵνα
1395 1331 1571 1404 μάθῃς
1607 1332 1701 1384 καὶ
1725 1328 1824 1400 τὴν

253 1432 395 1490 θείαν
416 1429 596 1501 χάριν,
634 1427 730 1481 καίι
750 1425 850 1497 τὴν
881 1422 1230 1496 ἀνθρωπίνην
1260 1421 1566 1476 ἀσθένειαν.
1601 1421 1715 1474 Οὐκ
1743 1421 1823 1484 εἰς

250 1523 400 1580 τοῦτο
417 1521 472 1574 δὲ
507 1520 668 1591 μόνον
687 1517 884 1586 ὠφέλει
902 1515 964 1569 τδ
996 1514 1234 1586 συμϐάν,
1263 1512 1400 1567 ἀλλὰ
1425 1513 1520 1566 καὶ
1540 1513 1620 1576 είς
1639 1511 1823 1580 ἕτερον

250 1616 345 1670 οὐκ
398 1610 620 1665 ἔλαττον
670 1606 883 1661 τούτου.
919 1607 1078 1658 Ποῖον
1125 1603 1190 1674 δὴ
1223 1602 1414 1666 τοῦτο;
1477 1599 1574 1655 Ἵν’
1605 1601 1732 1654 ὅταν
1763 1615 1822 1652 σε

248 1701 536 1777 παρακαλῇ
569 1717 654 1763 τις
684 1701 822 1770 πρὸς
873 1696 964 1750 τὸν
1020 1695 1116 1750 τοῦ
1172 1695 1456 1765 προφήτου
1495 1691 1692 1763 ζῆλον,
1748 1693 1822 1760 μὴ

248 1795 582 1867 καταπέσῃς,
625 1791 761 1864 μηδέ
789 1787 1044 1859 ἀπγνῷς
1069 1786 1306 1858 νομίζων
1339 1786 1531 1858 ἐτέρας
1565 1779 1704 1837 εἶναι
1732 1782 1824 1836 τὸν

245 1889 530 1961 ἄνθρωπον
558 1884 796 1956 φύσεως,
827 1882 923 1937 καὶ
949 1880 1039 1936 διὰ
1068 1879 1227 1933 τοῦτο
1251 1878 1523 1949 τοσαύτην
1570 1878 1708 1948 πρὸς
1734 1875 1824 1929 τὸν

247 1979 374 2034 Θεὸν
409 1975 705 2048 ἐσχηκέναι
753 1973 852 2045 τὴν
900 1972 1236 2044 παρρησίαν.
1271 1971 1450 2040 Ὅπερ
1497 1963 1590 2022 οὗν
1619 1968 1712 2021 καί
1741 1985 1826 2031 τις

244 2070 456 2144 ᾐνίξατο
473 2067 648 2121 εἰπών
663 2084 678 2098 ο
712 2065 919 2131 Ἠλίας
942 2061 1312 2133 ὁμοιοπαθὴς
1336 2060 1485 2130 ἡμῖν
1510 2056 1591 2130 ἦν
1611 2059 1828 2127 ἄνθρω-

244 2178 357 2230 πος
375 2179 386 2191 ·
439 2158 731 2232 μονονουχὶ
772 2157 970 2227 λέγων,
1003 2154 1088 2226 Μὴ
1119 2154 1346 2226 νομίσῃς
1377 2152 1636 2207 ἀδύνατον
1686 2147 1828 2204 εἶναι

244 2257 378 2330 πρὸς
406 2255 513 2325 τὴν
550 2251 718 2323 αὐτὴν
757 2250 952 2320 ἐκείνῳ
982 2247 1186 2318 φθάσαι
1218 2248 1316 2316 τῆς
1369 2244 1684 2317 φιλοσοφίας
1727 2245 1827 2316 τὴν

243 2352 486 2422 κορυφήν
508 2365 522 2381 ·
554 2346 649 2402 καὶ
666 2344 776 2418 γὰρ
810 2345 904 2399 καὶ
928 2345 1137 2404 ἐκεῖνος
1160 2342 1259 2412 τῆς
1302 2341 1473 2411 αὐτῆς
1501 2340 1828 2411 ἐκοινώνησε

243 2445 474 2516 φύσεως.
515 2441 655 2498 Ἀλλ’
680 2441 832 2512 ὅμως
861 2440 895 2509 ἠ
924 2433 1216 2507 θαυμαστὴ
1246 2433 1340 2488 καὶ
1364 2432 1486 2486 θεία
1507 2431 1831 2504 προαίρεσις

244 2537 374 2593 πολὺ
397 2536 511 2591 τῶν
540 2534 713 2588 ἄλλων
748 2531 912 2586 αὑτὸν
935 2529 1262 2601 ὑψηλότερον
1290 2524 1509 2591 ἔδειξεν.

311 2632 374 2698 ζ’.
405 2625 574 2683 Ἀλλά
598 2625 787 2696 καιρὸς
804 2623 992 2678 λοιπὸν
1026 2623 1160 2694 πρὸς
1182 2620 1281 2691 τὴν
1297 2624 1472 2692 χήραν
1491 2618 1826 2674 ἐπανελθεῖν.

241 2717 453 2788 Ἦλθε,
482 2723 670 2792 φησὶν,
693 2721 778 2785 εὶς
805 2715 1078 2786 Σαρεφθὰ
1102 2713 1214 2782 τῆς
1253 2713 1536 2779 Σιδῶνος,
1570 2712 1670 2766 καί
1692 2709 1832 2780 εὗρε

242 2816 503 2889 γυναῖκα
531 2812 727 2884 χήραν
754 2807 1187 2876 συλλέγουσαν
1209 2806 1386 2870 ξύλα.
1422 2805 1582 2869 Ἀξια
1615 2804 1718 2873 τῆς
1745 2804 1831 2856 ἔν-

239 2909 330 2964 δον
375 2907 569 2970 πενίας
616 2904 755 2966 τέως
783 2902 852 2955 τά
907 2899 1241 2970 προπύλαια.
1277 2897 1342 2948 Τί
1374 2893 1502 2962 οὗν;
1536 2895 1829 2965 ἀπετράπη

242 3000 474 3054 τοιαῦτα
501 2998 600 3068 τῆς
631 2991 934 3065 φιλοξενίας
966 2987 1088 3044 ίδὼν
1113 2991 1182 3043 τὰ
1210 2991 1505 3061 προοίμια;
1543 2988 1828 3059 Οὐδαμῶς·

243 3092 398 3154 θείας
433 3088 546 3158 γάρ
593 3083 661 3157 ἦν
702 3081 956 3154 ἀκηκοὼς
1002 3081 1364 3149 ἀποφάσεως*
1430 3080 1545 3134 ἀλλ’
1607 3080 1832 3150 ἐϐόησεν

241 3181 422 3236 ὀπίσω
450 3179 642 3247 αὐτῆς,
670 3176 765 3230 καὶ
790 3170 934 3240 εἷπε,
961 3171 1115 3228 Λάϐε
1136 3171 1210 3237 δή
1232 3189 1331 3242 μοι
1363 3171 1539 3240 ὕδωρ,
1569 3172 1665 3224 καί
1695 3172 1834 3227 ἐπο-

237 3274 426 3344 ρεύθη
448 3269 676 3324 λαϐεῖν.
707 3269 913 3329 Ὄντως
933 3265 1155 3334 γενναία
1180 3265 1272 3318 καὶ
1295 3265 1580 3334 φιλόσοφος
1609 3267 1642 3336 ἡ
1671 3265 1829 3336 γυνὴ,

243 3364 338 3419 καὶ
359 3364 420 3416 ἐἰ
464 3361 540 3433 μὴ
559 3358 832 3430 τολμηρὸν
861 3358 1052 3420 εἰπεῖν,
1085 3357 1180 3410 καὶ
1216 3355 1387 3426 αὐτῆς
1419 3356 1511 3408 τοῦ
1553 3357 1831 3426 προφήτου

249 3452 662 3528 μεγαλοψυχίας
717 3448 844 3514 ἀξία
868 3464 884 3479 ⁶
918 3447 1118 3519 μᾶλλον
1144 3447 1200 3499 δὲ
1229 3448 1290 3498 οὺ
1330 3445 1602 3516 τολμηρὸν
1637 3447 1830 3497 εἰπεῖν·

244 3549 295 3602 εί
323 3547 436 3617 γὰρ
460 3543 536 3616 μὴ
563 3539 631 3614 ἦν
671 3540 821 3605 ἀξία,
874 3539 978 3591 οὐκ
1008 3537 1075 3590 ἀν
1108 3535 1472 3600 ὑποδέξασθαι
1522 3533 1831 3605 κατηξιώθη

244 3641 336 3695 τὸν
376 3641 535 3708 ἀγιον
583 3637 809 3690 ἐκεῖνον.
862 3631 1132 3701 Καθάπερ
1190 3632 1219 3683 6
1256 3630 1490 3701 Χριστός
1535 3645 1667 3698 φησι
1699 3627 1836 3699 πρὸς

245 3730 373 3793 τοὺς
424 3725 704 3798 μαθητάςο
763 3723 845 3776 ὅτι
895 3723 1000 3788 Εὶς
1033 3719 1115 3789 ἣν
1142 3719 1212 3773 δὲ
1240 3719 1317 3774 ἂν
1349 3722 1534 3773 πόλιν
1557 3719 1594 3786 ἢ
1630 3718 1836 3786 κώμην

241 3818 580 3886 εἰσέλθητε,
627 3811 969 3883 ἐρωτήσατε
1019 3812 1113 3877 τίς
1149 3811 1322 3876 ἄξιος
1352 3811 1424 3863 ἐν
1461 3807 1636 3877 αὐτῇ,
1666 3809 1843 3862 κάκεῖ

240 3912 488 3983 μείνατε
507 3923 521 3936 ·
574 3905 718 3960 οὕτω
746 3903 841 3959 καὶ
881 3901 1114 3956 ἐνταῦθα
1140 3903 1168 3954 6
1197 3901 1350 3965 Θεὸς,
1374 3902 1560 3974 ἐπειδὴ
1599 3901 1836 3971 μάλιστα

245 4004 465 4059 πάντων
494 3999 654 4066 ἀξίαν
679 3997 796 4070 ᾔδει
819 3996 918 4068 τὴν
943 3998 1178 4065 γυναῖκα
1205 3994 1300 4049 τού
1315 3994 1572 4060 δέξασθαι
1593 3995 1686 4049 τὸν
1710 4013 1837 4067 προ-

246 4098 448 4166 φήτην,
481 4089 572 4146 διὰ
606 4088 768 4143 τοῦτο
787 4087 887 4151 τὰς
909 4085 1075 4151 ἄλλας
1105 4087 1284 4150 πάσας
1313 4088 1496 4156 ἀφεὶς,
1529 4089 1709 4140 ἐκεῖσε
1738 4087 1839 4141 αύ-

245 4187 336 4241 τὸν
364 4183 605 4254 ἔπεμψε.
657 4179 802 4253 Πλὴν
835 4178 972 4234 άλλά
1000 4180 1094 4233 καὶ
1125 4178 1190 4232 δι’
1221 4177 1401 4233 αὐτῶν
1442 4178 1554 4233 τῶν
1578 4179 1838 4251 πραγμά-

245 4295 354 4332 των
374 4277 577 4348 ἴδωμεν
600 4273 770 4345 αὐτῆς
792 4272 890 4344 τὴν
909 4270 1208 4339 εὐγένειαν.
1237 4269 1392 4325 Λάϐε
1412 4269 1487 4337 δή
1503 4287 1629 4340 μοι,
1649 4273 1834 4342 φησὶν,

247 4368 406 4438 ὕδωρ
429 4370 522 4434 είς
542 4365 746 4438 ἄγγος.
777 4363 955 4435 Πολλὴ
978 4365 1012 4434 ἡ
1039 4360 1190 4435 [554]
1225 4359 1593 4433 φιλοφροσύνη
1616 4363 1715 4432 τῆς
1744 4379 1840 4431 γυ-

247 4460 456 4524 ναικός.
483 4458 611 4512 Ὅτι
632 4456 740 4528 γάρ
773 4456 1130 4526 ἀπεκρίνατο,
1183 4454 1266 4506 ὅτι
1314 4451 1474 4521 λόγου
1512 4451 1836 4522 μετέδωκεν,

247 4555 331 4609 ὃτι
355 4554 432 4627 μὴ
460 4551 814 4622 κατασχοῦσα
841 4547 1004 4605 αὐτὸν
1036 4547 1135 4616 τὴν
1169 4545 1323 4599 πόλιν
1360 4545 1580 4598 ἃπασαν
1609 4544 1838 4597 ἐκάλεσε

248 4647 388 4718 πρὸς
416 4646 518 4718 τὴν
545 4642 818 4714 τιμωρίαν
845 4641 946 4711 τῆς
989 4638 1139 4702 θείας
1180 4636 1396 4706 ἐκείνης
1446 4636 1708 4706 κεφαλῆς,
1739 4637 1838 4690 οὐκ

248 4736 397 4802 ἀξιον
418 4731 820 4806 ἐκπλήττεσθαι
841 4731 937 4785 καί¹
955 4729 1254 4801 θαυμάζειν
1279 4745 1294 4795 ;
1328 4729 1438 4782 Καὶ
1456 4729 1565 4799 γάρ
1588 4729 1671 4781 ὅτι
1693 4729 1840 4792 εἰκὸς

247 4826 316 4903 ἧν
343 4830 442 4884 τοῦ
497 4827 662 4900 λιμοῦ
706 4826 808 4899 τὴν
848 4824 1092 4895 ἀνάγκην
1150 4824 1289 4895 πρὸς
1318 4821 1520 4894 ταύτην
1550 4821 1840 4891 ἐξαγαγεῖν

250 4922 348 4994 τὴν
387 4921 562 4994 ὀργὴν
600 4919 662 4973 τὸ
693 4917 937 4988 γύναιον,
967 4917 1027 4984 ἐξ
1066 4913 1360 4970 Ἰουδαῖκοῦ
1395 4915 1840 4986 παραδείγματος

253 5013 518 5086 μάνθανε.

334 5108 393 5162 '0
434 5107 758 5171 Ἐλισσαῖος,
785 5107 814 5159 6
849 5103 1097 5175 μαθητὴς
1129 5101 1223 5156 τοῦ
1280 5101 1484 5167 Ἠλίου,
1535 5101 1564 5154 6
1622 5102 1842 5168 διπλοῦς

263 5197 457 5263 Ἰιλίας
485 5198 582 5270 (ἐν
606 5199 716 5271 γὰρ
748 5197 827 5269 τῷ
863 5196 1078 5269 μαθητῇ
1132 5195 1353 5250 διπλοῦν
1382 5196 1474 5250 τὸν
1521 5195 1842 5252 διδάσκαλον

354 5292 557 5360 ἰδεῖν),
589 5293 965 5364 προεφήτευσε
1009 5291 1148 5362 μετά
1171 5289 1346 5344 ταῦτα
1378 5291 1535 5362 λιμόν
1555 5308 1570 5323 ο
1604 5293 1723 5362 οὐχὶ
1745 5293 1843 5346 αὐ-

250 5385 344 5450 τὸς
372 5386 648 5458 ἐπήγαγε,
679 5385 933 5456 καθάπερ
985 5384 1190 5451 Ἠλίας,
1223 5384 1358 5439 ἀλλά
1399 5384 1660 5456 μέλλοντα
1691 5386 1843 5454 ἥξειν

250 5477 511 5547 προεῖπε.
569 5477 634 5530 Τί
673 5473 766 5530 οὖν
815 5477 844 5530 6
891 5474 1172 5545 βασιλεὺς,
1221 5477 1250 5528 6
1285 5477 1404 5528 κατ’
1447 5476 1689 5538 ἐκείνους
1717 5476 1844 5540 τοὺς

251 5569 486 5641 χρόνους
510 5569 807 5640 βασιλεύων
833 5586 848 5636 ;
883 5568 1274 5642 Περιεὸάλλετο
1298 5569 1523 5634 σάκκον,
1554 5569 1719 5640 φησί’
1748 5571 1843 5624 καὶ

251 5663 364 5732 γὰρ
388 5662 756 5717 ἐταπείνωσεν
786 5661 947 5714 αὑτὸν
975 5663 1008 5732 ἡ
1042 5661 1325 5733 συμφορά·
1361 5661 1480 5714 ἀλλ’
1511 5662 1664 5734 ὅμως
1700 5662 1843 5717 οὕτω

253 5751 646 5817 ταπεινωθεὶς,
665 5750 906 5815 ἀκούσας
935 5751 1191 5819 γυναικὸς
1222 5751 1559 5825 ὀδυρομένης
1583 5753 1726 5820 τινὸς
1751 5754 1842 5807 ἐπὶ

1501 309 1565 365 IN
1608 309 1863 366 HELIAM
1902 310 1986 365 ΕΤ
2027 309 2309 366 VIDUAM.

3397 318 3504 375 3H

1933 413 2172 484 συμϐάσι
2209 416 2298 471 διά
2341 418 2433 472 τὸν
2473 420 2651 491 λιμὸν,
2682 422 2762 486 είς
2794 423 3064 495 τοσαύτην
3091 425 3352 498 ἐξηνέχθη
3384 431 3505 482 τότε

1928 505 2118 577 ὀργὴν,
2150 507 2227 573 ὡς
2257 510 2559 582 ἀναϐοῆσαι
2593 513 2796 578 εὐθέως
2848 515 2941 568 καὶ⁸
2985 517 3176 581 είπεῖν,
3209 519 3353 573 Τάδε
3376 537 3508 575 ποι-

1928 594 2076 662 ήσαι
2091 615 2194 667 μοι
2223 603 2257 654 ό
2287 603 2453 669 Θεὸς,
2491 603 2585 658 καί
2610 603 2750 658 τάδε
2787 609 3097 676 προσθείη,
3124 610 3177 662 εί
3217 610 3508 676 στήσεται

1929 687 1968 755 ἡ
2001 690 2236 759 κεφαλὴ
2280 693 2626 749 Ἐλισσαίου
2659 696 2794 751 υἱοῦ
2829 699 3033 766 Σαφὰτ
3059 699 3153 752 ἐπ’
3181 700 3369 754 αὑτὸν
3396 701 3510 768 σή·

1922 799 2125 850 μερον.
2157 780 2311 850 Εἶδες
2338 785 2434 840 τοῦ
2463 788 2726 858 βασιλέως
2743 790 2841 862 τὴν
2870 792 3070 863 ὀργήν;
3099 792 3254 846 Μάθε
3289 793 3387 864 τῆς
3411 808 3508 862 γυ·

1928 874 2111 938 ναικὸς
2130 876 2232 947 τὴν
2254 878 2573 950 φιλοσοφίαν
2593 899 2605 912 ·
2630 881 2768 953 αὕτη
2797 881 2906 954 γάρ
2923 884 3042 953 οὐχὶ
3062 884 3153 936 τὸν
3175 885 3510 956 προειπόντα

1925 963 2102 1034 λιμὸν,
2126 967 2260 1022 ἀλλά
2282 970 2374 1024 τὸν
2403 973 2754 1042 ἐπαγαγόντα
2773 973 3029 1045 εὑροῦσα,
3054 975 3150 1028 καὶ
3175 979 3274 1046 τῆς
3301 974 3509 1041 πόλεως

1925 1052 2059 1111 οὖσα
2081 1059 2266 1127 ἐγγὺς,
2295 1062 2394 1114 οὐκ
2419 1064 2822 1136 ἠγανάκτησεν,
2845 1067 2946 1120 οὐκ
2965 1066 3243 1139 ἡγρίανεν,
3273 1069 3370 1138 ούχ
3401 1069 3512 1123 ἐτέ-

1927 1166 2055 1219 ρους
2078 1151 2215 1222 πρὸς
2244 1155 2512 1226 τιμωρίαν
2544 1157 2826 1226 ἐκάλεσεν,
2856 1160 2994 1214 ἀλλά
3021 1161 3114 1214 καὶ
3144 1161 3284 1232 μετὰ
3308 1161 3510 1233 πολλῆς

1927 1241 2204 1311 ὑπήκουσε
2224 1243 2324 1315 τῆς
2355 1247 2671 1312 ἐπιεικείας.

1998 1340 2070 1403 η’.
2098 1336 2244 1389 Ἴστε
2265 1336 2320 1389 δὲ
2344 1337 2424 1392 ὅτι
2457 1341 2677 1394 ἐπειδὰν
2703 1343 2832 1413 περί
2848 1361 2966 1398 τινα
2984 1347 3165 1418 χρείαν
3184 1340 3332 1419 ὦμεν
3347 1351 3511 1419 ἠσχο-

1925 1423 2170 1495 λημένοι,
2225 1429 2345 1481 οὐδὲ
2390 1432 2517 1494 τοὺς
2574 1433 2912 1504 ἐπιτηδείους
2976 1438 3236 1504 πολλάκις
3294 1441 3512 1512 δρῶμεν

1925 1513 2115 1584 ἡδέως,
2147 1516 2282 1570 ἀλλά
2306 1520 2398 1573 καὶ
2420 1522 2556 1593 πρὸς
2584 1524 2780 1589 αὐτοὺς
2809 1527 3235 1600 δυσχεραίνομεν
3257 1549 3270 1562 ·
3307 1532 3436 1585 ὅταν
3455 1533 3512 1586 δὲ

1924 1604 2103 1676 θλῖψις
2133 1609 2368 1683 τοσαύτη
2406 1617 2576 1687 παρῇ,
2610 1618 2702 1670 καὶ
2737 1619 2870 1671 αὐτὸ
2899 1619 2959 1672 τὸ
2979 1621 3094 1690 φῶς
3120 1622 3354 1692 ἐνοχλεῖν
3381 1626 3511 1695 ἡμῖν

1922 1696 2106 1751 δοκεῖ’
2139 1704 2234 1755 καὶ
2263 1705 2420 1758 τούτο
2444 1708 2603 1761 πάλιν
2629 1709 2688 1774 ἐξ
2723 1711 3017 1766 Ἰουδαῖκοῦ
3048 1715 3237 1784 μαθεῖν
3270 1715 3385 1769 ἐστι
3415 1734 3515 1769 πα-

1925 1791 2308 1864 ραδείγματος.
2346 1798 2475 1852 Ὅτε
2513 1800 2647 1868 γοῦν
2699 1799 2862 1875 ἦλθεν
2892 1807 2920 1858 6
2954 1807 3194 1877 Μωῦσῆς
3226 1809 3295 1861 τά
3343 1809 3511 1881 μυρία

1923 1886 2037 1947 τοῖς
2064 1886 2340 1952 Ἰουδαίοις
2369 1891 2732 1961 ἀπαγγέλλων
2759 1896 2962 1965 ἀγαθὰ,
2995 1901 3308 1969 τυραννίδος
3333 1903 3512 1956 ἀπαλ-

1924 1977 2120 2048 λαγὴν,
2153 1979 2490 2052 ἐλευθερίαν,
2537 1987 2629 2039 καὶ
2671 1988 2808 2059 πρὸς
2856 1991 2956 2060 τὴν
3008 1992 3247 2047 παλαιάν
3279 1996 3512 2066 πατρίδα

1926 2070 2212 2125 ἐπάνοδον·
2254 2074 2500 2144 Ἰδόντες
2528 2080 2735 2145 αὑτὸν,
2760 2083 2944 2152 φησὶν,
2975 2086 3085 2138 οὐκ
3107 2085 3386 2154 ἤκουσαν
3409 2091 3514 2142 αὐ-

1927 2162 2034 2216 τοῦ
2056 2163 2172 2217 ἀπὸ
2200 2164 2312 2236 τῆς
2349 2169 2772 2240 όλιγοψυχίας,
2826 2175 2925 2226 καὶ
2986 2175 3107 2230 τῶν
3157 2180 3348 2248 ἔργων
3394 2179 3516 2234 τῶν

1927 2255 2237 2326 σκληρῶν.
2277 2261 2505 2316 Ἐκεῖνοι
2522 2265 2614 2319 τὸν
2643 2267 2937 2336 κομίζοντα
2957 2271 3253 2342 εὐαγγέλια
3275 2276 3514 2330 τοσαῦτα

1932 2346 2132 2412 ἰδόντες
2155 2352 2582 2426 ἐπεστράφησαν
2608 2375 2622 2388 ·
2647 2359 2785 2431 αὕτη
2809 2361 2864 2414 δὲ
2895 2362 3077 2418 ἰδοῦσα
3105 2365 3198 2418 τὸν
3227 2368 3515 2440 προφήτην

1930 2438 2176 2503 ἐλθόντα,
2205 2443 2325 2514 ούχὶ
2363 2444 2504 2499 ὥστε
2561 2447 2721 2502 λῦσαι
2753 2451 2843 2503 τὸν
2882 2452 3058 2523 λιμὸν,
3097 2456 3214 2509 ἀλλ’
3245 2459 3387 2513 ὥστε
3422 2438 3517 2512 καὶ

1930 2528 2069 2600 αὐτῇ
2098 2532 2351 2598 γενέσθαι
2380 2533 2573 2607 βαρὺν,
2597 2539 2751 2594 ούδέν
2775 2543 3016 2598 τοιοῦτον
3038 2545 3228 2603 ἔπαθε.
3257 2549 3516 2606 Κάκεῖνοι

1934 2621 2034 2691 μὲν
2055 2623 2227 2687 οὕτως
2249 2620 2389 2696 ἦσαν
2421 2629 2703 2700 δυσχερεῖς
2733 2633 2822 2686 διὰ
2854 2636 2944 2688 τὸν
2967 2637 3080 2692 τῶν
3112 2639 3289 2711 ἔργων
3335 2644 3514 2697 πόνον·

1932 2713 2071 2784 αὕτη
2104 2715 2161 2768 δὲ
2185 2717 2304 2787 ούχὶ
2339 2721 2520 2786 πόνου,
2550 2723 2686 2777 ἀλλά
2713 2725 2870 2796 λιμοῦ
2899 2731 3142 2802 σφοδρῶς
3169 2734 3518 2805 ἐπικειμένου

1934 2803 2105 2874 (πολὺ
2136 2807 2192 2860 δέ
2227 2809 2390 2862 πόνου
2421 2815 2513 2866 καὶ
2566 2814 2724 2887 λιμοῦ
2753 2819 2813 2870 τὸ
2854 2821 3083 2890 μέσον),
3130 2825 3190 2876 ού
3225 2827 3385 2895 μόνον
3419 2830 3520 2882 οὐκ

1934 2904 2262 2977 ἀπεστράφη
2297 2909 2387 2963 τὸν
2443 2910 2630 2982 ἄνδρα,
2685 2915 2822 2968 ἀλλά
2867 2921 2963 2972 καὶ
2997 2923 3178 2976 πᾶσαν
3220 2926 3391 2998 αὐτῆς
3420 2928 3520 3000 τὴν

1935 3003 2128 3057 πενίαν
2153 3007 2441 3072 ἐκένωσεν,
2474 3008 2614 3063 ὥστε
2646 3013 3006 3080 ὐποδέξασθαι
3041 3021 3132 3074 τὸν
3169 3025 3519 3094 ἐπαγαγόντα

1935 3102 2121 3164 αὐτοῖς
2149 3102 2241 3155 τὸν
2265 3103 2440 3174 λιμόν.
2476 3107 2586 3160 Καὶ
2607 3109 2924 3182 ἐπορεύθη,
2943 3117 3096 3186 φησὶ,
3115 3121 3325 3175 λαϐεῖν
3339 3124 3535 3194 ὕδωρ,⁶

1935 3198 2033 3253 καὶ
2087 3202 2345 3270 ἐϐόησεν
2373 3207 2406 3258 ὁ
2434 3207 2746 3278 προφήτης
2797 3214 2895 3266 καὶ
2929 3211 3092 3280 εἷπε,
3125 3219 3280 3274 Λάϐε
3318 3223 3393 3291 δή
3418 3243 3523 3294 μοι

1935 3302 2033 3354 καί
2068 3302 2268 3370 ἄρτον,
2312 3304 2410 3358 καὶ
2451 3305 2734 3384 φάγομαι.
2762 3310 2826 3364 Τί
2849 3307 2999 3384 οὖνὴ
3031 3319 3205 3388 γονῆς
3258 3321 3390 3375 Οὐδὲ
3439 3325 3524 3377 ἐν-

1933 3396 2107 3450 ταῦθα
2134 3399 2496 3470 δυσχεραίνει,
2532 3403 2666 3457 ἀλλὰ
2689 3407 2743 3458 τί
2778 3425 2943 3477 φησι;
2976 3411 3062 3479 Ζῇ
3088 3416 3297 3482 Κύριος
3319 3422 3350 3470 ὀ
3377 3420 3523 3487 Θεός

1936 3512 2074 3559 σου,
2101 3497 2153 3548 εὶ
2183 3496 2314 3550 ἔστι
2361 3515 2464 3566 μοι
2515 3499 2863 3570 ἐγκρυφίας,
2916 3506 3056 3560 ἀλλ’
3109 3509 3146 3577 ἤ
3194 3510 3346 3566 ὅσον
3371 3513 3524 3583 ὃρὰξ

1935 3588 2218 3657 ἀλεύρου.
2266 3591 2424 3652 Τίνος
2454 3592 2644 3647 ἕνεκεν
2699 3594 2963 3666 byw-00w;
3004 3602 3204 3672 Ἀρτον
3251 3606 3453 3679 ᾔτησεν
3494 3612 3524 3663 ὁ

1937 3688 2245 3758 προφήτης,
2274 3688 2414 3760 αὑτὴ
2439 3689 2496 3742 δὲ
2526 3690 2690 3762 ἄρτον
2710 3693 2810 3746 οὐκ
2833 3689 3001 3766 εἶχεν.
3046 3699 3294 3756 Ἐδεισεν
3320 3701 3415 3759 οὖν
3449 3709 3521 3778 μή

1938 3799 2069 3836 ποτε
2095 3784 2413 3856 πεπτούσης
2428 3786 2622 3857 αὐτῆς,
2649 3789 2928 3862 ὀπτώσης,
2955 3795 3051 3847 καὶ
3075 3801 3524 3867 παρασκευαζού-

1940 3895 2058 3948 σης,
2095 3873 2214 3932 εἷτα
2245 3878 2639 3953 βραδυνούσης,
2671 3884 2772 3938 οὐκ
2803 3887 3107 3960 ἀναμείνας
3131 3893 3230 3966 τὴν
3253 3896 3524 3970 ἀναϐολὴν

1936 3978 1966 4030 ὁ
1993 3979 2284 4050 προφήτης
2313 3980 2666 4058 ἀποπηδήσῃ,
2700 3986 2796 4039 καὶ
2823 3987 2973 4061 φύγῃ
2993 3990 3094 4060 τῆς
3131 3993 3437 4061 φιλοξενίας
3464 3999 3525 4053 τὸ

1937 4074 2182 4148 θήραμα.
2207 4078 2308 4132 Διά
2344 4079 2502 4134 τοῦτο
2530 4084 2692 4138 αὑτὸν
2717 4086 2868 4158 ὅρκῳ
2908 4092 3288 4160 προκατέλαὸε
3331 4095 3524 4164 λέγου-

1940 4191 2030 4238 σα,
2052 4174 2151 4245 ούχ
2169 4176 2251 4230 ὅτι
2273 4177 2386 4230 Οὐκ
2405 4177 2522 4232 ἔστι
2551 4199 2641 4251 μοι
2666 4182 2913 4254 ἄλευρον,
2936 4185 3049 4240 ἀλλ’
3069 4188 3152 4241 ὅτι
3189 4191 3526 4264 Ἐγκρυφίας

1942 4270 2042 4342 μὲν
2069 4271 2168 4324 ούκ
2189 4272 2355 4338 ἐστιν,
2386 4274 2536 4348 [555]
2565 4277 2791 4350 ἄλευρον
2815 4281 2871 4336 δέ
2897 4285 3031 4337 ἐστι.
3074 4286 3181 4340 Καὶ
3219 4288 3279 4340 ού
3313 4288 3400 4344 διὰ
3429 4291 3524 4344 τοῦ

1937 4373 2102 4444 ὅρκου
2137 4373 2296 4442 μόνον
2330 4374 2493 4426 αὐτὸν
2557 4377 2859 4443 πιστοῦται,
2921 4381 3056 4435 ἀλλά
3110 4385 3204 4438 καὶ
3261 4387 3330 4440 δι’
3356 4387 3527 4459 αὐτῆς

1938 4468 2046 4521 τῶν
2081 4468 2425 4540 πραγμάτων
2456 4470 2558 4542 τῆς
2589 4473 2938 4539 ἀποδείξεως.
3015 4479 3163 4534 Ἰδοὺ
3205 4483 3332 4554 γάρ,
3369 4488 3524 4555 φησὶ,

1940 4565 2050 4619 δύο
2095 4564 2377 4638 συλλέτω
2433 4567 2690 4639 ξυλάρια
2714 4611 2730 4636 ,
2787 4573 2888 4627 καὶ
2943 4577 3389 4650 εἰσελεύσομαι,
3425 4583 3525 4637 καί

1940 4667 2175 4737 ποιήσω
2201 4671 2352 4724 αὐτὰ
2375 4668 2500 4736 τοῖς
2527 4668 2760 4738 τέκνοις
2789 4689 2927 4741 μου,
2960 4675 3056 4728 καί
3076 4678 3403 4749 φαγόμεθα,
3427 4682 3527 4736 καί

1940 4766 2422 4835 ἀποθανούμεθα.

2026 4860 2396 4914 Ἀκουέτωσαν
2430 4860 2481 4915 οί
2510 4860 2609 4927 τάς
2639 4861 2902 4936 λαμπρὰς
2925 4866 3104 4932 οίκίας
3134 4869 3528 4946 οἰκοδομούμε-

1941 4973 2044 5022 νοι,
2081 4956 2176 5010 καὶ
2205 4957 2333 5020 τοὺς
2363 4957 2676 5023 πολυτελεῖς
2713 4960 2918 5031 ἀγροὺς
2951 4962 3273 5036 ὠνούμενοι,
3327 4970 3424 5024 καὶ
3448 4972 3529 5025 οι-

1944 5057 2118 5110 κετῶν
2155 5057 2357 5126 ἀγέλας
2383 5058 2475 5111 ἐπὶ
2501 5059 2600 5129 τῆς
2628 5059 2834 5130 ἀγορᾶς
2869 5063 3292 5134 περιφέροντες
3327 5069 3529 5138 pane?

1941 5157 1998 5211 δὲ
2028 5159 2121 5211 καὶ
2153 5155 2376 5228 εὔποροι
2403 5158 2498 5211 καὶ
2531 5158 2762 5229 πένητες
2786 5159 3138 5217 ἀκουέτωσαν
3164 5163 3530 5230 πάντες-ού·-

1943 5258 2055 5312 δενὶ
2082 5259 2191 5328 γὰρ
2220 5259 2358 5330 μετὰ
2380 5257 2480 5330 τὴν
2505 5260 2681 5330 χήραν
2707 5258 2917 5331 ταύτην
2943 5260 3211 5330 ἀπολογία
3235 5262 3388 5316 ἐσται
3418 5264 3529 5317 λοι-

1945 5361 2066 5413 πόν.
2094 5357 2345 5413 Τοσαῦτα
2359 5352 2426 5428 ἧν
2443 5356 2582 5428 αὐτῇ
2598 5356 2667 5410 τά
2688 5355 3008 5428 κωλύματα,
3033 5357 3150 5412 ἀλλ’
3171 5358 3322 5429 ὅμως
3351 5360 3530 5414 πάντα

1944 5461 2131 5514 ἐκεῖνα
2162 5456 2378 5526 διέκοψε
2400 5456 2494 5509 καὶ
2522 5455 2788 5527 ὑπερέϐη.
2843 5458 3043 5511 Ἀκουε
3071 5455 3150 5511 δέ.
3206 5457 3530 5527 ’Δλλόφυλος

1943 5553 2011 5628 ἦν
2032 5573 2045 5586 ·
2082 5555 2140 5609 ἐν
2166 5555 2323 5608 τοῦτο
2353 5553 2417 5607 τὸ
2447 5552 2697 5624 κώλυμα.
2717 5553 2944 5607 Σιδωνία
2966 5570 2980 5584 ·
3003 5552 3256 5625 δεύτερον
3274 5551 3526 5623 κώλυμα.

1945 5655 2079 5710 Ούδέ
2117 5654 2224 5725 γὰρ
2250 5652 2360 5705 ἴσον
2399 5651 2694 5721 ἀλλόφυλον
2733 5648 2869 5705 εἶναι
2906 5652 3114 5716 ἁπλῶς,
3156 5652 3252 5706 καὶ
3281 5651 3533 5705 Σιδώνιον

1944 5754 2043 5824 τῆς
2071 5751 2444 5824 πονηροτάτης
2500 5749 2741 5815 πόλεως’
2783 5751 2856 5815 ὠς
2907 5750 3014 5823 γάρ
3066 5751 3296 5824 ἔσχατον
3332 5751 3529 5814 κακίας
