4060 6260
593 235 696 290 διδ

593 352 918 426 ὑπόδειγμα,
962 360 1060 430 τὴν
1117 364 1272 419 πόλιν
1323 367 1539 437 ἐκείνην
1587 369 1645 421 ἐν
1671 372 1782 433 τοῖς
1819 371 2166 441 Εὑαγγελίοις

593 445 916 513 παρήγαγεν
942 448 970 499 ό
989 450 1241 522 Χριστός.
1276 451 1383 508 Ἦν
1410 457 1591 509 τοίνυν
1621 459 1714 512 καὶ
1734 459 2050 531 ἀλλόφυλος,
2069 465 2163 517 καὶ

591 533 853 598 Σιδωνία,
898 542 992 591 καὶ
1038 543 1196 615 γυνή,
1229 546 1289 599 τὸ
1334 548 1558 610 ἀσθενὲς
1586 555 1739 618 γένος
1781 552 1877 605 καὶ
1903 553 2165 607 πάντοθεν

589 622 843 715 δεόμενον
857 626 955 696 τῆς
980 629 1332 703 ἀντιλήψεως.
1358 638 1573 710 Προσῆν
1605 639 1698 692 καὶ
1726 641 1942 712 χηρεία,
1972 643 2166 715 τέταρ-

530 744 531 747 η
588 728 680 764 τον
730 714 989 788 κώλυμα·
1047 721 1321 791 πέμπτον,
1359 726 1583 780 ἐκείνων
1641 732 1893 787 ἁπάντων
1953 735 2161 804 μεῖζον,

590 805 981 878 παιδοτροφίας
1010 813 1319 883 ἐπιμέλεια.
1361 816 1731 875 Ἀκουέτωσαν
1765 824 1823 876 αἱ
1873 825 2040 896 χῆραι
2068 825 2162 878 καὶ

592 897 786 961 παΰας
805 900 1122 971 τρέφουσαι,
1161 905 1236 968 ὡς
1269 907 1367 960 οὐκ
1403 905 1472 980 ἦν
1506 911 1663 983 ἱκανή
1693 915 1724 984 ή
1780 915 1985 985 σκῆψις
2021 916 2160 987 αῦτη

589 988 728 1079 πρὸς
752 991 814 1045 τὸ
848 992 924 1064 μή
982 1000 1155 1050 ποιεῖν
1183 1000 1574 1073 ἐλεημοσύνην,
1636 1007 1770 1076 μηδὲ
1804 1008 2161 1079 ὑποδέχεσθαι

588 1077 810 1143 ξένους·
860 1084 953 1137 καὶ
1002 1085 1136 1157 δράξ
1165 1089 1395 1161 ἀλεύρου
1435 1093 1790 1149 ὑπελέλειπτο
1848 1077 2027 1167 μόνον,
2063 1100 2159 1152 καὶ

591 1168 710 1236 μετ’
734 1170 948 1244 ἐκείνην
972 1173 1201 1241 θάνατος
1256 1181 1639 1251 προσεδοκᾶτο.
1672 1185 1745 1237 Σὺ
1778 1186 1877 1255 μὲν
1907 1187 2018 1257 γάρ
2054 1188 2161 1241 κᾶν

587 1258 806 1315 ἅπαντα
832 1264 1075 1338 κενώσῃς
1097 1268 1165 1322 τὰ
1185 1271 1445 1341 χρήματα
1469 1314 1482 1336 ,
1510 1273 1613 1327 κᾶν
1633 1291 1700 1342 γυ
1709 1274 1927 1350 μνώσῃς
1949 1277 2047 1347 τῆς
2069 1294 2161 1331 πε-

585 1350 828 1418 ριουσίας
882 1356 1097 1422 σαυτὸν,
1150 1357 1374 1413 δύνασαι
1427 1363 1562 1432 πρὸς
1593 1363 1692 1427 τάς
1745 1366 1948 1437 ἐτέρων
1991 1367 2160 1438 θύρας

583 1439 838 1495 ἀπελθεῖν
870 1445 965 1498 καὶ
992 1450 1175 1517 τυχεῖν
1200 1453 1555 1521 παραμυθίας
1575 1469 1591 1486 ·
1623 1456 1744 1509 τότε
1768 1456 1824 1508 δὲ
1856 1456 1976 1509 οὐδὲ
2002 1460 2160 1510 ἐπαι-

582 1533 695 1585 τεῖν
723 1533 948 1589 δυνατὸν
968 1533 1056 1608 ἦν,
1085 1539 1259 1604 οὕτως
1285 1542 1531 1609 ἅπαντας
1558 1547 1684 1611 τοὺς
1703 1548 1925 1618 λιμένας
1953 1549 2157 1620 ἔχωσεν

580 1621 611 1673 ό
639 1623 818 1694 λιμός.
869 1626 1008 1682 Ἀλλ’
1060 1631 1210 1686 οὐδὲν
1259 1634 1463 1689 τούτων
1513 1637 1807 1693 ἐκώλυσεν.
1858 1640 2011 1693 Εἴπω
2067 1642 2158 1694 καὶ

580 1712 808 1785 ἕϐδομον
855 1718 1103 1791 κώλυμα,
1144 1723 1307 1778 αὐτὸν
1335 1726 1427 1779 τὸν
1474 1728 1733 1798 μέλλοντα
1758 1730 2156 1795 ἐπιξενίζεσθαι

580 1807 646 1875 τῇ
672 1808 913 1873 γυναικί.
946 1811 1081 1864 Οὐδὲ
1106 1812 1214 1885 γάρ
1242 1817 1460 1879 οἰκεῖος.
1485 1818 1604 1871 οὐδὲ
1625 1821 1900 1892 γνώριμος
1914 1816 2002 1890 ἦν,
2021 1821 2156 1876 ἀλλὰ

579 1895 729 1961 ξένος
766 1899 860 1953 καὶ
891 1900 1203 1974 ἀλλότριος,
1232 1907 1326 1961 καὶ
1380 1910 1499 1961 κατ’
1545 1910 1706 1963 αὑτὸν
1738 1910 1841 1981 τῆς
1870 1912 2156 1977 εὐσεϐείας

578 1986 735 2055 λόγον
781 1994 1184 2064 κεχωρισμένος
1238 1998 1425 2068 αὐτῆς.
1467 2001 1540 2052 Οὐ
1590 2001 1752 2071 μόνον
1787 2002 1844 2055 δὲ
1884 2002 2032 2069 ξένος
2060 2004 2154 2058 καὶ

573 2079 873 2154 ἀλλότριος,
910 2084 1048 2139 ἀλλά
1075 2087 1169 2140 καὶ
1193 2088 1355 2153 αὐτὸς
1381 2086 1448 2160 ἦν
1472 2092 1502 2143 ό
1531 2091 1620 2145 τὸν
1652 2093 1809 2163 λιμὸν
1834 2095 2150 2165 ἐπαγαγών.

646 2172 715 2226 θ’.
744 2171 890 2229 Ἀλλ’
914 2177 1066 2232 οὐδὲν
1089 2179 1294 2233 τούτων
1325 2182 1598 2255 ἀπέτρεψε
1621 2184 1719 2256 τήν
1743 2188 1977 2252 γυναῖκα
1996 2228 2010 2251 ,
2035 2185 2155 2240 ἀλλ’

575 2263 745 2318 ἐδίδου
770 2268 978 2338 τροφήν
1006 2270 1232 2340 στόματι
1256 2270 1334 2342 τῷ
1366 2274 1544 2327 πᾶσαν
1567 2275 1740 2344 αὐτῆς
1770 2276 1984 2348 δαπανή
1995 2293 2148 2331 σαντι

572 2353 678 2424 τήν
709 2356 932 2429 τροφήν,
966 2359 1059 2412 καὶ
1093 2360 1184 2413 τὸν
1213 2360 1386 2415 αἴτιον
1414 2363 1505 2416 τοῦ
1549 2364 1706 2435 λιμοῦ
1733 2369 1849 2430 τοῖς
1875 2366 2153 2436 λειψάνοις

573 2442 766 2516 ἔτρεφε
799 2447 894 2501 τοῦ
942 2448 1122 2521 λιμοῦ.
1150 2452 1251 2506 Διά
1287 2452 1368 2520 σὲ,
1397 2455 1581 2524 φησὶν,
1624 2457 1658 2526 ή
1705 2455 1893 2511 ἅπασά
1928 2475 2019 2527 μοι
2058 2476 2151 2511 πε-

578 2537 789 2606 ριουσία
829 2541 909 2602 είς
943 2540 1041 2612 τήν
1078 2541 1255 2612 δράκα
1293 2545 1553 2615 περιέστη
1588 2546 1789 2617 ταύτην
1811 2567 1824 2580 ·
1866 2548 1983 2601 ἀλλ’
2028 2550 2150 2602 οὐδὲ

573 2631 672 2702 τῆς
701 2631 902 2704 δρακὺς
925 2633 1129 2706 ταύτης
1160 2638 1410 2708 φείδομαι
1438 2638 1526 2692 διὰ
1556 2641 1635 2705 σὲ,
1666 2640 1803 2695 ἀλλά
1839 2642 1936 2695 καὶ
1979 2644 2151 2714 ἐμαυ-

572 2722 674 2792 τὴν
716 2725 809 2777 καὶ
837 2723 906 2777 τά
946 2725 1134 2780 παιδία
1163 2726 1412 2782 ἐπιδώσω
1449 2729 1684 2801 θανάτῳ,
1723 2731 1808 2785 ἴνα
1845 2733 1932 2799 σὺ,
1963 2734 2148 2804 φησὶν,

572 2812 603 2865 ὀ
634 2812 731 2882 τῆς
767 2815 1128 2887 στενοχωρίας
1169 2815 1342 2881 αἴτιος
1387 2818 1523 2888 μηδὲ⁹
1561 2820 1763 2892 μικράν
1812 2821 1911 2892 τῆς
1961 2839 2145 2875 στενο-

572 2904 779 2975 χωρίας
819 2905 1069 2976 αἴσθησιν
1118 2906 1309 2981 λάϐῃς.
1353 2909 1522 2963 Ποίαν
1551 2928 1635 2974 τις
1676 2912 1981 2983 ὑπερϐολὴν
2025 2915 2149 2975 ἐπιο

570 2994 783 3063 νοήσειε
816 2993 1116 3064 φιλοξενίας
1158 2997 1380 3069 ἐτέραν;
1427 3000 1542 3053 Οὐκ
1590 2999 1737 3055 ἔστιν
1770 3003 2027 3073 οὐδεμίαν
2053 3005 2146 3073 εὑ-

572 3087 708 3154 ρεῖν.
751 3080 871 3138 Εἷδε
903 3085 1073 3153 ξένον,
1100 3089 1194 3142 καὶ
1222 3088 1320 3160 τῆς
1355 3089 1572 3158 φύσεως
1604 3092 1806 3157 εὐθέως
1836 3094 2150 3162 ἐπελάθετο,

571 3177 666 3229 καὶ⁵
701 3176 801 3240 τάς
842 3177 1037 3243 ὠδῖνας
1081 3180 1337 3250 ἠγνόησε,
1366 3181 1462 3234 καὶ
1509 3181 1647 3253 πρὸς
1687 3184 1779 3238 τὸν
1807 3184 1914 3238 τῶν
1948 3187 2153 3240 παίδων

572 3265 843 3335 βλέπουσα
873 3269 1052 3339 χορὸν,
1076 3270 1139 3322 οὐ
1171 3270 1536 3340 κατεκλάσθη.
1565 3273 1676 3326 Καὶ
1700 3268 1816 3326 οἶδα
1850 3275 1949 3345 μὲν
1979 3277 2145 3330 ἀκού·

572 3369 673 3418 σας
710 3352 968 3417 πολλάκις
1001 3354 1266 3424 λεγόντων
1291 3357 1520 3423 πολλῶν,
1559 3360 1642 3414 ὄτι
1675 3362 1732 3417 '0
1749 3361 1898 3417 δεῖνα
1938 3366 2153 3435 πτωχὸν

573 3443 714 3508 ίδὼν,
738 3445 828 3498 τὸν
858 3445 1196 3516 χιτωνίσκον,
1217 3447 1277 3501 ὃν
1308 3450 1695 3522 περιεϐέϐλητο
1729 3453 1911 3524 μόνον,
1953 3454 2142 3509 τοῦτον

568 3536 990 3608 ἀποδυσάμενος.
1017 3538 1110 3591 τὸν
1136 3539 1341 3610 γυμνὸν
1370 3541 1713 3613 περιέϐαλεν,
1738 3543 1903 3608 αὐτὸς
1934 3545 1990 3599 δέ
2020 3549 2148 3616 παρ’

567 3628 756 3698 ἐτέρου
809 3627 1191 3698 δανεισάμενος
1252 3629 1486 3701 ἱμάτιον,
1535 3631 1707 3697 οὕτως
1765 3634 2013 3704 ἀπῆλθε·
2054 3638 2150 3691 καὶ

571 3720 715 3790 μέγα
743 3718 889 3785 ἔδοξε
920 3720 1078 3776 τοῦτο
1117 3717 1255 3776 εἶναι
1284 3725 1379 3777 καὶ
1410 3724 1746 3796 θαυμαστόν.
1772 3726 1884 3781 Καὶ
1920 3729 2030 3799 γὰρ
2064 3728 2150 3781 ὅν-

567 3829 675 3875 τως
702 3812 821 3866 ἐστὶ
847 3813 1019 3883 μέγα·
1058 3814 1121 3867 τὸ
1145 3814 1203 3868 δὲ
1247 3816 1344 3886 τῆς
1383 3818 1560 3889 χήρας
1596 3818 1803 3889 ταύτης
1845 3820 1980 3874 πολὺ
2023 3820 2150 3874 τούο

565 3922 661 3958 του
694 3906 900 3976 μεῖζον.
936 3906 1174 3970 Ἐκεῖνος
1206 3907 1304 3979 μὲν
1335 3909 1444 3979 γάρ
1473 3908 1668 3963 ἐαυτὸν
1700 3910 2019 3982 γυμνώσας,
2050 3914 2148 3967 καὶ

564 3996 659 4051 τὸν
684 3997 894 4070 γυμνὸν
918 3997 1252 4071 περιϐαλὼν,
1280 3997 1406 4069 ἔσχε
1438 4001 1569 4071 παρ’
1592 4000 1782 4072 ἑτέρου
1807 4001 1991 4055 λαϐεῖν
2021 4003 2149 4072 ἱμά-

564 4106 715 4144 τιον·
750 4090 892 4160 αῦτη
928 4090 987 4143 δὲ
1013 4088 1112 4161 τὴν
1149 4090 1328 4160 δράκα
1357 4089 1509 4161 [336]
1553 4090 1648 4142 τοῦ
1691 4091 1925 4163 ἀλεύρου
1956 4099 2146 4165 προϊε-

567 4181 730 4252 μένη,
765 4181 866 4233 οὐκ
904 4182 1093 4250 ἴσχυσε
1132 4181 1313 4251 δράκα
1354 4181 1548 4250 ἐτέραν
1581 4181 1801 4236 λαϐεῖν·
1833 4184 1953 4238 οὑδὲ
1987 4187 2146 4258 μέχρι

566 4271 907 4342 γυμνότητος
953 4267 1022 4343 ἦν
1065 4273 1095 4325 ὁ
1127 4271 1367 4335 κίνδυνος
1411 4273 1550 4343 αὐτῇ
1573 4313 1590 4336 ,
1638 4273 1776 4328 ἀλλά
1813 4277 1930 4345 μετ’
1969 4278 2147 4331 ἐκεῖνο

567 4362 795 4427 θάνατος
844 4363 1210 4435 προσεδοκᾶτο
1268 4364 1362 4418 καὶ
1409 4365 1578 4434 αὐτῆς
1628 4365 1724 4420 καὶ
1758 4366 1869 4420 τῶν
1916 4367 2138 4423 παίδων.

565 4457 739 4509 Ὅταν
775 4451 869 4510 οὖν
909 4457 1045 4528 μήτε
1089 4457 1302 4521 πενίας,
1351 4458 1491 4528 μήτε
1525 4456 1913 4530 παιδοτροφίας
1944 4461 2140 4531 ἐπιμέ-

563 4546 683 4599 λεια
732 4546 978 4621 κωλύσῃ.
1028 4548 1168 4620 μήτε
1216 4547 1373 4619 λιμὸς
1408 4548 1673 4619 χαλεπὸς,
1724 4552 1864 4621 μήτε
1900 4553 2143 4622 πτωχεία

562 4638 841 4709 τοσαύτη,
915 4641 1054 4711 μήτε
1135 4635 1364 4704 θάνατος
1440 4640 1925 4712 προσδοκώμενος,
1984 4645 2143 4698 ποίαν

561 4728 758 4799 ἕξομεν
788 4729 1084 4798 ἀπολογίαν
1110 4730 1160 4782 οί
1204 4728 1456 4802 εῦποροι;
1488 4731 1647 4784 ποίαν
1674 4733 1722 4784 οἱ
1759 4731 2021 4803 πένητες;
2053 4737 2101 4787 Ζ
2108 4733 2142 4802 ᾗ

562 4820 781 4888 Κύριος
819 4823 853 4874 ὁ
887 4821 1031 4887 Θεός
1064 4834 1202 4883 σου,
1232 4823 1282 4875 εὶ
1328 4821 1461 4875 ἐστι
1488 4839 1590 4890 μοι
1621 4821 1970 4892 ἐγκρυφίας,
1999 4824 2141 4878 ἀλλ’

560 4911 603 4980 ἢ
656 4911 806 4966 ὅσον
832 4911 982 4981 δρὰε
1028 4913 1288 4981 ἀλεύρου
1336 4911 1408 4967 ἐν
1438 4912 1513 4980 τῇ
1558 4911 1754 4981 ὑδρίᾳ,
1788 4914 1886 4969 καί
1933 4915 2144 4983 ὀλίγον

560 5004 773 5058 ἔλαιον
801 5005 872 5058 ἐν
910 5002 991 5069 τῷ
1038 5004 1355 5074 καμψὰκῃ·
1389 5005 1487 5057 καί
1539 5003 1668 5058 ἰδοὺ
1706 5006 1987 5076 «Tvlli-rw
2024 5006 2137 5062 δύο

562 5094 849 5164 ξυλόρια,
897 5096 997 5150 καί
1055 5096 1510 5166 εἰσελεύσομαι,
1564 5095 1665 5149 καί
1714 5098 1950 5165 ποιήσω
1986 5100 2138 5154 αὐτὰ

556 5181 687 5248 τοῖς
712 5181 944 5249 τέκνοις
976 5200 1118 5253 μου,
1164 5184 1263 5238 καί
1299 5185 1627 5254 φατόμεθα,
1659 5186 1758 5239 καὶ
1805 5186 2141 5242 ἀποθανού-

555 5279 727 5345 μεθα.
764 5274 980 5346 Ταύτην
1006 5276 1237 5339 ἕκαστος
1260 5277 1360 5348 τὴν
1397 5276 1659 5349 ἐλεεινὴν,
1698 5277 1897 5348 μᾶλλον
1925 5279 1982 5333 δὲ
2008 5280 2137 5335 ἕκα-

488 5367 495 5374 ’
560 5382 688 5431 στος
715 5366 921 5439 ταύτην
952 5369 1051 5433 τὴν
1087 5368 1365 5440 μακαρίαν
1402 5369 1587 5441 φωνὴν
1618 5372 1711 5424 καὶ
1739 5371 1848 5424 τῶν
1893 5370 2135 5443 οὐρανῶν

558 5457 718 5522 ἀξίαν
745 5458 804 5510 ἐν
832 5461 946 5523 τοῖς
974 5458 1173 5531 τοίχοις
1200 5459 1301 5531 τῆς
1329 5460 1509 5524 οἰκίας
1533 5461 1856 5530 ἐγγραφέτω
1882 5462 1982 5533 τῆς
2010 5462 2136 5517 ἐαυ-

1241 270 1299 323 S.
1338 269 1627 326 JOA‘NNIS
1658 268 2149 327 CIIRYSOSTOMI
2186 270 2509 335 ARCHIEP.
2549 276 3121 362 CONSTANTINOP._

3740 269 3846 325 3K0

2268 394 2366 444 την
2410 379 2502 433 ἐπὶ
2532 381 2632 445 τῆς
2660 383 2884 453 ἀγοράς,
2926 385 3130 455 ταύτην
3175 384 3235 437 ἐν
3265 385 3377 448 τοῖς
3412 384 3692 453 συλλόγοις
3734 388 3847 441 τῶν

2266 458 2456 526 φίλων,
2496 462 2700 535 ταύτην
2736 467 2816 528 είς
2859 465 3207 537 δικαστήριον
3248 465 3446 531 ἀπιὼν,
3474 467 3680 539 ταύτην
3725 470 3846 522 είσ-

2266 539 2383 602 ιὼν,
2430 543 2633 616 ταύτην
2682 547 2842 613 ἐξιὼν
2894 547 3121 612 ἕκαστος
3165 547 3441 618 μελετάτω
3485 549 3585 620 τήν
3617 552 3839 621 φωνήν·
3916 589 3921 592 ρ

2264 625 2358 677 καὶ
2401 626 2604 696 σφόδρα
2647 629 2713 682 ἂν
2748 631 3154 703 ἰσχυρισαίμην,
3186 632 3265 683 ὅτι
3299 630 3411 683 οὐδ’
3449 629 3516 683 ἂν
3544 633 3595 684 εἰ
3640 631 3845 698 λίθινός

2261 722 2346 771 τις
2375 710 2481 779 εἴη,
2512 712 2606 764 καὶ
2641 714 2911 785 σιδηροῦς,
2941 715 3035 767 καὶ
3062 714 3294 785 ἀδάμας,
3327 713 3573 779 ἀνέξεται
3606 717 3843 787 προσελ-

2265 790 2424 846 θόντα
2452 794 2661 866 πένητα
2694 800 2879 859 κεναῖς
2916 797 3242 867 ἀποπέμψαι
3279 797 3487 867 χερσὶν,
3515 795 3582 850 ἂν
3607 798 3708 868 τὴν
3734 816 3843 867 φω-

2261 875 2357 944 νὴν
2389 877 2640 950 ἐγγράψῃ
2675 879 2896 950 ταύτην,
2925 880 2993 934 ἂν
3023 880 3123 951 τὴν
3153 881 3329 951 χήραν
3360 880 3465 951 πρὸ
3494 879 3603 934 τῶν
3636 881 3839 950 ὀφθαλ-

2264 956 2379 1028 μῶν
2414 959 2533 1031 ἔχῃ.

2343 1050 2479 1104 Ἀλλ’
2511 1053 2639 1116 ἴσως
2668 1055 2842 1107 έκεῖνο
2868 1056 2985 1126 ἐρεῖ
3007 1070 3122 1116 τις·
3159 1055 3291 1122 Ἄγε
3325 1056 3494 1126 κάμοὶ
3526 1059 3836 1128 προφήτην.

2260 1133 2355 1184 καὶ
2401 1135 2539 1203 μετά
2577 1134 2675 1205 τῆς
2724 1137 2893 1206 αὐτῆς
2925 1136 3138 1200 εὐνοίας
3184 1136 3528 1203 ὑποδέξομαι.
3567 1139 3836 1210 ’Υπόσχου

2257 1216 2435 1279 τοῦτο,
2463 1218 2557 1271 καὶ
2588 1218 2707 1287 ἄγω
2739 1237 2819 1272 σοι
2850 1221 2941 1274 τὸν
2972 1222 3285 1292 προφήτην.
3319 1220 3427 1274 Καὶ
3454 1221 3507 1273 τί
3554 1221 3697 1290 λέγω
3745 1224 3838 1278 τὸν

2258 1300 2575 1369 προφήτην;
2608 1301 2777 1354 Αὑτὸν
2806 1303 2923 1369 ἄγω
2954 1320 3035 1355 σοι
3071 1303 3160 1356 τὸν
3189 1303 3285 1355 τοῦ
3325 1304 3601 1375 προφήτου
3633 1307 3840 1360 Δεσπό-

2256 1396 2377 1449 την,
2418 1380 2509 1434 τὸν
2534 1383 2710 1435 κοινὸν
2740 1384 2895 1454 ήμῶν
2926 1385 3058 1438 Θεὸν
3102 1387 3193 1439 καὶ⁸
3223 1388 3423 1458 Κύριον
3452 1387 3543 1440 τὸν
3577 1390 3829 1459 Χριστόν.

2257 1462 2429 1526 Αὐτὸς
2478 1464 2587 1535 γάρ
2632 1482 2818 1533 φησιν,
2863 1467 2945 1519 ὃτι
2983 1467 3285 1522 Πεινῶντά
3327 1486 3405 1537 με
3462 1469 3684 1537 εἴδετε,
3734 1473 3840 1526 καὶ

2256 1545 2564 1613 ἐθρέψατε.
2597 1548 2661 1601 Εἰ
2690 1549 2747 1601 δὲ
2776 1550 3068 1603 ἀπιστοῦσι
3108 1567 3250 1614 τινες
3286 1555 3353 1622 τῇ
3397 1555 3569 1624 φωνῇ,
3601 1555 3695 1606 καὶ
3733 1556 3839 1624 τῆς

2257 1628 2652 1701 φιλοφροσύνης
2705 1631 3001 1700 ἀμελοῦσι,
3054 1633 3387 1703 μαθήσονται
3437 1634 3559 1688 τότε
3607 1636 3695 1689 διὰ
3731 1638 3837 1707 τῆς

2255 1711 2533 1777 κολάσεως
2570 1714 2664 1767 καὶ
2701 1716 2800 1783 τῆς
2830 1716 3102 1787 τιμωρίας
3134 1715 3312 1771 τοῦτο.
3347 1719 3557 1789 ’Ὥσπερ
3595 1718 3704 1791 γάρ
3735 1722 3837 1774 αὑ·

2252 1794 2348 1849 τοῦ
2387 1793 2482 1849 τοῦ
2512 1796 2749 1867 Χριστοῦ
2786 1798 3309 1869 παραμελήσαντες,
3350 1799 3493 1854 οὕτω
3523 1802 3658 1872 πρὸς
3693 1804 3834 1871 ἀφό-

2257 1894 2418 1948 ρητον
2470 1879 2859 1934 ἀπελεύσονται
2920 1880 3165 1935 κόλασιν.
3222 1881 3406 1946 Οὐτως
3465 1879 3558 1937 οὖν
3608 1885 3659 1937 οἱ
3707 1887 3835 1949 τοὺς

2254 1961 2502 2030 πτωχοὺς
2549 1962 2840 2032 τρέφοντες
2869 1962 3117 2035 καθάπερ
3149 1964 3311 2017 αὐτὸν
3342 1964 3433 2018 τὸν
3472 1967 3707 2038 Χριστὸν
3740 1968 3833 2020 θε-

2257 2043 2648 2110 ραπεύσαντες,
2694 2045 2776 2108 είς
2808 2045 2910 2117 τὴν
2950 2044 3059 2098 τῶν
3096 2046 3342 2118 οὐρανῶν
3372 2049 3684 2117 εἰσάγονται
3732 2048 3835 2119 βα-

2253 2124 2479 2183 σιλείαν.

2324 2243 2374 2290 ι’.
2403 2237 2555 2308 Τάχα
2588 2238 2757 2294 πλείω
2784 2240 2877 2294 τοῦ
2903 2242 3112 2307 δέοντος
3149 2243 3218 2299 τά
3258 2246 3542 2317 εἰρημένα.
3579 2246 3702 2302 Εἴθε
3729 2248 3835 2318 μὲν

2248 2317 2343 2375 οὖν
2371 2321 2552 2385 πάσας
2573 2323 2675 2387 τὰς
2706 2324 2922 2396 ἡμέρας
2951 2326 3309 2398 ἐνδιατρίϐειν
3337 2324 3404 2399 ἦν
3431 2332 3544 2392 τοῖς
3573 2330 3703 2402 περὶ
3732 2317 3833 2401 τῆς

2248 2403 2618 2475 ἐλεημοσύνης
2670 2406 2870 2475 λόγοις.
2917 2407 2980 2462 El
3029 2408 3086 2463 δὲ
3133 2409 3449 2482 ἀρκούντως
3508 2413 3637 2481 ὑμῖν
3686 2412 3835 2483 ἔχειν

2247 2483 2421 2539 ταῦτα
2444 2486 2609 2552 δοκεῖ,
2639 2487 2772 2559 φέρε
2804 2489 2944 2543 αὑτά
2976 2491 3593 2563 ἀνακεφαλαιωσώμεθα
3628 2494 3832 2548 πάντα.

2246 2565 2416 2623 Εἶπον
2442 2570 2586 2635 τίνος
2612 2571 2800 2625 ἕνεκεν
2825 2576 2854 2627 ὁ
2884 2576 3171 2648 προφήτης
3203 2576 3339 2646 πρὸς
3380 2576 3481 2649 τήν
3527 2578 3702 2649 χήραν
3729 2581 3837 2633 ἀπ-

2247 2653 2548 2719 εστέλλετο,
2578 2655 2666 2708 ἴνα
2705 2655 2780 2727 μὴ
2811 2657 3124 2730 μακαρίζῃς
3151 2670 3178 2699 ι
3209 2660 3423 2723 πενίαν,
3469 2661 3556 2714 ἴνα
3595 2662 3668 2733 μὴ
3696 2661 3836 2715 θαυ-

2251 2734 2429 2807 μάζῃς
2467 2737 2720 2802 πλοῦτον,
2766 2738 2852 2792 ἵνα
2901 2741 2975 2810 μή
3004 2740 3097 2793 τὸν
3131 2739 3364 2812 εὔπορον
3403 2741 3641 2813 ζηλωτὸν
3686 2741 3835 2800 εἶναι

2248 2816 2510 2891 νομιςῃς,
2554 2817 2636 2870 ἵνα
2676 2818 2750 2891 μή
2788 2819 2878 2873 τὸν
2914 2820 2973 2872 ἐν
3010 2822 3251 2895 πτωχείᾳ
3288 2821 3466 2888 ζῶντα
3502 2825 3681 2880 ἄθλιον
3734 2830 3834 2883 καὶ

2248 2899 2501 2961 ἐλεεινὸν,
2532 2901 2619 2954 ἵνα
2667 2902 2846 2973 μάθῃς
2887 2903 2986 2974 τὴν
3025 2904 3322 2974 Ἰουδαῖκὴν
3352 2905 3633 2976 πονηρίαν.
3666 2910 3834 2974 Ἔθος

2249 2983 2359 3055 γὰρ
2404 2984 2483 3055 τῷ
2538 2983 2657 3055 Θεῷ
2722 2985 2969 3054 μέλλοντι
3026 2986 3297 3053 κολάζειν,
3350 2989 3446 3041 καὶ
3500 2991 3631 3061 ήμῖν
3691 2994 3835 3046 ἀπο-

2248 3064 2521 3132 λογεῖσθαι
2552 3066 2643 3119 διὰ
2672 3067 2781 3119 τῶν
2824 3068 3163 3137 πραγμάτων
3201 3068 3380 3122 αὐτῶν
3404 3085 3416 3098 ·
3448 3070 3535 3124 ἵνα
3572 3073 3646 3144 μή
3685 3077 3836 3143 μετά

2249 3148 2422 3202 ταῦτα
2467 3147 2588 3202 ἰδὼν
2618 3149 2709 3202 τὸν
2749 3151 2925 3204 κοινὸν
2958 3151 3211 3205 ἀπάντων
3261 3153 3491 3224 Σωτῆρα
3525 3156 3675 3226 παρά
3725 3160 3838 3228 μὲν

2249 3232 2474 3286 ἐκείνων
2504 3233 2882 3303 ἐλαυνόμενον,
2928 3235 3078 3305 παρά
3125 3234 3182 3287 δὲ
3210 3235 3316 3288 τῶν
3361 3236 3528 3291 ἐθνῶν
3566 3239 3839 3312 ὑποδεχό-

2252 3330 2432 3384 μενον,
2464 3314 2751 3388 θαυμάζῃς
2792 3317 2887 3369 καὶ
2932 3317 3227 3387 διαπορῇς,
3278 3318 3484 3372 ἀνωθεν
3520 3321 3702 3377 αὐτῶν
3725 3324 3839 3395 τὴν

2248 3398 2641 3471 ἀγνωμοσύνην
2683 3398 3037 3470 καταμαθὼν,
3085 3403 3182 3454 καὶ
3217 3403 3290 3464 ὡς
3321 3400 3437 3463 ἔθος
3482 3396 3840 3468 αὐτοῖςτοὺς

2248 3481 2544 3553 εὐεργέτας
2593 3481 2868 3536 ἐλαύνειν·
2916 3482 3004 3535 ἴνα
3049 3484 3123 3556 μή
3160 3483 3385 3554 νομίσῃς
3424 3485 3710 3558 ὠμότητος
3746 3484 3837 3541 εἷ-

2247 3581 2334 3617 ναι
2368 3564 2462 3618 τοῦ
2497 3567 2775 3636 προφήτου
2804 3566 2902 3636 τὴν
2942 3567 3130 3639 εὐχήν,
3160 3567 3255 3621 καὶ
3283 3567 3381 3639 τὴν
3417 3568 3519 3638 τῆς
3555 3571 3839 3642 τιμωρίας

2247 3648 2579 3719 παράτασιν,
2620 3649 2755 3703 ἀλλά
2806 3648 2972 3720 ζήλου
3017 3649 3164 3705 θείου
3196 3650 3291 3705 καὶ
3334 3652 3695 3724 κηδεμονίας·
3738 3656 3837 3710 ἵνα

2250 3731 2429 3804 μάθῃς
2457 3732 2539 3786 ὅτι
2573 3733 2631 3785 ἐν
2662 3734 2775 3796 τοῖς
2823 3733 3102 3802 μεγίστοις
3148 3734 3536 3806 κατορθώμασι
3579 3738 3676 3790 καὶ
3715 3755 3835 3793 σω-

2247 3814 2546 3886 φρονισμοῦ
2592 3815 2752 3886 ήμῶν
2801 3816 2833 3887 ὴ
2878 3816 3036 3884 φύσις
3084 3816 3287 3871 δεῖται·
3324 3818 3411 3872 ἵνα
3461 3822 3533 3890 μὴ
3570 3837 3838 3895 ﬁam-

2245 3896 2504 3968 λούμενος
2532 3898 2612 3961 εἰς
2640 3897 2731 3950 τὸν
2761 3898 2925 3953 αὑτὸν
2963 3897 3058 3952 τοῦ
3087 3901 3369 3970 προφήτου
3413 3901 3595 3972 ζῆλον,
3627 3903 3834 3956 ἀδύνα-

2244 3997 2335 4034 τον
2363 3977 2501 4034 εἶναι
2531 3980 2759 4055 νομίσῃς
2783 3980 2881 4051 τὴν
2921 3981 3174 4052 μίμησιν.
3202 3977 3367 4035 Εἶπον
3391 3984 3519 4055 περὶ
3547 3984 3697 4056 [5571
3722 3989 3833 4057 τῆς

2244 4064 2439 4134 χήρας,
2479 4063 2595 4126 πῶς
2620 4064 2677 4116 ἐν
2710 4063 2943 4134 τοσαύτῃ
2986 4065 3317 4136 στενοχωρίᾳ
3343 4062 3498 4124 οὖσα.
3528 4066 3622 4119 τοῦ
3664 4067 3828 4139 λιμοῦ

2244 4142 2770 4213 καταναγιὶἀξοντος,
2814 4146 2935 4199 οὐδὲ
2966 4146 3114 4217 ῥῆμα
3159 4147 3355 4217 πικρὸν
3392 4148 3529 4219 πρὸς
3565 4150 3655 4202 τὸν
3698 4168 3833 4221 προ-

2246 4230 2422 4299 φήτην
2455 4226 2697 4292 ἐξέϐαλε,
2737 4230 2914 4283 καίτοι
2953 4245 3015 4297 γε
3055 4229 3202 4294 εἰκὸς
3243 4226 3345 4301 ἦν·
3383 4233 3477 4284 καὶ
3516 4231 3693 4298 ἔδειξα
3731 4237 3828 4286 καὶ

2242 4309 2401 4363 τοῦτο
2443 4312 2506 4364 ἐκ
2566 4310 2676 4365 τῶν
2717 4311 3027 4366 Ἰουδαϊκῶν
3079 4313 3444 4384 φρονημάτων
3462 4330 3476 4344 ·
3532 4313 3648 4367 ἀλλ’
3673 4316 3827 4368 οὐδὲν

2241 4391 2483 4446 τοιοῦτον
2511 4393 2712 4448 ἔπαθεν
2742 4394 2947 4465 ἐκείνη,
2974 4394 3110 4449 ἀλλά
3144 4395 3283 4466 μετά
3310 4396 3492 4467 πάσης
3516 4397 3681 4451 αὑτὸν
3708 4398 3821 4451 ἐδέ-

2246 4475 2375 4540 ξατο
2407 4476 2829 4548 φιλοφροσύνης,
2872 4479 2967 4531 καὶ
3000 4478 3099 4548 τὴν
3138 4478 3327 4532 πενίαν
3358 4481 3576 4534 ἃπασαν
3607 4482 3687 4544 είς
3720 4481 3823 4550 τὴν

2242 4560 2450 4614 ἐκείνου
2488 4560 2653 4630 τιμὴν
2688 4561 2942 4624 ἐκένωσε,
2980 4562 3074 4614 καὶ¹
3113 4561 3338 4615 Σιδωνία
3366 4558 3501 4616 οὖσα
3533 4563 3628 4616 καὶ
3670 4563 3823 4616 ἀλλό-

2242 4644 2426 4713 φυλος,
2472 4645 2567 4696 καὶ
2611 4642 2736 4696 οὔτε
2767 4642 2877 4697 τῶν
2907 4645 3202 4715 προφητῶν
3231 4645 3666 4715 φιλοσοφούντων
3697 4648 3821 4715 περὶ

2240 4727 2609 4799 ἐλεημοσύνης
2652 4727 2904 4796 ἤκουσεν,
2948 4726 3073 4780 οὐτε
3115 4728 3207 4781 τοῦ
3255 4729 3492 4798 Χριστοῦ
3541 4728 3818 4798 λέγοντος,

2243 4809 2546 4865 Πεινῶντά
2571 4827 2648 4879 με
2696 4808 2906 4872 εἴδετε,
2945 4810 3042 4863 καί
3074 4810 3382 4879 ἐθρέψατε.
3416 4812 3512 4876 Τίς
3544 4808 3640 4865 οὖν
3688 4815 3821 4882 ἡμῖν

2241 4895 2393 4949 ἔσται
2443 4893 2762 4964 συγγνώμη,
2808 4894 2856 4946 εἰ
2893 4893 3031 4964 μετά
3065 4895 3322 4958 τοιαύτας
3368 4896 3738 4963 παραινέσεις,
3773 4897 3823 4948 εἰ

2245 4977 2382 5045 μετά
2408 4975 2665 5030 τοιούτων
2699 4976 2950 5030 ἐπάθλων
2989 4977 3301 5047 ὑπόσχεσιν,
3334 4978 3383 5030 εί
3428 4977 3569 5048 μετά
3597 4978 3701 5049 τὴν
3729 4978 3822 5049 βα-

2242 5060 2445 5114 σιλείαν
2487 5059 2596 5113 τῶν
2625 5059 2890 5130 οὐρανῶν,
2926 5061 3002 5132 μή
3052 5060 3360 5132 φθάσαιμεν
3404 5061 3542 5133 πρὸς
3579 5060 3644 5115 τὸ
3689 5061 3824 5114 αὐτὸ

2236 5150 2302 5217 τῇ
2330 5147 2475 5217 χήρᾳ
2499 5145 2599 5215 τῆς
2630 5144 3026 5215 φιλοφροσύνης
3061 5143 3295 5215 μέτρονς
3336 5144 3552 5216 Ἑκείνη
3582 5144 3686 5215 μὲν
3711 5145 3826 5217 γὰρ

2241 5230 2337 5283 κοιλ⁵
2371 5227 2597 5283 Σιδωνία
2631 5223 2720 5296 ἦν,
2749 5228 2843 5281 καὶ
2871 5226 3188 5296 ἀλλόφυλος,
3220 5228 3312 5280 καὶ
3340 5226 3480 5297 γυνὴ
3510 5228 3681 5298 χήρα,
3725 5229 3827 5281 καὶ

2237 5313 2445 5367 παίδων
2496 5310 2817 5382 ἐπεμελεῖτο
2859 5309 3092 5374 πολλῶν,
3140 5310 3236 5364 καὶ
3268 5310 3427 5380 λιμὸν
3473 5311 3827 5365 ἐπικίνδυνον

2237 5396 2386 5468 ἐώρα
2440 5394 2536 5448 καὶ⁵
2588 5393 2817 5448 θάνατον
2870 5392 3339 5464 προσδοκώμενον,
3378 5392 3476 5446 καὶ
3526 5393 3826 5466 ἄνθρωπον

2235 5477 2456 5547 ἀγνῶτα
2488 5474 2844 5545 ὑποδέχεσθαι
2869 5474 3058 5545 ἔμελλε
3089 5476 3182 5529 καὶ
3212 5476 3304 5528 τὸν
3339 5476 3693 5543 ἐπαγαγόντα
3725 5476 3825 5529 τὸν

558 5545 673 5610 τοῦ,
698 5549 756 5600 ἐν
783 5546 862 5618 τῷ
890 5547 1139 5620 θαλάμῳ,
1163 5551 1220 5603 ἑν
1239 5542 1282 5617 ᾧ
1308 5549 1374 5603 ἂν
1399 5549 1768 5620 καθεύδωμεν,
1797 5552 1855 5603 ἐν
1878 5550 1956 5622 τῷ
1978 5550 2132 5620 οἴκῳ,
2158 5621 2161 5624 γ
2232 5542 2411 5634 λίμδν,
2455 5560 2549 5613 καὶ
2581 5542 2700 5612 οὐδὲ
2747 5542 2917 5624 οὕτως
2955 5558 3208 5630 ἐφείσατο
3245 5559 3345 5633 τῆς
3384 5542 3585 5632 δρακός
3604 5578 3617 5592 ·
3648 5561 3825 5632 ἡμεῖς

562 5638 619 5693 ἐν
653 5629 700 5706 ᾧ
738 5640 1249 5710 ἀριστοποιούμεθα.
1277 5641 1491 5711 Ταύτην
1526 5642 1619 5695 ἐπὶ
1646 5642 1746 5712 τῆς
1774 5642 1970 5711 οἰκίας,
2002 5644 2132 5698 ταύ-

2297 5654 2322 5683 α
2351 5651 2405 5701 Ρ.
2430 5649 2690 5713 ταλανίζῃς.
