4060 6260
453 277 564 332 547

457 395 548 448 tite
577 392 862 464 pattieipes
902 394 1118 463 fuimus,
1149 404 1204 451 et
1229 396 1422 452 divinis
1444 397 1642 454 exculti
1681 396 2044 469 dogmatibus,

454 483 548 552 qui
587 483 655 539 de
688 485 850 539 rebus
896 484 1086 540 futuris
1126 501 1408 556 possumus
1447 488 1831 560 philosophari,
1874 506 2046 560 neque

457 572 652 628 famem
680 574 923 630 videmus
949 577 1256 641 instantem,
1288 590 1342 634 et
1370 579 1458 650 qtti
1488 579 1658 634 multo
1685 581 1856 650 plura,
1882 597 2043 650 quam

455 662 650 716 mulier
689 663 1042 734 possidemus,
1087 683 1373 736 quamnam
1414 669 1705 739 poterimus
1741 671 2044 724 excusatio-

456 767 581 807 nem
610 753 919 817 obtendere.
951 759 1039 828 qui
1082 757 1419 815 facultatibus
1450 761 1735 830 parcimus.
1764 770 1816 816 et
1847 772 2044 815 Ithll‘il‘.

456 842 645 899 salutis
671 845 874 915 prodigi
901 849 1124 903 sanius?
1151 849 1217 906 Ut
1251 850 1407 922 igitur
1432 852 1610 922 gravia
1653 852 1741 906 illa
1781 862 2042 907 tormenta

1195 281 1251 340 8.
1292 279 1570 339 JOANNIS
1606 279 2081 337 CIIRYbOSTUMl
2120 281 2439 341 ARCHIEP.
2471 281 3016 343 CONSTANTI'NUI'.

3629 282 3737 337 3st!

2147 401 2398 464 vitemus.
2444 415 2660 456 omnem
2703 399 3126 456 misericordiam
3168 399 3224 454 in
3261 411 3458 469 egenos
3485 399 3743 454 exhibea-

2148 508 2289 559 mus,
2322 501 2379 547 ut
2402 502 2454 548 et
2477 507 2576 547 nos
2604 492 2819 562 assequi
2859 493 2996 548 bona
3033 493 3206 548 futura
3238 507 3542 547 mereamur
3568 493 3740 562 gratia

2147 593 2203 639 et
2230 584 2556 654 benignitate
2589 583 2797 638 Domini
2834 584 3002 638 nostri
3045 583 3174 639 Jesu
3210 583 3441 648 Christi,
3481 599 3602 637 cum
3633 597 3744 653 quo

2147 677 2314 746 gloria
2342 676 2504 742 Patri,
2538 692 2642 730 una
2672 691 2795 732 cum
2820 675 3022 747 Spiritu
3047 687 3234 732 sancto
3262 674 3315 730 in
3346 675 3540 731 stecula
3569 690 3743 730 secu-

2149 767 2344 821 lorum.
2386 769 2578 822 Amen.

1917 1330 2267 1391 MONITUM

546 1527 696 1584 lianc
723 1529 1142 1599 pulcherrimam
1179 1535 1494 1588 concionem
1529 1533 2169 1606 habttitChrysostomus
2211 1535 2536 1602 Antiochiae,
2580 1544 2639 1592 ut
2685 1536 2933 1608 arguitur
2982 1552 3049 1592 ex
3095 1535 3164 1591 iis
3208 1549 3330 1606 quae
3360 1536 3464 1590 sub
3494 1535 3709 1591 initium

473 1641 747 1706 dicuntur,
783 1658 973 1713 nempe
997 1644 1062 1697 ad
1090 1645 1230 1700 hune
1259 1656 1554 1717 martyrum
1580 1647 1760 1701 locum
1793 1648 2052 1718 populum
2077 1648 2393 1704 ventitasse.
2437 1647 2600 1704 Extra
2627 1647 2816 1704 urbem
2848 1661 3043 1719 nempe
3066 1655 3184 1703 erat
3205 1646 3459 1713 ecclesia,
3487 1657 3712 1718 propter

473 1763 772 1825 martyrum
799 1752 1056 1824 reliquias
1087 1755 1446 1826 frequentata,
1475 1773 1582 1828 quo
1617 1758 1913 1829 pergebant
1939 1759 2122 1829 populi
2157 1760 2374 1829 pictatis
2403 1759 2608 1830 gratia,
2639 1771 2694 1817 et
2737 1761 2830 1817 ubi
2868 1761 3164 1817 conciones
3192 1759 3505 1832 frequenter
3543 1759 3716 1813 habe-

473 2019 962 2034 _—————.——-
973 2021 1152 2029 ιω.-
1162 2021 1486 2028 ----υ-----
1499 2021 1658 2026 ------

3456 2019 3565 2027 ..ς-σ-
3587 2014 3714 2024 -υ--ο

1391 2111 1529 2178 DE
1573 2107 2237 2178 FUTURORUM
2282 2109 2790 2194 DELICIIS,

1561 2280 1640 2320 er
1684 2277 2100 2321 PRESENTIUM
2145 2280 2437 2324 vturne
2469 2260 2584 2343 (a).

1732 2423 2020 2438 -ῇ

519 2523 566 2575 1.
616 2521 937 2576 Attdt'toribus
983 2523 1046 2576 de
1093 2523 1353 2577 alacritate
1398 2525 1724 2594 gratulatur;
1763 2541 1874 2594 qua:
1911 2539 2027 2577 vera

441 2612 544 2667 sint
586 2613 802 2684 insignia
843 2614 1164 2684 magistratus
1203 2614 1820 2683 exponit.—V'ehemens
1866 2625 2029 2668 :rstus

443 2712 548 2769 est,
580 2711 634 2758 et
662 2704 915 2758 molestus
941 2703 1134 2768 ardor;
1177 2714 1408 2760 attamen
1439 2705 1766 2760 alacritatem
1797 2713 2026 2760 vestram

447 2811 554 2850 non
595 2795 907 2861 debilitavit,
951 2811 1050 2852 nec
1087 2797 1331 2852 audiendi
1371 2797 1712 2868 cupiditatem
1751 2798 2026 2866 repressit.

443 2884 592 2942 Talis
617 2894 699 2941 est
732 2886 944 2942 auditor
979 2886 1190 2943 fervens
1220 2898 1274 2943 et
1303 2897 1567 2954 attentus;
1610 2888 1856 2944 audiendi
1882 2888 2027 2944 desi-

443 2978 594 3034 derio
613 2979 988 3035 corroboratus
1021 2982 1199 3035 omnia
1247 2981 1506 3052 patienter
1547 2982 1684 3037 ferre
1730 2990 1922 3052 potest.
1971 2991 2029 3038 ut

445 3068 785 3138 cupiditatem
822 3069 959 3124 hanc
996 3071 1303 3141 praeclaram
1335 3081 1387 3124 et
1436 3071 1770 3139 Spiritualem
1799 3072 2027 3141 expleat,

445 3169 495 3212 et
544 3175 640 3214 nec
669 3175 699 3213 a
746 3160 974 3230 frigore,
1020 3178 1118 3217 nec
1162 3164 1228 3217 ab
1268 3173 1421 3228 testu,
1476 3182 1580 3218 non
1617 3180 1646 3218 a
1693 3167 2027 3233 negotiorum

445 3247 620 3314 turba,
655 3265 758 3303 non
789 3266 818 3304 a
850 3253 1186 3307 multitudine
1212 3269 1476 3318 curarum,
1511 3270 1614 3308 non
1634 3256 1702 3309 ab
1727 3256 1844 3313 aliis
1873 3258 2030 3313 rebus

445 3338 567 3392 ullis
595 3339 857 3408 ejusmodi
886 3352 1059 3411 potest
1090 3345 1417 3414 supplantari
1455 3365 1466 3400 :
1494 3349 1943 3416 quemadmodum
1975 3359 2029 3404 et

444 3429 690 3498 supinum
717 3447 780 3487 ac
814 3432 1052 3489 desidem
1083 3451 1188 3489 non
1225 3437 1363 3491 aeris
1409 3439 1543 3493 bona
1585 3442 1888 3510 temperies,
1922 3458 2026 3498 non

444 3522 610 3577 otium
647 3532 700 3578 et
739 3527 1019 3593 securitas,
1047 3544 1150 3582 non
1193 3529 1416 3585 facilitas
1453 3542 1546 3586 aut
1587 3533 1830 3603 voluptas
1860 3546 2031 3604 potest

443 3614 702 3682 excitare,
745 3616 838 3670 sed
874 3629 1152 3687 correptus
1192 3637 1382 3675 somno
1415 3623 1643 3692 quodam
1689 3625 1887 3680 residet
1919 3629 2026 3680 cri-

445 3703 590 3760 mine
633 3721 696 3759 ac
734 3707 1123 3778 vituperatione
1158 3711 1486 3782 dignissimo.
1536 3715 1640 3770 Vos
1686 3726 1862 3771 autem
1896 3719 2028 3774 tales

445 3809 552 3848 non
583 3796 712 3851 estis
739 3815 750 3850 :
781 3799 876 3853 sed
904 3799 967 3854 iis
998 3801 1087 3872 qtti
1120 3815 1354 3858 nostram
1384 3805 1620 3861 incolunt
1646 3807 1831 3863 urbem
1863 3810 2028 3866 multo

444 3885 693 3940 meliores
731 3889 882 3944 eStis.
922 3891 1194 3962 Siquidem
1232 3909 1326 3949 vos
1361 3896 1508 3950 urbis
1544 3908 1704 3966 caput
1741 3914 1804 3954 ac
1845 3912 2027 3957 vertex

443 3976 572 4030 estis
600 3975 734 4030 adeo
760 3980 922 4034 erecti
954 3994 1016 4035 ac
1059 3982 1275 4052 vigiles,
1311 3995 1366 4039 et
1390 3987 1481 4055 qui
1510 4001 1573 4042 ea
1609 4003 1728 4058 qua:
1754 3989 2023 4059 dicuntur,

441 4073 695 4129 perpetuo
717 4068 959 4136 persequi
989 4068 1225 4124 studiose
1245 4072 1447 4126 soletis.
1467 4073 1578 4129 lloc
1598 4075 1728 4131 mihi
1752 4077 2017 4134 theatrum

438 4166 625 4221 regum
653 4155 788 4208 aulis
818 4166 902 4210 est
933 4161 1227 4226 augustius.
1257 4161 1390 4216 Nam
1421 4163 1528 4216 illic
1554 4164 1768 4232 quidem
1803 4183 1863 4221 ea
1897 4185 2017 4238 qua:

437 4243 763 4307 tribuuntur,
791 4260 894 4300 una
934 4262 1058 4302 cum
1093 4247 1192 4304 hac
1219 4250 1324 4304 vita
1363 4251 1638 4318 liniuntur,
1666 4264 1718 4309 et
1763 4259 2018 4314 tumultus

440 4333 595 4404 plena
624 4343 747 4389 sunt
773 4351 836 4390 ac
877 4335 1046 4393 tut-bis
1072 4340 1368 4396 redundant
1397 4360 1411 4397 :
1440 4343 1526 4399 hic
1550 4361 1676 4400 vero
1719 4346 1848 4403 nihil
1879 4349 2018 4416 tale;

437 4426 533 4482 sed
553 4435 606 4482 et
624 4429 884 4486 securitas
905 4435 1097 4497 omnis,
1123 4443 1176 4488 et
1203 4433 1372 4488 honor
1397 4450 1427 4490 a
1455 4435 1620 4491 turbis
1646 4438 1892 4493 immunis
1915 4452 2019 4508 esv,

436 4528 494 4574 et
515 4522 848 4592 magistratus
868 4524 956 4596 qui
987 4541 1270 4597 numquam
1299 4527 1571 4592 finiuntur,
1597 4545 1695 4585 nec
1717 4532 1824 4600 ipsa
1850 4545 2021 4590 morte

435 4609 912 4683 interrumpuntur,
933 4617 1029 4672 sed
1052 4626 1160 4672 tum
1185 4621 1441 4689 temporis
1473 4621 1691 4678 tutiores
1713 4622 1859 4678 fiunt.
1886 4624 2020 4681 Nolo

435 4703 579 4757 enim
610 4704 739 4760 mihi
761 4721 1150 4763 commemores
1175 4725 1294 4765 eum
1317 4712 1406 4782 qui
1438 4713 1620 4768 sedeat
1655 4713 1706 4768 itt
1729 4729 1908 4781 curru,
1939 4733 2021 4771 su-

436 4793 652 4863 percilia
680 4797 904 4864 attollat,
935 4800 1205 4870 multoque
1233 4801 1302 4855 sit
1321 4802 1572 4858 satellitio
1587 4805 1812 4870 cinctus,
1841 4823 2016 4876 neque

435 4884 705 4954 cingulum
735 4895 789 4941 et
817 4903 1000 4944 vocem
1027 4891 1322 4960 prteconis:
1352 4892 1478 4947 nolo
1499 4894 1627 4948 mihi
1649 4897 2012 4966 magistratum

435 4971 560 5028 inde
587 4975 832 5047 designes
862 4997 876 5033 :
907 4979 1000 5035 sed
1045 4980 1114 5036 ab
1150 4982 1311 5038 animi
1348 4992 1509 5050 statu,
1533 4987 1577 5040 si
1603 4987 1881 5044 atl'ectihus
1917 4990 2016 5047 im-

432 5073 607 5133 peret,
638 5065 682 5120 si
719 5069 842 5122 vitia
882 5069 1107 5139 subigat,
1137 5073 1401 5140 videlicet,
1450 5076 1496 5130 si
1537 5077 1838 5134 divitiarum
1877 5083 2020 5150 cupi-

434 5155 584 5210 ditati
613 5156 938 5226 dominetur,
979 5163 1024 5216 si
1058 5178 1339 5234 corporum
1381 5167 1752 5236 inexplebilem
1777 5187 2016 5228 amorem

431 5246 723 5317 subegerit,
743 5249 786 5304 si
815 5265 919 5304 non
944 5251 1141 5309 invidia
1166 5254 1420 5320 tabescat,
1435 5256 1480 5313 si
1503 5273 1609 5316 non
1637 5258 1808 5315 inanis
1833 5261 2016 5328 gloria:

430 5337 834 5404 perturbatione
873 5341 1218 5408 distrahatur,
1263 5346 1307 5399 si
1347 5357 1638 5416 egestatem
1679 5365 1786 5404 non
1816 5360 2017 5412 metuat

431 5434 485 5478 et
512 5435 719 5494 tremat,
751 5432 796 5487 si
825 5447 929 5486 non
974 5433 1026 5488 in
1064 5434 1298 5491 deterius
1337 5441 1706 5506 mutationem,
1741 5441 1785 5495 si
1815 5441 1915 5497 hoc
1947 5442 2014 5497 ti-

432 5530 583 5571 more
610 5533 714 5574 non
741 5522 1093 5578 exanimetur.
1123 5525 1308 5582 Talem
1339 5527 1471 5586 mihi
1511 5529 1877 5600 magistratum
1921 5547 2012 5587 os-

432 5606 591 5661 tende
634 5608 778 5664 :hoc
819 5613 962 5669 enim
1003 5627 1086 5671 est
1121 5631 1307 5688 gerere
1350 5619 1739 5690 magistratum.
1781 5623 1932 5692 Quod
1967 5625 2010 5681 si

491 5719 564 5778 (uti
599 5720 776 5774 cellam
795 5737 907 5778 cum
927 5733 1036 5780 uss.
1060 5736 1176 5794 Reg.
1203 5731 1342 5792 19'“,
1370 5737 1423 5783 et
1443 5730 1574 5784 Coib.
1600 5733 1742 5785 5058.

2033 2401 2176 2456 5B0

2181 2423 2484 2436 *-

2143 2522 2448 2576 hominibus
2472 2521 2684 2590 quidem
2727 2521 2970 2591 imperet,
3003 2519 3094 2574 sed
3123 2517 3401 2574 alfectihus
3426 2518 3590 2572 animi
3611 2533 3726 2572 scr-

2136 2613 2262 2675 viat,
2306 2611 2449 2665 hunc
2496 2627 2596 2681 ego
2639 2611 2865 2665 dixerim
2913 2611 3032 2679 plus
3062 2627 3218 2681 quam
3249 2625 3437 2665 omnes
3480 2609 3728 2664 homines

2135 2719 2255 2759 esse
2283 2703 2524 2758 servituti
2565 2703 2874 2757 obnoxium.
2924 2702 2991 2756 Et
3031 2701 3478 2771 quemadmodum
3510 2700 3596 2771 qui
3648 2701 3727 2753 fe-

2136 2795 2272 2850 brim
2303 2794 2497 2849 habeat
2529 2795 2820 2849 visceribus
2846 2808 2907 2847 ac
2939 2793 3090 2847 venis
3136 2792 3279 2846 intus
3324 2792 3609 2853 inclusam,
3647 2803 3726 2843 ta-

2138 2887 2291 2942 tnetsi
2320 2886 2451 2940 nihil
2474 2887 2577 2940 tale
2607 2886 2812 2956 species
2839 2886 3077 2954 corporis
3097 2894 3316 2939 externa
3343 2899 3453 2953 prae
3483 2898 3542 2937 se
3569 2882 3727 2943 ferat,

2139 2981 2359 3035 omnino
2380 2979 2527 3034 febre
2558 2978 2786 3033 maxime
2814 2985 3116 3046 correptum
3147 2985 3391 3030 asserem
3422 2973 3635 3034 tnedici,
3661 2974 3727 3025 li-

2136 3082 2222 3126 cet
2248 3071 2492 3142 ignorent
2532 3069 2762 3139 imperiti
2810 3085 2823 3122 :
2863 3068 2941 3123 sic
2967 3079 3021 3122 et
3046 3084 3145 3137 ego
3168 3067 3314 3121 illum
3355 3067 3438 3120 cui
3475 3081 3630 3120 serva
3660 3065 3729 3118 sit

2136 3165 2312 3219 anima
2340 3173 2393 3219 et
2425 3163 2586 3216 animi
2629 3161 2905 3216 :til'cctibus
2951 3161 3270 3229 mancipata,
3302 3159 3424 3213 licet
3457 3158 3590 3212 nihil
3623 3158 3728 3210 tale

2137 3253 2301 3309 facies
2322 3263 2562 3315 externa,
2587 3252 2680 3306 sed
2706 3252 3030 3306 contrarium
3063 3267 3170 3318 pne
3197 3266 3256 3305 se
3291 3249 3444 3314 ferat,
3481 3248 3726 3303 servituti

2137 3346 2427 3401 obnoxium
2471 3360 2578 3414 pra:
2616 3343 2825 3398 carteris
2864 3342 3111 3404 dixerim,
3141 3348 3319 3411 utpote
3348 3340 3435 3409 qui
3470 3339 3726 3392 vitiorum

2138 3435 2327 3490 febrim
2357 3443 2684 3504 grassantem
2727 3436 2866 3487 intus
2898 3433 3110 3500 habeat,
3141 3447 3205 3486 ac
3243 3430 3578 3500 tyrannidem
3607 3446 3730 3499 pas-

2137 3529 2346 3582 sionum
2379 3528 2476 3596 ipsi
2508 3527 2696 3580 anitnte
2741 3525 3060 3579 insidentem
3091 3541 3104 3578 :
3151 3523 3516 3592 magistratum
3543 3531 3724 3574 autem

2135 3633 2341 3687 gerere,
2375 3627 2428 3672 et
2449 3616 2672 3672 liberum
2701 3631 2820 3670 esse
2848 3631 2910 3669 ac
2937 3615 3146 3686 regibus
3183 3613 3311 3682 ipsis
3337 3611 3721 3682 augustiorem,

2135 3711 2378 3780 quamvis
2404 3712 2593 3780 pannis
2634 3709 2847 3763 indutus
2881 3708 2969 3772 sit,
3014 3705 3255 3778 quamvis
3297 3704 3348 3758 itt
3382 3718 3600 3758 carcere
3630 3702 3724 3755 ha-

2134 3802 2286 3866 bitet,
2315 3801 2554 3872 quamvis
2583 3809 2768 3855 catena
2795 3799 2863 3852 sit
2885 3797 3266 3864 circumdatus,
3298 3811 3418 3850 eum
3447 3795 3536 3866 qui
3563 3795 3722 3862 hujus

2138 3894 2429 3966 tyrannidis
2453 3897 2635 3963 jngum
2674 3890 2987 3954 excusserit,
3011 3900 3066 3944 et
3102 3904 3273 3958 neque
3302 3887 3478 3956 pravis
3511 3887 3721 3955 cupidi-

2139 3985 2333 4039 tatibus
2365 3992 2624 4048 teneatur,
2653 3998 2753 4038 nec
2787 3981 3020 4036 absurdo
3057 3979 3381 4050 paupertatis
3412 3987 3467 4032 et
3493 3977 3722 4047 ignomi.

2136 4074 2259 4142 nite,
2283 4090 2456 4145 neque
2481 4091 2667 4130 eorum
2697 4091 2815 4145 qua:
2855 4077 2906 4128 in
2933 4073 3033 4126 hac
3063 4074 3167 4127 vita
3199 4071 3422 4126 molesta
3448 4071 3716 4134 videntur,

2136 4167 2327 4218 timore
2353 4173 2632 4233 correptus
2659 4161 3052 4222 contremiseat.

2205 4254 2259 4308 9..
2294 4253 2566 4325 Ejusmodi
2597 4253 2930 4324 magistratus
2957 4267 3061 4307 non
3091 4254 3313 4323 pecunia
3345 4237 3562 4308 venales
3589 4265 3714 4322 pro-

2129 4355 2292 4412 stant,
2323 4361 2496 4416 neque
2533 4345 2829 4400 invidorum
2869 4353 3050 4414 patent
3092 4345 3431 4400 incursibus:
3459 4344 3601 4399 hunc
3626 4359 3714 4399 ac-

2126 4437 2389 4492 cusatoris
2420 4437 2594 4506 lingua
2632 4451 2738 4490 non
2784 4437 2931 4490 novit
2954 4476 2968 4501 ,
3013 4450 3113 4490 nec
3153 4435 3342 4490 oculus
3371 4434 3709 4500 invidorum,

2127 4546 2302 4600 neque
2333 4529 2702 4584 insidiatorum
2733 4528 3014 4593 machinae,
3048 4527 3142 4583 sed
3175 4538 3440 4598 tamquam
3467 4527 3518 4580 in
3552 4527 3712 4581 invio.

2128 4622 2274 4677 labili
2296 4621 2525 4691 quodam
2560 4619 2909 4690 philosophia:
2935 4619 3211 4674 domicilio
3237 4619 3476 4677 residens
3507 4633 3718 4688 perma-

2129 4725 2220 4771 net
2264 4729 2477 4784 semper
2519 4713 2783 4778 invictus,
2833 4726 3006 4782 neque
3036 4721 3242 4765 tantum
3273 4711 3485 4769 ett-teris
3535 4723 3715 4764 rerum

2127 4809 2472 4863 adversarum
2503 4807 2736 4870 casibus,
2766 4805 2861 4861 sed
2887 4822 2985 4862 nec
3008 4806 3105 4875 ipsi
3136 4806 3292 4860 morti
3323 4804 3485 4859 cedit.

2199 4898 2487 4970 Martyrum
2515 4907 2731 4967 potestas
2755 4906 2979 4967 quanta;
3008 4896 3298 4966 spirituatcs
3326 4895 3517 4948 divitia!
3542 4892 3717 4948 distri-

2125 4992 2328 5046 butione
2369 5001 2637 5056 crescunt;
2677 5006 2768 5042 cur
2805 4989 3024 5042 caducas
3052 5004 3159 5042 esse
3181 5005 3262 5042 res
3288 4987 3404 5042 vitta
3430 4986 3586 5056 hujus
3629 5000 3717 5039 tto-

2126 5085 2275 5139 luerit
2305 5082 2442 5138 Deus
2464 5101 2483 5149 ,'
2508 5082 2739 5153 angelica
2766 5093 2839 5138 est
2868 5083 2969 5137 vita
2994 5083 3297 5153 evangelica.
3324 5080 3716 5136 —-Ostendunt

2126 5177 2227 5232 hoc
2248 5185 2532 5248 martyres,
2557 5191 2780 5247 quorum
2803 5189 3030 5244 corpora
3051 5175 3267 5244 quidem
3287 5172 3546 5228 dissoluta
3569 5182 3711 5229 sunt.

2123 5275 2178 5322 ct
2204 5267 2256 5321 in
2287 5267 2558 5336 pulverem
2586 5266 2927 5335 cineremque
2957 5264 3173 5319 redacta
3205 5281 3218 5316 :
3249 5265 3594 5334 magistratus
3618 5280 3714 5317 au-

2125 5369 2234 5416 tem
2269 5374 2333 5414 ac
2359 5358 2689 5429 principatus
2717 5357 2955 5429 quotidie
2983 5357 3145 5422 vivit,
3191 5366 3246 5412 et
3273 5367 3528 5427 Operatur
3546 5396 3564 5422 ,
3587 5357 3712 5410 dum

2122 5452 2394 5507 da'mones
2418 5451 2610 5522 abigit,
2650 5460 2707 5506 et
2735 5451 2952 5507 morbos
2977 5450 3028 5505 in
3059 5449 3236 5522 fugam
3263 5452 3561 5514 convertit,
3586 5450 3710 5504 dttm

2124 5543 2361 5612 integras
2389 5541 2545 5596 urbes
2565 5543 2791 5608 excitat,
2831 5553 2884 5596 et
2913 5541 3134 5612 populos
3165 5544 3217 5595 in
3249 5541 3394 5596 hunc
3412 5541 3591 5597 locum
3618 5541 3707 5595 dc-

2121 5634 2284 5690 ducit.
2318 5634 2486 5690 Tanta
2517 5636 2855 5705 magistratus
2879 5645 2929 5691 et
2977 5635 3184 5703 imperii
3216 5635 3369 5690 istius
3397 5644 3484 5706 est
3509 5635 3703 5692 virtus.

2126 5743 2231 5785 non
2258 5742 2495 5785 Vivorum
2523 5737 2725 5785 tantum
2765 5729 3080 5800 principum,
3124 5727 3220 5786 sed
3252 5728 3411 5784 etiam
3446 5717 3550 5784 vita
3583 5725 3700 5781 fun-

3823 272 3850 292 ’δ
