4060 6260
297 313 398 372 5Ᾱ9

289 435 520 490 ciorum,
543 430 601 478 ut
622 420 941 479 necessitate
962 418 1272 491 compulsus
1286 434 1468 489 nemo,
1488 421 1584 477 sed
1604 431 1796 491 sponte
1809 435 1874 477 ac

289 515 503 589 proprio
525 514 725 569 inducti
744 513 937 568 affectu
965 512 1069 567 huc
1095 527 1284 569 omnes
1314 521 1619 579 accurrant,
1650 527 1749 568 nec
1770 512 1875 567 ulla

290 607 544 675 temporis
586 604 971 675 longinquitate
1013 602 1299 657 minuatur.
1330 601 1535 658 Videtis
1579 618 1738 674 quam
1768 618 1876 657 non

286 701 402 755 sine
428 711 589 752 causa
617 696 886 750 theatrum
907 693 1048 750 istud
1067 709 1252 765 regum
1276 694 1416 750 aulis
1440 695 1719 764 augustius
1743 709 1867 750 esse

285 788 554 845 dixerim!
582 785 714 841 Nam
735 802 855 856 qua:
880 785 985 841 illic
1010 796 1166 852 sunt,
1205 787 1348 842 foliis
1376 786 1569 841 similia
1595 794 1719 841 sunt
1748 801 1878 841 exa-

293 880 625 938 rescentibus
643 921 659 946 ,
688 889 745 935 et
763 879 967 935 umbris
991 878 1438 949 praitereuntibus
1466 895 1480 932 :
1511 894 1574 934 ea
1610 894 1738 934 vero
1756 894 1878 949 qu.e

287 972 375 1029 hic
402 971 709 1035 traduntur,
756 969 1093 1025 adamantem
1138 970 1436 1036 imitantur,
1470 969 1552 1023 vel
1582 969 1761 1039 potius
1787 969 1877 1022 illo

232 1074 236 1127 ς
284 1062 518 1117 ﬁrmiora
537 1071 684 1127 sunt,
708 1070 897 1131 utpote
914 1076 1036 1131 qua:
1056 1060 1373 1115 immortalia
1396 1061 1524 1125 sint,
1544 1068 1603 1115 et
1628 1060 1870 1126 immota,

291 1168 389 1209 nec
409 1153 503 1207 ulli
531 1151 726 1206 cedant
754 1165 1004 1221 umquam
1034 1150 1335 1215 mutationi,
1357 1160 1413 1207 et
1432 1153 1503 1206 ad
1523 1165 1650 1205 suos
1668 1160 1876 1205 amato-

282 1259 371 1299 res
396 1242 664 1314 intrepide
682 1243 961 1308 accedant,
994 1257 1183 1313 pugna:
1210 1257 1275 1296 ac
1303 1242 1663 1298 contentionis
1687 1257 1877 1312 exper-

284 1337 375 1401 tia,
398 1346 567 1405 atque
586 1374 602 1402 ,
628 1333 697 1389 ab
720 1333 915 1388 invidia
932 1374 946 1398 ,
973 1331 1222 1402 judiciis,
1250 1343 1305 1387 et
1324 1332 1562 1401 insidiis,
1591 1348 1655 1389 ac
1673 1334 1879 1388 calum-

281 1426 385 1480 niis
431 1426 540 1480 sint
584 1425 860 1483 immunia.
907 1423 1179 1495 Siquidem
1221 1424 1496 1480 saecularia
1544 1426 1741 1480 mullos
1781 1442 1874 1494 pa-

282 1519 489 1573 tiuntur
528 1518 776 1583 invidos,
830 1518 1118 1588 spiritualia
1173 1532 1339 1585 vero,
1396 1528 1597 1588 quanto
1636 1518 1876 1588 pluribus

279 1608 672 1662 communicata
709 1609 937 1673 fuerint,
979 1623 1049 1663 eo
1094 1608 1353 1678 majorem
1398 1623 1548 1663 suam
1581 1609 1874 1665 ubertatem

277 1699 592 1755 ostendunt.
634 1702 808 1771 Atque
854 1700 905 1755 id
927 1717 991 1754 ex
1025 1700 1127 1756 bac
1157 1701 1269 1771 ipsa
1308 1704 1553 1758 oratione
1579 1701 1876 1774 intelligere

279 1792 528 1861 potestis.
554 1790 722 1857 Quam
744 1792 886 1846 enim
914 1791 971 1846 in
1006 1807 1196 1847 omnes
1218 1792 1515 1848 orationem
1542 1794 1760 1849 cﬁ'undo
1784 1837 1797 1861 ,
1828 1797 1873 1851 si

277 1882 501 1951 quidem
527 1881 672 1936 domi
710 1881 847 1952 apud
887 1898 974 1938 me
1017 1882 1319 1949 detineam,
1372 1885 1655 1954 pauperior
1700 1886 1871 1941 ﬁam:

274 1972 359 2027 sin
382 1981 568 2027 autem
600 1971 652 2027 in
673 1987 861 2028 omnes
883 1971 1175 2040 effundam,
1205 1983 1476 2044 tamquam
1503 1977 1547 2031 si
1574 1976 1627 2031 in
1649 1992 1872 2032 vacuum

270 2063 551 2132 quoddam
581 2079 765 2118 arvum
802 2079 984 2119 semen
1008 2064 1205 2133 jactem
1225 2105 1243 2133 ,
1277 2064 1557 2122 facultates
1600 2082 1749 2122 meas
1773 2082 1873 2121 au-

270 2170 399 2224 geo,
437 2155 649 2210 divitias
677 2171 823 2211 meas
846 2157 1113 2226 ampliﬁco
1132 2199 1146 2223 ,
1175 2158 1551 2228 locupletiores
1578 2159 1747 2215 reddo
1777 2175 1874 2215 vos

268 2264 508 2313 omnes;
546 2262 645 2302 nec
670 2246 868 2303 idcirco
895 2257 1070 2303 tamen
1096 2250 1382 2319 pauperior
1404 2250 1593 2316 evado,
1617 2250 1713 2306 sed
1742 2266 1873 2322 opu-

273 2338 478 2393 lcntior
503 2339 675 2393 multo
703 2354 719 2394 :
749 2338 891 2410 quod
922 2340 972 2393 in
996 2340 1236 2407 pecuniis
1262 2354 1368 2394 non
1395 2339 1553 2408 licet,
1582 2340 1691 2396 imo
1713 2341 1873 2411 plane

266 2432 607 2487 contrarium
647 2433 847 2488 evenit.
890 2431 1022 2486 Nam
1066 2432 1113 2487 si
1162 2431 1496 2487 reconditur:
1540 2448 1730 2487 aurum
1778 2432 1872 2487 ha-

269 2528 473 2593 beam,
505 2526 643 2581 etin
670 2541 857 2582 omnes
881 2525 1011 2581 illud
1044 2527 1197 2581 velim
1224 2526 1548 2583 distribuere
1571 2568 1585 2590 ,
1619 2543 1727 2582 non
1754 2543 1871 2582 aui-

275 2618 423 2687 plius
448 2628 625 2673 tantas
652 2617 929 2687 possidere
965 2628 1151 2688 potero
1182 2617 1431 2685 divitias,
1465 2633 1587 2673 cum
1609 2619 1708 2673 hac
1732 2619 1870 2674 divi-

265 2711 433 2765 sione
459 2709 654 2763 fuerint
678 2708 995 2763 imminuta).

342 2804 406 2857 3.
458 2801 592 2855 Cum
636 2801 797 2871 igitur
833 2802 1191 2871 spiritualium
1234 2819 1417 2859 rerum
1458 2814 1603 2860 tanta
1632 2806 1700 2861 sit
1722 2823 1868 2877 prac-

264 2892 500 2957 stantia,
533 2900 676 2947 tanta
704 2891 949 2960 facilitas,
984 2901 1165 2964 utpote
1185 2910 1303 2964 qua:
1327 2896 1539 2950 cunctis
1570 2897 1871 2952 volentibus

265 2985 446 3055 gratis
470 2985 778 3052 obveniant,
812 2984 908 3040 has
938 2986 1275 3056 potissimum
1302 2986 1634 3054 adamemus,
1659 2998 1719 3043 et
1748 3004 1865 3042 um-

268 3077 410 3132 bras
454 3076 791 3141 omittamus,
830 3092 930 3131 nec
955 3076 1254 3147 praecipitia
1287 3087 1351 3133 et
1392 3079 1642 3148 scopulos
1689 3093 1870 3149 perse-

264 3183 526 3238 quamur.
558 3168 623 3223 Ut
642 3168 785 3222 enim
818 3168 959 3223 hunc
983 3184 1221 3224 amorem
1254 3169 1392 3225 Deus
1411 3178 1661 3239 augeret,
1705 3171 1865 3224 etiam

266 3270 411 3314 ante
452 3260 654 3314 obitum
688 3259 937 3326 hominis,
982 3274 1013 3312 a
1057 3275 1164 3330 quo
1189 3260 1548 3329 possidentur,
1582 3260 1680 3316 ista
1708 3262 1869 3316 morti

267 3350 514 3407 obnoxia
540 3365 659 3406 esse
691 3352 961 3421 pra-cepit.
994 3351 1149 3406 Verbi
1192 3352 1358 3421 gratia
1387 3370 1400 3406 :
1434 3368 1539 3407 non
1571 3357 1873 3413 cu-minter-

263 3444 401 3501 ierit
459 3444 534 3508 is,
576 3444 664 3512 qui
697 3443 812 3497 lucc
840 3443 1108 3513 possidet,
1143 3452 1197 3497 et
1225 3444 1325 3498 ista
1356 3444 1621 3499 intereunt
1641 3487 1654 3508 .
1695 3446 1787 3500 sed
1816 3454 1871 3499 ct

266 3538 397 3606 ipso
426 3535 602 3589 adhuc
633 3536 843 3588 vivente
870 3544 1207 3589 marcescunt
1231 3543 1286 3590 et
1313 3545 1557 3604 pereunt,
1602 3546 1654 3590 ιιι
1682 3552 1868 3591 eorum

259 3628 483 3683 caduca
505 3626 742 3681 conditio
780 3640 991 3680 summo
1018 3627 1226 3680 illorum
1248 3641 1430 3681 amore
1456 3626 1738 3697 flagrantes
1762 3669 1777 3693 ,
1816 3637 1870 3682 et

262 3719 467 3771 insana
495 3716 784 3785 cupiditate
813 3716 1021 3780 ductos,
1050 3717 1117 3770 ab
1146 3718 1234 3771 illa
1262 3732 1401 3772 smva
1434 3718 1581 3773 rabie
1612 3731 1824 3774 revocet
1852 3738 1866 3774 :

258 3820 577 3875 eorumque
601 3815 844 3860 naturam
857 3806 1166 3870 admoneat,
1195 3815 1248 3862 et
1269 3809 1594 3877 experientia
1618 3811 1867 3879 magistra

264 3898 491 3963 doceat,
524 3912 586 3951 ea
612 3896 797 3967 quavis
826 3896 1010 3952 umbra
1043 3898 1387 3953 imbecilliora
1413 3916 1553 3966 esse,
1584 3910 1742 3971 atque
1769 3902 1869 3957 hac

259 3990 486 4044 ratione
506 3988 850 4059 cupiditatem
874 3989 1016 4043 illam
1042 3990 1361 4060 exstinguat.
1392 3991 1633 4063 Exempli
1660 4008 1818 4048 causa
1850 4012 1863 4047 :

257 4081 479 4137 divitia:
509 4096 615 4135 non
642 4080 815 4135 solum
840 4096 962 4137 cum
990 4082 1170 4137 interit
1192 4082 1367 4149 dives,
1392 4097 1637 4153 pereunt,
1660 4087 1752 4142 sed
1777 4088 1867 4142 illo

260 4175 457 4246 potius
477 4174 685 4230 vivente
705 4174 1011 4231 discedunt.
1036 4175 1296 4231 iuventus
1318 4192 1682 4246 possessorem
1708 4196 1863 4235 suum

259 4281 381 4321 non
429 4266 744 4321 morientem
786 4264 997 4331 solum,
1046 4264 1139 4321 sed
1179 4266 1469 4335 spirantem
1495 4269 1670 4324 adhuc
1700 4272 1864 4326 relin-

255 4370 449 4428 quens
478 4357 789 4421 evanescit;
822 4372 942 4425 qum
968 4356 1020 4410 in
1048 4357 1221 4410 aetatis
1245 4356 1437 4412 adulta:
1466 4359 1549 4412 via
1582 4360 1782 4427 ﬁnitur,
1811 4372 1867 4416 et

255 4448 539 4505 senectuti
574 4450 749 4504 locum
777 4447 939 4504 cedit.
981 4447 1324 4503 Pulchritudo
1350 4449 1509 4505 simul
1551 4457 1609 4504 et
1653 4450 1861 4517 forma,

257 4541 491 4595 vivente
520 4540 694 4595 adhuc
733 4539 991 4605 muliere,
1044 4538 1240 4593 desinit
1280 4549 1341 4593 et
1379 4540 1431 4593 in
1471 4539 1862 4597 deformitatem

255 4632 470 4687 transit
494 4650 508 4686 :
533 4631 701 4702 gloria
723 4672 739 4697 ,
768 4632 1101 4702 principatus
1131 4646 1318 4685 rursus
1339 4633 1455 4701 pari
1489 4633 1693 4688 ratione
1721 4651 1733 4686 :
1766 4634 1863 4690 lio-

257 4739 435 4779 nones
455 4764 470 4788 ,
516 4724 886 4793 magistratus,
931 4722 1107 4777 diurni
1130 4731 1257 4777 sunt
1282 4732 1338 4778 et
1360 4723 1426 4777 ad
1453 4724 1614 4779 breve
1654 4733 1866 4795 tempus

249 4816 494 4880 durant,
525 4824 579 4869 et
606 4813 839 4882 amplius
867 4828 1025 4884 quam
1055 4814 1299 4868 homines
1328 4813 1450 4884 ipsi,
1481 4816 1571 4886 qui
1599 4831 1694 4871 eos
1722 4818 1860 4873 obti-

257 4917 405 4963 nent
424 4951 439 4976 ,
490 4908 743 4962 mortales
770 4914 894 4961 sunt
920 4921 934 4958 :
961 4915 1015 4959 et
1042 4903 1495 4974 quemadmodum
1523 4907 1864 4976 quotidianus

253 5015 560 5070 esu-potum
591 4998 774 5053 videre
804 4998 929 5052 licet
972 4997 1248 5064 interitus,
1278 4996 1363 5062 ,ita
1410 5012 1624 5067 quoque
1659 5014 1860 5055 rerum.

254 5095 446 5149 Porro
470 5091 525 5146 id
556 5091 767 5156 accidit,
818 5100 875 5144 ut
921 5088 1208 5158 praesentia
1250 5098 1653 5144 contemnentes
1678 5090 1861 5145 adlue-

254 5197 490 5239 reanius
525 5181 717 5236 futuris
740 5223 755 5248 ,
804 5190 1070 5236 eteorum
1098 5180 1267 5235 simus
1296 5182 1695 5251 exspectatione
1738 5199 1852 5238 sus-

253 5275 455 5347 pensi,
519 5290 582 5329 ac
625 5274 751 5328 dum
796 5274 847 5327 in
896 5273 1053 5327 terris
1086 5273 1453 5338 ambulamus,
1499 5274 1765 5331 desiderio
1808 5278 1862 5331 iu

258 5366 409 5419 mulo
439 5379 737 5419 versemur.
792 5363 1003 5418 Etenim
1042 5362 1148 5417 duo
1192 5364 1383 5419 saecula
1421 5366 1664 5421 condidit
1698 5368 1858 5435 Deus,

259 5470 517 5524 praesens
542 5495 557 5518 ,
592 5464 647 5510 et
676 5455 947 5519 futurum;
979 5470 1141 5509 unum
1166 5455 1392 5521 visibile,
1425 5456 1649 5511 alterum
1681 5459 1863 5513 invisi-

258 5548 386 5602 bile
414 5565 427 5600 :
462 5563 624 5601 unum
655 5547 797 5617 quod
826 5547 927 5601 sub
947 5562 1135 5603 sensus
1163 5548 1327 5613 cadit,
1357 5547 1583 5602 alterum
1610 5550 1753 5619 quod
1780 5559 1862 5606 est

253 5638 546 5711 spirituale
578 5656 591 5694 :
628 5654 790 5693 unum
838 5639 980 5708 quod
1026 5640 1290 5708 corporali
1330 5640 1509 5709 quiete
1550 5638 1861 5711 perfruitur,

254 5734 504 5786 alterum
550 5729 690 5799 quod
724 5730 1035 5800 incorporea
1068 5744 1083 5785 :
1113 5743 1276 5786 unum
1306 5728 1359 5803 in
1388 5730 1748 5805 experientia,
1776 5744 1855 5793 at-

1450 306 1539 363 DE
1578 305 1885 366 FUTURIE
1928 306 2111 363 VITE
2152 305 2463 364 DELICIIS.

3464 314 3572 373 350

1990 429 2160 475 terum
2184 420 2237 475 in
2265 418 2370 475 fide
2395 436 2410 473 :
2441 435 2604 474 unum
2642 418 2695 475 in
2722 421 2989 490 manibus,
3020 421 3249 479 alterum
3274 423 3328 480 in
3358 439 3493 498 spe;
3521 436 3579 482 et

1986 527 2148 565 unum
2171 525 2292 566 esse
2315 510 2547 565 stadium
2592 510 2786 582 jussit,
2834 512 3062 569 alterum
3096 513 3336 570 bravium
3371 531 3388 571 :
3417 526 3578 586 atque

1987 602 2109 656 huic
2135 600 2351 673 quidem
2382 602 2675 658 certamina
2698 646 2713 671 ,
2744 604 2956 661 labores
2980 620 3043 661 ac
3068 606 3292 663 sudores
3315 608 3574 670 attribuit,

1986 693 2059 748 illi
2092 708 2219 748 vero
2243 708 2504 762 coronas,
2538 696 2757 765 praemia
2805 706 2861 752 et
2903 698 3283 754 retributiones
3307 717 3320 753 :
3348 698 3449 754 hoc
3480 715 3579 768 pe-

1985 782 2163 852 lagus,
2194 783 2323 837 illud
2354 793 2564 853 portum
2594 787 2772 841 effecit
2791 826 2810 854 ,
2837 795 2889 843 et
2926 787 3026 843 hoc
3056 788 3216 844 breve
3244 789 3482 859 quidem,
3515 789 3580 844 il-

1984 874 2075 928 lud
2107 890 2234 929 vero
2262 877 2550 931 senectutis
2589 893 2782 948 expers
2802 920 2819 945 ,
2866 890 2919 935 et
2955 881 3277 937 immortale.
3306 884 3572 949 Quoniam

1984 962 2145 1033 igitur
2175 965 2420 1021 homines
2440 967 2592 1021 multi
2621 968 2989 1037 Spiritualibus
3012 972 3117 1026 illis
3147 987 3208 1028 ea
3250 990 3370 1043 qua:
3404 958 3575 1030 sensi-

1985 1054 2111 1108 bilia
2136 1064 2262 1108 sunt
2288 1055 2642 1125 praeferebant
2667 1099 2683 1124 ,
2734 1058 2817 1114 his
2842 1061 3095 1116 caducam
3126 1064 3486 1119 conditionem
3514 1081 3579 1121 ac

1984 1146 2362 1214 temporariam
2411 1149 2691 1215 attribuit,
2736 1158 2795 1204 ut
2842 1151 2945 1206 hoc
2983 1163 3139 1222 pacto
3166 1170 3197 1209 a
3225 1157 3579 1225 pmsentihus

1982 1236 2288 1303 abductos,
2351 1238 2700 1295 vehementer
2754 1243 2926 1296 amori
2986 1243 3285 1299 futurorum
3339 1247 3576 1301 addicat.

1985 1326 2187 1382 Deinde
2209 1329 2460 1397 quoniam
2490 1331 2774 1387 invisibilia
2801 1344 2959 1390 erant
3005 1336 3092 1391 illa
3136 1346 3191 1392 et
3236 1339 3530 1408 spiritualia
3558 1381 3574 1405 ,

1986 1418 2039 1472 in
2071 1419 2175 1474 ﬁde
2204 1430 2362 1491 atque
2386 1422 2439 1475 in
2462 1436 2555 1492 Spe
2579 1424 2751 1493 posita
2776 1466 2791 1489 ,
2826 1425 2946 1481 vide
2975 1427 3103 1497 quid
3130 1438 3271 1499 agat.
3306 1429 3441 1485 Cum
3473 1432 3578 1485 huc

1981 1509 2307 1578 advenisset,
2339 1528 2403 1567 ac
2425 1524 2664 1569 nostram
2691 1530 2907 1571 carnem
2935 1522 3314 1589 assumpsisset
3341 1564 3356 1589 ,
3389 1532 3444 1577 et
3472 1524 3575 1577 ini-

1981 1602 2205 1656 rahilem
2236 1604 2378 1658 illam
2401 1605 2858 1676 dispensationem
2891 1609 3242 1678 perfecisset,
3273 1612 3447 1667 futura
3479 1629 3576 1683 po-

1983 1692 2060 1745 nit
2083 1692 2152 1747 ob
2177 1693 2383 1760 oculos,
2416 1705 2470 1750 et
2493 1696 2598 1751 hac
2633 1698 2839 1753 ratione
2862 1701 3155 1755 crassiores
3180 1712 3389 1758 mentes
3416 1718 3576 1759 secu-

1981 1795 2068 1835 ras
2106 1782 2298 1836 reddit.
2338 1783 2472 1838 Nam
2521 1787 2774 1855 quoniam
2822 1792 3286 1846 conversationem
3334 1809 3397 1848 ac
3453 1795 3575 1850 vit-.e

1981 1874 2239 1931 rationem
2270 1878 2564 1947 angelicam
2591 1879 2822 1935 aifereus
2849 1884 3095 1940 veniebat
3119 1927 3135 1953 ,
3186 1902 3250 1943 ac
3278 1896 3473 1944 terram
3519 1891 3572 1945 in

1979 1965 2167 2019 CiBilllll
2215 1969 2603 2038 convertebat,
2647 1986 2819 2041 eaque
2860 1975 3189 2042 mandabat,
3226 1994 3344 2047 qum
3372 1979 3582 2036 similes

1981 2054 2268 2112 redderent
2311 2058 2642 2130 incorporeis
2672 2062 2960 2119 virtutibus
2992 2080 3092 2120 eos
3129 2067 3219 2137 qui
3251 2082 3314 2122 ea
3348 2069 3591 2138 νεώρει-ι,

1980 2155 2099 2201 rent
2122 2188 2140 2213 ,
2185 2148 2431 2207 homines
2456 2152 2713 2207 reddebat
2733 2155 2950 2224 angelos
2968 2198 2984 2223 ,
3013 2157 3079 2212 ad
3102 2173 3253 2228 spem
3280 2160 3547 2215 Caelestius

1979 2254 2155 2294 rerum
2179 2242 2422 2308 vocabat,
2448 2244 2684 2316 longiora
2710 2248 3003 2302 certamina
3027 2251 3385 2320 proponebat,
3412 2253 3571 2308 altius

1977 2332 2192 2388 evolare
2226 2334 2487 2404 jubebat,
2520 2347 2575 2391 et
2611 2338 2683 2392 ad
2715 2339 2827 2409 ipsa
2858 2341 3066 2412 fastigia
3093 2344 3345 2399 czclormn
3380 2360 3572 2402 ascen-

1976 2421 2107 2477 dere
2128 2464 2146 2491 ,
2193 2424 2453 2481 adversus
2477 2426 2751 2485 daemones
2783 2447 3016 2501 pugnam
3042 2432 3209 2501 inire,
3241 2448 3429 2491 contra
3455 2438 3574 2492 uni-

1979 2529 2162 2571 versas
2188 2516 2386 2573 diaboli
2412 2521 2594 2591 copias
2621 2523 2791 2577 aciem
2818 2539 2915 2579 eos
2946 2525 3235 2593 instruere,
3262 2529 3352 2598 qui
3379 2545 3575 2600 corpus

1981 2604 2287 2673 habebant,
2326 2616 2382 2663 et
2408 2625 2530 2665 cum
2549 2626 2714 2668 carne
2743 2617 2973 2684 copulati
3006 2625 3162 2671 erant
3184 2658 3199 2684 ,
3248 2620 3576 2678 mortiﬁcare

1971 2712 2236 2768 corpora,
2267 2716 2332 2755 ac
2360 2703 2821 2770 perturbationum
2858 2709 3140 2763 tumultum
3179 2709 3430 2781 ablegare
3455 2754 3471 2780 ,
3517 2724 3574 2769 et

1976 2804 2201 2859 corpore
2227 2798 2515 2861 utcumque
2550 2809 2670 2850 esse
2708 2797 3109 2865 circunulatos,
3155 2811 3411 2857 caeterum
3448 2817 3572 2859 cum

1979 2878 2309 2949 incorporeis
2336 2883 2617 2941 virtutibus
2642 2889 2887 2943 ceriatim
2914 2891 3258 2946 contendere.

2053 2971 2107 3025 4.
2140 2970 2265 3025 llaec
2301 2972 2385 3027 ubi
2413 2979 2672 3045 pra-cepit
2694 3020 2709 3043 ,
2747 2978 2865 3032 vide
2911 2980 3037 3049 quid
3064 2992 3223 3051 agat;
3265 2998 3372 3052 quo
3415 2995 3571 3054 pacto

1978 3060 2130 3118 facile
2158 3072 2429 3120 certamen
2470 3067 2677 3122 reddat.
2726 3070 3011 3138 Quinimo,
3065 3073 3111 3128 si
3146 3070 3373 3143 videtur,
3418 3079 3568 3147 prius

1976 3153 2350 3210 mandatorum
2378 3156 2760 3215 sublimitatem
2804 3178 3166 3233 exponamus,
3201 3179 3255 3221 et
3280 3184 3386 3238 quo
3416 3180 3574 3239 pacto

1972 3243 2028 3298 lu
2058 3245 2223 3300 altqu
2254 3262 2352 3302 nos
2379 3248 2610 3305 voluerit
2653 3253 2890 3321 evolare,
2922 3270 3043 3309 cum
3076 3272 3143 3311 ex
3183 3258 3412 3313 humana
3442 3276 3571 3331 pro-

1978 3337 2262 3405 pemodum
2309 3349 2494 3394 natura
2532 3342 2794 3412 emigrare
2820 3386 2835 3408 ,
2881 3349 3123 3418 atquein
3160 3351 3348 3405 cwluni
3380 3367 3569 3408 omnes

1978 3428 2250 3481 transferri
2294 3432 2533 3499 jusserit.
2589 3433 2725 3487 Cum
2785 3437 2927 3490 enim
2987 3440 3201 3493 oculum
3266 3457 3361 3510 pro
3412 3445 3571 3499 oculo

1978 3518 2125 3572 reddi
2157 3519 2241 3573 lex
2266 3522 2602 3591 praeciperet,
2635 3525 2747 3593 ipse
2768 3525 2907 3581 dixit
2930 3568 2945 3593 ,
2972 3528 3033 3583 Si
3054 3531 3167 3599 quis
3194 3541 3241 3586 te
3268 3539 3568 3601 percusserit

1975 3611 2027 3664 in
2053 3612 2311 3666 dexteram
2340 3615 2622 3682 maxillam,
2645 3617 2841 3672 obverti:
2860 3620 2935 3673 illi
2966 3631 3011 3673 et
3041 3622 3252 3676 alteram
3278 3625 3493 3695 (Matth.
3509 3630 3566 3685 5.

1974 3698 2093 3773 59).
2119 3702 2234 3757 Non
2262 3704 2417 3772 dixit,
2451 3716 2652 3761 tantum
2681 3708 2759 3762 fer
2784 3710 3049 3777 patienter
3073 3729 3134 3767 ac
3162 3714 3354 3771 leuiter
3378 3728 3570 3773 contu-

1974 3795 2228 3859 meliam,
2264 3796 2357 3850 sed
2406 3797 2627 3851 ulterius
2664 3800 3001 3871 philosophia
3033 3804 3400 3876 modestiaque
3445 3825 3569 3879 pro-

1972 3884 2235 3954 gredere,
2285 3896 2445 3955 atque
2489 3887 2557 3942 ad
2603 3889 2807 3959 majora
2854 3892 3103 3961 patienda
3148 3905 3363 3962 paratus
3408 3910 3563 3968 esto,

1973 3992 2131 4047 quam
2177 3976 2267 4033 ille
2311 3979 2488 4033 facere
2532 3982 2750 4050 cupiat:
2784 3993 2834 4036 et
2868 3985 3135 4053 patientiae
3179 3995 3281 4044 tua:
3325 3991 3567 4049 ubertate

1974 4070 2319 4139 petulantiam
2350 4072 2467 4139 ejus
2503 4083 2559 4127 et
2592 4074 2931 4129 insolentiam
2961 4077 3113 4131 vince
3136 4118 3153 4145 ,
3204 4090 3260 4133 ut
3298 4096 3563 4138 summam

1974 4171 2116 4214 tuam
2164 4162 2426 4216 reveritus
2464 4164 2782 4219 modestiam
2825 4167 3061 4221 recedat.
3113 4169 3179 4223 Et
3221 4186 3402 4226 rursus
3450 4175 3562 4241 ait,

1976 4255 2131 4307 Orate
2165 4270 2263 4322 pro
2300 4254 2722 4311 calumniantibus
2765 4275 2850 4311 vos
2883 4274 2901 4313 :
2930 4272 3072 4314 orate
3106 4279 3200 4330 pro
3230 4265 3447 4320 inimicis
3476 4283 3564 4322 ve-

1970 4347 2088 4399 stris
2119 4362 2138 4398 :
2167 4345 2444 4415 benefacitc
2468 4346 2553 4413 iis,
2597 4352 2685 4416 qui
2731 4349 2945 4403 oderunt
2986 4368 3070 4405 vos
3096 4354 3112 4420 (
3136 4353 3321 4408 ΜαιιΙι.
3352 4358 3408 4412 5.
3433 4360 3562 4429 Μ).

1971 4437 2266 4491 Consilium
2308 4436 2377 4491 de
2425 4438 2728 4507 virginitate
2773 4454 2960 4495 rursus
3006 4443 3352 4501 introducens
3385 4449 3561 4506 dixit:

1975 4530 2077 4593 Qui
2106 4536 2266 4597 potest
2308 4544 2488 4598 capere
2515 4530 2684 4599 capiat
2726 4529 2956 4599 (Matth.
2989 4532 3074 4587 19.
3109 4534 3229 4605 12).
3262 4537 3394 4593 Nam
3425 4557 3563 4610 quo-

1971 4622 2113 4673 niani
2141 4635 2175 4674 e
2202 4619 2449 4689 paradiso
2489 4620 2577 4674 illa
2622 4621 2891 4688 evolavit,
2929 4633 2983 4677 et
3018 4635 3137 4695 post
3178 4634 3555 4700 transgressi.»

1972 4729 2095 4768 nem
2120 4714 2360 4780 recessit,
2387 4712 2455 4768 de
2479 4714 2617 4768 celo
2642 4713 2974 4771 descendens
3004 4719 3169 4787 ipsam
3184 4737 3368 4778 rursus
3397 4725 3559 4781 redu-

1970 4806 2089 4871 xit,‘
2109 4816 2162 4860 et
2208 4815 2474 4875 tamquam
2505 4807 2743 4861 exsulem
2776 4807 2828 4862 in
2857 4809 3129 4879 antiquam
3158 4816 3380 4882 patriam
3408 4832 3559 4874 suam

1972 4899 2223 4965 restituit,
2254 4908 2309 4954 et
2331 4916 2359 4951 a
2384 4899 2633 4955 diuturna
2662 4902 2985 4972 relegatione
3014 4905 3257 4962 liberavit
3284 4924 3300 4964 :
3329 4912 3560 4980 primum

1969 4990 2259 5047 adveniens
2284 4994 2535 5048 nimirum
2563 5010 2627 5049 cx
2656 4995 2858 5066 virgine
2880 5006 3036 5053 natus
3063 5008 3145 5054 est
3163 5042 3180 5067 ,
3208 5011 3264 5057 et
3290 5003 3434 5075 leges
3462 5024 3560 5060 ua-

1972 5096 2104 5141 turte
2140 5086 2398 5151 mutavit,
2446 5102 2568 5141 tum
2595 5088 2662 5142 ab
2710 5088 2826 5159 ipso
2854 5090 3077 5149 exordio
3120 5094 3243 5149 vita:
3270 5110 3381 5151 sua:
3413 5099 3558 5152 illam

1972 5180 2175 5234 honore
2194 5179 2452 5248 all'ecerit,
2482 5191 2536 5236 et
2558 5180 2814 5252 virginem
2837 5194 3062 5239 matrem
3085 5186 3393 5243 reddiderit.
3423 5190 3557 5245 Cum

1971 5270 2130 5339 igitur
2170 5272 2393 5325 veniens
2438 5272 2561 5325 talia
2587 5272 2962 5343 praecepisset,
2993 5282 3048 5328 ct
3071 5276 3136 5328 ad
3162 5286 3361 5332 tantam
3387 5281 3557 5335 subli—

1970 5361 2208 5416 mitatem
2231 5364 2695 5419 conversationem
2723 5363 2998 5420 hominum
3027 5367 3313 5433 evexisset,
3340 5375 3557 5439 prauuia

1968 5469 2180 5525 quoque
2222 5455 2491 5511 laboribus
2531 5454 2689 5526 digna
2716 5456 2993 5526 pr0posuit
3014 5499 3029 5523 ,
3059 5458 3169 5515 imo
3199 5475 3325 5517 vero
3352 5462 3556 5533 majora

1968 5548 2137 5603 multo
2184 5556 2239 5604 et
2280 5548 2610 5605 sublimiora.
2652 5548 3032 5606 Verumtamen
3087 5553 3368 5611 invisibilia
3404 5569 3558 5616 erant

1966 5641 2083 5697 ιιωο
2107 5656 2320 5713 quoque
2346 5650 2504 5711 atque
2534 5641 2585 5695 in
2612 5656 2727 5710 spe,
2761 5641 2866 5696 ﬁde
2891 5654 2943 5697 et
2964 5647 3363 5715 exspectatione
3382 5653 3557 5720 posita

1971 5736 2295 5796 futurorum.
2343 5735 2523 5807 Itaque
2555 5749 2679 5803 cum
2706 5731 2972 5792 laboriosa
3003 5738 3249 5796 mandata
3277 5752 3457 5799 essent
3486 5759 3549 5799 ac
