4060 6260
522 337 615 391 551
1230 339 1285 396 S.
1325 337 1599 395 .IOANNIS
1635 334 2109 392 CHRYSOSTOMI
2149 334 2464 390 ABCHIEP.
2502 332 3034 389 CONSTANTINOP.

521 445 790 514 sublimia,
837 451 1057 518 prmmia
1081 464 1208 505 vero
1238 461 1292 505 et
1325 448 1507 506 bravia
1548 447 1598 502 in
1641 445 1743 502 llde
1770 487 1784 511 ,
1832 444 1952 500 vide
1981 445 2105 515 Quid

520 538 712 608 faciat,
762 557 868 611 quo
907 551 1063 612 pacto
1105 541 1275 597 levem
1307 556 1573 613 agonem,
1622 553 1729 610 quo
1759 547 1912 608 pacto
1938 536 2108 591 facilia

522 631 712 686 reddat
732 634 1044 688 certamina.
1075 633 1194 702 Quo
1217 634 1427 689 tandem
1452 632 1647 703 pacto?
1675 631 1888 686 Duabus
1909 631 2108 684 scilicet

522 723 622 776 \iis
647 740 659 775 :
695 739 816 790 una,
844 727 984 794 quod
1015 729 1202 782 eadem
1233 728 1346 797 ipse
1371 737 1728 798 chequatur;
1757 724 1940 788 altera,
1967 720 2108 792 quod

521 815 742 882 prtemia
774 816 1023 871 ostendat
1047 828 1100 872 et
1125 819 1226 872 sub
1253 830 1527 888 aSpectum
1557 818 1804 888 proferat.
1831 815 1962 870 Nam
1990 829 2106 885 qua:

521 905 590 958 ab
616 906 709 960 illo
739 908 878 962 dicta
901 919 1044 977 sunt,
1068 911 1308 981 qumdam
1340 911 1644 964 mandatum
1671 919 1842 974 erant,
1866 908 2106 978 quaedam

520 1000 761 1067 prannia.
791 1000 1094 1057 Mandatum
1127 1004 1363 1074 quidem,
1397 1001 1552 1057 Orate
1577 1018 1668 1073 pro
1689 999 2109 1054 calumniantibus

519 1105 605 1144 vos
625 1101 673 1145 et
693 1096 1096 1162 persequentibus
1115 1095 1329 1166 (Matth.
1355 1096 1409 1150 5.
1433 1091 1524 1163 all)
1553 1110 1566 1147 :
1591 1093 1867 1161 prtemium
1889 1100 2064 1144 autem
2093 1107 2107 1143 :

525 1178 593 1236 Ut
618 1183 726 1236 sitis
753 1185 849 1253 [illi
876 1183 1051 1240 Patris
1079 1187 1228 1239 uestri
1247 1227 1262 1253 ,
1287 1187 1373 1255 qui
1392 1185 1443 1238 in
1462 1183 1598 1238 cwlis
1625 1193 1696 1237 est
1727 1181 1887 1254 (Ibid.
1918 1197 1965 1235 υ.
1995 1180 2107 1250 45).

525 1273 753 1341 liurSUs,
801 1274 946 1329 Beati
983 1293 1098 1330 cum
1133 1276 1483 1330 maledixerint
1510 1275 1646 1329 vobis
1671 1316 1683 1338 ,
1728 1285 1776 1328 et
1821 1271 2110 1344 persequuti

522 1379 608 1416 eos
636 1365 854 1435 fuerint,
882 1376 925 1418 et
949 1368 1170 1420 dixerint
1195 1383 1342 1420 onme
1380 1367 1569 1419 malum
1603 1367 1805 1419 verbum
1845 1365 2109 1417 adversam

519 1470 606 1507 ros
649 1457 958 1511 mentientes.
990 1457 1217 1510 Gaudete
1263 1469 1312 1510 et
1349 1456 1617 1519 exsultate,
1650 1457 1886 1526 quoniam
1923 1471 2110 1508 merces

520 1555 682 1598 vestra
705 1547 909 1615 copiosa
935 1557 1006 1600 est
1027 1549 1076 1601 in
1100 1548 1236 1601 uelis
1263 1545 1368 1620 (Ib.
1398 1563 1445 1600 υ.
1472 1547 1559 1601 ll.
1593 1547 1709 1616 £2).
1757 1545 1918 1599 Vides
1945 1559 2108 1598 unum

523 1635 831 1689 mandatum
860 1652 981 1692 esse
1006 1678 1021 1703 ,
1067 1637 1289 1692 alterum
1325 1637 1642 1706 prtemium?
1669 1635 1872 1690 Rursus
1898 1676 1914 1701 ,
1950 1633 2009 1689 Si
2038 1635 2112 1687 vis

523 1729 775 1796 perfectus
809 1743 945 1792 esse,
983 1729 1139 1781 tende
1166 1743 1278 1798 quat
1303 1728 1475 1791 habes,
1516 1738 1561 1782 et
1592 1729 1659 1780 da
1686 1724 1988 1797 pauperibus
2018 1741 2036 1776 :
2064 1733 2110 1778 et

521 1817 652 1883 veni,
681 1831 883 1887 sequere
913 1835 1009 1885 me,
1034 1828 1077 1872 et
1104 1818 1306 1873 habebis
1337 1821 1623 1873 thesaurum
1660 1818 1713 1870 in
1743 1817 1865 1871 caelo
1893 1815 2104 1885 (Matth.

524 1909 610 1962 49.
643 1908 757 1980 il).
790 1909 948 1964 Vides
979 1911 1121 1965 aliud
1159 1911 1466 1966 mandatum
1489 1952 1505 1978 ,
1545 1920 1600 1967 et
1627 1909 1938 1980 praemium?
1965 1908 2112 1962 Alte-

525 2017 642 2056 rum
673 2005 814 2057 enim
836 2004 962 2072 ipsis
992 2005 1268 2074 pt-zecepit,
1297 2005 1528 2059 alterum
1559 2005 1687 2073 ipsis
1715 2001 1939 2072 paravit,
1967 1999 2112 2072 quod

522 2110 731 2150 merces
756 2109 869 2148 erat
889 2109 951 2150 ac
978 2097 1276 2150 retributio.
1303 2097 1368 2150 Et
1389 2111 1572 2150 rursus
1597 2114 1610 2150 :
1641 2095 1958 2163 Quicumque
1981 2092 2106 2146 reli-

522 2189 682 2254 querit
731 2186 904 2240 domos
928 2227 944 2255 ,
992 2196 1037 2240 et
1064 2191 1247 2258 fratres
1285 2199 1332 2243 et
1361 2205 1556 2242 sorores
1601 2202 1620 2243 :
1669 2185 1772 2240 hoc
1801 2185 2108 2239 mandatum

523 2285 647 2331 est:
689 2275 994 2346 Centuplum
1032 2279 1274 2349 accipiet,
1323 2287 1366 2332 ct
1402 2279 1561 2332 vitam
1588 2287 1830 2331 cateruam
1882 2274 2108 2346 posside-

522 2370 591 2422 bit
623 2367 724 2440 (Ib.
759 2385 806 2424 υ.
833 2369 924 2436 9.9)
955 2388 966 2422 :
1002 2369 1104 2424 hoc
1134 2371 1408 2440 prtemium
1438 2378 1521 2424 est
1544 2409 1560 2436 ,
1591 2378 1646 2424 et
1673 2383 1894 2422 corona.

594 2463 646 2517 5.
671 2463 929 2528 Quoniam
957 2465 1114 2532 igitur
1140 2479 1328 2534 magna
1353 2473 1504 2517 erant
1535 2470 1795 2530 praecepta
1821 2501 1836 2528 ,
1878 2471 1930 2514 et
1971 2475 2106 2529 pra:-

524 2553 628 2606 tnia
673 2570 775 2606 non
817 2555 1173 2622 apparebant,
1209 2555 1329 2609 vide
1370 2555 1496 2626 quid
1522 2561 1684 2623 agat:
1720 2553 1832 2621 ipse
1860 2553 2108 2618 oreribus

524 2645 612 2699 illa
643 2655 894 2710 ostentat,
920 2653 973 2699 et
1003 2646 1053 2699 in
1081 2655 1351 2715 aspectum
1380 2660 1606 2700 coronas
1629 2643 1850 2714 profert.
1877 2643 1944 2698 Ut
1965 2643 2106 2697 euiut

523 2739 611 2806 qui
642 2739 860 2793 minime
892 2741 1067 2793 tritam
1111 2740 1247 2793 viam
1288 2739 1503 2808 jubetur
1542 2738 1820 2803 insistere,
1864 2735 1907 2789 si
1949 2749 2106 2805 quem

520 2830 708 2884 viderit
740 2845 834 2900 per
862 2845 978 2884 cam
1009 2831 1153 2900 prius
1177 2829 1528 2894 incedentem,
1560 2828 1763 2883 facilius
1786 2842 1904 2882 eam
1927 2840 2110 2896 aggre-

523 2921 683 2984 ditur,
723 2934 776 2976 et
815 2922 1070 2991 majorem
1113 2923 1291 2975 animo
1334 2922 1566 2990 concipit
1607 2921 1933 2975 alacritatem
1969 2936 1981 2972 :
2035 2919 2104 2972 ita

519 3030 730 3084 quoque
757 3014 814 3068 fit
841 3015 894 3068 in
919 3013 1182 3069 mandatis
1217 3032 1229 3070 :
1259 3014 1349 3084 qui
1379 3012 1557 3068 vident
1586 3028 1678 3068 eos
1702 3052 1718 3078 ,
1764 3011 1853 3082 qtti
1881 3024 2107 3081 praeces-

521 3105 710 3169 set-int,
738 3105 891 3158 facile
919 3115 1231 3175 sequuntur.
1262 3104 1329 3160 Ut
1368 3104 1529 3174 igitur
1555 3115 1739 3157 natura
1768 3111 1946 3156 nostra
1975 3101 2106 3155 faci-

522 3196 623 3248 lius
655 3205 924 3262 sequatur,
957 3211 1170 3250 carnem
1198 3205 1251 3250 et
1282 3205 1521 3248 naturam
1545 3204 1783 3248 nostram
1805 3207 2103 3258 assumens,

522 3285 593 3340 ita
623 3297 718 3351 per
747 3283 886 3335 illam
919 3284 1154 3348 incessit,
1189 3294 1240 3337 et
1273 3283 1521 3353 operibus
1550 3281 1794 3336 mandata
1818 3281 2103 3350 expressit.

519 3373 792 3443 Siquidem
839 3373 964 3428 illud
991 3415 1004 3437 ,
1054 3375 1117 3429 Si
1157 3375 1266 3445 quis
1315 3384 1362 3428 te
1403 3375 1703 3441 percusserit
1749 3373 1803 3427 in
1851 3373 2106 3427 dexteram

522 3465 783 3520 maxillam
805 3508 820 3532 ,
851 3466 1047 3520 cbverte
1072 3465 1149 3520 illi
1174 3476 1218 3519 et
1247 3467 1458 3520 alteram
1484 3463 1504 3538 (
1531 3465 1717 3520 Matth.
1746 3465 1798 3521 5.
1828 3465 1926 3535 59)
1951 3506 1965 3531 ,
1991 3465 2106 3534 ipse

520 3557 789 3626 pratstitit,
813 3556 1024 3626 quando
1046 3557 1249 3626 alapam
1274 3555 1344 3610 illi
1371 3557 1638 3625 pontilicis
1659 3571 1845 3611 servus
1863 3557 2100 3626 impegit.

517 3647 634 3702 Non
669 3649 808 3702 enim
857 3648 1027 3715 ipsum
1072 3651 1210 3702 ultus
1247 3659 1327 3702 est
1355 3690 1370 3715 ,
1419 3648 1512 3702 sed
1542 3655 1741 3701 tantam
1788 3648 2103 3702 modestiam

517 3755 628 3807 pra:
658 3753 716 3793 se
746 3739 884 3801 tulit,
917 3749 970 3791 ιιι
1000 3739 1204 3794 diceret
1233 3755 1247 3793 :
1278 3739 1338 3793 Si
1368 3739 1499 3795 male
1521 3738 1755 3806 loquutus
1780 3754 1889 3792 sum
1912 3781 1926 3804 ,
1963 3739 2102 3791 testi-

515 3829 742 3882 monium
772 3828 975 3900 perhibe
1014 3829 1076 3882 de
1103 3829 1237 3884 malo
1268 3845 1286 3883 :
1316 3830 1360 3883 si
1389 3840 1554 3883 autem
1584 3831 1723 3896 bene,
1757 3830 1878 3901 quid
1901 3845 1977 3883 me
2000 3847 2099 3884 ca:-

514 3922 594 3976 dis
623 3921 798 3993 (Joan.
833 3921 919 3979 18.
952 3921 1043 3993 25)
1073 3923 1096 3976 ?
1128 3922 1284 3978 Vides
1314 3924 1648 3978 tremendam
1681 3923 1992 3979 lenitatem?
2020 3925 2100 3978 vi-

513 4013 610 4068 des
641 4013 992 4068 humilitatem
1034 4013 1397 4084 stupendam?
1441 4014 1860 4081 Percutiebatur,
1917 4031 2022 4068 non
2070 4031 2099 4068 a

514 4104 683 4159 libero
713 4105 983 4174 quopiam,
1016 4104 1110 4158 sed
1136 4119 1165 4156 a
1196 4117 1370 4166 servo,
1400 4119 1429 4156 a
1460 4104 1756 4158 verberone
1777 4144 1791 4169 ,
1823 4113 1875 4158 et
1904 4119 2101 4158 verna-

509 4198 672 4260 culo,
721 4203 945 4246 ettanta
985 4207 1106 4246 cum
1161 4192 1418 4246 modestia
1458 4192 1860 4262 respoudet.lta
1892 4211 2100 4266 quoque

514 4286 673 4338 l‘ater
719 4282 835 4350 ejus
873 4281 1082 4338 dicebat
1117 4281 1349 4338 Iudaeis:
1401 4281 1603 4352 Popule
1644 4301 1813 4353 meus,
1849 4289 1971 4356 quid
2003 4290 2104 4358 feci

514 4371 622 4437 tibi,
651 4382 740 4425 aut
763 4373 884 4440 quid
908 4373 1198 4428 contristari
1234 4385 1314 4442 te,
1347 4385 1432 4429 aut
1455 4376 1576 4445 quid
1602 4379 1842 4432 molestus
1869 4379 1946 4450 fui
1971 4381 2101 4437 tibi?

511 4462 759 4532 responde
784 4463 907 4517 mihi
929 4463 1111 4537 (Mich.
1139 4465 1191 4520 6.
1217 4467 1294 4535 '5).
1335 4466 1789 4536 Quemadmodum
1814 4472 1926 4541 ipse
1947 4472 2098 4528 dicit:

509 4553 874 4610 Testimonium
901 4557 1103 4627 perhibe
1129 4559 1192 4613 de
1218 4561 1352 4614 malo
1371 4605 1385 4626 ,
1439 4561 1515 4616 sic
1552 4573 1605 4617 et
1638 4564 1792 4618 Pater
1820 4566 1935 4635 ejus
1955 4608 1967 4629 ,
1997 4565 2096 4621 Re-

509 4647 706 4716 sponde
748 4649 872 4701 mihi
902 4665 920 4702 :
948 4660 1002 4703 et
1037 4651 1484 4720 quemadmodum
1528 4655 1602 4708 ait
1650 4653 1763 4725 ipse
1785 4696 1802 4722 ,
1857 4658 1992 4724 Quid
2022 4676 2100 4713 me

511 4739 663 4793 crudis
681 4739 707 4793 ?
734 4741 811 4794 sic
839 4742 998 4796 etiam
1032 4741 1208 4808 Pater,
1244 4744 1380 4812 Quid
1400 4747 1687 4801 contristari
1713 4758 1778 4814 te,
1810 4759 1895 4802 aut
1924 4752 1976 4802 in
1999 4767 2097 4820 quo

509 4833 750 4886 molestus
793 4833 869 4903 fui
914 4834 1046 4886 tibi?
1075 4835 1444 4904 Paupertatem
1475 4853 1661 4893 rursus
1700 4839 1898 4896 docens
1921 4883 1936 4908 ,
1979 4844 2099 4897 vide

509 4939 615 4990 quo
657 4936 810 4992 pacto
849 4925 993 4980 illam
1032 4941 1194 4995 apere
1236 4929 1483 4984 exhibeat
1528 4930 1751 4989 dicens:
1795 4933 1978 5004 Vulpes
2019 4937 2098 5005 [ο-

509 5029 626 5068 veas
654 5017 866 5083 habent,
913 5029 958 5070 et
1005 5021 1230 5074 volucres
1257 5020 1367 5075 cwli
1397 5022 1543 5076 nidos
1561 5067 1575 5091 ,
1622 5023 1787 5080 Filius
1812 5037 1978 5081 autem
2006 5029 2098 5082 ho-

508 5109 660 5161 minis
691 5125 790 5161 non
819 5109 962 5164 habet
988 5111 1070 5164 ubi
1093 5121 1244 5182 caput
1268 5130 1416 5167 suum
1442 5117 1648 5170 reclinet
1673 5117 1882 5190 (Matth.
1907 5120 1959 5174 8.
1976 5116 2094 5192 20).

513 5197 673 5253 Vides
707 5209 1001 5256 extremam
1053 5206 1459 5274 paupertatem?
1501 5205 1617 5262 Non
1657 5224 1895 5263 mensam
1928 5209 2092 5268 habe-

511 5289 621 5357 hat,
653 5305 760 5346 non
792 5291 1096 5358 lucernam,
1149 5311 1253 5349 non
1280 5295 1526 5363 domum,
1572 5315 1677 5353 non
1725 5302 1945 5368 sellam,
1987 5319 2092 5358 non

513 5383 654 5437 aliud
684 5383 970 5456 quidquam
987 5385 1270 5457 ejusmodi.
1305 5388 1537 5444 Docebat
1567 5399 1624 5444 ut
1653 5392 1790 5447 male
1818 5394 2094 5449 audientes

510 5479 772 5543 patienter
801 5477 1019 5546 ferrent,
1056 5480 1107 5535 id
1131 5496 1257 5537 vero
1283 5483 1374 5536 ille
1404 5498 1568 5554 apere
1587 5485 1845 5541 exhibuit.
1869 5487 2094 5555 Quando

509 5567 650 5618 enim
677 5567 1001 5624 dtBlllOlllllm
1045 5568 1326 5627 habentem
1350 5614 1364 5638 ,
1405 5583 1460 5627 et
1486 5573 1877 5632 Samaritaunm
1921 5578 2092 5647 ipsum

505 5658 847 5723 amuniabaut
866 5703 881 5726 ,
911 5675 1032 5716 cum
1063 5663 1183 5720 illos
1210 5679 1396 5720 rursus
1419 5681 1612 5721 necare
1641 5679 1852 5735 posset,
1881 5680 1933 5724 et
1959 5685 2091 5724 con-

507 5742 725 5796 tumetia
765 5756 979 5812 pinnam
1003 5746 1071 5802 ab
1095 5747 1201 5802 illis
1225 5743 1438 5818 exigere
1460 5789 1474 5813 ,
1526 5750 1656 5806 nihil
1686 5753 1788 5809 tale
1829 5753 2079 5816 faciebat.

2224 445 2332 499 imo
2356 444 2517 499 etiam
2547 444 2684 500 bene
2702 443 2770 499 de
2794 444 2900 499 illis
2925 444 3230 500 merebatur
3247 486 3264 511 ,
3295 453 3350 500 et
3375 458 3445 500 ex
3469 446 3572 503 illis
3600 447 3807 503 duino-

2219 549 2317 590 nes
2380 535 2708 604 espellebut.
2749 534 2988 605 Cumque
3046 533 3304 603 dixisset,
3355 535 3511 592 Orate
3537 554 3630 609 pro
3654 543 3804 595 calu—

2217 627 2526 682 mm’antibus
2552 643 2638 682 vos
2667 627 2687 698 (
2710 625 2896 682 Matth.
2922 629 2975 684 5.
2998 629 3067 683 44
3084 628 3124 699 ),
3168 629 3221 683 in
3241 644 3454 685 crucem
3481 646 3602 686 cum
3619 647 3808 688 ascen-

2216 715 2401 781 disset,
2432 717 2483 772 id
2505 718 2649 773 fecit.
2674 718 2957 788 Postquam
2983 720 3125 774 enim
3151 733 3276 774 eum
3309 723 3722 794 crucilixerunt,
3752 736 3811 782 et

2215 806 2383 862 clavis
2409 807 2714 874 afﬁxerunt,
2748 809 2984 877 pendens
3009 809 3218 864 dicebat
3242 851 3255 875 ,
3290 810 3498 866 Dimitte
3526 815 3631 867 illis
3660 830 3678 869 :
3706 833 3810 871 non

2216 901 2350 952 enim
2388 901 2552 954 sciunt
2637 901 2760 972 quid
2788 901 2981 972 faciunt
3010 899 3159 973 (Luc.
3187 901 3278 956 25.
3311 901 3424 974 3i).
3473 904 3597 959 llaec
3637 905 3706 959 ab
3740 923 3815 962 eo

2216 991 2549 1059 dicebantur,
2583 1005 2688 1046 non
2716 993 2859 1063 quod
2902 993 3014 1061 ipse
3038 992 3306 1048 dimittere
3339 996 3556 1052 minime
3583 1008 3766 1066 possm
3791 1040 3808 1064 ,

2217 1083 2309 1136 sed
2338 1093 2395 1137 ut
2425 1099 2521 1137 nos
2547 1097 2702 1139 orare
2730 1099 2827 1153 pro
2856 1084 3084 1139 inimicis
3109 1085 3344 1140 doceret.
3373 1085 3507 1141 Nam
3537 1089 3662 1158 quia
3696 1104 3805 1143 non

2216 1185 2465 1228 sermone
2488 1182 2711 1241 tantum,
2739 1175 2833 1230 sed
2863 1189 3026 1244 opere
3047 1190 3258 1246 quoque
3283 1177 3582 1232 dominam
3614 1196 3721 1250 pra:
3749 1197 3814 1236 so

2217 1263 2441 1332 ferebat,
2474 1274 2754 1334 propterea
2781 1280 2968 1336 preces
2995 1267 3155 1321 etiam
3181 1268 3440 1336 adjunxit.
3468 1270 3654 1327 Nullus
3701 1273 3808 1342 igi-

2219 1362 2305 1408 tur
2324 1371 2392 1410 cx
2419 1355 2706 1421 haereticis,
2734 1358 2804 1411 ob
2835 1357 3050 1411 nimiam
3081 1357 3199 1428 ejus
3221 1359 3624 1427 humanitatem,
3657 1363 3807 1418 infir-

2217 1447 2454 1500 mitatem
2495 1446 2609 1502 lucc
2637 1448 2798 1502 verba
2829 1449 3032 1519 judicet
3072 1449 3327 1504 indicare.
3380 1453 3494 1522 Ipse
3534 1455 3674 1508 enim
3720 1465 3811 1513 est.

2216 1538 2306 1608 qui
2346 1540 2510 1596 dicit:
2546 1541 2613 1596 Ut
2641 1553 2806 1596 autem
2833 1546 3006 1598 sciatis
3029 1586 3045 1612 ,
3091 1547 3209 1614 quia
3252 1545 3422 1602 Filius
3462 1549 3677 1605 hominis
3710 1551 3810 1606 Im-

2215 1629 2292 1683 bet
2319 1635 2685 1702 potestatemin
2715 1645 2847 1688 terra
2871 1636 3151 1690 dimittendi
3178 1649 3387 1708 peccata
3415 1640 3624 1711 (Matth.
3645 1643 3698 1697 9.
3723 1643 3804 1712 6).

2215 1724 2320 1778 Sed
2346 1726 2594 1794 quoniam
2617 1727 2810 1782 docere
2847 1728 3057 1783 volebat
3084 1729 3164 1802 (is
3189 1739 3367 1786 autem
3392 1734 3479 1801 qui
3508 1733 3666 1788 docet
3697 1750 3808 1791 non

2215 1814 2391 1868 verbis
2421 1824 2624 1869 tantum
2654 1817 2765 1870 suis
2786 1857 2802 1883 ,
2851 1817 2946 1871 sed
2971 1818 3134 1872 etiam
3163 1818 3318 1874 factis
3342 1820 3636 1876 doctrinam
3678 1839 3807 1893 pro-

2217 1901 2322 1958 fert
2347 1905 2400 1959 in
2421 1906 2706 1978 medium),
2737 1909 2835 1962 hac
2858 1907 2928 1963 de
2950 1923 3110 1962 causa
3133 1924 3318 1978 preces
3339 1912 3499 1966 etiam
3521 1914 3766 1981 adjunxit
3789 1931 3805 1969 :

2217 2012 2339 2051 nam
2389 1998 2586 2069 aliOqui
2629 2000 3012 2070 discipulorum
3055 2003 3214 2056 etiam
3259 2003 3424 2072 pedes
3471 2005 3599 2060 lavit
3627 2045 3643 2070 ,
3696 2022 3806 2060 non

2214 2088 2355 2158 quod
2384 2090 2604 2145 inferior
2623 2100 2804 2146 esset:
2839 2107 3024 2146 verum
3045 2108 3166 2147 cum
3201 2094 3341 2149 Deos
3365 2104 3509 2150 esset
3532 2111 3595 2151 ac
3625 2097 3808 2152 Domi-

2215 2194 2349 2247 nus,
2381 2181 2446 2235 ad
2475 2191 2675 2235 tantam
2702 2197 2764 2236 se
2791 2181 3144 2238 humilitatem
3175 2183 3407 2239 demisit.

2285 2269 2340 2326 6.
2382 2271 2781 2326 Resurrectionis
2821 2273 3010 2342 futuri:
3046 2285 3381 2343 argumenta;
3422 2277 3807 2349 trans/Egnatio

2215 2365 2403 2419 Christi
2423 2370 2610 2436 futura
2622 2367 2800 2436 gloria
2819 2368 3004 2438 imago.
3021 2395 3092 2406 —
3133 2366 3282 2423 llanc
3309 2369 3470 2424 etiam
3491 2369 3563 2423 ob
3585 2386 3804 2425 causam

2214 2456 2471 2513 dicebat:
2517 2456 2710 2511 Discite
2760 2473 2793 2510 α
2829 2474 2941 2522 me,
2982 2459 3102 2529 quia
3139 2460 3274 2513 mitis
3308 2475 3420 2512 sum
3451 2499 3468 2527 ,
3498 2469 3545 2515 et
3597 2461 3808 2516 humilis

2213 2549 2363 2603 corde
2413 2549 2654 2622 (Matth.
2720 2551 2808 2604 Η.
2864 2550 2934 2604 ‘29
2962 2553 3004 2620 ).
3071 2552 3189 2605 Alio
3237 2553 3401 2607 modo
3453 2568 3638 2609 rursus
3688 2553 3804 2624 ipsa

2212 2641 2392 2695 bravia
2419 2642 2740 2712 praemiaque
2769 2643 2820 2695 in
2850 2643 3084 2697 ntedinm
3106 2643 3283 2698 alferri
3310 2684 3324 2709 ,
3351 2659 3413 2699 ac
3443 2645 3634 2715 subjici
3663 2661 3802 2701 ocu-

2214 2730 2277 2785 lis
2298 2731 2442 2785 audi.
2463 2731 2735 2786 Pollicitus
2754 2742 2871 2787 erat
2889 2749 3173 2803 corporum
3202 2738 3674 2803 resurrectionem,
3694 2739 3803 2793 im-

2214 2823 2612 2889 mortalitatem,
2643 2838 2926 2879 occursum
2957 2825 3011 2879 in
3032 2840 3177 2892 aera,
3207 2837 3416 2896 raptum
3440 2829 3492 2883 in
3520 2831 3750 2885 nubibus
3777 2848 3800 2891 ς

2214 2912 2330 2967 lucc
2375 2917 2536 2969 rebus
2581 2915 2710 2984 ipsis
2747 2917 3000 2971 ostendit.
3034 2917 3150 2984 Quo
3179 2918 3394 2973 tandem
3423 2921 3582 2975 modo
3611 2921 3806 2977 Hlar-

2214 3013 2335 3059 tuus
2365 3021 2485 3061 cum
2522 3014 2684 3072 esset,
2709 3010 3006 3062 resurrexit
3049 3025 3065 3066 :
3097 3020 3423 3080 quapropter
3469 3022 3524 3066 et
3563 3013 3806 3082 quadra-

2211 3099 2354 3168 ginta
2382 3099 2570 3154 diebus
2593 3115 2714 3154 cum
2756 3101 2886 3170 ipsis
2920 3111 3159 3156 versatus
3185 3111 3287 3167 est,
3313 3113 3367 3157 ut
3387 3106 3648 3160 certiores
3681 3105 3808 3160 illus

2213 3189 2479 3256 redderet,
2521 3199 2574 3245 et
2600 3191 2776 3260 qualia
2815 3205 3044 3260 corpora
3073 3202 3256 3247 nostra
3287 3203 3407 3263 post
3447 3199 3809 3252 resurrectio-

2215 3294 2336 3334 nem
2360 3279 2534 3335 futura
2555 3281 2682 3346 sint,
2711 3281 3041 3336 ostenderet.
3074 3281 3280 3338 Rursus
3307 3285 3396 3355 qui
3444 3301 3542 3355 per
3573 3288 3805 3342 Paulum

2210 3371 2345 3425 dixit
2374 3392 2387 3428 :
2421 3370 2486 3425 In
2534 3371 2749 3426 nubibus
2799 3374 3053 3441 rapientur
3088 3374 3282 3428 obviam
3333 3375 3412 3428 illi
3447 3377 3498 3429 in
3546 3393 3672 3431 aera
3719 3378 3802 3448 (ι.

2211 3463 2390 3519 Thess.
2423 3465 2475 3518 4.
2509 3465 2619 3536 17),
2655 3464 2758 3520 hoc
2788 3465 2950 3520 e:iam
2980 3481 3142 3535 opere
3163 3467 3565 3522 demonstravit.
3614 3467 3804 3540 Siqui-

2209 3557 2330 3612 dem
2377 3567 2496 3628 post
2531 3559 2997 3624 resurrectionem,
3029 3574 3149 3613 cum
3195 3570 3340 3615 esset
3384 3561 3435 3614 in
3492 3561 3656 3617 caelos
3708 3578 3804 3618 as-

2209 3664 2491 3712 censurus,
2543 3651 2896 3720 praesentibus
2948 3652 3094 3720 ipsis,
3135 3651 3374 3707 Eleuatus
3397 3663 3488 3718 est,
3531 3655 3724 3725 inquit,
3755 3667 3808 3711 et

2210 3743 2364 3798 nubes
2391 3745 2609 3811 suscepit
2635 3761 2748 3798 eum
2775 3745 2836 3797 ab
2879 3745 3040 3798 oculis
3061 3761 3232 3798 eorum
3263 3747 3397 3816 (Act.
3425 3748 3476 3800 l.
3495 3746 3582 3818 9);
3602 3757 3804 3804 etcum

2210 3836 2429 3891 intentis
2459 3838 2627 3892 oculis
2674 3847 2877 3903 essent,
2904 3837 3031 3890 dum
3075 3837 3247 3891 abiret
3289 3837 3399 3892 ille.
3424 3837 3512 3893 Sic
3541 3838 3800 3896 nimirum

2208 3937 2261 3983 et
2289 3944 2482 3999 corpus
2530 3939 2769 3984 nostrum
2798 3929 3251 3984 consubstantia'te
3281 3930 3495 3998 corpori
3541 3932 3648 3985 erit
3696 3935 3796 3999 illi,

2207 4027 2394 4089 utpote
2421 4020 2560 4089 quod
2585 4033 2649 4074 ex
2681 4019 2868 4074 eadem
2913 4021 2982 4072 sit
3009 4034 3182 4074 massa
3219 4038 3230 4073 :
3262 4020 3400 4074 sicut
3423 4023 3566 4075 enim
3611 4035 3795 4091 caput,

2208 4110 2277 4162 ita
2319 4121 2373 4164 et
2401 4125 2637 4179 corpus;
2683 4113 2822 4165 sicut
2862 4111 3175 4179 principium
3202 4151 3217 4175 ,
3262 4110 3334 4164 ita
3366 4123 3416 4166 et
3447 4110 3590 4166 ﬁnis.
3623 4114 3798 4182 Atque

2209 4197 2312 4252 hoc
2343 4198 2675 4253 manifestius
2719 4199 2958 4254 indicans
2986 4198 3182 4253 Paulus
3215 4199 3421 4257 diccbat
3460 4200 3601 4267 τρυε
3624 4206 3794 4270 refor-

2205 4287 2361 4342 mabit
2388 4304 2572 4358 corpus
2612 4289 2914 4343 humilitatis
2935 4299 3122 4343 nostra:
3151 4329 3168 4353 ,
3197 4300 3248 4342 ut
3273 4295 3534 4362 confomte
3554 4292 3646 4359 fiat
3674 4308 3788 4345 car-

2204 4380 2318 4450 pori
2355 4379 2602 4433 claritatis
2627 4394 2735 4433 suae
2763 4377 2984 4451 (Philip.
3017 4379 3071 4433 5.
3099 4379 3214 4450 21).
3246 4379 3302 4434 Si
3331 4381 3491 4449 igitur
3516 4379 3792 4438 conformo

2205 4473 2298 4535 sit,
2327 4473 2570 4528 eamdem
2603 4471 2764 4527 etiam
2793 4476 2930 4526 viam
2956 4473 3203 4527 conliciet
3226 4514 3240 4536 ,
3269 4484 3324 4527 et
3354 4474 3404 4527 in
3431 4473 3662 4527 nubibus
3690 4489 3786 4544 pa-

2204 4566 2338 4620 riter
2362 4563 2672 4619 clevabitur.
2697 4563 2823 4620 Hace
2855 4573 2909 4618 tu
2940 4580 3151 4634 quoque
3181 4566 3232 4620 in
3259 4567 3655 4620 resurrectione
3681 4581 3780 4622 ex-

2203 4665 2404 4726 specta.
2445 4657 2576 4712 Nam
2606 4657 2855 4727 quoniam
2883 4656 2950 4710 ad
2993 4657 3119 4711 illud
3150 4673 3318 4727 usque
3354 4668 3566 4727 tempus
3589 4657 3806 4720 obscu--.

2203 4763 2320 4802 rum
2355 4749 2529 4802 fuerat
2551 4748 2888 4802 audientibus
2924 4748 3143 4803 verbum
3175 4749 3322 4817 regni
3352 4750 3628 4810 caelorum,
3657 4762 3782 4818 pro-

2203 4847 2382 4910 pterea
2431 4855 2551 4894 cum
2580 4839 2909 4894 ascendisset
2943 4840 2995 4892 in
3028 4850 3284 4904 montem,
3312 4854 3492 4895 coram
3514 4839 3790 4910 discipulis

2203 4931 2313 4985 suis
2345 4930 2746 5000 transﬁguratus
2781 4939 2862 4984 est
2890 4927 3101 5000 (Matth.
3135 4930 3244 5001 17).
3273 4931 3460 5002 eisque
3489 4931 3786 4985 futurorum

2201 5022 2420 5091 gloriam
2451 5023 2895 5091 praemonstravit,
2927 5032 2981 5076 et
2999 5022 3224 5079 obscure
3249 5033 3519 5094 tamquam
3557 5026 3611 5078 in
3653 5023 3782 5078 teni-

2201 5126 2398 5183 gmate,
2422 5116 2577 5184 quale
2605 5128 2800 5184 corpus
2819 5125 3055 5169 nostrum
3084 5114 3317 5170 futurum
3341 5127 3506 5179 esset,
3526 5117 3791 5172 ostendit.

2205 5206 2398 5261 Verum
2423 5221 2543 5261 cum
2565 5206 2799 5261 vestibus
2824 5215 2933 5261 tum
2949 5205 3163 5277 quidem
3194 5207 3440 5276 apparuit
3466 5224 3480 5262 :
3511 5217 3691 5261 atnon
3718 5208 3786 5259 ita

2203 5301 2254 5355 in
2285 5299 2697 5355 resurrectione.
2721 5298 2905 5369 Neque
2930 5299 3075 5354 enim
3102 5300 3338 5353 vestibus
3365 5298 3566 5369 indiget
3592 5311 3787 5368 corpus

2199 5403 2463 5456 nostrum,
2496 5407 2667 5462 neque
2698 5400 2860 5456 tecto,
2897 5406 3068 5462 neque
3095 5392 3585 5455 concameratione,
3617 5404 3789 5459 neque

2201 5486 2300 5540 alia
2329 5486 2432 5540 ulla
2453 5497 2512 5540 re
2531 5485 2710 5540 simili.
2733 5483 2864 5539 Nam
2887 5484 2931 5538 si
2951 5494 3074 5538 ante
3095 5483 3574 5554 transgressionem
3595 5483 3787 5544 Adam,

2199 5592 2319 5632 cum
2347 5585 2490 5632 esset
2519 5576 2711 5641 nudus,
2756 5591 2861 5630 non
2889 5575 3258 5641 erubescebat,
3287 5573 3455 5644 gloria
3482 5571 3784 5628 circumda-

2202 5679 2286 5723 tus
2316 5687 2328 5721 :
2373 5667 2538 5722 multo
2571 5667 2740 5738 magis
2781 5681 3005 5736 corpora
3037 5675 3216 5720 nostra
3237 5708 3253 5734 ,
3279 5681 3398 5735 qua:
3424 5665 3491 5719 ad
3520 5671 3781 5727 [παιδείω-

2201 5760 2391 5817 liorem
2417 5759 2800 5829 melioretmuc
2831 5758 3191 5814 conditionem
3221 5760 3602 5825 traulerentttr.
3628 5755 3780 5811 nullo
