4060 6260
293 342 392 400 55!

290 457 348 517 τί
373 459 542 514 ποιεῖ·
581 459 700 524 πῶς
750 461 967 518 εδκολον
1005 467 1096 521 τὸν
1145 469 1330 538 ἀγῶνα
1375 468 1698 540 ἐργάζεται·
1757 471 1872 534 πῶς

293 549 456 622 ῥᾴδια
485 549 556 604 τά
603 551 922 622 σκάμματα.
973 557 1094 621 Πῶς
1137 560 1230 612 καὶ
1271 559 1375 614 τίνι
1416 559 1636 631 τρόπῳς
1663 561 1769 613 Δύο
1809 559 1874 631 δὴ

292 639 520 702 1ιεαύταις
545 643 714 707 ὁδοῖς·
745 647 841 716 μιᾷ
882 647 1004 716 μὲν,
1061 649 1122 702 τὸ
1159 650 1322 702 αὑτὸν
1371 649 1510 705 αύτά
1561 649 1869 721 μετελθεῖν·

291 733 458 804 ἑτέρᾳ
505 733 584 796 δὲ,
617 736 678 788 τὸ
721 737 882 791 αὑτὸν
911 738 1078 804 δεῖξαι
1116 741 1182 795 τὰ
1237 741 1468 812 βραδεῖα
1507 743 1601 795 zeal
1631 743 1722 795 ὑπ’
1752 741 1874 810 ὄψιν

291 822 539 893 ἀγαγεῖν.
569 827 689 879 Τῶν
710 827 821 900 γὰρ
843 830 936 884 ἀπ’
958 832 1121 885 αὑτοῦ
1153 832 1460 902 λεγομένων
1479 833 1546 886 τὰ
1569 835 1668 903 μὲν
1689 831 1872 904 ἐντολὴ

289 909 380 984 ἦν,
414 915 484 969 τά
509 915 565 968 δὲ
587 917 798 972 ἔπαθλα
819 935 834 950 ’
872 921 1057 992 ἐντολὴ
1101 923 1220 993 μὲν,
1250 925 1520 990 Εὕχεσθε
1567 923 1718 992 ὑπὲρ
1755 924 1876 976 τῶν

287 1005 735 1072 ἐπηρεαζόντων
791 1012 947 1079 ὑμᾶς
983 1013 1082 1066 zeal
1136 1013 1499 1067 διωκόντων·
1529 1013 1762 1067 ἔπαθλον
1791 1013 1870 1076 δὲ,

293 1097 492 1164 Ὅπως
513 1100 767 1168 γένησθε
795 1103 912 1156 υίοί
941 1101 1047 1157 τοῦ
1075 1104 1302 1172 Πατρός
1329 1103 1495 1173 ὑμῶν
1529 1104 1634 1158 τοῦ
1652 1105 1722 1156 ἐν
1749 1103 1874 1169 τοῖς

287 1189 586 1258 οὐρανοῖς.
619 1191 806 1256 Πάλιν,
829 1193 1114 1262 Μακάριοι
1134 1195 1291 1260 ἐστε,
1322 1194 1468 1249 ὅταν
1496 1193 1874 1248 ὀνειδίσωσιν

288 1276 447 1346 ὑμᾶς
468 1279 565 1332 zeal
598 1280 872 1349 διώξωσι,
901 1283 996 1337 καί
1021 1285 1234 1339 εἴπωσι
1265 1283 1388 1338 πᾶν
1410 1282 1674 1353 πονηρὸν
1706 1283 1873 1353 ῥῆμα

289 1366 421 1422 καθ’
443 1365 612 1435 ὑμῶν
643 1370 1022 1440 ψευδόμενοι.
1065 1374 1307 1442 Χαίρετε
1347 1373 1446 1426 zeal
1476 1371 1868 1442 ἀγαλλιᾶσθε,

288 1455 378 1510 ὅτι
399 1460 434 1512 ό
467 1460 686 1527 μισθός
701 1459 868 1530 ὑμῶν
903 1464 1099 1530 πολὺς
1121 1465 1332 1531 ἐντοῖς
1379 1465 1674 1534 οίιρανοῖς.
1719 1461 1872 1531 Εἶδες

287 1547 347 1601 τὸ
375 1548 498 1618 μὲν,
548 1550 790 1622 ἐντολὴν,
819 1553 880 1605 τὸ
924 1555 1002 1616 δὲ,
1040 1555 1302 1621 ἓπαθλονς
1348 1557 1536 1619 Πάλιν,
1576 1558 1647 1610 El
1680 1556 1874 1624 θέλεις

286 1639 518 1707 τέλειος
562 1637 738 1708 εἷναι,
770 1643 1063 1712 πώλησόν
1092 1661 1208 1700 σου
1251 1647 1323 1701 τὰ
1357 1646 1724 1716 ὑπάρχοντα,
1775 1649 1872 1702 zeal

285 1729 392 1797 δὸς
425 1733 707 1802 πτωχοῖς,
747 1735 846 1788 zeal
876 1735 1052 1803 δεῦρο
1087 1737 1403 1792 ἀκολούθει
1431 1755 1552 1806 μοι,
1584 1739 1682 1792 zeal
1717 1738 1875 1803 ἕξεις

283 1822 600 1890 θησαυρὸν
653 1825 724 1879 ἐν
759 1828 1017 1896 οὐρανῷ.
1057 1825 1212 1893 Εἶδες
1268 1829 1435 1900 ἀλλην
1484 1829 1724 1901 ἐντολὴν,
1781 1831 1874 1883 zeal

281 1913 558 1980 ἔπαθλονς
591 1916 665 1969 Τὸ
714 1917 811 1988 μὲν
834 1919 942 1990 γὰρ
970 1920 1172 1984 αὐτοὺς
1205 1919 1460 1973 ἐκέλευσε
1490 1921 1686 1984 ποιεῖν,
1725 1919 1787 1973 τὸ
1815 1920 1872 1973 δὲ

282 2004 448 2068 αὐτὸς
479 2006 798 2076 ἡτοίμασεν,
825 2009 964 2079 ὅπερ
995 2005 1062 2081 ἦν
1095 2007 1286 2079 μισθὸς
1321 2008 1418 2061 zeal
1445 2007 1730 2070 ἀντίδοσις.
1765 2007 1872 2060 Kal

281 2092 467 2152 πάλιν,
503 2093 711 2160 Ὅστις
743 2094 985 2164 ἀφῆκεν
1023 2097 1216 2161 οἰκίας
1257 2095 1355 2148 zeal
1405 2093 1730 2163 ἀδελφοὺς,
1774 2093 1871 2146 zeal

279 2177 581 2248 ἀδελφάς·
633 2181 790 2233 τοῦτο
854 2182 1062 2252 ἐντολή·
1101 2181 1735 2236 Ἐκατονταπλασίονα
1764 2179 1873 2247 λή-

279 2268 480 2334 ψεται,
500 2267 598 2322 καί
631 2265 784 2334 {20in-
811 2269 1049 2324 αίώνιον
1073 2267 1533 2338 κληρονομήσει·
1553 2268 1713 2321 τοῦτο
1737 2267 1872 2338 βρα-

279 2351 428 2404 ϐεῖον
461 2356 554 2406 καὶ
587 2355 868 2422 στέφανος.

349 2437 412 2492 ε’.
455 2440 603 2492 Ἐπεὶ
617 2437 710 2494 οὖν
741 2442 831 2495 καὶ
863 2443 931 2495 τὰ
961 2443 1310 2513 ἐπιτάγματα
1345 2442 1554 2513 μεγάλα
1573 2437 1661 2514 ἦν,
1687 2442 1780 2494 zeal
1806 2441 1875 2494 τά

282 2527 492 2586 ἔπαθλα
537 2530 715 2584 αὐτῶν
761 2532 824 2584 ού
861 2533 1180 2604 φαινόμενα,
1212 2534 1314 2606 ὅρα
1363 2533 1416 2584 τί
1462 2534 1643 2586 ποιεῖ·
1707 2531 1871 2596 αὐτὸς

277 2617 423 2669 αύτά
456 2617 544 2670 διὰ
589 2619 696 2672 τῶν
753 2619 930 2690 ἔργων
967 2621 1356 2682 ἐπιδείκνυται,
1387 2622 1482 2675 zeal
1517 2621 1645 2684 τοὺς
1684 2620 1874 2688 στεφά-

277 2719 408 2766 νους
440 2703 526 2756 ἐπ’
565 2701 689 2772 ὅφιν
721 2705 867 2772 ἄγει.
905 2706 1118 2776 ’Ὥσπερ
1151 2707 1260 2776 γάρ
1285 2710 1316 2761 6
1337 2706 1691 2776 κελευόμενος
1717 2707 1870 2776 ἀτρι-

277 2788 352 2857 ϐῆ
383 2788 620 2858 βαδίζειν
652 2789 786 2854 ὁδὸν,
819 2791 916 2844 ἐὰν
969 2792 1052 2864 ίδῃ
1099 2793 1362 2864 πρότερον
1412 2810 1530 2846 τινα
1561 2793 1868 2862 βαδίσαντα,

277 2869 650 2942 εὐκολώτερον
682 2874 933 2938 ἀπτεται,
975 2875 1067 2928 καὶ
1090 2875 1310 2927 πλείονα
1334 2875 1600 2946 λαμϐάνει
1622 2875 1722 2943 τὴν
1746 2890 1873 2943 προ-

280 2957 488 3026 θυμίαν
507 2976 521 2990 ·
557 2959 700 3014 οὕτω
733 2961 826 3014 καὶ
861 2962 918 3015 ἐν
951 2966 1070 3026 ταῖς
1093 2961 1352 3026 ἐντολαῖς,
1373 2964 1422 3015 οἰ
1445 2962 1570 3025 τοὺς
1599 2977 1872 3032 προηγου-

284 3045 482 3115 μένους
516 3047 772 3124 όρῶντες,
807 3048 1004 3119 ῥᾳδίως
1044 3050 1285 3103 ἕπονται.
1323 3049 1419 3102 Ἰν·
1441 3042 1536 3101 οὖν
1575 3047 1872 3101 εὐκολώτε-

282 3147 380 3203 ρον
404 3134 436 3203 ἡ
465 3133 706 3204 ἡμετέρα
741 3133 901 3202 φύσις
931 3136 1296 3209 ἀκολουθήσῃ,
1322 3137 1532 3206 ταύτην
1563 3133 1744 3189 λαϐὼν
1773 3134 1874 3206 τὴν

283 3221 489 3292 σάρκα,
519 3224 612 3278 καὶ
663 3224 762 3294 τὴν
797 3225 957 3293 φύσιν
1005 3225 1102 3298 τὴν
1146 3229 1450 3300 ἡμετέραν,
1491 3225 1662 3288 οὕτως
1703 3225 1874 3295 αὐτὴν

281 3309 527 3372 ὲὸἀδισε,
563 3311 658 3364 zeal
683 3312 781 3374 τάς
815 3313 1037 3376 ἐντολὰς
1079 3314 1168 3367 διὰ
1189 3313 1298 3366 τῶν
1329 3299 1504 3385 ἔργων
1542 3311 1870 3377 ἐπεδείξατο.

283 3396 358 3449 Τδ
389 3397 521 3468 γὰρ,
557 3397 700 3452 Ἐάν
735 3401 820 3466 τίς
853 3417 926 3454 σε
943 3402 1176 3470 ρᾳπίσῃ
1207 3403 1308 3456 ὅ·πί
1345 3401 1462 3468 τὴν
1486 3399 1696 3464 δεξιὰν
1738 3415 1874 3454 σια-

284 3485 457 3554 γόνα,
478 3484 748 3556 στρέψον
779 3486 940 3552 αὐτῷ
971 3488 1070 3544 zeal
1095 3491 1210 3556 τὴν
1229 3489 1450 3556 ἀλλην.
1487 3488 1649 3551 αὐτὸς
1681 3486 1872 3558 ὲποτψ

285 3587 401 3636 σεν,
423 3573 552 3626 ὅταν
584 3573 745 3626 αὑτὸν
773 3573 1068 3643 ἐρράπισεν
1099 3575 1128 3627 6
1161 3575 1344 3639 δοῦλος
1394 3575 1488 3629 τοῦ
1551 3575 1871 3647 ἀρχιερέως.

287 3658 364 3714 υύ
403 3662 514 3730 γὰρ
565 3660 814 3731 ¹ἰτμύνατο
845 3662 1032 3724 αὑτὸν,
1072 3661 1210 3716 ἀλλά
1253 3663 1523 3734 τοσαύτην
1575 3661 1875 3716 ἐπιείκειαν

286 3747 620 3812 ἐπεδείξατο,
666 3748 742 3813 ὼς
802 3752 1005 3803 εἰπεῖν’
1055 3752 1120 3804 El
1151 3749 1268 3820 μὲν
1321 3749 1516 3816 κακῶς
1572 3747 1870 3816 ἐλάλησα,

282 3837 676 3906 μαρτύρησον
700 3837 834 3905 περὶ
869 3835 976 3891 τοῦ
1001 3837 1190 3892 κακοῦ
1210 3857 1222 3870 ·
1263 3839 1316 3891 εί
1345 3837 1414 3890 δὲ
1448 3834 1668 3901 καλῶς,
1705 3836 1765 3888 τί
1799 3853 1876 3905 με

285 3921 513 3992 δέρεις;
555 3919 706 3986 Εἶδες
729 3915 1010 3993 πραότητα
1038 3924 1240 3994 φρίκης
1265 3923 1574 3994 γέμουσαν;
1605 3919 1746 3986 εἶδες
1783 3939 1876 3976 τα-

287 4009 716 4080 πεινοφροσύνην
738 4011 998 4080 ἔκπληξιν
1021 4011 1278 4082 ἔχουσανς
1325 4010 1637 4071 Ἐτύπτετο,
1664 4010 1723 4063 ού
1743 4011 1875 4080 παρ’

289 4097 575 4168 ἐλευθέρου
627 4097 791 4160 τινὸς,
822 4097 958 4152 ἀλλά
999 4099 1132 4169 παρ’
1160 4097 1395 4161 οἰκέτου,
1439 4095 1748 4167 μαστιγίου,
1783 4097 1878 4150 καὶ

286 4183 618 4252 οίκοτρίϐου,
635 4185 728 4237 zeal
757 4186 896 4255 μετά
926 4186 1193 4255 τοσαύτης
1210 4186 1570 4258 ἀποκρίνεται
1591 4187 1689 4255 τῆς
1710 4187 1826 4236 ὲπιε
1837 4201 1880 4236 ι-

290 4273 448 4335 κείας
473 4271 668 4327 ταῦτα.
687 4271 844 4326 Οὕτω
865 4273 958 4326 zeal
987 4273 1015 4324 6
1035 4273 1221 4344 Πατὴρ
1248 4273 1414 4327 αὐτοῦ
1444 4277 1560 4336 τοῖς
1598 4274 1878 4337 Ἰουδαίοις

293 4360 478 4428 ἔλεγε·
519 4361 677 4428 Λαός
708 4379 848 4430 μου,
883 4363 941 4416 τί
979 4362 1240 4430 ἐποίησά
1273 4379 1407 4424 σοι;
1457 4362 1490 4431 ἢ
1523 4364 1579 4417 τί
1621 4377 1695 4416 σε
1736 4363 1878 4417 ἐλύ-

295 4463 500 4516 πησα,
527 4446 566 4515 ἢ
599 4449 656 4502 τί
697 4449 1140 4517 παρηνόχλησά
1175 4464 1306 4511 σοι;
1348 4449 1717 4517 ἀποκρίθητι.
1750 4449 1880 4501 ’Ὡσ-

293 4551 403 4608 περ
431 4535 590 4598 αὑτός
628 4553 782 4607 φησι,
825 4539 1224 4604 Μαρτύρησον
1251 4535 1386 4603 περὶ
1413 4535 1519 4592 τοῦ
1553 4537 1762 4598 κακοῦ,
1791 4535 1882 4588 οὗ·

295 4642 374 4678 τω
403 4627 496 4678 καὶ
525 4625 554 4676 6
585 4625 774 4695 Πατὴρ
819 4624 1006 4687 αὐτοῦ,
1056 4625 1423 4691 Ἀποκρίθητί
1471 4641 1572 4693 μοι
1591 4640 1606 4656 ·
1647 4625 1742 4676 καὶ
1767 4623 1880 4677 ὥσ-

300 4728 404 4781 περ
429 4712 588 4776 αὑτός
621 4729 773 4779 φησι,
812 4715 872 4766 Τί
895 4729 972 4780 με
996 4711 1205 4778 δέρεις,
1239 4709 1381 4763 οὕτω
1410 4712 1504 4764 zeal
1528 4711 1555 4762 6
1587 4711 1794 4780 Πατὴρ,
1823 4712 1884 4764 Τί

295 4799 582 4868 ἐλύπησά
613 4817 708 4860 σε,
735 4800 772 4867 ἢ
822 4801 878 4851 τί
922 4801 1388 4868 παρηνόχλησα;
1421 4799 1588 4852 Πάλιν
1634 4799 1883 4870 ἀκτημο-

300 4885 469 4958 σύνην
495 4887 788 4951 παιδεύων,
813 4887 915 4958 ὅρα
950 4887 1066 4950 πῶς
1095 4887 1183 4940 διὰ
1215 4886 1319 4939 τῶν
1353 4887 1530 4957 ἔργων
1564 4887 1731 4958 αὐτὴν
1758 4889 1880 4940 ὲπι-

299 4973 573 5027 δείκνυται
603 4973 794 5043 λέγων·
815 4979 884 5029 Al
913 4976 1220 5040 ἀλώπεκες
1239 4973 1392 5046 [ειει
1413 4975 1684 5044 φωλεοὺς
1706 4973 1882 5043 ἐχου-

302 5077 389 5123 σι,
423 5061 522 5114 zeal
551 5063 623 5117 τὰ
650 5062 890 5116 πετεινὰ
940 5063 1046 5116 τοῦ
1069 5063 1330 5134 οὐρανοῦ
1360 5062 1846 5129 κατασκηνώσεις

302 5152 334 5200 ό
363 5147 430 5202 δὲ
472 5149 605 5215 Υἱὸς
649 5149 753 5203 τοῦ
793 5149 1106 5218 ἀνθρώπου
1133 5151 1244 5204 οὐκ
1269 5149 1392 5218 ἔχει
1415 5149 1532 5204 ποῦ
1555 5149 1670 5218 τὴν
1701 5167 1883 5220 κεφα-

301 5237 426 5302 λὴν
459 5236 680 5293 κλῖναι.
733 5235 880 5302 Εἶδες
917 5239 1299 5308 ἀκτημοσύνης
1328 5238 1604 5303 ἐπίτασιν;
1637 5239 1712 5291 Ού
1754 5241 1885 5309 τρά-

307 5329 447 5392 πεζα
469 5321 538 5397 ἦν
564 5325 732 5393 αὐτῷ,
769 5327 828 5379 ού
873 5326 1082 5397 λυχνία,
1120 5327 1219 5380 οὐκ
1256 5324 1424 5392 οἶκος,
1455 5327 1514 5381 ού
1532 5327 1738 5399 δίφρος.
1784 5329 1886 5382 οὐκ

309 5415 431 5469 ἀλλο
454 5415 563 5468 τῶν
595 5414 850 5469 τοιούτων
886 5414 1060 5469 οὐδέν.
1105 5413 1381 5467 Ἐδίδασκε
1421 5414 1549 5486 περὶ
1582 5415 1674 5467 τοῦ
1700 5415 1884 5480 κακῶς

305 5501 603 5566 ἀκούοντας
628 5501 812 5574 φέρειν
837 5501 1117 5572 γενναίως,
1149 5503 1284 5574 ὅπερ
1312 5501 1398 5554 διὰ
1436 5501 1544 5554 τῶν
1586 5501 1760 5574 ἔργων
1788 5505 1885 5556 ἐπ-

309 5589 576 5658 εδείξατο.
606 5589 734 5643 ὐτε
754 5591 862 5660 γὰρ
883 5590 1222 5660 δαιμονῶντα
1240 5589 1400 5644 αὑτὸν
1425 5589 1652 5643 ἐκάλουν
1675 5591 1768 5644 καὶ
1785 5591 1886 5646 Σα-

311 5680 593 5754 μαρείτην,
617 5679 914 5749 δυνάμενος
937 5679 1132 5742 αὐτοὺς
1157 5678 1316 5732 πάλιν
1349 5678 1633 5742 ἀπολέσαι,
1668 5680 1762 5733 zeal
1785 5681 1883 5752 τῆς

313 5766 520 5841 ὕϐρεως
559 5767 734 5820 αὐτῶν
759 5767 1011 5821 ἀποτῖσαι
1051 5767 1224 5837 δίκην,
1259 5765 1410 5818 οὐδὲν
1436 5765 1605 5820 ἐποίει
1628 5767 1882 5836 τοιοῦτον,

1451 355 1539 416 DE
1579 357 1880 419 FUTURIE
1916 363 2098 424 νιΤᾸε
2131 363 2442 425 υειιοιιε.

3435 370 3539 426 352

1973 475 2106 529 ἀλλά
2141 480 2238 532 zeal
2267 481 2577 552 εὐηργέτει,
2607 483 2700 536 καὶ
2743 484 2870 544 τοὺς
2917 482 3175 551 δαίμονας
3231 482 3408 534 αὐτῶν
3441 485 3538 538 ἀπο

1973 567 2190 635 ήλαυνε.
2225 569 2336 623 Καὶ
2355 569 2546 638 εἰπὼν,
2567 573 2834 642 Εὑχεσθε
2853 571 3004 640 ὑπὲρ
3038 571 3158 626 τῶν
3187 571 3538 640 ἐπηρεαζόν-

1971 673 2088 709 των
2117 658 2294 726 ὑμᾶς,
2332 663 2413 722 εἰς
2443 662 2536 716 τὸν
2565 665 2796 734 σταυρὸν
2829 663 2990 718 τοῦτο
3016 662 3221 725 ἀναϐὰς
3259 663 3536 732 εποίησεν.

1987 745 2201 818 Ἐπειδὴ
2245 750 2354 822 γὰρ
2403 752 2564 806 αὐτὸν
2621 753 2970 823 ἐσταύρωσαν
3005 755 3100 808 zeal
3163 753 3536 824 -προσήλωσαν,

1975 841 2324 910 κρεμάμενος
2355 843 2560 911 ἔλεγεν,
2587 847 2762 913 ’Ἄφες
2797 844 3036 910 αὐτοῖς·
3079 845 3152 898 οὐ
3201 844 3310 914 γὰρ
3341 843 3537 897 οἴδασι

1973 929 2027 980 τί
2056 929 2314 985 ποιοῦσι.
2347 933 2533 987 Ταῦτα
2557 935 2740 1003 ἔλεγεν
2753 937 2853 988 οὐκ
2885 935 3090 988 ἀτονῶν
3115 935 3276 998 αὐτὸς
3302 932 3540 1002 ἀφιέναι,

1972 1016 2086 1069 ἀλλ’
2144 1020 2292 1088 ἡμᾶς
2341 1022 2610 1076 παιδεύων
2658 1023 2910 1093 εὔχεσθαι
2963 1025 3104 1094 ὑπὲρ
3149 1023 3258 1076 τῶν
3309 1021 3538 1092 ἐχθρῶν.

1985 1105 2198 1176 Ἐπειδὴ
2230 1108 2337 1180 γὰρ
2365 1110 2424 1161 ού
2457 1109 2599 1181 λόγῳ
2643 1113 2810 1182 μόνῳ,
2843 1111 2978 1165 ἀλλά
3025 1111 3119 1164 zeal
3164 1111 3308 1181 ἔργῳ
3345 1110 3440 1179 τὴν
3465 1108 3542 1163 δι-

1971 1196 2266 1252 δασκαλίαν
2294 1200 2657 1269 ἐπεδείκνυτο,
2675 1201 2762 1254 διὰ
2784 1201 2945 1254 τοῦτο
2959 1200 3050 1253 zeal
3069 1201 3166 1271 τὴν
3187 1199 3348 1269 εὐχὴν
3375 1213 3542 1268 προσ-

1973 1285 2157 1357 έθηκε.
2219 1291 2427 1360 Μηδεὶς
2467 1293 2645 1345 τοίνυν
2690 1292 2799 1344 τῶν
2833 1291 3141 1364 αἱρετικῶν,
3173 1291 3258 1344 διὰ
3295 1289 3391 1360 τὴν
3424 1289 3543 1341 πολ-

1973 1369 2068 1438 λὴν
2139 1371 2302 1426 αὐτοῦ
2392 1375 2835 1446 φιλανθρωπίαν,
2892 1375 3173 1428 ἀσθένειαν
3245 1389 3545 1438 καταγινω·

1975 1461 2148 1516 σκέτω
2169 1463 2274 1516 τῶν
2298 1465 2598 1536 εἰρημένων
2618 1483 2632 1497 ’
2657 1465 2815 1528 αὐτὸς
2843 1467 2950 1536 γάρ
2987 1466 3131 1518 ὲστιν
3159 1466 3187 1516 ὁ
3211 1464 3400 1530 λέγων,
3425 1463 3546 1513 Ἵνα

1973 1550 2040 1604 δὲ
2083 1553 2300 1622 εἰδῆτε,
2343 1556 2434 1610 ὅτι
2466 1555 2758 1620 ἐξουσίαν
2791 1556 2918 1626 ἔχει
2954 1559 2986 1609 ό
3029 1555 3156 1619 Υἱὸς
3192 1553 3296 1607 τοῦ
3325 1549 3546 1620 ἀνθρὼ-

1973 1657 2092 1698 zzon
2119 1645 2354 1713 ἀφιέναι
2387 1647 2485 1700 ἐπί
2523 1645 2630 1714 τῆς
2673 1645 2786 1716 τῆς
2819 1645 3123 1716 ἁμαρτίας.
3183 1643 3320 1696 Ἀλλ’
3361 1641 3546 1710 ἐπειδὴ

1975 1735 2252 1787 παιδεύειν
2296 1735 2546 1788 ἐϐούλετο
2574 1737 2624 1804 (ό
2657 1735 2712 1788 δὲ
2747 1733 3018 1788 παιδεύων
3062 1731 3122 1784 οὐ
3180 1730 3246 1784 δι’
3296 1725 3369 1782 ὧν
3399 1727 3544 1794 λέγει

1978 1827 2158 1896 μόνον,
2183 1826 2317 1880 ἀλλά
2339 1825 2432 1880 zeal
2447 1827 2512 1879 δι’
2530 1820 2604 1879 ὧν
2629 1827 2774 1880 ποιεῖ
2789 1824 2887 1896 τὴν
2908 1823 3252 1878 διδασκαλίαν
3270 1819 3543 1890 προάγει),

1971 1919 2161 1971 τούτου
2190 1917 2348 1990 χάριν
2386 1920 2480 1973 zeal
2528 1918 2627 1989 τὴν
2675 1919 2838 1988 εὐχὴν
2878 1913 3248 1988 προσέθηκεν·
3287 1911 3407 1964 ἐπεὶ
3449 1909 3545 1962 zeal

1973 2008 2083 2062 τῶν
2125 2009 2383 2080 μαθητῶν
2431 2012 2557 2073 τοὺς
2589 2009 2754 2072 πόδας
2793 2007 3030 2068 ἓνιπτεν,
3055 2006 3154 2075 οὑχ
3184 2004 3259 2066 ὡς
3309 2001 3545 2056 ἐλάττων

1974 2099 2068 2163 ὢν,
2102 2101 2238 2155 ἀλλά
2261 2103 2391 2166 Θεὸς
2415 2101 2492 2155 ὢν
2537 2101 2632 2156 zeal
2669 2101 2944 2171 Δεσπότης
2981 2100 3062 2162 είς
3087 2096 3308 2150 τοσοῦτο
3341 2091 3544 2162 κατέϐη

1974 2193 2491 2264 ταπεινοφροσύνης.

2046 2291 2122 2350 ς’.
2139 2286 2236 2338 Διά
2256 2285 2318 2355 δὴ
2341 2279 2502 2338 τοῦτο
2521 2284 2693 2352 ἔλεγε·
2709 2283 2936 2340 Μάθετε
2951 2284 3051 2338 ἀπ’
3067 2279 3231 2351 ἐμοῦ,
3254 2279 3340 2332 ὅτι
3360 2275 3547 2346 πρᾶός

1972 2379 2088 2445 εἰμι
2110 2377 2207 2430 καί
2239 2380 2518 2443 ταπεινός
2553 2376 2626 2444 τῇ
2654 2377 2885 2444 καρδίᾳ.
2927 2376 3160 2446 Ἑτέρως
3195 2371 3354 2425 πάλιν
3381 2368 3448 2423 τὸ
3479 2368 3548 2421 τὰ

1976 2467 2204 2538 βραδεῖα
2235 2468 2373 2522 αύτά
2407 2469 2502 2522 zeal
2529 2469 2596 2522 τὰ
2630 2468 2838 2522 ἔπαθλα
2887 2469 2966 2530 εἰς
2997 2465 3158 2536 μέσον
3189 2463 3430 2530 ἀγαγεῖν,
3454 2458 3550 2512 καὶ

1975 2557 2078 2610 ὑπὸ
2103 2558 2410 2628 ὀφθαλμοὺς
2431 2559 2722 2622 δεικνύναι,
2752 2559 3001 2612 ἄκουσον.
3049 2557 3344 2624 ’Υπέσχετο
3367 2551 3551 2620 σωμά-

1975 2666 2081 2702 των
2112 2649 2430 2712 ἀνάστασιν,
2469 2649 2796 2719 ἀφθαρσίαν,
2821 2651 2920 2720 την
2950 2649 3031 2712 εἰς
3053 2647 3191 2718 ἀέρα
3221 2645 3545 2713 ἀπάντησιν,

1974 2738 2070 2810 τὴν
2092 2741 2148 2792 ὲν
2169 2741 2421 2810 νεφέλαις
2449 2742 2735 2812 ἁρπαγήνο
2762 2739 2934 2794 ταῦτα
2962 2739 3048 2793 διὰ
3070 2739 3177 2791 τῶν
3208 2735 3548 2807 πραγμάτων

1975 2830 2162 2896 ἔδειξε.
2199 2831 2326 2896 Πῶς
2363 2832 2460 2886 καὶ
2506 2835 2610 2886 τίνι
2659 2832 2878 2904 τρόπῳ;
2927 2828 3240 2884 Ἀποθανὼν
3311 2828 3546 2895 ἀνέστη·

1973 2922 2052 2976 διὸ
2081 2924 2174 2976 zeal
2208 2925 2615 2994 τεσσαράκοντα
2639 2924 2849 2994 ἡμέρας
2876 2923 3060 2984 αὐτοῖς
3089 2921 3276 2988 συνῆν,
3316 2919 3404 2971 ἵνα
3449 2917 3550 2970 αὐ-

1973 3015 2100 3077 τοὺς
2129 3013 2519 3086 πληροφορήσῃ
2544 3014 2638 3066 zeal
2667 3013 2813 3084 δείξῃ
2833 3013 2993 3084 ἡλίκα
3019 3011 3176 3082 ἡμῶν
3193 3007 3331 3064 εἶναι
3369 3007 3552 3078 μέλλει

1972 3105 2044 3158 τά
2066 3103 2294 3176 σώματα
2325 3106 2462 3175 μετά
2483 3105 2580 3176 τὴν
2609 3104 2920 3158 ἀνάστασιν.
2950 3103 3115 3156 Πάλιν
3142 3101 3314 3170 λέγων
3339 3099 3426 3152 διὰ
3455 3096 3552 3150 τοῦ

1975 3199 2209 3264 Παύλου,
2238 3200 2318 3252 ὃτι
2349 3199 2453 3253 Ἐν
2470 3196 2750 3267 νεφέλαις
2778 3193 3245 3264 ἁρπαγησόμεθα
3259 3191 3344 3256 εἰς
3359 3185 3550 3242 ἁπάν-

1975 3305 2157 3358 τησιν
2197 3289 2383 3344 αὑτοῦ
2415 3291 2502 3355 είς
2549 3287 2716 3356 ἀέρα,
2766 3285 2860 3340 zeal
2900 3283 3061 3336 τοῦτο
3099 3279 3299 3344 ἔδειξεν
3345 3277 3546 3349 ἔργοις.

1977 3381 2133 3436 Μετά
2167 3382 2276 3452 γὰρ
2299 3383 2398 3451 τὴν
2430 3379 2742 3440 ἀνάστασιν,
2779 3376 2941 3446 ἡνίκα
2976 3373 3196 3444 ἔμελλεν
3228 3369 3431 3424 ἀνιέναι
3472 3369 3552 3427 εἰς

1976 3474 2261 3544 οὐρανοὺς,
2304 3471 2586 3543 παρόντων
2664 3468 2844 3520 αὐτῶν
2910 3464 3195 3531 Ἐπήρθη,
3242 3461 3394 3530 φησὶ,
3453 3459 3552 3511 zeal

1976 3563 2203 3635 νεφέλη
2238 3562 2542 3618 ὑπέλαϐεν
2567 3557 2754 3614 αὐτὸν
2783 3557 2900 3611 ἀπὸ
2929 3555 3048 3608 τῶν
3085 3549 3407 3622 ὀφθαλμῶν
3446 3551 3555 3601 αὐ-

1977 3656 2129 3712 τῶν·
2165 3657 2259 3710 καὶ
2291 3654 2366 3718 ὡς
2395 3653 2731 3715 ἀτενίζοντες
2759 3645 2921 3720 ἦσαν,
2970 3644 3334 3718 πορευομένου
3363 3638 3551 3694 αὑτοῦ.

1979 3747 2166 3810 Οὕτως
2204 3741 2295 3799 οὖν
2328 3746 2422 3799 zeal
2466 3744 2526 3797 τὸ
2563 3741 2828 3813 ἡμέτερον
2881 3739 3041 3809 σῶμα
3086 3735 3370 3806 ὀμοούσιον
3401 3731 3552 3784 ἔσται

1977 3837 2173 3908 ἐκείνῳ
2200 3833 2280 3905 τῷ
2308 3834 2541 3904 σώματι,
2565 3833 2660 3886 ἅτε
2691 3832 2756 3883 ὲκ
2785 3829 2878 3884 τοῦ
2901 3827 3216 3898 φυράματος
3242 3824 3330 3877 δν’
3363 3823 3552 3886 ῶσπερ

1979 3929 2087 4001 γὰρ
2116 3931 2150 3998 ὴ
2181 3926 2414 3998 κεφαλὴ,
2451 3925 2592 3979 οὕτω
2647 3925 2739 3977 zeal
2781 3922 2841 3976 τὸ
2876 3921 3064 3990 σῶμα·
3096 3917 3284 3988 ὥσπερ
3319 3917 3352 3987 ἠ
3386 3913 3551 3985 ἀρχὴ.

1977 4021 2119 4074 οὕτω
2153 4020 2248 4073 καὶ
2280 4019 2340 4072 τὸ
2369 4019 2540 4081 τέλος.
2574 4019 2685 4070 Kal
2709 4014 2866 4068 τοῦτο
2920 4011 3252 4080 σαφέστερον
3289 4011 3316 4061 6
3345 4005 3553 4064 Παῦλος

1977 4113 2152 4183 δηλῶν
2182 4113 2364 4180 ἔλεγεν
2385 4129 2398 4142 ο
2441 4113 2544 4173 Ὃς
2571 4105 3080 4177 μετασχηματίσει
3125 4101 3190 4154 τὸ
3241 4097 3415 4167 σῶμα
3447 4092 3556 4162 τῆς

1977 4198 2382 4264 ταπεινώσεως
2403 4197 2591 4266 ἡμῶν,
2618 4198 2704 4260 εἰς
2725 4195 2788 4247 τὸ
2813 4191 3088 4263 γενέσθαι
3112 4186 3257 4241 αὐτὸ
3286 4186 3554 4253 σύμμορ-

1979 4304 2098 4356 φον
2124 4285 2204 4352 τῷ
2235 4287 2460 4354 σώματι
2497 4283 2606 4351 τῆς
2634 4283 2818 4349 δόξης
2845 4277 3050 4333 αὑτοῦ.
3089 4275 3151 4329 El
3205 4274 3382 4328 τοίνυν
3425 4269 3557 4340 σύμ-

1985 4391 2192 4445 μορφον
2246 4374 2476 4440 γίνεται,
2511 4370 2606 4423 καὶ
2652 4371 2751 4438 τὴν
2789 4368 2960 4437 αὐτὴν
2983 4366 3101 4417 ὁδὸν
3145 4363 3428 4432 βαδιεῖται,
3463 4358 3558 4412 zeal

1981 4459 2183 4529 ὁμοίως
2219 4459 2311 4509 ἐπὶ
2341 4455 2578 4524 νεφελῶν
2605 4455 2924 4525 ἀρθήσεται.
2945 4451 3131 4504 Ταῦτα
3161 4449 3432 4529 προσδόκα
3466 4447 3560 4499 καὶ

1981 4528 2144 4606 αύτὺς
2194 4545 2252 4595 ὲν
2289 4546 2354 4614 τῇ
2399 4543 2716 4596 ἀναστάσει.
2757 4538 2972 4608 Ἐπειδὴ
3001 4537 3109 4606 γὰρ
3135 4535 3329 4606 ἄδηλον
3357 4528 3426 4602 ἦν
3445 4535 3560 4592 τοῖς

1982 4631 2241 4684 ἀκούουσι
2272 4632 2404 4692 τέως
2437 4629 2499 4682 τὸ
2543 4629 2692 4698 ῥῆμα
2742 4626 2839 4695 τῆς
2894 4624 3192 4694 βασιλείας.
3249 4620 3338 4675 διά
3396 4615 3558 4671 τοῦτο

1982 4717 2220 4773 ἀνελθὼν
2251 4721 2306 4771 ὲν
2323 4717 2400 4787 τῷ
2418 4717 2534 4788 ὄρει
2563 4711 2959 4785 μετεμορφώθη
2985 4708 3294 4780 ἔμπροσθεν
3321 4705 3428 4759 τῶν
3454 4721 3558 4775 μα-

1983 4805 2160 4876 θητῶν
2186 4802 2373 4866 αύτοῦ,
2387 4802 2733 4873 παρανοίγων
2750 4799 2932 4860 αὐτοῖς
2953 4796 3062 4849 τῶν
3083 4795 3381 4866 μελλόντων
3406 4789 3558 4863 [545]

1983 4893 2082 4964 τὴν
2107 4891 2284 4956 δόξαν,
2321 4891 2416 4944 zeal
2444 4889 2522 4952 ὼς
2568 4889 2625 4940 ἐν
2672 4887 2957 4954 αἰνίγματι
2997 4885 3090 4936 zeal
3133 4881 3390 4953 ἀμυδρῶς
3438 4881 3560 4931 ἐπι-

1982 4979 2197 5042 δεικνὺς
2227 4975 2338 5031 οἷον
2355 4977 2506 5030 ἔσται
2532 4975 2594 5029 τὸ
2627 4975 2787 5046 σῶμα
2817 4973 2877 5026 τὺ
2906 4971 3192 5043 ἡμέτερον.
3248 4967 3408 5021 Ἀλλά
3437 4966 3562 5020 τότε

1987 5069 2086 5139 μὲν
2111 5065 2249 5138 μετά
2279 5064 2506 5135 ἱματίων
2534 5063 2728 5132 ἐφάνη,
2756 5063 2813 5114 ὲν
2845 5061 2903 5113 δὲ
2931 5063 2997 5130 τῇ
3030 5057 3320 5111 ἀναστάσει
3349 5055 3447 5124 οὐχ
3471 5053 3562 5108 οὔ·-

1984 5173 2111 5218 τως.
2139 5156 2212 5210 Ού
2266 5153 2374 5224 γὰρ
2423 5153 2593 5206 δεῖται
2647 5150 2708 5204 τὸ
2742 5147 2906 5219 σῶμα
2956 5147 3112 5218 ἡμῶν
3157 5144 3407 5217 ἱματίων,
3439 5142 3560 5195 οὐδὲ

1987 5247 2207 5313 στέγης,
2242 5243 2361 5298 οὐδὲ
2390 5243 2612 5314 ὀρόφου,
2659 5239 2779 5294 οὐδὲ
2807 5239 2967 5292 ἀλλου
2997 5237 3104 5290 τῶν
3131 5233 3388 5288 τοιούτων
3414 5232 3562 5285 υύδεο

1985 5333 2092 5396 νὸς.
2126 5333 2188 5385 Εἰ
2221 5331 2328 5402 γὰρ
2359 5334 2387 5385 6
2429 5331 2600 5400 ’Δδάμ
2621 5329 2726 5400 πρὸ
2753 5329 2852 5394 τῆς
2881 5326 3245 5396 παραϐάσεως
3267 5321 3470 5392 γυμνὸς
3486 5320 3562 5374 ὢν

1985 5423 2086 5475 οὐκ
2115 5421 2396 5492 ᾐσχύνετο,
2427 5419 2554 5492 δόξῃ
2609 5417 3000 5490 ¹ἠμφιεσμένος.
3053 5411 3233 5482 πολλῷ
3268 5411 3466 5483 μᾶλλον
3493 5411 3564 5465 τά

1991 5509 2218 5579 σώματα
2245 5509 2314 5562 τά
2343 5506 2607 5579 ἡμέτερα,
2633 5507 2733 5559 ὅσα
2762 5503 2852 5556 ἐπὶ
2885 5502 3104 5572 μείζονα
3134 5500 3224 5553 zeal
3247 5499 3456 5569 ἀμείνω
3469 5495 3564 5568 λῆσ-

1991 5595 2070 5661 ξιν
2129 5595 2416 5666 βαδιεῖται,
2450 5594 2666 5657 οὐδενὸς
2717 5591 2924 5646 τούτων
2973 5588 3318 5660 δεηθήσεται.
3365 5585 3464 5639 Διά
3494 5585 3559 5654 δὴ

1988 5683 2149 5737 τοῦτο
2176 5683 2272 5737 zeal
2298 5683 2461 5746 αὐτὸς
2490 5681 2866 5751 ἀνιστάμενος,
2901 5677 2968 5730 τά
2995 5677 3183 5748 ἰμάτια
3229 5676 3322 5728 ἐπὶ
3345 5673 3438 5728 τού
3465 5673 3560 5728 τά·

1997 5789 2093 5844 φου
2119 5773 2210 5826 καὶ
2249 5771 2348 5842 τῆς
2375 5770 2531 5844 σοροῦ
2558 5769 2770 5824 κεῖσθαι
2799 5769 2966 5834 εἴασε,
3009 5767 3212 5838 γυμνὸν
3253 5764 3564 5830 ἀναστήσας
