4060 6260
340 320 442 378 353
1294 320 1606 378 PECCATA
1652 319 1976 380 FRATRUM
2017 324 2152 381 NON
2191 324 2628 384 EVllLGANDA‘.
3490 333 3588 388 “554

339 447 521 501 horum
567 435 896 506 indigebunt.
942 433 1052 489 [lac
1099 433 1349 488 nimirum
1390 434 1458 488 de
1505 449 1660 488 caus.
1689 449 1810 489 eum
1856 443 1912 489 et
2019 434 2072 491 in
2103 437 2329 493 nubibus
2361 439 2518 508 rapti,
2545 453 2756 510 semper
2779 454 2910 492 cum.
2933 439 3022 494 illo
3053 455 3344 510 versemur,
3376 443 3596 514 ejusque

348 537 458 604 ipse
493 534 816 597 resurgeret,
849 533 1024 580 vestes
1053 524 1105 578 in
1133 525 1376 595 sepulcro
1403 534 1455 579 ct
1484 525 1660 582 loculo
1697 540 1914 580 manere
2017 529 2182 596 gratia
2211 529 2341 582 salvi
2373 529 2493 584 lacti
2515 571 2529 595 ,
2566 530 2754 584 futuris
2777 529 2932 586 bonis
2961 531 3295 599 perfruamur
3319 553 3330 586 :
3355 551 3472 602 qua:
3503 552 3598 588 nu-

339 621 595 696 permisit,
624 618 931 688 nudumque
950 632 1146 688 corpus
1175 619 1467 683 suscitavit,
1501 619 1774 673 immensa:
1796 618 1910 689 glo-
2018 619 2099 672 his
2115 620 2365 674 omnibus
2393 620 2601 690 assequi
2623 621 2897 691 conlingat
2920 623 2972 676 in
2993 621 3207 676 Christo
3231 623 3356 677 .lcsu
3379 625 3599 680 Domino

337 717 426 772 rirc
453 722 510 769 et
534 708 874 766 beatitudinis
897 708 1133 778 plenum.
1161 707 1284 762 llzcc
1312 708 1468 777 igitur
1493 708 1649 763 nobis
1664 724 1784 763 cum
1807 725 1911 763 cx-
2018 718 2222 775 nostro,
2258 725 2378 764 cum
2409 725 2515 778 quo
2544 710 2711 774 Patri,
2745 727 2849 764 una
2889 726 3010 766 cum
3038 712 3238 780 Spiritu
3273 723 3459 768 sancto
3485 717 3597 784 glo-

337 808 534 878 plorata
564 804 691 868 sint,
737 799 1094 863 dilectissimi,
1137 808 1188 853 ct
1231 798 1408 854 verbis
1456 799 1678 864 eruditi,
1719 809 1774 856 et
1817 815 1913 874 per
2017 800 2115 867 ria,
2145 800 2445 870 imperium,
2474 801 2664 864 honor,
2697 801 2958 868 adoratio,
2991 817 3132 858 nunc
3157 810 3212 858 et
3232 817 3447 874 semper
3471 814 3526 860 et
3547 807 3599 860 in

333 899 512 957 oculos
532 894 728 961 edocti,
762 893 921 949 talem
951 892 1415 948 conversationem
1445 891 1792 948 cxhibeunus
1811 934 1828 959 ,
1857 900 1916 946 ut
2017 889 2208 946 smcula
2237 890 2575 945 smculorum.
2607 891 2800 946 Amen.

1151 1606 1246 1666 ET
1286 1607 1366 1668 IN
1407 1573 1873 1680 SEQUENTEM:
1905 1607 2000 1666 DE
2044 1605 2198 1666 NON
2239 1601 2754 1664 DESPERANDO.

327 1857 512 1929 priore
537 1855 604 1911 d'e
624 1853 1044 1924 compunctione
1064 1852 1228 1908 verba
1261 1850 1494 1908 locisch
1530 1853 1600 1908 At.
1638 1867 1747 1905 non
1783 1849 1918 1905 dicit
1950 1852 2038 1906 ille
2069 1866 2128 1906 se
2153 1850 2206 1905 iu
2241 1852 2423 1922 priore
2451 1851 2925 1925 compunctioncm
2967 1851 3284 1904 nominatim
3325 1865 3570 1905 comme-

331 2003 609 2053 morasse;
641 1986 734 2042 sed
764 1985 1059 2041 talia'l'atur
1088 2004 1102 2039 :
1130 1985 1559 2055 Compmictionis
1601 1999 1901 2039 sermonem
1931 2000 2253 2052 sparserant,
2299 1995 2349 2039 et
2387 1987 2729 2055 confessionis
2771 1989 2992 2058 gemitus
3033 1989 3362 2058 germinavit.
3425 1990 3566 2054 Quid

329 2147 494 2200 porro
521 2130 668 2186 aliud
699 2132 992 2195 sunt-haec,
1019 2128 1239 2185 Contere
1270 2130 1502 2182 animant
1532 2136 1705 2194 tuum,
1737 2135 1959 2180 mentem
1991 2127 2215 2180 humilia
2250 2135 2458 2180 tuorum
2495 2128 2854 2182 recordatione
2886 2128 3222 2192 delictorum,
3260 2137 3424 2196 atque
3451 2127 3556 2181 alia

325 2267 655 2324 multa‘hinc
683 2279 737 2324 et
762 2270 898 2324 inde
913 2284 1121 2339 sparsa,
1155 2286 1323 2340 quam
1354 2268 1794 2339 compunctionis
1822 2283 2002 2324 sermo
2026 2268 2049 2320 ’ἒ
2075 2265 2253 2336 xEquc
2285 2266 2443 2323 facile
2470 2275 2556 2323 est
2591 2267 3030 2338 aliumcjusdem
3068 2268 3300 2322 evellere
3337 2283 3567 2337 scrupu-

327 2414 466 2479 lum,
497 2412 589 2482 qui
619 2409 930 2481 hujusmodi
954 2417 1038 2464 est
1061 2428 1074 2463 :
1101 2409 1156 2461 In
1179 2408 1478 2478 posteriore
1508 2407 1749 2472 homilia,
1783 2422 1934 2460 num.
1967 2407 2021 2472 5,
2050 2405 2130 2459 ait
2152 2405 2570 2476 Chrysostomus
2597 2421 2611 2458 :
2665 2403 2767 2457 Sed
2800 2419 2962 2473 quam
2999 2403 3207 2456 tandem
3238 2403 3299 2456 ob
3347 2419 3564 2456 causam

321 2551 666 2618 publicanum
706 2549 945 2602 tanrcito
978 2545 1249 2599 exaudivit
1284 2545 1446 2607 Deus,
1473 2544 1639 2598 Isaac
1656 2553 1832 2599 autem
1865 2545 2048 2614 viginti
2080 2558 2247 2597 annos
2271 2542 2716 2610 orare-pennisit,
2754 2557 2818 2595 ac
2853 2548 2962 2592 tum
2992 2539 3201 2593 demum
3229 2539 3368 2606 justi
3399 2541 3564 2607 preci-

321 2690 419 2740 bus
459 2687 690 2741 annuit?
721 2685 854 2740 Sunt
879 2685 1018 2738 enim
1052 2685 1194 2739 nobis
1232 2683 1484 2737 hesterna:
1506 2682 1759 2736 doctrina:
1793 2681 2035 2750 reliquiar
2060 2679 2428 2749 persoluendaz.
2458 2675 2557 2733 Hic
2597 2679 2823 2732 innucre
2864 2677 3074 2732 videtur
3104 2677 3558 2746 Chrysoslomus,

326 2823 510 2890 inquit
531 2819 933 2882 Tillemontius,
959 2836 1016 2874 se
1039 2820 1091 2873 in
1127 2819 1294 2888 priori
1317 2819 1580 2874 concione
1607 2819 1681 2872 de
1699 2819 1987 2888 publicano
2018 2817 2179 2872 simul
2202 2825 2256 2872 ct
2289 2818 2356 2871 de
2378 2819 2566 2873 lsaaco
2592 2834 2898 2874 sermonem
2931 2818 3205 2884 habuisse,
3232 2833 3355 2873 cum
3383 2827 3562 2872 tamen

322 2954 543 3010 nonnisi
573 2953 639 3007 de
672 2953 858 3008 lsaaco
885 2952 1050 3006 verba
1074 2951 1265 3014 iaciat,
1289 2951 1467 3018 deque
1506 2950 1758 3018 precibus
1797 2950 1865 3002 ab
1900 2950 1991 3002 illo
2038 2964 2132 3019 per
2171 2965 2344 3004 annos
2383 2949 2572 3019 viginti
2603 2951 2670 3003 ad
2704 2951 3098 3018 impetrandam
3137 2966 3167 3004 a
3215 2949 3323 3004 Deo
3356 2949 3561 3018 prolem

317 3096 562 3152 emissis.
599 3095 668 3147 At
701 3093 834 3146 nihil
873 3101 956 3146 est
983 3090 1036 3144 in
1065 3101 1348 3158 postremo
1369 3088 1547 3142 allatis
1577 3087 1779 3152 verbis,
1808 3085 1860 3139 ni
1888 3086 2064 3149 fallor,
2093 3085 2234 3154 quod
2264 3084 2330 3138 de
2363 3084 2652 3154 publicano
2683 3085 2920 3140 habitam
2971 3087 3024 3140 in
3072 3087 3238 3156 priori
3299 3092 3566 3146 concione

323 3237 652 3289 mentionem
680 3233 849 3288 fuisse
873 3231 1118 3285 suadeat.
1154 3228 1280 3284 llaec
1301 3227 1504 3297 quippe
1537 3227 1722 3292 verba,
1754 3224 1889 3279 Sunt
1921 3223 2059 3276 enim
2088 3223 2230 3278 vobis
2260 3222 2514 3278 hesterna:
2547 3224 2804 3278 doctrina:
2838 3225 3074 3295 reliquid:
3102 3226 3471 3294 persolvendo),
3495 3230 3560 3284 ad

315 3393 381 3428 ea
409 3388 530 3443 qum
560 3373 629 3427 ad
661 3371 905 3426 lsaacu-m
945 3376 1212 3439 spectant,
1241 3381 1470 3437 qumque
1496 3366 1608 3419 hate
1635 3371 1908 3435 postrema
1936 3363 2265 3433 praecedunt,
2302 3377 2411 3418 non
2445 3377 2573 3417 vero
2601 3362 2672 3417 ad
2723 3363 2814 3418 Illa
2853 3365 3005 3435 pri-us
3053 3368 3228 3436 posita
3285 3369 3352 3424 de
3382 3371 3563 3439 publi-

314 3529 484 3579 cano,
514 3519 642 3568 sunt
665 3508 968 3565 referenda.
998 3505 1062 3560 Hi
1095 3481 1225 3576 ergo
1250 3504 1489 3574 scrupuli
1526 3501 1660 3555 nulli
1693 3509 1842 3565 sunt,
1884 3513 2056 3568 neque
2087 3499 2254 3553 etiam
2287 3498 2422 3552 tanti
2453 3512 2576 3556 esse
2608 3515 2639 3554 a
2670 3499 3014 3554 Tillemontio
3049 3501 3450 3571 existimantur,
3487 3518 3544 3562 nt

319 3657 473 3712 illum
501 3649 828 3708 asententia
855 3647 1184 3703 dimovcant.
1211 3643 1451 3713 Utraque
1484 3642 1650 3712 igitur
1681 3639 1903 3696 homilia
1939 3639 2006 3694 de
2045 3638 2448 3709 perseverantia
2495 3637 2550 3692 in
2597 3638 2908 3693 emittendis
2942 3643 3192 3708 precibus
3232 3644 3376 3713 agit,
3410 3657 3463 3699 et
3505 3648 3562 3699 in

320 3807 553 3862 utraque
577 3791 822 3862 pluribus
851 3791 1078 3846 docetur
1104 3805 1211 3846 non
1243 3804 1364 3845 csse
1389 3785 1721 3858 precandum
1755 3793 1950 3839 contra
1981 3782 2252 3838 inimicos.
2282 3780 2339 3835 ln
2381 3790 2572 3836 neutra
2611 3796 2740 3836 vero
2775 3781 3012 3851 aliquam
3060 3785 3319 3853 temporis
3370 3793 3570 3840 notam.

318 3952 383 3991 ex
397 3933 594 4003 piscari
623 3947 935 4004 possumus.

396 4072 773 4142 lntcrprctatio
798 4073 1080 4143 utriusque
1111 4071 1303 4127 Latina
1341 4079 1424 4128 cst
1445 4066 1736 4124 Frontonis
1761 4064 1976 4121 Ducari.

1103 4838 1384 4923 QUOD
1434 4835 1648 4912 NON
1682 4839 2256 4913 OPORTEAT
2302 4842 2786 4916 PECCATA

1102 5016 1405 5061 FRATRUM
1452 5017 1808 5074 ενυιωιιιζ,
1852 5016 2064 5070 NEQUE
2107 5017 2372 5062 [NIMICIS
2417 5018 2786 5063 IMPRECARI.

1537 5178 1846 5192 —

2015 5181 2349 5196 _

1859 5160 2006 5215 OED

371 5304 421 5358 1.
465 5301 733 5373 Scriptura
771 5317 1043 5371 numquam
1069 5315 1212 5354 suam
1234 5299 1508 5369 beneficam
1536 5301 1637 5354 vim
1661 5301 1882 5368 amittit;
1994 5305 2087 5357 size
2135 5302 2317 5357 schola
2367 5320 2380 5357 :
2413 5303 2606 5358 medici
2639 5317 2744 5359 non
2793 5317 3100 5372 corporum,
3137 5306 3230 5361 scd
3256 5307 3574 5365 animorum.

301 5396 604 5464 pauperibus
645 5395 818 5448 utilior
860 5403 934 5448 est
977 5409 1129 5460 quam
1156 5391 1409 5446 divitibus.
1453 5423 1525 5432 —
1553 5392 1736 5447 Laudo
1763 5407 1875 5457 vos,
1993 5395 2293 5465 Spiritualis
2339 5410 2568 5465 namque
2607 5405 2708 5461 est,
2764 5411 2938 5464 neque
2985 5397 3201 5452 vulnera
3253 5399 3449 5465 carnis,
3485 5403 3578 5456 sctl

297 5487 658 5554 dilectissimi,
701 5485 842 5556 quod
881 5494 1028 5540 tanto
1066 5483 1244 5539 studio
1274 5483 1339 5538 ad
1365 5493 1642 5553 paternam
1668 5483 1884 5538 domum
1994 5492 2210 5555 peccata
2236 5485 2431 5538 mentis
2454 5494 2608 5540 sanat
2641 5503 2654 5538 :
2684 5500 2846 5556 porro
2881 5495 3219 5555 peccatorum
3250 5488 3470 5542 istorum
3518 5506 3580 5548 ae

299 5578 651 5632 concurratis.
684 5575 814 5630 Nam
841 5593 905 5631 ex
943 5575 1045 5631 hoc
1070 5574 1247 5629 studio
1273 5574 1339 5629 de
1381 5583 1556 5628 vestra
1592 5574 1883 5630 secundum
1992 5574 2274 5629 vulnerum
2314 5573 2758 5630 medicamentum
2801 5588 2882 5631 est
2908 5577 3172 5631 doctrina.
3204 5577 3314 5632 lluc
3342 5579 3578 5636 medica-

279 5672 530 5746 animum
561 5670 789 5725 sanitate
833 5667 1134 5723 ceniidcndi
1168 5667 1294 5721 mihi
1324 5667 1591 5736 praebetur
1624 5668 1836 5723 occasio
1865 5686 1882 5724 :
1980 5674 2227 5722 'mcntum
2257 5681 2363 5720 non
2399 5680 2467 5719 ex
2507 5664 2686 5721 herbis
2727 5667 3070 5722 terrestribus
3093 5709 3108 5734 ,
3139 5668 3238 5723 sed
3293 5686 3358 5724 ex
3402 5676 3580 5726 verius

297 5756 558 5832 siquidem
587 5760 846 5819 mirabilis
865 5759 1108 5844 quccdam
1133 5768 1214 5816 cst
1253 5747 1463 5844 officina
1488 5759 1677 5844 medici
1697 5759 1880 5818 Ecclc-
1987 5767 2201 5817 constat
2223 5757 2523 5815 czulcstibu's
2549 5757 2683 5825 ;hoc
2715 5774 2819 5814 non
2845 5759 3088 5815 manibus
3108 5760 3458 5832 medicorum,
3479 5761 3572 5818 sed
3641 5802 3649 5808 .
