4060 6260
417 274 525 330 555

419 385 612 457 linguis
642 381 1022 454 prophetarum
1062 371 1540 461 estcompositqm.
1571 369 1744 440 Quam
1779 370 1850 426 ob
1871 385 2000 426 cau-

418 495 533 534 sam
561 483 876 548 perpetuum
897 478 1000 532 est,
1025 478 1078 524 et
1108 482 1281 538 neque
1298 476 1596 535 temporum
1620 465 2002 536 longinquitate

418 572 745 631 debilitatur,
775 579 950 635 neque
979 562 1286 617 morborum
1316 559 1514 614 virtute
1541 568 1845 628 superatur.
1870 557 2000 612 Nam

422 661 749 716 medicorum
779 655 992 720 quidem
1025 651 1412 707 medicamenta
1450 658 1676 719 utroque
1704 647 1912 703 defectu
1941 661 2005 701 ac

423 752 550 805 vitio
568 750 811 803 laborant
830 762 851 804 ξ
876 745 1001 799 dum
1021 743 1252 798 recentia
1275 751 1418 808 sunt,
1445 743 1552 796 vim
1571 757 1718 796 suam
1739 739 2001 810 produnt:

417 858 540 896 cum
581 854 711 894 vero
757 838 979 892 multum
1005 836 1261 904 temporis
1288 843 1372 889 est
1396 833 1658 903 elapsum,
1686 833 1737 886 in
1784 831 2028 884 modum'

417 947 703 1004 corporum
750 939 1026 985 senectute
1063 926 1429 984 coniectorum
1482 923 1827 979 imbecilliora
1879 922 2003 976 red-

417 1030 661 1083 duntur:
691 1025 818 1096 quin
861 1025 1021 1078 etiam
1065 1037 1306 1093 persmpe
1350 1019 1659 1074 morborum
1689 1015 2006 1071 difﬁcultate

417 1122 724 1180 vincuntur,
752 1115 948 1186 quippe
974 1129 1094 1182 qum
1119 1113 1346 1164 humana
1373 1109 1480 1163 sint
1502 1124 1520 1161 ι
1547 1117 1601 1161 at
1629 1106 1869 1161 divinum
1900 1120 2006 1160 me-

417 1211 779 1266 dicamentum
831 1207 936 1259 tale
965 1221 1068 1258 non
1100 1212 1202 1267 est,
1235 1202 1330 1258 sed
1360 1201 1528 1255 multo
1557 1209 1797 1269 tempore
1837 1199 2003 1252 inter-

419 1303 562 1371 jecto
589 1315 738 1354 suam
767 1311 980 1352 onmem
1002 1295 1106 1348 vim
1129 1293 1346 1348 retinet.
1387 1291 1530 1346 Sane
1553 1305 1616 1344 ex
1645 1304 1711 1344 eo
1741 1297 2004 1359 tempore,

423 1409 530 1462 quo
561 1392 687 1445 vixit
736 1389 946 1459 Moyses
989 1387 1078 1457 (ab
1109 1385 1201 1439 illo
1243 1383 1386 1438 enim
1418 1382 1629 1437 initium
1660 1388 1743 1435 est
1767 1378 2006 1448 Scriptu-

422 1482 648 1553 rarum),
681 1491 788 1534 tam
820 1479 1017 1532 mullos
1048 1476 1295 1529 homines
1317 1473 1542 1535 sanavit,
1577 1480 1631 1526 el
1655 1485 1806 1526 suam
1835 1471 2005 1523 virtu-

424 1585 530 1628 tem
563 1587 666 1626 non
717 1569 894 1623 arnisit
927 1583 945 1622 :
971 1565 1066 1620 sed
1098 1579 1271 1634 neque
1296 1563 1365 1618 ab
1389 1563 1493 1617 ulla
1519 1576 1772 1632 umquam
1793 1561 2009 1631 :cgritu-

423 1665 550 1719 dine
575 1669 880 1731 superatum
921 1666 1023 1712 est.
1049 1656 1162 1711 Hoc
1197 1655 1643 1709 medicamentum
1687 1667 1793 1706 non
1823 1665 2007 1704 nume-

424 1769 538 1812 rata
585 1754 808 1826 pecunia
853 1751 977 1805 licet
1004 1750 1269 1817 accipere,
1302 1747 1394 1801 sed
1417 1747 1505 1815 qui
1529 1745 1793 1799 sinceram
1821 1743 2008 1797 volun-

425 1858 586 1902 tatem
617 1853 672 1901 et
691 1843 935 1898 allectum
980 1839 1224 1905 exhibet,
1259 1845 1425 1892 totum
1455 1835 1582 1890 illud
1609 1849 1791 1890 secum
1816 1848 2006 1903 repor-

423 1951 518 1994 tat.
537 1937 738 1992 Idcirco
765 1934 955 1988 divites
981 1929 1140 1986 simul
1170 1939 1224 1985 et
1246 1941 1514 1998 pauperes
1543 1925 1742 1996 pariter
1773 1924 1870 1979 hac
1895 1939 2010 1977 mc-

423 2029 597 2083 dicina
627 2025 894 2080 frttuntur.
937 2021 1070 2076 Nam
1116 2020 1204 2074 ubi
1234 2019 1446 2089 quidem
1477 2017 1731 2086 pecunias
1773 2014 2008 2084 impendi

429 2132 651 2174 necesse
684 2125 786 2181 est,
824 2115 914 2184 qui
953 2110 1193 2181 locuples
1221 2118 1322 2172 est,
1347 2109 1592 2163 utilitatis
1618 2109 1674 2161 ﬁt
1705 2107 1966 2177 particeps
1992 2122 2007 2161 :

429 2225 628 2281 pauper
654 2217 831 2262 autem
874 2221 1018 2275 saape
1044 2203 1177 2258 lucri
1205 2217 1397 2272 expers
1431 2199 1696 2255 discedit:
1726 2213 1849 2254 cum
1881 2199 2009 2253 tanti

427 2305 629 2361 reditus
653 2303 725 2358 illi
754 2317 858 2354 non
881 2305 1186 2370 suppetant,
1211 2305 1272 2350 ut
1295 2294 1360 2348 ad
1384 2293 1840 2348 medicamentum
1877 2305 2011 2345 con-

431 2393 711 2450 ﬁciendum
737 2389 1025 2446 sufﬁciant.
1055 2387 1151 2441 llic
1169 2399 1296 2440 vero
1325 2383 1574 2454 quoniam
1606 2381 1885 2451 pecuniam
1909 2394 2010 2432 nu-

429 2501 640 2542 merare
665 2499 770 2538 non
797 2480 1141 2552 permittitur,
1172 2476 1266 2531 sed
1307 2475 1440 2530 ﬁdes
1460 2482 1516 2528 et
1543 2473 1787 2526 voluntas
1813 2479 1896 2526 est
1914 2485 2009 2525 ex-

430 2575 681 2642 hibenda,
713 2573 802 2644 qui
829 2585 1117 2626 numerare
1153 2575 1330 2638 p0test
1370 2567 1468 2619 ista
1498 2572 1552 2619 et
1582 2578 1704 2617 cum
1735 2562 2014 2616 alacritate

427 2666 758 2739 persolvere,
782 2661 869 2717 hic
895 2659 1230 2732 potissimum
1261 2656 1486 2726 percipit
1509 2653 1790 2707 utilitatem
1815 2667 1830 2704 :
1853 2666 2014 2720 quau-

424 2758 711 2828 doqnitlem
737 2754 854 2809 lucc
899 2761 1021 2807 sunt
1046 2766 1166 2821 qua:
1211 2763 1310 2818 pro
1348 2744 1596 2801 mercede
1638 2742 1915 2799 medicina:
1942 2741 2014 2794 is-

426 2851 531 2905 tius
557 2849 863 2919 exiguntur.
895 2843 961 2898 Et
989 2841 1144 2896 dives
1169 2848 1222 2894 et
1251 2851 1450 2907 pauper
1473 2835 1671 2905 pariter
1709 2833 1847 2886 hanc
1869 2831 2016 2885 utili-

427 2950 592 2996 tatem
622 2935 939 3008 participant
986 2950 1003 2988 :
1051 2932 1160 2986 into
1186 2945 1313 2984 vero
1353 2942 1460 2982 non
1489 2926 1688 2996 pariter
1722 2923 2011 2978 utilitatem

425 3033 766 3104 participant,
819 3028 916 3083 sed
966 3024 1154 3095 majori
1190 3030 1441 3094 percepta
1502 3031 1704 3090 patrper
1752 3014 2013 3071 abs-cedit.

427 3123 564 3192 Quid
609 3119 901 3186 ita?de
951 3117 1202 3172 nimirum
1238 3113 1388 3168 dives
1417 3109 1578 3164 variis
1609 3114 2015 3178 praeoccupatus

431 3213 882 3270 sollicitudinibus
902 3251 918 3273 ,
952 3207 1202 3277 superbia
1232 3215 1446 3259 tumens
1470 3243 1485 3267 ,
1512 3209 1568 3256 et
1587 3201 1778 3270 opibus
1803 3198 2015 3252 inﬂatus

428 3321 492 3361 ac
523 3305 684 3369 fastu,
708 3301 930 3356 desidia:
968 3295 1176 3353 deditus
1203 3309 1266 3352 ac
1293 3291 1650 3363 negligentia}.
1682 3304 1787 3343 non
1828 3287 2019 3341 admoo

426 3398 554 3452 dum
575 3401 797 3454 attente,
827 3403 998 3460 neque
1020 3401 1211 3456 magno
1231 3400 1351 3439 cum
1379 3382 1558 3436 studio
1586 3379 1910 3435 medicinam
1923 3395 2019 3433 au-

425 3488 643 3544 ditionis
673 3485 964 3555 Scriptum
1003 3479 1226 3549 recipiat
1263 3493 1280 3533 :
1314 3489 1515 3547 pauper
1540 3483 1717 3529 autem
1753 3488 1784 3527 a
1809 3472 2020 3529 deliciis

426 3593 481 3636 et
510 3579 763 3650 ingluvie,
790 3591 853 3631 ac
884 3571 1203 3643 negligentia
1231 3569 1506 3642 immunis,
1536 3567 1866 3637 multamque
1891 3565 2016 3621 inde

427 3673 623 3728 anima:
651 3684 762 3724 suae
788 3666 1081 3722 concilians
1108 3661 1523 3734 philosophiam,
1543 3658 1670 3712 dum
1693 3665 1864 3713 totum
1885 3667 2020 3712 tem~

429 3779 529 3837 pus
560 3764 612 3833 in
656 3775 823 3831 opere
853 3773 1105 3813 manuum
1146 3769 1211 3810 ac
1241 3751 1491 3824 legitimis
1520 3749 1797 3805 laboribus
1816 3763 2015 3804 consu-

425 3858 546 3922 mit,
575 3853 827 3909 attentior
854 3866 916 3906 ac
941 3847 1211 3905 robustior
1229 3845 1440 3910 evadat,
1470 3857 1533 3898 ac
1561 3842 1750 3912 majori
1780 3856 1902 3897 cum
1928 3839 2014 3894 di-

425 3946 638 4018 ﬁgentia
682 3960 800 4014 quae
837 3943 1085 3996 dicuntur
1132 3937 1390 4008 percipiat
1419 3951 1436 3990 :
1464 3949 1571 4004 quo
1603 3935 1680 3999 ﬁt,
1722 3941 1781 3987 ut
1828 3930 2019 4002 majori

425 4039 600 4110 pretio
628 4035 920 4106 persoluto,
940 4031 1126 4103 majori
1151 4029 1404 4100 decerpta
1432 4027 1660 4080 utilitate
1680 4024 1940 4080 discedat.

500 4130 556 4184 2.
601 4129 727 4183 llaec
756 4141 786 4179 a
818 4141 903 4178 me
932 4139 1038 4178 non
1078 4138 1144 4176 eo
1181 4120 1438 4174 dicuntur
1461 4115 1718 4179 consilio,
1747 4125 1804 4167 ut
1829 4113 2021 4167 divites

429 4233 802 4291 quoscumque
821 4217 1140 4282 vituperem,
1165 4225 1265 4264 nec
1293 4218 1350 4264 ut
1377 4221 1638 4278 pauperes
1659 4219 2022 4276 quoscumque

427 4312 641 4368 laudem
675 4327 687 4362 :
722 4323 845 4362 nam
881 4321 1053 4375 neque
1077 4303 1275 4358 divitia:
1307 4301 1500 4356 malum
1532 4308 1677 4361 sunt,
1706 4299 1798 4354 sed
1827 4297 2023 4352 divitiis

435 4403 576 4457 male
606 4401 678 4455 uti
713 4419 726 4453 :
761 4412 932 4468 neque
961 4402 1245 4466 paupertas
1289 4393 1487 4447 bonum
1514 4432 1529 4456 ,
1572 4389 1666 4446 sed
1712 4396 2023 4460 paupertate

428 4498 565 4550 henc
621 4492 717 4546 uti.
767 4487 1140 4557 Torquebatur
1192 4484 1345 4539 dives
1383 4483 1472 4538 ille
1507 4481 1596 4552 qui
1639 4488 1800 4536 a-tate
1837 4479 2023 4534 Lazari

435 4589 680 4650 vixerat,
735 4598 840 4639 non
872 4580 994 4652 quia
1046 4578 1196 4635 dives
1223 4576 1437 4642 fuerat,
1478 4574 1574 4630 sed
1621 4574 1744 4644 quia
1790 4572 2023 4628 crudelis

431 4681 606 4735 fuerat
637 4686 692 4732 et
730 4674 1074 4730 inhumanus.
1105 4669 1444 4725 Laudabatur
1473 4681 1672 4738 pauper
1701 4665 1790 4721 ille
1821 4664 1873 4719 in
1903 4664 2021 4719 sinu

431 4772 661 4829 Abrahae
681 4810 696 4835 ,
744 4784 849 4823 non
878 4767 1000 4838 quia
1031 4779 1235 4835 pauper
1277 4762 1446 4818 fuerat
1466 4801 1483 4828 ,
1507 4760 1600 4814 sed
1640 4759 1762 4830 quia
1793 4772 2022 4829 pauper-

433 4876 598 4921 tatem
643 4879 764 4919 cum
813 4861 1102 4932 gratiarum
1131 4857 1341 4912 actione
1376 4855 1716 4910 toleraverat.
1748 4851 1853 4907 lies
1879 4851 2020 4906 enim

429 4960 548 5015 alia:
578 4955 874 5029 (attendite
919 4953 1202 5022 diligenter
1225 4950 1293 5004 ad
1319 4964 1383 5004 ea
1407 4962 1527 5017 qua:
1565 4945 1794 5001 dicimus
1822 4962 1836 4998 :
1867 4952 2021 5017 pole-

434 5060 560 5106 runt
598 5050 743 5104 enim
795 5047 1149 5102 sufﬁcientem
1178 5041 1569 5114 philosophiam
1601 5039 2024 5110 modestiamque

431 5144 587 5197 vobis
616 5131 888 5202 inserere,
918 5152 982 5192 ac
1007 5137 1250 5192 vitiosam
1276 5148 1491 5190 omnem
1529 5131 1903 5203 cogitationem
1930 5140 2024 5186 ex-

434 5235 635 5300 pellere
655 5273 670 5298 ,
705 5239 865 5301 atque
901 5228 1117 5284 eﬂicere
1146 5235 1203 5281 ut
1231 5234 1436 5282 rectum
1468 5223 1544 5280 de
1580 5223 1745 5280 rebus
1765 5222 2020 5293 judicium

434 5327 655 5398 feratis)
680 5345 695 5391 ;
723 5341 810 5382 res
831 5325 989 5398 igitur
1011 5324 1131 5380 alia:
1152 5330 1278 5378 sunt
1299 5331 1489 5376 natura
1515 5320 1693 5388 honre,
1723 5319 1840 5375 alite
1865 5319 2023 5391 plane

429 5420 752 5484 contrarim;
793 5418 912 5474 alia:
940 5433 1061 5488 quae
1086 5430 1186 5471 nec
1211 5415 1368 5471 bona:
1409 5421 1538 5468 sunt
1572 5427 1673 5470 nec
1711 5412 1898 5476 malae,
1928 5410 2022 5467 sed

433 5511 666 5568 medium
695 5509 980 5583 quemdam
1007 5508 1181 5564 locum
1199 5515 1402 5563 tenent.
1437 5505 1642 5561 Bonum
1663 5512 1749 5560 εει
1771 5501 2022 5576 quiddam

434 5615 626 5670 natura
651 5619 753 5662 sua
780 5603 952 5675 pictas
977 5644 992 5666 ,
1035 5602 1236 5658 malum
1280 5599 1528 5670 impleas
1555 5615 1576 5654 ε.
1595 5597 1797 5654 bonum
1820 5597 1988 5653 virtus
2004 5638 2019 5662 ,

434 5695 636 5753 malum
663 5695 976 5764 improbitas
1010 5712 1022 5746 :
1059 5697 1218 5764 porro
1262 5691 1461 5746 divitia:
1506 5705 1566 5744 ac
1600 5701 1877 5763 paupertas
1929 5705 2020 5758 per

1127 261 1183 316 S.
1223 257 1503 315 JOANNIS
1535 257 2008 314 CHRYSOSTOMI
2037 254 2352 312 ARCHlEP.
2385 255 2915 315 CONSTANTINOP.

2117 385 2176 426 se
2219 386 2392 442 neque
2440 369 2542 427 hoc
2589 382 2748 437 sunt,
2803 389 2975 444 neque
3003 374 3129 431 illud
3166 392 3180 429 :
3211 375 3308 432 sed
3351 392 3452 447 pro
3492 381 3698 441 ratione

2114 465 2372 532 propositi
2420 478 2483 518 ac
2529 465 2818 520 voluntatis
2846 481 3034 521 eorum
3060 468 3148 537 qui
3179 477 3400 524 utuntur
3438 470 3540 528 illis
3565 516 3581 537 ,
3605 485 3700 529 aut

2115 554 2216 609 hoc
2254 565 2346 608 ant
2391 555 2522 609 illud
2562 555 2711 610 ﬁunt.
2743 555 2874 611 Nam
2903 558 2947 611 si
2974 558 3040 612 ad
3065 557 3450 615 humanitatem
3482 564 3697 633 quidem

2112 647 2311 701 divitiis
2334 656 2505 711 utare,
2530 648 2623 704 tibi
2649 663 2737 704 res
2760 648 2826 703 ad
2847 650 3183 705 occasionem
3208 651 3331 706 boni
3360 653 3701 712 tradacetur:

2112 738 2193 791 sin
2225 747 2403 792 autem
2431 739 2496 792 ad
2524 739 2755 807 rapinas,
2787 739 3061 794 avaritiam
3093 751 3146 794 et
3178 739 3423 810 injuriam
3442 784 3460 808 ,
3487 746 3542 799 in
3565 758 3701 800 con:-

2117 831 2337 886 trarium
2383 831 2549 901 ipsius
2599 848 2752 887 usum
2788 843 3072 887 convertes
3117 850 3134 888 :
3179 846 3544 892 verumtamen
3593 854 3700 904 non

2115 931 2240 974 sunt
2269 922 2320 975 in
2346 937 2506 977 causa
2544 923 2747 977 divitia:
2767 963 2781 988 ,
2810 923 2904 977 sed
2933 923 2978 978 is
3003 923 3092 993 qui
3121 924 3186 978 ad
3216 925 3461 993 injuriam
3502 927 3705 984 divitiis

2114 1024 2196 1068 est
2237 1030 2383 1069 usus.
2439 1015 2510 1068 lla
2553 1031 2766 1086 quoque
2802 1015 2870 1071 de
2915 1025 3227 1086 paupertate
3253 1017 3356 1072 dici
3387 1028 3601 1087 potest:
3631 1019 3700 1073 si.

2115 1103 2332 1172 quidem
2362 1104 2503 1159 illam
2532 1106 2796 1174 patienter
2826 1106 3014 1161 tuleris
3044 1107 3266 1162 Domino
3292 1110 3489 1178 gratias
3514 1125 3703 1181 agens.

2118 1212 2203 1251 res
2230 1196 2324 1251 tibi
2347 1198 2558 1252 occasio
2577 1197 2668 1252 ﬁet
2689 1213 2752 1252 ac
2779 1199 2998 1252 materia
3027 1213 3344 1254 coronarum
3379 1219 3391 1253 :
3416 1201 3499 1255 sin
3522 1213 3700 1258 autem

2117 1285 2316 1342 ideirco
2343 1286 2687 1357 blasphemus
2718 1287 2880 1343 l‘ueris
2909 1289 2960 1343 in
2981 1290 3310 1358 Creatorem,
3333 1293 3553 1363 ejusque
3578 1310 3706 1363 pro-

2118 1377 2413 1432 videntiam
2460 1381 2794 1434 accusaveris
2817 1420 2834 1446 ,
2863 1396 2974 1435 rem
3013 1381 3079 1434 ad
3110 1382 3309 1436 malum
3338 1399 3489 1439 usum
3516 1401 3703 1440 rursus

2116 1469 2415 1524 traduxisti.
2447 1470 2551 1526 Sed
2579 1471 3026 1541 quemadmodum
3052 1473 3157 1527 illic
3177 1475 3413 1528 avaritia:
3439 1476 3706 1532 frandisvs

2115 1560 2315 1614 divitia:
2339 1575 2498 1616 causa
2531 1577 2635 1616 non
2663 1572 2788 1616 sunt
2812 1603 2825 1624 ,
2854 1562 2950 1616 sed
2982 1563 3025 1617 is
3050 1564 3138 1633 qui
3181 1565 3319 1620 male
3366 1565 3562 1622 divitiis
3602 1571 3706 1622 uti-

2118 1661 2205 1707 tur
2238 1671 2252 1708 :
2279 1653 2357 1708 sic
2385 1653 2545 1709 etiam
2575 1655 2920 1725 blasphemia:
2948 1657 3156 1726 culpam
3183 1673 3288 1710 non
3316 1657 3618 1727 rejiciemns
3650 1663 3712 1714 in

2118 1753 2522 1813 paupertatem,
2573 1745 2667 1800 sed
2714 1747 2766 1799 in
2809 1761 2931 1800 eum
2961 1748 3195 1816 quirem
3245 1749 3524 1804 moderate“
3563 1750 3713 1806 terre

2118 1837 2309 1891 noluit.
2338 1835 2550 1908 Ubique
2583 1853 2813 1908 namque
2841 1853 2962 1892 cum
2990 1838 3129 1903 laus,
3159 1848 3269 1894 tum
3291 1841 3612 1910 vitupcrin‘m
3637 1856 3705 1896 ex

2117 1928 2380 1983 sententia
2419 1937 2475 1983 et
2516 1928 2792 1984 voluntate
2821 1940 3003 1983 nostra
3036 1929 3249 1998 pendet.
3280 1930 3438 1985 Bona.-
3475 1942 3600 1987 sunt
3625 1933 3706 1986 di-

2118 2019 2294 2085 vitiae,
2326 2019 2419 2074 sed
2449 2034 2555 2073 non
2586 2019 2927 2090 simpliciter,
2960 2034 3146 2075 verum
3176 2019 3282 2084 illi,
3317 2021 3401 2075 cui
3430 2033 3706 2092 peccatmn

2119 2124 2223 2162 non
2251 2116 2334 2164 est
2364 2126 2379 2165 :
2407 2119 2461 2164 et
2481 2125 2665 2164 rursus
2690 2110 2828 2164 mala
2863 2119 2944 2165 est
2971 2119 3258 2181 paupertas
3276 2151 3291 2176 ,
3325 2112 3418 2167 sed
3447 2129 3552 2168 non
3577 2115 3711 2168 sim-

2118 2201 2346 2271 pliciter,
2376 2217 2560 2258 vcrum
2587 2204 2638 2257 in
2665 2217 2761 2258 ore
2787 2203 2954 2273 impii,
2981 2204 3233 2274 quoniam
3253 2220 3392 2276 aegre
3419 2205 3545 2274 l'ert,
3569 2224 3713 2279 quo-

2120 2294 2261 2348 niam
2293 2294 2646 2364 blasphemat,
2677 2296 2925 2365 quoniam
2951 2295 3259 2352 Creatorem
3278 2308 3514 2354 accusat.

2188 2385 2242 2440 5.
2263 2383 2374 2439 Nec
2402 2386 2591 2440 divitia:
2609 2403 2696 2441 nec
2721 2396 2992 2457 paupertas
3010 2387 3529 2459 vituperanda—Ne
3553 2391 3714 2463 igitur

2117 2477 2331 2534 divitias
2376 2494 2731 2545 accusemus,
2776 2495 2951 2549 neque
2999 2492 3364 2550 paupertatem
3394 2483 3714 2556 simpliciter

2121 2569 2484 2640 vituperemus
2502 2613 2518 2639 ,
2543 2571 2636 2626 sed
2663 2587 2758 2626 eos
2784 2574 2872 2641 qui
2904 2572 2989 2628 his
3014 2576 3178 2628 rebus
3206 2585 3350 2631 recte
3377 2577 3451 2630 uti
3480 2579 3663 2632 nolunt
3696 2597 3713 2634 :

2102 2676 2212 2739 (res
2241 2663 2383 2718 enim
2414 2663 2543 2732 ipsa:
2569 2671 2695 2718 sunt
2721 2663 2774 2718 in
2804 2663 2982 2719 medio
3008 2665 3218 2736 positae.
3250 2666 3355 2722 Sed
3385 2668 3528 2738 quod
3565 2668 3716 2723 dice-

2119 2757 2242 2812 bam
2285 2759 2303 2828 (
2326 2759 2522 2813 bonum
2546 2759 2688 2813 enim
2717 2766 2886 2814 estut
2910 2758 2974 2813 ad
3008 2761 3156 2829 prius
3184 2760 3310 2815 illud
3337 2772 3713 2831 argumentum

2120 2850 2527 2920 revertamur),
2558 2859 2612 2904 et
2642 2850 2798 2906 dives
2826 2860 2880 2905 et
2908 2866 3108 2921 pauper
3135 2852 3325 2907 eadem
3358 2869 3478 2907 cum
3523 2855 3713 2909 ﬁducia

2119 2949 2174 2994 el
2203 2938 2446 2995 libertate
2474 2939 2556 2995 his
2583 2943 2780 2996 nostris
2823 2941 3230 2997 medicamentis
3279 2941 3528 2998 fruuntur
3560 2963 3574 2997 :
3607 2959 3714 2998 sac-

2123 3045 2418 3099 penumero
2446 3031 2606 3086 etiam
2635 3033 2824 3102 majori
2853 3048 2975 3088 cum
3001 3034 3178 3089 studio
3204 3049 3423 3105 pauper.
3453 3035 3571 3092 Non
3601 3039 3716 3092 haec

2120 3120 2634 3177 medicamentorum
2676 3123 2900 3178 istorum
2947 3124 3209 3194 prwcipua
3261 3125 3377 3180 laus
3409 3136 3524 3194 est,
3571 3129 3714 3198 quod

2121 3212 2332 3267 animas
2377 3220 2610 3280 sanent,
2667 3213 2812 3284 quod
2865 3216 3119 3284 temporis
3168 3216 3552 3288 longinquitate
3607 3235 3712 3274 non

2121 3312 2537 3373 corrumpantur
2557 3346 2572 3369 ,
2616 3305 2758 3376 quod
2789 3320 2817 3359 a
2845 3307 3044 3362 morbis
3072 3323 3179 3362 non
3207 3310 3486 3364 vincantur
3509 3351 3524 3374 ,
3570 3312 3713 3381 quod

2120 3413 2306 3454 eorum
2349 3398 2550 3453 utilitas
2574 3399 2744 3470 gratis
2769 3401 3040 3471 proposita
3071 3402 3161 3467 sit,
3192 3401 3330 3470 quod
3352 3419 3416 3457 ex
3444 3419 3602 3474 aequo
3628 3404 3712 3458 di-

2123 3488 2322 3544 vitibus
2361 3498 2417 3544 ει
2455 3490 2776 3561 pauperibus
2817 3498 2992 3561 pateat
3026 3490 3290 3548 medicina
3323 3492 3460 3548 :sed
3488 3502 3544 3549 et
3571 3493 3713 3548 aliud

2121 3581 2391 3653 quidpiam
2436 3583 2605 3638 nihilo
2632 3584 2810 3638 minus
2852 3583 2938 3640 bis
2976 3584 3131 3640 bonis
3174 3585 3388 3641 habent.
3431 3587 3713 3654 Quodnam

2123 3671 2251 3726 illud
2281 3672 2494 3728 tandem
2533 3674 2650 3729 est?
2675 3673 2826 3741 Quod
2856 3689 2950 3729 eos
2975 3675 3067 3744 qui
3095 3674 3158 3729 ad
3189 3675 3326 3730 hanc
3357 3677 3548 3732 medici
3590 3678 3714 3731 olli.

2127 3763 2306 3818 cinam
2337 3766 2557 3818 veniunt
2595 3779 2705 3819 non
2729 3764 3087 3835 divulgamns.
3112 3765 3245 3820 Nam
3275 3767 3350 3821 illi
3380 3768 3720 3838 quidemqui

2123 3855 2189 3908 ad
2222 3853 2470 3925 profanas
2497 3854 2826 3910 medicorum
2861 3853 3106 3910 ofﬁcinas
3130 3855 3330 3911 abeunt
3353 3897 3368 3920 ,
3397 3857 3593 3913 multos
3623 3860 3717 3912 ha-

2123 3945 2254 4002 bent
2301 3947 2579 4002 vulnerum
2622 3956 3090 4018 spectatoreszae
3135 3948 3237 4002 nisi
3283 3948 3432 4017 prius
3477 3950 3722 4006 medicus

2125 4041 2276 4096 ulcus
2299 4041 2544 4112 detegat,
2580 4041 3030 4097 medicamentum
3057 4057 3166 4096 non
3189 4039 3408 4096 adhibet
3434 4059 3449 4096 :
3478 4041 3568 4097 hic
3589 4058 3722 4098 vero

2126 4147 2233 4186 non
2261 4133 2331 4186 ita
2358 4135 2455 4200 lit,
2502 4133 2596 4188 sed
2636 4148 2757 4188 cum
2799 4134 3112 4189 innumeros
3139 4133 3418 4189 videamus
3445 4145 3715 4206 aegrotos,

2127 4226 2340 4279 occulte
2371 4225 2488 4278 illos
2515 4240 2786 4280 curamus.
2823 4225 3008 4294 Neque
3033 4228 3175 4281 enim
3207 4226 3259 4280 in
3291 4226 3523 4281 medium
3553 4227 3729 4280 addn-

2126 4315 2227 4368 clis
2255 4314 2644 4384 peccatoribus,
2673 4328 2860 4369 corum
2881 4314 3074 4370 deinde
3104 4328 3321 4385 peccata
3347 4315 3711 4388 divulgamns:

2127 4403 2222 4459 sed
2242 4404 2511 4459 communi
2531 4404 2778 4459 omnibus
2798 4405 3038 4460 doctrina
3061 4407 3351 4476 proposita,
3376 4407 3721 4463 conscientia:

2128 4495 2480 4566 relinquimus
2504 4495 2829 4561 auditorum,
2860 4504 2919 4549 ul
2947 4498 3357 4552 convenientem
3389 4513 3486 4552 suo
3513 4497 3721 4553 vulneri

2129 4604 2194 4644 ex
2223 4589 2288 4643 iis
2308 4603 2426 4659 qua:
2451 4587 2587 4643 dicta
2615 4598 2738 4644 sunt
2763 4589 2979 4644 eliciant
3005 4590 3346 4645 medicinam.
3371 4591 3555 4646 Prodit
3577 4592 3719 4648 enim

2131 4679 2201 4734 ab
2227 4680 2457 4735 oratoris
2482 4680 2657 4750 lingua
2685 4682 2942 4736 doctrinm
2964 4697 3148 4738 sermo
3166 4684 3254 4754 qui
3276 4685 3720 4756 vituperationem

2126 4771 2242 4826 vitii
2269 4773 2531 4838 continet,
2561 4773 2770 4828 laudem
2795 4774 3029 4840 virtutis,
3062 4775 3534 4846 reprehensionem
3564 4778 3730 4835 luxu-

2127 4859 2257 4926 riae,
2301 4863 2822 4919 commendationem
2862 4866 3156 4933 castitatis,
3189 4869 3588 4941 accusationem
3630 4885 3728 4926 su-

2127 4953 2350 5024 perbire,
2378 4956 2702 5024 prmeonium
2732 4956 3029 5025 modestiae,
3063 4967 3332 5030 tamquam
3353 4961 3558 5016 varium
3588 4964 3729 5018 mul-

2127 5047 2398 5118 tiplexque
2447 5047 2792 5118 pbarmacum
2819 5065 2886 5105 ex
2909 5051 3159 5106 omnibus
3195 5053 3478 5122 speciebus
3504 5070 3727 5126 compo-

2128 5138 2290 5195 situm
2319 5155 2335 5194 :
2365 5150 2529 5210 porro
2555 5140 2881 5195 conveniens
2917 5141 3019 5196 sibi
3046 5151 3101 5196 et
3122 5143 3250 5198 utile
3279 5153 3336 5199 ut
3363 5145 3612 5216 accipiat,
3647 5156 3731 5201 est

2131 5231 2552 5303 uniuscujusque
2616 5230 2944 5288 auditorum.
3012 5233 3260 5290 Procedit
3319 5237 3480 5307 igitur
3544 5248 3730 5310 aperte

2130 5335 2314 5378 sermo
2338 5361 2354 5385 ,
2397 5329 2451 5376 et
2493 5321 2752 5393 cujusque
2793 5324 3137 5380 conscientia}
3178 5325 3414 5382 insidens
3438 5367 3454 5394 ,
3499 5328 3731 5386 latenter

2129 5427 2280 5468 suam
2319 5411 2538 5470 exhibet
2581 5412 2900 5469 medicinam
2923 5456 2936 5481 ,
2987 5424 3042 5470 et
3073 5417 3226 5488 prius
3265 5433 3425 5489 quam
3467 5420 3730 5491 :cgrituilo

2130 5503 2453 5576 publicetur,
2481 5515 2625 5575 smpe
2653 5505 2886 5561 restituit
2908 5507 3214 5562 sanitatem.

2210 5596 2265 5652 ι.
2309 5595 2437 5653 lleri
2457 5595 2674 5667 Quidem
2713 5605 2862 5654 certe
2885 5597 3070 5653 audiist
3081 5599 3127 5654 is
3152 5614 3260 5671 quo
3288 5609 3446 5672 pacto
3475 5601 3722 5657 virtutem

2137 5690 2398 5744 orationis
2448 5685 2745 5752 laudarim,
2784 5702 2887 5760 quo
2931 5699 3083 5762 pacto
3126 5704 3218 5746 ονε
3265 5693 3353 5764 qui
3402 5693 3721 5769 negliomrer
