4060 6260
291 351 396 408 355

303 465 554 542 ῥημάτων
589 460 700 516 τῶν
755 459 812 526 ἐξ
847 455 1078 528 ούρανοῦ
1118 455 1432 524 σύγκειται·
1461 451 1619 506 τοῦτο
1657 451 1756 505 ούκ
1785 451 1868 502 ία-

463 549 669 618 χεῖρες,
691 542 827 596 ἀλλά
859 539 1174 622 λιτροφητιῖιν⁸
1184 535 1594 591 κατεσκεύασαν
1609 534 1868 604 γλῶτται.

295 617 390 686 Ala
413 617 572 683 τοῦτο
597 625 818 697 διαρκές
847 627 980 685 ἐστι,
1007 624 1102 676 καὶ
1121 619 1243 674 οὔτε
1263 618 1456 690 πλήθει
1475 617 1678 688 χρόνων
1696 617 1872 685 ἀμαυ-

298 714 504 786 ροῦται,
537 709 662 764 οὗτε
702 708 928 776 δυνάμει
955 704 1302 786 νοσημάτων
1325 700 1629 786 ἐλέγχεται.
1665 697 1874 786 Τὰεμὲν

295 779 402 866 γάρ
434 794 543 848 τῶν
607 790 809 862 ἰατρῶν
862 789 1124 858 φάρμακα
1157 785 1441 866 ἀμφότερα
1473 781 1642 866 ταῦτα
1672 779 1876 850 ἐχεῗτά

296 862 649 946 ἐλαττώματα
668 890 682 904 ·
709 872 876 942 νεαρά
921 872 1018 940 μὲν
1044 867 1151 937 γὰρ
1172 867 1300 918 δντα
1338 865 1438 933 τὴν
1485 865 1638 934 ἰσχὺν
1677 862 1877 916 ἐπιδεί-

295 976 484 1015 κνυται
504 959 602 1028 τὴν
623 955 832 1010 ἐαυτῶν
874 955 1000 1006 ὅταν
1021 951 1076 1004 δέ
1101 949 1287 1022 χρόνος
1310 946 1554 1018 παρέλθῃ
1574 946 1758 1008 πολὺς,
1778 961 1876 998 κα-

296 1043 472 1114 θάπερ
485 1041 552 1094 τά
569 1039 913 1111 γεγηρακότα
927 1037 1034 1088 τῶν
1057 1035 1341 1104 σωμάτων,
1361 1031 1722 1102 ἀσθενέστερα
1736 1030 1880 1098 γίνε-

296 1143 407 1180 ται·
449 1125 705 1186 πολλάκις
745 1123 802 1176 δέ
833 1121 972 1174 αὺτά
1012 1120 1102 1171 καὶ
1141 1115 1396 1170 δυσκολία
1429 1114 1878 1186 ἀρρωστημάτων

295 1209 590 1278 διήλεγξεν·
617 1205 931 1276 ἀνθρώπινα
964 1203 1072 1272 γάρ
1104 1205 1238 1255 ἐστι·
1264 1200 1326 1252 τὸ
1351 1199 1405 1251 δὲ
1428 1199 1568 1251 θεῖον
1592 1199 1880 1268 φάρμακον

297 1292 356 1343 οὐ
387 1277 646 1347 τοιοῦτον.
672 1288 806 1342 ἀλλά
825 1287 1016 1358 χρόνου
1045 1283 1427 1352 διαγενομένου
1445 1277 1658 1340 πολλοῦ,
1686 1279 1784 1348 τὴν
1798 1279 1879 1330 0i-

297 1374 451 1426 κείαν
479 1373 630 1442 ἰσχὺν
661 1369 774 1440 ἔχει
803 1371 1001 1421 πᾶσαν.
1049 1365 1140 1430 Ἐξ
1167 1365 1290 1416 ὅτου
1320 1362 1448 1431 γοῦν
1476 1360 1692 1429 ἐγένετο
1711 1361 1878 1413 Μωῦ-

298 1455 400 1524 σῆς
430 1454 512 1524 (ἐξ
542 1451 750 1506 ἐκείνου
781 1453 890 1522 γὰρ
914 1453 948 1520 ὴ
977 1449 1119 1520 ἀρχὴ
1151 1446 1259 1500 τῶν
1291 1443 1563 1516 Γραφῶν),
1594 1443 1881 1504 τοσούτους

297 1538 668 1608 ἐθεράπευσεν
698 1534 1037 1603 ἀνθρώπους,
1065 1531 1157 1584 καὶ
1179 1529 1279 1598 τὴν
1305 1528 1510 1580 οίκείαν
1533 1525 1760 1594 δύναμιν
1781 1525 1880 1578 οὐκ

293 1606 573 1673 ἀπέϐαλεν
596 1635 610 1649 ·
647 1617 760 1672 ἀλλ’
791 1617 913 1670 ούδέ
943 1615 1154 1684 νόσημα
1196 1610 1359 1665 αὐτοῦ
1390 1608 1732 1679 περιεγένετο
1765 1606 1881 1660 πώ-

296 1715 452 1754 ποτε.
482 1699 652 1753 Τοῦτο
677 1699 736 1752 16
765 1699 1054 1770 φάρμακον
1072 1697 1170 1749 ούκ
1197 1694 1342 1746 ἐστιν
1363 1691 1624 1763 ἀργύριον
1642 1691 1883 1744 καταϐα-

296 1783 460 1837 λόντα
497 1783 701 1844 λαϐεῖν,
733 1781 848 1836 ἀλλ’
883 1782 910 1833 6
941 1779 1258 1850 προαίρεσιν
1308 1775 1400 1828 καὶ
1457 1773 1696 1828 διάθεσιν
1747 1789 1882 1842 γνη-

301 1869 427 1922 σίαν
455 1863 883 1934 ἐπιδειξάμενος,
921 1862 1065 1914 ἆπαν
1098 1861 1238 1929 ἔχων
1297 1857 1528 1926 ἀπῆλθε.
1583 1854 1682 1908 Διά
1729 1855 1884 1908 τοῦτο

299 1950 399 2002 καὶ
432 1947 676 2001 πλούσιοι
717 1947 810 1999 καὶ
856 1945 1087 2014 πένητες
1115 1940 1315 2012 ὁμοίιος
1343 1940 1442 2009 τῆς
1485 1937 1725 2008 ἰατρείας
1757 1937 1885 1990 ἀπο-

297 2030 526 2084 λαύουσι
570 2028 792 2099 ταύτης.
839 2026 1008 2080 Ἔνθα
1035 2027 1132 2097 μὲν
1179 2023 1287 2094 γὰρ
1319 2023 1530 2092 ἀνάγκη
1557 2020 1876 2074 καταθεῖναι

295 2115 582 2185 χρήματα,
608 2115 637 2166 6
670 2113 770 2182 μὲν
797 2109 1029 2180 εὔπορος
1057 2109 1272 2178 μετέχει
1319 2106 1418 2175 τῆς
1449 2106 1714 2174 ὠφελείας
1733 2119 1748 2134 ⁸
1779 2107 1808 2158 6
1829 2103 1885 2156 δὲ

298 2199 478 2266 πένης
505 2195 766 2257 πολλάκις
798 2192 1240 2262 ἀπεστερημένος
1269 2190 1362 2243 τοῦ
1391 2189 1610 2261 κέρδους
1652 2187 1888 2257 ἀπέρχε-

296 2295 412 2344 ται,
441 2279 542 2331 οὐκ
573 2276 848 2348 ἀρκούσης
885 2275 1036 2344 αὐτῷ
1071 2275 1176 2343 τῆς
1205 2272 1467 2339 προσόδου
1501 2270 1634 2340 πρὸς
1665 2270 1762 2341 τὴν
1793 2269 1886 2321 τοῦ

299 2361 600 2433 φαρμάκου
627 2359 998 2428 κατασκευήν.
1045 2355 1306 2408 Ἐνταῦθα
1338 2353 1417 2414 δὲ,
1475 2353 1662 2421 ἐπειδὴ
1717 2351 1888 2421 ἀργύ-

299 2462 426 2517 ριον
457 2442 610 2515 [545]
645 2443 744 2494 οῦκ
769 2441 883 2494 ἐστι
909 2439 1258 2500 καταϐαλεῖν,
1301 2437 1436 2490 ἀλλά
1461 2435 1642 2488 πίστιν
1685 2436 1888 2488 ἐπιδεί-

300 2525 502 2592 ξασθαι
535 2526 614 2578 δεῖ
640 2527 731 2578 καὶ
773 2525 1111 2596 προαίρεσιν,
1143 2524 1170 2575 6
1191 2520 1366 2574 ταῦτα
1395 2517 1714 2572 καταϐαλὼν
1752 2517 1890 2587 μετά

297 2609 630 2681 προθυμίας,
657 2604 808 2670 οὗτος
837 2606 1142 2678 καρποῦται
1197 2603 1430 2672 μάλιστα
1466 2605 1565 2672 τὴν
1593 2603 1886 2672 ὠφέλειαν·

298 2693 496 2761 ἐπειδὴ
525 2692 618 2744 καὶ
651 2689 830 2744 ταῦτα
874 2690 974 2758 τῆς
1011 2687 1256 2753 ἰατρείας
1301 2688 1448 2738 ἐστὶν
1477 2688 1508 2738 6
1544 2685 1754 2754 μισθός.
1783 2685 1892 2735 Καὶ

296 2778 331 2828 ὁ
359 2773 614 2833 πλούσιος
673 2773 765 2823 καὶ
808 2773 836 2822 6
873 2771 1041 2838 πένης
1090 2770 1186 2838 τῆς
1240 2767 1512 2834 ὠφελείας
1546 2763 1892 2818 κοινωνοῦσιν

299 2855 509 2926 ὁμοίως
529 2871 543 2884 ⁶
571 2853 771 2924 μᾶλλον
803 2853 858 2904 δὲ
874 2853 974 2920 οὐχ
1013 2851 1216 2920 ὁμοίως
1245 2849 1560 2902 κοινωνοῦσι
1603 2849 1702 2917 τῆς
1746 2846 1892 2914 ὠφε-

301 2940 480 3004 λείας,
507 2938 644 2990 ἀλλά
675 2936 936 2998 πολλάκις
973 2935 1260 2992 πλείονος·ι
1303 2933 1618 2994 ἀπολαύσας
1663 2933 1692 2983 6
1726 2929 1892 2998 πένης

300 3022 628 3093 ἀπέρχεται.
664 3019 728 3072 Τί
752 3019 982 3088 δήποτες
1019 3017 1142 3068 ’Ὁτι
1165 3017 1194 3068 6
1225 3015 1324 3085 μὲν
1373 3015 1624 3077 πλούσιος
1673 3012 1894 3073 πολλαῖς

308 3102 856 3174 προκατειλημμένος
885 3100 1184 3170 φροντίσιν,
1220 3098 1360 3170 ἔχων
1374 3099 1474 3168 τὴν
1501 3097 1765 3150 ἀπόνοιαν
1799 3097 1895 3148 καὶ

303 3188 374 3240 16
411 3187 643 3256 φύσημα
669 3185 732 3238 16
783 3185 883 3253 τῆς
936 3181 1214 3251 εὐπορίας,
1255 3179 1518 3251 ὀλιγωρίᾳ
1567 3178 1744 3243 συζῶν
1801 3179 1896 3230 καὶ

305 3269 578 3342 ῥαθυμίᾳ,
603 3269 665 3321 οὐ
705 3267 844 3338 μετά
880 3265 1083 3336 πολλῆς
1128 3266 1229 3334 τῆς
1259 3263 1564 3336 ἀκριϐείας,
1603 3263 1726 3316 ούδέ
1759 3263 1896 3332 μετά

303 3353 512 3424 πολλῆς
538 3353 638 3420 τῆς
661 3351 898 3419 σπουδῆς
927 3350 988 3402 16
1016 3349 1306 3420 φάρμακον
1327 3349 1425 3418 τῆς
1453 3347 1766 3416 ἀκροάσεως
1791 3345 1898 3398 τῶν

304 3437 544 3508 Γραφῶν
579 3437 792 3505 δέχεται
813 3451 826 3464 ·
854 3437 882 3488 6
921 3434 976 3487 δὲ
1013 3434 1180 3503 πένης
1226 3431 1436 3502 τρυφῆς
1475 3431 1568 3482 καὶ
1596 3428 1898 3498 ἀδηφαγίας

306 3519 408 3571 καὶ
427 3518 694 3588 ῥᾳθυμίας
717 3515 1152 3588 ἀπηλλαγμένος,
1181 3513 1395 3567 ἅπαντα
1422 3511 1513 3564 τὸν
1535 3511 1724 3582 χρόνον
1756 3512 1813 3563 ὲν
1831 3513 1896 3581 τῇ

305 3600 423 3653 τῶν
452 3601 652 3672 χειρῶν
696 3601 928 3670 ἐργασία
959 3599 1184 3659 καὶτοῖς
1211 3594 1439 3657 δικαίοις
1469 3593 1773 3646 ἀναλίσκων
1804 3592 1900 3645 πό-

308 3700 448 3747 νοις,
469 3684 564 3735 καὶ
592 3683 788 3753 πολλὴν
809 3681 1054 3735 ἐντεῦθεν
1085 3679 1230 3750 ψυχῇ
1265 3676 1534 3745 συλλέγων
1557 3673 1896 3744 φιλοσοφίαν,

310 3765 821 3836 προσεκτικιίηερός
869 3781 928 3818 τε
974 3763 1069 3817 καὶ
1120 3762 1476 3831 εύτονιῦτερος
1524 3757 1756 3826 γίνεται,
1805 3757 1900 3810 καὶ

313 3847 460 3917 μετά
500 3848 744 3911 πλείονος
808 3848 1077 3918 προσέσχε
1150 3843 1434 3914 ἀκριϐείας
1481 3843 1596 3902 τοῖς
1672 3839 1901 3908 λεγομέ-

311 3947 450 3995 νοις·
485 3932 606 3985 δθεν
627 3931 720 3985 καὶ
749 3932 967 3984 πλείονα
991 3927 1312 3983 καταϐαλὼν
1333 3925 1422 3978 16v
1447 3923 1659 3996 μισθὸν,
1682 3923 1902 3977 πλείονα

307 4017 414 4087 τὴν
447 4015 711 4084 ὠφέλειαν
741 4015 1170 4086 καρπωσάμενος
1194 4013 1430 4068 ἄπεισιν.

391 4109 457 4182 β’.
491 4111 569 4164 Οὐ
610 4109 718 4163 τῶν
750 4109 1119 4163 πλουτούντων
1149 4105 1336 4170 ἁπλῶς
1379 4102 1698 4175 κατηγορῶν
1730 4100 1900 4156 ταῦτα

315 4189 494 4258 εἷπον,
519 4194 640 4248 οὐδὲ
667 4195 792 4257 τοὺς
817 4193 1057 4263 πένητας
1092 4190 1278 4253 ἁπλῶς
1307 4187 1559 4241 ἐπαινῶν·
1589 4185 1712 4239 οὔτε
1735 4186 1842 4256 γὰρ
1874 4186 1902 4238 6

315 4276 552 4340 πλοῦτος
573 4275 762 4338 κακὸν,
787 4275 922 4328 ἀλλά
943 4274 1002 4328 16
1033 4274 1218 4332 κακῶς
1239 4269 1541 4342 κεχρῆσθαι
1567 4267 1642 4340 τῷ
1663 4268 1897 4338 πλούτῳ·

315 4357 446 4412 οῦτε
481 4363 514 4430 ἠ
539 4359 698 4414 πενία
732 4359 915 4422 καλὸν,
939 4357 1076 4411 ἀλλά
1095 4356 1155 4409 16
1173 4355 1352 4418 καλῶς
1373 4353 1672 4424 κεχρῆσθαι
1707 4354 1774 4421 τῇ
1807 4367 1902 4402 πε-

319 4443 431 4515 νίᾳ.
466 4441 786 4506 Ἐκολάζετο
820 4446 848 4496 ό
885 4441 1137 4502 πλούσιος
1171 4440 1373 4500 ἐκεῖνος
1402 4438 1429 4488 6
1467 4436 1559 4487 ἐπὶ
1598 4433 1692 4486 τοῦ
1724 4431 1903 4515 Λαζά-

326 4509 446 4597 ρου,
478 4526 578 4579 ούκ
611 4526 801 4596 ἐπειδὴ
844 4525 1099 4585 πλούσιος
1127 4518 1228 4594 ἦν,
1278 4520 1394 4572 ἀλλ’
1423 4516 1612 4587 ἐπειδὴ
1641 4515 1792 4585 ὼμδς
1833 4509 1902 4586 ἦν

321 4611 422 4662 καὶ
443 4610 621 4663 ἀπάνο
631 4627 828 4682 ρωπος.
863 4610 1146 4682 Ἐπῃνεῖτο
1169 4607 1200 4658 6
1237 4604 1406 4673 πένης
1431 4599 1684 4682 ἐκεῖνος-δ
1706 4601 1764 4651 ἐν
1789 4601 1901 4682 τοῖς

323 4693 548 4756 κόλποις
577 4679 674 4745 τοῦ
723 4679 1010 4763 Ἀϐραάμ,
1054 4691 1155 4742 οὐκ
1191 4685 1378 4756 ἐπειδὴ
1426 4683 1596 4754 πένης
1635 4679 1738 4752 ἦν,
1785 4680 1899 4734 ἀλλ’

323 4777 516 4846 ἐπειδὴ
547 4777 662 4847 μετ’
685 4775 1036 4845 εὐχαριστίας
1065 4773 1164 4844 τὴν
1193 4771 1380 4824 πενίαν
1401 4769 1620 4840 ἦνεγκε.
1650 4765 1770 4818 Τῶν
1792 4763 1902 4836 γὰρ

325 4861 672 4931 πραγμάτων
696 4858 1014 4928 (προσέχετε
1043 4857 1100 4910 δέ
1132 4855 1272 4926 μετά
1299 4851 1584 4924 ἀκριϐείας
1613 4848 1788 4918 τούτῳ
1825 4849 1902 4920 τῷ

325 4944 502 5015 λόγῳ·
535 4943 726 5012 ἱκανὴν
755 4941 862 5012 γὰρ
898 4943 1026 5011 ὑμῖν
1065 4939 1298 4994 ἐνθεῖναι
1333 4934 1650 5007 φιλοσοφίαν
1677 4933 1903 5015 δυνήσετ

327 5013 451 5092 ται,
475 5027 570 5079 καὶ
593 5025 770 5078 πάντα
797 5023 1190 5094 διεφθαρμένον
1219 5020 1476 5091 λογισμὸν
1506 5017 1778 5080 ἐκϐαλεῖν,
1811 5013 1904 5067 καὶ

330 5111 556 5179 ποιῆσαι
580 5109 709 5178 περὶ
730 5108 837 5162 τῶν
860 5108 1028 5161 ὄντων
1051 5105 1215 5178 ὀρθὴν
1244 5105 1390 5176 ἔχειν
1418 5102 1516 5174 τὴν
1541 5100 1768 5172 κρίσιν),
1796 5099 1904 5151 τῶν

332 5192 511 5246 τοίνυν
550 5192 890 5262 πραγμάτων
919 5191 989 5244 τά
1025 5191 1122 5261 μέν
1151 5191 1266 5243 ἐστι
1297 5187 1454 5254 φύσει
1477 5183 1636 5244 καλά,
1665 5184 1732 5236 τά
1763 5181 1820 5235 δὲ
1846 5181 1906 5233 16

333 5275 604 5330 ἐναντίον·
640 5273 710 5328 τά
759 5273 816 5328 δὲ
860 5272 984 5327 οὔτε
1031 5271 1172 5326 καλά
1196 5311 1211 5335 ,
1261 5269 1385 5324 οὔτε
1424 5267 1599 5331 κακά,
1635 5265 1770 5320 ἀλλὰ
1807 5265 1906 5334 τὴν

337 5359 511 5430 μέσην
539 5357 690 5424 τάξιν
717 5358 916 5430 ἐπέχει.
953 5355 1132 5410 Καλὸν
1167 5356 1202 5425 ἡ
1235 5353 1485 5406 εὐσέϐεια
1515 5350 1697 5420 φύσει,
1738 5347 1906 5430 κακδν

334 5427 370 5510 ἡ
404 5427 626 5494 ἀσέϐεια
648 5459 661 5470 ·
697 5427 856 5493 καλδν
895 5441 930 5510 ή
963 5437 1129 5510 ἀρετὴ
1153 5477 1167 5499 ,
1209 5436 1377 5490 κακὸν
1425 5437 1458 5506 ὴ
1501 5431 1763 5504 πονηρία⁹
1795 5431 1824 5484 6
1851 5427 1908 5482 δέ

341 5524 569 5590 πλοῦτος
595 5525 689 5578 καὶ
705 5527 741 5596 ἡ
767 5524 926 5578 πενία
952 5521 1073 5576 καθ’
1099 5520 1266 5574 ἐαυτά
1296 5519 1394 5592 μέν
1415 5515 1545 5572 οὔτε
1563 5514 1720 5569 τοῦτό
1738 5515 1906 5576 ἐστιν,

404 5690 429 5720 ⁸
453 5688 574 5739 Hac
595 5693 673 5737 est
691 5685 1138 5750 lectiomargigglis
1157 5684 1500 5748 Savilii,quam
1521 5682 1770 5732 conﬁrmat
1790 5678 1907 5732 Cod.

341 5747 446 5800 768.
475 5750 723 5801 Edebamr
742 5747 984 5804 πλειόνωςῖ
1020 5748 1152 5798 Εωτ.

1236 333 1550 395 PECCATA
1589 329 1926 390 FRATRUM
1966 329 2104 386 NON
2146 323 2580 382 EVULGANIH.

3439 295 3547 351 556

1977 439 2098 495 οὔτε
2133 439 2334 492 ἐκεῖνο·
2375 432 2524 506 παρά
2549 431 2608 485 δέ
2631 429 2730 500 τὴν
2761 423 3080 497 προαίρεσιν
3113 421 3220 475 τῶν
3249 417 3546 492 χρωμένων

1975 533 2008 604 ἢ
2048 529 2207 584 τοῦτο
2244 529 2277 600 ἢ
2310 529 2487 581 ἐκεῖνο
2515 523 2746 591 γίνεται,
2776 521 2871 570 Ἂν
2905 516 3004 588 μὲν
3034 513 3144 586 γὰρ
3187 513 3322 584 πρὸς
3354 509 3548 579 φιλαν-

1979 600 2224 698 θρωπίαν
2275 621 2454 693 χρήσῃ
2499 615 2577 686 τῷ
2628 611 2878 682 πλούτῳ,
2924 607 3115 678 γέγονέ
3164 622 3245 658 σοι
3291 600 3453 657 καλοῦ
3488 601 3551 653 16

1978 689 2210 790 πρᾶγμα
2246 689 2530 772 ὑπόθεσις·
2557 708 2622 761 ἂν
2649 705 2705 758 δέ
2735 705 2813 766 εἰς
2847 698 3096 771 ἁρπαγὰς
3125 695 3218 748 καὶ
3239 689 3551 764 πλεονεξίας

1980 811 2076 864 καὶ
2109 807 2290 878 ῦϐριν,
2317 801 2452 873 πρὸς
2477 801 2537 854 16
2571 795 2809 850 ἐναντίον
2840 791 3072 864 ἔτρεψας
3097 785 3260 842 αὑτοῦ
3293 785 3391 855 τὴν
3415 782 3554 854 χρῆ·

1981 919 2083 956 σιν.
2111 873 2223 954 ἀλλ’
2255 896 2352 964 οὺχ
2381 895 2408 946 6
2447 888 2673 950 πλοῦτος
2699 889 2888 948 αἴτιος,
2919 882 3032 936 ἀλλ’
3071 883 3099 934 6
3130 879 3264 950 πρὸς
3293 877 3447 948 ὓϐριν
3474 873 3554 943 τῷ

1981 988 2196 1058 πλούτῳ
2221 983 2580 1057 χρησάμενος.
2601 976 2755 1032 Οῦτω
2776 973 2867 1028 καὶ
2905 971 3032 1042 περὶ
3062 971 3160 1042 τῆς
3194 967 3380 1026 πενίας
3405 965 3554 1017 ἐστιν

1978 1082 2156 1134 εἰπεῖν
2171 1057 2189 1108 γ’
2221 1077 2288 1129 ἂν
2315 1075 2412 1144 μὲν
2442 1071 2552 1142 γάρ
2581 1067 2844 1137 γενναίως
2874 1063 3044 1133 αὐτὴν
3079 1059 3308 1130 ἐνέγκῃς
3335 1057 3556 1126 εὐχαρι-

1981 1171 2122 1226 στῶν
2155 1167 2236 1238 τῷ
2272 1163 2540 1235 Δεσπότῃ,
2575 1157 2766 1229 γέγονέ
2809 1173 2892 1210 σοι
2919 1151 3199 1220 στεφάνων
3229 1150 3290 1202 16
3323 1148 3555 1218 πρᾶγμα

1981 1260 2202 1331 ἀφορμὴ
2251 1257 2342 1310 καὶ
2375 1255 2662 1315 ὑπόθεσις⁸
2706 1251 2772 1304 ἂν
2806 1249 2864 1302 δὲ
2897 1246 3224 1318 βλασφημῇς
3265 1239 3354 1294 διά
3400 1239 3558 1291 τοῦτο

1980 1355 2070 1408 τὸν
2104 1349 2468 1420 πεποιηκότα,
2498 1347 2592 1400 καὶ
2629 1344 2942 1413 κατηγορῇς
2965 1337 3130 1392 αὑτοῦ
3157 1337 3252 1404 τῆς
3282 1332 3555 1404 προνοίας.

1981 1447 2075 1500 ἐπὶ
2112 1443 2268 1514 κακῷ
2295 1440 2458 1494 πάλιν
2490 1437 2708 1510 ἐχρήσω
2731 1434 2810 1505 τῷ
2842 1433 3148 1503 πράγματι.
3201 1427 3340 1480 Ἀλλ’
3369 1424 3558 1494 ὥσπερ

1983 1539 2099 1590 ἐκεῖ
2125 1537 2224 1606 τῆς
2252 1529 2560 1597 πλεονεξίας
2597 1529 2697 1598 ούχ
2723 1527 2750 1578 6
2778 1523 3004 1585 πλοῦτος
3035 1520 3225 1581 αἴτιος,
3255 1517 3368 1570 ἀλλ’
3396 1517 3424 1567 6
3455 1531 3559 1567 κα-

1983 1629 2096 1692 κῶς
2125 1625 2202 1698 τῷ
2234 1623 2449 1692 πλούτῳ
2483 1620 2825 1692 χρησάμενος
2847 1632 2861 1646 ·
2895 1614 3036 1667 οὕτω
3063 1611 3160 1664 καὶ
3195 1607 3428 1662 ἐνταῦθα
3460 1605 3560 1674 τῆς

1985 1718 2335 1792 βλασφημίας
2389 1714 2450 1766 ού
2495 1713 2594 1782 τὴν
2635 1709 2827 1764 πενίαν
2872 1702 3260 1774 αἰτιασόμεθα,
3294 1699 3428 1753 ἀλλά
3470 1700 3564 1750 16v

1989 1791 2066 1881 μὴ
2095 1806 2424 1879 βουληθέντα
2453 1800 2746 1872 σωφρόνως
2779 1798 2838 1852 16
2872 1798 3102 1868 πρᾶγμα
3128 1793 3385 1861 ἐνεγκεῖν.
3415 1791 3562 1842 Παν-

1983 1879 2152 1968 ταχοῦ
2177 1896 2288 1967 γὰρ
2321 1893 2415 1947 καὶ
2442 1893 2470 1944 6
2496 1893 2715 1952 έπαινος
2736 1887 2830 1942 καὶ
2851 1890 2880 1940 ὁ
2902 1887 3066 1956 ψόγος
3087 1884 3186 1953 τῆς
3217 1881 3442 1950 γνώμης
3463 1879 3564 1946 τῆς

1987 1989 2140 2062 [5461
2167 1985 2446 2058 ἡμετέρας
2475 1983 2568 2038 καὶ
2600 1982 2698 2052 τῆς
2732 1975 3100 2062 προαιρέσεως
3127 1977 3296 2027 ἐστιν.
3337 1970 3564 2040 ’Δγαθὸς

1985 2059 2294 2142 δπλοῦτος,
2329 2075 2442 2130 m'
2481 2074 2580 2145 οὐχ
2623 2071 2830 2136 ἀπλῶς,
2859 2069 2973 2124 ἀλλ’
3005 2061 3048 2136 ᾧ
3095 2068 3170 2138 μή
3204 2067 3350 2119 ἐστιν
3379 2059 3566 2134 ’ἀμαρ-

1985 2173 2106 2226 τία·
2143 2172 2235 2226 καὶ
2267 2169 2465 2231 πάλιν,
2514 2164 2728 2236 πονηρά
2757 2165 2792 2234 ἡ
2842 2162 3021 2225 πενία,
3062 2160 3175 2213 ἀλλ’
3211 2158 3309 2226 οὐχ
3356 2154 3562 2216 ἁπλῶς,

1989 2263 2105 2317 ἀλλ’
2135 2263 2194 2314 ἐν
2228 2261 2457 2330 στόματι
2481 2255 2731 2318 ἀσεϐοῦς,
2765 2252 2949 2322 ἐπειδὴ
2983 2249 3344 2322 δυσχεραίνει,
3381 2245 3567 2316 ἐπειδὴ

1991 2353 2324 2425 βλασφημεῖ,
2359 2347 2548 2418 ἐπειδὴ
2581 2347 2898 2415 ἀγανακτεῖ,
2927 2341 3116 2413 ἐπειδὴ
3151 2340 3445 2410 κατηγορεῖ
3473 2335 3566 2389 τοῦ

1992 2444 2370 2513 πεποιηκότος.

2061 2539 2130 2602 γ’.
2159 2531 2252 2602 Μὴ
2270 2530 2450 2583 τοίνυν
2471 2523 2866 2596 καηγορῶμεν
2885 2519 3134 2580 πλούτου,
3177 2518 3308 2590 μηδὲ
3327 2517 3567 2602 κακίζω-

1991 2601 2094 2688 μεν
2126 2601 2315 2670 πενίαν
2341 2613 2550 2676 ἀπλῶς,
2579 2609 2714 2664 ἀλλά
2745 2607 2872 2670 τοὺς
2904 2607 3003 2660 οὐκ
3042 2603 3322 2665 ἐθέλοντας
3361 2601 3570 2664 τούτοις

1993 2685 2226 2772 χρῆσθαι
2273 2695 2454 2759 καλῶς
2478 2713 2490 2726 ·
2539 2693 2679 2748 αὐτά
2711 2690 2819 2763 γάρ
2859 2689 2926 2772 τὰ
2970 2687 3273 2772 πράγματα
3306 2685 3570 2772 ,ἐνμέσῳ

1995 2769 2188 2836 κεῖται.
2227 2780 2368 2832 Ἀλλ’
2395 2780 2532 2846 ὅπερ
2558 2777 2742 2843 ἔλεγον
2769 2783 2784 2842 (
2807 2771 2970 2824 καλὸν
2994 2771 3106 2841 γάρ
3136 2769 3451 2822 ἐπανελθεῖν
3479 2769 3572 2819 ἐπὶ

1993 2863 2093 2934 τὴν
2127 2863 2396 2932 προτέραν
2421 2856 2734 2925 ὑπόθεσιν),
2759 2857 2843 2908 δτι
2872 2857 2964 2907 καὶ
2993 2853 3244 2915 πλούσιος
3277 2851 3369 2904 καὶ
3403 2851 3570 2920 πένης

1999 2931 2138 3015 μετά
2165 2931 2264 3012 τῆς
2291 2941 2460 3011 αὐτῆς
2501 2940 2684 3000 ἀδείας
2725 2939 2816 2990 καὶ
2859 2934 3166 3008 παρρησίας
3197 2933 3306 2985 τῶν
3335 2931 3572 2984 ἐνταῦθα

1999 3027 2306 3098 φαρμάκων
2354 3021 2714 3076 ἀπολαύουσι·
2753 3019 3010 3082 πολλάκις
3056 3017 3113 3070 δὲ
3153 3017 3290 3087 μετὰ
3329 3017 3571 3079 πλείονος

1999 3109 2238 3180 σπουδῆς
2269 3111 2297 3162 6
2326 3106 2514 3177 πένης.
2538 3103 2672 3158 Ούδέ
2700 3103 2808 3174 γὰρ
2839 3101 2998 3155 τοῦτο
3025 3101 3185 3170 μόνον
3211 3100 3328 3152 ἐστὶ
3349 3100 3407 3152 16
3429 3099 3576 3165 ἐξαί-

2001 3210 2154 3266 ρετον
2179 3191 2287 3245 τῶν
2306 3189 2638 3260 φαρμάκων,
2656 3187 2737 3240 ὅτι
2763 3185 2940 3256 ψυχάς
2967 3183 3280 3256 θεραπεύει.
3301 3186 3383 3238 ὃτι
3408 3186 3576 3256 μήκει

1999 3275 2190 3347 χρόνου
2218 3273 2277 3326 ού
2300 3271 2690 3342 διαφθείρεται,
2715 3270 2794 3322 ὅτι
2822 3269 2926 3320 ὑπὸ
2958 3267 3258 3338 νοσήματος
3285 3267 3383 3338 ούχ
3406 3267 3573 3338 ἡττᾶ-

1998 3376 2110 3422 ται,
2145 3359 2227 3411 ὅτι
2261 3357 2468 3427 δωρεάν
2517 3355 2799 3426 πρόκειται
2849 3355 2882 3424 ὴ
2933 3353 3190 3422 ὠφέλεια,
3241 3355 3322 3406 ὅτι
3355 3351 3413 3416 ἐξ
3459 3354 3578 3406 [σου

2001 3444 2096 3496 καὶ
2127 3439 2402 3504 πλουσίοις
2429 3439 2522 3491 καὶ
2546 3438 2738 3508 πένησι
2765 3436 2823 3489 16
2843 3437 2942 3505 τῆς
2968 3436 3295 3508 θεραπείας·
3321 3436 3435 3489 ἀλλ’
3462 3437 3580 3506 ἔχει

1999 3543 2053 3578 τι
2093 3527 2188 3578 καλ
2213 3525 2400 3595 ἕτερον
2428 3523 2528 3575 οὐκ
2556 3521 2776 3573 ἔλαττον
2798 3519 3001 3572 τούτων
3023 3519 3130 3572 τῶν
3157 3519 3398 3588 ἀγαθῶν.
3419 3521 3579 3573 Ποῖον

1999 3609 2064 3680 δὴ
2097 3607 2290 3672 τοῦτο;
2321 3606 2459 3668 Τοὺς
2496 3602 2823 3676 ἐρχομένους
2849 3603 2928 3665 είς
2951 3602 3013 3655 16
3059 3603 3292 3673 ἰατρεῖον
3331 3603 3488 3656 τοῦτο
3513 3604 3578 3655 ού

1999 3691 2396 3762 δημοσιεύομεν
2434 3688 2850 3762 ἡμεῖς.-ῼί-μὲν
2887 3685 2996 3758 γὰρ
3035 3687 3114 3762 εἰς
3158 3687 3240 3762 τά.
3266 3688 3476 3762 ίατρεῖα
3508 3688 3576 3741 τά

2012 3756 2210 3828 ἔξωθεν
2242 3756 2517 3820 ἀπιόντες,
2551 3756 2780 3820 πολλοὺς
2819 3756 2999 3828 έχουσι
3025 3759 3152 3820 τοὺς
3187 3759 3256 3812 τὰ
3285 3756 3577 3827 τραύματα

2003 3843 2375 3914 θεωροῦντας·
2408 3841 2509 3894 κᾶν
2543 3839 2618 3910 μὴ
2662 3839 2986 3910 ἀποκαλύψῃ
3022 3839 3288 3911 πρότερον
3326 3842 3354 3893 6
3395 3828 3578 3913 ίατρδς

2002 3927 2061 3980 16
2081 3927 2258 3989 ἕλκος,
2292 3925 2351 3978 τὸ
2385 3925 2673 3993 φάρμακον
2711 3923 2811 3976 ούκ
2861 3922 3198 3992 ἐπιτίθησιν·
3249 3922 3484 3978 ἐνταῦθα
3521 3923 3582 3979 δὲ’

2003 4011 2101 4081 οὐχ
2131 4009 2322 4072 οὕτως,
2361 4007 2498 4061 ἀλλά
2529 4005 2754 4078 μυρίους
2788 4005 3022 4078 ὁρῶντες
3067 4005 3405 4075 κάμνοντας,
3447 4006 3574 4059 λαν-

2003 4094 2274 4156 θανόντως
2317 4091 2616 4162 ποιούμεθα
2645 4089 2742 4159 τὴν
2790 4089 3085 4160 θεραπείαν
3117 4089 3316 4143 αὐτῶν.
3349 4091 3424 4142 υύ
3465 4091 3580 4162 γάρ

2005 4179 2084 4242 είς
2119 4177 2281 4248 μέσον
2325 4177 2548 4244 ἄγοντες
2581 4174 2705 4236 τοὺς
2758 4173 3180 4244 ἡμαρτηκότας,
3224 4172 3367 4226 οὓτω
3410 4178 3580 4243 δημο-

2007 4260 2262 4330 σιεύομεν
2292 4257 2470 4312 αὐτῶν
2498 4256 2566 4310 τά
2591 4257 2962 4328 ἁμαρτήματα
2988 4272 3000 4284 ·
3033 4255 3168 4308 ἀλλά
3194 4256 3375 4328 κοινὴν
3407 4257 3580 4312 ἅπασι

2004 4347 2294 4420 προθέντες
2327 4347 2424 4415 τὴν
2450 4345 2820 4406 διδασκαλίαν,
2848 4345 2925 4414 τῷ
2945 4344 3051 4396 τῶν
3073 4345 3437 4416 ἀκροωμένων
3458 4363 3582 4398 συν-

2004 4429 2166 4482 ειδότι
2199 4427 2706 4497 καταλιμπάνομεν,
2740 4425 2879 4477 ὥστε
2905 4426 3132 4478 ἕκαστον
3155 4427 3216 4478 τὸ
3248 4427 3582 4496 κατάλληλον

2006 4511 2296 4581 φάρμακον
2353 4508 2432 4578 τῷ
2487 4507 2672 4577 οίκείῳ
2705 4509 2978 4577 τραύματι
3013 4507 3078 4560 ἐκ
3118 4507 3224 4560 τῶν
3271 4507 3580 4576 λεγομένων

2003 4592 2434 4647 ἐπισπάσασθαι.
2457 4591 2678 4663 Πρόεισι
2703 4591 2802 4662 μὲν
2833 4591 2940 4661 γὰρ
2967 4591 2996 4642 6
3023 4590 3178 4658 λόγος
3204 4590 3300 4661 τῆς
3329 4590 3586 4645 διδασκα-

2002 4678 2124 4740 λίας
2145 4676 2253 4732 ἀπὸ
2283 4677 2380 4746 τῆς
2411 4675 2656 4745 γλώττης
2679 4673 2774 4727 τοῦ
2794 4673 3060 4740 λέγοντος,
3083 4673 3217 4742 ἔχων
3247 4675 3588 4746 κατηγορίαν

2005 4762 2220 4826 κακίας,
2249 4760 2468 4813 ἔπαινον
2499 4757 2722 4829 ἀρετῆς,
2747 4756 2950 4828 μέμψιν
2969 4757 3276 4824 ἀσελγείας,
3306 4759 3588 4828 ἐγκώμιον

2007 4843 2395 4916 σωφροσύνης,
2447 4841 2615 4910 ψόγον
2646 4839 2940 4904 ἀπονοίας,
2984 4840 3283 4904 ἐπιεικείας
3329 4841 3584 4906 ἔπαινον,

2007 4929 2258 5000 καθάπερ
2327 4925 2572 4978 ποικίλον
2627 4923 2721 4977 καὶ
2775 4923 3114 4975 παντοδαπὸν
3163 4923 3455 4994 φάρμακον
3521 4925 3584 4990 ἐξ

2009 5013 2264 5065 ἁπάντων
2301 5007 2458 5062 εἰδῶν
2495 5006 2885 5075 συγκείμενον·
2917 5005 2977 5057 16
3017 5004 3074 5058 δέ
3111 5005 3422 5078 πρόσφορον
3457 5008 3581 5060 ἐαυ-

2006 5095 2084 5168 τῷ
2134 5096 2228 5150 καὶ
2275 5097 2546 5166 χρήσιμον
2594 5090 2802 5153 λαϐεῖν,
2860 5089 3090 5144 ἑκάστου
3129 5088 3238 5144 τῶν
3274 5091 3583 5145 ἀκουόντων

2006 5179 2142 5232 ἐστί.
2183 5177 2404 5250 Πρόεισι
2451 5176 2548 5245 μὲν
2592 5170 2684 5228 οῦν
2734 5171 2983 5246 φανερῶς
3025 5173 3055 5224 ό
3084 5171 3272 5241 λόγος,
3309 5177 3388 5237 είς
3422 5174 3478 5228 δέ
3521 5175 3586 5228 16

2007 5263 2240 5316 ἑκάστου
2287 5259 2526 5323 συνειδὸς
2567 5257 3028 5326 ἐγκαθεζόμενος,
3083 5255 3455 5318 λανθανόντως
3488 5259 3584 5310 καὶ

2006 5347 2105 5417 τὴν
2153 5346 2280 5414 παρ’
2327 5341 2522 5396 ἐαυτοῦ
2570 5340 2866 5412 θεραπείαν
2912 5339 3140 5411 παρέχει
3160 5377 3176 5403 ,
3227 5341 3322 5394 καὶ
3370 5341 3498 5410 πρὶν
3543 5340 3578 5413 ἢ

2006 5427 2432 5502 δημοσιευθῆναι
2497 5426 2562 5480 16
2612 5425 2860 5498 νόσημα,
2912 5423 3012 5496 τὴν
3059 5421 3269 5492 ὑγίειαν
3319 5423 3584 5490 πολλάκις

2007 5514 2308 5586 ἐπήγαγεν.

2083 5595 2114 5651 δ
2129 5637 2144 5652 .
2184 5593 2484 5650 Ἠκούσατε
2497 5590 2629 5661 γοῦν
2643 5587 2792 5664 χθές,
2809 5588 2926 5654 πῶς
2941 5589 3182 5662 ἐπῄνεσα
3193 5589 3292 5662 τῆς
3305 5589 3472 5663 εὐχῆς
3483 5590 3582 5662 τὴν

2008 5679 2254 5752 δύναμιν,
2297 5677 2412 5744 πῶς
2445 5677 2676 5732 ἐκάκισα
2711 5673 2839 5740 τοὺς
2882 5673 3022 5745 μετὰ
3050 5673 3323 5747 ῥᾳθυμίας
3352 5673 3582 5749 εὐχομέ-
