4060 6260
505 426 653 475 νους,
682 408 877 464 οὒδένα
915 407 1096 465 αὐτῶν
1132 409 1517 480 δημοσιεύσας.
1544 411 1608 465 Ol
1639 410 1739 482 μὲν
1781 407 1876 465 ὧν
1908 428 2081 465 συνειρ

505 494 661 556 δότες
709 495 924 556 ἐαυτοῖς
967 493 1225 565 σπουδὴν,
1258 493 1505 560 ἐδέξαντο
1552 494 1614 548 τδ
1667 494 1942 566 ἐγκώμιον
1980 496 2081 566 τῆς

507 578 692 648 εὐχῆς,
719 577 814 630 zeal
852 574 1100 644 ἐγένοντο
1141 578 1549 649 σπουδαιότεροι
1585 580 1697 643 τοῖς
1725 578 2000 642 ἐπαίνοις·
2029 579 2081 631 οί

505 660 564 714 δέ
591 659 892 723 συνειδότες
929 661 1145 726 ἑαυτοῖς
1175 661 1471 734 ρᾳθυμίαν,
1509 659 1757 728 ἐδέξαντο
1788 663 1951 717 πάλιν
1981 662 2083 732 τὴν

509 741 849 812 ἐπιτίμησιν,
879 744 974 797 zeal
1008 745 1108 816 τὴν
1141 744 1430 818 ὀλιγωρίαν
1464 746 1747 801 ἀπέθεντο.
1787 746 1928 800 Ἀλλ’
1955 745 2082 800 οῦτε

507 822 749 889 τούτους,
767 824 891 879 οῦτε
912 827 1153 892 ἐκείνους
1181 828 1359 898 ἴσμεν·
1392 829 1426 901 ἡ
1448 828 1507 883 δέ
1539 829 1731 897 ἄγνοια
1752 828 2083 900 ἀμφοτέροις

510 906 782 978 χρήσιμος
811 908 972 979 αὕτη.
1004 907 1148 977 Πῶς,
1187 908 1297 979 ἐγὼ
1326 911 1490 978 λέγω.
1534 911 1592 965 ’0
1643 910 1753 964 τῶν
1789 909 2082 980 ἐγκωμίων

509 988 751 1054 ἀκούσας
775 990 874 1062 τῆς
900 991 1084 1063 εὐχῆς,
1119 993 1213 1046 zeal
1247 991 1503 1056 συνειδὼς
1534 991 1712 1063 ἐαυτῷ
1742 991 2004 1061 σπουδὴν,
2033 991 2083 1044 εί

510 1071 738 1135 πολλοὺς
759 1068 872 1143 εἶχε
892 1073 1175 1145 μάρτυρας
1206 1074 1314 1128 τῶν
1335 1074 1646 1145 ἐγκωμίων,
1674 1073 1812 1145 πρὸς
1827 1072 2083 1127 ἀπόνοιαν

509 1153 578 1206 ἂν
603 1153 931 1226 ἐξωλίσθησε
951 1173 967 1187 ·
998 1158 1119 1210 νυνὶ
1160 1157 1217 1210 δέ
1257 1156 1630 1220 λανθανόντως
1664 1155 1955 1225 δεξάμενος
1991 1153 2084 1208 τὸν

510 1234 756 1301 ἔπαινον,
779 1237 961 1308 πάσης
983 1237 1301 1304 ἀλαζονείας
1322 1238 1688 1309 ἀπήλλακται.
1720 1237 1888 1292 Πάλιν
1906 1237 1935 1288 6
1962 1252 2086 1290 συν-

510 1316 671 1382 ειδὼς
703 1318 882 1390 ἐαυτῷ
936 1320 1245 1392 ρᾳθυμίαν,
1295 1322 1395 1392 τῆς
1454 1322 1785 1393 κατηγορίας
1823 1319 2082 1383 ἀκούσας.

511 1400 729 1468 ἐγένετο
760 1401 985 1471 βελτίων
1011 1403 1118 1456 ἀπὸ
1168 1403 1269 1474 τῆς
1326 1404 1680 1474 κατηγορίας,
1714 1402 1905 1456 οὐδένα
1940 1399 2085 1471 σχὼν

510 1483 610 1553 τῆς
632 1482 786 1557 [δι-ι]
817 1485 1183 1555 ἐπιτιμήσεως
1220 1486 1476 1555 γνωστῶν
1504 1498 1530 1527 ι
1564 1484 1885 1557 ἀνθρώπων·
1928 1482 2086 1537 τοῦτο

510 1564 570 1616 δέ
596 1566 758 1620 αὑτὸν
790 1566 890 1636 οὐχ
916 1565 991 1629 ὡς
1023 1566 1212 1636 ἔτυχεν
1242 1565 1441 1638 ὤνησε.
1467 1567 1567 1621 Διά
1600 1567 1710 1639 γάρ
1735 1566 1796 1620 τὸ
1821 1566 1959 1638 πρὸς
1983 1565 2087 1637 τὴν

512 1647 622 1702 τῶν
654 1649 864 1703 πολλῶν
893 1649 1188 1719 ἐπτοῆσθαι
1209 1649 1386 1718 δόξαν,
1437 1651 1543 1715 ἓως
1577 1652 1676 1721 μέν
1703 1651 1770 1705 ἂν
1803 1648 2085 1703 λανθάνειν

513 1732 821 1803 νομίζωμεν
848 1732 1002 1795 ὄντες
1040 1733 1220 1800 κακοὶ,
1266 1732 1639 1803 σπουδάζομεν
1684 1731 1930 1801 γίνεσθαι
1961 1729 2085 1801 βελ-

510 1814 680 1878 τίους·
712 1813 933 1868 ἐπειδάν
962 1815 1018 1868 δέ
1045 1818 1179 1869 πᾶσι
1205 1815 1496 1887 γενώμεθα
1521 1815 1835 1887 κατάδηλοι,
1869 1813 1965 1867 zeal
1984 1812 2086 1883 τὴν

510 1899 578 1951 ἐκ
609 1897 702 1952 τοῦ
722 1898 1005 1954 λανθάνειν
1029 1899 1384 1971 ἀπολέσωμεν
1400 1899 1778 1972 παραμυθίαν,
1798 1898 2087 1967 ἀναισχυν-

509 1985 632 2039 τότε
642 2002 720 2057 ροι
742 1988 835 2041 zeal
870 1987 1232 2059 ρᾳθυμότεροι
1252 1988 1452 2058 μᾶλλον
1472 1987 1753 2058 γινόμεθα.
1783 1985 1896 2039 Καὶ
1913 1982 2085 2037 καθά-

510 2083 621 2136 περ
648 2067 715 2121 τά
746 2068 878 2141 ἐλκη
903 2069 1276 2141 γυμνούμενα,
1320 2071 1417 2125 zeal
1478 2070 1603 2143 ἀέρι
1638 2068 1833 2139 ψυχρῷ
1875 2064 2086 2137 συχνῶς

510 2148 823 2219 ὁμιλοῦντα,
855 2151 1211 2223 χαλεπώτερα
1248 2153 1509 2223 γίνονται·
1569 2151 1713 2205 οὕτω
1746 2151 1843 2204 zeal
1871 2150 1909 2219 ἡ
1936 2145 2084 2217 ψυχὴ

512 2233 885 2304 ἡμαρτηκυῖα,
942 2233 1008 2288 ἀν
1062 2235 1263 2305 μεταξὺ
1315 2235 1524 2289 πολλῶν
1564 2234 1852 2305 ἐλέγχηται
1883 2232 1966 2301 ἐφ’
2004 2227 2086 2293 οἷς

512 2315 956 2387 ἐπλημμέλησεν,
994 2317 1456 2389 ἀναισχυντοτέρα
1502 2317 1732 2385 γίνεται.
1767 2315 1863 2369 Ἴν’
1888 2309 1982 2367 οὖν
2009 2311 2085 2382 μὴ

512 2397 669 2450 τοῦτο
689 2397 931 2470 γένηται,
944 2399 1314 2462 λανθανόντως
1330 2400 1359 2452 6
1377 2399 1534 2469 λόγος
1563 2401 1707 2470 ὑμᾶς
1728 2398 2083 2469 ἐθεράπευσε.

512 2483 625 2535 Kal
645 2483 733 2536 ἴνα
760 2482 990 2553 μάθητε,
1013 2483 1096 2537 δτι
1117 2485 1150 2553 ἡ
1173 2482 1508 2537 λανθάνουσα
1545 2481 1684 2552 αῦτη
1712 2479 1922 2551 ίατρεία
1949 2474 2084 2531 πολὺ

512 2564 575 2618 τὸ
609 2565 797 2637 κέρδος
825 2566 959 2637 ἔχει,
998 2567 1268 2620 ἀκούσατε
1298 2568 1350 2620 τί
1384 2584 1550 2636 φησιν
1584 2569 1612 2621 6
1655 2565 1911 2637 Χριστός·
1950 2561 2087 2614 Ἐὰν

514 2647 744 2718 ἁμάρτῃ
772 2651 862 2715 εὶς
901 2650 976 2702 σὲ
1004 2652 1036 2703 ὁ
1090 2648 1355 2716 ἀδελφός
1387 2665 1530 2714 σου,
1562 2647 1817 2717 ἔλεγξον
1860 2644 2082 2700 αὐτόν·

514 2732 611 2785 καὶ
647 2732 748 2785 οὐκ
776 2726 916 2792 εἶπε.
951 2731 1154 2802 μεταξὺ
1186 2731 1278 2785 σοῦ
1319 2731 1540 2801 καὶτῆς
1571 2730 1797 2795 πόλεως,
1832 2728 1951 2783 οὐδέ
1991 2743 2088 2798 με-

512 2814 645 2878 ταξϋ
677 2813 771 2867 σοῦ
798 2815 892 2868 zeal
914 2812 1008 2867 τοῦ
1031 2814 1226 2885 δήμου,
1254 2813 1412 2880 ἀλλὰ,
1442 2812 1680 2878 Μεταξὺ
1712 2810 1828 2866 σοῦ
1853 2810 1949 2864 καὶ
1980 2810 2087 2863 αὑ-

511 2897 621 2951 τοῦ
647 2898 862 2967 μόνον.
909 2896 1251 2968 Ἀμάρτυρος
1279 2896 1440 2960 ἐστω,
1477 2895 1664 2967 φησὶν,
1694 2896 1728 2966 ἡ
1757 2892 2084 2964 κατηγορία,

514 2980 602 3033 ἴνα
633 2978 852 3043 εὔκολος
902 2978 1128 3050 γένηται
1168 2979 1202 3050 ἡ
1251 2977 1388 3050 πρὸς
1449 2977 1734 3050 διόρθωσιν
1789 2975 2082 3048 μεταϐολή.

510 3063 672 3132 Μέγα
696 3065 803 3136 ἄρα
832 3064 1057 3133 ἀγαθὸν,
1100 3064 1162 3117 τὸ
1215 3064 1485 3118 ποιεῖσθαι
1535 3062 1636 3134 τὴν
1666 3059 1985 3132 παραίνεσιν
2009 3058 2084 3131 μὴ

511 3144 997 3217 δημοσιευομένην.
1038 3147 1231 3218 Ἀρκεῖ
1252 3146 1313 3200 τὸ
1347 3145 1609 3209 συνειδὸς,
1644 3146 1805 3216 ἀρκεῖ
1834 3144 1863 3196 ὁ
1895 3141 2087 3212 κριτὴς

514 3230 720 3291 ἐκεῖνος
773 3228 803 3280 6
855 3229 1171 3293 ἀδέκαστος.
1229 3230 1341 3300 Οὐχ
1384 3228 1526 3281 οὕτω
1583 3230 1647 3282 σὺ
1695 3227 1956 3296 ἐπιτιμᾷς
2008 3223 2086 3295 τῷ

512 3312 882 3384 ἡμαρτηκότι,
912 3312 988 3375 ὡς
1015 3313 1076 3365 τὸ
1104 3312 1342 3376 συνειδὸς
1366 3309 1920 3382 ἐαυτοῦ(πικρότερός
1941 3311 2087 3362 ἐστιν

513 3394 869 3466 όκατὴγορος
901 3394 1173 3464 ἐκεῖνος),
1223 3393 1347 3447 οὔτε
1376 3393 1768 3465 ἀκριϐέστερον
1818 3389 1976 3454 εἰδὼς
2018 3390 2088 3444 τά

516 3476 1046 3549 πεπλημμελημένα.
1076 3477 1170 3548 Μὴ
1195 3476 1374 3531 τοίνυν
1399 3476 1639 3548 προσθῇς
1669 3476 1888 3549 τραῦμα
1917 3474 2087 3547 τραύ-

519 3578 672 3633 μασι,
703 3559 1041 3632 δημοσιεύων
1085 3560 1175 3613 τὸν
1211 3561 1594 3632 ἡμαρτηκότα,
1626 3559 1740 3613 ἀλλ’
1773 3558 2088 3629 ἀμάρτυρον

517 3643 672 3697 ποιοῦ
688 3644 786 3713 τὴν
801 3643 1142 3714 παραίνεσιν.
1156 3643 1327 3696 Τοῦτο
1346 3643 1527 3697 τοίνυν
1546 3644 1639 3698 zeal
1655 3644 1813 3714 ἡμεῖς
1826 3639 2088 3710 ποιοῦμεν

516 3726 636 3791 νῦν,
668 3726 805 3796 ὅπερ
831 3726 925 3780 zeal
975 3724 1188 3789 Παῦλος
1231 3725 1507 3796 ἐποίησεν,
1553 3725 1870 3797 ἀμάρτυρον
1918 3738 2090 3777 κατα-

519 3808 801 3873 σκευάζων
852 3805 945 3861 τοῦ
997 3807 1148 3880 παρά
1201 3807 1510 3879 Κορινθίοις
1558 3806 1945 3879 ἡμαρτηκότος
1986 3802 2088 3875 τὴν

517 3890 869 3964 κατηγορίαν.
924 3890 1035 3945 Kal
1085 3890 1253 3945 ἄκουε
1294 3890 1434 3953 πῶς·
1489 3892 1589 3945 Διά
1624 3888 1836 3953 τοῦτο,
1887 3887 2085 3958 φησὶν,

521 3975 790 4045 ἀδελφοί,
814 3971 1309 4045 μετεσχημάτισα
1348 3972 1534 4026 ταῦτα
1570 3973 1655 4038 είς
1691 3969 1954 4040 ἐμαυτὸν
1989 3967 2089 4022 καὶ

531 4056 825 4112 Ἀπολλώ.
861 4056 972 4109 Kal
1007 4055 1113 4126 μὴν
1138 4055 1256 4124 οὐχὶ
1285 4053 1468 4117 αὐτὸς,
1516 4053 1636 4107 οὐδὲ
1684 4050 1924 4107 ’Δπολλὼ
1948 4047 2089 4123 ἦσαν

516 4140 569 4192 οἱ
600 4137 881 4209 σχίσαντες
914 4135 1007 4190 τὸν
1034 4137 1207 4206 δῆμον
1249 4136 1345 4187 καὶ
1397 4134 1496 4205 τὴν
1545 4134 1874 4204 Ἐκκλησίαν
1911 4133 2091 4187 διατε-

521 4222 735 4293 μόντες·
770 4218 884 4272 ἀλλ’
912 4218 1063 4287 ὅμως
1106 4215 1427 4271 συνεσκίασε
1465 4215 1565 4288 την
1593 4216 1950 4287 κατηγορίαν,
1995 4214 2091 4268 καὶ

519 4301 777 4373 καθάπερ
808 4299 1172 4373 προσωπείοις
1198 4299 1330 4365 τισὶ,
1368 4300 1480 4363 τοῖς
1512 4297 1678 4353 αὐτοῦ
1709 4299 1807 4352 zeal
1848 4295 2090 4351 Ἀπολλὼ

515 4384 747 4457 ὀνόμασι
780 4383 877 4448 τὰς
906 4381 1014 4437 τῶν
1042 4380 1358 4438 ὑπευθύνων
1392 4379 1716 4452 ἀποκρύψας
1740 4381 1913 4451 ὄψεις,
1937 4381 2092 4448 ἐξου-

520 4469 644 4535 σίαν
679 4466 863 4530 αὐτοῖς
894 4464 1068 4519 ἐδίδου
1118 4463 1520 4537 μεταϐαλέσθαι
1555 4465 1620 4516 ἐκ
1667 4463 1768 4534 τῆς
1822 4467 2091 4539 πονηρίας

517 4550 755 4622 ἐκείνης.
788 4549 898 4602 Kal
946 4547 1138 4611 πάλιν,
1197 4546 1421 4615 Μήπως
1468 4547 1722 4603 ἐλθόντα
1752 4565 1831 4617 με
1868 4551 1902 4604 ό
1947 4549 2091 4616 Θεὸς

519 4630 879 4701 ταπεινώσῃ,
903 4630 1001 4685 καὶ
1023 4631 1305 4701 πενθήσω
1331 4629 1604 4696 πολλοὺς
1635 4629 1755 4684 τῶν
1788 4647 2091 4700 προημαρο

516 4716 783 4784 τηκότων
816 4702 914 4769 καί
935 4713 1021 4783 μὴ
1059 4712 1566 4784 μετανοησάντων
1602 4713 1701 4768 ἐπὶ
1731 4713 1808 4783 τῇ
1831 4716 2092 4785 ἀκαθαρε

515 4799 624 4866 σίᾳ
652 4797 751 4851 καὶ
783 4796 1067 4867 ἀσελγείᾳ
1098 4795 1137 4865 ᾗ
1169 4796 1462 4865 ἔπραξαν.
1513 4796 1658 4868 Ὅρα
1709 4797 1827 4861 πῶς
1877 4799 1969 4852 zeal
2000 4800 2090 4853 ἐν-

515 4881 693 4936 ταῦθα
737 4880 1055 4951 ἀδιορίστως
1096 4878 1244 4948 λέγει
1295 4880 1421 4942 τοὺς
1449 4880 1860 4951 ἡμαρτηκότας,
1890 4881 1977 4934 ἵνα
2014 4882 2091 4955 μη

517 4963 759 5034 φανερὰν
788 4962 1019 5035 ποιήσας
1056 4961 1156 5033 τὴν
1202 4962 1556 5033 κατηγορίαν,
1604 4963 2090 5036 ἀναισχυντοτέραν

517 5045 818 5118 ἐργάσηται
840 5045 939 5116 τὴν
968 5043 1075 5097 τῶν
1107 5044 1507 5115 ἡμαρτηκότων
1542 5043 1739 5116 ψυχὴν.
1760 5046 1971 5118 ’Ὠσπερ
1994 5044 2090 5102 οὖν

516 5130 681 5200 ἡμεῖς
732 5125 871 5198 μετά
896 5125 1163 5196 τοσαύτης
1210 5127 1423 5196 φειδοῦς
1466 5130 1592 5193 τοὺς
1619 5130 1872 5201 ἐλέγχους
1902 5132 2090 5186 ποιού-

519 5209 691 5282 μεθα,
726 5208 903 5273 οὕτω,
963 5208 1301 5280 παρακαλῶ,
1356 5211 1452 5264 zeal
1506 5211 1667 5281 ὑμεῖς
1727 5214 1866 5284 μετά
1907 5216 2090 5288 πάσης

517 5293 756 5363 σπουδῆς
792 5289 1015 5358 δέξασθε
1041 5292 1138 5363 τὴν
1167 5291 1472 5363 διόρθωσιν,
1500 5296 1595 5348 zeal
1642 5294 1785 5366 μετά
1804 5297 2091 5369 ἀκριϐείας

517 5378 630 5438 τοῖς
651 5374 962 5446 λεγομένοις
996 5374 1313 5444 προσέχετε.

597 5490 660 5531 ε’.
700 5478 1064 5549 Διελέχθημεν
1098 5479 1227 5550 ὑμῖν
1254 5479 1380 5551 χθὲς
1403 5481 1533 5553 περὶ
1566 5482 1666 5551 τῆς
1689 5483 1968 5557 δυνάμεως
1990 5485 2088 5557 τῆς

518 5560 658 5615 κατά
686 5560 782 5632 τὴν
819 5561 1005 5633 εὐχήν.
1056 5561 1273 5627 Ἕδειξα
1306 5562 1439 5627 ,πῶς
1471 5566 1499 5618 ό
1534 5564 1782 5629 διάϐολος
1810 5569 1930 5623 τότε
1982 5571 2082 5639 ἐφ·

582 5703 602 5724 ⁸
630 5704 782 5755 Forte
806 5707 1036 5767 γνωστήν.
1059 5708 1176 5760 Haec
1202 5722 1295 5761 vox
1318 5710 1456 5762 abest
1486 5727 1512 5762 ιι
1534 5712 1649 5764 Cod.
1674 5714 1781 5765 748.

1169 286 1239 349 S.
1276 291 1558 355 JOANNIS
1595 299 2086 358 ειιιιῖδοετοιιι

2187 298 2448 352 RCIIII'ZP.
2488 299 2643 352 CON.
2674 300 3040 358 ΤΑΝΙἸΧΟΡ.

3639 297 3749 353 558

2180 410 2393 482 εδρεύει
2413 412 2713 482 κακοῦργος
2724 411 2818 466 ὢν.
2837 412 3050 484 Ἐπειδὴ
3075 410 3187 481 γάρ
3198 411 3454 480 μέγιστον
3475 410 3663 482 κέρδος
3684 416 3750 467 ἐκ

2181 493 2281 563 τῆς
2302 494 2470 565 εὐχῆς
2493 496 2596 565 όρᾷ
2624 495 2905 566 γινόμενον
2930 498 3084 566 ἡμῖν,
3100 497 3223 548 τότε
3255 494 3493 566 μάλιστα
3515 496 3753 549 ἐπιτίθε-

2180 592 2293 629 ται·
2327 577 2411 630 ῖνα
2432 580 2581 649 ἡμᾶς
2604 578 2880 653 ἐκκρούσῃ
2920 580 3021 647 τῆς
3076 578 3403 646 ἀπολογίας,
3440 579 3527 632 ἵνα
3567 582 3753 645 κεναῖς

2182 656 2364 712 οἴκαδε
2393 660 2696 735 ἀποπέμψῃ
2740 660 2916 733 χερσί.
2945 661 3056 715 Kal
3095 660 3346 731 καθάπερ
3379 661 3471 714 ἐπὶ
3516 660 3624 713 τῶν
3655 662 3756 732 ἀρ-

2183 738 2407 810 χόαων,
2431 742 2652 797 ἐπειδάν
2692 746 2741 797 οί
2765 745 2864 814 τῆς
2884 743 3091 808 τάξεως
3118 744 3213 797 zeal
3244 744 3373 814 περὶ
3407 742 3571 795 αύτὸν
3603 742 3761 806 ὄντες

2183 823 2275 875 τὸν
2300 823 2536 895 ἄρχοντα
2555 826 2811 896 ἀπεχθῶς
2830 826 2993 897 ἔχωσι
3009 825 3143 896 πρὸς
3157 826 3283 889 τοὺς
3306 824 3755 895 ἐντυγχάνοντας,

2182 905 2271 958 διά
2296 907 2405 962 τῶν
2439 908 2650 981 ῥάϐδων
2683 910 2966 983 πόρρωθεν
2998 911 3194 974 αὐτοὺς
3224 909 3586 965 ἀπελαύνουσι
3604 950 3619 970 .
3646 925 3758 962 κω·

2183 986 2402 1053 λύοντες
2422 991 2745 1063 προσελθεῖν
2778 994 2874 1047 καὶ
2909 991 3282 1064 ἀποδύρασθαι
3316 992 3410 1046 zeal
3451 990 3757 1061 φιλανθρω-

2185 1072 2316 1136 πίας
2344 1077 2546 1143 τυχεῖν·
2583 1075 2725 1128 οῦτω
2762 1076 2857 1130 zeal
2884 1078 2913 1130 6
2936 1075 3200 1141 διάϐολος,
3234 1074 3453 1128 ἐπειδάν
3488 1073 3575 1145 ἴδη
3596 1088 3759 1143 προσ-

2186 1154 2366 1218 ιόντας
2393 1155 2541 1227 [548]
2565 1156 2644 1227 τῷ
2672 1156 3226 1229 δικαστῇ,πόρρωθεν
3257 1155 3571 1219 ἀπελαύνει,
3589 1155 3649 1207 οὐ
3669 1152 3759 1207 διά

2186 1238 2408 1309 ῥάϐδου,
2442 1238 2578 1293 ἀλλά
2621 1240 2709 1293 διά
2757 1241 3051 1313 ῥᾳθυμίας.
3089 1237 3208 1294 Οἷδε
3243 1239 3371 1310 γάρ,
3403 1233 3511 1291 οἶδε
3543 1236 3759 1305 σαφῶςν

2183 1320 2265 1373 ὃτι
2298 1320 2363 1374 ἀν
2386 1322 2727 1393 προσέλθωσι
2754 1324 3032 1394 νήφοντες,
3063 1323 3157 1376 zeal
3178 1323 3372 1375 εἴπωσι
3401 1320 3469 1374 τά
3504 1322 3761 1390 ἡμαρτη-

2188 1404 2347 1474 μένα.
2380 1406 2473 1457 zeal
2493 1403 2868 1476 ἀποδύρωνται
2903 1404 3096 1476 ζεούσῃ
3119 1407 3185 1476 τῇ
3220 1404 3364 1474 ψυχῇ
3386 1443 3402 1468 ,
3438 1400 3636 1472 πολλὴν
3667 1400 3759 1453 λα-

2185 1485 2372 1548 ϐόντες
2423 1484 2754 1558 συγγνώμην
2798 1487 3166 1557 ἀπέρχονται·
3218 1485 3597 1555 φιλάνθρωπος
3646 1482 3757 1552 γάρ

2184 1570 2331 1622 ἐστιν
2356 1569 2386 1621 6
2409 1569 2559 1634 Θεός·
2586 1571 2679 1625 zeal
2699 1570 2789 1624 διά
2812 1570 2970 1625 τοῦτο
3000 1568 3391 1641 προλαμϐάνει,
3420 1566 3514 1619 zeal
3551 1564 3756 1631 ἀπάγει

2182 1649 2285 1721 τῆς
2313 1652 2605 1720 ἐντεύξεως
2635 1655 2853 1719 αὐτοὺς.
2891 1654 2978 1707 ἵνα
3019 1652 3246 1725 μηδενὸς
3278 1645 3355 1705 ὧν
3394 1650 3600 1704 δέονται
3644 1649 3757 1699 ἐπι-

2184 1732 2439 1803 τύχωσιν.
2472 1736 2612 1789 Ἀλλ’
2639 1738 2688 1790 οἰ
2713 1737 2815 1808 μὲν
2840 1737 3168 1809 στρατιῶται
3187 1734 3295 1788 τῶν
3318 1732 3595 1804 ἀρχόντων
3618 1727 3759 1800 μετά

2186 1816 2310 1887 βίας
2337 1818 2667 1874 ἀποσοϐοῦσι
2698 1823 2828 1884 τοὺς
2861 1820 3321 1889 ἐντυγχάνοντας·
3379 1817 3409 1869 6
3439 1815 3496 1868 δέ
3523 1815 3584 1867 ού
3618 1810 3762 1883 μετά

2185 1905 2455 1977 ἀνάγκης,
2478 1908 2594 1963 ἀλλ’
2612 1909 2836 1964 ἀπατῶν
2859 1911 3004 1980 ἡμᾶς
3028 1910 3122 1962 καὶ
3149 1909 3228 1969 εἰς
3251 1904 3521 1977 ῥαθυμίαν
3550 1900 3759 1972 ἐμϐάλ-

2185 1991 2315 2050 λων.
2339 1995 2439 2050 Διά
2450 1995 2611 2051 τοῦτο
2639 1996 2761 2051 οὐδὲ
2791 1995 3125 2067 συγγνώμης
3152 1993 3321 2065 ἐσμέν
3348 1990 3509 2055 ἄξιοι,
3538 1989 3771 2050 ἑκόντες

2185 2076 2413 2142 ἑαυτοὺς
2450 2078 2878 2152 ἀποστεροῦντες
2914 2077 3022 2132 τῶν
3058 2076 3304 2145 ἀγαθῶν.
3346 2074 3464 2137 Φῶς
3493 2075 3609 2125 ἐστι
3640 2071 3763 2123 δια-

2185 2159 2333 2223 νοίας
2352 2160 2445 2214 zeal
2467 2161 2644 2233 ψυχῆς
2672 2163 2713 2233 ἡ,
2742 2160 2882 2231 μετά
2909 2160 3143 2230 σπουδῆς
3168 2158 3332 2228 εὐχὴ,
3354 2156 3469 2226 φῶς
3496 2152 3778 2208 ἄσϐεστον,

2186 2242 2281 2295 καὶ
2300 2243 2567 2311 διηνεκές.
2597 2244 2696 2298 Διά
2721 2244 2880 2298 τοῦτο
2903 2243 3128 2315 μυρίους
3162 2239 3459 2312 συρφετοὺς
3484 2233 3775 2305 λογισμῶν.

2186 2322 2445 2393 ἐμϐάλλει
2474 2329 2594 2390 ταῖς
2637 2327 2929 2398 ἡμετέραις
2976 2326 3005 2365 1)
3050 2324 3328 2388 διανοίαις,
3370 2321 3464 2375 zeal
3491 2320 3635 2388 ἀπερ
3667 2316 3764 2369 ού-

2185 2404 2377 2461 δέποτε
2409 2408 2794 2480 ἐλογισάμεθα,
2846 2406 3021 2462 ταῦτα
3081 2406 3329 2474 συνάγων
3370 2406 3429 2458 ἐν
3477 2401 3555 2472 τῷ
3583 2399 3769 2470 καιρῷ

2184 2489 2285 2560 τῆς
2316 2491 2479 2561 εὐχῆς
2514 2494 2743 2561 καταχεῖ
2765 2495 2885 2554 ταῖς
2926 2491 3124 2561 ψυχαῖς
3165 2491 3340 2559 ἡμῶν.
3374 2486 3484 2539 Kal
3511 2484 3775 2553 καθάπερ.

2183 2570 2376 2641 ἄνεμοι
2395 2573 2655 2637 πολλάκις
2665 2575 2994 2636 ἀπεναντίας
3022 2572 3474 2644 προσπίπτοντες,
3490 2568 3781 2638 λυχνιαῖονν

2186 2654 2299 2726 πῦρ
2342 2655 2716 2727 ἀναπτόμενον
2777 2658 3093 2727 ῥιπίσαντες
3137 2655 3388 2709 ἔσϐεσαν·
3420 2651 3565 2705 οῦτω
3610 2650 3705 2703 καὶ
3735 2649 3785 2699 ὁ.

2183 2740 2464 2806 διάϐολος,
2509 2744 2733 2799 ἐπειδάν
2784 2746 2871 2817 ῐδῃ
2915 2744 3011 2816 τὴν
3052 2745 3224 2813 φλόγα
3271 2742 3373 2813 τῆς
3422 2739 3588 2810 εὐχῆς
3630 2740 3783 2808 ἡμῖν-

2185 2828 2603 2903 ἀναπτομένην,
2660 2833 2881 2904 μυρίαις
2934 2833 3212 2905 φροντίσιν
3266 2830 3419 2884 ἐνθεν
3466 2828 3561 2882 zeal
3611 2824 3784 2880 ἐνθεν-

2188 2917 2421 2987 ῥιπίξων
2443 2957 2459 2982 ν
2511 2919 2573 2972 οὗ
2608 2921 2873 2994 πρότερον
2914 2921 3211 2990 ἀφίσταται
3247 2918 3355 2981 ἓως
3402 2916 3470 2969 ἂν
3502 2913 3673 2984 σϐέσῃ
3703 2911 3785 2965 τὸ

2188 3002 2323 3073 φῶς.
2367 3004 2507 3058 Ἀλλ’
2527 3008 2667 3077 ὅπερ
2686 3009 2735 3060 οἱ
2761 3007 2888 3070 τοὺς
2905 3006 3131 3077 λύχνους
3162 3005 3404 3066 ἐκείνους
3432 3002 3781 3061 ἀνάπτοντες

2187 3093 2425 3160 ποιοῦσι,
2453 3094 2612 3148 τοῦτο
2641 3097 2733 3149 zeal
2770 3098 2930 3167 ἡμεῖς
2972 3099 3305 3166 ποιήσωμεν.
3352 3092 3395 3144 Τ
3401 3090 3417 3143 ί
3463 3091 3526 3144 δὲ
3563 3090 3770 3141 ἐκεῖνοι

2187 3179 2471 3248 ποιοῦσιν;
2515 3183 2762 3238 Ἐπειδὰν
2801 3183 2986 3238 ῐδωσιν
3037 3183 3235 3252 ἄνεμον
3287 3177 3584 3251 προσιόντα
3636 3190 3771 3242 σιρο-

2186 3265 2334 3337 δρὸν,
2378 3267 2471 3322 τὸν
2524 3269 2789 3325 δάκτυλον
2818 3269 3098 3334 ἐπιθέντες
3144 3271 3212 3341 τῇ
3268 3269 3375 3339 ὁπῇ
3417 3264 3523 3318 τοῦ
3564 3263 3783 3332 λύχνου

2188 3354 2592 3425 ἀποτειχίζουσι
2643 3356 2721 3428 τῷ
2775 3357 3049 3428 πνεύματι
3094 3357 3193 3427 τὴν
3236 3354 3456 3409 εἴσοδον.
3488 3350 3642 3413 Ἕως
3667 3351 3773 3420 μὲν

2186 3441 2296 3513 γάρ
2322 3440 2389 3496 ἂν
2413 3442 2613 3507 ἔξωθεν
2650 3444 2988 3518 προσϐάλλῃ,
3035 3442 3371 3514 δυνησόμεθα
3412 3438 3765 3507 ἀντιστῆναι·

2188 3530 2405 3584 ἐπειδάν
2439 3529 2496 3584 δέ
2523 3530 2823 3603 ἀνοίξωμεν
2859 3531 3007 3604 αὐτῷ
3033 3532 3133 3594 τὰς
3165 3530 3337 3601 θύρας
3358 3527 3459 3597 τῆς
3487 3525 3730 3586 διανοίας
3746 3563 3775 3587 γ

2190 3618 2286 3671 zeal
2305 3618 2459 3672 ἔνδον
2485 3617 2766 3690 δεξώμεθα
2792 3619 2885 3674 τὸν
2927 3619 3145 3691 ἐχθρὸν,
3170 3618 3271 3672 οὐκ
3305 3615 3385 3670 ἐτι
3413 3612 3602 3668 λοιπὸν
3639 3610 3765 3665 οὐδὲ

2191 3706 2385 3778 μικρὸν
2404 3707 2719 3779 ἀντιστῆναι
2749 3707 3043 3781 δυνάμεθα·
3079 3707 3214 3761 ἀλλά
3234 3702 3569 3775 πανταχόθεν
3594 3717 3767 3754 κατα-

2190 3794 2391 3859 σϐέσας
2426 3794 2581 3867 ἡμῶν
2612 3796 2712 3867 τὴν
2750 3797 2992 3868 μνήμην,
3038 3795 3227 3865 ῶσπερ
3263 3792 3456 3863 λύχνον
3497 3788 3761 3853 καπνιζόο

2192 3899 2371 3954 μενον,
2423 3881 2616 3954 ἀφίησι
2658 3884 2720 3937 τὸ
2769 3885 2944 3955 στόμα
2986 3884 3211 3955 ῥήματα
3267 3879 3567 3954 προφέρειν
3610 3876 3772 3930 κενά-

2204 3968 2347 4023 Ἀλλ’
2374 3969 2564 4041 ὥσπερ
2594 3973 2791 4025 ἐκεῖνοι
2818 3971 2912 4025 τὸν
2941 3971 3202 4026 δάκτυλον
3230 3966 3537 4021 ἐπιτιθέασι
3562 3966 3630 4034 τῇ
3655 3963 3779 4034 6πῇ

2190 4056 2284 4111 τοῦ
2307 4057 2527 4129 λύχνου,
2557 4058 2731 4123 οῦτως
2760 4061 2925 4131 ἡμεῖς
2961 4058 3237 4128 ἐπιθῶμεν
3266 4056 3360 4109 τὸν
3407 4053 3671 4124 λογισμὸν
3699 4053 3767 4122 τῇ

2188 4145 2437 4218 ἡμετέρᾳ
2456 4145 2685 4218 διανοίᾳ·
2716 4147 3121 4217 ἀποφράξωμεν
3140 4142 3233 4198 τοῦ
3256 4140 3494 4214 πονηροῦ
3522 4137 3769 4209 πνεύμα-

2188 4250 2280 4297 τος
2308 4233 2407 4304 τὴν
2434 4232 2660 4300 εἴσοδον,
2695 4233 2782 4289 ἵνα
2804 4234 2879 4306 μὴ
2921 4234 3091 4307 σϐέσῃ
3125 4231 3283 4305 ἡμῶν
3315 4230 3376 4285 τὸ
3394 4229 3510 4301 φῶς
3545 4231 3649 4299 τῆς
3679 4226 3766 4280 εύ-

2189 4319 2316 4392 χῆς.
2341 4320 2639 4393 Μέμνησθε
2665 4321 2871 4375 τούτων
2896 4320 3223 4393 ἀμφοτέρων
3243 4318 3351 4374 τῶν
3386 4313 3765 4388 παράδειγμά.-

2189 4424 2318 4475 των,
2341 4409 2435 4463 καί
2465 4409 2559 4463 τοῦ
2589 4410 2699 4463 τῶν
2723 4408 3092 4481 στρατιωτῶν,
3123 4409 3219 4462 zeal
3246 4406 3341 4460 τοῦ
3365 4405 3648 4478 ἄρχοντος,
3672 4399 3774 4453 καὶ

2188 4494 2284 4550 τοῦ
2314 4495 2459 4552 κατά
2490 4497 2583 4550 τὸν
2608 4497 2836 4568 λύχνον;
2865 4497 2966 4551 Διά
3002 4496 3112 4569 γάρ
3138 4494 3298 4549 τοῦτο
3325 4493 3503 4548 ταῦτα
3537 4490 3773 4558 λέγομεν

2191 4583 2321 4652 ὑμῖν
2365 4583 2436 4638 τά
2495 4584 2938 4656 παραδείγματα,
2969 4584 3028 4637 ἐν
3073 4578 3156 4648 οἷς
3203 4578 3570 4655 στρεφόμεθα,
3600 4578 3660 4630 ἐν
3687 4572 3767 4637 οἷς

2191 4672 2382 4744 ἐσμεν,
2407 4672 2493 4727 ῖνα
2517 4675 2611 4727 zeal
2639 4673 2890 4727 ἐντεῦθεν
2914 4674 3370 4745 ἀναχωρήσαντες
3395 4669 3490 4723 καὶ
3514 4668 3655 4721 οἶκοι
3674 4680 3763 4733 γε·

2190 4759 2426 4829 νόμενοι,
2475 4760 2583 4815 ἀπὸ
2612 4761 2722 4814 τῶν
2771 4761 2830 4814 ἐν
2861 4761 3022 4831 χερσὶ
3075 4758 3419 4831 πραγμάτων
3456 4753 3764 4824 ὑπόμνησιν

2191 4846 2560 4918 λαμϐάνωμεν
2590 4847 2701 4901 τῶν
2722 4847 3049 4919 εἰρημένων.
3092 4846 3252 4916 Μέγα
3289 4843 3452 4901 ὅπλον
3476 4840 3637 4913 εὐχὴ,
3674 4838 3768 4894 καὶ

2195 4934 2405 5007 μεγάλη
2435 4935 2724 5005 ἀσφάλεια.

2263 5037 2336 5105 ς’.
2354 5039 2516 5094 Ἦκού
2524 5058 2652 5095 σατε
2671 5040 2818 5112 χθὲς,
2834 5040 2950 5106 πῶς
2964 5041 3013 5095 οί
3028 5042 3176 5112 τρεῖς
3191 5039 3376 5104 παῖδες
3402 5037 3611 5107 πεπεδη
3619 5036 3769 5109 μένος

2192 5127 2493 5181 κατέλυσαν
2521 5128 2621 5198 τὴν
2639 5127 2733 5182 τοῦ
2760 5128 2933 5201 πυρὸς
2960 5127 3211 5200 δύναμιν,
3235 5127 3352 5192 πῶς
3376 5125 3766 5196 κατεπάτησαν

2190 5215 2289 5286 τὴν
2316 5215 2509 5285 φλόγα.
2541 5214 2659 5279 πῶς
2695 5215 3075 5288 περιεγένοντο
3105 5215 3205 5285 τῆς
3233 5213 3489 5285 καμίνου,
3524 5211 3623 5265 zeal
3670 5209 3768 5280 τῆς

2191 5302 2470 5373 ἐνεργείας
2491 5301 2799 5374 ἐκράτησαν
2824 5302 2918 5357 τοῦ
2947 5302 3212 5372 στοιχείου
3233 5319 3249 5369 ;
3278 5300 3574 5354 Ἀκούσατε
3596 5299 3769 5369 σὴμε-

2194 5406 2285 5461 ρον
2308 5389 2489 5457 πάλιν,
2524 5388 2639 5454 πῶς
2675 5392 2704 5443 6
2754 5392 2998 5458 γενναῖος
3037 5388 3132 5443 καὶ
3170 5388 3346 5461 μέγας
3383 5386 3573 5441 Ἰσαὰκ
3598 5383 3769 5454 αὐτῆς

2190 5476 2541 5548 περιεγένετο
2587 5477 2685 5547 τῆς
2728 5477 2837 5530 τῶν
2890 5477 3160 5548 σωμάτων
3212 5475 3429 5546 φύσεως
3484 5474 3553 5528 δι’
3577 5470 3765 5544 εὐχῆς.

2201 5564 2426 5618 Ἐκεῖνοι
2457 5561 2758 5617 κατέλυσαν
2788 5562 2883 5617 τοῦ
2906 5563 3075 5636 πυρὸς
3099 5564 3198 5636 τὴν
3221 5561 3472 5636 δύναμιν,
3496 5554 3653 5625 οὗτος
3672 5559 3771 5632 σή,-

2255 5717 2282 5756 b
2309 5717 2457 5769 Addit
2479 5717 2594 5770 Cod.
2617 5717 2707 5767 768
2726 5720 2753 5768 6
2774 5718 2987 5784 πονηρός.
