  <div class='ocr_page' id='page_1' title='image "/cluster/home/n/w/nwhite01/storage/ocr_20150623/51/mdp.39015052813998/354.png"; bbox 0 0 4060 6260; ppageno 0'>
   <div class='ocr_carea' id='block_1_1' title="bbox 311 368 409 424">
    <p class='ocr_par' dir='ltr' id='par_1_1' title="bbox 311 368 409 424">
     <span class='ocr_line' id='line_1_1' title="bbox 311 368 409 424; baseline -0.031 0"><span class='ocrx_word' id='word_1_1' title='bbox 311 368 409 424; x_wconf 69' lang='lat'><strong>5&#39;37</strong></span> 
     </span>
    </p>
   </div>
   <div class='ocr_carea' id='block_1_2' title="bbox 306 453 1882 547">
    <p class='ocr_par' dir='ltr' id='par_1_2' title="bbox 306 453 1882 547">
     <span class='ocr_line' id='line_1_2' title="bbox 306 453 1882 547; baseline -0.022 -7"><span class='ocrx_word' id='word_1_2' title='bbox 306 484 553 546; x_wconf 74' lang='lat' dir='ltr'><strong>orabant,</strong></span> <span class='ocrx_word' id='word_1_3' title='bbox 584 471 949 547; x_wconf 83' lang='lat' dir='ltr'><strong>vituperarim,</strong></span> <span class='ocrx_word' id='word_1_4' title='bbox 981 482 1080 525; x_wconf 84' lang='lat' dir='ltr'><strong>nec</strong></span> <span class='ocrx_word' id='word_1_5' title='bbox 1108 466 1272 521; x_wconf 86' lang='lat' dir='ltr'><strong>ullum</strong></span> <span class='ocrx_word' id='word_1_6' title='bbox 1299 474 1477 519; x_wconf 85' lang='lat' dir='ltr'><strong>tamen</strong></span> <span class='ocrx_word' id='word_1_7' title='bbox 1498 473 1681 515; x_wconf 91' lang='lat' dir='ltr'><strong>eorum</strong></span> <span class='ocrx_word' id='word_1_8' title='bbox 1708 453 1882 526; x_wconf 86' lang='lat' dir='ltr'><strong>palam</strong></span> 
     </span>
    </p>
   </div>
   <div class='ocr_carea' id='block_1_3' title="bbox 310 547 1888 639">
    <p class='ocr_par' dir='ltr' id='par_1_3' title="bbox 310 547 1888 639">
     <span class='ocr_line' id='line_1_3' title="bbox 310 547 1888 639; baseline -0.023 -5"><span class='ocrx_word' id='word_1_9' title='bbox 310 573 513 633; x_wconf 86' lang='lat' dir='ltr'><strong>notavi.</strong></span> <span class='ocrx_word' id='word_1_10' title='bbox 540 571 817 639; x_wconf 92' lang='lat' dir='ltr'><strong>Quotquot</strong></span> <span class='ocrx_word' id='word_1_11' title='bbox 847 565 1005 634; x_wconf 86' lang='lat' dir='ltr'><strong>igitur</strong></span> <span class='ocrx_word' id='word_1_12' title='bbox 1041 558 1237 616; x_wconf 77' lang='lat' dir='ltr'><strong>conscii</strong></span> <span class='ocrx_word' id='word_1_13' title='bbox 1278 555 1492 610; x_wconf 86' lang='lat' dir='ltr'><strong>fuerunt</strong></span> <span class='ocrx_word' id='word_1_14' title='bbox 1522 565 1632 605; x_wconf 71' lang='lat' dir='ltr'><strong>suae</strong></span> <span class='ocrx_word' id='word_1_15' title='bbox 1662 547 1888 616; x_wconf 86' lang='lat' dir='ltr'><strong>diligen-</strong></span> 
     </span>
    </p>
   </div>
   <div class='ocr_carea' id='block_1_4' title="bbox 305 636 1888 733">
    <p class='ocr_par' dir='ltr' id='par_1_4' title="bbox 305 636 1888 733">
     <span class='ocr_line' id='line_1_4' title="bbox 305 636 1888 733; baseline -0.023 -8"><span class='ocrx_word' id='word_1_16' title='bbox 305 672 394 728; x_wconf 76' lang='lat' dir='ltr'><strong>tia:</strong></span> <span class='ocrx_word' id='word_1_17' title='bbox 416 709 433 733; x_wconf 92' lang='lat'><strong>,</strong></span> <span class='ocrx_word' id='word_1_18' title='bbox 480 636 719 719; x_wconf 37' lang='lat' dir='ltr'><strong>laudem—</strong></span> <span class='ocrx_word' id='word_1_19' title='bbox 740 655 997 713; x_wconf 87' lang='lat' dir='ltr'><strong>orationis</strong></span> <span class='ocrx_word' id='word_1_20' title='bbox 1021 656 1364 721; x_wconf 74' lang='lat' dir='ltr'><strong>exceperunt,</strong></span> <span class='ocrx_word' id='word_1_21' title='bbox 1410 654 1464 698; x_wconf 91' lang='lat' dir='ltr'><strong>et</strong></span> <span class='ocrx_word' id='word_1_22' title='bbox 1497 641 1741 696; x_wconf 85' lang='lat' dir='ltr'><strong>laudibus</strong></span> <span class='ocrx_word' id='word_1_23' title='bbox 1768 636 1888 691; x_wconf 84' lang='lat' dir='ltr'><strong>dili-</strong></span> 
     </span>
    </p>
   </div>
   <div class='ocr_carea' id='block_1_5' title="bbox 309 730 1891 832">
    <p class='ocr_par' dir='ltr' id='par_1_5' title="bbox 309 730 1891 832">
     <span class='ocr_line' id='line_1_5' title="bbox 309 730 1891 832; baseline -0.022 -17"><span class='ocrx_word' id='word_1_24' title='bbox 309 758 581 832; x_wconf 70' lang='lat' dir='ltr'><strong>gentiores</strong></span> <span class='ocrx_word' id='word_1_25' title='bbox 620 761 744 808; x_wconf 89' lang='lat' dir='ltr'><strong>sunt</strong></span> <span class='ocrx_word' id='word_1_26' title='bbox 775 748 897 804; x_wconf 88' lang='lat' dir='ltr'><strong>facti</strong></span> <span class='ocrx_word' id='word_1_27' title='bbox 926 746 1054 817; x_wconf 88' lang='lat' dir='ltr'><strong>:qui</strong></span> <span class='ocrx_word' id='word_1_28' title='bbox 1086 758 1213 797; x_wconf 85' lang='lat' dir='ltr'><strong>vero</strong></span> <span class='ocrx_word' id='word_1_29' title='bbox 1239 755 1351 795; x_wconf 85' lang='lat' dir='ltr'><strong>sua:</strong></span> <span class='ocrx_word' id='word_1_30' title='bbox 1374 733 1576 793; x_wconf 82' lang='lat' dir='ltr'><strong>conscii</strong></span> <span class='ocrx_word' id='word_1_31' title='bbox 1620 730 1891 801; x_wconf 77' lang='lat' dir='ltr'><strong>negligen-</strong></span> 
     </span>
    </p>
   </div>
   <div class='ocr_carea' id='block_1_6' title="bbox 312 828 1898 910">
    <p class='ocr_par' dir='ltr' id='par_1_6' title="bbox 312 828 1898 910">
     <span class='ocr_line' id='line_1_6' title="bbox 312 828 1898 910; baseline -0.021 -4"><span class='ocrx_word' id='word_1_32' title='bbox 312 854 396 906; x_wconf 72' lang='lat' dir='ltr'><strong>tia:</strong></span> <span class='ocrx_word' id='word_1_33' title='bbox 424 851 637 903; x_wconf 91' lang='lat' dir='ltr'><strong>fuerunt</strong></span> <span class='ocrx_word' id='word_1_34' title='bbox 662 884 679 910; x_wconf 96' lang='lat'><strong>,</strong></span> <span class='ocrx_word' id='word_1_35' title='bbox 726 853 912 896; x_wconf 88' lang='lat' dir='ltr'><strong>rursus</strong></span> <span class='ocrx_word' id='word_1_36' title='bbox 940 833 1410 906; x_wconf 85' lang='lat' dir='ltr'><strong>reprehensionem</strong></span> <span class='ocrx_word' id='word_1_37' title='bbox 1454 830 1778 894; x_wconf 76' lang='lat' dir='ltr'><strong>exceperunt</strong></span> <span class='ocrx_word' id='word_1_38' title='bbox 1799 860 1815 885; x_wconf 91' lang='lat'><strong>,</strong></span> <span class='ocrx_word' id='word_1_39' title='bbox 1843 828 1898 873; x_wconf 90' lang='lat' dir='ltr'><strong>et</strong></span> 
     </span>
    </p>
   </div>
   <div class='ocr_carea' id='block_1_7' title="bbox 313 914 1893 1000">
    <p class='ocr_par' dir='ltr' id='par_1_7' title="bbox 313 914 1893 1000">
     <span class='ocr_line' id='line_1_7' title="bbox 313 914 1893 1000; baseline -0.022 0"><span class='ocrx_word' id='word_1_40' title='bbox 313 942 574 1000; x_wconf 81' lang='lat' dir='ltr'><strong>desidiam</strong></span> <span class='ocrx_word' id='word_1_41' title='bbox 601 942 972 992; x_wconf 79' lang='lat' dir='ltr'><strong>excusserunt.</strong></span> <span class='ocrx_word' id='word_1_42' title='bbox 1008 929 1384 984; x_wconf 83' lang='lat' dir='ltr'><strong>Verumtamen</strong></span> <span class='ocrx_word' id='word_1_43' title='bbox 1409 935 1581 991; x_wconf 88' lang='lat' dir='ltr'><strong>neque</strong></span> <span class='ocrx_word' id='word_1_44' title='bbox 1617 917 1668 970; x_wconf 92' lang='lat' dir='ltr'><strong>lli</strong></span> <span class='ocrx_word' id='word_1_45' title='bbox 1698 914 1853 970; x_wconf 91' lang='lat' dir='ltr'><strong>nobis</strong></span> <span class='ocrx_word' id='word_1_46' title='bbox 1876 951 1893 977; x_wconf 93' lang='lat'><strong>,</strong></span> 
     </span>
    </p>
   </div>
   <div class='ocr_carea' id='block_1_8' title="bbox 315 1004 1898 1105">
    <p class='ocr_par' dir='ltr' id='par_1_8' title="bbox 315 1004 1898 1105">
     <span class='ocr_line' id='line_1_8' title="bbox 315 1004 1898 1105; baseline -0.021 -14"><span class='ocrx_word' id='word_1_47' title='bbox 315 1049 491 1105; x_wconf 90' lang='lat' dir='ltr'><strong>neque</strong></span> <span class='ocrx_word' id='word_1_48' title='bbox 539 1030 612 1084; x_wconf 89' lang='lat' dir='ltr'><strong>illi</strong></span> <span class='ocrx_word' id='word_1_49' title='bbox 652 1033 777 1083; x_wconf 86' lang='lat' dir='ltr'><strong>sunt</strong></span> <span class='ocrx_word' id='word_1_50' title='bbox 820 1023 962 1087; x_wconf 91' lang='lat' dir='ltr'><strong>noti,</strong></span> <span class='ocrx_word' id='word_1_51' title='bbox 1006 1029 1165 1089; x_wconf 87' lang='lat' dir='ltr'><strong>atque</strong></span> <span class='ocrx_word' id='word_1_52' title='bbox 1208 1017 1322 1071; x_wconf 76' lang='lat' dir='ltr'><strong>luce</strong></span> <span class='ocrx_word' id='word_1_53' title='bbox 1360 1009 1653 1083; x_wconf 79' lang='lat' dir='ltr'><strong>ignorantia</strong></span> <span class='ocrx_word' id='word_1_54' title='bbox 1684 1004 1898 1077; x_wconf 80' lang='lat' dir='ltr'><strong>prodest</strong></span> 
     </span>
    </p>
   </div>
   <div class='ocr_carea' id='block_1_9' title="bbox 313 1094 1901 1193">
    <p class='ocr_par' dir='ltr' id='par_1_9' title="bbox 313 1094 1901 1193">
     <span class='ocr_line' id='line_1_9' title="bbox 313 1094 1901 1193; baseline -0.023 -10"><span class='ocrx_word' id='word_1_55' title='bbox 313 1094 575 1193; x_wconf 68' lang='lat' dir='ltr'><strong>utrisque.</strong></span> <span class='ocrx_word' id='word_1_56' title='bbox 627 1118 744 1185; x_wconf 87' lang='lat' dir='ltr'><strong>Quo</strong></span> <span class='ocrx_word' id='word_1_57' title='bbox 801 1122 956 1184; x_wconf 85' lang='lat' dir='ltr'><strong>pacto</strong></span> <span class='ocrx_word' id='word_1_58' title='bbox 1006 1110 1055 1165; x_wconf 89' lang='lat' dir='ltr'><strong>id</strong></span> <span class='ocrx_word' id='word_1_59' title='bbox 1104 1109 1215 1171; x_wconf 89' lang='lat' dir='ltr'><strong>fiat,</strong></span> <span class='ocrx_word' id='word_1_60' title='bbox 1261 1117 1545 1175; x_wconf 74' lang='lat' dir='ltr'><strong>exponam.</strong></span> <span class='ocrx_word' id='word_1_61' title='bbox 1574 1099 1672 1166; x_wconf 85' lang='lat' dir='ltr'><strong>Qui</strong></span> <span class='ocrx_word' id='word_1_62' title='bbox 1717 1094 1901 1151; x_wconf 88' lang='lat' dir='ltr'><strong>Iaudes</strong></span> 
     </span>
    </p>
   </div>
   <div class='ocr_carea' id='block_1_10' title="bbox 314 1185 1900 1272">
    <p class='ocr_par' dir='ltr' id='par_1_10' title="bbox 314 1185 1900 1272">
     <span class='ocr_line' id='line_1_10' title="bbox 314 1185 1900 1272; baseline -0.021 0"><span class='ocrx_word' id='word_1_63' title='bbox 314 1215 575 1272; x_wconf 87' lang='lat' dir='ltr'><strong>orationis</strong></span> <span class='ocrx_word' id='word_1_64' title='bbox 619 1208 822 1263; x_wconf 90' lang='lat' dir='ltr'><strong>audivit</strong></span> <span class='ocrx_word' id='word_1_65' title='bbox 845 1248 860 1272; x_wconf 94' lang='lat'><strong>,</strong></span> <span class='ocrx_word' id='word_1_66' title='bbox 906 1213 961 1260; x_wconf 89' lang='lat' dir='ltr'><strong>et</strong></span> <span class='ocrx_word' id='word_1_67' title='bbox 1003 1218 1113 1258; x_wconf 75' lang='lat' dir='ltr'><strong>suae</strong></span> <span class='ocrx_word' id='word_1_68' title='bbox 1137 1197 1422 1269; x_wconf 68' lang='lat' dir='ltr'><strong>diligentia!</strong></span> <span class='ocrx_word' id='word_1_69' title='bbox 1446 1196 1693 1250; x_wconf 87' lang='lat' dir='ltr'><strong>conscius</strong></span> <span class='ocrx_word' id='word_1_70' title='bbox 1711 1199 1827 1253; x_wconf 86' lang='lat' dir='ltr'><strong>est,</strong></span> <span class='ocrx_word' id='word_1_71' title='bbox 1854 1185 1900 1240; x_wconf 88' lang='lat' dir='ltr'><strong>si</strong></span> 
     </span>
    </p>
   </div>
   <div class='ocr_carea' id='block_1_11' title="bbox 317 1280 1904 1365">
    <p class='ocr_par' dir='ltr' id='par_1_11' title="bbox 317 1280 1904 1365">
     <span class='ocr_line' id='line_1_11' title="bbox 317 1280 1904 1365; baseline -0.021 0"><span class='ocrx_word' id='word_1_72' title='bbox 317 1309 521 1365; x_wconf 91' lang='lat' dir='ltr'><strong>multos</strong></span> <span class='ocrx_word' id='word_1_73' title='bbox 545 1302 766 1358; x_wconf 88' lang='lat' dir='ltr'><strong>haberet</strong></span> <span class='ocrx_word' id='word_1_74' title='bbox 789 1296 1004 1353; x_wconf 85' lang='lat' dir='ltr'><strong>laudum</strong></span> <span class='ocrx_word' id='word_1_75' title='bbox 1035 1303 1196 1348; x_wconf 84' lang='lat' dir='ltr'><strong>testes</strong></span> <span class='ocrx_word' id='word_1_76' title='bbox 1220 1333 1234 1357; x_wconf 89' lang='lat'><strong>,</strong></span> <span class='ocrx_word' id='word_1_77' title='bbox 1268 1290 1321 1343; x_wconf 93' lang='lat' dir='ltr'><strong>in</strong></span> <span class='ocrx_word' id='word_1_78' title='bbox 1348 1286 1651 1358; x_wconf 84' lang='lat' dir='ltr'><strong>superbiam</strong></span> <span class='ocrx_word' id='word_1_79' title='bbox 1699 1280 1904 1336; x_wconf 86' lang='lat' dir='ltr'><strong>labere-</strong></span> 
     </span>
    </p>
   </div>
   <div class='ocr_carea' id='block_1_12' title="bbox 318 1373 1906 1466">
    <p class='ocr_par' dir='ltr' id='par_1_12' title="bbox 318 1373 1906 1466">
     <span class='ocr_line' id='line_1_12' title="bbox 318 1373 1906 1466; baseline -0.02 -11"><span class='ocrx_word' id='word_1_80' title='bbox 318 1414 407 1456; x_wconf 91' lang='lat' dir='ltr'><strong>tur</strong></span> <span class='ocrx_word' id='word_1_81' title='bbox 435 1415 451 1453; x_wconf 87' lang='lat'><strong>:</strong></span> <span class='ocrx_word' id='word_1_82' title='bbox 474 1399 582 1466; x_wconf 93' lang='lat' dir='ltr'><strong>jam</strong></span> <span class='ocrx_word' id='word_1_83' title='bbox 614 1408 743 1447; x_wconf 87' lang='lat' dir='ltr'><strong>vero</strong></span> <span class='ocrx_word' id='word_1_84' title='bbox 767 1389 975 1443; x_wconf 88' lang='lat' dir='ltr'><strong>laudem</strong></span> <span class='ocrx_word' id='word_1_85' title='bbox 1002 1386 1138 1439; x_wconf 89' lang='lat' dir='ltr'><strong>clam</strong></span> <span class='ocrx_word' id='word_1_86' title='bbox 1165 1381 1438 1449; x_wconf 74' lang='lat' dir='ltr'><strong>excipiens</strong></span> <span class='ocrx_word' id='word_1_87' title='bbox 1464 1376 1532 1430; x_wconf 89' lang='lat' dir='ltr'><strong>ab</strong></span> <span class='ocrx_word' id='word_1_88' title='bbox 1551 1373 1694 1428; x_wconf 91' lang='lat' dir='ltr'><strong>omni</strong></span> <span class='ocrx_word' id='word_1_89' title='bbox 1721 1380 1906 1427; x_wconf 83' lang='lat' dir='ltr'><strong>osten-</strong></span> 
     </span>
    </p>
   </div>
   <div class='ocr_carea' id='block_1_13' title="bbox 321 1466 1907 1548">
    <p class='ocr_par' dir='ltr' id='par_1_13' title="bbox 321 1466 1907 1548">
     <span class='ocr_line' id='line_1_13' title="bbox 321 1466 1907 1548; baseline -0.018 -1"><span class='ocrx_word' id='word_1_90' title='bbox 321 1497 524 1548; x_wconf 89' lang='lat' dir='ltr'><strong>tatione</strong></span> <span class='ocrx_word' id='word_1_91' title='bbox 550 1496 631 1542; x_wconf 89' lang='lat' dir='ltr'><strong>est</strong></span> <span class='ocrx_word' id='word_1_92' title='bbox 658 1481 929 1539; x_wconf 90' lang='lat' dir='ltr'><strong>immunis.</strong></span> <span class='ocrx_word' id='word_1_93' title='bbox 960 1478 1164 1532; x_wconf 78' lang='lat' dir='ltr'><strong>Rursus</strong></span> <span class='ocrx_word' id='word_1_94' title='bbox 1208 1474 1253 1528; x_wconf 90' lang='lat' dir='ltr'><strong>is</strong></span> <span class='ocrx_word' id='word_1_95' title='bbox 1296 1471 1385 1542; x_wconf 89' lang='lat' dir='ltr'><strong>qui</strong></span> <span class='ocrx_word' id='word_1_96' title='bbox 1412 1469 1512 1524; x_wconf 88' lang='lat' dir='ltr'><strong>sibi</strong></span> <span class='ocrx_word' id='word_1_97' title='bbox 1540 1466 1787 1523; x_wconf 90' lang='lat' dir='ltr'><strong>conscius</strong></span> <span class='ocrx_word' id='word_1_98' title='bbox 1825 1471 1907 1518; x_wconf 91' lang='lat' dir='ltr'><strong>est</strong></span> 
     </span>
    </p>
   </div>
   <div class='ocr_carea' id='block_1_14' title="bbox 323 1560 1908 1656">
    <p class='ocr_par' dir='ltr' id='par_1_14' title="bbox 323 1560 1908 1656">
     <span class='ocr_line' id='line_1_14' title="bbox 323 1560 1908 1656; baseline -0.024 -13"><span class='ocrx_word' id='word_1_99' title='bbox 323 1581 685 1656; x_wconf 57' lang='lat' dir='ltr'><strong>negligentia,</strong></span> <span class='ocrx_word' id='word_1_100' title='bbox 717 1578 842 1631; x_wconf 90' lang='lat' dir='ltr'><strong>dum</strong></span> <span class='ocrx_word' id='word_1_101' title='bbox 874 1569 1318 1642; x_wconf 77' lang='lat' dir='ltr'><strong>vituperationem</strong></span> <span class='ocrx_word' id='word_1_102' title='bbox 1362 1562 1535 1625; x_wconf 86' lang='lat' dir='ltr'><strong>audit,</strong></span> <span class='ocrx_word' id='word_1_103' title='bbox 1571 1561 1670 1614; x_wconf 90' lang='lat' dir='ltr'><strong>llae</strong></span> <span class='ocrx_word' id='word_1_104' title='bbox 1696 1560 1908 1626; x_wconf 84' lang='lat' dir='ltr'><strong>vitupe-</strong></span> 
     </span>
    </p>
   </div>
   <div class='ocr_carea' id='block_1_15' title="bbox 323 1647 1911 1732">
    <p class='ocr_par' dir='ltr' id='par_1_15' title="bbox 323 1647 1911 1732">
     <span class='ocr_line' id='line_1_15' title="bbox 323 1647 1911 1732; baseline -0.02 0"><span class='ocrx_word' id='word_1_105' title='bbox 323 1677 534 1732; x_wconf 87' lang='lat' dir='ltr'><strong>ralioue</strong></span> <span class='ocrx_word' id='word_1_106' title='bbox 566 1670 624 1725; x_wconf 90' lang='lat' dir='ltr'><strong>ﬁt</strong></span> <span class='ocrx_word' id='word_1_107' title='bbox 657 1668 868 1730; x_wconf 87' lang='lat' dir='ltr'><strong>melior,</strong></span> <span class='ocrx_word' id='word_1_108' title='bbox 900 1679 1020 1718; x_wconf 90' lang='lat' dir='ltr'><strong>cum</strong></span> <span class='ocrx_word' id='word_1_109' title='bbox 1048 1659 1312 1715; x_wconf 89' lang='lat' dir='ltr'><strong>neminem</strong></span> <span class='ocrx_word' id='word_1_110' title='bbox 1340 1669 1451 1708; x_wconf 65' lang='lat' dir='ltr'><strong>suae</strong></span> <span class='ocrx_word' id='word_1_111' title='bbox 1481 1647 1911 1722; x_wconf 76' lang='lat' dir='ltr'><strong>repreliensiollis</strong></span> 
     </span>
    </p>
   </div>
   <div class='ocr_carea' id='block_1_16' title="bbox 327 1739 1911 1834">
    <p class='ocr_par' dir='ltr' id='par_1_16' title="bbox 327 1739 1911 1834">
     <span class='ocr_line' id='line_1_16' title="bbox 327 1739 1911 1834; baseline -0.02 -10"><span class='ocrx_word' id='word_1_112' title='bbox 327 1770 526 1824; x_wconf 82' lang='lat' dir='ltr'><strong>habeat</strong></span> <span class='ocrx_word' id='word_1_113' title='bbox 564 1770 924 1834; x_wconf 87' lang='lat' dir='ltr'><strong>spectatorem</strong></span> <span class='ocrx_word' id='word_1_114' title='bbox 961 1754 1107 1808; x_wconf 89' lang='lat' dir='ltr'><strong>:lloe</strong></span> <span class='ocrx_word' id='word_1_115' title='bbox 1147 1765 1273 1805; x_wconf 89' lang='lat' dir='ltr'><strong>vero</strong></span> <span class='ocrx_word' id='word_1_116' title='bbox 1317 1762 1422 1803; x_wconf 89' lang='lat' dir='ltr'><strong>non</strong></span> <span class='ocrx_word' id='word_1_117' title='bbox 1471 1742 1809 1799; x_wconf 83' lang='lat' dir='ltr'><strong>mediocriter</strong></span> <span class='ocrx_word' id='word_1_118' title='bbox 1836 1739 1911 1794; x_wconf 90' lang='lat' dir='ltr'><strong>illi</strong></span> 
     </span>
    </p>
   </div>
   <div class='ocr_carea' id='block_1_17' title="bbox 326 1832 1911 1933">
    <p class='ocr_par' dir='ltr' id='par_1_17' title="bbox 326 1832 1911 1933">
     <span class='ocr_line' id='line_1_17' title="bbox 326 1832 1911 1933; baseline -0.02 -18"><span class='ocrx_word' id='word_1_119' title='bbox 326 1860 569 1933; x_wconf 81' lang='lat' dir='ltr'><strong>prodest.</strong></span> <span class='ocrx_word' id='word_1_120' title='bbox 598 1832 733 1911; x_wconf 63' lang='lat' dir='ltr'><strong>Nam</strong></span> <span class='ocrx_word' id='word_1_121' title='bbox 766 1866 886 1908; x_wconf 91' lang='lat' dir='ltr'><strong>cum</strong></span> <span class='ocrx_word' id='word_1_122' title='bbox 910 1848 1051 1919; x_wconf 91' lang='lat' dir='ltr'><strong>vulgi</strong></span> <span class='ocrx_word' id='word_1_123' title='bbox 1080 1838 1463 1900; x_wconf 78' lang='lat' dir='ltr'><strong>existimationi</strong></span> <span class='ocrx_word' id='word_1_124' title='bbox 1492 1838 1657 1893; x_wconf 89' lang='lat' dir='ltr'><strong>simus</strong></span> <span class='ocrx_word' id='word_1_125' title='bbox 1680 1832 1911 1898; x_wconf 88' lang='lat' dir='ltr'><strong>addicti,</strong></span> 
     </span>
    </p>
   </div>
   <div class='ocr_carea' id='block_1_18' title="bbox 326 1924 1918 2024">
    <p class='ocr_par' dir='ltr' id='par_1_18' title="bbox 326 1924 1918 2024">
     <span class='ocr_line' id='line_1_18' title="bbox 326 1924 1918 2024; baseline -0.019 -18"><span class='ocrx_word' id='word_1_126' title='bbox 326 1924 587 2024; x_wconf 67' lang='lat' dir='ltr'><strong>quamdiu</strong></span> <span class='ocrx_word' id='word_1_127' title='bbox 636 1945 851 2017; x_wconf 86' lang='lat' dir='ltr'><strong>quidem</strong></span> <span class='ocrx_word' id='word_1_128' title='bbox 896 1942 1064 1996; x_wconf 90' lang='lat' dir='ltr'><strong>latere</strong></span> <span class='ocrx_word' id='word_1_129' title='bbox 1108 1950 1208 1992; x_wconf 91' lang='lat' dir='ltr'><strong>nos</strong></span> <span class='ocrx_word' id='word_1_130' title='bbox 1236 1942 1483 2005; x_wconf 88' lang='lat' dir='ltr'><strong>putamus</strong></span> <span class='ocrx_word' id='word_1_131' title='bbox 1507 1969 1523 1995; x_wconf 95' lang='lat'><strong>,</strong></span> <span class='ocrx_word' id='word_1_132' title='bbox 1553 1928 1642 1997; x_wconf 91' lang='lat' dir='ltr'><strong>qui</strong></span> <span class='ocrx_word' id='word_1_133' title='bbox 1673 1924 1797 1980; x_wconf 91' lang='lat' dir='ltr'><strong>mali</strong></span> <span class='ocrx_word' id='word_1_134' title='bbox 1826 1939 1918 1979; x_wconf 91' lang='lat' dir='ltr'><strong>su-</strong></span> 
     </span>
    </p>
   </div>
   <div class='ocr_carea' id='block_1_19' title="bbox 327 2026 1918 2110">
    <p class='ocr_par' dir='ltr' id='par_1_19' title="bbox 327 2026 1918 2110">
     <span class='ocr_line' id='line_1_19' title="bbox 327 2026 1918 2110; baseline -0.019 -12"><span class='ocrx_word' id='word_1_135' title='bbox 327 2058 484 2110; x_wconf 79' lang='lat' dir='ltr'><strong>lnus,</strong></span> <span class='ocrx_word' id='word_1_136' title='bbox 517 2040 630 2095; x_wconf 86' lang='lat' dir='ltr'><strong>fieri</strong></span> <span class='ocrx_word' id='word_1_137' title='bbox 655 2037 903 2092; x_wconf 88' lang='lat' dir='ltr'><strong>meliores</strong></span> <span class='ocrx_word' id='word_1_138' title='bbox 939 2029 1217 2086; x_wconf 86' lang='lat' dir='ltr'><strong>studemus</strong></span> <span class='ocrx_word' id='word_1_139' title='bbox 1247 2041 1263 2078; x_wconf 86' lang='lat'><strong>:</strong></span> <span class='ocrx_word' id='word_1_140' title='bbox 1290 2032 1569 2093; x_wconf 89' lang='lat' dir='ltr'><strong>postquam</strong></span> <span class='ocrx_word' id='word_1_141' title='bbox 1599 2026 1772 2072; x_wconf 85' lang='lat' dir='ltr'><strong>autent</strong></span> <span class='ocrx_word' id='word_1_142' title='bbox 1798 2031 1918 2070; x_wconf 91' lang='lat' dir='ltr'><strong>om-</strong></span> 
     </span>
    </p>
   </div>
   <div class='ocr_carea' id='block_1_20' title="bbox 332 2109 1920 2190">
    <p class='ocr_par' dir='ltr' id='par_1_20' title="bbox 332 2109 1920 2190">
     <span class='ocr_line' id='line_1_20' title="bbox 332 2109 1920 2190; baseline -0.019 -1"><span class='ocrx_word' id='word_1_143' title='bbox 332 2135 491 2190; x_wconf 89' lang='lat' dir='ltr'><strong>nibus</strong></span> <span class='ocrx_word' id='word_1_144' title='bbox 516 2130 842 2186; x_wconf 90' lang='lat' dir='ltr'><strong>innotuimus</strong></span> <span class='ocrx_word' id='word_1_145' title='bbox 865 2167 878 2188; x_wconf 95' lang='lat'><strong>,</strong></span> <span class='ocrx_word' id='word_1_146' title='bbox 924 2134 978 2179; x_wconf 90' lang='lat' dir='ltr'><strong>et</strong></span> <span class='ocrx_word' id='word_1_147' title='bbox 1021 2118 1270 2175; x_wconf 86' lang='lat' dir='ltr'><strong>solatium</strong></span> <span class='ocrx_word' id='word_1_148' title='bbox 1314 2114 1442 2170; x_wconf 91' lang='lat' dir='ltr'><strong>illud</strong></span> <span class='ocrx_word' id='word_1_149' title='bbox 1472 2129 1539 2167; x_wconf 86' lang='lat' dir='ltr'><strong>ex</strong></span> <span class='ocrx_word' id='word_1_150' title='bbox 1565 2109 1920 2166; x_wconf 87' lang='lat' dir='ltr'><strong>occultatione</strong></span> 
     </span>
    </p>
   </div>
   <div class='ocr_carea' id='block_1_21' title="bbox 334 2202 1921 2297">
    <p class='ocr_par' dir='ltr' id='par_1_21' title="bbox 334 2202 1921 2297">
     <span class='ocr_line' id='line_1_21' title="bbox 334 2202 1921 2297; baseline -0.018 -20"><span class='ocrx_word' id='word_1_151' title='bbox 334 2223 684 2297; x_wconf 88' lang='lat' dir='ltr'><strong>perdidimus,</strong></span> <span class='ocrx_word' id='word_1_152' title='bbox 711 2232 777 2274; x_wconf 92' lang='lat' dir='ltr'><strong>eo</strong></span> <span class='ocrx_word' id='word_1_153' title='bbox 802 2215 968 2284; x_wconf 88' lang='lat' dir='ltr'><strong>magis</strong></span> <span class='ocrx_word' id='word_1_154' title='bbox 992 2209 1328 2281; x_wconf 86' lang='lat' dir='ltr'><strong>impudentes</strong></span> <span class='ocrx_word' id='word_1_155' title='bbox 1353 2221 1415 2261; x_wconf 91' lang='lat' dir='ltr'><strong>ac</strong></span> <span class='ocrx_word' id='word_1_156' title='bbox 1442 2202 1769 2273; x_wconf 78' lang='lat' dir='ltr'><strong>negligentes</strong></span> <span class='ocrx_word' id='word_1_157' title='bbox 1793 2214 1921 2253; x_wconf 81' lang='lat' dir='ltr'><strong>eva-</strong></span> 
     </span>
    </p>
   </div>
   <div class='ocr_carea' id='block_1_22' title="bbox 332 2293 1921 2381">
    <p class='ocr_par' dir='ltr' id='par_1_22' title="bbox 332 2293 1921 2381">
     <span class='ocr_line' id='line_1_22' title="bbox 332 2293 1921 2381; baseline -0.022 -6"><span class='ocrx_word' id='word_1_158' title='bbox 332 2293 534 2375; x_wconf 83' lang='lat' dir='ltr'><strong>dimus.</strong></span> <span class='ocrx_word' id='word_1_159' title='bbox 578 2315 641 2369; x_wconf 86' lang='lat' dir='ltr'><strong>Et</strong></span> <span class='ocrx_word' id='word_1_160' title='bbox 686 2304 1132 2381; x_wconf 87' lang='lat' dir='ltr'><strong>quemadmodum</strong></span> <span class='ocrx_word' id='word_1_161' title='bbox 1180 2315 1298 2371; x_wconf 79' lang='lat' dir='ltr'><strong>qua:</strong></span> <span class='ocrx_word' id='word_1_162' title='bbox 1347 2298 1666 2365; x_wconf 81' lang='lat' dir='ltr'><strong>detegantur</strong></span> <span class='ocrx_word' id='word_1_163' title='bbox 1710 2293 1921 2355; x_wconf 85' lang='lat' dir='ltr'><strong>ulcera,</strong></span> 
     </span>
    </p>
   </div>
   <div class='ocr_carea' id='block_1_23' title="bbox 334 2382 1923 2478">
    <p class='ocr_par' dir='ltr' id='par_1_23' title="bbox 334 2382 1923 2478">
     <span class='ocr_line' id='line_1_23' title="bbox 334 2382 1923 2478; baseline -0.019 -14"><span class='ocrx_word' id='word_1_164' title='bbox 334 2420 653 2478; x_wconf 86' lang='lat' dir='ltr'><strong>semperque</strong></span> <span class='ocrx_word' id='word_1_165' title='bbox 673 2399 862 2471; x_wconf 86' lang='lat' dir='ltr'><strong>frigido</strong></span> <span class='ocrx_word' id='word_1_166' title='bbox 876 2397 984 2452; x_wconf 88' lang='lat' dir='ltr'><strong>aeri</strong></span> <span class='ocrx_word' id='word_1_167' title='bbox 1006 2399 1364 2463; x_wconf 67' lang='lat' dir='ltr'><strong>esponuntur,</strong></span> <span class='ocrx_word' id='word_1_168' title='bbox 1384 2387 1655 2442; x_wconf 66' lang='lat' dir='ltr'><strong>acerbiora</strong></span> <span class='ocrx_word' id='word_1_169' title='bbox 1676 2382 1833 2437; x_wconf 91' lang='lat' dir='ltr'><strong>fiunt:</strong></span> <span class='ocrx_word' id='word_1_170' title='bbox 1854 2382 1923 2435; x_wconf 92' lang='lat' dir='ltr'><strong>ita</strong></span> 
     </span>
    </p>
   </div>
   <div class='ocr_carea' id='block_1_24' title="bbox 334 2474 1965 2570">
    <p class='ocr_par' dir='ltr' id='par_1_24' title="bbox 334 2474 1965 2570">
     <span class='ocr_line' id='line_1_24' title="bbox 334 2474 1965 2570; baseline -0.018 -14"><span class='ocrx_word' id='word_1_171' title='bbox 334 2514 550 2570; x_wconf 89' lang='lat' dir='ltr'><strong>quoque</strong></span> <span class='ocrx_word' id='word_1_172' title='bbox 596 2495 774 2551; x_wconf 87' lang='lat' dir='ltr'><strong>anima</strong></span> <span class='ocrx_word' id='word_1_173' title='bbox 819 2488 1021 2561; x_wconf 84' lang='lat' dir='ltr'><strong>peccati</strong></span> <span class='ocrx_word' id='word_1_174' title='bbox 1068 2500 1157 2541; x_wconf 90' lang='lat' dir='ltr'><strong>rea</strong></span> <span class='ocrx_word' id='word_1_175' title='bbox 1182 2526 1197 2551; x_wconf 91' lang='lat'><strong>,</strong></span> <span class='ocrx_word' id='word_1_176' title='bbox 1226 2482 1269 2538; x_wconf 90' lang='lat' dir='ltr'><strong>si</strong></span> <span class='ocrx_word' id='word_1_177' title='bbox 1297 2495 1476 2536; x_wconf 90' lang='lat' dir='ltr'><strong>coram</strong></span> <span class='ocrx_word' id='word_1_178' title='bbox 1516 2477 1697 2532; x_wconf 89' lang='lat' dir='ltr'><strong>multis</strong></span> <span class='ocrx_word' id='word_1_179' title='bbox 1721 2517 1736 2541; x_wconf 95' lang='lat'><strong>,</strong></span> <span class='ocrx_word' id='word_1_180' title='bbox 1768 2474 1838 2528; x_wconf 91' lang='lat' dir='ltr'><strong>ob</strong></span> <span class='ocrx_word' id='word_1_181' title='bbox 1863 2488 1925 2527; x_wconf 89' lang='lat' dir='ltr'><strong>ea</strong></span> <span class='ocrx_word' id='word_1_182' title='bbox 1962 2524 1965 2527; x_wconf 37' lang='grc' dir='ltr'><strong><em>λ</em></strong></span> 
     </span>
    </p>
   </div>
   <div class='ocr_carea' id='block_1_25' title="bbox 336 2562 1929 2663">
    <p class='ocr_par' dir='ltr' id='par_1_25' title="bbox 336 2562 1929 2663">
     <span class='ocr_line' id='line_1_25' title="bbox 336 2562 1929 2663; baseline -0.018 -19"><span class='ocrx_word' id='word_1_183' title='bbox 336 2562 728 2663; x_wconf 50' lang='lat' dir='ltr'><strong>qum-deliquit,</strong></span> <span class='ocrx_word' id='word_1_184' title='bbox 760 2578 1213 2652; x_wconf 84' lang='lat' dir='ltr'><strong>reprehendatur,</strong></span> <span class='ocrx_word' id='word_1_185' title='bbox 1246 2569 1603 2641; x_wconf 75' lang='lat' dir='ltr'><strong>im‘pudcntior</strong></span> <span class='ocrx_word' id='word_1_186' title='bbox 1627 2565 1820 2622; x_wconf 88' lang='lat' dir='ltr'><strong>evadit.</strong></span> <span class='ocrx_word' id='word_1_187' title='bbox 1850 2562 1929 2617; x_wconf 88' lang='lat' dir='ltr'><strong>Ne</strong></span> 
     </span>
    </p>
   </div>
   <div class='ocr_carea' id='block_1_26' title="bbox 337 2656 1931 2751">
    <p class='ocr_par' dir='ltr' id='par_1_26' title="bbox 337 2656 1931 2751">
     <span class='ocr_line' id='line_1_26' title="bbox 337 2656 1931 2751; baseline -0.018 -14"><span class='ocrx_word' id='word_1_188' title='bbox 337 2683 497 2751; x_wconf 83' lang='lat' dir='ltr'><strong>igitur</strong></span> <span class='ocrx_word' id='word_1_189' title='bbox 522 2678 621 2732; x_wconf 92' lang='lat' dir='ltr'><strong>hoc</strong></span> <span class='ocrx_word' id='word_1_190' title='bbox 644 2674 911 2730; x_wconf 90' lang='lat' dir='ltr'><strong>accideret</strong></span> <span class='ocrx_word' id='word_1_191' title='bbox 936 2713 952 2737; x_wconf 89' lang='lat'><strong>,</strong></span> <span class='ocrx_word' id='word_1_192' title='bbox 984 2671 1120 2723; x_wconf 90' lang='lat' dir='ltr'><strong>clam</strong></span> <span class='ocrx_word' id='word_1_193' title='bbox 1164 2680 1261 2718; x_wconf 86' lang='lat' dir='ltr'><strong>vos</strong></span> <span class='ocrx_word' id='word_1_194' title='bbox 1296 2676 1473 2717; x_wconf 87' lang='lat' dir='ltr'><strong>sermo</strong></span> <span class='ocrx_word' id='word_1_195' title='bbox 1503 2656 1726 2713; x_wconf 76' lang='lat' dir='ltr'><strong>curavit.</strong></span> <span class='ocrx_word' id='word_1_196' title='bbox 1758 2658 1931 2724; x_wconf 85' lang='lat' dir='ltr'><strong>Atque</strong></span> 
     </span>
    </p>
   </div>
   <div class='ocr_carea' id='block_1_27' title="bbox 338 2747 1933 2834">
    <p class='ocr_par' dir='ltr' id='par_1_27' title="bbox 338 2747 1933 2834">
     <span class='ocr_line' id='line_1_27' title="bbox 338 2747 1933 2834; baseline -0.018 -9"><span class='ocrx_word' id='word_1_197' title='bbox 338 2747 398 2825; x_wconf 67' lang='lat' dir='ltr'><strong>lit</strong></span> <span class='ocrx_word' id='word_1_198' title='bbox 445 2764 750 2834; x_wconf 88' lang='lat' dir='ltr'><strong>intelligatis</strong></span> <span class='ocrx_word' id='word_1_199' title='bbox 782 2758 1087 2814; x_wconf 68' lang='lat' dir='ltr'><strong>admodum</strong></span> <span class='ocrx_word' id='word_1_200' title='bbox 1126 2754 1309 2809; x_wconf 89' lang='lat' dir='ltr'><strong>utilem</strong></span> <span class='ocrx_word' id='word_1_201' title='bbox 1351 2752 1488 2804; x_wconf 88' lang='lat' dir='ltr'><strong>hanc</strong></span> <span class='ocrx_word' id='word_1_202' title='bbox 1516 2747 1776 2802; x_wconf 79' lang='lat' dir='ltr'><strong>occultam</strong></span> <span class='ocrx_word' id='word_1_203' title='bbox 1811 2757 1933 2798; x_wconf 87' lang='lat' dir='ltr'><strong>esse</strong></span> 
     </span>
    </p>
   </div>
   <div class='ocr_carea' id='block_1_28' title="bbox 341 2833 1933 2917">
    <p class='ocr_par' dir='ltr' id='par_1_28' title="bbox 341 2833 1933 2917">
     <span class='ocr_line' id='line_1_28' title="bbox 341 2833 1933 2917; baseline -0.019 0"><span class='ocrx_word' id='word_1_204' title='bbox 341 2855 591 2917; x_wconf 90' lang='lat' dir='ltr'><strong>medendi</strong></span> <span class='ocrx_word' id='word_1_205' title='bbox 624 2833 896 2909; x_wconf 78' lang='lat' dir='ltr'><strong>rationem</strong></span> <span class='ocrx_word' id='word_1_206' title='bbox 923 2891 939 2915; x_wconf 95' lang='lat'><strong>,</strong></span> <span class='ocrx_word' id='word_1_207' title='bbox 984 2846 1163 2902; x_wconf 88' lang='lat' dir='ltr'><strong>audite</strong></span> <span class='ocrx_word' id='word_1_208' title='bbox 1205 2842 1329 2914; x_wconf 88' lang='lat' dir='ltr'><strong>quid</strong></span> <span class='ocrx_word' id='word_1_209' title='bbox 1378 2840 1619 2896; x_wconf 76' lang='lat' dir='ltr'><strong>Christus</strong></span> <span class='ocrx_word' id='word_1_210' title='bbox 1660 2836 1838 2890; x_wconf 88' lang='lat' dir='ltr'><strong>dicat:</strong></span> <span class='ocrx_word' id='word_1_211' title='bbox 1872 2833 1933 2887; x_wconf 83' lang='lat' dir='ltr'><strong>Si</strong></span> 
     </span>
    </p>
   </div>
   <div class='ocr_carea' id='block_1_29' title="bbox 344 2924 1933 3021">
    <p class='ocr_par' dir='ltr' id='par_1_29' title="bbox 344 2924 1933 3021">
     <span class='ocr_line' id='line_1_29' title="bbox 344 2924 1933 3021; baseline -0.02 -15"><span class='ocrx_word' id='word_1_212' title='bbox 344 2948 617 3021; x_wconf 79' lang='lat' dir='ltr'><strong>peccaverit</strong></span> <span class='ocrx_word' id='word_1_213' title='bbox 645 2946 698 2999; x_wconf 84' lang='lat' dir='ltr'><strong>in</strong></span> <span class='ocrx_word' id='word_1_214' title='bbox 725 2954 770 2997; x_wconf 86' lang='lat' dir='ltr'><strong>te</strong></span> <span class='ocrx_word' id='word_1_215' title='bbox 792 2945 948 3014; x_wconf 77' lang='lat' dir='ltr'><strong>frater</strong></span> <span class='ocrx_word' id='word_1_216' title='bbox 979 2949 1091 2993; x_wconf 78' lang='lat' dir='ltr'><strong>tuus</strong></span> <span class='ocrx_word' id='word_1_217' title='bbox 1110 2977 1125 3001; x_wconf 96' lang='lat'><strong>,</strong></span> <span class='ocrx_word' id='word_1_218' title='bbox 1156 2934 1352 3000; x_wconf 82' lang='lat' dir='ltr'><strong>corripe</strong></span> <span class='ocrx_word' id='word_1_219' title='bbox 1379 2947 1491 2985; x_wconf 83' lang='lat' dir='ltr'><strong>cum</strong></span> <span class='ocrx_word' id='word_1_220' title='bbox 1521 2943 1540 2983; x_wconf 89' lang='lat'><strong><em>:</em></strong></span> <span class='ocrx_word' id='word_1_221' title='bbox 1565 2937 1619 2982; x_wconf 91' lang='lat' dir='ltr'><strong>et</strong></span> <span class='ocrx_word' id='word_1_222' title='bbox 1645 2940 1750 2980; x_wconf 89' lang='lat' dir='ltr'><strong>non</strong></span> <span class='ocrx_word' id='word_1_223' title='bbox 1778 2924 1933 2987; x_wconf 76' lang='lat' dir='ltr'><strong>dixit,</strong></span> 
     </span>
    </p>
   </div>
   <div class='ocr_carea' id='block_1_30' title="bbox 344 3012 1937 3097">
    <p class='ocr_par' dir='ltr' id='par_1_30' title="bbox 344 3012 1937 3097">
     <span class='ocr_line' id='line_1_30' title="bbox 344 3012 1937 3097; baseline -0.019 -2"><span class='ocrx_word' id='word_1_224' title='bbox 344 3012 484 3095; x_wconf 80' lang='lat' dir='ltr'><strong>inter</strong></span> <span class='ocrx_word' id='word_1_225' title='bbox 508 3048 563 3094; x_wconf 91' lang='lat' dir='ltr'><strong>te</strong></span> <span class='ocrx_word' id='word_1_226' title='bbox 584 3045 640 3092; x_wconf 91' lang='lat' dir='ltr'><strong>et</strong></span> <span class='ocrx_word' id='word_1_227' title='bbox 665 3012 931 3089; x_wconf 83' lang='lat' dir='ltr'><strong>civitatem</strong></span> <span class='ocrx_word' id='word_1_228' title='bbox 958 3070 972 3095; x_wconf 91' lang='lat'><strong>,</strong></span> <span class='ocrx_word' id='word_1_229' title='bbox 1006 3041 1177 3097; x_wconf 90' lang='lat' dir='ltr'><strong>neque</strong></span> <span class='ocrx_word' id='word_1_230' title='bbox 1198 3026 1337 3079; x_wconf 88' lang='lat' dir='ltr'><strong>inter</strong></span> <span class='ocrx_word' id='word_1_231' title='bbox 1367 3029 1418 3076; x_wconf 90' lang='lat' dir='ltr'><strong>te</strong></span> <span class='ocrx_word' id='word_1_232' title='bbox 1443 3029 1495 3075; x_wconf 92' lang='lat' dir='ltr'><strong>et</strong></span> <span class='ocrx_word' id='word_1_233' title='bbox 1521 3017 1771 3089; x_wconf 69' lang='lat' dir='ltr'><strong>pollulum</strong></span> <span class='ocrx_word' id='word_1_234' title='bbox 1797 3055 1814 3080; x_wconf 93' lang='lat'><strong>,</strong></span> <span class='ocrx_word' id='word_1_235' title='bbox 1842 3012 1937 3067; x_wconf 87' lang='lat' dir='ltr'><strong>sed</strong></span> 
     </span>
    </p>
   </div>
   <div class='ocr_carea' id='block_1_31' title="bbox 343 3106 1937 3193">
    <p class='ocr_par' dir='ltr' id='par_1_31' title="bbox 343 3106 1937 3193">
     <span class='ocr_line' id='line_1_31' title="bbox 343 3106 1937 3193; baseline -0.016 -7"><span class='ocrx_word' id='word_1_236' title='bbox 343 3132 489 3187; x_wconf 86' lang='lat' dir='ltr'><strong>Inter</strong></span> <span class='ocrx_word' id='word_1_237' title='bbox 536 3138 584 3183; x_wconf 87' lang='lat' dir='ltr'><strong>te</strong></span> <span class='ocrx_word' id='word_1_238' title='bbox 624 3136 671 3181; x_wconf 86' lang='lat' dir='ltr'><strong>et</strong></span> <span class='ocrx_word' id='word_1_239' title='bbox 717 3125 886 3193; x_wconf 84' lang='lat' dir='ltr'><strong>ipsum</strong></span> <span class='ocrx_word' id='word_1_240' title='bbox 938 3121 1102 3175; x_wconf 88' lang='lat' dir='ltr'><strong>solum</strong></span> <span class='ocrx_word' id='word_1_241' title='bbox 1146 3114 1367 3188; x_wconf 81' lang='lat' dir='ltr'><strong>(Matth.</strong></span> <span class='ocrx_word' id='word_1_242' title='bbox 1400 3112 1487 3167; x_wconf 81' lang='grc'><strong>18.</strong></span> <span class='ocrx_word' id='word_1_243' title='bbox 1524 3110 1652 3178; x_wconf 79' lang='grc'><strong>15).</strong></span> <span class='ocrx_word' id='word_1_244' title='bbox 1688 3106 1771 3163; x_wconf 88' lang='lat' dir='ltr'><strong>Sit</strong></span> <span class='ocrx_word' id='word_1_245' title='bbox 1819 3106 1937 3161; x_wconf 87' lang='lat' dir='ltr'><strong>sine</strong></span> 
     </span>
    </p>
   </div>
   <div class='ocr_carea' id='block_1_32' title="bbox 353 3198 1936 3281">
    <p class='ocr_par' dir='ltr' id='par_1_32' title="bbox 353 3198 1936 3281">
     <span class='ocr_line' id='line_1_32' title="bbox 353 3198 1936 3281; baseline -0.015 -5"><span class='ocrx_word' id='word_1_246' title='bbox 353 3220 581 3276; x_wconf 88' lang='lat' dir='ltr'><strong>testibus</strong></span> <span class='ocrx_word' id='word_1_247' title='bbox 619 3214 908 3279; x_wconf 89' lang='lat' dir='ltr'><strong>accusatio,</strong></span> <span class='ocrx_word' id='word_1_248' title='bbox 950 3210 1153 3281; x_wconf 88' lang='lat' dir='ltr'><strong>inquit,</strong></span> <span class='ocrx_word' id='word_1_249' title='bbox 1186 3216 1247 3262; x_wconf 91' lang='lat' dir='ltr'><strong>ut</strong></span> <span class='ocrx_word' id='word_1_250' title='bbox 1272 3205 1480 3260; x_wconf 79' lang='lat' dir='ltr'><strong>facilior</strong></span> <span class='ocrx_word' id='word_1_251' title='bbox 1522 3203 1592 3256; x_wconf 90' lang='lat' dir='ltr'><strong>sit</strong></span> <span class='ocrx_word' id='word_1_252' title='bbox 1633 3200 1858 3255; x_wconf 87' lang='lat' dir='ltr'><strong>mutatio</strong></span> <span class='ocrx_word' id='word_1_253' title='bbox 1883 3198 1936 3252; x_wconf 91' lang='lat' dir='ltr'><strong>in</strong></span> 
     </span>
    </p>
   </div>
   <div class='ocr_carea' id='block_1_33' title="bbox 347 3290 1942 3377">
    <p class='ocr_par' dir='ltr' id='par_1_33' title="bbox 347 3290 1942 3377">
     <span class='ocr_line' id='line_1_33' title="bbox 347 3290 1942 3377; baseline -0.014 -11"><span class='ocrx_word' id='word_1_254' title='bbox 347 3312 564 3367; x_wconf 88' lang='lat' dir='ltr'><strong>melius.</strong></span> <span class='ocrx_word' id='word_1_255' title='bbox 599 3309 841 3377; x_wconf 83' lang='lat' dir='ltr'><strong>Magnum</strong></span> <span class='ocrx_word' id='word_1_256' title='bbox 881 3316 1009 3373; x_wconf 86' lang='lat' dir='ltr'><strong>ergo</strong></span> <span class='ocrx_word' id='word_1_257' title='bbox 1036 3302 1233 3356; x_wconf 85' lang='lat' dir='ltr'><strong>bonum</strong></span> <span class='ocrx_word' id='word_1_258' title='bbox 1260 3307 1343 3352; x_wconf 90' lang='lat' dir='ltr'><strong>est</strong></span> <span class='ocrx_word' id='word_1_259' title='bbox 1366 3337 1381 3361; x_wconf 90' lang='lat'><strong>,</strong></span> <span class='ocrx_word' id='word_1_260' title='bbox 1411 3296 1455 3349; x_wconf 93' lang='lat' dir='ltr'><strong>si</strong></span> <span class='ocrx_word' id='word_1_261' title='bbox 1483 3310 1587 3348; x_wconf 87' lang='lat' dir='ltr'><strong>non</strong></span> <span class='ocrx_word' id='word_1_262' title='bbox 1616 3292 1822 3361; x_wconf 87' lang='lat' dir='ltr'><strong>publice</strong></span> <span class='ocrx_word' id='word_1_263' title='bbox 1851 3290 1942 3343; x_wconf 90' lang='lat' dir='ltr'><strong>ﬁat</strong></span> 
     </span>
    </p>
   </div>
   <div class='ocr_carea' id='block_1_34' title="bbox 348 3385 1940 3460">
    <p class='ocr_par' dir='ltr' id='par_1_34' title="bbox 348 3385 1940 3460">
     <span class='ocr_line' id='line_1_34' title="bbox 348 3385 1940 3460; baseline -0.016 0"><span class='ocrx_word' id='word_1_264' title='bbox 348 3402 672 3460; x_wconf 83' lang='lat' dir='ltr'><strong>cohortatio.</strong></span> <span class='ocrx_word' id='word_1_265' title='bbox 729 3396 937 3452; x_wconf 87' lang='lat' dir='ltr'><strong>Sufficit</strong></span> <span class='ocrx_word' id='word_1_266' title='bbox 974 3386 1559 3449; x_wconf 78' lang='lat' dir='ltr'><strong>conscientiazsufﬁcit</strong></span> <span class='ocrx_word' id='word_1_267' title='bbox 1604 3385 1940 3451; x_wconf 79' lang='lat' dir='ltr'><strong>incorruptus</strong></span> 
     </span>
    </p>
   </div>
   <div class='ocr_carea' id='block_1_35' title="bbox 350 3476 1938 3566">
    <p class='ocr_par' dir='ltr' id='par_1_35' title="bbox 350 3476 1938 3566">
     <span class='ocr_line' id='line_1_35' title="bbox 350 3476 1938 3566; baseline -0.016 -13"><span class='ocrx_word' id='word_1_268' title='bbox 350 3496 648 3566; x_wconf 80' lang='lat' dir='ltr'><strong>illejudex.</strong></span> <span class='ocrx_word' id='word_1_269' title='bbox 700 3491 816 3547; x_wconf 84' lang='lat' dir='ltr'><strong>Non</strong></span> <span class='ocrx_word' id='word_1_270' title='bbox 866 3490 935 3544; x_wconf 92' lang='lat' dir='ltr'><strong>ita</strong></span> <span class='ocrx_word' id='word_1_271' title='bbox 985 3498 1039 3541; x_wconf 91' lang='lat' dir='ltr'><strong>tu</strong></span> <span class='ocrx_word' id='word_1_272' title='bbox 1086 3492 1419 3555; x_wconf 84' lang='lat' dir='ltr'><strong>peccatorem</strong></span> <span class='ocrx_word' id='word_1_273' title='bbox 1451 3476 1839 3548; x_wconf 90' lang='lat' dir='ltr'><strong>reprehendis,</strong></span> <span class='ocrx_word' id='word_1_274' title='bbox 1885 3483 1938 3527; x_wconf 90' lang='lat' dir='ltr'><strong>ut</strong></span> 
     </span>
    </p>
   </div>
   <div class='ocr_carea' id='block_1_36' title="bbox 349 3565 1940 3659">
    <p class='ocr_par' dir='ltr' id='par_1_36' title="bbox 349 3565 1940 3659">
     <span class='ocr_line' id='line_1_36' title="bbox 349 3565 1940 3659; baseline -0.019 -13"><span class='ocrx_word' id='word_1_275' title='bbox 349 3565 524 3659; x_wconf 81' lang='lat' dir='ltr'><strong>ipsius</strong></span> <span class='ocrx_word' id='word_1_276' title='bbox 562 3581 887 3641; x_wconf 90' lang='lat' dir='ltr'><strong>conscientia</strong></span> <span class='ocrx_word' id='word_1_277' title='bbox 918 3577 1145 3651; x_wconf 89' lang='lat' dir='ltr'><strong>(quippe</strong></span> <span class='ocrx_word' id='word_1_278' title='bbox 1182 3572 1322 3645; x_wconf 89' lang='lat' dir='ltr'><strong>quod</strong></span> <span class='ocrx_word' id='word_1_279' title='bbox 1370 3568 1611 3639; x_wconf 89' lang='lat' dir='ltr'><strong>asperior</strong></span> <span class='ocrx_word' id='word_1_280' title='bbox 1641 3566 1730 3620; x_wconf 92' lang='lat' dir='ltr'><strong>ille</strong></span> <span class='ocrx_word' id='word_1_281' title='bbox 1754 3565 1822 3619; x_wconf 90' lang='lat' dir='ltr'><strong>sit</strong></span> <span class='ocrx_word' id='word_1_282' title='bbox 1847 3577 1940 3617; x_wconf 87' lang='lat' dir='ltr'><strong>ae-</strong></span> 
     </span>
    </p>
   </div>
   <div class='ocr_carea' id='block_1_37' title="bbox 349 3652 1943 3749">
    <p class='ocr_par' dir='ltr' id='par_1_37' title="bbox 349 3652 1943 3749">
     <span class='ocr_line' id='line_1_37' title="bbox 349 3652 1943 3749; baseline -0.018 -13"><span class='ocrx_word' id='word_1_283' title='bbox 349 3652 606 3749; x_wconf 71' lang='lat' dir='ltr'><strong>cllslltor)</strong></span> <span class='ocrx_word' id='word_1_284' title='bbox 635 3718 649 3743; x_wconf 92' lang='lat'><strong>,</strong></span> <span class='ocrx_word' id='word_1_285' title='bbox 681 3688 857 3744; x_wconf 90' lang='lat' dir='ltr'><strong>neque</strong></span> <span class='ocrx_word' id='word_1_286' title='bbox 884 3670 1077 3725; x_wconf 88' lang='lat' dir='ltr'><strong>delicta</strong></span> <span class='ocrx_word' id='word_1_287' title='bbox 1119 3666 1236 3736; x_wconf 88' lang='lat' dir='ltr'><strong>ejus</strong></span> <span class='ocrx_word' id='word_1_288' title='bbox 1284 3661 1590 3718; x_wconf 89' lang='lat' dir='ltr'><strong>accuratius</strong></span> <span class='ocrx_word' id='word_1_289' title='bbox 1633 3657 1791 3712; x_wconf 88' lang='lat' dir='ltr'><strong>nosti.</strong></span> <span class='ocrx_word' id='word_1_290' title='bbox 1822 3652 1943 3709; x_wconf 86' lang='lat' dir='ltr'><strong>Noli</strong></span> 
     </span>
    </p>
   </div>
   <div class='ocr_carea' id='block_1_38' title="bbox 350 3755 1944 3844">
    <p class='ocr_par' dir='ltr' id='par_1_38' title="bbox 350 3755 1944 3844">
     <span class='ocr_line' id='line_1_38' title="bbox 350 3755 1944 3844; baseline -0.019 -15"><span class='ocrx_word' id='word_1_291' title='bbox 350 3790 480 3844; x_wconf 87' lang='lat' dir='ltr'><strong>ergo</strong></span> <span class='ocrx_word' id='word_1_292' title='bbox 512 3770 704 3825; x_wconf 91' lang='lat' dir='ltr'><strong>vulnus</strong></span> <span class='ocrx_word' id='word_1_293' title='bbox 745 3762 1056 3821; x_wconf 88' lang='lat' dir='ltr'><strong>vulneribus</strong></span> <span class='ocrx_word' id='word_1_294' title='bbox 1085 3759 1280 3813; x_wconf 91' lang='lat' dir='ltr'><strong>addere</strong></span> <span class='ocrx_word' id='word_1_295' title='bbox 1301 3798 1316 3821; x_wconf 96' lang='lat'><strong>,</strong></span> <span class='ocrx_word' id='word_1_296' title='bbox 1348 3755 1474 3809; x_wconf 93' lang='lat' dir='ltr'><strong>dum</strong></span> <span class='ocrx_word' id='word_1_297' title='bbox 1517 3758 1788 3806; x_wconf 87' lang='lat' dir='ltr'><strong>auctorem</strong></span> <span class='ocrx_word' id='word_1_298' title='bbox 1817 3760 1944 3816; x_wconf 78' lang='lat' dir='ltr'><strong>pec-</strong></span> 
     </span>
    </p>
   </div>
   <div class='ocr_carea' id='block_1_39' title="bbox 352 3837 1946 3930">
    <p class='ocr_par' dir='ltr' id='par_1_39' title="bbox 352 3837 1946 3930">
     <span class='ocr_line' id='line_1_39' title="bbox 352 3837 1946 3930; baseline -0.019 -10"><span class='ocrx_word' id='word_1_299' title='bbox 352 3865 456 3920; x_wconf 83' lang='lat' dir='ltr'><strong>cati</strong></span> <span class='ocrx_word' id='word_1_300' title='bbox 486 3862 749 3930; x_wconf 84' lang='lat' dir='ltr'><strong>divulgas,</strong></span> <span class='ocrx_word' id='word_1_301' title='bbox 782 3856 876 3912; x_wconf 90' lang='lat' dir='ltr'><strong>sed</strong></span> <span class='ocrx_word' id='word_1_302' title='bbox 903 3852 1127 3910; x_wconf 89' lang='lat' dir='ltr'><strong>semotis</strong></span> <span class='ocrx_word' id='word_1_303' title='bbox 1155 3848 1371 3903; x_wconf 85' lang='lat' dir='ltr'><strong>arbitris</strong></span> <span class='ocrx_word' id='word_1_304' title='bbox 1400 3842 1821 3899; x_wconf 88' lang='lat' dir='ltr'><strong>admonitionem</strong></span> <span class='ocrx_word' id='word_1_305' title='bbox 1850 3837 1946 3892; x_wconf 81' lang='lat' dir='ltr'><strong>ad-</strong></span> 
     </span>
    </p>
   </div>
   <div class='ocr_carea' id='block_1_40' title="bbox 356 3925 1946 4017">
    <p class='ocr_par' dir='ltr' id='par_1_40' title="bbox 356 3925 1946 4017">
     <span class='ocr_line' id='line_1_40' title="bbox 356 3925 1946 4017; baseline -0.016 -10"><span class='ocrx_word' id='word_1_306' title='bbox 356 3954 557 4008; x_wconf 83' lang='lat' dir='ltr'><strong>hibeto.</strong></span> <span class='ocrx_word' id='word_1_307' title='bbox 593 3950 705 4004; x_wconf 88' lang='lat' dir='ltr'><strong>lloc</strong></span> <span class='ocrx_word' id='word_1_308' title='bbox 750 3947 908 4017; x_wconf 83' lang='lat' dir='ltr'><strong>igitur</strong></span> <span class='ocrx_word' id='word_1_309' title='bbox 952 3956 1094 3997; x_wconf 90' lang='lat' dir='ltr'><strong>nunc</strong></span> <span class='ocrx_word' id='word_1_310' title='bbox 1138 3952 1350 4009; x_wconf 89' lang='lat' dir='ltr'><strong>quoque</strong></span> <span class='ocrx_word' id='word_1_311' title='bbox 1386 3949 1487 3989; x_wconf 92' lang='lat' dir='ltr'><strong>nos</strong></span> <span class='ocrx_word' id='word_1_312' title='bbox 1524 3931 1728 4001; x_wconf 87' lang='lat' dir='ltr'><strong>agimus</strong></span> <span class='ocrx_word' id='word_1_313' title='bbox 1751 3969 1768 3994; x_wconf 90' lang='lat'><strong>,</strong></span> <span class='ocrx_word' id='word_1_314' title='bbox 1804 3925 1946 3997; x_wconf 90' lang='lat' dir='ltr'><strong>quod</strong></span> 
     </span>
    </p>
   </div>
   <div class='ocr_carea' id='block_1_41' title="bbox 354 4018 1949 4111">
    <p class='ocr_par' dir='ltr' id='par_1_41' title="bbox 354 4018 1949 4111">
     <span class='ocr_line' id='line_1_41' title="bbox 354 4018 1949 4111; baseline -0.019 -10"><span class='ocrx_word' id='word_1_315' title='bbox 354 4045 552 4101; x_wconf 86' lang='lat' dir='ltr'><strong>Paulus</strong></span> <span class='ocrx_word' id='word_1_316' title='bbox 591 4041 700 4111; x_wconf 83' lang='lat' dir='ltr'><strong>egit</strong></span> <span class='ocrx_word' id='word_1_317' title='bbox 724 4082 738 4105; x_wconf 96' lang='lat'><strong>,</strong></span> <span class='ocrx_word' id='word_1_318' title='bbox 771 4039 897 4093; x_wconf 92' lang='lat' dir='ltr'><strong>dum</strong></span> <span class='ocrx_word' id='word_1_319' title='bbox 929 4036 1047 4090; x_wconf 87' lang='lat' dir='ltr'><strong>sine</strong></span> <span class='ocrx_word' id='word_1_320' title='bbox 1076 4031 1302 4087; x_wconf 84' lang='lat' dir='ltr'><strong>testibus</strong></span> <span class='ocrx_word' id='word_1_321' title='bbox 1328 4026 1466 4098; x_wconf 87' lang='lat' dir='ltr'><strong>apud</strong></span> <span class='ocrx_word' id='word_1_322' title='bbox 1495 4020 1803 4080; x_wconf 83' lang='lat' dir='ltr'><strong>Corinthios</strong></span> <span class='ocrx_word' id='word_1_323' title='bbox 1830 4018 1949 4088; x_wconf 84' lang='lat' dir='ltr'><strong>ejus</strong></span> 
     </span>
    </p>
   </div>
   <div class='ocr_carea' id='block_1_42' title="bbox 357 4115 1949 4207">
    <p class='ocr_par' dir='ltr' id='par_1_42' title="bbox 357 4115 1949 4207">
     <span class='ocr_line' id='line_1_42' title="bbox 357 4115 1949 4207; baseline -0.016 -17"><span class='ocrx_word' id='word_1_324' title='bbox 357 4137 450 4207; x_wconf 91' lang='lat' dir='ltr'><strong>qui</strong></span> <span class='ocrx_word' id='word_1_325' title='bbox 489 4142 739 4206; x_wconf 90' lang='lat' dir='ltr'><strong>peecarat</strong></span> <span class='ocrx_word' id='word_1_326' title='bbox 770 4128 997 4183; x_wconf 88' lang='lat' dir='ltr'><strong>instituit</strong></span> <span class='ocrx_word' id='word_1_327' title='bbox 1038 4123 1455 4181; x_wconf 81' lang='lat' dir='ltr'><strong>accusationem.</strong></span> <span class='ocrx_word' id='word_1_328' title='bbox 1490 4115 1626 4171; x_wconf 86' lang='lat' dir='ltr'><strong>Audi</strong></span> <span class='ocrx_word' id='word_1_329' title='bbox 1668 4128 1801 4168; x_wconf 87' lang='lat' dir='ltr'><strong>vero</strong></span> <span class='ocrx_word' id='word_1_330' title='bbox 1841 4124 1949 4182; x_wconf 90' lang='lat' dir='ltr'><strong>quo</strong></span> 
     </span>
    </p>
   </div>
   <div class='ocr_carea' id='block_1_43' title="bbox 360 4203 1947 4297">
    <p class='ocr_par' dir='ltr' id='par_1_43' title="bbox 360 4203 1947 4297">
     <span class='ocr_line' id='line_1_43' title="bbox 360 4203 1947 4297; baseline -0.019 -14"><span class='ocrx_word' id='word_1_331' title='bbox 360 4203 533 4297; x_wconf 82' lang='lat' dir='ltr'><strong>pacto.</strong></span> <span class='ocrx_word' id='word_1_332' title='bbox 571 4224 865 4292; x_wconf 86' lang='lat' dir='ltr'><strong>Pr0pterea,</strong></span> <span class='ocrx_word' id='word_1_333' title='bbox 891 4222 1092 4290; x_wconf 78' lang='lat' dir='ltr'><strong>fratres,</strong></span> <span class='ocrx_word' id='word_1_334' title='bbox 1115 4209 1475 4282; x_wconf 80' lang='lat' dir='ltr'><strong>transﬁgaravi</strong></span> <span class='ocrx_word' id='word_1_335' title='bbox 1502 4208 1608 4261; x_wconf 81' lang='lat' dir='ltr'><strong>lucc</strong></span> <span class='ocrx_word' id='word_1_336' title='bbox 1626 4205 1680 4258; x_wconf 83' lang='lat' dir='ltr'><strong>in</strong></span> <span class='ocrx_word' id='word_1_337' title='bbox 1703 4203 1947 4272; x_wconf 84' lang='lat' dir='ltr'><strong>meipsunt</strong></span> 
     </span>
    </p>
   </div>
   <div class='ocr_carea' id='block_1_44' title="bbox 360 4293 1952 4388">
    <p class='ocr_par' dir='ltr' id='par_1_44' title="bbox 360 4293 1952 4388">
     <span class='ocr_line' id='line_1_44' title="bbox 360 4293 1952 4388; baseline -0.016 -15"><span class='ocrx_word' id='word_1_338' title='bbox 360 4293 407 4373; x_wconf 76' lang='lat' dir='ltr'><strong>ct</strong></span> <span class='ocrx_word' id='word_1_339' title='bbox 438 4316 619 4388; x_wconf 78' lang='lat' dir='ltr'><strong>Apollo</strong></span> <span class='ocrx_word' id='word_1_340' title='bbox 646 4313 707 4387; x_wconf 81' lang='lat' dir='ltr'><strong>(l</strong></span> <span class='ocrx_word' id='word_1_341' title='bbox 739 4312 857 4367; x_wconf 88' lang='lat' dir='ltr'><strong>Cor.</strong></span> <span class='ocrx_word' id='word_1_342' title='bbox 888 4312 940 4365; x_wconf 68' lang='lat'><strong>4.</strong></span> <span class='ocrx_word' id='word_1_343' title='bbox 968 4308 1062 4377; x_wconf 83' lang='lat'><strong>6).</strong></span> <span class='ocrx_word' id='word_1_344' title='bbox 1092 4304 1251 4374; x_wconf 81' lang='lat' dir='ltr'><strong>Atqui</strong></span> <span class='ocrx_word' id='word_1_345' title='bbox 1279 4318 1384 4357; x_wconf 92' lang='lat' dir='ltr'><strong>non</strong></span> <span class='ocrx_word' id='word_1_346' title='bbox 1407 4302 1539 4370; x_wconf 86' lang='lat' dir='ltr'><strong>ipse,</strong></span> <span class='ocrx_word' id='word_1_347' title='bbox 1570 4311 1742 4367; x_wconf 90' lang='lat' dir='ltr'><strong>neque</strong></span> <span class='ocrx_word' id='word_1_348' title='bbox 1761 4293 1952 4364; x_wconf 87' lang='lat' dir='ltr'><strong>Apollo</strong></span> 
     </span>
    </p>
   </div>
   <div class='ocr_carea' id='block_1_45' title="bbox 363 4387 1951 4477">
    <p class='ocr_par' dir='ltr' id='par_1_45' title="bbox 363 4387 1951 4477">
     <span class='ocr_line' id='line_1_45' title="bbox 363 4387 1951 4477; baseline -0.018 -12"><span class='ocrx_word' id='word_1_349' title='bbox 363 4387 549 4473; x_wconf 85' lang='lat' dir='ltr'><strong>erant,</strong></span> <span class='ocrx_word' id='word_1_350' title='bbox 596 4406 687 4477; x_wconf 93' lang='lat' dir='ltr'><strong>qui</strong></span> <span class='ocrx_word' id='word_1_351' title='bbox 735 4404 986 4473; x_wconf 83' lang='lat' dir='ltr'><strong>pepulunl</strong></span> <span class='ocrx_word' id='word_1_352' title='bbox 1013 4397 1313 4458; x_wconf 89' lang='lat' dir='ltr'><strong>sciderant,</strong></span> <span class='ocrx_word' id='word_1_353' title='bbox 1346 4402 1400 4446; x_wconf 93' lang='lat' dir='ltr'><strong>et</strong></span> <span class='ocrx_word' id='word_1_354' title='bbox 1425 4389 1722 4445; x_wconf 75' lang='lat' dir='ltr'><strong>Ecclesium</strong></span> <span class='ocrx_word' id='word_1_355' title='bbox 1753 4387 1951 4441; x_wconf 84' lang='lat' dir='ltr'><strong>divise-</strong></span> 
     </span>
    </p>
   </div>
   <div class='ocr_carea' id='block_1_46' title="bbox 362 4484 1952 4557">
    <p class='ocr_par' dir='ltr' id='par_1_46' title="bbox 362 4484 1952 4557">
     <span class='ocr_line' id='line_1_46' title="bbox 362 4484 1952 4557; baseline -0.019 1"><span class='ocrx_word' id='word_1_356' title='bbox 362 4511 485 4557; x_wconf 90' lang='lat' dir='ltr'><strong>rant</strong></span> <span class='ocrx_word' id='word_1_357' title='bbox 524 4497 962 4554; x_wconf 86' lang='lat' dir='ltr'><strong>:accusationem</strong></span> <span class='ocrx_word' id='word_1_358' title='bbox 1009 4500 1184 4545; x_wconf 90' lang='lat' dir='ltr'><strong>tamen</strong></span> <span class='ocrx_word' id='word_1_359' title='bbox 1228 4484 1531 4547; x_wconf 77' lang='lat' dir='ltr'><strong>occultavit,</strong></span> <span class='ocrx_word' id='word_1_360' title='bbox 1585 4488 1640 4535; x_wconf 87' lang='lat' dir='ltr'><strong>et</strong></span> <span class='ocrx_word' id='word_1_361' title='bbox 1684 4489 1952 4546; x_wconf 87' lang='lat' dir='ltr'><strong>tamquam</strong></span> 
     </span>
    </p>
   </div>
   <div class='ocr_carea' id='block_1_47' title="bbox 363 4570 1953 4661">
    <p class='ocr_par' dir='ltr' id='par_1_47' title="bbox 363 4570 1953 4661">
     <span class='ocr_line' id='line_1_47' title="bbox 363 4570 1953 4661; baseline -0.019 -13"><span class='ocrx_word' id='word_1_362' title='bbox 363 4594 523 4648; x_wconf 81' lang='lat' dir='ltr'><strong>larvis</strong></span> <span class='ocrx_word' id='word_1_363' title='bbox 560 4588 876 4661; x_wconf 90' lang='lat' dir='ltr'><strong>quibusdam</strong></span> <span class='ocrx_word' id='word_1_364' title='bbox 923 4600 1022 4639; x_wconf 88' lang='lat' dir='ltr'><strong>suo</strong></span> <span class='ocrx_word' id='word_1_365' title='bbox 1076 4590 1132 4635; x_wconf 83' lang='lat' dir='ltr'><strong>et</strong></span> <span class='ocrx_word' id='word_1_366' title='bbox 1169 4578 1361 4647; x_wconf 88' lang='lat' dir='ltr'><strong>Apollo</strong></span> <span class='ocrx_word' id='word_1_367' title='bbox 1405 4570 1708 4628; x_wconf 86' lang='lat' dir='ltr'><strong>nominibus</strong></span> <span class='ocrx_word' id='word_1_368' title='bbox 1739 4581 1953 4622; x_wconf 89' lang='lat' dir='ltr'><strong>reorum</strong></span> 
     </span>
    </p>
   </div>
   <div class='ocr_carea' id='block_1_48' title="bbox 363 4657 1955 4751">
    <p class='ocr_par' dir='ltr' id='par_1_48' title="bbox 363 4657 1955 4751">
     <span class='ocr_line' id='line_1_48' title="bbox 363 4657 1955 4751; baseline -0.018 -11"><span class='ocrx_word' id='word_1_369' title='bbox 363 4686 538 4739; x_wconf 85' lang='lat' dir='ltr'><strong>vultus</strong></span> <span class='ocrx_word' id='word_1_370' title='bbox 560 4657 839 4751; x_wconf 78' lang='lat' dir='ltr'><strong>obtegens,</strong></span> <span class='ocrx_word' id='word_1_371' title='bbox 865 4676 1171 4731; x_wconf 71' lang='lat' dir='ltr'><strong>facultatem</strong></span> <span class='ocrx_word' id='word_1_372' title='bbox 1197 4670 1301 4723; x_wconf 91' lang='lat' dir='ltr'><strong>illis</strong></span> <span class='ocrx_word' id='word_1_373' title='bbox 1323 4665 1507 4721; x_wconf 85' lang='lat' dir='ltr'><strong>tribuit</strong></span> <span class='ocrx_word' id='word_1_374' title='bbox 1524 4679 1591 4718; x_wconf 80' lang='lat' dir='ltr'><strong>ex</strong></span> <span class='ocrx_word' id='word_1_375' title='bbox 1611 4662 1699 4716; x_wconf 92' lang='lat' dir='ltr'><strong>illa</strong></span> <span class='ocrx_word' id='word_1_376' title='bbox 1722 4657 1955 4729; x_wconf 84' lang='lat' dir='ltr'><strong>nequitia</strong></span> 
     </span>
    </p>
   </div>
   <div class='ocr_carea' id='block_1_49' title="bbox 366 4749 1953 4844">
    <p class='ocr_par' dir='ltr' id='par_1_49' title="bbox 366 4749 1953 4844">
     <span class='ocr_line' id='line_1_49' title="bbox 366 4749 1953 4844; baseline -0.017 -14"><span class='ocrx_word' id='word_1_377' title='bbox 366 4771 697 4844; x_wconf 82' lang='lat' dir='ltr'><strong>cmergendi.</strong></span> <span class='ocrx_word' id='word_1_378' title='bbox 726 4771 792 4823; x_wconf 84' lang='lat' dir='ltr'><strong>Et</strong></span> <span class='ocrx_word' id='word_1_379' title='bbox 821 4782 1004 4822; x_wconf 85' lang='lat' dir='ltr'><strong>rursus</strong></span> <span class='ocrx_word' id='word_1_380' title='bbox 1036 4783 1049 4819; x_wconf 92' lang='lat'><strong>:</strong></span> <span class='ocrx_word' id='word_1_381' title='bbox 1082 4763 1164 4817; x_wconf 89' lang='lat' dir='ltr'><strong>Ne</strong></span> <span class='ocrx_word' id='word_1_382' title='bbox 1184 4766 1313 4832; x_wconf 79' lang='lat' dir='ltr'><strong>forte</strong></span> <span class='ocrx_word' id='word_1_383' title='bbox 1340 4774 1455 4811; x_wconf 87' lang='lat' dir='ltr'><strong>cum</strong></span> <span class='ocrx_word' id='word_1_384' title='bbox 1483 4769 1661 4808; x_wconf 85' lang='lat' dir='ltr'><strong>venero</strong></span> <span class='ocrx_word' id='word_1_385' title='bbox 1680 4794 1696 4819; x_wconf 88' lang='lat'><strong>,</strong></span> <span class='ocrx_word' id='word_1_386' title='bbox 1726 4749 1953 4804; x_wconf 70' lang='lat' dir='ltr'><strong>fllnllilict</strong></span> 
     </span>
    </p>
   </div>
   <div class='ocr_carea' id='block_1_50' title="bbox 368 4849 1954 4932">
    <p class='ocr_par' dir='ltr' id='par_1_50' title="bbox 368 4849 1954 4932">
     <span class='ocr_line' id='line_1_50' title="bbox 368 4849 1954 4932; baseline -0.018 -10"><span class='ocrx_word' id='word_1_387' title='bbox 368 4885 448 4922; x_wconf 83' lang='lat' dir='ltr'><strong>me</strong></span> <span class='ocrx_word' id='word_1_388' title='bbox 480 4866 641 4932; x_wconf 81' lang='lat' dir='ltr'><strong>Deus,</strong></span> <span class='ocrx_word' id='word_1_389' title='bbox 675 4873 719 4917; x_wconf 89' lang='lat' dir='ltr'><strong>et</strong></span> <span class='ocrx_word' id='word_1_390' title='bbox 741 4862 938 4931; x_wconf 85' lang='lat' dir='ltr'><strong>lugeam</strong></span> <span class='ocrx_word' id='word_1_391' title='bbox 961 4858 1145 4911; x_wconf 86' lang='lat' dir='ltr'><strong>multos</strong></span> <span class='ocrx_word' id='word_1_392' title='bbox 1169 4870 1232 4909; x_wconf 75' lang='lat' dir='ltr'><strong>ea:</strong></span> <span class='ocrx_word' id='word_1_393' title='bbox 1268 4853 1330 4905; x_wconf 86' lang='lat' dir='ltr'><strong>iis</strong></span> <span class='ocrx_word' id='word_1_394' title='bbox 1349 4892 1366 4916; x_wconf 93' lang='lat'><strong>,</strong></span> <span class='ocrx_word' id='word_1_395' title='bbox 1391 4849 1478 4920; x_wconf 86' lang='lat' dir='ltr'><strong>qui</strong></span> <span class='ocrx_word' id='word_1_396' title='bbox 1511 4857 1627 4900; x_wconf 84' lang='lat' dir='ltr'><strong>ante</strong></span> <span class='ocrx_word' id='word_1_397' title='bbox 1664 4852 1954 4915; x_wconf 81' lang='lat' dir='ltr'><strong>peccaram,</strong></span> 
     </span>
    </p>
   </div>
   <div class='ocr_carea' id='block_1_51' title="bbox 364 4938 1956 5029">
    <p class='ocr_par' dir='ltr' id='par_1_51' title="bbox 364 4938 1956 5029">
     <span class='ocr_line' id='line_1_51' title="bbox 364 4938 1956 5029; baseline -0.019 -14"><span class='ocrx_word' id='word_1_398' title='bbox 364 4974 408 5014; x_wconf 83' lang='lat' dir='ltr'><strong>et</strong></span> <span class='ocrx_word' id='word_1_399' title='bbox 447 4976 547 5014; x_wconf 87' lang='lat' dir='ltr'><strong>non</strong></span> <span class='ocrx_word' id='word_1_400' title='bbox 576 4965 781 5029; x_wconf 83' lang='lat' dir='ltr'><strong>egerunt</strong></span> <span class='ocrx_word' id='word_1_401' title='bbox 811 4951 1154 5023; x_wconf 75' lang='lat' dir='ltr'><strong>paznilentiam</strong></span> <span class='ocrx_word' id='word_1_402' title='bbox 1196 4960 1349 5013; x_wconf 80' lang='lat' dir='ltr'><strong>super</strong></span> <span class='ocrx_word' id='word_1_403' title='bbox 1374 4938 1693 4995; x_wconf 86' lang='lat' dir='ltr'><strong>immllnditia</strong></span> <span class='ocrx_word' id='word_1_404' title='bbox 1714 4947 1759 4989; x_wconf 87' lang='lat' dir='ltr'><strong>et</strong></span> <span class='ocrx_word' id='word_1_405' title='bbox 1785 4941 1956 5003; x_wconf 82' lang='lat' dir='ltr'><strong>impu-</strong></span> 
     </span>
    </p>
   </div>
   <div class='ocr_carea' id='block_1_52' title="bbox 365 5029 1960 5118">
    <p class='ocr_par' dir='ltr' id='par_1_52' title="bbox 365 5029 1960 5118">
     <span class='ocr_line' id='line_1_52' title="bbox 365 5029 1960 5118; baseline -0.017 -13"><span class='ocrx_word' id='word_1_406' title='bbox 365 5052 560 5111; x_wconf 71' lang='lat' dir='ltr'><strong>dicitia,</strong></span> <span class='ocrx_word' id='word_1_407' title='bbox 584 5064 733 5118; x_wconf 81' lang='lat' dir='ltr'><strong>quam</strong></span> <span class='ocrx_word' id='word_1_408' title='bbox 754 5051 1011 5116; x_wconf 79' lang='lat' dir='ltr'><strong>gesserunt</strong></span> <span class='ocrx_word' id='word_1_409' title='bbox 1032 5038 1120 5110; x_wconf 76' lang='lat'><strong>(‘2.</strong></span> <span class='ocrx_word' id='word_1_410' title='bbox 1147 5039 1266 5092; x_wconf 83' lang='lat' dir='ltr'><strong>Cor.</strong></span> <span class='ocrx_word' id='word_1_411' title='bbox 1286 5029 1502 5103; x_wconf 70' lang='lat'><strong>12.21).</strong></span> <span class='ocrx_word' id='word_1_412' title='bbox 1531 5029 1659 5083; x_wconf 65' lang='lat' dir='ltr'><strong>\‘idc</strong></span> <span class='ocrx_word' id='word_1_413' title='bbox 1678 5042 1783 5096; x_wconf 90' lang='lat' dir='ltr'><strong>quo</strong></span> <span class='ocrx_word' id='word_1_414' title='bbox 1807 5034 1960 5093; x_wconf 88' lang='lat' dir='ltr'><strong>pacto</strong></span> 
     </span>
    </p>
   </div>
   <div class='ocr_carea' id='block_1_53' title="bbox 369 5116 1958 5203">
    <p class='ocr_par' dir='ltr' id='par_1_53' title="bbox 369 5116 1958 5203">
     <span class='ocr_line' id='line_1_53' title="bbox 369 5116 1958 5203; baseline -0.021 -4"><span class='ocrx_word' id='word_1_415' title='bbox 369 5116 646 5199; x_wconf 82' lang='lat' dir='ltr'><strong>indeﬁnite</strong></span> <span class='ocrx_word' id='word_1_416' title='bbox 674 5139 816 5195; x_wconf 89' lang='lat' dir='ltr'><strong>dicat</strong></span> <span class='ocrx_word' id='word_1_417' title='bbox 842 5150 938 5190; x_wconf 92' lang='lat' dir='ltr'><strong>eos</strong></span> <span class='ocrx_word' id='word_1_418' title='bbox 967 5132 1055 5203; x_wconf 90' lang='lat' dir='ltr'><strong>qui</strong></span> <span class='ocrx_word' id='word_1_419' title='bbox 1088 5134 1377 5201; x_wconf 89' lang='lat' dir='ltr'><strong>pecearunt</strong></span> <span class='ocrx_word' id='word_1_420' title='bbox 1399 5167 1413 5190; x_wconf 91' lang='lat'><strong>,</strong></span> <span class='ocrx_word' id='word_1_421' title='bbox 1444 5138 1512 5178; x_wconf 90' lang='lat' dir='ltr'><strong>nc</strong></span> <span class='ocrx_word' id='word_1_422' title='bbox 1550 5121 1594 5175; x_wconf 92' lang='lat' dir='ltr'><strong>si</strong></span> <span class='ocrx_word' id='word_1_423' title='bbox 1627 5116 1958 5172; x_wconf 76' lang='lat' dir='ltr'><strong>manifestam</strong></span> 
     </span>
    </p>
   </div>
   <div class='ocr_carea' id='block_1_54' title="bbox 368 5217 1959 5293">
    <p class='ocr_par' dir='ltr' id='par_1_54' title="bbox 368 5217 1959 5293">
     <span class='ocr_line' id='line_1_54' title="bbox 368 5217 1959 5293; baseline -0.021 -3"><span class='ocrx_word' id='word_1_424' title='bbox 368 5232 762 5289; x_wconf 84' lang='lat' dir='ltr'><strong>accusationem</strong></span> <span class='ocrx_word' id='word_1_425' title='bbox 786 5226 1108 5286; x_wconf 83' lang='lat' dir='ltr'><strong>institueret,</strong></span> <span class='ocrx_word' id='word_1_426' title='bbox 1134 5217 1513 5288; x_wconf 85' lang='lat' dir='ltr'><strong>impudentiam</strong></span> <span class='ocrx_word' id='word_1_427' title='bbox 1536 5217 1755 5293; x_wconf 65' lang='lat' dir='ltr'><strong>augcrct</strong></span> <span class='ocrx_word' id='word_1_428' title='bbox 1775 5220 1959 5260; x_wconf 90' lang='lat' dir='ltr'><strong>eorum</strong></span> 
     </span>
    </p>
   </div>
   <div class='ocr_carea' id='block_1_55' title="bbox 371 5295 1963 5389">
    <p class='ocr_par' dir='ltr' id='par_1_55' title="bbox 371 5295 1963 5389">
     <span class='ocr_line' id='line_1_55' title="bbox 371 5295 1963 5389; baseline -0.019 -10"><span class='ocrx_word' id='word_1_429' title='bbox 371 5327 566 5380; x_wconf 73' lang='lat' dir='ltr'><strong>animal</strong></span> <span class='ocrx_word' id='word_1_430' title='bbox 595 5322 682 5389; x_wconf 92' lang='lat' dir='ltr'><strong>qui</strong></span> <span class='ocrx_word' id='word_1_431' title='bbox 712 5323 1016 5389; x_wconf 89' lang='lat' dir='ltr'><strong>peccarant.</strong></span> <span class='ocrx_word' id='word_1_432' title='bbox 1051 5312 1232 5381; x_wconf 84' lang='lat' dir='ltr'><strong>Itaque</strong></span> <span class='ocrx_word' id='word_1_433' title='bbox 1258 5309 1395 5363; x_wconf 90' lang='lat' dir='ltr'><strong>sicut</strong></span> <span class='ocrx_word' id='word_1_434' title='bbox 1421 5320 1519 5359; x_wconf 90' lang='lat' dir='ltr'><strong>nos</strong></span> <span class='ocrx_word' id='word_1_435' title='bbox 1546 5310 1688 5357; x_wconf 84' lang='lat' dir='ltr'><strong>tanta</strong></span> <span class='ocrx_word' id='word_1_436' title='bbox 1717 5295 1963 5351; x_wconf 90' lang='lat' dir='ltr'><strong>cautione</strong></span> 
     </span>
    </p>
   </div>
   <div class='ocr_carea' id='block_1_56' title="bbox 372 5387 1961 5483">
    <p class='ocr_par' dir='ltr' id='par_1_56' title="bbox 372 5387 1961 5483">
     <span class='ocr_line' id='line_1_56' title="bbox 372 5387 1961 5483; baseline -0.018 -13"><span class='ocrx_word' id='word_1_437' title='bbox 372 5413 821 5483; x_wconf 86' lang='lat' dir='ltr'><strong>reprehensiones</strong></span> <span class='ocrx_word' id='word_1_438' title='bbox 853 5406 1076 5461; x_wconf 87' lang='lat' dir='ltr'><strong>facimus</strong></span> <span class='ocrx_word' id='word_1_439' title='bbox 1096 5442 1110 5466; x_wconf 89' lang='lat'><strong>,</strong></span> <span class='ocrx_word' id='word_1_440' title='bbox 1140 5403 1219 5455; x_wconf 89' lang='lat' dir='ltr'><strong>sic</strong></span> <span class='ocrx_word' id='word_1_441' title='bbox 1243 5440 1258 5465; x_wconf 91' lang='lat'><strong>,</strong></span> <span class='ocrx_word' id='word_1_442' title='bbox 1286 5399 1549 5452; x_wconf 84' lang='lat' dir='ltr'><strong>admoneo</strong></span> <span class='ocrx_word' id='word_1_443' title='bbox 1568 5434 1582 5454; x_wconf 97' lang='lat'><strong>,</strong></span> <span class='ocrx_word' id='word_1_444' title='bbox 1611 5402 1665 5446; x_wconf 92' lang='lat' dir='ltr'><strong>et</strong></span> <span class='ocrx_word' id='word_1_445' title='bbox 1694 5402 1792 5443; x_wconf 87' lang='lat' dir='ltr'><strong>vos</strong></span> <span class='ocrx_word' id='word_1_446' title='bbox 1817 5387 1961 5441; x_wconf 88' lang='lat' dir='ltr'><strong>omni</strong></span> 
     </span>
    </p>
   </div>
   <div class='ocr_carea' id='block_1_57' title="bbox 371 5477 1963 5561">
    <p class='ocr_par' dir='ltr' id='par_1_57' title="bbox 371 5477 1963 5561">
     <span class='ocr_line' id='line_1_57' title="bbox 371 5477 1963 5561; baseline -0.019 0"><span class='ocrx_word' id='word_1_447' title='bbox 371 5524 492 5561; x_wconf 89' lang='lat' dir='ltr'><strong>cunl</strong></span> <span class='ocrx_word' id='word_1_448' title='bbox 524 5504 701 5558; x_wconf 88' lang='lat' dir='ltr'><strong>studio</strong></span> <span class='ocrx_word' id='word_1_449' title='bbox 724 5498 1151 5555; x_wconf 83' lang='lat' dir='ltr'><strong>emendationem</strong></span> <span class='ocrx_word' id='word_1_450' title='bbox 1170 5487 1482 5554; x_wconf 74' lang='lat' dir='ltr'><strong>adln&#39;lttatis,</strong></span> <span class='ocrx_word' id='word_1_451' title='bbox 1510 5500 1573 5539; x_wconf 89' lang='lat' dir='ltr'><strong>ac</strong></span> <span class='ocrx_word' id='word_1_452' title='bbox 1593 5482 1874 5553; x_wconf 86' lang='lat' dir='ltr'><strong>diligenter</strong></span> <span class='ocrx_word' id='word_1_453' title='bbox 1900 5477 1963 5532; x_wconf 88' lang='lat' dir='ltr'><strong>iis</strong></span> 
     </span>
    </p>
   </div>
   <div class='ocr_carea' id='block_1_58' title="bbox 371 5584 1118 5668">
    <p class='ocr_par' dir='ltr' id='par_1_58' title="bbox 371 5584 1118 5668">
     <span class='ocr_line' id='line_1_58' title="bbox 371 5584 1118 5668; baseline -0.019 -17"><span class='ocrx_word' id='word_1_454' title='bbox 371 5614 489 5668; x_wconf 80' lang='lat' dir='ltr'><strong>qua:</strong></span> <span class='ocrx_word' id='word_1_455' title='bbox 518 5597 786 5656; x_wconf 83' lang='lat' dir='ltr'><strong>dicuntur,</strong></span> <span class='ocrx_word' id='word_1_456' title='bbox 815 5584 1118 5643; x_wconf 86' lang='lat' dir='ltr'><strong>attendatis.</strong></span> 
     </span>
    </p>
   </div>
   <div class='ocr_carea' id='block_1_59' title="bbox 450 5670 1963 5751">
    <p class='ocr_par' dir='ltr' id='par_1_59' title="bbox 450 5670 1963 5751">
     <span class='ocr_line' id='line_1_59' title="bbox 450 5670 1963 5751; baseline -0.02 -10"><span class='ocrx_word' id='word_1_457' title='bbox 450 5689 501 5741; x_wconf 76' lang='grc' dir='ltr'><strong>ἒὶ.</strong></span> <span class='ocrx_word' id='word_1_458' title='bbox 548 5686 681 5739; x_wconf 84' lang='lat' dir='ltr'><strong>Tant</strong></span> <span class='ocrx_word' id='word_1_459' title='bbox 723 5680 976 5751; x_wconf 77' lang='lat' dir='ltr'><strong>pra‘cipue</strong></span> <span class='ocrx_word' id='word_1_460' title='bbox 1012 5691 1100 5728; x_wconf 83' lang='lat' dir='ltr'><strong>nos</strong></span> <span class='ocrx_word' id='word_1_461' title='bbox 1132 5680 1272 5726; x_wconf 73' lang='lat' dir='ltr'><strong>vexat</strong></span> <span class='ocrx_word' id='word_1_462' title='bbox 1317 5670 1514 5724; x_wconf 75' lang='lat' dir='ltr'><strong>dwllton</strong></span> <span class='ocrx_word' id='word_1_463' title='bbox 1540 5706 1555 5730; x_wconf 93' lang='lat'><strong>,</strong></span> <span class='ocrx_word' id='word_1_464' title='bbox 1583 5679 1697 5717; x_wconf 85' lang='lat' dir='ltr'><strong>cum</strong></span> <span class='ocrx_word' id='word_1_465' title='bbox 1720 5675 1963 5722; x_wconf 82' lang='lat' dir='ltr'><strong>oramus;</strong></span> 
     </span>
    </p>
   </div>
   <div class='ocr_carea' id='block_1_60' title="bbox 379 5748 1961 5854">
    <p class='ocr_par' dir='ltr' id='par_1_60' title="bbox 379 5748 1961 5854">
     <span class='ocr_line' id='line_1_60' title="bbox 379 5748 1961 5854; baseline -0.018 -21"><span class='ocrx_word' id='word_1_466' title='bbox 379 5778 629 5854; x_wconf 69' lang='lat' dir='ltr'><strong>qllo&#39;nodo</strong></span> <span class='ocrx_word' id='word_1_467' title='bbox 673 5770 888 5828; x_wconf 74' lang='lat' dir='ltr'><strong>duuiani</strong></span> <span class='ocrx_word' id='word_1_468' title='bbox 937 5763 1375 5822; x_wconf 75' lang='lat' dir='ltr'><strong>resistendum.—</strong></span> <span class='ocrx_word' id='word_1_469' title='bbox 1410 5756 1768 5813; x_wconf 82' lang='lat' dir='ltr'><strong>Disseruinlus</strong></span> <span class='ocrx_word' id='word_1_470' title='bbox 1819 5748 1961 5821; x_wconf 83' lang='lat' dir='ltr'><strong>apud</strong></span> 
     </span>
    </p>
   </div>
   <div class='ocr_carea' id='block_1_61' title="bbox 1271 330 2625 405">
    <p class='ocr_par' dir='ltr' id='par_1_61' title="bbox 1271 330 2625 405">
     <span class='ocr_line' id='line_1_61' title="bbox 1271 330 2625 405; baseline -0.009 0"><span class='ocrx_word' id='word_1_471' title='bbox 1271 341 1584 405; x_wconf 66' lang='lat' dir='ltr'><strong>PECCATA</strong></span> <span class='ocrx_word' id='word_1_472' title='bbox 1630 330 1965 395; x_wconf 66' lang='lat' dir='ltr'><strong>FRATREM</strong></span> <span class='ocrx_word' id='word_1_473' title='bbox 2004 335 2137 391; x_wconf 64' lang='lat' dir='ltr'><strong>NON</strong></span> <span class='ocrx_word' id='word_1_474' title='bbox 2177 335 2625 395; x_wconf 62' lang='lat' dir='ltr'><strong>EVCLGANDA.</strong></span> 
     </span>
    </p>
   </div>
   <div class='ocr_carea' id='block_1_62' title="bbox 2003 449 3583 524">
    <p class='ocr_par' dir='ltr' id='par_1_62' title="bbox 2003 449 3583 524">
     <span class='ocr_line' id='line_1_62' title="bbox 2003 449 3583 524; baseline 0.004 -19"><span class='ocrx_word' id='word_1_475' title='bbox 2003 466 2099 506; x_wconf 86' lang='lat' dir='ltr'><strong>vos</strong></span> <span class='ocrx_word' id='word_1_476' title='bbox 2139 453 2391 508; x_wconf 79' lang='lat' dir='ltr'><strong>hesterno</strong></span> <span class='ocrx_word' id='word_1_477' title='bbox 2432 454 2519 509; x_wconf 91' lang='lat' dir='ltr'><strong>die</strong></span> <span class='ocrx_word' id='word_1_478' title='bbox 2565 453 2633 509; x_wconf 88' lang='lat' dir='ltr'><strong>de</strong></span> <span class='ocrx_word' id='word_1_479' title='bbox 2672 452 2932 509; x_wconf 85' lang='lat' dir='ltr'><strong>orationis</strong></span> <span class='ocrx_word' id='word_1_480' title='bbox 2974 449 3188 507; x_wconf 76' lang='lat' dir='ltr'><strong>vii-tute.</strong></span> <span class='ocrx_word' id='word_1_481' title='bbox 3235 451 3448 507; x_wconf 75' lang='lat' dir='ltr'><strong>Ostendi</strong></span> <span class='ocrx_word' id='word_1_482' title='bbox 3475 470 3583 524; x_wconf 85' lang='lat' dir='ltr'><strong>quo</strong></span> 
     </span>
    </p>
   </div>
   <div class='ocr_carea' id='block_1_63' title="bbox 2006 545 3583 616">
    <p class='ocr_par' dir='ltr' id='par_1_63' title="bbox 2006 545 3583 616">
     <span class='ocr_line' id='line_1_63' title="bbox 2006 545 3583 616; baseline 0.003 -20"><span class='ocrx_word' id='word_1_483' title='bbox 2006 555 2162 616; x_wconf 86' lang='lat' dir='ltr'><strong>pacto</strong></span> <span class='ocrx_word' id='word_1_484' title='bbox 2192 556 2302 600; x_wconf 82' lang='lat' dir='ltr'><strong>tum</strong></span> <span class='ocrx_word' id='word_1_485' title='bbox 2334 557 2590 616; x_wconf 84' lang='lat' dir='ltr'><strong>temporis</strong></span> <span class='ocrx_word' id='word_1_486' title='bbox 2617 545 2863 600; x_wconf 88' lang='lat' dir='ltr'><strong>diabolus</strong></span> <span class='ocrx_word' id='word_1_487' title='bbox 2886 586 2900 609; x_wconf 91' lang='lat'><strong>,</strong></span> <span class='ocrx_word' id='word_1_488' title='bbox 2952 554 3009 599; x_wconf 91' lang='lat' dir='ltr'><strong>ut</strong></span> <span class='ocrx_word' id='word_1_489' title='bbox 3053 546 3322 599; x_wconf 90' lang='lat' dir='ltr'><strong>maleﬁcus</strong></span> <span class='ocrx_word' id='word_1_490' title='bbox 3346 555 3467 613; x_wconf 84' lang='lat' dir='ltr'><strong>est,</strong></span> <span class='ocrx_word' id='word_1_491' title='bbox 3498 548 3583 601; x_wconf 86' lang='lat' dir='ltr'><strong>ill-</strong></span> 
     </span>
    </p>
   </div>
   <div class='ocr_carea' id='block_1_64' title="bbox 2003 635 3589 693">
    <p class='ocr_par' dir='ltr' id='par_1_64' title="bbox 2003 635 3589 693">
     <span class='ocr_line' id='line_1_64' title="bbox 2003 635 3589 693; baseline 0.001 -2"><span class='ocrx_word' id='word_1_492' title='bbox 2003 637 2169 693; x_wconf 86' lang='lat' dir='ltr'><strong>sidias</strong></span> <span class='ocrx_word' id='word_1_493' title='bbox 2213 647 2404 692; x_wconf 86' lang='lat' dir='ltr'><strong>struat.</strong></span> <span class='ocrx_word' id='word_1_494' title='bbox 2431 636 2562 693; x_wconf 83' lang='lat' dir='ltr'><strong>Cum</strong></span> <span class='ocrx_word' id='word_1_495' title='bbox 2601 639 2745 693; x_wconf 84' lang='lat' dir='ltr'><strong>enim</strong></span> <span class='ocrx_word' id='word_1_496' title='bbox 2786 636 3074 691; x_wconf 75' lang='lat' dir='ltr'><strong>maximum</strong></span> <span class='ocrx_word' id='word_1_497' title='bbox 3116 635 3492 690; x_wconf 75' lang='lat' dir='ltr'><strong>nobisluerllm</strong></span> <span class='ocrx_word' id='word_1_498' title='bbox 3521 654 3589 693; x_wconf 80' lang='lat' dir='ltr'><strong>ex</strong></span> 
     </span>
    </p>
   </div>
   <div class='ocr_carea' id='block_1_65' title="bbox 2006 729 3590 798">
    <p class='ocr_par' dir='ltr' id='par_1_65' title="bbox 2006 729 3590 798">
     <span class='ocr_line' id='line_1_65' title="bbox 2006 729 3590 798; baseline -0.001 -13"><span class='ocrx_word' id='word_1_499' title='bbox 2006 731 2249 787; x_wconf 82' lang='lat' dir='ltr'><strong>oratione</strong></span> <span class='ocrx_word' id='word_1_500' title='bbox 2300 740 2487 787; x_wconf 83' lang='lat' dir='ltr'><strong>cernat</strong></span> <span class='ocrx_word' id='word_1_501' title='bbox 2535 730 2826 795; x_wconf 87' lang='lat' dir='ltr'><strong>obvenire,</strong></span> <span class='ocrx_word' id='word_1_502' title='bbox 2877 740 3003 785; x_wconf 83' lang='lat' dir='ltr'><strong>tunc</strong></span> <span class='ocrx_word' id='word_1_503' title='bbox 3050 729 3279 784; x_wconf 74' lang='lat' dir='ltr'><strong>maxime</strong></span> <span class='ocrx_word' id='word_1_504' title='bbox 3335 729 3590 798; x_wconf 72' lang='lat' dir='ltr'><strong>impetum</strong></span> 
     </span>
    </p>
   </div>
   <div class='ocr_carea' id='block_1_66' title="bbox 2009 821 3592 891">
    <p class='ocr_par' dir='ltr' id='par_1_66' title="bbox 2009 821 3592 891">
     <span class='ocr_line' id='line_1_66' title="bbox 2009 821 3592 891; baseline -0.004 -12"><span class='ocrx_word' id='word_1_505' title='bbox 2009 824 2135 880; x_wconf 89' lang='lat' dir='ltr'><strong>facit</strong></span> <span class='ocrx_word' id='word_1_506' title='bbox 2163 841 2177 878; x_wconf 90' lang='lat'><strong>:</strong></span> <span class='ocrx_word' id='word_1_507' title='bbox 2208 832 2267 879; x_wconf 90' lang='lat' dir='ltr'><strong>ut</strong></span> <span class='ocrx_word' id='word_1_508' title='bbox 2286 823 2627 879; x_wconf 80' lang='lat' dir='ltr'><strong>excusatione</strong></span> <span class='ocrx_word' id='word_1_509' title='bbox 2664 839 2761 878; x_wconf 83' lang='lat' dir='ltr'><strong>nos</strong></span> <span class='ocrx_word' id='word_1_510' title='bbox 2801 822 3005 891; x_wconf 80' lang='lat' dir='ltr'><strong>privet,</strong></span> <span class='ocrx_word' id='word_1_511' title='bbox 3050 829 3107 875; x_wconf 89' lang='lat' dir='ltr'><strong>ut</strong></span> <span class='ocrx_word' id='word_1_512' title='bbox 3142 821 3321 875; x_wconf 78' lang='lat' dir='ltr'><strong>vacuis</strong></span> <span class='ocrx_word' id='word_1_513' title='bbox 3347 821 3592 875; x_wconf 81' lang='lat' dir='ltr'><strong>manibus</strong></span> 
     </span>
    </p>
   </div>
   <div class='ocr_carea' id='block_1_67' title="bbox 2010 911 3595 984">
    <p class='ocr_par' dir='ltr' id='par_1_67' title="bbox 2010 911 3595 984">
     <span class='ocr_line' id='line_1_67' title="bbox 2010 911 3595 984; baseline -0.004 -13"><span class='ocrx_word' id='word_1_514' title='bbox 2010 931 2109 971; x_wconf 89' lang='lat' dir='ltr'><strong>nos</strong></span> <span class='ocrx_word' id='word_1_515' title='bbox 2151 915 2368 971; x_wconf 86' lang='lat' dir='ltr'><strong>domum</strong></span> <span class='ocrx_word' id='word_1_516' title='bbox 2416 915 2671 970; x_wconf 85' lang='lat' dir='ltr'><strong>remittat.</strong></span> <span class='ocrx_word' id='word_1_517' title='bbox 2703 914 2771 968; x_wconf 81' lang='lat' dir='ltr'><strong>Et</strong></span> <span class='ocrx_word' id='word_1_518' title='bbox 2796 912 3243 984; x_wconf 81' lang='lat' dir='ltr'><strong>quemadmodum</strong></span> <span class='ocrx_word' id='word_1_519' title='bbox 3294 911 3432 981; x_wconf 82' lang='lat' dir='ltr'><strong>apud</strong></span> <span class='ocrx_word' id='word_1_520' title='bbox 3482 928 3595 965; x_wconf 88' lang='lat' dir='ltr'><strong>lna-</strong></span> 
     </span>
    </p>
   </div>
   <div class='ocr_carea' id='block_1_68' title="bbox 2011 1002 3597 1077">
    <p class='ocr_par' dir='ltr' id='par_1_68' title="bbox 2011 1002 3597 1077">
     <span class='ocr_line' id='line_1_68' title="bbox 2011 1002 3597 1077; baseline -0.003 -16"><span class='ocrx_word' id='word_1_521' title='bbox 2011 1007 2267 1077; x_wconf 86' lang='lat' dir='ltr'><strong>gistratus</strong></span> <span class='ocrx_word' id='word_1_522' title='bbox 2289 1046 2304 1071; x_wconf 93' lang='lat'><strong>,</strong></span> <span class='ocrx_word' id='word_1_523' title='bbox 2334 1006 2379 1061; x_wconf 87' lang='lat' dir='ltr'><strong>si</strong></span> <span class='ocrx_word' id='word_1_524' title='bbox 2411 1005 2550 1059; x_wconf 84' lang='lat' dir='ltr'><strong>forte</strong></span> <span class='ocrx_word' id='word_1_525' title='bbox 2577 1005 2870 1071; x_wconf 86' lang='lat' dir='ltr'><strong>satellites,</strong></span> <span class='ocrx_word' id='word_1_526' title='bbox 2901 1014 2953 1060; x_wconf 88' lang='lat' dir='ltr'><strong>et</strong></span> <span class='ocrx_word' id='word_1_527' title='bbox 2977 1004 3065 1073; x_wconf 91' lang='lat' dir='ltr'><strong>qui</strong></span> <span class='ocrx_word' id='word_1_528' title='bbox 3094 1004 3429 1074; x_wconf 75' lang='lat' dir='ltr'><strong>magistratus</strong></span> <span class='ocrx_word' id='word_1_529' title='bbox 3457 1002 3597 1057; x_wconf 88' lang='lat' dir='ltr'><strong>latus</strong></span> 
     </span>
    </p>
   </div>
   <div class='ocr_carea' id='block_1_69' title="bbox 2012 1097 3598 1168">
    <p class='ocr_par' dir='ltr' id='par_1_69' title="bbox 2012 1097 3598 1168">
     <span class='ocr_line' id='line_1_69' title="bbox 2012 1097 3598 1168; baseline -0.003 -15"><span class='ocrx_word' id='word_1_530' title='bbox 2012 1098 2211 1168; x_wconf 84' lang='lat' dir='ltr'><strong>stipant</strong></span> <span class='ocrx_word' id='word_1_531' title='bbox 2235 1140 2249 1165; x_wconf 93' lang='lat'><strong>,</strong></span> <span class='ocrx_word' id='word_1_532' title='bbox 2290 1112 2383 1153; x_wconf 92' lang='lat' dir='ltr'><strong>eos</strong></span> <span class='ocrx_word' id='word_1_533' title='bbox 2404 1098 2491 1168; x_wconf 91' lang='lat' dir='ltr'><strong>qui</strong></span> <span class='ocrx_word' id='word_1_534' title='bbox 2521 1098 2691 1167; x_wconf 86' lang='lat' dir='ltr'><strong>ipsum</strong></span> <span class='ocrx_word' id='word_1_535' title='bbox 2719 1098 3045 1152; x_wconf 87' lang='lat' dir='ltr'><strong>conveniunt</strong></span> <span class='ocrx_word' id='word_1_536' title='bbox 3063 1139 3078 1165; x_wconf 90' lang='lat'><strong>,</strong></span> <span class='ocrx_word' id='word_1_537' title='bbox 3112 1097 3239 1151; x_wconf 83' lang='lat' dir='ltr'><strong>odio</strong></span> <span class='ocrx_word' id='word_1_538' title='bbox 3266 1110 3598 1166; x_wconf 87' lang='lat' dir='ltr'><strong>prosequan—</strong></span> 
     </span>
    </p>
   </div>
   <div class='ocr_carea' id='block_1_70' title="bbox 2014 1189 3598 1261">
    <p class='ocr_par' dir='ltr' id='par_1_70' title="bbox 2014 1189 3598 1261">
     <span class='ocr_line' id='line_1_70' title="bbox 2014 1189 3598 1261; baseline -0.001 -16"><span class='ocrx_word' id='word_1_539' title='bbox 2014 1199 2119 1256; x_wconf 91' lang='lat' dir='ltr'><strong>tur,</strong></span> <span class='ocrx_word' id='word_1_540' title='bbox 2149 1189 2310 1260; x_wconf 75' lang='lat' dir='ltr'><strong>virgis</strong></span> <span class='ocrx_word' id='word_1_541' title='bbox 2339 1190 2524 1261; x_wconf 88' lang='lat' dir='ltr'><strong>procul</strong></span> <span class='ocrx_word' id='word_1_542' title='bbox 2547 1198 2733 1245; x_wconf 84' lang='lat' dir='ltr'><strong>arcent</strong></span> <span class='ocrx_word' id='word_1_543' title='bbox 2763 1190 2903 1256; x_wconf 92' lang='lat' dir='ltr'><strong>illos,</strong></span> <span class='ocrx_word' id='word_1_544' title='bbox 2934 1199 3091 1259; x_wconf 91' lang='lat' dir='ltr'><strong>atque</strong></span> <span class='ocrx_word' id='word_1_545' title='bbox 3117 1189 3373 1244; x_wconf 47' lang='lat' dir='ltr'><strong>accl‘dere</strong></span> <span class='ocrx_word' id='word_1_546' title='bbox 3399 1198 3598 1252; x_wconf 87' lang='lat' dir='ltr'><strong>vetant,</strong></span> 
     </span>
    </p>
   </div>
   <div class='ocr_carea' id='block_1_71' title="bbox 2014 1281 3600 1351">
    <p class='ocr_par' dir='ltr' id='par_1_71' title="bbox 2014 1281 3600 1351">
     <span class='ocr_line' id='line_1_71' title="bbox 2014 1281 3600 1351; baseline -0.003 -12"><span class='ocrx_word' id='word_1_547' title='bbox 2014 1292 2070 1339; x_wconf 89' lang='lat' dir='ltr'><strong>et</strong></span> <span class='ocrx_word' id='word_1_548' title='bbox 2096 1282 2375 1351; x_wconf 90' lang='lat' dir='ltr'><strong>conqueri,</strong></span> <span class='ocrx_word' id='word_1_549' title='bbox 2406 1281 2627 1351; x_wconf 86' lang='lat' dir='ltr'><strong>ejusque</strong></span> <span class='ocrx_word' id='word_1_550' title='bbox 2653 1282 2997 1336; x_wconf 89' lang='lat' dir='ltr'><strong>clementiam</strong></span> <span class='ocrx_word' id='word_1_551' title='bbox 3021 1281 3249 1351; x_wconf 80' lang='lat' dir='ltr'><strong>experiri</strong></span> <span class='ocrx_word' id='word_1_552' title='bbox 3283 1298 3297 1335; x_wconf 91' lang='lat'><strong>:</strong></span> <span class='ocrx_word' id='word_1_553' title='bbox 3328 1282 3405 1335; x_wconf 91' lang='lat' dir='ltr'><strong>sic</strong></span> <span class='ocrx_word' id='word_1_554' title='bbox 3440 1281 3600 1335; x_wconf 87' lang='lat' dir='ltr'><strong>nilni-</strong></span> 
     </span>
    </p>
   </div>
   <div class='ocr_carea' id='block_1_72' title="bbox 2016 1371 3604 1442">
    <p class='ocr_par' dir='ltr' id='par_1_72' title="bbox 2016 1371 3604 1442">
     <span class='ocr_line' id='line_1_72' title="bbox 2016 1371 3604 1442; baseline -0.003 -10"><span class='ocrx_word' id='word_1_555' title='bbox 2016 1392 2133 1432; x_wconf 87' lang='lat' dir='ltr'><strong>rum</strong></span> <span class='ocrx_word' id='word_1_556' title='bbox 2169 1386 2224 1431; x_wconf 91' lang='lat' dir='ltr'><strong>et</strong></span> <span class='ocrx_word' id='word_1_557' title='bbox 2252 1374 2495 1429; x_wconf 89' lang='lat' dir='ltr'><strong>diabolus</strong></span> <span class='ocrx_word' id='word_1_558' title='bbox 2522 1389 2641 1429; x_wconf 92' lang='lat' dir='ltr'><strong>cum</strong></span> <span class='ocrx_word' id='word_1_559' title='bbox 2667 1374 2983 1429; x_wconf 87' lang='lat' dir='ltr'><strong>accedentes</strong></span> <span class='ocrx_word' id='word_1_560' title='bbox 3007 1373 3073 1427; x_wconf 84' lang='lat' dir='ltr'><strong>ad</strong></span> <span class='ocrx_word' id='word_1_561' title='bbox 3093 1371 3327 1442; x_wconf 85' lang='lat' dir='ltr'><strong>judiccm</strong></span> <span class='ocrx_word' id='word_1_562' title='bbox 3357 1372 3604 1428; x_wconf 88' lang='lat' dir='ltr'><strong>homines</strong></span> 
     </span>
    </p>
   </div>
   <div class='ocr_carea' id='block_1_73' title="bbox 2020 1465 3606 1538">
    <p class='ocr_par' dir='ltr' id='par_1_73' title="bbox 2020 1465 3606 1538">
     <span class='ocr_line' id='line_1_73' title="bbox 2020 1465 3606 1538; baseline -0.001 -15"><span class='ocrx_word' id='word_1_563' title='bbox 2020 1468 2233 1536; x_wconf 88' lang='lat' dir='ltr'><strong>viderit,</strong></span> <span class='ocrx_word' id='word_1_564' title='bbox 2259 1467 2438 1538; x_wconf 87' lang='lat' dir='ltr'><strong>procul</strong></span> <span class='ocrx_word' id='word_1_565' title='bbox 2468 1477 2613 1522; x_wconf 90' lang='lat' dir='ltr'><strong>arcet</strong></span> <span class='ocrx_word' id='word_1_566' title='bbox 2640 1482 2745 1520; x_wconf 91' lang='lat' dir='ltr'><strong>non</strong></span> <span class='ocrx_word' id='word_1_567' title='bbox 2775 1467 2939 1537; x_wconf 85' lang='lat' dir='ltr'><strong>virga,</strong></span> <span class='ocrx_word' id='word_1_568' title='bbox 2972 1466 3065 1519; x_wconf 86' lang='lat' dir='ltr'><strong>sed</strong></span> <span class='ocrx_word' id='word_1_569' title='bbox 3089 1465 3420 1537; x_wconf 77' lang='lat' dir='ltr'><strong>negligentia.</strong></span> <span class='ocrx_word' id='word_1_570' title='bbox 3450 1465 3606 1521; x_wconf 88' lang='lat' dir='ltr'><strong>Novit</strong></span> 
     </span>
    </p>
   </div>
   <div class='ocr_carea' id='block_1_74' title="bbox 2018 1558 3605 1633">
    <p class='ocr_par' dir='ltr' id='par_1_74' title="bbox 2018 1558 3605 1633">
     <span class='ocr_line' id='line_1_74' title="bbox 2018 1558 3605 1633; baseline -0.001 -20"><span class='ocrx_word' id='word_1_571' title='bbox 2018 1564 2234 1633; x_wconf 87' lang='lat' dir='ltr'><strong>quippe,</strong></span> <span class='ocrx_word' id='word_1_572' title='bbox 2260 1561 2425 1632; x_wconf 87' lang='lat' dir='ltr'><strong>probe</strong></span> <span class='ocrx_word' id='word_1_573' title='bbox 2450 1561 2616 1626; x_wconf 81' lang='lat' dir='ltr'><strong>novit,</strong></span> <span class='ocrx_word' id='word_1_574' title='bbox 2645 1560 2690 1615; x_wconf 89' lang='lat' dir='ltr'><strong>si</strong></span> <span class='ocrx_word' id='word_1_575' title='bbox 2714 1560 2925 1629; x_wconf 58' lang='lat' dir='ltr'><strong>providi.</strong></span> <span class='ocrx_word' id='word_1_576' title='bbox 2943 1558 3236 1630; x_wconf 81' lang='lat' dir='ltr'><strong>vigilesque</strong></span> <span class='ocrx_word' id='word_1_577' title='bbox 3256 1559 3605 1625; x_wconf 84' lang='lat' dir='ltr'><strong>accesserint,</strong></span> 
     </span>
    </p>
   </div>
   <div class='ocr_carea' id='block_1_75' title="bbox 2020 1650 3607 1723">
    <p class='ocr_par' dir='ltr' id='par_1_75' title="bbox 2020 1650 3607 1723">
     <span class='ocr_line' id='line_1_75' title="bbox 2020 1650 3607 1723; baseline -0.001 -15"><span class='ocrx_word' id='word_1_578' title='bbox 2020 1665 2068 1708; x_wconf 91' lang='lat' dir='ltr'><strong>et</strong></span> <span class='ocrx_word' id='word_1_579' title='bbox 2101 1662 2313 1723; x_wconf 89' lang='lat' dir='ltr'><strong>peccata</strong></span> <span class='ocrx_word' id='word_1_580' title='bbox 2344 1667 2438 1708; x_wconf 88' lang='lat' dir='ltr'><strong>sua</strong></span> <span class='ocrx_word' id='word_1_581' title='bbox 2459 1651 2689 1707; x_wconf 87' lang='lat' dir='ltr'><strong>confessi</strong></span> <span class='ocrx_word' id='word_1_582' title='bbox 2719 1651 2931 1716; x_wconf 90' lang='lat' dir='ltr'><strong>fuerint,</strong></span> <span class='ocrx_word' id='word_1_583' title='bbox 2956 1652 3237 1721; x_wconf 86' lang='lat' dir='ltr'><strong>animaque</strong></span> <span class='ocrx_word' id='word_1_584' title='bbox 3257 1650 3483 1707; x_wconf 86' lang='lat' dir='ltr'><strong>ferventi</strong></span> <span class='ocrx_word' id='word_1_585' title='bbox 3511 1651 3607 1706; x_wconf 87' lang='lat' dir='ltr'><strong>dc-</strong></span> 
     </span>
    </p>
   </div>
   <div class='ocr_carea' id='block_1_76' title="bbox 2023 1742 3609 1813">
    <p class='ocr_par' dir='ltr' id='par_1_76' title="bbox 2023 1742 3609 1813">
     <span class='ocr_line' id='line_1_76' title="bbox 2023 1742 3609 1813; baseline -0.001 -13"><span class='ocrx_word' id='word_1_586' title='bbox 2023 1745 2311 1811; x_wconf 87' lang='lat' dir='ltr'><strong>fleverint,</strong></span> <span class='ocrx_word' id='word_1_587' title='bbox 2362 1743 2584 1799; x_wconf 88' lang='lat' dir='ltr'><strong>multant</strong></span> <span class='ocrx_word' id='word_1_588' title='bbox 2633 1742 2752 1797; x_wconf 88' lang='lat' dir='ltr'><strong>illos</strong></span> <span class='ocrx_word' id='word_1_589' title='bbox 2806 1743 3014 1798; x_wconf 88' lang='lat' dir='ltr'><strong>veniam</strong></span> <span class='ocrx_word' id='word_1_590' title='bbox 3069 1743 3609 1813; x_wconf 89' lang='lat' dir='ltr'><strong>impetraturos:be-</strong></span> 
     </span>
    </p>
   </div>
   <div class='ocr_carea' id='block_1_77' title="bbox 2026 1838 3613 1911">
    <p class='ocr_par' dir='ltr' id='par_1_77' title="bbox 2026 1838 3613 1911">
     <span class='ocr_line' id='line_1_77' title="bbox 2026 1838 3613 1911; baseline -0.002 -15"><span class='ocrx_word' id='word_1_591' title='bbox 2026 1842 2218 1911; x_wconf 88' lang='lat' dir='ltr'><strong>llignus</strong></span> <span class='ocrx_word' id='word_1_592' title='bbox 2244 1840 2385 1894; x_wconf 91' lang='lat' dir='ltr'><strong>enim</strong></span> <span class='ocrx_word' id='word_1_593' title='bbox 2407 1849 2490 1894; x_wconf 89' lang='lat' dir='ltr'><strong>est</strong></span> <span class='ocrx_word' id='word_1_594' title='bbox 2516 1838 2655 1893; x_wconf 89' lang='lat' dir='ltr'><strong>Deus</strong></span> <span class='ocrx_word' id='word_1_595' title='bbox 2688 1857 2701 1892; x_wconf 92' lang='lat'><strong>:</strong></span> <span class='ocrx_word' id='word_1_596' title='bbox 2726 1848 2883 1908; x_wconf 92' lang='lat' dir='ltr'><strong>atque</strong></span> <span class='ocrx_word' id='word_1_597' title='bbox 2910 1839 3109 1893; x_wconf 88' lang='lat' dir='ltr'><strong>idcirco</strong></span> <span class='ocrx_word' id='word_1_598' title='bbox 3134 1849 3464 1909; x_wconf 74' lang='lat' dir='ltr'><strong>prmoccupat</strong></span> <span class='ocrx_word' id='word_1_599' title='bbox 3494 1840 3613 1895; x_wconf 89' lang='lat' dir='ltr'><strong>illos</strong></span> 
     </span>
    </p>
   </div>
   <div class='ocr_carea' id='block_1_78' title="bbox 2025 1929 3613 2001">
    <p class='ocr_par' dir='ltr' id='par_1_78' title="bbox 2025 1929 3613 2001">
     <span class='ocr_line' id='line_1_78' title="bbox 2025 1929 3613 2001; baseline -0.003 -14"><span class='ocrx_word' id='word_1_600' title='bbox 2025 1942 2079 1987; x_wconf 90' lang='lat' dir='ltr'><strong>et</strong></span> <span class='ocrx_word' id='word_1_601' title='bbox 2108 1932 2175 1986; x_wconf 92' lang='lat' dir='ltr'><strong>ab</strong></span> <span class='ocrx_word' id='word_1_602' title='bbox 2204 1931 2436 2001; x_wconf 88' lang='lat' dir='ltr'><strong>alloquio</strong></span> <span class='ocrx_word' id='word_1_603' title='bbox 2466 1929 2695 2000; x_wconf 85' lang='lat' dir='ltr'><strong>repellit,</strong></span> <span class='ocrx_word' id='word_1_604' title='bbox 2728 1939 2783 1982; x_wconf 92' lang='lat' dir='ltr'><strong>ut</strong></span> <span class='ocrx_word' id='word_1_605' title='bbox 2812 1929 2939 1983; x_wconf 91' lang='lat' dir='ltr'><strong>nillil</strong></span> <span class='ocrx_word' id='word_1_606' title='bbox 2967 1944 3152 1984; x_wconf 89' lang='lat' dir='ltr'><strong>eorum</strong></span> <span class='ocrx_word' id='word_1_607' title='bbox 3175 1944 3293 1999; x_wconf 86' lang='lat' dir='ltr'><strong>qua:</strong></span> <span class='ocrx_word' id='word_1_608' title='bbox 3321 1930 3613 1999; x_wconf 88' lang='lat' dir='ltr'><strong>postulant,</strong></span> 
     </span>
    </p>
   </div>
   <div class='ocr_carea' id='block_1_79' title="bbox 2029 2022 3616 2094">
    <p class='ocr_par' dir='ltr' id='par_1_79' title="bbox 2029 2022 3616 2094">
     <span class='ocr_line' id='line_1_79' title="bbox 2029 2022 3616 2094; baseline -0.002 -15"><span class='ocrx_word' id='word_1_609' title='bbox 2029 2033 2442 2094; x_wconf 89' lang='lat' dir='ltr'><strong>consequantur.</strong></span> <span class='ocrx_word' id='word_1_610' title='bbox 2473 2022 2577 2078; x_wconf 89' lang='lat' dir='ltr'><strong>Sed</strong></span> <span class='ocrx_word' id='word_1_611' title='bbox 2608 2022 2803 2077; x_wconf 84' lang='lat' dir='ltr'><strong>milites</strong></span> <span class='ocrx_word' id='word_1_612' title='bbox 2832 2022 3045 2091; x_wconf 90' lang='lat' dir='ltr'><strong>quidem</strong></span> <span class='ocrx_word' id='word_1_613' title='bbox 3075 2022 3479 2092; x_wconf 78' lang='lat' dir='ltr'><strong>magistratuum</strong></span> <span class='ocrx_word' id='word_1_614' title='bbox 3501 2022 3616 2077; x_wconf 82' lang='lat' dir='ltr'><strong>vio-</strong></span> 
     </span>
    </p>
   </div>
   <div class='ocr_carea' id='block_1_80' title="bbox 2033 2114 3619 2184">
    <p class='ocr_par' dir='ltr' id='par_1_80' title="bbox 2033 2114 3619 2184">
     <span class='ocr_line' id='line_1_80' title="bbox 2033 2114 3619 2184; baseline -0.001 -13"><span class='ocrx_word' id='word_1_615' title='bbox 2033 2117 2205 2172; x_wconf 90' lang='lat' dir='ltr'><strong>lenter</strong></span> <span class='ocrx_word' id='word_1_616' title='bbox 2235 2116 2353 2170; x_wconf 91' lang='lat' dir='ltr'><strong>illos</strong></span> <span class='ocrx_word' id='word_1_617' title='bbox 2381 2124 2739 2181; x_wconf 90' lang='lat' dir='ltr'><strong>summovent,</strong></span> <span class='ocrx_word' id='word_1_618' title='bbox 2767 2115 2854 2184; x_wconf 93' lang='lat' dir='ltr'><strong>qui</strong></span> <span class='ocrx_word' id='word_1_619' title='bbox 2876 2129 2969 2167; x_wconf 92' lang='lat' dir='ltr'><strong>eos</strong></span> <span class='ocrx_word' id='word_1_620' title='bbox 2986 2114 3311 2184; x_wconf 87' lang='lat' dir='ltr'><strong>conveniunt</strong></span> <span class='ocrx_word' id='word_1_621' title='bbox 3340 2133 3350 2166; x_wconf 94' lang='lat'>:</span> <span class='ocrx_word' id='word_1_622' title='bbox 3377 2114 3465 2169; x_wconf 91' lang='lat' dir='ltr'><strong>llic</strong></span> <span class='ocrx_word' id='word_1_623' title='bbox 3488 2128 3619 2169; x_wconf 86' lang='lat' dir='ltr'><strong>vero</strong></span> 
     </span>
    </p>
   </div>
   <div class='ocr_carea' id='block_1_81' title="bbox 2033 2207 3620 2278">
    <p class='ocr_par' dir='ltr' id='par_1_81' title="bbox 2033 2207 3620 2278">
     <span class='ocr_line' id='line_1_81' title="bbox 2033 2207 3620 2278; baseline -0.002 -13"><span class='ocrx_word' id='word_1_624' title='bbox 2033 2227 2137 2265; x_wconf 91' lang='lat' dir='ltr'><strong>non</strong></span> <span class='ocrx_word' id='word_1_625' title='bbox 2168 2209 2272 2264; x_wconf 87' lang='lat' dir='ltr'><strong>vim</strong></span> <span class='ocrx_word' id='word_1_626' title='bbox 2301 2208 2551 2273; x_wconf 78' lang='lat' dir='ltr'><strong>aflerens,</strong></span> <span class='ocrx_word' id='word_1_627' title='bbox 2583 2208 2676 2263; x_wconf 91' lang='lat' dir='ltr'><strong>sed</strong></span> <span class='ocrx_word' id='word_1_628' title='bbox 2701 2222 2800 2262; x_wconf 92' lang='lat' dir='ltr'><strong>nos</strong></span> <span class='ocrx_word' id='word_1_629' title='bbox 2824 2207 3129 2276; x_wconf 87' lang='lat' dir='ltr'><strong>decipiens,</strong></span> <span class='ocrx_word' id='word_1_630' title='bbox 3163 2217 3216 2262; x_wconf 93' lang='lat' dir='ltr'><strong>et</strong></span> <span class='ocrx_word' id='word_1_631' title='bbox 3253 2208 3317 2261; x_wconf 87' lang='lat' dir='ltr'><strong>ad</strong></span> <span class='ocrx_word' id='word_1_632' title='bbox 3348 2209 3620 2278; x_wconf 85' lang='lat' dir='ltr'><strong>negligen-</strong></span> 
     </span>
    </p>
   </div>
   <div class='ocr_carea' id='block_1_82' title="bbox 2036 2297 3621 2372">
    <p class='ocr_par' dir='ltr' id='par_1_82' title="bbox 2036 2297 3621 2372">
     <span class='ocr_line' id='line_1_82' title="bbox 2036 2297 3621 2372; baseline -0.003 -14"><span class='ocrx_word' id='word_1_633' title='bbox 2036 2306 2161 2359; x_wconf 91' lang='lat' dir='ltr'><strong>tialn</strong></span> <span class='ocrx_word' id='word_1_634' title='bbox 2206 2302 2506 2372; x_wconf 89' lang='lat' dir='ltr'><strong>impellens.</strong></span> <span class='ocrx_word' id='word_1_635' title='bbox 2538 2299 2875 2369; x_wconf 87' lang='lat' dir='ltr'><strong>Quapropter</strong></span> <span class='ocrx_word' id='word_1_636' title='bbox 2906 2312 3003 2353; x_wconf 91' lang='lat' dir='ltr'><strong>nec</strong></span> <span class='ocrx_word' id='word_1_637' title='bbox 3034 2297 3185 2352; x_wconf 87' lang='lat' dir='ltr'><strong>venia</strong></span> <span class='ocrx_word' id='word_1_638' title='bbox 3214 2297 3355 2367; x_wconf 92' lang='lat' dir='ltr'><strong>digni</strong></span> <span class='ocrx_word' id='word_1_639' title='bbox 3387 2313 3572 2353; x_wconf 88' lang='lat' dir='ltr'><strong>sumus</strong></span> <span class='ocrx_word' id='word_1_640' title='bbox 3601 2338 3621 2365; x_wconf 92' lang='lat'><strong>,</strong></span> 
     </span>
    </p>
   </div>
   <div class='ocr_carea' id='block_1_83' title="bbox 2036 2391 3626 2466">
    <p class='ocr_par' dir='ltr' id='par_1_83' title="bbox 2036 2391 3626 2466">
     <span class='ocr_line' id='line_1_83' title="bbox 2036 2391 3626 2466; baseline -0.003 -13"><span class='ocrx_word' id='word_1_641' title='bbox 2036 2416 2156 2454; x_wconf 90' lang='lat' dir='ltr'><strong>cum</strong></span> <span class='ocrx_word' id='word_1_642' title='bbox 2180 2411 2276 2452; x_wconf 91' lang='lat' dir='ltr'><strong>nos</strong></span> <span class='ocrx_word' id='word_1_643' title='bbox 2305 2397 2451 2466; x_wconf 88' lang='lat' dir='ltr'><strong>ipsos</strong></span> <span class='ocrx_word' id='word_1_644' title='bbox 2474 2394 2629 2449; x_wconf 86' lang='lat' dir='ltr'><strong>bonis</strong></span> <span class='ocrx_word' id='word_1_645' title='bbox 2653 2402 2845 2466; x_wconf 86' lang='lat' dir='ltr'><strong>sponte</strong></span> <span class='ocrx_word' id='word_1_646' title='bbox 2875 2391 3162 2462; x_wconf 85' lang='lat' dir='ltr'><strong>privemus.</strong></span> <span class='ocrx_word' id='word_1_647' title='bbox 3194 2391 3304 2445; x_wconf 82' lang='lat' dir='ltr'><strong>Lux</strong></span> <span class='ocrx_word' id='word_1_648' title='bbox 3326 2400 3407 2446; x_wconf 91' lang='lat' dir='ltr'><strong>est</strong></span> <span class='ocrx_word' id='word_1_649' title='bbox 3429 2392 3626 2448; x_wconf 85' lang='lat' dir='ltr'><strong>mentis</strong></span> 
     </span>
    </p>
   </div>
   <div class='ocr_carea' id='block_1_84' title="bbox 2038 2483 3625 2549">
    <p class='ocr_par' dir='ltr' id='par_1_84' title="bbox 2038 2483 3625 2549">
     <span class='ocr_line' id='line_1_84' title="bbox 2038 2483 3625 2549; baseline -0.005 -2"><span class='ocrx_word' id='word_1_650' title='bbox 2038 2502 2089 2547; x_wconf 92' lang='lat' dir='ltr'><strong>ct</strong></span> <span class='ocrx_word' id='word_1_651' title='bbox 2120 2491 2314 2545; x_wconf 69' lang='lat' dir='ltr'><strong>animle</strong></span> <span class='ocrx_word' id='word_1_652' title='bbox 2355 2502 2475 2543; x_wconf 92' lang='lat' dir='ltr'><strong>cum</strong></span> <span class='ocrx_word' id='word_1_653' title='bbox 2521 2485 2698 2541; x_wconf 91' lang='lat' dir='ltr'><strong>studio</strong></span> <span class='ocrx_word' id='word_1_654' title='bbox 2726 2485 2839 2539; x_wconf 88' lang='lat' dir='ltr'><strong>fusa</strong></span> <span class='ocrx_word' id='word_1_655' title='bbox 2870 2484 3039 2538; x_wconf 88' lang='lat' dir='ltr'><strong>oratio</strong></span> <span class='ocrx_word' id='word_1_656' title='bbox 3060 2524 3075 2549; x_wconf 91' lang='lat'><strong>,</strong></span> <span class='ocrx_word' id='word_1_657' title='bbox 3115 2483 3201 2539; x_wconf 77' lang='lat' dir='ltr'><strong>lux</strong></span> <span class='ocrx_word' id='word_1_658' title='bbox 3230 2484 3545 2538; x_wconf 78' lang='lat' dir='ltr'><strong>incxstincza</strong></span> <span class='ocrx_word' id='word_1_659' title='bbox 3571 2492 3625 2539; x_wconf 89' lang='lat' dir='ltr'><strong>et</strong></span> 
     </span>
    </p>
   </div>
   <div class='ocr_carea' id='block_1_85' title="bbox 2042 2575 3628 2653">
    <p class='ocr_par' dir='ltr' id='par_1_85' title="bbox 2042 2575 3628 2653">
     <span class='ocr_line' id='line_1_85' title="bbox 2042 2575 3628 2653; baseline -0.004 -18"><span class='ocrx_word' id='word_1_660' title='bbox 2042 2583 2311 2653; x_wconf 85' lang='lat' dir='ltr'><strong>petellnis.</strong></span> <span class='ocrx_word' id='word_1_661' title='bbox 2342 2581 2629 2650; x_wconf 92' lang='lat' dir='ltr'><strong>Propterea</strong></span> <span class='ocrx_word' id='word_1_662' title='bbox 2676 2578 2985 2632; x_wconf 88' lang='lat' dir='ltr'><strong>innumeras</strong></span> <span class='ocrx_word' id='word_1_663' title='bbox 3013 2576 3210 2629; x_wconf 74' lang='lat' dir='ltr'><strong>nostris</strong></span> <span class='ocrx_word' id='word_1_664' title='bbox 3239 2575 3505 2631; x_wconf 89' lang='lat' dir='ltr'><strong>mentibus</strong></span> <span class='ocrx_word' id='word_1_665' title='bbox 3534 2591 3628 2631; x_wconf 88' lang='lat' dir='ltr'><strong>co-</strong></span> 
     </span>
    </p>
   </div>
   <div class='ocr_carea' id='block_1_86' title="bbox 2041 2669 3628 2748">
    <p class='ocr_par' dir='ltr' id='par_1_86' title="bbox 2041 2669 3628 2748">
     <span class='ocr_line' id='line_1_86' title="bbox 2041 2669 3628 2748; baseline -0.006 -17"><span class='ocrx_word' id='word_1_666' title='bbox 2041 2679 2355 2748; x_wconf 83' lang='lat' dir='ltr'><strong>gitationum</strong></span> <span class='ocrx_word' id='word_1_667' title='bbox 2384 2674 2573 2730; x_wconf 91' lang='lat' dir='ltr'><strong>sordes</strong></span> <span class='ocrx_word' id='word_1_668' title='bbox 2601 2672 2797 2742; x_wconf 88' lang='lat' dir='ltr'><strong>injicit,</strong></span> <span class='ocrx_word' id='word_1_669' title='bbox 2844 2680 2897 2726; x_wconf 90' lang='lat' dir='ltr'><strong>et</strong></span> <span class='ocrx_word' id='word_1_670' title='bbox 2936 2684 3054 2739; x_wconf 67' lang='lat' dir='ltr'><strong>qua:</strong></span> <span class='ocrx_word' id='word_1_671' title='bbox 3104 2685 3392 2738; x_wconf 88' lang='lat' dir='ltr'><strong>numquam</strong></span> <span class='ocrx_word' id='word_1_672' title='bbox 3423 2669 3628 2738; x_wconf 60' lang='lat' dir='ltr'><strong>cogita.</strong></span> 
     </span>
    </p>
   </div>
   <div class='ocr_carea' id='block_1_87' title="bbox 2044 2760 3630 2833">
    <p class='ocr_par' dir='ltr' id='par_1_87' title="bbox 2044 2760 3630 2833">
     <span class='ocr_line' id='line_1_87' title="bbox 2044 2760 3630 2833; baseline -0.006 -9"><span class='ocrx_word' id='word_1_673' title='bbox 2044 2773 2216 2824; x_wconf 89' lang='lat' dir='ltr'><strong>vimus</strong></span> <span class='ocrx_word' id='word_1_674' title='bbox 2242 2810 2256 2833; x_wconf 98' lang='lat'><strong>,</strong></span> <span class='ocrx_word' id='word_1_675' title='bbox 2313 2768 2429 2822; x_wconf 71' lang='lat' dir='ltr'><strong>hare</strong></span> <span class='ocrx_word' id='word_1_676' title='bbox 2466 2767 2690 2822; x_wconf 88' lang='lat' dir='ltr'><strong>collecta</strong></span> <span class='ocrx_word' id='word_1_677' title='bbox 2739 2774 2978 2833; x_wconf 88' lang='lat' dir='ltr'><strong>tempore</strong></span> <span class='ocrx_word' id='word_1_678' title='bbox 3012 2762 3269 2816; x_wconf 83' lang='lat' dir='ltr'><strong>oratiOnis</strong></span> <span class='ocrx_word' id='word_1_679' title='bbox 3314 2760 3365 2814; x_wconf 92' lang='lat' dir='ltr'><strong>ill</strong></span> <span class='ocrx_word' id='word_1_680' title='bbox 3394 2760 3630 2814; x_wconf 86' lang='lat' dir='ltr'><strong>animam</strong></span> 
     </span>
    </p>
   </div>
   <div class='ocr_carea' id='block_1_88' title="bbox 2046 2850 3633 2924">
    <p class='ocr_par' dir='ltr' id='par_1_88' title="bbox 2046 2850 3633 2924">
     <span class='ocr_line' id='line_1_88' title="bbox 2046 2850 3633 2924; baseline -0.006 -11"><span class='ocrx_word' id='word_1_681' title='bbox 2046 2869 2282 2915; x_wconf 89' lang='lat' dir='ltr'><strong>nostram</strong></span> <span class='ocrx_word' id='word_1_682' title='bbox 2332 2857 2579 2911; x_wconf 88' lang='lat' dir='ltr'><strong>infundit.</strong></span> <span class='ocrx_word' id='word_1_683' title='bbox 2616 2857 2681 2910; x_wconf 86' lang='lat' dir='ltr'><strong>Et</strong></span> <span class='ocrx_word' id='word_1_684' title='bbox 2709 2851 3158 2924; x_wconf 90' lang='lat' dir='ltr'><strong>quemadmodum</strong></span> <span class='ocrx_word' id='word_1_685' title='bbox 3206 2850 3349 2904; x_wconf 87' lang='lat' dir='ltr'><strong>venti</strong></span> <span class='ocrx_word' id='word_1_686' title='bbox 3389 2866 3633 2921; x_wconf 83' lang='lat' dir='ltr'><strong>sa-penu-</strong></span> 
     </span>
    </p>
   </div>
   <div class='ocr_carea' id='block_1_89' title="bbox 2045 2941 3633 3015">
    <p class='ocr_par' dir='ltr' id='par_1_89' title="bbox 2045 2941 3633 3015">
     <span class='ocr_line' id='line_1_89' title="bbox 2045 2941 3633 3015; baseline -0.008 -8"><span class='ocrx_word' id='word_1_687' title='bbox 2045 2967 2196 3008; x_wconf 88' lang='lat' dir='ltr'><strong>mero</strong></span> <span class='ocrx_word' id='word_1_688' title='bbox 2222 2966 2288 3004; x_wconf 81' lang='lat' dir='ltr'><strong>ex</strong></span> <span class='ocrx_word' id='word_1_689' title='bbox 2317 2948 2542 3003; x_wconf 82' lang='lat' dir='ltr'><strong>adverso</strong></span> <span class='ocrx_word' id='word_1_690' title='bbox 2562 2948 2869 3015; x_wconf 88' lang='lat' dir='ltr'><strong>ingruentcs</strong></span> <span class='ocrx_word' id='word_1_691' title='bbox 2888 2957 3171 2997; x_wconf 88' lang='lat' dir='ltr'><strong>accensum</strong></span> <span class='ocrx_word' id='word_1_692' title='bbox 3201 2941 3375 3010; x_wconf 86' lang='lat' dir='ltr'><strong>ignem</strong></span> <span class='ocrx_word' id='word_1_693' title='bbox 3400 2941 3633 2995; x_wconf 75' lang='lat' dir='ltr'><strong>lucerna:</strong></span> 
     </span>
    </p>
   </div>
   <div class='ocr_carea' id='block_1_90' title="bbox 2046 3029 3635 3104">
    <p class='ocr_par' dir='ltr' id='par_1_90' title="bbox 2046 3029 3635 3104">
     <span class='ocr_line' id='line_1_90' title="bbox 2046 3029 3635 3104; baseline -0.009 -6"><span class='ocrx_word' id='word_1_694' title='bbox 2046 3043 2174 3098; x_wconf 86' lang='lat' dir='ltr'><strong>flatu</strong></span> <span class='ocrx_word' id='word_1_695' title='bbox 2199 3039 2567 3095; x_wconf 86' lang='lat' dir='ltr'><strong>diventilatum</strong></span> <span class='ocrx_word' id='word_1_696' title='bbox 2589 3035 2928 3104; x_wconf 79' lang='lat' dir='ltr'><strong>exstinguunt</strong></span> <span class='ocrx_word' id='word_1_697' title='bbox 2958 3051 2971 3086; x_wconf 94' lang='lat'>:</span> <span class='ocrx_word' id='word_1_698' title='bbox 2994 3034 3071 3086; x_wconf 88' lang='lat' dir='ltr'><strong>sic</strong></span> <span class='ocrx_word' id='word_1_699' title='bbox 3093 3042 3144 3086; x_wconf 93' lang='lat' dir='ltr'><strong>et</strong></span> <span class='ocrx_word' id='word_1_700' title='bbox 3168 3031 3407 3085; x_wconf 87' lang='lat' dir='ltr'><strong>diabolus</strong></span> <span class='ocrx_word' id='word_1_701' title='bbox 3430 3046 3548 3084; x_wconf 90' lang='lat' dir='ltr'><strong>cum</strong></span> <span class='ocrx_word' id='word_1_702' title='bbox 3578 3029 3635 3084; x_wconf 87' lang='lat' dir='ltr'><strong>ill</strong></span> 
     </span>
    </p>
   </div>
   <div class='ocr_carea' id='block_1_91' title="bbox 2049 3120 3635 3190">
    <p class='ocr_par' dir='ltr' id='par_1_91' title="bbox 2049 3120 3635 3190">
     <span class='ocr_line' id='line_1_91' title="bbox 2049 3120 3635 3190; baseline -0.009 0"><span class='ocrx_word' id='word_1_703' title='bbox 2049 3134 2204 3190; x_wconf 92' lang='lat' dir='ltr'><strong>nobis</strong></span> <span class='ocrx_word' id='word_1_704' title='bbox 2224 3144 2503 3187; x_wconf 90' lang='lat' dir='ltr'><strong>accensam</strong></span> <span class='ocrx_word' id='word_1_705' title='bbox 2527 3127 2782 3182; x_wconf 85' lang='lat' dir='ltr'><strong>oratioais</strong></span> <span class='ocrx_word' id='word_1_706' title='bbox 2810 3124 3075 3178; x_wconf 74' lang='lat' dir='ltr'><strong>flallllnaln</strong></span> <span class='ocrx_word' id='word_1_707' title='bbox 3101 3122 3310 3187; x_wconf 82' lang='lat' dir='ltr'><strong>viderit,</strong></span> <span class='ocrx_word' id='word_1_708' title='bbox 3344 3120 3635 3175; x_wconf 90' lang='lat' dir='ltr'><strong>innumeris</strong></span> 
     </span>
    </p>
   </div>
   <div class='ocr_carea' id='block_1_92' title="bbox 2049 3211 3637 3285">
    <p class='ocr_par' dir='ltr' id='par_1_92' title="bbox 2049 3211 3637 3285">
     <span class='ocr_line' id='line_1_92' title="bbox 2049 3211 3637 3285; baseline -0.011 -4"><span class='ocrx_word' id='word_1_709' title='bbox 2049 3241 2148 3281; x_wconf 86' lang='lat' dir='ltr'><strong>nos</strong></span> <span class='ocrx_word' id='word_1_710' title='bbox 2175 3220 2619 3279; x_wconf 88' lang='lat' dir='ltr'><strong>sollicitudinibus</strong></span> <span class='ocrx_word' id='word_1_711' title='bbox 2641 3218 2767 3272; x_wconf 90' lang='lat' dir='ltr'><strong>hinc</strong></span> <span class='ocrx_word' id='word_1_712' title='bbox 2786 3215 2909 3271; x_wconf 91' lang='lat' dir='ltr'><strong>inde</strong></span> <span class='ocrx_word' id='word_1_713' title='bbox 2933 3214 3181 3285; x_wconf 81' lang='lat' dir='ltr'><strong>perflatus</strong></span> <span class='ocrx_word' id='word_1_714' title='bbox 3208 3229 3310 3267; x_wconf 92' lang='lat' dir='ltr'><strong>non</strong></span> <span class='ocrx_word' id='word_1_715' title='bbox 3341 3213 3482 3281; x_wconf 84' lang='lat' dir='ltr'><strong>prius</strong></span> <span class='ocrx_word' id='word_1_716' title='bbox 3508 3211 3637 3265; x_wconf 92' lang='lat' dir='ltr'><strong>sinit</strong></span> 
     </span>
    </p>
   </div>
   <div class='ocr_carea' id='block_1_93' title="bbox 2049 3302 3639 3389">
    <p class='ocr_par' dir='ltr' id='par_1_93' title="bbox 2049 3302 3639 3389">
     <span class='ocr_line' id='line_1_93' title="bbox 2049 3302 3639 3389; baseline -0.009 -15"><span class='ocrx_word' id='word_1_717' title='bbox 2049 3320 2325 3389; x_wconf 87' lang='lat' dir='ltr'><strong>quiescere</strong></span> <span class='ocrx_word' id='word_1_718' title='bbox 2345 3355 2360 3380; x_wconf 96' lang='lat'><strong>,</strong></span> <span class='ocrx_word' id='word_1_719' title='bbox 2396 3329 2554 3384; x_wconf 88' lang='lat' dir='ltr'><strong>quam</strong></span> <span class='ocrx_word' id='word_1_720' title='bbox 2585 3311 2758 3366; x_wconf 90' lang='lat' dir='ltr'><strong>lucem</strong></span> <span class='ocrx_word' id='word_1_721' title='bbox 2786 3308 3121 3364; x_wconf 75' lang='lat' dir='ltr'><strong>exstinxerit.</strong></span> <span class='ocrx_word' id='word_1_722' title='bbox 3154 3304 3260 3359; x_wconf 90' lang='lat' dir='ltr'><strong>Sed</strong></span> <span class='ocrx_word' id='word_1_723' title='bbox 3288 3302 3429 3374; x_wconf 90' lang='lat' dir='ltr'><strong>quod</strong></span> <span class='ocrx_word' id='word_1_724' title='bbox 3460 3303 3532 3356; x_wconf 93' lang='lat' dir='ltr'><strong>illi</strong></span> <span class='ocrx_word' id='word_1_725' title='bbox 3562 3304 3639 3360; x_wconf 79' lang='lat' dir='ltr'><strong>fa-</strong></span> 
     </span>
    </p>
   </div>
   <div class='ocr_carea' id='block_1_94' title="bbox 2051 3395 3641 3478">
    <p class='ocr_par' dir='ltr' id='par_1_94' title="bbox 2051 3395 3641 3478">
     <span class='ocr_line' id='line_1_94' title="bbox 2051 3395 3641 3478; baseline -0.011 -13"><span class='ocrx_word' id='word_1_726' title='bbox 2051 3412 2233 3476; x_wconf 89' lang='lat' dir='ltr'><strong>ciunt,</strong></span> <span class='ocrx_word' id='word_1_727' title='bbox 2263 3408 2353 3478; x_wconf 90' lang='lat' dir='ltr'><strong>qui</strong></span> <span class='ocrx_word' id='word_1_728' title='bbox 2383 3407 2633 3460; x_wconf 88' lang='lat' dir='ltr'><strong>lucernas</strong></span> <span class='ocrx_word' id='word_1_729' title='bbox 2673 3404 2791 3456; x_wconf 83' lang='lat' dir='ltr'><strong>illas</strong></span> <span class='ocrx_word' id='word_1_730' title='bbox 2824 3400 3123 3454; x_wconf 87' lang='lat' dir='ltr'><strong>accendunt</strong></span> <span class='ocrx_word' id='word_1_731' title='bbox 3142 3440 3156 3463; x_wconf 90' lang='lat'><strong>,</strong></span> <span class='ocrx_word' id='word_1_732' title='bbox 3200 3412 3296 3451; x_wconf 90' lang='lat' dir='ltr'><strong>nos</strong></span> <span class='ocrx_word' id='word_1_733' title='bbox 3324 3411 3535 3464; x_wconf 86' lang='lat' dir='ltr'><strong>quoque</strong></span> <span class='ocrx_word' id='word_1_734' title='bbox 3564 3395 3641 3448; x_wconf 76' lang='lat' dir='ltr'><strong>fa-</strong></span> 
     </span>
    </p>
   </div>
   <div class='ocr_carea' id='block_1_95' title="bbox 2051 3490 3638 3569">
    <p class='ocr_par' dir='ltr' id='par_1_95' title="bbox 2051 3490 3638 3569">
     <span class='ocr_line' id='line_1_95' title="bbox 2051 3490 3638 3569; baseline -0.011 -10"><span class='ocrx_word' id='word_1_735' title='bbox 2051 3504 2276 3559; x_wconf 89' lang='lat' dir='ltr'><strong>ciamus.</strong></span> <span class='ocrx_word' id='word_1_736' title='bbox 2328 3498 2466 3569; x_wconf 85' lang='lat' dir='ltr'><strong>Quid</strong></span> <span class='ocrx_word' id='word_1_737' title='bbox 2510 3498 2584 3551; x_wconf 90' lang='lat' dir='ltr'><strong>illi</strong></span> <span class='ocrx_word' id='word_1_738' title='bbox 2631 3510 2759 3551; x_wconf 87' lang='lat' dir='ltr'><strong>vero</strong></span> <span class='ocrx_word' id='word_1_739' title='bbox 2808 3493 3045 3549; x_wconf 86' lang='lat' dir='ltr'><strong>faciunt?</strong></span> <span class='ocrx_word' id='word_1_740' title='bbox 3089 3492 3224 3546; x_wconf 81' lang='lat' dir='ltr'><strong>Cum</strong></span> <span class='ocrx_word' id='word_1_741' title='bbox 3267 3490 3638 3543; x_wconf 88' lang='lat' dir='ltr'><strong>vellenlenteul</strong></span> 
     </span>
    </p>
   </div>
   <div class='ocr_carea' id='block_1_96' title="bbox 2054 3577 3641 3664">
    <p class='ocr_par' dir='ltr' id='par_1_96' title="bbox 2054 3577 3641 3664">
     <span class='ocr_line' id='line_1_96' title="bbox 2054 3577 3641 3664; baseline -0.011 -15"><span class='ocrx_word' id='word_1_742' title='bbox 2054 3596 2307 3664; x_wconf 90' lang='lat' dir='ltr'><strong>ingruere</strong></span> <span class='ocrx_word' id='word_1_743' title='bbox 2338 3597 2556 3647; x_wconf 86' lang='lat' dir='ltr'><strong>ventum</strong></span> <span class='ocrx_word' id='word_1_744' title='bbox 2586 3588 2803 3650; x_wconf 87' lang='lat' dir='ltr'><strong>vident,</strong></span> <span class='ocrx_word' id='word_1_745' title='bbox 2835 3583 3084 3653; x_wconf 87' lang='lat' dir='ltr'><strong>imposito</strong></span> <span class='ocrx_word' id='word_1_746' title='bbox 3110 3580 3276 3650; x_wconf 87' lang='lat' dir='ltr'><strong>digito</strong></span> <span class='ocrx_word' id='word_1_747' title='bbox 3306 3580 3536 3633; x_wconf 83' lang='lat' dir='ltr'><strong>lucerna:</strong></span> <span class='ocrx_word' id='word_1_748' title='bbox 3563 3577 3641 3631; x_wconf 88' lang='lat' dir='ltr'><strong>fo-</strong></span> 
     </span>
    </p>
   </div>
   <div class='ocr_carea' id='block_1_97' title="bbox 2053 3667 3643 3753">
    <p class='ocr_par' dir='ltr' id='par_1_97' title="bbox 2053 3667 3643 3753">
     <span class='ocr_line' id='line_1_97' title="bbox 2053 3667 3643 3753; baseline -0.013 -12"><span class='ocrx_word' id='word_1_749' title='bbox 2053 3684 2245 3742; x_wconf 89' lang='lat' dir='ltr'><strong>ramini</strong></span> <span class='ocrx_word' id='word_1_750' title='bbox 2284 3681 2497 3753; x_wconf 91' lang='lat' dir='ltr'><strong>spiritui</strong></span> <span class='ocrx_word' id='word_1_751' title='bbox 2525 3678 2728 3734; x_wconf 89' lang='lat' dir='ltr'><strong>aditum</strong></span> <span class='ocrx_word' id='word_1_752' title='bbox 2755 3673 3137 3731; x_wconf 90' lang='lat' dir='ltr'><strong>interelndullt.</strong></span> <span class='ocrx_word' id='word_1_753' title='bbox 3165 3667 3430 3739; x_wconf 87' lang='lat' dir='ltr'><strong>Quamdiu</strong></span> <span class='ocrx_word' id='word_1_754' title='bbox 3475 3667 3643 3737; x_wconf 72' lang='lat' dir='ltr'><strong>siqni-</strong></span> 
     </span>
    </p>
   </div>
   <div class='ocr_carea' id='block_1_98' title="bbox 2054 3760 3639 3840">
    <p class='ocr_par' dir='ltr' id='par_1_98' title="bbox 2054 3760 3639 3840">
     <span class='ocr_line' id='line_1_98' title="bbox 2054 3760 3639 3840; baseline -0.011 -8"><span class='ocrx_word' id='word_1_755' title='bbox 2054 3778 2175 3832; x_wconf 92' lang='lat' dir='ltr'><strong>dem</strong></span> <span class='ocrx_word' id='word_1_756' title='bbox 2217 3773 2456 3830; x_wconf 80' lang='lat' dir='ltr'><strong>exterius</strong></span> <span class='ocrx_word' id='word_1_757' title='bbox 2494 3771 2751 3840; x_wconf 90' lang='lat' dir='ltr'><strong>impetum</strong></span> <span class='ocrx_word' id='word_1_758' title='bbox 2790 3767 2968 3832; x_wconf 89' lang='lat' dir='ltr'><strong>faciet,</strong></span> <span class='ocrx_word' id='word_1_759' title='bbox 3007 3763 3260 3819; x_wconf 88' lang='lat' dir='ltr'><strong>resistere</strong></span> <span class='ocrx_word' id='word_1_760' title='bbox 3298 3760 3592 3815; x_wconf 81' lang='lat' dir='ltr'><strong>valebimus</strong></span> <span class='ocrx_word' id='word_1_761' title='bbox 3624 3776 3639 3814; x_wconf 90' lang='lat'><strong>:</strong></span> 
     </span>
    </p>
   </div>
   <div class='ocr_carea' id='block_1_99' title="bbox 2055 3850 3642 3927">
    <p class='ocr_par' dir='ltr' id='par_1_99' title="bbox 2055 3850 3642 3927">
     <span class='ocr_line' id='line_1_99' title="bbox 2055 3850 3642 3927; baseline -0.013 -3"><span class='ocrx_word' id='word_1_762' title='bbox 2055 3868 2147 3924; x_wconf 88' lang='lat' dir='ltr'><strong>ubi</strong></span> <span class='ocrx_word' id='word_1_763' title='bbox 2178 3882 2304 3922; x_wconf 92' lang='lat' dir='ltr'><strong>vero</strong></span> <span class='ocrx_word' id='word_1_764' title='bbox 2333 3863 2527 3919; x_wconf 89' lang='lat' dir='ltr'><strong>mentis</strong></span> <span class='ocrx_word' id='word_1_765' title='bbox 2552 3861 2627 3916; x_wconf 88' lang='lat' dir='ltr'><strong>illi</strong></span> <span class='ocrx_word' id='word_1_766' title='bbox 2656 3860 2799 3914; x_wconf 91' lang='lat' dir='ltr'><strong>fores</strong></span> <span class='ocrx_word' id='word_1_767' title='bbox 2818 3854 3191 3927; x_wconf 89' lang='lat' dir='ltr'><strong>aperuerinlus</strong></span> <span class='ocrx_word' id='word_1_768' title='bbox 3210 3892 3227 3919; x_wconf 90' lang='lat'><strong>,</strong></span> <span class='ocrx_word' id='word_1_769' title='bbox 3274 3862 3326 3906; x_wconf 93' lang='lat' dir='ltr'><strong>ct</strong></span> <span class='ocrx_word' id='word_1_770' title='bbox 3369 3850 3642 3905; x_wconf 86' lang='lat' dir='ltr'><strong>inimicum</strong></span> 
     </span>
    </p>
   </div>
   <div class='ocr_carea' id='block_1_100' title="bbox 2057 3941 3641 4019">
    <p class='ocr_par' dir='ltr' id='par_1_100' title="bbox 2057 3941 3641 4019">
     <span class='ocr_line' id='line_1_100' title="bbox 2057 3941 3641 4019; baseline -0.013 -5"><span class='ocrx_word' id='word_1_771' title='bbox 2057 3960 2199 4016; x_wconf 90' lang='lat' dir='ltr'><strong>intus</strong></span> <span class='ocrx_word' id='word_1_772' title='bbox 2228 3954 2624 4019; x_wconf 88' lang='lat' dir='ltr'><strong>admiserimus,</strong></span> <span class='ocrx_word' id='word_1_773' title='bbox 2657 3960 2768 4005; x_wconf 91' lang='lat' dir='ltr'><strong>tum</strong></span> <span class='ocrx_word' id='word_1_774' title='bbox 2812 3963 2919 4003; x_wconf 92' lang='lat' dir='ltr'><strong>non</strong></span> <span class='ocrx_word' id='word_1_775' title='bbox 2954 3946 3180 4015; x_wconf 78' lang='lat' dir='ltr'><strong>amplius</strong></span> <span class='ocrx_word' id='word_1_776' title='bbox 3204 3985 3219 4006; x_wconf 94' lang='lat'><strong>,</strong></span> <span class='ocrx_word' id='word_1_777' title='bbox 3252 3958 3321 3997; x_wconf 91' lang='lat' dir='ltr'><strong>ne</strong></span> <span class='ocrx_word' id='word_1_778' title='bbox 3364 3941 3641 3995; x_wconf 86' lang='lat' dir='ltr'><strong>minimum</strong></span> 
     </span>
    </p>
   </div>
   <div class='ocr_carea' id='block_1_101' title="bbox 2057 4035 3643 4124">
    <p class='ocr_par' dir='ltr' id='par_1_101' title="bbox 2057 4035 3643 4124">
     <span class='ocr_line' id='line_1_101' title="bbox 2057 4035 3643 4124; baseline -0.014 -15"><span class='ocrx_word' id='word_1_779' title='bbox 2057 4052 2273 4124; x_wconf 90' lang='lat' dir='ltr'><strong>quidem</strong></span> <span class='ocrx_word' id='word_1_780' title='bbox 2303 4049 2555 4105; x_wconf 86' lang='lat' dir='ltr'><strong>resistere</strong></span> <span class='ocrx_word' id='word_1_781' title='bbox 2585 4057 2902 4116; x_wconf 87' lang='lat' dir='ltr'><strong>possumus:</strong></span> <span class='ocrx_word' id='word_1_782' title='bbox 2931 4039 3025 4096; x_wconf 89' lang='lat' dir='ltr'><strong>sed</strong></span> <span class='ocrx_word' id='word_1_783' title='bbox 3048 4035 3307 4092; x_wconf 88' lang='lat' dir='ltr'><strong>memoria</strong></span> <span class='ocrx_word' id='word_1_784' title='bbox 3331 4043 3511 4090; x_wconf 86' lang='lat' dir='ltr'><strong>nostra</strong></span> <span class='ocrx_word' id='word_1_785' title='bbox 3540 4050 3643 4089; x_wconf 88' lang='lat' dir='ltr'><strong>un-</strong></span> 
     </span>
    </p>
   </div>
   <div class='ocr_carea' id='block_1_102' title="bbox 2058 4124 3646 4214">
    <p class='ocr_par' dir='ltr' id='par_1_102' title="bbox 2058 4124 3646 4214">
     <span class='ocr_line' id='line_1_102' title="bbox 2058 4124 3646 4214; baseline -0.013 -15"><span class='ocrx_word' id='word_1_786' title='bbox 2058 4145 2221 4214; x_wconf 89' lang='lat' dir='ltr'><strong>dique</strong></span> <span class='ocrx_word' id='word_1_787' title='bbox 2263 4140 2533 4197; x_wconf 79' lang='lat' dir='ltr'><strong>exstincta</strong></span> <span class='ocrx_word' id='word_1_788' title='bbox 2576 4147 2635 4191; x_wconf 91' lang='lat' dir='ltr'><strong>ut</strong></span> <span class='ocrx_word' id='word_1_789' title='bbox 2673 4136 2889 4192; x_wconf 87' lang='lat' dir='ltr'><strong>lucerna</strong></span> <span class='ocrx_word' id='word_1_790' title='bbox 2919 4130 3187 4201; x_wconf 84' lang='lat' dir='ltr'><strong>fumigans</strong></span> <span class='ocrx_word' id='word_1_791' title='bbox 3212 4169 3227 4193; x_wconf 94' lang='lat'><strong>,</strong></span> <span class='ocrx_word' id='word_1_792' title='bbox 3269 4127 3446 4181; x_wconf 91' lang='lat' dir='ltr'><strong>inania</strong></span> <span class='ocrx_word' id='word_1_793' title='bbox 3483 4124 3646 4181; x_wconf 86' lang='lat' dir='ltr'><strong>verba</strong></span> 
     </span>
    </p>
   </div>
   <div class='ocr_carea' id='block_1_103' title="bbox 2059 4215 3645 4293">
    <p class='ocr_par' dir='ltr' id='par_1_103' title="bbox 2059 4215 3645 4293">
     <span class='ocr_line' id='line_1_103' title="bbox 2059 4215 3645 4293; baseline -0.014 -2"><span class='ocrx_word' id='word_1_794' title='bbox 2059 4237 2186 4293; x_wconf 90' lang='lat' dir='ltr'><strong>sinit</strong></span> <span class='ocrx_word' id='word_1_795' title='bbox 2213 4249 2275 4288; x_wconf 91' lang='lat' dir='ltr'><strong>os</strong></span> <span class='ocrx_word' id='word_1_796' title='bbox 2302 4241 2543 4288; x_wconf 91' lang='lat' dir='ltr'><strong>nostrum</strong></span> <span class='ocrx_word' id='word_1_797' title='bbox 2563 4227 2860 4284; x_wconf 79' lang='lat' dir='ltr'><strong>effundere.</strong></span> <span class='ocrx_word' id='word_1_798' title='bbox 2890 4224 3083 4278; x_wconf 81' lang='lat' dir='ltr'><strong>Verum</strong></span> <span class='ocrx_word' id='word_1_799' title='bbox 3116 4231 3174 4276; x_wconf 92' lang='lat' dir='ltr'><strong>ut</strong></span> <span class='ocrx_word' id='word_1_800' title='bbox 3201 4221 3273 4274; x_wconf 92' lang='lat' dir='ltr'><strong>illi</strong></span> <span class='ocrx_word' id='word_1_801' title='bbox 3302 4219 3532 4274; x_wconf 73' lang='lat' dir='ltr'><strong>lucerna:</strong></span> <span class='ocrx_word' id='word_1_802' title='bbox 3559 4215 3645 4271; x_wconf 86' lang='lat' dir='ltr'><strong>fo-</strong></span> 
     </span>
    </p>
   </div>
   <div class='ocr_carea' id='block_1_104' title="bbox 2061 4308 3647 4394">
    <p class='ocr_par' dir='ltr' id='par_1_104' title="bbox 2061 4308 3647 4394">
     <span class='ocr_line' id='line_1_104' title="bbox 2061 4308 3647 4394; baseline -0.013 -10"><span class='ocrx_word' id='word_1_803' title='bbox 2061 4327 2252 4385; x_wconf 88' lang='lat' dir='ltr'><strong>ramini</strong></span> <span class='ocrx_word' id='word_1_804' title='bbox 2298 4324 2521 4394; x_wconf 84' lang='lat' dir='ltr'><strong>digitum</strong></span> <span class='ocrx_word' id='word_1_805' title='bbox 2565 4322 2883 4389; x_wconf 90' lang='lat' dir='ltr'><strong>imponunt,</strong></span> <span class='ocrx_word' id='word_1_806' title='bbox 2923 4316 2994 4370; x_wconf 91' lang='lat' dir='ltr'><strong>ita</strong></span> <span class='ocrx_word' id='word_1_807' title='bbox 3039 4328 3139 4368; x_wconf 93' lang='lat' dir='ltr'><strong>nos</strong></span> <span class='ocrx_word' id='word_1_808' title='bbox 3182 4313 3439 4366; x_wconf 90' lang='lat' dir='ltr'><strong>rationem</strong></span> <span class='ocrx_word' id='word_1_809' title='bbox 3481 4308 3647 4364; x_wconf 89' lang='lat' dir='ltr'><strong>luenti</strong></span> 
     </span>
    </p>
   </div>
   <div class='ocr_carea' id='block_1_105' title="bbox 2062 4404 3649 4492">
    <p class='ocr_par' dir='ltr' id='par_1_105' title="bbox 2062 4404 3649 4492">
     <span class='ocr_line' id='line_1_105' title="bbox 2062 4404 3649 4492; baseline -0.011 -20"><span class='ocrx_word' id='word_1_810' title='bbox 2062 4420 2436 4492; x_wconf 73' lang='lat' dir='ltr'><strong>prmﬁciamus,</strong></span> <span class='ocrx_word' id='word_1_811' title='bbox 2470 4414 2704 4483; x_wconf 81' lang='lat' dir='ltr'><strong>maligno</strong></span> <span class='ocrx_word' id='word_1_812' title='bbox 2732 4408 2940 4480; x_wconf 80' lang='lat' dir='ltr'><strong>Spiritui</strong></span> <span class='ocrx_word' id='word_1_813' title='bbox 2969 4408 3168 4461; x_wconf 89' lang='lat' dir='ltr'><strong>aditum</strong></span> <span class='ocrx_word' id='word_1_814' title='bbox 3196 4404 3611 4459; x_wconf 89' lang='lat' dir='ltr'><strong>intercludalnns</strong></span> <span class='ocrx_word' id='word_1_815' title='bbox 3631 4444 3649 4472; x_wconf 84' lang='lat'><strong>,</strong></span> 
     </span>
    </p>
   </div>
   <div class='ocr_carea' id='block_1_106' title="bbox 2063 4494 3649 4573">
    <p class='ocr_par' dir='ltr' id='par_1_106' title="bbox 2063 4494 3649 4573">
     <span class='ocr_line' id='line_1_106' title="bbox 2063 4494 3649 4573; baseline -0.015 -2"><span class='ocrx_word' id='word_1_816' title='bbox 2063 4534 2133 4573; x_wconf 93' lang='lat' dir='ltr'><strong>ne</strong></span> <span class='ocrx_word' id='word_1_817' title='bbox 2181 4514 2441 4568; x_wconf 89' lang='lat' dir='ltr'><strong>orationis</strong></span> <span class='ocrx_word' id='word_1_818' title='bbox 2491 4518 2689 4562; x_wconf 80' lang='lat' dir='ltr'><strong>nostra:</strong></span> <span class='ocrx_word' id='word_1_819' title='bbox 2742 4503 2919 4557; x_wconf 91' lang='lat' dir='ltr'><strong>lumen</strong></span> <span class='ocrx_word' id='word_1_820' title='bbox 2965 4498 3285 4567; x_wconf 82' lang='lat' dir='ltr'><strong>exstinguat.</strong></span> <span class='ocrx_word' id='word_1_821' title='bbox 3337 4494 3649 4549; x_wconf 85' lang='lat' dir='ltr'><strong>Meministis</strong></span> 
     </span>
    </p>
   </div>
   <div class='ocr_carea' id='block_1_107' title="bbox 2064 4575 3674 4677">
    <p class='ocr_par' dir='ltr' id='par_1_107' title="bbox 2064 4575 3674 4677">
     <span class='ocr_line' id='line_1_107' title="bbox 2064 4575 3674 4677; baseline -0.019 -12"><span class='ocrx_word' id='word_1_822' title='bbox 2064 4609 2223 4677; x_wconf 86' lang='lat' dir='ltr'><strong>hujus</strong></span> <span class='ocrx_word' id='word_1_823' title='bbox 2264 4600 2496 4671; x_wconf 79' lang='lat' dir='ltr'><strong>exempli</strong></span> <span class='ocrx_word' id='word_1_824' title='bbox 2537 4598 2835 4665; x_wconf 88' lang='lat' dir='ltr'><strong>utriusque,</strong></span> <span class='ocrx_word' id='word_1_825' title='bbox 2866 4601 2921 4647; x_wconf 92' lang='lat' dir='ltr'><strong>et</strong></span> <span class='ocrx_word' id='word_1_826' title='bbox 2947 4590 3172 4645; x_wconf 89' lang='lat' dir='ltr'><strong>militum</strong></span> <span class='ocrx_word' id='word_1_827' title='bbox 3200 4603 3263 4642; x_wconf 90' lang='lat' dir='ltr'><strong>ac</strong></span> <span class='ocrx_word' id='word_1_828' title='bbox 3286 4575 3674 4657; x_wconf 71' lang='lat' dir='ltr'><strong>lllagistmtus,‘</strong></span> 
     </span>
    </p>
   </div>
   <div class='ocr_carea' id='block_1_108' title="bbox 2063 4674 3650 4762">
    <p class='ocr_par' dir='ltr' id='par_1_108' title="bbox 2063 4674 3650 4762">
     <span class='ocr_line' id='line_1_108' title="bbox 2063 4674 3650 4762; baseline -0.018 -5"><span class='ocrx_word' id='word_1_829' title='bbox 2063 4712 2119 4758; x_wconf 92' lang='lat' dir='ltr'><strong>et</strong></span> <span class='ocrx_word' id='word_1_830' title='bbox 2146 4694 2424 4755; x_wconf 74' lang='lat' dir='ltr'><strong>lacerate?</strong></span> <span class='ocrx_word' id='word_1_831' title='bbox 2470 4693 2758 4762; x_wconf 85' lang='lat' dir='ltr'><strong>Propterea</strong></span> <span class='ocrx_word' id='word_1_832' title='bbox 2806 4697 3035 4754; x_wconf 88' lang='lat' dir='ltr'><strong>namque</strong></span> <span class='ocrx_word' id='word_1_833' title='bbox 3087 4680 3239 4735; x_wconf 84' lang='lat' dir='ltr'><strong>vobis</strong></span> <span class='ocrx_word' id='word_1_834' title='bbox 3266 4679 3379 4733; x_wconf 79' lang='lat' dir='ltr'><strong>luce</strong></span> <span class='ocrx_word' id='word_1_835' title='bbox 3404 4674 3650 4745; x_wconf 82' lang='lat' dir='ltr'><strong>exempla</strong></span> 
     </span>
    </p>
   </div>
   <div class='ocr_carea' id='block_1_109' title="bbox 2066 4770 3651 4854">
    <p class='ocr_par' dir='ltr' id='par_1_109' title="bbox 2066 4770 3651 4854">
     <span class='ocr_line' id='line_1_109' title="bbox 2066 4770 3651 4854; baseline -0.016 -7"><span class='ocrx_word' id='word_1_836' title='bbox 2066 4792 2389 4854; x_wconf 85' lang='lat' dir='ltr'><strong>recitanlus,</strong></span> <span class='ocrx_word' id='word_1_837' title='bbox 2419 4785 2472 4839; x_wconf 90' lang='lat' dir='ltr'><strong>in</strong></span> <span class='ocrx_word' id='word_1_838' title='bbox 2501 4781 2695 4853; x_wconf 90' lang='lat' dir='ltr'><strong>quibus</strong></span> <span class='ocrx_word' id='word_1_839' title='bbox 2725 4790 3028 4838; x_wconf 80' lang='lat' dir='ltr'><strong>versamur,</strong></span> <span class='ocrx_word' id='word_1_840' title='bbox 3080 4772 3134 4827; x_wconf 87' lang='lat' dir='ltr'><strong>ill</strong></span> <span class='ocrx_word' id='word_1_841' title='bbox 3183 4770 3375 4842; x_wconf 89' lang='lat' dir='ltr'><strong>quibus</strong></span> <span class='ocrx_word' id='word_1_842' title='bbox 3418 4783 3651 4829; x_wconf 78' lang='lat' dir='ltr'><strong>sumus,</strong></span> 
     </span>
    </p>
   </div>
   <div class='ocr_carea' id='block_1_110' title="bbox 2071 4859 3657 4941">
    <p class='ocr_par' dir='ltr' id='par_1_110' title="bbox 2071 4859 3657 4941">
     <span class='ocr_line' id='line_1_110' title="bbox 2071 4859 3657 4941; baseline -0.018 0"><span class='ocrx_word' id='word_1_843' title='bbox 2071 4898 2127 4941; x_wconf 89' lang='lat' dir='ltr'><strong>ut</strong></span> <span class='ocrx_word' id='word_1_844' title='bbox 2154 4884 2314 4939; x_wconf 88' lang='lat' dir='ltr'><strong>etiam</strong></span> <span class='ocrx_word' id='word_1_845' title='bbox 2339 4894 2461 4935; x_wconf 91' lang='lat' dir='ltr'><strong>cum</strong></span> <span class='ocrx_word' id='word_1_846' title='bbox 2493 4876 2616 4930; x_wconf 89' lang='lat' dir='ltr'><strong>hinc</strong></span> <span class='ocrx_word' id='word_1_847' title='bbox 2644 4868 3043 4928; x_wconf 87' lang='lat' dir='ltr'><strong>recesserimus,</strong></span> <span class='ocrx_word' id='word_1_848' title='bbox 3072 4879 3134 4917; x_wconf 90' lang='lat' dir='ltr'><strong>ac</strong></span> <span class='ocrx_word' id='word_1_849' title='bbox 3163 4861 3309 4916; x_wconf 90' lang='lat' dir='ltr'><strong>domi</strong></span> <span class='ocrx_word' id='word_1_850' title='bbox 3343 4859 3599 4914; x_wconf 88' lang='lat' dir='ltr'><strong>fuerimus</strong></span> <span class='ocrx_word' id='word_1_851' title='bbox 3638 4895 3657 4924; x_wconf 86' lang='lat'><strong>,</strong></span> 
     </span>
    </p>
   </div>
   <div class='ocr_carea' id='block_1_111' title="bbox 2067 4955 3651 5049">
    <p class='ocr_par' dir='ltr' id='par_1_111' title="bbox 2067 4955 3651 5049">
     <span class='ocr_line' id='line_1_111' title="bbox 2067 4955 3651 5049; baseline -0.016 -15"><span class='ocrx_word' id='word_1_852' title='bbox 2067 4993 2164 5049; x_wconf 89' lang='lat' dir='ltr'><strong>per</strong></span> <span class='ocrx_word' id='word_1_853' title='bbox 2187 4992 2279 5031; x_wconf 87' lang='lat' dir='ltr'><strong>eas</strong></span> <span class='ocrx_word' id='word_1_854' title='bbox 2304 4988 2393 5029; x_wconf 92' lang='lat' dir='ltr'><strong>res</strong></span> <span class='ocrx_word' id='word_1_855' title='bbox 2418 4984 2551 5042; x_wconf 90' lang='lat' dir='ltr'><strong>quas</strong></span> <span class='ocrx_word' id='word_1_856' title='bbox 2581 4966 2837 5021; x_wconf 89' lang='lat' dir='ltr'><strong>habemus</strong></span> <span class='ocrx_word' id='word_1_857' title='bbox 2868 4976 2974 5030; x_wconf 71' lang='lat' dir='ltr'><strong>prlu</strong></span> <span class='ocrx_word' id='word_1_858' title='bbox 3004 4955 3247 5013; x_wconf 83' lang='lat' dir='ltr'><strong>manibus</strong></span> <span class='ocrx_word' id='word_1_859' title='bbox 3271 4996 3287 5021; x_wconf 92' lang='lat'><strong>,</strong></span> <span class='ocrx_word' id='word_1_860' title='bbox 3316 4969 3500 5010; x_wconf 86' lang='lat' dir='ltr'><strong>eorum</strong></span> <span class='ocrx_word' id='word_1_861' title='bbox 3529 4966 3651 5023; x_wconf 51' lang='lat' dir='ltr'><strong>qua“</strong></span> 
     </span>
    </p>
   </div>
   <div class='ocr_carea' id='block_1_112' title="bbox 2069 5041 3713 5126">
    <p class='ocr_par' dir='ltr' id='par_1_112' title="bbox 2069 5041 3713 5126">
     <span class='ocr_line' id='line_1_112' title="bbox 2069 5041 3713 5126; baseline -0.022 -1"><span class='ocrx_word' id='word_1_862' title='bbox 2069 5069 2207 5126; x_wconf 86' lang='lat' dir='ltr'><strong>dicta</strong></span> <span class='ocrx_word' id='word_1_863' title='bbox 2234 5074 2361 5121; x_wconf 91' lang='lat' dir='ltr'><strong>sunt</strong></span> <span class='ocrx_word' id='word_1_864' title='bbox 2381 5041 2534 5117; x_wconf 86' lang='lat' dir='ltr'><strong>nobis</strong></span> <span class='ocrx_word' id='word_1_865' title='bbox 2556 5055 2810 5114; x_wconf 89' lang='lat' dir='ltr'><strong>memoria</strong></span> <span class='ocrx_word' id='word_1_866' title='bbox 2839 5051 3141 5107; x_wconf 87' lang='lat' dir='ltr'><strong>refricetur.</strong></span> <span class='ocrx_word' id='word_1_867' title='bbox 3707 5041 3713 5047; x_wconf 89' lang='lat'>&#39;</span> 
     </span>
    </p>
   </div>
   <div class='ocr_carea' id='block_1_113' title="bbox 2141 5136 3647 5230">
    <p class='ocr_par' dir='ltr' id='par_1_113' title="bbox 2141 5136 3647 5230">
     <span class='ocr_line' id='line_1_113' title="bbox 2141 5136 3647 5230; baseline -0.02 -14"><span class='ocrx_word' id='word_1_868' title='bbox 2141 5161 2195 5217; x_wconf 87' lang='lat'><strong>6.</strong></span> <span class='ocrx_word' id='word_1_869' title='bbox 2238 5159 2485 5230; x_wconf 81' lang='lat' dir='ltr'><strong>Magnum</strong></span> <span class='ocrx_word' id='word_1_870' title='bbox 2535 5154 2687 5206; x_wconf 81' lang='lat' dir='ltr'><strong>telum</strong></span> <span class='ocrx_word' id='word_1_871' title='bbox 2733 5145 2972 5219; x_wconf 80' lang='lat' dir='ltr'><strong>precatio.</strong></span> <span class='ocrx_word' id='word_1_872' title='bbox 3013 5139 3215 5194; x_wconf 82' lang='lat' dir='ltr'><strong>Orbitas</strong></span> <span class='ocrx_word' id='word_1_873' title='bbox 3247 5136 3516 5191; x_wconf 77' lang='lat' dir='ltr'><strong>liberarunt</strong></span> <span class='ocrx_word' id='word_1_874' title='bbox 3545 5149 3647 5187; x_wconf 79' lang='lat' dir='ltr'><strong>non</strong></span> 
     </span>
    </p>
   </div>
   <div class='ocr_carea' id='block_1_114' title="bbox 2068 5231 3653 5323">
    <p class='ocr_par' dir='ltr' id='par_1_114' title="bbox 2068 5231 3653 5323">
     <span class='ocr_line' id='line_1_114' title="bbox 2068 5231 3653 5323; baseline -0.022 -13"><span class='ocrx_word' id='word_1_875' title='bbox 2068 5265 2142 5310; x_wconf 80' lang='lat' dir='ltr'><strong>est</strong></span> <span class='ocrx_word' id='word_1_876' title='bbox 2181 5269 2326 5323; x_wconf 74' lang='lat' dir='ltr'><strong>plena</strong></span> <span class='ocrx_word' id='word_1_877' title='bbox 2369 5245 2592 5319; x_wconf 81' lang='lat' dir='ltr'><strong>peccati;</strong></span> <span class='ocrx_word' id='word_1_878' title='bbox 2621 5257 2773 5312; x_wconf 84' lang='lat' dir='ltr'><strong>quam</strong></span> <span class='ocrx_word' id='word_1_879' title='bbox 2817 5250 3024 5291; x_wconf 79' lang='lat' dir='ltr'><strong>causam</strong></span> <span class='ocrx_word' id='word_1_880' title='bbox 3070 5231 3280 5291; x_wconf 82' lang='lat' dir='ltr'><strong>habeat;</strong></span> <span class='ocrx_word' id='word_1_881' title='bbox 3324 5235 3496 5297; x_wconf 82' lang='lat' dir='ltr'><strong>partas</strong></span> <span class='ocrx_word' id='word_1_882' title='bbox 3547 5234 3653 5277; x_wconf 79' lang='lat' dir='ltr'><strong>stc-</strong></span> 
     </span>
    </p>
   </div>
   <div class='ocr_carea' id='block_1_115' title="bbox 2070 5319 3655 5415">
    <p class='ocr_par' dir='ltr' id='par_1_115' title="bbox 2070 5319 3655 5415">
     <span class='ocr_line' id='line_1_115' title="bbox 2070 5319 3655 5415; baseline -0.024 -13"><span class='ocrx_word' id='word_1_883' title='bbox 2070 5348 2179 5402; x_wconf 73' lang='lat' dir='ltr'><strong>rl&#39;ll&#39;s</strong></span> <span class='ocrx_word' id='word_1_884' title='bbox 2229 5354 2405 5415; x_wconf 78' lang='lat' dir='ltr'><strong>partus</strong></span> <span class='ocrx_word' id='word_1_885' title='bbox 2459 5334 2667 5405; x_wconf 79' lang='lat' dir='ltr'><strong>virginis</strong></span> <span class='ocrx_word' id='word_1_886' title='bbox 2718 5329 2869 5400; x_wconf 77' lang='lat' dir='ltr'><strong>ﬁdem</strong></span> <span class='ocrx_word' id='word_1_887' title='bbox 2914 5324 3055 5393; x_wconf 74' lang='lat' dir='ltr'><strong>facit.</strong></span> <span class='ocrx_word' id='word_1_888' title='bbox 3088 5350 3159 5363; x_wconf 80' lang='lat'><strong>—-</strong></span> <span class='ocrx_word' id='word_1_889' title='bbox 3200 5319 3385 5387; x_wconf 85' lang='lat' dir='ltr'><strong>Magna</strong></span> <span class='ocrx_word' id='word_1_890' title='bbox 3435 5323 3519 5368; x_wconf 88' lang='lat' dir='ltr'><strong>est</strong></span> <span class='ocrx_word' id='word_1_891' title='bbox 3566 5329 3655 5367; x_wconf 90' lang='lat' dir='ltr'><strong>ar-</strong></span> 
     </span>
    </p>
   </div>
   <div class='ocr_carea' id='block_1_116' title="bbox 2072 5402 3654 5493">
    <p class='ocr_par' dir='ltr' id='par_1_116' title="bbox 2072 5402 3654 5493">
     <span class='ocr_line' id='line_1_116' title="bbox 2072 5402 3654 5493; baseline -0.023 0"><span class='ocrx_word' id='word_1_892' title='bbox 2072 5446 2279 5493; x_wconf 85' lang='lat' dir='ltr'><strong>matura</strong></span> <span class='ocrx_word' id='word_1_893' title='bbox 2327 5430 2530 5492; x_wconf 88' lang='lat' dir='ltr'><strong>oratio,</strong></span> <span class='ocrx_word' id='word_1_894' title='bbox 2581 5435 2830 5492; x_wconf 83' lang='lat' dir='ltr'><strong>magnum</strong></span> <span class='ocrx_word' id='word_1_895' title='bbox 2878 5412 3202 5487; x_wconf 60' lang='lat' dir='ltr'><strong>praesidium.</strong></span> <span class='ocrx_word' id='word_1_896' title='bbox 3255 5406 3492 5462; x_wconf 86' lang='lat' dir='ltr'><strong>Audistis</strong></span> <span class='ocrx_word' id='word_1_897' title='bbox 3537 5402 3654 5458; x_wconf 87' lang='lat' dir='ltr'><strong>heri</strong></span> 
     </span>
    </p>
   </div>
   <div class='ocr_carea' id='block_1_117' title="bbox 2072 5497 3650 5601">
    <p class='ocr_par' dir='ltr' id='par_1_117' title="bbox 2072 5497 3650 5601">
     <span class='ocr_line' id='line_1_117' title="bbox 2072 5497 3650 5601; baseline -0.024 -17"><span class='ocrx_word' id='word_1_898' title='bbox 2072 5545 2177 5601; x_wconf 91' lang='lat' dir='ltr'><strong>quo</strong></span> <span class='ocrx_word' id='word_1_899' title='bbox 2219 5533 2373 5595; x_wconf 86' lang='lat' dir='ltr'><strong>pacto</strong></span> <span class='ocrx_word' id='word_1_900' title='bbox 2418 5529 2527 5575; x_wconf 91' lang='lat' dir='ltr'><strong>tres</strong></span> <span class='ocrx_word' id='word_1_901' title='bbox 2559 5514 2706 5587; x_wconf 90' lang='lat' dir='ltr'><strong>pueri</strong></span> <span class='ocrx_word' id='word_1_902' title='bbox 2748 5509 2908 5564; x_wconf 86' lang='lat' dir='ltr'><strong>vincti</strong></span> <span class='ocrx_word' id='word_1_903' title='bbox 2954 5508 3208 5575; x_wconf 90' lang='lat' dir='ltr'><strong>impetum</strong></span> <span class='ocrx_word' id='word_1_904' title='bbox 3252 5497 3389 5569; x_wconf 87' lang='lat' dir='ltr'><strong>ignis</strong></span> <span class='ocrx_word' id='word_1_905' title='bbox 3438 5511 3650 5565; x_wconf 85' lang='lat' dir='ltr'><strong>repres-</strong></span> 
     </span>
    </p>
   </div>
   <div class='ocr_carea' id='block_1_118' title="bbox 2074 5594 3659 5687">
    <p class='ocr_par' dir='ltr' id='par_1_118' title="bbox 2074 5594 3659 5687">
     <span class='ocr_line' id='line_1_118' title="bbox 2074 5594 3659 5687; baseline -0.025 -9"><span class='ocrx_word' id='word_1_906' title='bbox 2074 5594 2279 5684; x_wconf 78' lang='lat' dir='ltr'><strong>scrillt,</strong></span> <span class='ocrx_word' id='word_1_907' title='bbox 2316 5632 2421 5687; x_wconf 87' lang='lat' dir='ltr'><strong>quo</strong></span> <span class='ocrx_word' id='word_1_908' title='bbox 2481 5620 2634 5682; x_wconf 89' lang='lat' dir='ltr'><strong>pacto</strong></span> <span class='ocrx_word' id='word_1_909' title='bbox 2696 5606 2963 5660; x_wconf 86' lang='lat' dir='ltr'><strong>flammam</strong></span> <span class='ocrx_word' id='word_1_910' title='bbox 3020 5594 3277 5651; x_wconf 75' lang='lat' dir='ltr'><strong>caleat-int</strong></span> <span class='ocrx_word' id='word_1_911' title='bbox 3305 5633 3318 5654; x_wconf 92' lang='lat'><strong>,</strong></span> <span class='ocrx_word' id='word_1_912' title='bbox 3350 5604 3458 5661; x_wconf 91' lang='lat' dir='ltr'><strong>quo</strong></span> <span class='ocrx_word' id='word_1_913' title='bbox 3504 5595 3659 5656; x_wconf 88' lang='lat' dir='ltr'><strong>pacto</strong></span> 
     </span>
    </p>
   </div>
   <div class='ocr_carea' id='block_1_119' title="bbox 2074 5681 3656 5777">
    <p class='ocr_par' dir='ltr' id='par_1_119' title="bbox 2074 5681 3656 5777">
     <span class='ocr_line' id='line_1_119' title="bbox 2074 5681 3656 5777; baseline -0.024 -7"><span class='ocrx_word' id='word_1_914' title='bbox 2074 5715 2346 5770; x_wconf 88' lang='lat' dir='ltr'><strong>fornacem</strong></span> <span class='ocrx_word' id='word_1_915' title='bbox 2393 5700 2782 5777; x_wconf 83' lang='lat' dir='ltr'><strong>superaverint,</strong></span> <span class='ocrx_word' id='word_1_916' title='bbox 2812 5710 2920 5768; x_wconf 90' lang='lat' dir='ltr'><strong>quo</strong></span> <span class='ocrx_word' id='word_1_917' title='bbox 2950 5697 3104 5776; x_wconf 83' lang='lat' dir='ltr'><strong>pacto</strong></span> <span class='ocrx_word' id='word_1_918' title='bbox 3132 5691 3385 5744; x_wconf 88' lang='lat' dir='ltr'><strong>virtutem</strong></span> <span class='ocrx_word' id='word_1_919' title='bbox 3421 5681 3656 5739; x_wconf 61' lang='lat' dir='ltr'><strong>eleuan-</strong></span> 
     </span>
    </p>
   </div>
  </div>
