4060 6260
395 329 502 388 $59

397 446 437 498 ti
467 437 801 495 devicerint?
832 435 1024 491 Audite
1070 449 1255 490 rursus
1285 434 1459 492 hodie.
1491 447 1596 500 quo
1627 435 1779 498 pacto
1804 437 1972 494 geueo

401 546 557 586 rosus
597 544 661 584 ac
689 541 909 595 magnus
947 526 1090 580 Isaac
1127 525 1294 594 ipsam
1313 520 1558 593 corporis
1585 527 1826 573 naturam
1852 529 1976 569 ora-

399 625 544 678 tione
569 621 851 689 superarit.
901 618 980 673 llli
1018 617 1266 672 virtutem
1307 615 1442 685 ignis
1481 612 1862 676 dissolverant,
1891 607 1977 663 hic

395 713 655 768 hodierno
711 710 799 765 die
848 709 1056 764 vincula
1113 707 1273 762 solvit
1324 706 1580 760 mutilata:
1624 712 1846 760 natura}.
1902 702 1979 752 Ae

393 805 542 858 disce
587 819 690 874 qua
724 801 930 855 ratione
973 800 1023 854 id
1049 801 1236 868 egerit.
1283 796 1545 869 Iiogubat,
1583 795 1782 864 inquit,
1826 792 1980 848 Isaae

393 912 486 965 pro
548 909 705 947 uxore
765 909 857 946 sua
879 933 895 955 ,
955 892 1192 960 quoniam
1251 890 1435 943 sterilis
1488 897 1595 941 erat
1661 883 1836 955 (Gen.
1885 883 1975 938 25.

393 987 510 1058 21).
558 986 682 1041 Ιιωο
713 985 862 1037 vobis
892 983 1050 1040 hodie
1094 991 1218 1037 sunt
1258 982 1436 1036 lecta:
1470 979 1581 1034 beri
1621 979 1690 1033 de
1738 977 1979 1031 oratione

393 1089 575 1130 sermo
604 1083 692 1129 est
718 1074 948 1138 habitus,
989 1086 1040 1126 et
1067 1073 1224 1127 hodie
1254 1086 1441 1125 rursus
1463 1068 1847 1125 demonstratio
1871 1067 1974 1121 vir-

395 1166 525 1221 tutis
554 1165 814 1221 oratio..is
843 1165 1095 1218 occurrit.
1129 1162 1332 1216 Videtis
1361 1171 1416 1215 ut
1455 1162 1524 1214 ita
1554 1159 1784 1228 Spiritus
1810 1159 1978 1228 gratia

391 1257 713 1326 disponente
742 1257 812 1309 sit
837 1256 1054 1316 factum,
1084 1265 1137 1308 ut
1169 1254 1231 1306 iis
1255 1267 1516 1314 consona,
1549 1266 1668 1321 quae
1688 1250 1826 1303 dicta
1855 1256 1980 1301 Stlttl.

392 1347 532 1413 hrri,
584 1347 842 1401 hodierno
878 1346 964 1400 die
999 1345 1338 1415 legerentur?
1401 1342 1630 1412 Rogabat
1656 1338 1755 1411 (a),
1790 1339 1978 1408 inquit,

397 1457 489 1510 pro
516 1439 739 1494 Rebecca
768 1454 924 1492 uxore
970 1453 1082 1497 sua,
1127 1435 1365 1505 quoniam
1404 1435 1590 1488 sterilis
1631 1441 1759 1486 erat.
1789 1430 1900 1484 Hoc
1928 1430 1978 1482 in

397 1532 581 1600 primis
601 1545 776 1600 opera:
799 1528 1023 1598 pretium
1051 1537 1134 1582 est
1159 1542 1419 1595 quaerere,
1449 1541 1548 1594 qua
1585 1524 1654 1579 de
1682 1537 1841 1578 causa
1873 1531 1981 1577 stev

397 1622 510 1676 rilis
543 1631 708 1675 esset.
735 1617 1078 1674 Admirabilis
1107 1616 1380 1684 cujusdam
1407 1616 1525 1668 vita:
1554 1629 1862 1685 magna'que
1887 1628 1949 1666 ca
1967 1643 1979 1652 -

395 1714 590 1768 stitatis
617 1712 768 1780 plena
795 1726 915 1766 cum
947 1711 1056 1778 ipsa
1087 1716 1223 1774 crat,
1248 1716 1357 1761 tum
1377 1708 1455 1760 vir
1476 1706 1611 1775 ejus.
1629 1706 1760 1759 Non
1793 1720 1980 1775 possu-

397 1820 516 1858 mus
540 1817 759 1872 carpere
784 1811 1087 1855 sanctorum
1118 1801 1298 1862 vitam,
1337 1813 1400 1852 ac
1433 1798 1610 1852 dicere
1642 1805 1980 1866 peccaturum

394 1896 640 1952 ellectum
667 1909 786 1949 esse
815 1893 1174 1947 sterilitatem.
1205 1891 1309 1945 Nec
1358 1890 1456 1944 ista
1487 1889 1681 1944 sterilis
1707 1887 1803 1942 fuit
1843 1887 1982 1952 sola,

393 1988 489 2044 sed
515 1998 567 2042 et
597 1998 765 2042 mater
793 1986 956 2056 ipsius
987 1986 1170 2042 Sarra.
1202 1999 1321 2054 qua:
1353 1983 1501 2037 illum
1544 1981 1782 2052 peperit;
1813 1996 1983 2049 neque

397 2095 524 2134 vero
554 2089 726 2133 mater
745 2079 860 2145 ejus
888 2088 1087 2132 tantum
1129 2076 1326 2129 sterilis
1357 2074 1474 2139 fuit,
1500 2089 1672 2143 neque
1696 2087 1855 2136 uxor,
1890 2070 1984 2125 sed

395 2180 450 2224 et
491 2185 676 2232 nurus,
717 2169 894 2224 Jacobi
936 2183 1068 2222 uxor
1112 2165 1333 2220 Rachel.
1375 2165 1510 2235 Quid
1558 2165 1658 2219 sibi
1710 2165 1818 2218 vult
1867 2163 1985 2220 haec

398 2265 553 2317 turba
583 2261 886 2316 sterilium?
914 2261 1112 2315 Omnes
1136 2259 1288 2330 justi,
1317 2274 1504 2312 omnes
1530 2258 1725 2312 virtute
1753 2256 1980 2327 pra-diti,

395 2370 581 2408 otnnes
611 2353 702 2408 Dei
735 2352 1040 2408 testimonio
1065 2351 1341 2418 approbati
1373 2359 1545 2405 cram.
1591 2349 1663 2404 De
1703 2349 1804 2402 illis
1843 2347 1982 2400 enim

396 2445 645 2500 dixerat:
677 2443 785 2515 Ego
828 2461 936 2496 sunt
965 2441 1106 2495 Deus
1136 2441 1411 2505 Abraham,
1455 2451 1500 2494 et
1545 2439 1678 2492 Deus
1725 2437 1895 2499 Isaac,
1939 2448 1986 2490 et

401 2536 535 2590 Deus
559 2535 719 2588 Jacob
747 2534 937 2602 (Exod.
966 2534 1020 2587 5.
1049 2535 1126 2602 li).
1155 2534 1228 2585 De
1255 2532 1439 2586 iisdem
1471 2534 1629 2584 etiam
1655 2531 1730 2583 sic
1757 2530 1986 2598 laquitur

399 2628 594 2684 Paulus
627 2645 640 2679 :
679 2627 840 2694 Quam
882 2625 942 2678 ob
973 2641 1178 2678 causam
1219 2642 1317 2678 non
1360 2624 1688 2691 confunditur
1721 2622 1852 2675 Deus
1903 2637 1988 2674 υο-

399 2721 504 2773 cari
535 2717 670 2773 Deus
701 2735 870 2771 eorum
901 2715 1078 2788 (Hebr.
1120 2717 1205 2770 ll.
1242 2715 1330 2784 l6)
1387 2715 1544 2768 Multa
1573 2729 1756 2767 eorum
1787 2729 1988 2782 pra-co-

401 2813 485 2867 uia
524 2812 577 2864 in
605 2811 770 2875 Novo,
815 2809 994 2863 multa:
1034 2810 1242 2863 illorum
1276 2807 1458 2861 laudes
1501 2808 1552 2860 in
1599 2807 1772 2859 Veteri
1799 2805 1987 2862 Testa-

331 2940 334 2942 η
400 2913 583 2959 mento
610 2920 624 2959 :
653 2902 796 2956 onmi
847 2917 910 2955 ex
957 2911 1107 2972 parte
1152 2901 1287 2968 clari,
1328 2908 1382 2952 et
1425 2899 1678 2963 illustres,
1724 2907 1772 2952 et
1802 2910 1990 2951 ouines

401 2995 612 3051 steriles
641 2993 905 3048 habebant
935 3008 1150 3059 uxores,
1182 3007 1246 3046 ac
1288 2992 1404 3046 sine
1437 2990 1616 3045 liberis
1649 2991 1814 3044 lt‘llllltt
1845 2999 1985 3044 tem-

401 3103 532 3158 pore
545 3088 810 3141 vixerunt.
840 3083 972 3140 Cum
1004 3085 1160 3154 igitur
1186 3085 1353 3138 virum
1375 3092 1426 3136 et
1455 3098 1672 3138 uxorem
1697 3080 1892 3136 videris
1919 3095 1985 3136 ex

403 3180 612 3233 virtutis
663 3179 971 3248 pra-scripto
1013 3177 1174 3229 vitam
1206 3175 1480 3244 degentes,
1523 3188 1645 3227 cum
1691 3173 1986 3242 religiosos,

407 3268 615 3340 pit-tatis
641 3267 907 3320 studiosos
935 3274 989 3318 et
1016 3265 1193 3317 liberis
1223 3264 1522 3321 destitutos.
1554 3279 1620 3316 ne
1651 3270 1988 3329 peet-atrarum

403 3359 808 3416 retributionem
841 3357 1060 3410 omnino
1089 3372 1208 3410 esse
1231 3356 1516 3410 liberorum
1544 3355 1814 3409 existimes
1844 3354 1988 3408 orbi-

408 3462 592 3507 tatem.
626 3450 803 3505 lllultze
831 3449 1025 3518 quippe
1053 3457 1177 3502 sunt
1219 3447 1452 3500 rationes
1484 3445 1829 3515 providentia:
1859 3444 1993 3498 divi-

409 3559 492 3598 na:
530 3558 593 3597 ac
632 3541 783 3595 nobis
812 3541 1056 3603 occulue,
1098 3547 1152 3593 et
1197 3552 1292 3606 pro
1335 3537 1582 3591 omnibus
1612 3535 1830 3606 agenda:
1871 3543 1996 3589 sunt

409 3634 613 3707 gratim,
660 3633 866 3699 solique
895 3631 966 3686 illi
1006 3630 1183 3684 miseri
1218 3628 1467 3684 censendi
1511 3628 1599 3698 qui
1631 3627 1772 3681 vitiis
1811 3637 1994 3682 conta-

411 3727 595 3783 minati
639 3727 841 3790 vivunt,
876 3740 980 3779 non
1011 3724 1097 3792 qui
1142 3723 1323 3778 liberis
1366 3731 1571 3777 carent.
1615 3719 1996 3790 Smpenumere

413 3823 553 3874 Deus
599 3818 802 3873 tttiliter
846 3816 897 3871 id
940 3817 1086 3883 agit:
1124 3831 1220 3868 nos
1257 3823 1433 3868 autent
1483 3829 1668 3868 eorum
1718 3828 1836 3882 qua:
1867 3813 1998 3866 fiunt

411 3925 624 3966 eatisam
672 3909 996 3978 ignoramus.
1044 3905 1244 3960 Idcirco
1279 3905 1590 3973 sapientiam
1643 3903 1760 3972 ejus
1805 3903 1997 3973 ubique

415 4001 615 4056 laudari
650 4015 746 4071 par
767 4008 869 4066 est,
902 4007 956 4053 et
990 3997 1297 4068 benignitati
1338 3996 1450 4066 ejus
1483 3995 1734 4051 ineffabili
1774 3995 1997 4066 gloriam

408 4096 472 4148 tlt‘
482 4094 626 4148 ferri.

487 4185 540 4239 7.
581 4185 754 4249 Atque
774 4180 862 4234 bic
891 4178 1104 4247 quidem
1139 4193 1317 4232 sermo
1345 4187 1554 4229 noszros
1581 4174 1850 4231 instruere
1880 4191 1988 4229 mo-

416 4294 506 4331 res
558 4283 733 4345 p0test
763 4289 778 4325 :
809 4272 904 4327 sed
952 4280 1005 4324 et
1056 4270 1315 4338 tangenda
1371 4269 1525 4322 nobis
1566 4278 1649 4322 est
1697 4283 1876 4334 causa,
1933 4269 2006 4323 ob

419 4382 579 4438 quam
616 4365 827 4419 steriles
867 4363 972 4417 illa:
1015 4362 1265 4417 mulieres
1293 4360 1528 4414 fuerunt.
1556 4362 1808 4426 Qumnam
1848 4359 2009 4430 igitur

417 4461 516 4515 fuit
541 4458 740 4515 causa?
771 4456 856 4521 Ut,
887 4472 1008 4512 cum
1041 4454 1295 4524 virginem
1344 4455 1634 4524 parientem
1665 4467 2002 4507 communem

419 4560 662 4605 nostrum
693 4549 971 4604 Dominum
999 4546 1213 4607 videris,
1242 4545 1396 4598 iidem
1421 4544 1618 4599 habere
1649 4559 1753 4598 non
1788 4559 2000 4598 renuas.

351 4675 356 4680 ς
423 4645 561 4709 l‘lrgo
597 4649 830 4694 mentem
873 4651 1013 4693 tuam
1058 4636 1110 4692 iu
1156 4637 1416 4690 sterilium
1454 4646 1608 4690 utero
1653 4650 1843 4689 exerce
1877 4655 1891 4690 :
1925 4645 2000 4699 ιιι,

421 4753 544 4792 cum
584 4733 923 4789 iufeCundum
975 4746 1038 4786 ac
1074 4732 1307 4784 vinetum
1357 4739 1561 4784 uterum
1602 4728 1798 4783 videris
1827 4727 2003 4782 divina

422 4820 600 4898 gratia
630 4823 696 4878 ad
735 4825 927 4877 liberos
953 4821 1244 4891 gignendos
1285 4822 1618 4888 adapertum,
1661 4836 1726 4875 ne
1773 4821 2004 4887 mireris,

423 4919 550 4971 dum
584 4915 851 4985 peperi-se
881 4915 1136 4984 virginem
1168 4913 1339 4968 audis.
1371 4911 1481 4966 lino
1509 4929 1633 4967 vero
1656 4921 1709 4966 et
1735 4913 1926 4967 mirare
1953 4923 2008 4968 et

422 5012 762 5078 obstupesce,
801 5019 1164 5061 verumtamen
1195 5007 1413 5061 credere
1453 5006 1764 5060 miraculum
1808 5020 1874 5060 ne
1917 5021 2004 5060 re—

425 5112 572 5150 cusa.
621 5095 752 5149 Cum
801 5095 993 5148 dixerit
1033 5095 1126 5149 tibi
1173 5093 1406 5153 Judazus,
1440 5092 1555 5161 Quo
1605 5105 1758 5163 pacto
1804 5093 2010 5163 peperit

428 5187 622 5260 virgo?
649 5197 703 5242 tu
738 5187 822 5240 tiic
859 5187 953 5249 illi,
985 5184 1102 5252 Quo
1134 5195 1286 5254 pacto
1317 5186 1514 5254 peperit
1545 5186 1738 5239 sterilis
1762 5193 1816 5238 et
1851 5201 2010 5238 seue-

423 5295 568 5337 ctnte
610 5279 894 5334 conlecta?
929 5279 1042 5333 Duo
1072 5277 1448 5346 impedimenta
1497 5287 1622 5331 tunc
1661 5287 1832 5340 erant,
1882 5287 2012 5331 :ctas

425 5375 656 5433 exoleta,
679 5381 734 5426 et
760 5371 936 5438 inepta
963 5381 1147 5423 natura
1178 5387 1189 5421 :
1222 5369 1272 5421 in
1307 5368 1507 5438 virgine
1533 5377 1707 5422 autem
1733 5384 1892 5422 unum
1918 5367 2011 5421 fuit

428 5463 907 5534 impedimentum,
973 5459 1114 5526 quod
1161 5459 1369 5527 nuptias
1414 5467 1632 5527 experta
1690 5473 1794 5511 non
1850 5466 2010 5511 esset.

429 5555 580 5606 Viam
607 5555 763 5624 igitur
787 5553 978 5608 sternit
1007 5551 1194 5623 virgini
1218 5551 1435 5607 sterilis.
1471 5552 1642 5621 Atque
1668 5560 1728 5606 ut
1754 5550 2012 5621 intelligas

426 5647 628 5700 ideirco
655 5645 863 5700 steriles
891 5645 1244 5714 prmccssisse,
1275 5655 1332 5698 ut
1375 5655 1558 5716 partus
1585 5644 1801 5716 virginis
1831 5644 2014 5700 crede-

485 5757 561 5819 (a)
586 5762 693 5804 time
723 5756 826 5816 ina
845 5756 1088 5805 habentur
1112 5754 1310 5806 Humilia
1344 5757 1398 5806 ω
1434 5757 1481 5806 in
1507 5758 1750 5816 cenesim,
1774 5766 1807 5810 t.
1829 5759 1872 5810 .l.

1111 325 1165 378 S.
1190 322 1474 390 JOANNIS
1512 307 1982 375 CllliYSOSTOMI
2028 307 2349 364 ARCIIIEP.
2391 311 2922 369 CONSTAN'I‘INOP.

3568 313 3674 370 860

2093 433 2264 490 retur,
2308 423 2434 480 audi
2463 425 2656 496 quibus
2710 441 2830 482 eam
2877 427 3052 482 verbis
3091 425 3305 483 Gabriel
3348 426 3416 480 sit
3461 427 3668 482 allatus.

2087 514 2216 570 Cum
2242 513 2384 570 enim
2411 521 2664 578 venisset.
2686 519 2840 586 eique
2864 517 3111 584 dixisset,
3137 516 3401 585 Concipies
3428 519 3482 570 in
3509 525 3670 582 ult-ro,

2087 618 2139 662 et
2162 608 2330 678 paries
2356 608 2540 678 ﬁlium,
2580 619 2626 664 et
2651 611 2849 665 vocabis
2877 626 3060 664 nomen
3101 610 3210 680 ejus
3231 609 3407 663 Jesnnt
3434 608 3584 677 (Luc.
3618 611 3643 664 i

2088 703 2201 775 51),
2243 703 2512 773 obstupuit
2540 704 2706 773 virgo.
2753 712 2810 759 et
2858 704 3046 758 mirata
3087 712 3190 768 est,
3233 703 3474 770 dixitque
3501 703 3674 769 τρυσι-

2087 795 2238 848 modo
2256 797 2338 862 ﬁet
2360 795 2513 855 istud,
2533 797 2771 865 quoniam
2785 796 2944 848 virum
2963 811 3061 848 non
3083 810 3328 864 cogtwaco
3350 793 3454 861 (Ib.
3480 811 3526 847 υ.
3548 793 3679 862 54η

2087 886 2224 951 Quid
2257 887 2415 956 igitur
2433 887 2692 956 angelus?
2722 887 2946 956 Spiritus
2980 896 3184 940 sanctus
3207 886 3521 953 superveniet
3548 888 3601 940 in
3628 899 3668 942 tt

2089 977 2196 1047 (lb.
2231 993 2278 1030 υ.
2310 978 2423 1050 53).
2467 978 2585 1033 Noli
2635 979 2878 1034 ordinem
2925 992 3166 1047 quaerere
3204 989 3428 1040 natura}.
3471 979 3673 1047 inquit,

2086 1084 2208 1124 cum
2237 1083 2396 1138 supra
2437 1079 2676 1123 naturam
2705 1078 2791 1124 est
2835 1069 2884 1124 id
2913 1068 3053 1138 quod
3081 1069 3286 1138 geritur
3313 1085 3328 1122 :
3357 1084 3423 1123 ne
3464 1070 3675 1138 nuptias

2089 1171 2146 1217 et
2185 1162 2398 1216 dolores
2428 1171 2610 1231 partus
2651 1161 3020 1229 circumspice,
3055 1175 3176 1214 cum
3208 1160 3406 1226 nuptiis
3431 1161 3678 1226 superior

2087 1254 2445 1326 generationis
2470 1256 2658 1309 modus
2685 1255 2856 1308 fuerit.
2891 1253 3156 1322 Quomodo
3181 1254 3267 1321 ﬁet
3297 1251 3457 1318 istud,
3483 1254 3674 1324 inquit,

2087 1346 2324 1417 quoniam
2364 1346 2524 1399 virum
2567 1362 2668 1399 non
2713 1346 3003 1416 cognosco?
3047 1345 3203 1411 Atqui
3255 1353 3534 1414 propterea
3584 1345 3680 1398 (iet

2089 1435 2251 1500 istud,
2283 1435 2404 1504 quia
2443 1436 2614 1489 virum
2649 1451 2752 1488 non
2781 1435 3082 1505 cognoscis.
3111 1434 3166 1491 Si
3199 1435 3342 1490 enim
3383 1435 3552 1489 virum
3578 1450 3674 1489 co-

2087 1527 2388 1597 gnovisses,
2419 1526 2596 1582 habita
2625 1527 2782 1596 digna
2805 1543 2909 1581 nou
2940 1542 3108 1591 esses,
3137 1544 3257 1596 quae
3283 1526 3410 1582 huic
3434 1528 3676 1582 ministe-

2088 1619 2171 1672 rio
2201 1619 2507 1674 iuservires.
2540 1619 2719 1688 Itaque
2744 1621 2813 1673 ob
2845 1620 2944 1674 hoc
2983 1621 3156 1688 ipsum
3201 1619 3381 1685 crede,
3422 1619 3493 1674 ob
3533 1618 3675 1690 quod

2091 1708 2246 1764 [idem
2280 1712 2459 1764 renuis
2491 1711 2707 1766 habere.
2748 1711 2921 1765 Porro
2945 1711 3206 1778 ejusmodi
3238 1711 3496 1766 inservire
3521 1711 3674 1766 mini-

2088 1803 2251 1860 ater-io
2275 1802 2433 1873 digna
2472 1818 2575 1856 non
2614 1818 2764 1858 esses
2809 1803 3006 1868 habita,
3039 1818 3146 1857 non
3185 1803 3328 1873 quod
3373 1803 3570 1856 malum
3607 1803 3679 1858 sit

2088 1894 2414 1964 conjugium,
2445 1894 2538 1949 sed
2571 1896 2692 1964 quia
2722 1896 2909 1951 melior
2941 1905 3024 1950 est
3050 1896 3327 1966 virginitas
3356 1913 3369 1946 ε
3400 1897 3676 1966 augustio-

2090 2000 2203 2039 rem
2236 1985 2378 2038 euim
2411 2000 2530 2040 esse
2576 1994 2762 2040 nostro
2793 1986 3088 2055 ingressum
3124 1986 3331 2041 Domini
3360 1987 3676 2056 oportebat;

2092 2078 2272 2148 regius
2306 2078 2501 2147 quippe
2523 2085 2637 2132 erat
2665 2094 2679 2132 :
2706 2079 2850 2147 atqui
2881 2095 2975 2134 rex
3020 2095 3115 2148 per
3150 2080 3507 2149 augustiorem
3534 2081 3676 2132 viam

2092 2169 2403 2239 ingreditur.
2447 2169 2695 2240 Oportuit
2736 2172 2881 2226 illum
2925 2181 2978 2226 et
3009 2173 3338 2241 generationi
3379 2174 3679 2227 communi-

2090 2278 2148 2316 ea
2161 2279 2236 2323 re.
2267 2272 2320 2316 et
2342 2279 2370 2315 a
2403 2273 2583 2318 nostra
2605 2263 2838 2318 differre.
2869 2261 3047 2333 itaque
3074 2263 3188 2318 luce
3213 2265 3372 2318 ambo
3389 2263 3678 2330 disponun-

2094 2363 2199 2408 tur.
2233 2355 2363 2409 Nam
2395 2372 2462 2410 ex
2494 2365 2646 2410 utero
2695 2356 2862 2421 nasci,
2905 2370 3191 2410 commune
3235 2356 3510 2410 nobiscum
3551 2365 3673 2410 est:

2091 2447 2188 2502 sed
2221 2447 2423 2516 absque
2461 2447 2711 2516 conjugio
2741 2449 2908 2512 nasci,
2931 2447 3292 2502 conditionem
3323 2457 3560 2501 nostram
3583 2463 3679 2503 ex-

2091 2539 2251 2593 cedit.
2287 2542 2461 2609 Atque
2493 2539 2544 2593 in
2575 2549 2728 2595 utero
2755 2540 2970 2609 quidem
2997 2540 3193 2610 gestari
3241 2550 3297 2593 et
3325 2540 3552 2610 concipi,
3587 2557 3684 2593 ua.

2095 2635 2224 2682 tura:
2249 2639 2330 2683 est
2364 2629 2636 2688 humanae:
2660 2630 2800 2699 quod
2826 2642 3004 2684 autem
3047 2631 3164 2683 sine
3192 2631 3336 2686 coitu
3365 2631 3455 2683 fiat
3482 2646 3678 2685 conce-

2094 2722 2225 2788 ptio,
2277 2729 2462 2773 natura
2510 2721 2740 2776 humana
2783 2731 2868 2776 est
2916 2723 3213 2792 augustius.
3248 2722 3535 2789 Pr0pterea
3567 2723 3682 2778 lure

2092 2811 2254 2864 ambo
2280 2811 2610 2877 acciderunt,
2654 2821 2709 2866 ut
2749 2821 2804 2871 et
2844 2822 3045 2882 quatuo
3088 2822 3140 2867 te
3167 2814 3505 2882 przesnintior
3528 2814 3593 2867 sit
3636 2815 3683 2868 is

2094 2902 2182 2971 qui
2215 2903 2438 2973 paritur,
2467 2903 2659 2970 discas,
2692 2911 2748 2959 et
2772 2915 3027 2975 quantum
3072 2917 3279 2959 natura:
3309 2915 3412 2960 tua:
3441 2921 3685 2960 commu-

2095 3003 2258 3046 lucet.

2169 3083 2220 3138 8.
2254 3084 2333 3138 Ac
2361 3084 2489 3138 mibi
2531 3087 2844 3157 sapientiam
2891 3088 3171 3142 considera
3191 3130 3205 3145 .
3237 3105 3357 3156 qua:
3393 3089 3443 3143 in
3472 3089 3534 3142 iis
3560 3105 3686 3160 quas

2095 3186 2375 3245 geruntur.
2403 3178 2598 3232 elucet.
2629 3177 2813 3248 Neque
2839 3181 3145 3249 prmstantia
3170 3179 3256 3233 illa
3281 3179 3685 3236 similitudinem

2095 3275 2152 3320 et
2178 3267 2573 3334 cognationem,
2592 3284 2694 3338 qua
2719 3269 2992 3324 nobiscum
3020 3269 3238 3340 junctus
3261 3280 3362 3330 est.
3389 3271 3554 3334 la-sit;
3591 3287 3688 3327 ne-

2095 3371 2199 3426 que
2227 3359 2474 3425 cognatio
2497 3369 2674 3412 uestra
2700 3362 3060 3428 praestantiam
3097 3360 3214 3430 ejus
3238 3361 3562 3426 ob-cutavit,
3588 3362 3689 3417 sed

2099 3457 2325 3516 utraque
2362 3450 2521 3504 rebus
2545 3451 2796 3505 omnibus
2821 3449 3091 3505 declarata
3120 3461 3230 3515 est;
3257 3461 3314 3505 et
3337 3452 3438 3505 alia
3467 3453 3686 3518 quidem

2100 3549 2280 3594 nostra
2323 3540 2550 3594 habebat
2599 3543 2801 3611 integra
2825 3583 2840 3604 ,
2870 3542 2970 3595 alia
3001 3557 3128 3596 vero
3169 3557 3198 3595 a
3249 3542 3404 3596 nobis
3444 3543 3685 3597 diversa.

2098 3629 2204 3684 Sed
2240 3629 2380 3700 quod
2426 3631 2690 3693 dicebam,
2724 3643 3004 3701 propterea
3040 3631 3252 3686 steriles
3278 3643 3687 3700 pra-cesserunt,

2103 3731 2160 3776 ut
2199 3731 2381 3791 partus
2408 3722 2628 3792 virginis
2649 3722 2982 3785 crederetur,
3005 3735 3064 3777 ut
3097 3723 3194 3776 ista
3222 3723 3369 3792 quasi
3402 3739 3562 3776 Illatttt
3588 3724 3690 3777 du-

2101 3823 2314 3868 ceretur
2335 3814 2400 3867 ad
2432 3813 2590 3868 iidem
2621 3815 2882 3882 promissu
2902 3830 2965 3869 ac
2992 3815 3358 3884 pollicitationi
3385 3817 3457 3868 illi
3487 3815 3689 3871 baben-

2101 3907 2247 3972 datu,
2276 3921 2434 3975 quam
2477 3907 2665 3975 angulo
2709 3907 2911 3962 audivit
2952 3907 3195 3970 dicetne,
3225 3908 3449 3975 Spiritus
3487 3919 3692 3963 sanctus

2106 3997 2414 4066 superveniet
2452 3998 2505 4051 in
2551 4007 2616 4062 te,
2646 4006 2690 4051 et
2730 3998 2888 4052 uirtus
2924 3998 3172 4052 Altissimi
3217 3999 3528 4054 obmubrabit
3555 4001 3645 4054 tibi
3673 4015 3693 4055 :

2104 4089 2204 4150 sic,
2236 4087 2426 4157 inquit,
2457 4091 2690 4157 paritura
2721 4105 2800 4143 es.
2825 4088 2899 4144 Ne
2922 4089 3178 4158 respicias
3207 4101 3435 4150 terram:
3468 4091 3534 4145 de
3560 4095 3694 4146 caelo

2106 4177 2252 4230 venit
2274 4177 2582 4230 eflicacitas.
2610 4177 2841 4246 Spiritus
2866 4189 2948 4232 est
2981 4179 3149 4248 gratia
3191 4179 3331 4248 quod
3372 4182 3594 4251 geritur,
3628 4195 3696 4237 ne

2107 4268 2236 4322 milii
2268 4284 2476 4338 quaeras
2503 4278 2744 4324 naturam
2789 4279 2846 4325 et
2885 4270 3029 4340 leges
3060 4273 3383 4340 nuptiarum.
3417 4271 3521 4327 Sed
3561 4287 3695 4342 quo-

2107 4364 2250 4415 niam
2281 4360 2418 4415 illius
2443 4372 2656 4431 captum
2676 4363 3008 4418 excedebant
3037 4363 3152 4419 ba-e
3177 4364 3358 4419 verba.
3395 4365 3510 4417 vult
3534 4366 3692 4418 etiam

2108 4455 2329 4508 alteram
2373 4454 2882 4510 demonstrationem
2933 4458 3191 4526 pra'bere.
3224 4457 3301 4509 'l‘u
3342 4473 3472 4511 vero
3512 4459 3693 4511 consi-

2107 4549 2236 4603 dera
2255 4591 2270 4614 ,
2303 4565 2409 4616 quo
2436 4560 2590 4616 pacto
2618 4551 2816 4604 sterilis
2843 4553 2909 4606 ad
2950 4549 3106 4605 iidem
3141 4549 3264 4604 huic
3291 4551 3366 4606 rei
3397 4550 3693 4604 habendam

2109 4640 2356 4694 deducat.
2409 4639 2540 4694 Nam
2588 4642 2838 4710 quoniam
2898 4643 2982 4696 illa
3036 4641 3421 4697 demonstratio
3465 4652 3694 4694 tuentem

2111 4734 2330 4803 virginis
2353 4731 2662 4796 excedebat,
2678 4733 2798 4788 audi
2816 4748 2922 4804 quo
2945 4745 3097 4800 pacto
3120 4735 3184 4788 ad
3205 4734 3484 4786 lmmiliora
3503 4749 3700 4787 ser-rno-

2111 4843 2234 4881 nem
2255 4827 2541 4882 demittcns
2569 4843 2663 4896 per
2687 4843 2773 4881 res
2798 4827 3062 4896 subjectas
3087 4827 3332 4880 sensibus
3370 4825 3515 4880 illam
3547 4823 3699 4892 quasi

2115 4933 2274 4972 u.auu
2334 4917 2511 4972 ducat.
2559 4917 2694 4972 Ecce
2745 4918 2922 4979 enim,
2965 4917 3170 4985 inquit,
3213 4914 3441 4970 Elisabet
3484 4924 3702 4986 cognata

2114 5019 2224 5074 tua,
2253 5019 2300 5063 et
2323 5009 2438 5079 ipsa
2458 5011 2687 5076 concepit
2711 5009 2872 5077 ﬁlium
2893 5009 2945 5062 in
2965 5018 3217 5063 senectute
3237 5025 3329 5061 sua
3354 5023 3372 5061 :
3394 5016 3441 5059 et
3471 5008 3552 5059 hic
3575 5022 3704 5057 men-

2115 5104 2184 5157 sis
2229 5111 2397 5156 sextus
2435 5110 2509 5154 est
2555 5100 2666 5162 illi,
2703 5116 2818 5169 qua
2858 5110 3064 5154 rocatur
3107 5099 3292 5152 sterilis
3320 5097 3468 5165 (Luc.
3505 5098 3556 5149 i.
3588 5095 3698 5161 56).

2119 5195 2280 5249 \ides
2325 5195 2560 5250 sterilem
2599 5210 2722 5250 esse
2767 5204 2982 5264 propter
3017 5192 3316 5262 virginem?
3345 5190 3476 5244 Nam
3507 5187 3704 5256 alioqui

2118 5301 2215 5340 cur
2244 5286 2317 5340 illi
2346 5287 2561 5354 protulit
2579 5286 2629 5338 in
2653 5286 2886 5339 medium
2911 5293 3150 5354 cognata:
3172 5281 3419 5350 partum?
3446 5294 3605 5346 quam
3635 5277 3706 5328 ob

2117 5383 2333 5433 causam
2363 5379 2497 5431 dixit
2524 5393 2539 5430 :
2571 5376 2633 5430 In
2651 5386 2905 5429 senectute
2931 5375 3064 5428 sua?
3083 5389 3181 5426 cur
3206 5373 3470 5439 adjunxit.
3506 5371 3566 5422 lfi
3595 5382 3707 5439 qua

2120 5481 2328 5525 uocatur
2347 5470 2532 5524 sterilis
2549 5470 2574 5522 ἵ
2595 5468 2740 5523 lllatn
2773 5469 3022 5522 nimirum
3073 5466 3155 5520 bis
3179 5465 3428 5518 omnibus
3454 5461 3520 5516 ad
3551 5462 3707 5513 iidem

2121 5561 2512 5617 aunuutiationi
2552 5560 2846 5615 habendam
2884 5558 3156 5614 incitabat.
3186 5557 3472 5626 Propterea
3499 5564 3555 5608 et
3579 5559 3708 5604 a-ta-

2123 5666 2229 5712 tem
2276 5665 2328 5710 et
2373 5666 2575 5710 natura:
2629 5654 3044 5710 imbecillitatem
3101 5649 3334 5706 narravit
3376 5664 3390 5701 :
3429 5657 3707 5717 propterea

2125 5762 2335 5817 quoque
2357 5763 2384 5800 a
2414 5746 2497 5801 die
2526 5745 2890 5816 conceptiouis
2913 5743 3148 5814 elapsum
3187 5751 3397 5810 tempus
3426 5751 3697 5806 exs-pecta-
