4060 6260
434 272 533 331 861

435 386 647 443 καὶτὸν
681 389 871 462 χρόνον
902 389 1157 464 ἀνέμεινε
1189 391 1281 446 τὸν
1305 391 1413 447 ἀπὸ
1439 391 1541 462 τῆς
1573 390 1905 462 συλλήψεως·
1940 389 2001 442 οὐ

433 478 545 551 γάρ
572 481 635 534 ἐκ
659 483 958 554 προοιμίων
1003 484 1143 556 αὐτῇ
1188 484 1392 549 εὐθέως
1437 485 1847 558 εὐηγγελίσατο,
1890 483 2006 538 ἀλλ’

434 570 716 641 ἀνέμεινεν
772 574 1122 646 ἑξαμηνιαῖον
1162 575 1352 646 χρόνον
1400 578 1468 649 τῇ
1501 576 1691 649 στείρᾳ
1731 575 2004 645 γενέσθαι·

435 660 521 714 ἴνα
550 664 578 715 ὁ
603 662 702 733 τῆς
730 666 965 737 γαστρὸς
1013 667 1179 736 δγκος
1214 666 1403 723 λοιπὸν
1432 667 1532 740 τὴν
1581 668 1778 741 κύησιν
1806 667 2008 738 ἐγγυή-

437 769 616 822 σηται,
646 755 741 809 καί
791 758 1278 831 ἀναμφισϐήτητος
1322 759 1597 828 ἀπόδειξις
1634 760 1862 832 γένηται
1908 758 2008 828 τῆς

386 908 393 911 _
436 839 585 916 [531]
615 846 944 919 συλλήψεως.
975 850 1085 902 Καὶ
1105 848 1204 904 θέα
1232 867 1321 921 μοι
1340 849 1501 904 πάλιν
1530 851 1630 923 τὴν
1656 849 1875 904 σύνεσιν
1910 848 2007 903 τοῦ

435 934 692 1007 Γαϐριὴλ.
725 938 861 993 Οὐδέ
922 938 1031 1012 γάρ
1064 940 1367 1013 ἀνέμνησεν
1419 942 1591 1012 αὐτῆς
1617 942 1716 1013 τῆς
1763 943 2005 1014 Σάρῥας,

432 1025 554 1077 οὐδὲ
596 1026 696 1097 τῆς
753 1027 1068 1094 Ῥεϐέκκας,
1106 1031 1227 1085 οὐδέ
1263 1032 1364 1102 τῆς
1403 1031 1620 1103 Ῥαχὴλ’
1681 1031 1859 1086 καίτοι
1912 1031 2010 1086 καὶ

433 1105 594 1166 αῦτκι
623 1117 840 1188 στεῖραι
860 1112 1021 1188 ἦσαν,
1039 1119 1135 1172 καί
1163 1113 1320 1174 αὗται
1350 1123 1731 1190 γεγηρακυῖαι,
1758 1122 1854 1176 καὶ
1875 1122 2008 1177 θαῦ-

435 1221 515 1274 μα
535 1205 595 1258 τὸ
616 1206 901 1278 γινόμενον
924 1205 1016 1281 ἦν·
1042 1210 1179 1265 ἀλλά
1224 1210 1428 1265 παλαιὰ
1462 1211 1531 1265 τά
1570 1212 1883 1285 διηγήματα
1916 1212 2007 1285 ἦν.

432 1294 557 1348 Τῶν
585 1296 642 1348 δὲ
670 1296 913 1369 ἀρχαίων
951 1300 1018 1353 τά
1059 1299 1156 1354 νέα
1188 1301 1283 1355 καὶ
1317 1303 1604 1374 πρόσφατα
1625 1305 1718 1358 καὶ
1741 1306 1882 1360 κατά
1909 1307 2008 1379 τὴν

431 1384 630 1453 γενεάν
674 1388 1037 1458 συμϐαίνοντα
1065 1390 1163 1462 τὴν
1195 1392 1472 1465 ἡμετέραν
1504 1394 1704 1465 μᾶλλον
1733 1398 1883 1467 ἡμᾶς
1926 1399 2007 1463 εἰς

430 1474 618 1529 πίστιν
649 1478 757 1531 τῶν
795 1478 1088 1550 θαυμάτων
1120 1480 1334 1550 ἐνάγειν
1364 1482 1540 1537 εἴωθε.
1577 1485 1675 1539 Διά
1690 1485 1845 1541 τοῦτο
1861 1488 2006 1541 ἐκεί-

428 1584 532 1630 νας
565 1568 752 1637 ἀφεὶς,
787 1569 883 1623 ἀπ’
921 1570 1092 1642 αὐτῆς
1136 1572 1388 1642 ἐννοῆσαι
1424 1575 1524 1645 τῆς
1553 1577 1865 1646 συγγενίδος
1908 1579 2008 1649 τῆς

441 1657 731 1713 Ἐλισάϐετ
767 1660 829 1714 τὸ
862 1660 949 1714 ἐπ’
977 1662 1114 1734 αὐτῇ
1149 1663 1534 1735 προεϐάλλετο,
1569 1666 1711 1721 ῶστε
1739 1669 1835 1723 ἀπ’
1864 1670 2007 1723 ἐκεί-

424 1765 529 1820 νης
558 1749 694 1821 πρὸς
720 1751 811 1804 τὸν
835 1753 1034 1806 οἰκεῖον
1078 1754 1247 1824 αὐτὴν
1273 1754 1431 1811 τόκον
1455 1758 1744 1826 ἑναγαγεῖν
1771 1758 1862 1813 τὸν
1892 1777 2009 1832 φρι-

431 1838 770 1893 κωδέστατον
804 1840 1010 1894 ἐκεῖνον
1057 1841 1152 1896 καὶ
1189 1843 1538 1913 σεμνότατον.
1568 1844 1749 1911 Μέσος
1778 1846 1888 1917 γάρ
1910 1846 2006 1899 τοῦ

426 1948 490 1986 τε
523 1931 796 2003 ἡμετέρου
825 1932 921 1986 καὶ
950 1931 1045 1987 τοῦ
1076 1932 1396 1988 δεσποτικοῦ
1435 1936 1464 1989 ό
1497 1934 1653 1999 τόκος
1685 1936 1715 1988 ὁ
1739 1936 1840 2008 τῆς
1868 1937 2009 1992 στεί-

427 2041 533 2099 ρας
559 2020 649 2098 ῆν,
704 2026 943 2081 ἐλάττων
971 2027 1073 2098 μὲν
1100 2028 1195 2082 τοῦ
1223 2028 1323 2099 τῆς
1360 2028 1660 2101 Παρθένου,
1711 2031 1914 2101 μείζων
1950 2031 2007 2086 δὲ

426 2116 523 2170 τοῦ
555 2117 845 2190 ἡμετέρου.
881 2119 980 2173 Διά
1010 2118 1189 2182 τοῦτο,
1227 2120 1416 2192 ῶσπερ
1443 2121 1534 2175 διά
1563 2138 1708 2186 τινος
1738 2123 2004 2194 γεφύρας,

427 2208 607 2278 μέσης
642 2210 744 2280 τῆς
787 2210 1090 2275 Ἐλισάϐετ,
1128 2211 1237 2264 ἀπὸ
1274 2210 1383 2264 τῶν
1416 2212 1560 2266 κατά
1603 2215 1764 2282 φύσιν
1801 2213 2006 2268 ὠδίνων

425 2300 523 2353 ἐπὶ
539 2300 663 2365 τούς
684 2302 824 2377 ὑπὲρ
841 2301 1001 2371 φύσιν
1018 2302 1209 2371 ἀνάγει
1224 2304 1319 2373 τῆς
1342 2302 1615 2375 Παρθένου
1633 2306 1730 2376 τὴν
1748 2305 2003 2360 διάνοιαν.

502 2390 570 2444 θ’.
614 2391 947 2463 Ἐϐουλόμην
972 2393 1192 2447 πλείονα
1219 2395 1413 2458 εἰπεῖν,
1451 2395 1544 2447 καὶ
1568 2396 1786 2468 ἐτέρους
1815 2396 2007 2464 λόγους

429 2482 577 2550 ὑμᾶς
605 2482 835 2549 διδάξαι,
868 2484 936 2536 δι’
966 2483 1061 2547 οὒς
1106 2487 1294 2556 στεῖρα
1322 2485 1355 2555 ἡ
1393 2485 1657 2539 Ῥεϐέκκα
1694 2487 1788 2540 καὶ
1813 2489 1847 2557 ἡ
1893 2487 2009 2539 Ῥα-

428 2571 534 2643 χὴλ
563 2567 650 2644 ἦν·
697 2573 811 2625 ἀλλ’
857 2573 886 2625 ὁ
925 2573 1116 2645 καιρὸς
1158 2574 1259 2627 οὐκ
1300 2574 1494 2645 ἀφίησι
1541 2576 1882 2644 κατεπείγων
1915 2575 2009 2629 τὸν

426 2663 588 2732 λόγον
623 2663 762 2734 πρὸς
794 2662 892 2735 τὴν
923 2664 1023 2734 τῆς
1061 2663 1229 2734 εὐχῆς
1257 2663 1507 2735 δύναμιν.
1559 2663 1657 2717 Διά
1703 2664 1812 2736 γὰρ
1850 2665 2009 2719 τοῦτο

430 2754 724 2810 καὶταῦτα
759 2754 938 2809 πάντα
965 2755 1321 2826 ἐκινήσαμεν,
1359 2755 1445 2810 ἵνα
1488 2752 1716 2826 μάθητε,
1749 2756 1868 2820 πῶς
1910 2755 2009 2829 τὴν

432 2848 720 2922 στείρωσιν
772 2849 874 2920 τῆς
909 2848 1167 2917 γυναικὸς
1217 2848 1373 2901 ἔλυσε
1402 2848 1494 2901 τοῦ
1552 2847 1735 2902 Ἰσαὰκ
1769 2850 1803 2920 ἡ
1850 2848 2005 2921 εὐχὴν

430 2940 528 2996 καὶ
554 2941 687 3012 εὐχὴ
732 2940 984 2996 τοσούτου
1013 2941 1227 3013 χρόνου.
1286 2939 1536 3004 Ἐδέετο,
1577 2940 1764 3009 φησὶν,
1801 2940 2009 2994 Ἰσαὰκ

430 3034 564 3103 ,περί
597 3032 912 3099 Ῥεϐέκκας
945 3031 1053 3103 τῆς
1078 3030 1362 3103 γυναικὸς
1388 3031 1595 3098 αὐτοῦ,
1625 3032 1725 3085 καί
1755 3031 2011 3099 ἐπήκου-

430 3140 545 3178 σεν
569 3124 756 3178 αὐτοῦ
782 3127 816 3178 d
844 3125 1005 3189 Θεός.
1033 3121 1125 3193 Μὴ
1150 3122 1260 3192 γὰρ
1292 3121 1523 3193 νομίσῃς
1557 3121 1639 3175 ὅτι
1672 3120 1898 3175 ἐκάλεσε
1916 3122 2009 3175 τὸν

432 3211 585 3275 Θεὸν,
615 3212 711 3266 καὶ
745 3212 945 3274 εὐθέως
978 3209 1332 3281 εἰσηκούσθη·
1387 3208 1556 3262 πολὺν
1611 3208 1719 3280 γάρ
1762 3209 2008 3263 ἀνάλωσε

340 3329 346 3335 -
431 3302 625 3374 χρόνον
670 3302 923 3373 δεόμενος
966 3300 1061 3357 τοῦ
1094 3300 1251 3354 Θεοῦ.
1291 3300 1402 3353 Καὶ
1439 3302 1490 3353 εἰ
1530 3298 1783 3370 βούλεσθε
1819 3301 2009 3370 μαθεῖν

432 3395 619 3456 πόσον,
657 3392 767 3463 ἐγὼ
799 3395 926 3464 ὑμῖν
956 3394 1050 3447 καὶ
1079 3393 1237 3445 τοῦτο
1282 3392 1421 3463 μετά
1451 3392 1738 3463 ἀκριϐείας
1765 3392 1895 3463 ἐρῶ.
1930 3393 2012 3445 Εἴ-

432 3504 554 3541 κοσι
588 3485 726 3539 ἑτῶν
754 3484 985 3557 ἀριθμὸν
998 3484 1244 3538 ἀνάλωσε
1267 3481 1523 3553 δεόμενος
1553 3481 1648 3537 τοῦ
1668 3482 2009 3537 Θεοῦ.[Ιόθεν

430 3577 589 3632 τοῦτο
617 3577 808 3646 δῆλον;
852 3577 947 3629 Ἐκ
984 3577 1084 3646 τῆς
1111 3573 1430 3638 ἀκολουθίας
1471 3573 1658 3644 αὐτῆς.
1701 3573 2005 3645 Βουλομένη

432 3667 542 3738 γάρ
570 3667 604 3738 ἡ
634 3665 822 3736 Γραφὴ
845 3666 944 3736 τὴν
965 3666 1149 3720 πίστιν
1178 3665 1274 3719 καὶ
1310 3665 1409 3736 τὴν
1443 3664 1722 3736 ὑπομονὴν
1759 3666 1855 3718 καὶ
1911 3663 2008 3736 τὴν

434 3757 753 3828 φιλοσοφίαν
791 3756 960 3823 δεῖξαι
1013 3756 1108 3810 τοῦ
1141 3755 1376 3820 δικαίου,
1418 3756 1540 3810 οὐδέ
1564 3756 1656 3810 τὸν
1681 3756 1871 3828 χρόνον
1896 3756 2006 3810 ἀπ-

431 3849 763 3920 εσιώπησεν,
788 3850 927 3906 ἀλλά
956 3850 1050 3904 καὶ
1075 3849 1239 3904 αὐτὸν
1267 3849 1424 3919 δῆλον
1453 3850 1584 3920 ἡμῖν
1608 3849 1853 3920 ἐποίησε,
1879 3849 2008 3904 λαν-

434 3943 702 4005 θανόντως
736 3942 855 4013 μὲν,
908 3940 1051 3995 ὥστε
1079 3941 1341 4010 διεγεῖραι
1377 3940 1538 4011 ἡμῶν
1563 3940 1662 4012 τὴν
1711 3941 2007 4012 ῥαθυμίαν,

433 4034 573 4105 πλὴν
595 4033 709 4088 ἀλλ’
738 4034 839 4088 οὐκ
860 4032 1073 4103 ἀφῆκεν
1087 4028 1226 4086 εἶναι
1247 4032 1449 4101 ἀφανῆ.
1471 4032 1735 4083 ’Ἄκουσον
1750 4031 1881 4098 γοῦν
1892 4030 2010 4093 πῶς

432 4127 803 4189 λανθανόντως
831 4127 962 4195 ἡμῖν
988 4125 1079 4177 τὸν
1107 4123 1299 4193 χρόνον
1325 4122 1613 4191 ἐδήλωσεν.
1630 4121 1826 4174 Ἰσαὰκ
1849 4120 1917 4174 δὲ
1932 4118 2010 4192 ἦν

431 4216 586 4271 ἐτῶν
612 4214 1088 4282 τεσσαράκοντα,
1117 4212 1303 4281 φησὶν,
1327 4210 1427 4265 ὅτε
1452 4212 1631 4265 ἔλαϐε
1649 4211 1765 4279 τὴν
1787 4211 2010 4266 Ῥεϐέκ-

435 4323 554 4360 καν
592 4304 885 4373 θυγατέρα
915 4303 1196 4369 Βαθουὴλ
1239 4301 1347 4356 τοῦ
1375 4301 1594 4371 Σύρου.
1631 4300 2013 4371 Ἐμαθεςοπό-

438 4416 546 4452 σων
571 4396 706 4452 ἐτῶν
736 4393 824 4468 ἦν,
875 4396 963 4448 ὅτε
996 4392 1095 4466 τὴν
1132 4395 1364 4463 γυναῖκα
1415 4393 1685 4463 ἡγάγετος
1731 4392 2012 4464 Τεσσαρά·

436 4504 602 4544 κοντα
648 4486 806 4550 ἐτῶν,
864 4485 1050 4555 φησὶν,
1084 4480 1152 4555 ἦν
1197 4484 1287 4537 ὅτε
1332 4482 1493 4537 ἔλαϐε
1538 4481 1637 4553 τὴν
1697 4482 2010 4539 Ῥεϐέκκαν.

448 4580 586 4633 Ἀλλ’
640 4577 826 4649 ἐπειδὴ
857 4575 1134 4647 ἐμάθομεν
1183 4575 1364 4628 πόσων
1396 4571 1532 4626 ἐτῶν
1578 4571 1653 4626 ὣν
1703 4572 1877 4645 ἔγημε
1909 4575 2010 4647 τὴν

435 4672 693 4739 γυναῖκα,
733 4669 991 4739 μάθωμεν
1038 4667 1135 4720 καὶ
1184 4665 1315 4719 πότε
1343 4665 1560 4734 ἐγένετο
1590 4664 1775 4718 λοιπὸν
1804 4664 2008 4736 πατὴρ,

436 4763 533 4817 καὶ
570 4760 749 4813 πόσων
792 4758 928 4813 ἐτῶν
964 4753 1033 4830 ἦν
1077 4757 1222 4821 τότε,
1248 4758 1336 4812 ὅτε
1363 4756 1618 4826 ἐγέννησε
1660 4755 1750 4810 τὸν
1793 4754 2007 4810 Ἰακώϐ·

436 4853 533 4908 καὶ
560 4847 902 4919 δυνησόμεθα
945 4847 1074 4901 ἰδεῖν
1107 4847 1274 4901 πόσον
1323 4845 1507 4917 ἔμεινε
1541 4845 1730 4917 χρόνον
1756 4847 1943 4917 στεῖρα
1976 4848 2008 4915 ἡ

435 4941 599 5013 γυνὴ,
637 4940 731 4995 καὶ
773 4941 856 4994 ὅτι
906 4936 1097 4992 τοῦτον
1136 4937 1351 4992 ἅπαντα
1395 4936 1572 4991 ἐδέετο
1616 4935 1710 4989 τοῦ
1749 4934 1884 4989 Θεοῦ
1920 4937 2010 4990 τὸν

435 5032 649 5106 χρόνον.
680 5031 868 5084 Ιῐόσων
884 5024 979 5083 οῦν
1007 5027 1148 5081 ἐτῶν
1176 5023 1266 5097 ῆν,
1295 5029 1382 5081 ὅτε
1408 5027 1664 5097 ἐγέννησε
1679 5026 1770 5080 τὸν
1784 5025 2008 5094 ’1ακὼϐ;

446 5118 724 5188 Ἑξῆλθε,
770 5118 956 5188 φησὶν,
1019 5116 1230 5171 Ἰακὼϐ
1256 5115 1687 5185 ἐπειλημμένος
1727 5115 1802 5184 τῆ
1842 5116 2012 5185 δεξιᾶ

433 5211 544 5281 τῆς
576 5210 839 5277 πτέρνης
889 5209 995 5264 τοῦ
1023 5207 1288 5277 ἀδελφοῦ
1316 5207 1524 5262 αὑτοῦ·
1547 5206 1648 5260 διὰ
1679 5206 1854 5261 τοῦτο
1875 5207 2011 5261 ἐκά-

432 5308 622 5358 λεσεν
653 5300 843 5357 αὑτὸν
875 5299 1093 5365 Ἰακὼϐ,
1113 5298 1348 5353 ἐκεῖνον
1377 5296 1445 5351 δὲ
1481 5297 1683 5353 Ἡσαῦ.
1720 5299 1922 5355 Ἰσαὰκ
1943 5299 2012 5353 δὲ

435 5389 512 5458 ἦν
537 5391 688 5445 ἐτῶν
716 5389 1031 5457 ἐξήκοντα,
1056 5388 1154 5442 ὅτε
1175 5387 1507 5457 ἐγέννησεν
1541 5388 1782 5455 αὐτούς.
1811 5388 1873 5442 Εἰ
1899 5388 2011 5440 τοί-

426 5500 549 5553 ¹νυν,
584 5483 672 5537 ὅτε
698 5482 797 5554 μὲν
827 5482 1064 5551 ἡγιάγετο
1096 5480 1195 5553 τὴν
1249 5479 1564 5545 Ῥεϐέκκαν,
1604 5479 2011 5555 τεσσαράκοντα

469 5571 574 5623 τῶν
602 5567 691 5642 ῆν,
727 5573 817 5626 ὅτε
845 5573 902 5626 δὲ
950 5571 1211 5643 ἐγέννησε
1242 5570 1370 5635 τοὺς
1410 5570 1581 5633 υἱοὺς,
1613 5566 1899 5641 ἑξήκοντα,
1923 5568 2013 5623 εὐ-

438 5661 595 5734 δηλον
614 5664 696 5717 ὅτι
729 5665 933 5720 εἴκοσιν
963 5665 1059 5737 ἔτη
1089 5662 1292 5735 μεταξύ
1338 5663 1524 5735 στεῖρα
1554 5661 1766 5733 ἔμεινεν
1794 5662 1831 5741 ἡ
1848 5663 2007 5736 γυνὴ,

1093 295 1156 350 s.
1197 265 1483 353 manans
1518 289 2000 353 cnnvsosmm

2109 290 2363 350 iClllEP.
2398 291 2952 351 CONSTANTIXOP.

2106 391 2202 443 καὶ
2249 388 2436 444 τοῦτον
2478 388 2695 444 ἃπαντα
2736 389 2827 445 τὸν
2867 388 3059 462 χρόνον
3107 388 3289 446 ἐδέετο
3331 388 3431 446 τοῦ
3471 389 3607 446 Θεοῦ
3643 396 3675 449 δ

2116 481 2154 535 ’1
2164 481 2326 539 σαάκ.

2174 571 2327 644 [552]
2350 578 2400 626 ι’.
2426 569 2560 627 Εἶτα
2579 573 2680 628 οὐκ
2702 572 3090 644 αἰσχυνόμεθα,
3114 573 3237 627 οὐδέ
3261 572 3677 646 ἐγκαλυπτόμε-

2108 661 2195 724 θα,
2211 663 2304 716 τὸν
2319 663 2420 734 μὲν
2435 664 2645 719 δίκαιον
2668 664 2902 736 δρῶντες
2935 663 3140 719 εἴκοσιν
3170 663 3266 735 ιτη
3292 664 3679 737 παραμένοντα

2106 747 2202 802 καὶ
2225 750 2329 803 οὐκ
2355 750 2754 820 ἀφιστάμενον·
2785 752 2945 822 ἡμεῖς
2973 751 3029 804 δὲ
3063 752 3129 805 ἐκ
3159 750 3382 822 πρώτης
3411 754 3678 822 αἰτήσεως

2107 840 2141 910 ἦ
2182 840 2438 912 δευτέρας
2483 842 2746 906 πολλάκις
2778 842 3215 913 ἀπαγορεύοντες
3252 842 3347 896 καί
3396 843 3680 915 δυσχεραί-

2107 947 2325 996 νοντες;
2355 930 2546 984 Καίτοι
2571 933 2600 984 ό
2633 930 2731 1002 μὲν
2758 930 2959 1001 πολλὴν
2991 932 3127 1002 πρὸς
3151 932 3242 985 τὸν
3274 931 3407 985 Θεὸν
3436 928 3552 1004 εἶχε
3577 933 3679 1004 τὴν

2109 1022 2433 1093 παρῥησίατ.
2473 1024 2570 1078 καὶ
2590 1023 2739 1094 ὅμως
2765 1022 2866 1077 οὐκ
2894 1022 3235 1094 ἐδυσχέραινε
3266 1022 3401 1095 πρὸς
3420 1024 3520 1095 τὴν
3544 1024 3679 1077 ἀνα-

2109 1110 2271 1183 ϐολὴν
2303 1112 2400 1183 τῆς
2431 1112 2664 1179 δόσεως,
2692 1114 2810 1168 ἀλλ’
2857 1112 3018 1183 εμενε
3057 1107 3341 1185 καρτερῶν
3363 1130 3378 1144 ο
3428 1116 3591 1184 ἡμεῖς
3620 1115 3682 1167 δὲ

2111 1202 2326 1275 μυρίων
2360 1204 2778 1276 ἁμαρτημάτων
2814 1202 3100 1276 γέμοντες,
3148 1203 3370 1276 πονηρῷ
3415 1205 3682 1259 συνειδότι

2110 1295 2415 1361 συζῶντες,
2440 1296 2697 1367 οὐδεμίαν
2732 1294 2943 1350 εὔνοιαν
2974 1295 3103 1367 περὶ
3138 1296 3230 1349 τὸν
3256 1297 3533 1367 Δεσπότην
3563 1298 3683 1350 ἑπι-

2105 1383 2471 1456 δεικνύμενοι,
2500 1385 2568 1439 ἂν
2590 1385 2686 1457 μὴ,
2712 1386 2841 1457 πρὶν
2864 1386 2897 1458 ἡ
2922 1386 3276 1456 φθέγξασθαι.
3299 1387 3676 1457 ἀκουσθῶμεν,

2106 1472 2362 1545 ἀλύομεν,
2384 1473 2880 1544 ἀποδυσπετοῦμεν,
2903 1474 3249 1544 ἀφιστάμεθα
3271 1475 3369 1545 τῆς
3391 1477 3675 1546 αἰτήσεως·

2110 1564 2203 1619 διὰ
2224 1565 2382 1619 τοῦτο
2405 1568 2589 1630 κεναῖς
2611 1565 2698 1619 ἀεὶ
2725 1566 3114 1638 ἀναχωροῦμεν
3137 1567 3313 1638 χερσί.
3348 1568 3442 1631 Τίς
3476 1567 3683 1622 είκοσιν

2108 1658 2203 1729 ἔτη
2240 1658 2380 1731 ὐπέρ
2409 1657 2529 1722 ἑνὸς
2554 1658 2882 1731 πράγματος
2908 1659 3247 1730 παρεκάλεσε
3273 1660 3365 1713 τὸν
3396 1660 3550 1723 Θεὸν,
3579 1678 3676 1714 κα-

2112 1750 2290 1823 θάπερ
2319 1744 2473 1816 οὗτος
2504 1751 2533 1804 ό
2562 1750 2799 1817 δίκαιοςς
2837 1751 3038 1822 μᾶλλον
3090 1750 3148 1805 δὲ
3178 1751 3262 1815 τίς
3305 1751 3477 1804 εἴκοσι
3505 1752 3684 1825 μῆνας

2113 1842 2307 1912 μόνους
2326 1858 2348 1910 ;

2180 1942 2322 2007 Χθὲς
2349 1942 2447 2014 μὲν
2475 1937 2569 1996 οῦν
2607 1941 2813 2011 ελεγον,
2840 1941 2924 1996 ὅτι
2961 1941 3147 1997 πολλοί
3174 1945 3313 1998 εἰσιν
3340 1943 3390 1998 οἰ
3420 1941 3561 2014 μετά
3585 1945 3683 2016 9g-

2111 2035 2307 2108 θυμίας
2321 2036 2622 2107 εὐχόμενοι,
2641 2035 2737 2090 καὶ
2759 2033 3132 2107 χασμὼμενοι,
3154 2036 3250 2090 καὶ
3270 2034 3679 2106 διατεινόμενα.

2109 2128 2205 2183 καὶ
2251 2127 2749 2198 μεταστρεφόμενοι
2796 2127 3059 2198 συνεχῶς,
3092 2128 3187 2181 καὶ
3219 2126 3480 2198 ὀλιγωρίᾳ
3530 2127 3683 2200 πάσῃ

2110 2218 2241 2291 περὶ
2282 2217 2383 2282 τάς
2410 2218 2575 2289 εὐχάς
2600 2218 2962 2290 κεχρημένοι·
3003 2219 3242 2289 σήμερον
3280 2217 3339 2271 δέ
3365 2221 3460 2270 καὶ
3490 2218 3683 2288 ἑτέραν

2110 2310 2316 2382 βλάϐην
2341 2302 2499 2382 εὖρον
2525 2312 2646 2374 ταῖς
2667 2309 2855 2381 εὐχαῖς
2889 2308 3331 2381 προσγινομένην
3363 2308 3683 2379 ὀλεθριωτί-

2113 2416 2213 2470 ραν
2237 2398 2471 2471 ἐκείνης.
2504 2398 2693 2452 Πολλοί
2712 2398 2821 2469 γάρ
2840 2401 3065 2469 πρηνεῖς
3093 2400 3320 2464 ἑαυτοὺς
3343 2399 3682 2470 ῥιπτοῦντες.

2111 2491 2206 2543 καὶ
2230 2489 2309 2559 τῷ
2336 2488 2573 2560 μετώπῳ
2593 2489 2825 2561 τῆν’γῆν
2870 2492 3184 2555 τύπτοντες,
3215 2491 3312 2544 καὶ
3342 2489 3522 2562 θερμά
3548 2505 3684 2560 προς

2109 2581 2324 2651 χέοντες
2365 2579 2598 2651 δάκρυα,
2643 2581 2738 2633 καί
2784 2580 2978 2653 πικρὸν
3016 2581 3261 2635 κάτωθεν
3309 2579 3680 2646 στενάζοντες,

2113 2670 2212 2724 καὶ
2239 2670 2336 2735 τὰς
2365 2672 2554 2743 χεῖρας
2586 2671 2941 2737 ἐκτείνοντες,
2964 2671 3059 2725 καὶ
3084 2671 3284 2744 πολλὴν
3311 2672 3547 2743 σπουδὴν
3569 2674 3686 2728 ἐπι·

2109 2760 2479 2832 δεικνύμενοι,
2518 2763 2584 2833 τῇ
2627 2760 2921 2833 θερμότητι
2963 2761 3139 2835 ταύτῃ
3176 2762 3271 2816 καὶ
3298 2765 3368 2834 τῇ
3403 2761 3685 2833 προθυμίᾳ

2111 2851 2253 2907 κατά
2320 2853 2421 2923 τῆς
2482 2852 2686 2918 οἰκείας
2738 2852 3033 2924 κέχρηνται
3088 2853 3383 2924 σωτηρίας.
3441 2853 3518 2908 Οὐ
3573 2852 3684 2924 γὰρ

2111 2943 2254 3015 ὑπὲρ
2304 2943 2412 2997 τῶν
2456 2943 2671 2998 οἰκείων
2714 2944 3124 3015 ἁμαρτημάτων
3174 2943 3549 3014 παρακαλοῦσι
3590 2943 3686 2997 τὸν

2110 3033 2261 3098 Θεὸν,
2297 3034 2417 3087 οὐδέ
2452 3032 2782 3106 συγγνώμην
2809 3033 3018 3087 αἰτοῦσι
3049 3033 3160 3088 τῶν
3189 3033 3687 3106 πλημμεληθέντων

2110 3121 2313 3184 αὐτοῖς,
2344 3119 2479 3174 ἀλλά
2501 3120 2599 3191 τὴν
2634 3120 2868 3190 σπουδὴν
2911 3120 3115 3193 ταύτην
3149 3122 3292 3177 κατά
3322 3121 3430 3176 τῶν
3470 3121 3686 3193 ἐχθρῶν

2109 3212 2348 3265 κινοῦσιν
2376 3211 2615 3278 ἃπασαν,
2643 3211 2839 3267 ταύτὸν
2871 3212 3190 3279 ποιοῦντες,
3219 3212 3411 3284 ὥσπερ
3433 3212 3499 3267 ἂν
3526 3215 3579 3267 εί
3599 3231 3687 3276 τις

2107 3302 2168 3355 τὸ
2213 3302 2364 3372 ξίφος
2398 3303 2699 3374 ἀκονήσας,
2737 3302 2813 3374 μὴ
2863 3302 3002 3357 κατά
3040 3303 3148 3357 τῶν
3189 3302 3459 3375 πολεμίων
3501 3303 3688 3376 χρῷτο

2108 3392 2190 3463 τῷ
2225 3394 2395 3463 οπλῳ,
2436 3392 2573 3447 ἀλλά
2617 3392 2705 3446 διὰ
2747 3393 2843 3463 τῆς
2877 3392 3084 3457 οἰκείας
3133 3392 3265 3447 αὐτὸ
3309 3391 3471 3463 δέρης
3520 3392 3685 3451 ὠθοί.

2110 3479 2266 3533 υῦτω
2308 3480 2402 3534 καὶ
2440 3474 2585 3534 οῦτοι
2622 3479 2721 3549 οὐχ
2749 3479 2892 3548 ὑπὲρ
2916 3479 3019 3549 τῆς
3048 3479 3294 3549 ἀφέσεως
3317 3478 3427 3532 τῶν
3464 3479 3686 3533 οἰκείων

2111 3567 2538 3639 ἁμαρτημάτων,
2574 3565 2712 3620 ἀλλά
2743 3565 2884 3619 κατά
2910 3565 3010 3635 τῆς
3032 3566 3302 3637 τιμωρίας
3329 3565 3440 3618 τῶν
3470 3564 3683 3637 ἐχθρῶν

2110 3657 2227 3719 ταῖς
2244 3655 2428 3725 εὐχαῖς
2452 3655 2766 3725 κέχρηνται·
2789 3655 2927 3726 ὅπερ
2954 3654 3069 3706 ἐστὶ
3091 3654 3211 3706 καθ’
3236 3652 3441 3706 ἑαυτῶν
3451 3653 3511 3706 τὸ
3533 3652 3685 3721 ξίφος

2109 3743 2287 3798 ὠθεῖν.
2333 3742 2625 3812 Ἐπενόησε
2656 3742 2712 3796 δέ
2752 3746 2847 3795 καί
2884 3742 3042 3794 τοῦτο
3073 3743 3102 3794 ό
3131 3740 3386 3811 πονηρὸς,
3413 3740 3502 3795 ἵνα
3546 3739 3685 3793 πάνθ

2107 3830 2261 3884 τοθεν
2303 3830 2530 3893 ἑαυτοὺς
2563 3827 2940 3898 ἀπολλύωμεν,
2992 3827 3086 3880 καὶ
3114 3827 3203 3881 διὰ
3236 3826 3543 3899 ῥᾳθυμίας,
3590 3828 3688 3880 καὶ

2108 3912 2199 3967 διὰ
2237 3911 2493 3981 σπουδῆς.
2527 3912 2591 3965 Οἰ
2633 3911 2731 3981 μὲν
2761 3909 2871 3981 γὰρ
2909 3911 2975 3980 τῇ
3007 3909 3136 3980 περὶ
3161 3907 3260 3972 τὰς
3294 3908 3459 3978 εὐχάς
3489 3908 3686 3976 ὀλιγω-

2114 3997 2204 4070 ρίᾳ
2235 3995 2592 4068 παροξύνουσι
2619 3994 2710 4048 τὸν
2731 3993 2885 4056 Θεὸν,
2912 3993 3011 4062 τὴν
3044 3991 3452 4063 καταφρόνησιν
3470 3991 3558 4046 διά
3584 3991 3688 4062 τῆς

2112 4079 2386 4152 ῥᾳθυμίας
2412 4075 2847 4147 ἐπιδεικνύμενοι
2870 4090 2884 4104 '
2919 4077 2968 4129 οἰ
3000 4074 3056 4128 δὲ
3085 4074 3274 4145 ἐπειδὴ
3308 4073 3543 4144 σπουδὴν
3566 4074 3691 4127 ἐπι-

2109 4161 2434 4223 δείκνυνται,
2460 4157 2560 4229 τὴν
2589 4157 2825 4229 σπουδὴν
2854 4156 3015 4211 πάλιν
3047 4157 3188 4210 κατά
3213 4157 3315 4226 τῆς
3341 4156 3546 4210 ἑαυτῶν
3568 4157 3689 4208 ἐπι-

2109 4243 2412 4296 δείκνυνται
2438 4240 2733 4312 σωτηρίας.
2771 4241 2830 4293 ’0
2856 4240 3023 4304 δεῖνα,
3056 4240 3209 4310 φησὶ,
3240 4239 3503 4311 ῥᾳθυμεῖ·
3530 4240 3690 4310 ἀρκεῖ

2114 4342 2204 4397 μοι
2242 4324 2381 4395 πρὸς
2405 4324 2466 4377 τὸ
2519 4324 2746 4395 μηδενὸς
2781 4323 2944 4379 αὐτὸν
2990 4325 3299 4393 ἐπιτυχεῖν·
3332 4317 3486 4385 οὗτος
3517 4338 3688 4375 σπου-

2109 4407 2258 4471 δαῖός
2290 4408 2407 4460 ἐστι
2439 4408 2534 4461 καὶ
2574 4406 3031 4478 διεγηγερμένος·
3079 4407 3132 4460 τί
3166 4401 3260 4461 οῦν
3305 4406 3391 4458 ῖνα
3421 4404 3685 4477 γένηταις

2112 4490 2188 4545 Οὐ
2214 4489 2453 4560 δύναμαι
2481 4487 2706 4542 ἐκλῦσαι
2731 4487 2829 4559 τὴν
2858 4487 3115 4559 σπουδὴν,
3146 4488 3268 4541 οὐδέ
3291 4488 3374 4550 εἰς
3394 4486 3688 4556 ὀλιγωρίαν

2111 4572 2367 4644 ἐμϐαλεῖν
2387 4589 2400 4603 ·
2439 4571 2643 4642 ἑτέρως
2680 4568 2847 4624 αὐτοῦ
2887 4569 3220 4641 περιοδεύσω
3260 4571 3361 4641 τὴν
3386 4568 3683 4623 ἀπώλειαν.

2112 4656 2277 4723 Πῶς;
2310 4656 2404 4718 Εἰς
2432 4653 2777 4724 παρανομίαν
2814 4655 2881 4723 τῇ
2923 4653 3126 4723 σπουδῇ
3157 4651 3469 4724 χρήσασθαι
3511 4668 3688 4723 παρα-

2114 4739 2364 4794 σκευάσω
2384 4750 2399 4766 ·
2422 4739 2485 4790 τὸ
2512 4736 2619 4809 γάρ
2648 4734 2790 4790 κατά
2814 4735 2925 4789 τῶν
2949 4736 3161 4807 ἐχθρῶν
3196 4734 3475 4807 εὔχεσθαι,
3506 4736 3687 4807 παρά-

2112 4822 2276 4893 νομόν
2324 4822 2491 4876 ἐστιν.
2553 4818 2938 4874 Ἀπελεύσεται
2985 4818 3166 4873 τοίνυν
3219 4820 3282 4873 οὐ
3321 4819 3483 4890 μόνον
3532 4819 3687 4872 οὐδὲν

2112 4904 2378 4977 κερδάνας
2417 4904 2527 4958 ἀπὸ
2566 4905 2666 4974 τῆς
2710 4903 2976 4974 σπουδῆς,
3007 4902 3143 4956 ἀλλά
3179 4903 3272 4958 καὶ
3318 4903 3543 4957 πλείονα
3585 4903 3689 4975 τὴν
3773 4927 3796 4945 ι

2116 4989 2318 5060 βλάϐην
2343 4986 2644 5058 ὑπομείνας
2669 4985 2769 5056 τῆς
2789 4985 2878 5039 διὰ
2910 4985 3200 5057 ῥᾳθυμίας.
3229 4985 3488 5040 Τοιαῦται
3510 4988 3571 5041 αἰ
3591 4985 3686 5040 τοῦ

2112 5070 2357 5128 διαϐόλου
2388 5068 2664 5140 μηχαναί·
2697 5068 2825 5131 τοὺς
2852 5067 2952 5133 μὲν
2977 5067 3067 5121 διὰ
3086 5067 3185 5138 τῆς
3220 5068 3528 5139 ῥᾳθυμίας,
3558 5069 3688 5132 τοὺς

2111 5154 2169 5208 δὲ
2214 5153 2281 5207 δι’
2314 5152 2483 5222 αὐτῆς
2513 5150 2777 5205 ἀπόλλυσι
2814 5150 2913 5221 τῆς
2959 5150 3223 5222 σπουδῆς,
3252 5151 3381 5205 ὅταν
3417 5150 3496 5223 μὴ
3542 5152 3687 5207 κατά

2111 5237 2308 5308 νόμους
2334 5233 2473 5306 αὐτη
2503 5233 2739 5303 γίνηται.

2186 5340 2273 5388 ια’.
2292 5330 2450 5386 Ἀλλά
2467 5330 2559 5384 καὶ
2579 5327 2755 5383 αὐτῶν
2783 5329 2932 5396 ἀξιον
2945 5329 3175 5383 ἀκοῦσαι
3189 5328 3297 5382 τῶν
3317 5330 3581 5402 ῥημάτων
3589 5331 3689 5403 τῆς

2111 5416 2299 5487 εὐχῆς,
2331 5414 2426 5470 καὶ
2469 5413 2588 5477 πῶς
2619 5412 2875 5482 παιδικῆς
2919 5413 3034 5465 ἐστι
3067 5412 3305 5477 διανοίας
3346 5413 3415 5468 τά
3447 5415 3684 5485 ῥήματα,

2112 5500 2231 5565 πῶς
2256 5497 2558 5571 νηπιῶδους
2583 5494 2786 5566 ψυχῆς.
2804 5493 3138 5566 Αἰσχύνομαι
3157 5494 3257 5566 μὲν
3275 5491 3368 5551 οῦν
3398 5497 3540 5551 αὐτά
3564 5496 3685 5567 μέλ-

2110 5583 2219 5638 λων
2247 5582 2416 5652 ἐρεῖν,
2445 5578 2584 5650 πλὴν
2615 5577 2829 5647 ἀνάγκη
2859 5577 3076 5641 πάντως
3098 5577 3275 5631 εἰπεῖν
3304 5578 3399 5632 καὶ
3434 5580 3684 5651 μιμήσα-

2104 5666 2239 5722 σθαι
2276 5665 2374 5737 τὴν
2405 5662 2727 5735 ἀπαίδευτον
2749 5659 2991 5733 γλῶτταν
3017 5660 3253 5735 ἐκείνην.
3287 5661 3420 5718 Τίνα
3446 5658 3541 5718 οῦν
3569 5665 3679 5717 ἐστι
