4060 6260
304 341 400 400 set
1557 331 1652 390 DE
1691 329 1830 389 NON
1867 322 2342 393 DESPERANDO.

307 457 400 510 vit.
424 453 538 509 Non
567 450 708 510 enim
738 469 764 506 a
797 452 1058 526 principio
1093 452 1270 509 Statim
1303 452 1376 507 illi
1407 449 1764 513 annuntiavit,
1791 443 1885 501 sed

305 561 358 600 ιιι
397 555 656 600 semestre
701 555 909 614 tempus
948 547 1113 600 sterili
1161 546 1482 610 elaberetur,
1513 545 1882 614 exspectavit:

305 647 362 690 ιιι
395 637 598 692 ventris
637 645 810 690 Iunior
849 637 1250 704 conceptionem
1288 636 1568 702 indicaret,
1595 644 1651 691 et
1679 645 1888 689 uterum

307 728 450 784 illam
479 737 686 796 gestare
726 727 974 782 dubitare
1017 727 1235 782 tninime
1279 736 1474 797 posset.
1507 729 1582 783 Ac
1609 727 1737 780 mihi
1767 743 1888 780 rur-

307 834 398 871 sus
437 819 768 881 prudentiam
799 819 1060 873 Gabrielis
1103 819 1404 874 considera.
1433 819 1618 888 Netpte
1643 819 1784 872 enim
1815 818 1888 872 illi

307 911 580 966 revocavit
609 911 660 964 in
693 912 1005 966 metnoriam
1049 914 1286 979 Sarram,
1311 928 1415 967 nec
1437 911 1756 975 Rehcccam,
1791 925 1891 964 nec

307 1001 620 1065 Raehelem,
634 1003 843 1056 tametsi
860 1003 1068 1058 steriles
1085 1003 1242 1056 etiam
1255 1013 1406 1057 erant
1421 1003 1555 1070 isne,
1574 1019 1635 1056 ac
1648 1012 1890 1056 senectu-

308 1105 360 1149 te
380 1096 658 1162 conl‘ecttc,
684 1112 856 1166 neque
882 1112 968 1150 res
995 1098 1212 1151 carebat
1237 1097 1494 1150 miraculo
1522 1115 1534 1150 :
1560 1095 1654 1150 sed
1684 1108 1890 1150 veteres

307 1197 462 1242 erant
493 1188 595 1241 illa:
624 1187 877 1242 hister-im.
902 1189 1068 1242 Porro
1094 1205 1210 1260 quae
1233 1205 1370 1243 nova
1401 1199 1526 1242 sunt
1551 1199 1605 1243 et
1629 1189 1885 1252 recentia,

306 1293 427 1347 quae
454 1288 631 1332 nostra
662 1288 816 1332 relate
841 1279 1168 1342 acciderunt,
1202 1279 1368 1334 multo
1413 1280 1580 1348 magis
1610 1295 1767 1349 quam
1795 1295 1884 1330 au-

310 1368 452 1436 liqua
487 1383 583 1420 nos
627 1369 802 1422 solent
840 1370 903 1423 ad
949 1370 1103 1423 fidem
1137 1369 1430 1424 habendam
1460 1371 1724 1425 miraculis
1757 1372 1889 1425 inci-

312 1475 446 1519 tare.
476 1465 643 1532 Quam
667 1463 735 1517 ob
758 1477 994 1526 causam,
1029 1461 1128 1515 illis
1161 1464 1549 1532 pra-termissis,
1584 1463 1887 1532 exemplum

312 1557 412 1626 ipsi
443 1566 682 1625 cognatae
735 1569 846 1608 sua:
894 1553 1128 1607 Elizabet
1174 1555 1524 1624 preponebat,
1558 1564 1700 1609 utex
1722 1555 1887 1621 eoid,

306 1649 449 1720 quod
481 1649 554 1704 illi
588 1660 904 1703 eventurum
946 1657 1082 1715 erat,
1119 1648 1456 1718 intelligeret,
1485 1656 1543 1702 ut
1567 1648 1709 1702 illius
1737 1659 1888 1718 partu

305 1743 373 1798 ad
398 1759 552 1799 suum
599 1744 746 1796 illum
791 1743 1018 1797 maxime
1065 1743 1402 1798 tremendum
1443 1754 1600 1813 atque
1629 1759 1890 1798 veneran-

306 1836 436 1889 dmu
465 1845 614 1888 certo
638 1834 962 1888 credemlmu
981 1834 1342 1888 induceretur.
1373 1835 1573 1888 Medius
1595 1835 1791 1904 quippe
1818 1835 1890 1888 in-

306 1937 388 1982 ter
413 1937 650 1982 nostrum
678 1937 732 1982 et
763 1928 968 1982 Domini
1001 1940 1207 1998 partum
1239 1929 1334 1982 fuit
1355 1929 1443 1983 ille
1469 1927 1662 1982 sterilis
1694 1928 1885 1982 mulie-

303 2020 398 2082 ris,
465 2020 638 2072 minor
702 2019 914 2088 quidem
975 2019 1230 2089 virgineo,
1299 2018 1392 2074 sed
1452 2017 1624 2088 major
1680 2026 1884 2072 nostro.

307 2111 591 2178 Propterea
621 2120 886 2180 tamquam
918 2127 1016 2182 per
1036 2111 1316 2180 quemdam
1349 2119 1562 2181 pontem
1593 2125 1690 2180 per
1714 2109 1886 2163 Eliza—

301 2201 416 2258 bet.
442 2217 561 2271 qua:
588 2201 760 2255 media
789 2211 938 2262 erat.
969 2216 1000 2255 a
1033 2204 1258 2256 naturali
1298 2213 1450 2271 partu
1493 2204 1559 2255 ad
1601 2201 1749 2256 illum
1799 2199 1887 2270 qui

304 2303 549 2346 naturam
582 2293 812 2356 excedit,
839 2293 1080 2347 subvehit
1105 2301 1336 2346 mentem
1369 2293 1602 2362 virginis.

376 2385 430 2439 9.
461 2385 596 2451 Quot
615 2401 774 2438 annos
793 2394 1020 2454 precatus
1036 2384 1098 2437 sit
1130 2382 1298 2438 Isaac.
1319 2414 1388 2423 —
1409 2383 1707 2438 Volui~sem
1735 2383 1886 2454 cqui-

297 2475 424 2530 dem
467 2477 616 2546 plura
654 2476 852 2539 dicere,
882 2490 1082 2542 voSqoe
1126 2477 1258 2531 alias
1297 2475 1492 2530 docere
1532 2477 1784 2544 rationes,
1819 2474 1889 2530 ob

296 2585 434 2639 quas
457 2569 654 2624 sterilis
681 2578 794 2623 erat
823 2568 1088 2632 Rebecca,
1125 2579 1176 2622 et
1208 2567 1406 2623 Rachel
1441 2567 1572 2622 :sed
1616 2583 1719 2622 neu
1761 2567 1888 2620 sinit.

298 2669 534 2728 tempus,
564 2659 703 2727 quod
731 2660 1025 2714 orationem
1056 2660 1193 2728 cogit
1227 2659 1291 2712 ad
1321 2659 1705 2714 ostendendam
1728 2660 1890 2714 virtu-

299 2760 410 2804 tem
436 2765 652 2820 precum
679 2750 946 2803 festinare.
970 2749 1170 2804 ideirco
1194 2765 1418 2819 namque
1444 2750 1510 2802 de
1539 2749 1618 2802 his
1642 2749 1886 2804 euntibus

300 2856 606 2894 sermonem
657 2840 998 2904 instituimus,
1043 2851 1096 2892 ut
1124 2841 1516 2908 intelligeretis,
1553 2854 1654 2908 qua
1683 2839 1888 2894 ratione

303 2946 489 3000 preces
521 2931 661 2984 Isaac
708 2931 1040 2984 sterilitatem
1089 2931 1270 2984 uxoris
1312 2929 1587 2994 solverint,
1617 2939 1670 2982 et
1702 2945 1888 3000 preces

305 3020 563 3089 temporis
610 3030 712 3074 tam
763 3022 1018 3074 diuturni.
1067 3021 1463 3091 Deprecabatar,
1516 3021 1705 3090 inquit,
1738 3019 1888 3075 Isaac

303 3130 398 3181 pro
409 3113 630 3166 Rebecca
658 3129 812 3166 uxore
835 3130 948 3180 sua,
981 3124 1025 3166 et
1052 3114 1302 3168 exaudivit
1324 3130 1436 3168 eum
1457 3113 1588 3168 Dens
1613 3112 1771 3184 (Gen.
1793 3113 1883 3168 25.

300 3205 416 3272 21).
448 3205 561 3258 Νι)ιί
592 3205 732 3260 enim
766 3215 951 3274 putare
984 3207 1146 3260 Deum
1178 3208 1322 3262 illaut
1356 3209 1652 3274 invocasse,
1679 3222 1744 3262 ac
1767 3216 1880 3262 sta-

301 3296 398 3350 tim
442 3295 746 3350 exanditum
775 3296 938 3352 fuisse
966 3316 976 3350 :
1001 3298 1221 3352 multum
1253 3300 1395 3352 enim
1441 3299 1693 3368 temporis
1716 3297 1884 3353 Deum

299 3388 508 3440 oramlo
535 3389 884 3457 consumpsit.
911 3390 986 3442 Ac
1011 3389 1274 3444 sidisccrc
1297 3389 1468 3444 velitis
1492 3400 1766 3458 quantum,
1787 3403 1886 3458 ego

301 3478 454 3533 vobis
490 3476 614 3530 illu-l
658 3487 843 3532 exacte
886 3476 1136 3530 narrabo.
1162 3477 1359 3546 Viginti
1393 3493 1653 3531 annormn
1695 3492 1884 3531 nume-

301 3585 418 3624 rum
454 3570 616 3624 Deum
668 3568 870 3623 orando
897 3569 1245 3640 consumpsit.
1271 3569 1421 3624 Unde
1458 3569 1508 3624 id
1536 3569 1780 3624 constat?
1809 3569 1884 3624 Ex

303 3665 416 3731 ipsa
439 3661 576 3715 serie
615 3659 952 3716 narrationis.
984 3660 1181 3716 Veiens
1219 3661 1360 3714 enim
1402 3660 1672 3731 Scriptura
1701 3659 1881 3725 tidem,

307 3744 610 3799 aatientiam
637 3753 688 3798 et
719 3739 1106 3814 phil050phiam
1130 3743 1257 3814 justi
1291 3744 1547 3811 iudicare,
1585 3761 1650 3798 ne
1675 3753 1882 3815 lt'lltptts

315 3839 515 3906 ,uidem
553 3837 714 3902 siluit,
739 3837 832 3892 sed
878 3847 931 3893 et
965 3839 1135 3910 ipsum
1185 3839 1500 3906 declaravit,
1538 3841 1660 3895 licet
1686 3841 1884 3896 subob-

313 3948 479 3998 -cure,
525 3942 580 3986 ut
621 3933 994 4002 negligentiam
1037 3943 1274 3988 nostram
1319 3934 1610 4000 excitaret;
1647 3943 1881 3988 attamen

325 4034 536 4090 motum
564 4037 684 4078 esse
724 4040 828 4078 non
857 4024 1000 4078 sivit.
1033 4023 1166 4078 Audi
1198 4039 1346 4096 ergo,
1378 4039 1483 4094 quo
1512 4033 1666 4094 pacto
1693 4024 1882 4080 subob-

327 4128 458 4167 eurc
486 4111 637 4166 nobis
666 4121 871 4182 tempus
915 4113 1176 4167 indicarit.
1206 4111 1359 4166 Isaac
1396 4123 1562 4167 autem
1617 4124 1724 4167 erat
1755 4130 1884 4184 qna—

297 4203 537 4274 draginta
590 4220 859 4267 annorum,
894 4203 1094 4273 inquit,
1123 4204 1326 4274 quando
1372 4205 1564 4274 accepit
1607 4203 1882 4259 Rebeccam

297 4295 460 4350 ﬁliam
501 4291 720 4348 Balline!
765 4293 886 4365 Syri
923 4293 1072 4366 (Gen.
1103 4295 1192 4348 25.
1222 4293 1335 4366 ‘20).
1369 4295 1604 4350 Didii-isti
1633 4303 1762 4365 quot
1789 4311 1884 4349 au-

295 4401 492 4441 norum
530 4396 668 4441 esset
697 4387 910 4456 quando
938 4387 1086 4438 duxit
1117 4385 1377 4438 uxorem?
1402 4385 1760 4456 Quadraginta
1787 4404 1882 4440 an-

293 4495 516 4544 norum,
539 4477 728 4548 inquit,
757 4487 895 4544 erat,
923 4475 1140 4546 quando
1179 4475 1476 4554 Rebeccam
1524 4478 1748 4546 accepit.
1776 4477 1880 4531 Sed

293 4561 550 4640 quoniam
582 4568 654 4639 (η)
683 4575 812 4638 quot
845 4582 1107 4621 annorum
1136 4576 1279 4622 esset
1306 4567 1606 4631 didicimus,
1633 4581 1750 4620 cum
1779 4567 1879 4620 sibi

293 4659 642 4714 matrimonio
663 4657 841 4728 junxit
868 4672 1110 4723 uxorem,
1138 4656 1408 4712 discamus
1445 4667 1495 4711 et
1527 4655 1737 4726 quando
1767 4665 1877 4708 tau-

294 4751 425 4806 dcm
456 4748 752 4817 susceperit
784 4748 1003 4812 liberos,
1033 4756 1089 4802 et
1116 4758 1241 4818 quot
1272 4763 1530 4802 annorum
1561 4757 1734 4812 esset,
1761 4761 1880 4800 cmn

293 4839 468 4896 Jacoh
491 4837 706 4908 genuit;
737 4844 846 4890 tum
889 4837 1068 4892 videre
1099 4838 1387 4907 poterimus
1418 4847 1614 4906 quanto
1641 4847 1883 4906 tempore

293 4931 498 4984 sterilis
539 4943 676 4983 uxor
723 4929 999 4992 manserit,
1029 4943 1090 4982 ac
1114 4937 1226 4982 toto
1257 4928 1348 4980 illo
1376 4937 1612 4996 tempore
1645 4928 1881 4982 lsaacum

295 5021 472 5075 Deum
518 5034 638 5074 esse
679 5018 1041 5089 deprecatum.
1082 5019 1220 5086 Quot
1267 5019 1425 5088 igitur
1467 5033 1727 5072 annorum
1770 5027 1886 5074 erat

291 5113 518 5186 quando
551 5113 804 5170 Iacobum
839 5113 1058 5183 genuit?
1087 5111 1248 5177 Exiit,
1282 5111 1468 5182 inquit,
1489 5110 1649 5186 Jucob
1676 5113 1880 5164 dextera

293 5217 472 5262 tenens
511 5206 802 5260 calcaneum
848 5206 1020 5275 fratris
1063 5209 1142 5258 sui
1172 5222 1190 5260 :
1220 5217 1482 5278 propterea
1532 5208 1720 5262 vocavit
1771 5223 1880 5262 eum

291 5297 482 5358 Iacob,
516 5298 658 5350 illum
696 5306 861 5351 autem
902 5295 1062 5350 Esau.
1093 5295 1244 5349 Isaac
1283 5307 1448 5351 autem
1492 5312 1598 5352 erat
1632 5315 1882 5352 annorum

292 5390 586 5459 semginta,
613 5389 814 5455 quando
843 5388 1012 5458 genuit
1040 5404 1123 5441 eos
1145 5386 1294 5457 (Gen.
1319 5388 1407 5443 ΞΒ.
1428 5389 1517 5441 23.
1540 5390 1653 5458 26).
1677 5391 1732 5445 Si
1753 5405 1881 5458 ergo

292 5497 426 5534 cum
472 5481 622 5534 duxit
665 5479 984 5545 Rebeccam,
1032 5477 1374 5547 quadraginta
1427 5489 1542 5533 erat
1595 5495 1878 5544 annorum,

295 5573 516 5646 quando
571 5587 731 5644 porro
781 5573 918 5628 illius
961 5573 1478 5644 genuit,sexagi_uta,
1507 5573 1672 5644 liquet
1701 5573 1878 5643 viginti

368 5726 442 5788 (τι)
466 5735 703 5778 Hactenus
725 5729 772 5776 in
797 5729 992 5778 ttomilia
1017 5729 1074 5777 49
1101 5743 1148 5777 ιιι
1173 5731 1414 5780 Cencstm.

3473 351 3580 406 563

1994 463 2166 504 annos
2199 450 2409 508 interim
2439 455 2675 512 sterilem
2701 477 2920 517 urerent
2941 463 3222 526 mansisse.
3243 475 3459 539 ιθιυιιιιιι
3480 473 3580 524 hoc

1996 548 2237 611 tempore
2265 543 2503 602 lsaacum
2533 550 2700 605 Deum
2725 568 2928 608 orasse.

2065 631 2155 686 10.
2193 633 2385 690 Annon
2441 638 2600 707 igitur
2652 642 3016 699 erubescimus
3070 655 3124 700 et
3178 649 3572 716 confundimur,

1993 739 2114 778 cum
2149 726 2352 796 justum
2391 731 2631 788 videmus
2676 751 2844 790 annos
2875 738 3057 807 viginti
3084 753 3446 811 exspectasse,
3477 761 3577 799 nec

1994 815 2266 873 obstitisse
2287 835 2300 871 :
2322 835 2419 873 nos
2437 837 2563 876 vero
2586 836 2704 892 post
2729 842 2886 880 unam
2912 829 2992 882 vel
3013 829 3230 884 alteram
3267 835 3576 900 petitionem

1994 921 2134 976 saepe
2155 909 2457 976 deﬁcimus,
2485 926 2534 968 et
2566 917 2940 985 indignantur?
2979 922 3209 977 Tametsi
3240 925 3324 978 hic
3355 927 3576 982 multam

1993 998 2132 1066 apud
2187 999 2356 1055 Deum
2403 1003 2646 1060 tiduciam
2685 1007 2932 1074 habebat,
2968 1023 3019 1065 ct
3051 1023 3225 1068 tatucn
3265 1015 3578 1072 dilationem

1995 1091 2118 1144 dtu-ti
2149 1108 2253 1148 non
2285 1111 2426 1166 (egre
2453 1099 2674 1168 ferebat,
2702 1104 2794 1157 sed
2821 1107 3085 1174 patienter
3106 1114 3450 1180 ettSpectabat
3482 1132 3496 1170 :
3522 1129 3580 1170 at

1995 1199 2092 1237 nos
2137 1185 2427 1242 innumeris
2473 1193 2676 1246 onerati
2730 1199 3002 1262 peccatis,
3047 1216 3207 1269 prava
3251 1207 3574 1261 conscientia

1997 1274 2140 1340 torti,
2171 1291 2268 1333 nec
2285 1279 2442 1332 ullam
2477 1296 2600 1352 erga
2647 1284 2924 1341 Dominum
2971 1292 3394 1350 becholentiam
3425 1300 3575 1352 exhi-

1992 1365 2203 1434 bentes,
2227 1369 2326 1424 nisi
2356 1373 2499 1440 prius
2525 1391 2680 1444 quam
2708 1379 2942 1449 eloqnuti
2967 1382 3243 1451 fuerimus,
3272 1389 3572 1458 audiamur,

1992 1459 2172 1514 animo
2199 1465 2550 1528 concidimus,
2596 1486 2734 1539 a'gre
2779 1473 3017 1538 iet-intus,
3045 1493 3072 1528 a
3099 1481 3403 1547 precatione
3429 1483 3575 1538 absi—

1993 1551 2183 1606 stimus
2213 1569 2228 1606 :
2258 1572 2364 1624 quo
2395 1558 2452 1611 lit
2495 1571 2549 1613 ιιι
2591 1565 2770 1617 vacuis
2818 1581 3032 1637 semper
3075 1570 3320 1626 manibus
3349 1575 3572 1630 receda—

1995 1658 2132 1696 mus.
2161 1644 2289 1709 Quis
2309 1649 2482 1716 spatio
2507 1652 2686 1721 viginti
2706 1673 2968 1712 aureorum
3015 1675 3113 1728 pro
3162 1678 3263 1718 una
3309 1680 3368 1720 re
3409 1667 3574 1722 Deum

1995 1744 2242 1801 precatus
2290 1748 2374 1792 est
2428 1741 2562 1797 sicut
2617 1745 2701 1798 hic
2741 1746 2962 1816 justus?
2994 1752 3076 1806 vel
3125 1755 3323 1823 potius,
3351 1758 3469 1828 quis
3495 1761 3575 1814 vi-

1991 1828 2121 1896 ginti
2156 1830 2302 1886 solos
2331 1835 2582 1890 menses?

2065 1919 2160 1972 Cui
2183 1922 2372 1976 similes
2399 1925 2522 1992 sint,
2549 1928 2638 1996 qui
2677 1941 2853 1986 contra
2895 1933 3126 1990 inimicas
3159 1948 3328 1992 orant.
3349 1969 3422 1982 —
3448 1939 3572 1995 ﬂeri

1991 2013 2206 2080 quidem
2229 2015 2468 2071 dicebam
2492 2022 2688 2075 multos
2708 2040 2828 2078 esse
2855 2025 2945 2096 qui
2973 2028 3303 2099 negligenter
3329 2041 3502 2099 orant,
3519 2045 3575 2089 et

1990 2105 2300 2172 oscitantis,
2331 2124 2389 2162 se
2416 2111 2782 2180 extendentes,
2811 2130 2875 2170 ac
2919 2127 3176 2188 perpetuo
3217 2135 3276 2175 se
3305 2122 3408 2177 huc
3445 2124 3574 2180 illuc

1991 2209 2284 2264 vertentes,
2321 2216 2538 2256 Otltnelll
2593 2205 2850 2262 incuriam
2900 2225 3008 2278 prae
3055 2226 3114 2265 se
3165 2211 3574 2272 ferunt:hodie

1994 2304 2119 2343 vero
2173 2292 2358 2346 vitium
2402 2295 2545 2349 aliud
2583 2297 2726 2366 quod
2781 2300 3030 2368 precibus
3071 2302 3357 2358 intervenit
3405 2307 3574 2360 inulto

1991 2382 2344 2450 perniciosius
2399 2386 2488 2441 illo
2535 2389 2732 2457 reperi.
2773 2389 2918 2444 Multi
2969 2393 3111 2446 enim
3151 2410 3346 2462 prottos
3378 2397 3427 2450 in
3457 2409 3567 2452 ter-

1991 2488 2104 2527 raut
2141 2490 2200 2528 se
2243 2477 2610 2546 proﬁcientes;
2631 2489 2827 2536 terram
2865 2482 3041 2540 fronte
3067 2484 3341 2552 ferientes,
3372 2490 3572 2546 calidas

1991 2562 2273 2621 fundentes
2319 2569 2606 2639 Iacrymas,
2651 2573 2844 2630 acerbe
2885 2576 3108 2632 interius
3145 2579 3569 2648 ingemiscentes.

1991 2659 2224 2714 extensis
2249 2661 2514 2728 manibus,
2548 2665 2878 2734 multumque
2915 2667 3146 2722 studium
3174 2685 3282 2738 pra:
3307 2683 3366 2724 Se
3397 2671 3574 2727 feren-

1992 2757 2090 2812 tes,
2116 2752 2214 2806 hoe
2231 2751 2440 2808 fervore
2463 2771 2524 2809 ac
2547 2759 2960 2826 promplitudinc
2981 2761 3144 2814 animi
3169 2761 3430 2818 adversus
3457 2780 3575 2834 pro-

1994 2840 2407 2908 priamsalutem
2437 2859 2676 2902 utuntur.
2703 2849 2836 2904 Nam
2863 2852 2970 2906 Deo
3005 2868 3192 2922 preces
3213 2853 3442 2910 oli'ernnt
3465 2873 3570 2912 non

1993 2948 2087 3000 pro
2116 2935 2228 2988 suis
2257 2936 2486 3001 delictis,
2521 2957 2690 3009 neque
2732 2951 2786 2996 ut
2824 2945 3032 2996 veniam
3073 2955 3411 3012 peccatorum
3444 2962 3570 3003 suo-

1992 3037 2108 3076 rum
2137 3033 2339 3092 petant,
2367 3027 2461 3082 sed
2491 3028 2590 3082 huc
2619 3030 2855 3084 studium
2884 3047 3042 3088 omne
3068 3033 3353 3090 conferunt
3377 3037 3572 3092 adrer-

1991 3127 2084 3166 sus
2123 3113 2368 3169 inimicos
2398 3131 2412 3170 :
2440 3131 2503 3171 ac
2533 3119 2752 3188 perinde
2783 3119 3005 3188 faciunt,
3037 3138 3100 3179 ac
3142 3126 3186 3179 si
3226 3127 3344 3196 quis
3385 3143 3572 3184 ensem

1990 3219 2171 3270 acuat,
2195 3221 2295 3261 nec
2319 3207 2576 3265 adversus
2605 3209 2786 3267 hostes
2814 3213 2906 3268 illo
2929 3229 3126 3286 genere
3151 3231 3422 3274 armorum
3453 3229 3570 3276 uta-

1991 3306 2094 3362 tur,
2129 3299 2221 3353 sed
2251 3314 2319 3354 eo
2340 3302 2582 3371 jugulum
2612 3317 2764 3359 suum
2797 3305 3042 3374 trajiciat.
3067 3307 3156 3364 Sic
3182 3319 3236 3364 et
3263 3310 3348 3364 isti
3371 3328 3475 3366 non
3501 3312 3568 3367 ad

1989 3388 2330 3442 obtim-mlmn
2357 3406 2574 3445 suorum
2609 3395 2815 3448 veniam
2845 3395 3185 3464 delictorum,
3209 3399 3302 3454 sed
3327 3401 3394 3454 ad
3419 3417 3574 3458 acce-

1991 3479 2264 3534 lerandum
2307 3481 2642 3538 inimicornm
2680 3489 2996 3556 supplicium
3026 3493 3272 3560 precibus
3299 3504 3518 3550 utuntttr
3551 3512 3566 3548 :

1989 3571 2128 3638 quod
2168 3581 2250 3626 est
2295 3575 2501 3644 seipsos
2551 3576 2727 3646 gladio
2765 3593 2865 3634 suo
2900 3583 3228 3652 transfigere.
3255 3585 3366 3640 Hoc
3390 3596 3564 3643 autetr

1989 3662 2252 3732 malignus
2313 3665 2398 3720 ille
2423 3669 2764 3738 excogitavit,
2797 3680 2856 3725 ut
2875 3685 2972 3726 nos
2996 3674 3140 3727 onmi
3171 3691 3234 3728 ex
3261 3685 3410 3745 parte
3437 3691 3560 3745 por-

1988 3753 2207 3821 damus,
2231 3765 2286 3810 et
2317 3756 2441 3810 dum
2483 3760 2812 3829 negligentes
2847 3775 3051 3830 sumus,
3079 3774 3132 3818 ct
3169 3765 3294 3820 dum
3335 3767 3569 3822 studium

1988 3847 2198 3916 aliquod
2223 3848 2558 3905 adhibemus.
2593 3851 2655 3906 Hi
2683 3853 2824 3908 enim
2857 3854 2957 3909 hac
2979 3871 3076 3910 sua
3130 3858 3181 3911 in
3230 3859 3476 3927 precibus
3497 3860 3572 3916 in-

1989 3939 2134 3992 curia
2162 3937 2326 3994 Deum
2357 3940 2586 4008 irritant,
2604 3944 2730 3998 dum
2761 3959 2854 4014 per
2878 3945 3017 4002 hanc
3041 3949 3415 4018 negligentiam
3435 3966 3566 4006 con-

1989 4037 2246 4098 temptum
2277 4045 2384 4098 pra:
2405 4046 2464 4086 se
2503 4031 2679 4088 ferunt
2715 4051 2729 4088 :
2765 4036 2838 4090 illi
2867 4051 2994 4091 vero
3023 4039 3254 4093 studium
3285 4041 3568 4109 exhibent,

1989 4121 2082 4175 sed
2125 4123 2176 4176 in
2225 4124 2413 4178 salutis
2460 4139 2570 4180 sua:
2613 4127 2902 4196 perniciem
2931 4129 3202 4186 exhibent.
3231 4129 3346 4198 Ille,
3375 4133 3567 4203 inquit,

1989 4215 2262 4284 negligens
2289 4224 2403 4282 est;
2437 4216 2538 4273 hoc
2567 4219 2694 4271 mihi
2721 4220 2914 4274 suftieit
2946 4229 3000 4274 ut
3027 4221 3156 4274 nihil
3183 4223 3422 4278 obtineat
3445 4241 3458 4277 :
3481 4222 3568 4278 hic

1989 4305 2214 4376 diligens
2246 4316 2329 4361 est
2368 4319 2424 4361 et
2449 4317 2719 4374 attentus;
2745 4311 2870 4378 quid
2899 4329 3026 4381 ergo
3053 4312 3418 4368 faciam?Non
3450 4329 3573 4384 pos-

1989 4413 2106 4452 sum
2127 4399 2359 4452 studium
2387 4399 2501 4466 ejus
2529 4400 2834 4470 infringere,
2859 4418 3031 4470 neque
3057 4404 3108 4456 in
3157 4419 3278 4458 eum
3303 4413 3572 4473 torporem

1991 4489 2310 4554 innuittere;
2342 4491 2442 4544 alia
2491 4491 2694 4544 ratione
2737 4492 3024 4561 perniciem
3059 4494 3108 4546 iu
3137 4509 3259 4547 cum
3287 4495 3562 4548 machina-

1992 4581 2108 4636 bor.
2137 4581 2252 4649 Quo
2274 4582 2486 4636 tandem
2507 4582 2702 4637 modo?
2733 4583 2970 4638 Efliciam
2993 4595 3048 4638 ut
3073 4585 3248 4639 studio
3268 4585 3574 4654 diligentia-

1990 4690 2093 4744 que
2121 4676 2188 4729 ad
2217 4676 2546 4745 iniquitatem
2577 4686 2754 4729 utatur
2785 4694 2798 4729 :
2831 4677 3064 4746 iniquum
3091 4679 3234 4732 enim
3275 4688 3354 4734 est
3377 4679 3572 4732 adver-

1992 4782 2085 4822 sus
2134 4769 2375 4821 inimiCos
2423 4782 2608 4835 ιιι-ρους
2653 4767 2891 4824 fundere.
2923 4771 2998 4826 ita
3035 4771 3142 4833 ftet,
3180 4780 3238 4824 ut
3280 4786 3385 4824 non
3415 4771 3574 4824 tuodo

1995 4862 2140 4914 Ilullo
2161 4868 2430 4929 repet-tato
2459 4863 2607 4916 lucro
2627 4877 2693 4917 ex
2719 4862 2896 4916 studio
2921 4875 3019 4914 suo
3045 4861 3304 4928 discedat,
3333 4863 3424 4917 sed
3455 4863 3572 4931 plus

1991 4953 2294 5008 detritltenti
2351 4954 2612 5024 patiatur,
2664 4969 2822 5026 quam
2896 4953 3213 5026 negligentia
3261 4954 3570 5010 invexisset.

1981 5033 2264 5114 Ejusmodi
2310 5057 2434 5100 sunt
2477 5045 2674 5100 diaboli
2723 5045 3177 5101 machinatzalios
3249 5060 3342 5115 per
3395 5045 3566 5115 negli-

1991 5139 2246 5207 gentiam,
2271 5139 2404 5193 ali-os
2427 5153 2519 5207 per
2545 5138 2714 5207 ipsum
2737 5137 2968 5192 studium
2995 5135 3190 5206 perdit,
3217 5149 3338 5192 cum
3371 5151 3476 5191 non
3503 5151 3572 5190 ex

1997 5229 2303 5298 praescripto
2331 5229 2504 5299 legunt
2533 5229 2836 5284 adhibetur.

2067 5323 2150 5375 Η.
2181 5321 2354 5375 Oratio
2367 5339 2534 5375 eorum
2551 5321 2637 5392 qui
2650 5320 2864 5375 vindicta
2887 5317 3295 5373 delectantur.——
3313 5315 3420 5372 Sed
3443 5331 3574 5384 ope-

1997 5433 2068 5471 rte
2097 5416 2320 5488 pretium
2341 5415 2496 5471 fuerit
2522 5415 2680 5470 verba
2699 5414 2957 5468 orationis
2973 5413 3176 5476 audire,
3209 5422 3260 5466 et
3289 5426 3395 5480 quo
3423 5420 3574 5480 pacto

1996 5513 2212 5582 puerilis
2235 5512 2391 5564 verba
2431 5510 2537 5563 sint
2590 5509 2802 5573 mentis,
2833 5517 2887 5562 et
2937 5506 3098 5561 animi
3152 5503 3430 5558 infantilis.
3493 5502 3576 5557 Me

1994 5605 2208 5674 quidem
2240 5604 2400 5671 pudet
2431 5601 2518 5655 illa
2549 5601 2748 5666 dicere,
2783 5613 3004 5654 necesse
3035 5605 3116 5650 est
3147 5605 3322 5649 t:unen
3350 5593 3571 5648 cumino

2005 5715 2066 5756 ea
2092 5709 2146 5754 ut
2173 5697 2438 5765 dicamus,
2472 5705 2522 5750 et
2552 5692 2816 5748 indoctam
2849 5691 3080 5762 linguam
3109 5687 3250 5742 illam
3284 5687 3569 5742 imitemur.
