4060 6260
476 374 585 435 363

474 497 727 561 Quantam
752 487 908 555 igitur
933 483 1018 537 illa
1048 489 1172 533 sunt
1203 475 1401 531 verba?
1427 471 1647 528 Vindiea
1673 467 1850 561 mede
1874 464 2049 561 inimi-

472 555 553 642 cis
578 583 710 638 meis
733 597 745 631 :
776 573 998 632 ostende
1026 573 1130 626 illis
1159 584 1243 624 me
1272 564 1481 637 qunque
1507 564 1672 617 Deum
1695 560 1914 614 habere.
1937 555 2049 611 Non

474 689 586 731 tum
635 674 798 728 Deum
841 681 939 720 nos
981 663 1178 718 habere
1216 659 1448 718 diSt'ltlll,
1479 654 1548 708 mi
1597 652 1777 714 homo,
1805 664 1924 702 cum
1954 661 2052 700 nos

475 765 834 832 indignamur,
866 766 919 809 et
946 753 1243 814 irascimur,
1274 758 1328 802 et
1358 762 1497 814 a‘gre
1523 743 1740 797 ferimus
1771 738 1900 793 :sed
1928 754 2048 790 cum

477 829 615 912 modi
637 854 702 908 sti
742 866 924 904 sumus
945 890 958 908 ,
990 846 1147 899 mites
1175 853 1230 895 ct
1275 838 1512 897 humani,
1534 847 1854 902 omnemque
1880 829 2052 900 philo-

474 946 714 1016 sOphiam
743 953 1078 997 exercemus.
1111 935 1182 990 lla
1212 947 1426 1003 quoque
1459 929 1591 982 dixit
1623 927 1761 980 Deus
1805 940 1818 976 :
1864 920 2053 976 Luceut

475 1041 566 1091 lux
598 1044 760 1088 rastra
797 1046 966 1082 coram
1013 1024 1332 1085 hominibus,
1368 1031 1418 1072 ut
1463 1018 1662 1072 videant
1707 1028 1861 1084 opera
1891 1019 2054 1064 vestra

476 1132 628 1194 bona,
659 1138 704 1178 et
749 1117 1260 1192 glori/Icr'itll’utrrm
1306 1123 1520 1166 vestrum
1571 1108 1658 1177 qui
1697 1107 1748 1158 in
1795 1103 1934 1157 ca'lis
1981 1110 2054 1154 est

475 1223 688 1294 (Matth.
721 1220 774 1280 ξ’).
810 1217 915 1284 Hi).
944 1213 1056 1269 Non
1088 1205 1464 1264 animadvertis
1501 1201 1756 1294 injuriant
1789 1209 1843 1294 te
1879 1196 2055 1251 facere

477 1288 610 1376 iten,
640 1327 760 1364 rum
797 1310 960 1361 lleuzn
1005 1302 1262 1357 adversus
1292 1296 1535 1350 inimicos
1561 1288 1758 1360 rogas?
1781 1289 1898 1355 Quo
1934 1296 2054 1340 tan-

476 1408 598 1459 dem
622 1414 795 1472 pacto,
822 1397 1010 1464 inquit,
1029 1394 1136 1447 Deo
1157 1392 1211 1444 lit
1235 1388 1462 1456 injuria?
1487 1383 1744 1449 Qumtiam
1765 1380 1876 1448 ipse
1897 1376 2052 1472 dixit:

479 1467 636 1553 Orate
663 1510 751 1564 pro
789 1489 1000 1543 inimicis
1031 1483 1200 1537 vestris
1223 1481 1330 1550 (Ib.
1366 1496 1411 1531 r.
1436 1475 1547 1545 Η),
1579 1483 1632 1527 et
1660 1473 1889 1526 divinam
1920 1467 2058 1522 Itane

477 1595 644 1661 legent
677 1585 891 1641 invexit.
917 1580 1048 1635 Cum
1079 1578 1236 1643 igitur
1263 1572 1620 1641 legislatorem
1646 1580 1822 1634 rogas,
1856 1573 1912 1616 ut
1932 1575 2058 1615 snas

476 1653 638 1736 violet
663 1683 824 1745 teges.
855 1687 906 1727 et
933 1670 1181 1732 hortaris,
1201 1673 1260 1719 ut
1284 1663 1395 1718 suis
1415 1659 1711 1716 contrarias
1732 1657 1875 1725 lrges
1899 1653 2054 1718 ferat,

475 1787 528 1830 et
557 1790 676 1828 eum
707 1769 794 1838 qui
829 1764 1190 1834 prohibuerat,
1221 1772 1286 1809 ne
1303 1757 1558 1809 adversus
1589 1749 1830 1803 inimicos
1847 1762 2055 1809 orares,

478 1835 736 1937 prerat-is,
764 1869 820 1912 ut
859 1867 911 1910 te
955 1854 1211 1905 adversus
1252 1848 1496 1899 intima-os
1549 1849 1790 1894 orantem
1837 1835 2056 1890 audiat:

478 1925 750 2014 noueras,
781 1950 906 2000 dum
939 1944 988 1999 id
1021 1941 1180 2006 facis,
1215 1951 1385 2006 neque
1427 1931 1674 1991 hortaris,
1707 1929 1798 1982 sed
1849 1925 2058 1994 legisla-

476 2047 580 2101 tori
626 2038 1003 2096 contumeliam
1048 2032 1234 2093 infers,
1267 2037 1318 2081 et
1375 2025 1427 2080 in
1469 2039 1590 2075 etttn
1635 2016 1936 2080 ittsoleSCis,
1968 2014 2056 2084 qui

478 2138 615 2191 bona
653 2130 743 2186 tibi
773 2127 1056 2197 largiturus
1085 2129 1230 2179 erat,
1263 2134 1381 2185 qum
1411 2111 1692 2167 occasione
1721 2124 1794 2178 pri
1816 2122 1935 2161 cum
1964 2105 2058 2158 ob-

479 2226 714 2278 veniunt.
748 2220 811 2273 Et
844 2195 949 2286 quo
985 2222 1142 2282 pacto
1174 2209 1307 2269 lieri,
1336 2219 1541 2276 (jlttPSO,
1575 2208 1766 2270 potest,
1793 2206 1852 2250 ιιι
1875 2195 2058 2250 audia-

479 2318 552 2371 ris
581 2315 705 2370 dum
735 2324 879 2371 oms,
912 2307 956 2360 si
998 2319 1118 2356 eum
1159 2300 1247 2370 qui
1274 2307 1357 2353 est
1387 2296 1664 2348 auditurus
1690 2292 1902 2345 irrites?
1935 2287 2059 2341 llaec

475 2407 619 2463 enim
649 2404 774 2457 dum
799 2401 950 2461 lacis,
985 2397 1034 2448 in
1059 2395 1364 2447 barathrum
1393 2386 1616 2441 salutem
1651 2391 1792 2436 tuam
1824 2378 2060 2448 compel-

482 2499 568 2560 lis,
597 2504 651 2547 et
679 2493 730 2545 in
760 2487 1109 2559 prwcipitimn
1141 2481 1271 2544 ruis,
1289 2479 1416 2533 dum
1444 2476 1716 2530 inimicum
1757 2471 1808 2525 in
1835 2484 2062 2536 conspe-

479 2599 566 2643 ctu
622 2585 778 2653 ltegis
823 2578 1074 2648 perenti<.
1103 2574 1356 2642 Quamvis
1378 2571 1518 2623 enim
1567 2566 1811 2622 manibus
1858 2563 1908 2616 id
1951 2576 2056 2614 nou

479 2683 664 2742 facias,
698 2675 873 2730 verbis
909 2682 1087 2724 tamen
1135 2682 1257 2721 eum
1291 2663 1526 2732 percutis
1551 2677 1566 2713 :
1596 2657 1737 2728 quod
1777 2669 1901 2723 erga
1938 2668 2060 2708 eon-

480 2784 667 2827 servos
705 2773 960 2837 prmstare
1004 2775 1109 2813 non
1152 2755 1336 2809 audes.
1365 2753 1526 2823 Igitur
1570 2749 1622 2803 id
1668 2761 1828 2818 agere
1863 2745 2061 2798 audeas

481 2865 790 2934 magistratu
835 2863 1111 2925 spectante
1140 2867 1153 2903 :
1181 2849 1311 2904 licet
1357 2847 1633 2898 imuunera
1661 2850 1746 2896 tua
1778 2839 1880 2893 sint
1913 2845 2062 2893 recte

479 2930 636 3016 facta.
659 2950 876 3006 omnino
895 2942 1174 3000 confestim
1206 2939 1271 2992 ad
1300 2947 1525 2991 mortem
1553 2932 1852 2986 abduceris.
1889 2930 2059 2999 Ergo-

483 3063 551 3102 ne
595 3057 776 3099 coram
829 3037 1136 3106 magistratu
1183 3045 1288 3085 non
1328 3027 1492 3081 audes
1538 3023 1795 3094 atqualem
1846 3019 2062 3076 aflicere

479 3131 796 3192 contumelia
822 3146 836 3182 :
865 3142 1045 3182 coram
1095 3124 1203 3177 Deo
1247 3130 1421 3174 autem
1475 3116 1562 3185 qui
1615 3113 1666 3168 id
1719 3112 1887 3176 facis,
1931 3127 2060 3176 non,

481 3238 684 3298 qmeso,
713 3220 916 3284 tremis,
943 3233 1046 3271 nou
1079 3215 1234 3267 times
1268 3210 1394 3264 dum
1429 3206 1688 3261 orationis
1727 3214 1970 3272 tempore
1997 3216 2063 3258 ac

483 3297 697 3389 precum
729 3313 806 3365 sic
833 3305 1177 3364 excandescis
1205 3311 1260 3356 et
1283 3299 1542 3363 cti‘eraris,
1573 3311 1635 3349 ac
1664 3297 1918 3362 majorem
1953 3309 2061 3363 prae

481 3387 534 3462 te
571 3404 674 3458 fers
709 3400 1036 3469 iniquitatem
1083 3395 1173 3447 illo
1208 3391 1296 3461 qui
1323 3398 1539 3444 centum
1568 3387 1816 3441 denarios
1846 3396 2063 3455 repete-

486 3497 614 3552 bat?
640 3491 792 3562 Quod
824 3489 966 3542 enim
1013 3499 1064 3538 ttt
1101 3483 1355 3552 majorem
1404 3480 1650 3548 injuriam
1693 3477 1909 3540 inferas,
1937 3477 2060 3530 audi

480 3603 588 3661 quo
605 3593 758 3656 pacto
787 3591 1012 3636 testetur
1041 3577 1280 3630 historia.
1313 3574 1499 3628 Decies
1525 3571 1668 3625 mille
1690 3571 1885 3624 talenta
1911 3569 2057 3640 quis-

483 3682 622 3751 piam
643 3677 859 3731 domino
877 3673 1104 3725 debebat
1136 3687 1150 3723 :
1178 3666 1376 3722 deinde
1396 3682 1514 3719 eum
1539 3681 1642 3720 non
1674 3663 1893 3718 haberet
1922 3662 2062 3716 unde

481 3769 727 3826 redderet
750 3808 765 3832 ,
794 3765 981 3819 orabat
1009 3772 1065 3816 ut
1103 3759 1320 3830 patienti
1350 3757 1526 3812 animo
1550 3769 1673 3824 erga
1715 3771 1772 3809 se
1807 3763 1945 3808 eSset
1963 3793 1977 3817 ,
2005 3760 2064 3806 ut

481 3861 690 3918 vendita
726 3871 909 3918 uxore,
941 3854 1116 3916 domo,
1147 3865 1210 3905 ac
1255 3849 1374 3902 [iliis
1419 3848 1655 3902 debitum
1701 3845 1922 3898 domino
1962 3857 2062 3896 suo

483 3953 809 4027 persolveret
852 3946 1072 4019 (Matth.
1115 3944 1199 3998 l8.
1241 3943 1333 3997 ‘24.
1373 3939 1666 4011 sqq.)Cum
1697 3945 1872 3990 autem
1910 3935 2060 3989 illum

480 4046 727 4101 dominus
758 4043 1132 4094 lznovntantem
1161 4033 1362 4087 videret
1389 4030 1728 4084 miseratione
1757 4036 2059 4082 commotus

483 4147 586 4204 est,
621 4146 675 4190 et
707 4134 844 4187 dena
889 4129 1050 4184 millia
1081 4127 1397 4180 talentorum
1432 4121 1655 4175 remisit.
1686 4120 1942 4192 Egressus
1973 4119 2062 4175 ille

481 4244 604 4282 cum
632 4226 855 4278 alterum
886 4234 1097 4276 servum
1126 4216 1431 4273 invenisset.
1458 4229 1546 4284 qttt
1575 4223 1790 4269 Centum
1815 4213 2064 4268 denarios

482 4317 582 4388 ipsi
625 4312 874 4372 debebat,
901 4309 1165 4362 suli'ocans
1209 4320 1330 4360 et-tm
1385 4305 1544 4358 multa
1591 4319 1710 4357 cum
1750 4304 2063 4358 crudelitate

481 4417 644 4476 atque
687 4401 1018 4458 innnauitate
1071 4397 1364 4464 repetebat.
1399 4396 1490 4450 llis
1515 4394 1708 4449 auditis
1732 4395 1981 4448 dominus
2005 4395 2058 4447 in

479 4510 751 4552 t-art-erem
789 4507 910 4546 eum
936 4487 1186 4558 eonjecit,
1215 4495 1271 4542 et
1294 4486 1434 4557 quod
1463 4486 1608 4556 prius
1633 4487 1935 4550 remiserat,
1963 4486 2062 4540 de-

478 4589 649 4642 bitum
687 4583 883 4639 denum
929 4580 1154 4635 millium
1185 4578 1503 4634 talentorum
1527 4617 1544 4641 ,
1575 4576 1648 4631 illi
1679 4591 1864 4632 rursus
1887 4576 2062 4646 impo-

475 4694 538 4730 su
565 4686 604 4740 t,
651 4684 707 4730 et
747 4673 836 4728 ille
875 4687 988 4726 sua:
1043 4671 1096 4725 in
1147 4681 1464 4724 conservum
1511 4665 1840 4721 crudelitatis
1870 4678 2064 4736 pmuas

477 4766 646 4819 dedit.

551 4858 643 4911 η.
671 4855 738 4909 At
759 4863 813 4909 tn
833 4860 1032 4924 quanto
1059 4851 1288 4922 iniquior
1303 4849 1394 4904 illo
1418 4863 1481 4904 ac
1507 4849 1768 4920 stupidior
1789 4851 2060 4918 evaseris,

1177 364 1232 416 Β.
1275 358 1551 417 JOANNIS
1587 347 2060 411 CilltYSOSTOMI
2100 345 2416 405 ARCHIEP.
2456 347 2990 406 CONSTANTINOP.

3633 355 3736 412 361

2159 471 2247 540 qui
2266 469 2522 525 adversus
2549 468 2790 522 inimicos
2803 470 3060 538 precaris,
3075 466 3218 521 vide.
3241 467 3296 522 lll
3321 466 3616 522 dominum
3633 487 3736 525 non

2159 562 2408 633 rogabat,
2439 573 2494 614 ut
2518 560 2768 614 denarios
2808 568 3021 614 centum
3062 567 3347 627 repeteret,
3372 558 3464 614 sed
3494 561 3603 628 ipse
3653 579 3737 617 re-

2161 654 2373 722 petebat
2393 661 2606 706 centum
2635 649 2880 704 denarios
2905 667 2917 702 :
2944 659 2996 702 tu
3013 664 3140 704 vero
3167 649 3445 702 Dominum
3473 650 3537 702 ad
3566 650 3738 718 impu-

2156 747 2372 799 dentem
2395 759 2460 799 ac
2488 743 2803 813 prohibitam
2834 743 3196 811 repetitionem
3225 743 3542 798 cohortaris.
3571 746 3740 813 Atque

2159 835 2248 890 ille
2277 837 2490 905 quidem
2523 850 2626 888 non
2678 835 2728 887 in
2757 835 2924 887 oculis
2953 834 3151 888 domini
3177 876 3190 894 ,
3220 834 3312 888 sed
3370 834 3498 888 foris
3523 851 3740 888 conser-

2165 943 2287 978 vtuu
2319 925 2604 980 sutl‘oeabat
2630 942 2644 978 :
2671 935 2722 979 at
2753 937 2806 978 tu
2837 926 2886 978 in
2915 925 3029 994 ipso
3056 933 3293 993 tempore
3311 927 3567 981 orationis
3595 940 3742 980 stans

2159 1035 2339 1072 coram
2385 1019 2531 1089 Rege
2563 1019 2612 1073 id
2646 1018 2792 1073 facis.
2839 1017 2990 1086 Quod
3015 1018 3061 1073 si
3091 1018 3180 1073 ille
3218 1034 3338 1072 cum
3366 1035 3535 1088 neque
3564 1019 3741 1072 domi-

2160 1125 2288 1162 num
2341 1109 2408 1162 ad
2457 1110 2800 1180 repetendum
2851 1119 2993 1163 esset
3042 1108 3321 1168 hortatus.
3361 1119 3416 1163 et
3465 1119 3741 1179 postquam

2160 1215 2406 1270 egressus
2434 1201 2642 1268 fuisset,
2668 1201 2769 1255 hoc
2792 1201 3010 1267 faceret,
3045 1201 3244 1254 nullam
3267 1210 3347 1255 est
3375 1201 3584 1255 veniam
3607 1216 3743 1255 cou-

2159 1304 2416 1365 sequutus
2440 1337 2454 1358 ,
2488 1305 2542 1348 tu
2568 1296 2656 1364 qui
2686 1295 2968 1349 Dominum
3011 1293 3078 1348 ad
3105 1293 3240 1348 hanc
3270 1295 3485 1347 vetitam
3515 1294 3743 1347 Solutio-

2163 1403 2282 1442 nem
2332 1387 2667 1456 impelli‘s.et
2713 1389 2763 1440 in
2788 1386 2900 1455 ejus
2951 1396 3239 1454 conspectu
3289 1382 3401 1438 lt.ec
3441 1385 3554 1454 agis
3579 1425 3597 1447 ,
3634 1401 3744 1456 quo

2162 1495 2268 1533 non
2306 1479 2586 1548 supplicio,
2620 1493 2802 1546 quzt350
2821 1519 2835 1542 ,
2863 1475 3240 1530 mult-laberis?
3266 1476 3336 1529 At
3378 1474 3737 1530 inﬂammatur

2161 1569 2371 1623 auinms
2402 1578 2520 1622 tuus
2548 1568 2625 1622 ira
2656 1585 2721 1622 ex
2757 1567 3124 1621 recordatione
3154 1565 3441 1620 inimicitia:
3465 1609 3479 1631 ,
3508 1577 3560 1621 et
3601 1567 3742 1620 intu-

2163 1661 2370 1724 mescit,
2399 1669 2450 1713 et
2481 1675 2576 1713 cor
2595 1669 2983 1720 commovetur,
3015 1673 3076 1711 ac
3117 1655 3242 1710 dum
3274 1665 3503 1725 accepta:
3532 1655 3744 1724 injuriae

2163 1747 2471 1810 meministi,
2503 1745 2663 1799 animi
2696 1755 2956 1799 tumorem
2987 1759 3090 1797 non
3121 1751 3273 1813 potes
3301 1745 3633 1812 reprimere?
3663 1745 3742 1798 Tn

2167 1855 2295 1892 vero
2323 1839 2407 1892 isti
2437 1851 2648 1907 oppone
2674 1833 3134 1889 excandescentia:
3167 1843 3501 1902 peccatorum
3531 1844 3738 1889 tuorttnt

2164 1929 2509 1992 memoriam,
2559 1943 2620 1982 ac
2665 1926 2826 1981 futuri
2878 1925 3063 1994 judicii
3118 1924 3386 1979 timorem.
3439 1924 3744 1981 Recordare

2161 2037 2320 2092 quam
2349 2020 2635 2074 multorum
2665 2017 2802 2088 apud
2833 2018 3114 2072 Dominum
3146 2032 3270 2071 reus
3291 2017 3387 2080 sis,
3420 2023 3577 2086 teque
3604 2018 3743 2072 isto-

2163 2130 2280 2168 rum
2309 2114 2544 2168 otunium
2578 2113 2746 2180 paruis
2772 2111 3058 2166 obnoxium
3086 2123 3226 2174 esse,
3253 2118 3362 2162 ttnn
3389 2109 3607 2162 omnino
3630 2125 3741 2165 me-

2164 2214 2249 2259 tus
2275 2206 2374 2259 iste
2405 2203 2731 2257 iracundiant
2762 2202 2904 2257 illam
2937 2200 3143 2266 vincet,
3173 2198 3598 2270 quandoquidem
3628 2201 3745 2256 Ita-c

2163 2312 2374 2367 quoque
2401 2296 2589 2366 passio
2617 2295 2771 2363 longe
2795 2301 2876 2348 est
2905 2293 2989 2347 illa
3015 2293 3299 2361 potentior.
3327 2290 3629 2348 Recordare
3656 2308 3747 2362 ge-

2167 2390 2357 2444 henua:
2385 2403 2660 2458 pret-arum
2701 2402 2764 2442 ac
2791 2386 3170 2455 suppliciorum
3199 2395 3438 2454 tempore
3461 2385 3742 2452 orationis,

2163 2493 2225 2533 ac
2273 2496 2341 2532 tte
2370 2479 2421 2532 in
2453 2489 2684 2533 mentem
2725 2478 2937 2546 quidem
2979 2477 3156 2531 Veniet
3203 2476 3468 2531 inimicus.
3518 2475 3749 2532 Caruere

2165 2569 2400 2622 aninnnn
2435 2581 2601 2634 tuum,
2633 2579 2863 2622 mentem
2896 2568 3108 2621 humilia
3140 2577 3349 2622 tnormn
3378 2569 3749 2626 recordatione

2165 2660 2479 2714 delictorum
2501 2702 2514 2720 ,
2543 2675 2606 2714 ac
2635 2675 2700 2713 ne
2723 2659 3017 2713 molestiam
3045 2659 3258 2729 qutidem
3284 2660 3443 2714 ullam
3471 2661 3744 2717 iracundia

2165 2751 2461 2806 exhibebit.
2491 2751 2594 2806 Sed
2629 2752 2727 2806 hoc
2752 2751 2879 2805 illud
2926 2761 3042 2816 est,
3073 2751 3212 2806 unde
3258 2762 3448 2808 cunt-ta
3482 2756 3619 2809 mala
3650 2773 3750 2812 na-

2166 2851 2404 2908 scuntur,
2435 2841 2574 2912 quod
2605 2843 2655 2897 in
2696 2842 2920 2895 aliorum
2951 2841 3167 2911 quidem
3222 2852 3436 2911 peccata
3468 2844 3751 2914 diligenter

2168 2933 2499 3004 inquiramus
2519 2975 2532 2998 ,
2561 2945 2740 2987 nostra
2773 2947 2899 2988 vero
2947 2933 3274 3004 negligenter
3298 2933 3582 2989 admodum
3607 2952 3719 3006 pra:
3737 2970 3753 2981 ο

2169 3034 2458 3080 tereamus.
2505 3029 2570 3079 At
2613 3025 2937 3078 contrarium
2980 3024 3240 3093 agendum
3285 3034 3467 3079 esset:
3504 3028 3750 3096 proprio-

2168 3132 2284 3169 rum
2313 3115 2525 3185 quidem
2578 3129 2867 3184 numquam
2914 3114 3331 3169 obliviscendnm
3361 3125 3535 3176 esset,
3577 3117 3752 3172 aliena

2167 3224 2452 3279 numquam
2481 3217 2749 3276 oporteret
2771 3216 2948 3261 tuente
2973 3222 3206 3262 versare.
3233 3205 3285 3260 Id
3315 3207 3357 3262 si
3386 3207 3663 3272 iaciamus,
3698 3219 3753 3264 et

2169 3298 2311 3353 Deus
2337 3299 2597 3368 propitius
2628 3299 2779 3353 nobis
2820 3299 2920 3352 erit
2942 3341 2955 3363 ,
2985 3307 3040 3352 et
3068 3298 3348 3352 immortali
3389 3300 3512 3353 odio
3567 3303 3751 3368 proxi-

2169 3407 2312 3444 mum
2355 3390 2601 3460 prosequi
2633 3389 2938 3444 desinemus
2963 3431 2976 3451 ,
3001 3399 3056 3443 et
3078 3391 3276 3442 nullum
3304 3405 3552 3457 umquam
3579 3392 3752 3446 liabe-

2167 3484 2340 3537 bimus
2363 3483 2650 3536 inimicum.
2672 3483 2822 3548 Quod
2851 3492 2905 3536 et
2931 3481 2972 3535 si
3004 3481 3214 3550 quando
3237 3481 3548 3542 habeamus.
3567 3482 3750 3536 odium

2166 3576 2272 3628 cito
2299 3573 2648 3643 ἀιιροιιριιιιις,
2673 3583 2726 3626 et
2745 3575 2973 3628 celerem
3007 3585 3342 3641 peccatorum
3375 3574 3583 3626 veniam
3612 3573 3752 3628 obti-

2169 3665 2432 3720 nebitnus.
2463 3666 2592 3718 Nam
2631 3664 3078 3734 quemadmodum
3109 3665 3152 3716 is
3173 3705 3187 3729 ,
3216 3663 3305 3733 qui
3334 3676 3670 3732 acceptarum
3719 3682 3749 3716 a

2167 3760 2412 3828 proximo
2465 3757 2776 3825 iujuriarum
2812 3773 3016 3810 Iuctnor
3040 3765 3123 3809 est
3147 3798 3160 3818 ,
3199 3755 3388 3809 dimitti
3419 3769 3602 3832 pugnas
3646 3755 3751 3814 mi-

2169 3849 2311 3903 nime
2341 3848 2487 3913 sinit,
2507 3863 2636 3916 quas
2659 3847 2768 3900 suis
2799 3848 3028 3915 peccatis
3058 3862 3292 3907 metetur
3325 3871 3338 3905 :
3371 3854 3438 3905 ita
3463 3854 3551 3922 qui
3582 3853 3648 3908 ab
3672 3854 3748 3906 ira

2169 3941 2420 3996 immunis
2446 3948 2561 3995 est.
2589 3942 2696 4000 cito
2743 3939 2900 4000 etiam
2930 3945 3184 4000 immunis
3211 3948 3312 4000 erit
3349 3960 3379 3998 a
3409 3946 3658 4015 pect‘atis.
3693 3946 3748 3999 Si

2166 4033 2307 4094 cnim
2335 4048 2433 4092 nos
2463 4034 2724 4107 improbi,
2755 4046 2806 4092 et
2840 4052 2929 4092 ira:
2961 4036 3253 4090 servientes
3274 4077 3289 4102 ,
3320 4035 3390 4088 ob
3413 4035 3502 4090 Dei
3535 4035 3752 4088 manda-

2171 4139 2279 4182 tum
2323 4129 2584 4183 omniain
2637 4143 2736 4182 nos
2788 4128 3070 4182 commissa
3122 4138 3338 4198 peccata
3377 4125 3748 4196 despicimus:

2170 4221 2339 4275 multo
2386 4221 2553 4291 magis
2603 4221 2864 4290 benignos
2905 4235 2965 4272 ac
2999 4221 3170 4273 bonus
3208 4218 3466 4286 Dominus
3491 4261 3503 4280 ,
3530 4233 3652 4272 cttm
3683 4217 3750 4271 ab

2169 4312 2314 4366 onmi
2347 4311 2743 4382 perturbatione
2767 4313 2836 4366 sit
2867 4327 3049 4381 purus,
3079 4310 3269 4364 delicta
3300 4322 3482 4364 nostra
3503 4309 3751 4365 dissimu-

2169 4404 2331 4469 labit,
2363 4412 2416 4458 et
2446 4413 2748 4457 nostrorum
2776 4402 3089 4457 remissione
3132 4410 3493 4471 peccatorum,
3537 4399 3749 4454 exhibi-

2170 4503 2278 4548 tam
2323 4493 2567 4564 proximo
2612 4495 2915 4548 comitatem
2954 4491 3415 4547 etlmmauitatem
3443 4506 3750 4546 remanent.

2169 4585 2328 4641 bitur.
2380 4585 2550 4653 Quam
2619 4585 2819 4640 utinam
2875 4584 3028 4639 nobis
3071 4584 3319 4638 omnibus
3364 4582 3575 4652 assequi
3625 4597 3753 4639 eon-

2170 4675 2356 4746 tingat,
2383 4676 2552 4747 gratia
2581 4686 2634 4733 et
2659 4675 2983 4746 benignitate
3015 4675 3222 4730 Domini
3249 4675 3415 4730 nostri
3443 4673 3571 4729 Iesu
3598 4673 3754 4727 Chri-

2169 4767 2272 4830 sti,
2303 4766 2388 4820 eui
2421 4765 2592 4835 gloria
2633 4773 2690 4821 et
2729 4765 3010 4835 imperium
3065 4765 3116 4820 in
3167 4765 3361 4820 szecula
3406 4763 3751 4819 saeculorum.

2171 4857 2363 4912 Amen.

475 5125 605 5172 κοκ
645 5123 981 5169 ονοιιτειικ
1020 5120 1380 5176 ουειιρυιιιι
1433 5119 1518 5163 ΒΕ
1584 5119 1796 5164 SEIPSO
1865 5121 2058 5166 DESPE

2165 5123 2230 5166 ιι
2268 5152 2285 5179 ,
2330 5124 2461 5169 Αυτ
2499 5122 2734 5171 Ριιιῑοιῑδ
2773 5123 3020 5168 CONTRA
3079 5121 3368 5168 ιιιιιιισοε
3428 5118 3754 5171 νωιυιςιιιι,

559 5226 686 5271 ΔΟΤ
725 5222 928 5269 ΔΝΙΜΟ
971 5220 1310 5275 DBFICBRE,
1353 5217 1630 5271 ρυΑιινιε
1671 5219 1905 5263 PETENS
1949 5221 2058 5264 ΝΘΕ

2165 5224 2454 5281 εοιΡιΑτς
2501 5225 2582 5268 ET
2625 5225 2705 5268 AD
2745 5224 3021 5270 HARITOS
3067 5224 3151 5267 DE
3193 5222 3352 5267 PACE
3395 5219 3560 5266 ERGA
3589 5216 3758 5262 υιο-

559 5324 673 5368 ιιεε
712 5319 1193 5367 CONSERVANDA.

1843 5467 2080 5479 ——-—__.

553 5573 606 5626 1.
662 5571 880 5626 Fructus
920 5584 1208 5624 sermonum
1243 5575 1392 5621 antea
1416 5565 1722 5620 habitorum.
1755 5563 2065 5620 Publicanus

481 5662 626 5716 limes
649 5661 856 5714 ultimas
888 5659 1116 5713 malitia.
1145 5685 1216 5698 —-
1256 5656 1472 5726 Magnas
1497 5655 1646 5710 vobis
1687 5669 1787 5726 ago
1823 5655 2021 5726 gratias
2045 5696 2060 5720 ,

477 5748 626 5816 quod
642 5762 764 5802 cum
789 5747 952 5801 animi
977 5746 1248 5801 alacritate
1271 5744 1483 5801 habitos
1497 5745 1565 5801 de
1581 5745 1825 5816 precibus
1851 5759 2056 5800 sermo-

2086 5456 2178 5498 56

2187 5471 2436 5484 ...α-...ο

2171 5583 2266 5624 nes
2312 5570 2392 5640 (α)
2431 5571 2776 5642 exceperitis,
2807 5572 2950 5644 quod
2996 5573 3210 5629 beatum
3257 5586 3346 5628 me
3390 5569 3752 5627 reddideritis.

2230 5771 2305 5835 (α)
2327 5771 2690 5838 duysostmnus
2711 5784 2968 5822 sermones
2989 5770 3054 5821 de
3069 5769 3299 5834 precibus
3318 5767 3573 5818 habuerat.
