4060 6260
261 396 402 473 [555]
441 396 507 450 τὰ
564 397 822 468 ρήματας
872 397 1190 469 Ἐκδίκησόν
1226 414 1294 468 με
1340 398 1405 451 ἐκ
1454 399 1563 451 τῶν
1611 398 1821 470 ἐχθρῶν

260 510 359 565 μου
378 508 395 525 ·
419 488 587 555 δεῖξον
609 491 811 555 αὐτοῖς,
838 492 919 544 ὅτι
940 491 1073 545 Θεὸν
1101 491 1207 562 ἔχω
1234 493 1409 561 κάγώ.
1437 493 1509 545 Οὐ
1535 496 1673 567 τότε
1687 510 1822 564 μαν-

258 586 522 647 θάνουσιν,
544 582 819 654 ἄνθρωπε,
842 584 925 636 ὅτι
945 584 1077 637 Θεὸν
1103 584 1316 655 ἔχομεν,
1348 587 1476 639 ὅταν
1500 585 1823 654 ἀγανακτῶ-

259 693 373 748 μεν,
402 674 497 727 καὶ
529 672 897 745 όργιζώμεθα,
933 674 1027 727 καὶ
1054 674 1492 746 δυσχεραίνωμεν
1513 693 1526 706 °
1554 674 1667 729 ἀλλ’
1694 676 1823 728 ὅταν

256 768 507 827 ἐπιεικεῖς
539 759 712 836 ὦμεν,
744 766 838 819 καὶ
870 767 1056 835 πρᾶοι,
1105 766 1200 819 καί
1230 766 1453 837 ῆμεροι,
1489 767 1584 819 καὶ
1639 767 1823 819 πᾶσαν

256 854 508 924 ἀσκῶμεν
542 853 879 922 φιλοσοφίαν.
910 852 1067 907 Οῦτω
1106 854 1200 907 καὶ
1240 856 1269 907 ὁ
1306 854 1439 917 Θεὸς
1480 850 1601 907 εἶπε
1624 872 1639 886 ·
1665 860 1825 923 Λαμ-

255 942 418 1013 ¹ξίεοίτω
458 942 523 996 τὸ
557 942 682 1011 φῶς
726 944 892 1012 ὑμῶν
932 943 1274 1013 ἔμπροσθεν
1321 943 1441 998 τῶν
1477 943 1820 1012 ἀνθρώπων,

255 1031 407 1097 ὅπως
442 1030 613 1084 ιδωσι
638 1031 708 1084 τὰ
731 1032 888 1085 καλὰ
905 1034 1047 1103 ἔργα
1068 1032 1251 1102 ὑμῶν.
1276 1032 1371 1087 καί
1395 1032 1700 1092 δοξάσωσι
1719 1032 1826 1086 τὸν

252 1122 481 1189 Πατέρα
508 1120 676 1191 ὑμῶν
709 1122 814 1175 τὸν
858 1123 928 1176 ἐν
962 1123 1088 1189 τοῖς
1127 1123 1424 1190 οὐρανοῖς.
1470 1124 1584 1177 Οὐκ
1626 1124 1824 1185 ἐννοεῖς

251 1211 330 1264 ὅτι
378 1210 537 1281 ὕϐρις
582 1211 728 1263 ἐστὶν
763 1213 842 1275 εἰς
874 1212 965 1265 τὸν
1002 1212 1155 1279 Θεὸν,
1201 1212 1262 1265 τὸ
1304 1214 1475 1266 αἰτεῖν
1524 1212 1666 1267 κατά
1714 1212 1823 1265 τῶν

249 1300 457 1372 ἐχθρῶν
481 1301 573 1355 τὸν
600 1301 767 1366 Θεόν;
804 1302 913 1355 Καὶ
941 1302 1057 1366 πῶς
1092 1302 1250 1374 ὕϐρις
1281 1302 1397 1357 ἐστί
1424 1319 1438 1368 ;
1473 1303 1659 1373 φησίν.
1697 1303 1821 1358 ’Ότι

248 1390 406 1454 αὐτὸς
440 1386 611 1457 εἶπεν,
640 1392 909 1461 Εὐχεσθε
930 1392 1079 1460 ὑπὲρ
1109 1392 1229 1445 τῶν
1255 1390 1483 1461 ἐχθρῶν
1506 1394 1673 1463 ὑμῶν
1690 1432 1706 1459 ,
1731 1396 1824 1447 καὶ

246 1483 334 1536 τὸν
355 1483 500 1536 θεῖον
518 1482 701 1537 τοῦτον
721 1485 982 1555 εἰσήγαγε
1006 1483 1365 1554 νόμον.“’οταν
1377 1478 1466 1537 οῦν
1486 1483 1579 1537 τὸν
1604 1484 1824 1555 νομοθέ-

245 1591 343 1645 την
367 1573 542 1638 ἀξιοῖς
575 1575 701 1637 τοὺς
739 1575 973 1638 οἰκείους
1002 1573 1301 1645 παραλύειν
1334 1574 1549 1644 νόμους,
1590 1576 1684 1628 καὶ
1722 1593 1825 1629 πα-

244 1664 490 1737 ρακαλῇς
503 1666 665 1720 αὐτὸν
679 1667 1107 1737 ἀντινομοθετεῖν
1138 1665 1305 1736 αὐτῷ,
1334 1667 1430 1720 καὶ
1443 1667 1535 1720 τόν
1560 1684 1618 1720 σε
1644 1667 1820 1722 κωλύ-

245 1772 413 1808 σαντα
440 1755 797 1826 κατεύχεσθαι
825 1757 931 1809 τῶν
963 1757 1172 1829 ἐχθρῶν
1196 1758 1443 1832 ἱκετεύῃς
1468 1759 1698 1813 ἀκοῦσαί
1724 1777 1817 1813 σου

242 1847 643 1918 κατευχομένου
658 1847 764 1901 τῶν
786 1849 1014 1921 ἐχθρῶν,
1035 1849 1283 1921 οὐξεῦχῃ
1304 1850 1463 1904 τοῦτο
1490 1851 1684 1916 ποιῶν,
1698 1852 1818 1905 οὐδὲ

239 1938 603 2009 παρακαλεῖς,
619 1939 734 1993 ἀλλ’
752 1940 817 1992 ὐϐ
825 1940 937 2011 ρίζε
945 1957 992 2005 ις
1006 1940 1095 1993 τὸν
1109 1940 1424 2012 νομοθέτην,
1438 1941 1533 1996 καὶ
1545 1946 1820 2014 παροινεῖς

236 2030 316 2093 εἰς
354 2030 452 2084 τὸν
491 2030 753 2100 μέλλοντα
786 2031 985 2084 διδόναι
1026 2049 1109 2085 σοι
1140 2031 1209 2085 τά
1242 2032 1422 2100 ἀγαθά
1463 2032 1532 2085 τά
1573 2032 1681 2087 ἀπὸ
1719 2033 1820 2103 τῆς

136 2190 137 2193 η
235 2120 427 2191 εὐχῆς.
456 2120 566 2173 Καὶ
593 2121 710 2185 πῶς
728 2121 954 2177 δυνατὸν
987 2124 1322 2195 ἀκουσθῆναι
1352 2125 1668 2196 εὐχόμενον,
1697 2125 1819 2179 εἰπέ

238 2227 349 2281 μοι,
388 2213 526 2265 ὅταν
565 2212 655 2267 τὸν
700 2213 962 2284 μέλλοντα
1007 2214 1224 2269 ἀκούειν
1256 2215 1602 2288 παροξύνῃς;
1634 2215 1820 2270 Ταῦτα

242 2304 345 2375 γὰρ
370 2304 545 2358 ποιῶν
576 2306 654 2369 εἰς
678 2305 949 2378 βάραθρον
977 2307 1076 2379 τήν
1101 2308 1308 2361 οἰκείαν
1337 2308 1498 2371 ὠθεῖς
1524 2309 1815 2381 σωτηρίαν,

238 2397 332 2448 καὶ
378 2396 522 2449 κατά
569 2396 818 2468 κρημνοῦ
853 2397 1016 2470 φέρῃ,
1046 2397 1138 2451 τὸν
1169 2398 1362 2470 ἐχθρὸν
1408 2401 1496 2452 ἐπ’
1532 2400 1685 2470 ὄψεσι
1718 2400 1815 2454 τύ·

236 2503 390 2540 πτων
422 2487 516 2540 τοῦ
546 2486 826 2557 βασιλέως.
861 2490 924 2541 Εἰ
951 2490 1060 2561 γὰρ
1097 2492 1192 2544 καὶ
1224 2490 1298 2563 μὴ
1323 2494 1443 2555 ταῖς
1474 2492 1630 2562 χερσί
1656 2492 1816 2546 τοῦτο

238 2582 438 2644 ποιεῖς,
475 2583 589 2644 τοῖς
623 2582 863 2652 ῥήμασιν
896 2581 1058 2637 αὐτὸν
1103 2582 1331 2647 τύπτεις
1358 2601 1371 2614 ·
1404 2584 1541 2655 ὅπερ
1575 2583 1695 2637 οὐδὲ
1728 2585 1819 2637 ἐπὶ

233 2669 349 2724 τῶν
378 2671 683 2741 ὁμοδούλων
722 2673 945 2743 ποιῆσαι
990 2674 1216 2745 τολμᾷς.
1261 2674 1540 2744 Τόλμησον
1572 2673 1701 2742 γοῦν
1727 2674 1820 2727 ἐπὶ

232 2759 503 2830 ἄρχοντος
530 2760 688 2813 τοῦτο
713 2762 937 2828 ποιῆσαι
959 2778 973 2793 ·
996 2764 1099 2815 κᾶν
1132 2762 1298 2833 μυρία
1322 2760 1390 2833 ᾗς
1413 2762 1814 2833 κατωρθωκὼς,

230 2850 339 2919 τὴν
371 2849 465 2902 ἐπὶ
491 2848 718 2904 θάνατον
744 2849 947 2913 εὐθέως
974 2851 1265 2921 ἀπαχθήσῃ
1302 2851 1537 2913 πάντως.
1568 2847 1699 2905 Εἶτα
1726 2851 1818 2903 ἐπὶ

231 2941 502 3011 ἄρχοντος
534 2941 632 3011 μὲν
660 2942 719 2994 οὐ
750 2941 950 3011 τολμᾷς
971 2941 1061 2993 τὸν
1086 2941 1347 3011 ὁμότιμον
1382 2941 1621 3010 ὑϐρίσαι,
1648 2942 1741 2994 ἐπὶ
1761 2941 1818 2994 δὲ

229 3032 334 3084 τοῦ
365 3030 503 3085 Θεοῦ
540 3031 698 3085 τοῦτο
733 3032 933 3096 ποιῶν,
970 3032 1094 3086 εἰπέ
1130 3050 1255 3102 μοι,
1295 3032 1356 3085 οὐ
1389 3032 1670 3102 φρίττεις,
1704 3032 1825 3084 οὐδὲ

229 3120 490 3184 δέδοικας
510 3122 567 3174 ἐν
589 3121 767 3193 καιρῷ
794 3122 1031 3193 δεήσεως
1054 3123 1146 3176 καί
1174 3122 1338 3192 εὐχῆς
1361 3121 1660 3193 ἀγριαίνων
1682 3121 1826 3176 οὕτω

231 3212 337 3265 καὶ
380 3211 831 3284 ἐκθηριούμενος,
881 3215 977 3269 καὶ
1026 3215 1249 3286 μείζονα
1278 3215 1671 3287 ἀγνωμοσύνην
1704 3217 1826 3269 ἐπι-

230 3300 591 3372 δεικνύμενος
641 3303 736 3356 τοῦ
788 3304 857 3357 τά
910 3305 1104 3358 ἑκατὸν
1150 3306 1510 3370 ἀπαιτοῦντος
1554 3307 1828 3380 δηνάρια;

232 3393 369 3447 Ὅτι
399 3391 508 3463 γὰρ
534 3393 745 3447 ἐκείνου
775 3395 840 3448 σὺ
876 3396 1073 3466 μᾶλλον
1103 3396 1371 3469 ὑϐρίζεις,
1400 3398 1570 3467 αὐτῆς
1597 3399 1828 3452 ἄκουσον

230 3484 339 3554 τῆς
372 3484 631 3555 ἱστορίας.
656 3485 843 3557 Μύρια
868 3487 1105 3543 τάλαντα
1133 3488 1332 3558 ὤφειλέ
1358 3504 1441 3552 τις
1460 3488 1536 3559 τῷ
1555 3489 1792 3562 δεσπότῃ
1810 3506 1825 3521 ο

233 3571 365 3629 εἷτα
392 3574 493 3628 οὐκ
533 3574 671 3645 ἔχων
711 3576 1026 3642 ἀποδοῦναι,
1057 3578 1211 3649 ήξίου
1249 3578 1699 3650 μακροθυμῆσαι,
1741 3580 1829 3633 ῖνα

232 3662 548 3733 πραθείσης
579 3664 746 3719 αὐτοῦ
785 3666 885 3737 τῆς
936 3668 1194 3736 γυναικὸς
1238 3669 1335 3722 καὶ
1382 3669 1482 3740 τῆς
1519 3669 1695 3733 οἰκίας
1734 3669 1830 3723 καὶ

230 3751 353 3804 τῶν
396 3752 625 3819 παίδων,
673 3753 995 3826 διαλύσηται
1042 3758 1103 3811 τὸ
1139 3758 1357 3830 ὄφλημα
1397 3759 1457 3812 τὸ
1487 3759 1825 3814 δεσποτικόν.

246 3840 405 3895 ’ἰδὼν
441 3842 498 3895 δὲ
550 3844 712 3897 αὐτὸν
753 3845 1076 3918 ὀδυρόμενον
1121 3850 1149 3900 ὁ
1196 3849 1466 3920 δεσπότης
1522 3850 1826 3922 κατηλέησε

233 3934 334 3988 καὶ
365 3933 438 3987 τὰ
485 3934 655 4005 μύρια
683 3938 861 4007 ἀφῆκε
897 3937 1157 3993 τάλαντα.
1205 3939 1470 4003 Ἐξελθὼν
1494 3940 1701 4003 ἐκεῖνος
1734 3940 1827 3994 καὶ

230 4023 424 4097 εὑρὼν
437 4025 652 4097 οἰκέτην
674 4028 859 4099 ἕτερον
876 4028 1159 4097 ὀφείλοντα
1181 4028 1330 4098 αὐτῷ
1360 4028 1592 4099 δηνάρια
1608 4028 1825 4095 ἑκατὸν,

233 4116 433 4187 ἄγχων
475 4116 673 4186 ἀπῄτει
721 4117 859 4187 μετὰ
903 4118 1104 4189 πολλῆς
1134 4120 1232 4190 τῆς
1272 4119 1555 4190 ὠμότητος
1601 4120 1696 4173 καί
1729 4121 1827 4191 τῆς

233 4209 665 4281 ἀπανθρωπίας.
715 4212 979 4276 Ἀκούσας
1008 4213 1182 4268 ταῦτα
1212 4216 1240 4266 ὁ
1278 4214 1542 4285 δεσπότης
1575 4214 1826 4268 ἐνέϐαλεν

235 4302 412 4355 αὐτὸν
444 4302 523 4365 εἰς
570 4303 631 4355 τὸ
672 4302 1071 4375 δεσμωτήριον,
1106 4306 1201 4357 καὶ
1241 4286 1289 4355 ὂή
1316 4306 1577 4375 πρότερον
1616 4306 1826 4374 ἀφῆκεν

234 4392 470 4463 ὄφλημα
491 4393 598 4446 τῶν
626 4395 831 4463 μυρίων
857 4396 1154 4457 ταλάντων,
1185 4396 1451 4465 ἐπέθηκεν
1471 4397 1618 4466 αὐτῷ
1643 4396 1823 4459 πάλιν,

235 4485 340 4537 καὶ
361 4483 466 4554 τῆς
490 4486 569 4547 εἰς
594 4485 684 4536 τὸν
705 4485 986 4539 σύνδουλον
1015 4485 1295 4555 ὠμότητος
1320 4486 1489 4540 ἐδωκε
1516 4487 1614 4555 τὴν
1650 4504 1823 4556 τιμω-

237 4576 372 4644 ρίαν
404 4574 630 4640 ἐκεῖνος.

317 4665 412 4737 ιβί.
450 4666 522 4719 Σὺ
549 4667 603 4720 δὲ
628 4668 877 4721 κάκείνου
905 4666 1002 4721 θέα
1026 4667 1190 4720 πόσον
1214 4666 1689 4737 ἀγνωμονέστερος
1727 4666 1822 4720 καὶ

1434 279 1571 338 NON
1605 282 1776 339 ESSE
1812 284 2351 344 DESPERANnUM.

3396 276 3503 331 εει

1926 396 2386 466 ἀναισθητότερος
2411 395 2642 465 γέγονας
2663 437 2677 461 ,
2711 396 2820 449 τῶν
2846 392 3055 465 ἐχθρῶν
3082 392 3504 462 κατευχόμενος.

1934 475 2173 537 Ἐκεῖνος
2216 474 2338 542 οὐχί⁹
2364 471 2454 525 τὸν
2490 471 2758 541 δεσπότην
2812 470 2964 540 ἠξίου
3015 469 3316 539 ἀπαιτῆσαι
3342 509 3357 531 ,
3386 470 3502 522 ἀλλ’

1921 553 2083 615 αὐτὸς
2125 549 2321 621 ἀπῄτει
2356 549 2423 603 τά
2454 549 2647 602 ἑκατὸν
2672 548 2934 620 δηνάριαο
2972 548 3035 600 σὺ
3075 548 3130 600 δὲ
3166 547 3374 600 καὶτὸν
3406 550 3504 600 Δε-

1925 630 2130 698 σπότην
2176 626 2273 680 ἐπὶ
2308 628 2406 697 τὴν
2448 627 2747 697 ἀπαίτησιν
2776 625 2981 694 ταύτην
3022 624 3119 695 τὴν
3151 624 3506 694 ἀναίσχυντον

1923 707 2019 759 καὶ
2045 704 2436 775 κεκωλυμένην
2468 704 2828 774 παρακαλεῖς.
2861 703 3128 765 Κάκεῖνος
3163 703 3260 773 μὲν
3288 700 3388 756 οὐκ
3413 705 3505 757 ἐπ’

1923 783 2079 853 ὂψεσι
2105 781 2197 835 τοῦ
2225 781 2439 851 κυρίου,
2475 782 2589 835 ἀλλ’
2629 781 2735 846 ἔξω
2771 781 2861 833 τὸν
2893 779 3177 833 σύνδουλον
3216 776 3355 850 ἦγχε
3378 796 3394 811 ο
3439 783 3504 834 σὺ

1923 863 1979 915 δὲ
2011 863 2069 914 ἐν
2114 858 2264 929 αὐτῷ
2308 858 2385 930 τῷ
2415 857 2591 930 καιρῷ
2634 859 2732 928 τῆς
2764 858 2931 927 εὐχῆς
2979 856 3085 926 πρὸ
3113 856 3205 909 τοῦ
3240 856 3507 925 βασιλέως

1924 940 2093 1002 ἐστὼς
2117 940 2292 992 ταῦτα
2324 940 2516 1000 ποιεῖς.
2543 938 2607 989 Εἰ
2642 937 2699 990 δὲ
2740 938 2947 997 ἐκεῖνος
2972 934 3097 987 οὕτε
3123 935 3214 987 τὸν
3234 934 3503 1005 δεσπότην

1926 1020 2080 1093 [554]
2110 1019 2499 1092 παρακαλέσας
2529 1019 2622 1072 ἐπὶ
2654 1018 2752 1089 τὴν
2791 1016 3112 1087 ἀπαίτησιν,
3147 1018 3244 1069 καὶ
3276 1018 3419 1088 μετὰ
3442 1020 3504 1070 τὸ

1924 1103 2162 1169 ἐξελθεῖν
2200 1101 2374 1155 ταῦτα
2413 1101 2605 1166 ποιῶν,
2659 1101 2917 1169 οὐδεμιᾶς
2953 1100 3110 1169 ἔτυχε
3150 1100 3502 1169 συγγνώμης,

1926 1187 1991 1239 σὺ
2030 1186 2126 1239 καὶ
2164 1186 2255 1239 τὸν
2300 1188 2576 1256 Δεσπότην
2612 1186 2705 1235 ἐπί
2735 1184 2832 1253 τὴν
2860 1182 3247 1253 κεκωλυμένην
3293 1183 3503 1253 ταύτην

1924 1269 2128 1323 ἔκτισιν
2154 1269 2456 1341 διεγείρων,
2479 1269 2573 1321 καί
2596 1267 2682 1318 ἐπ’
2706 1266 2890 1334 ὄψεσιν
2910 1266 2975 1318 αὐ
2985 1265 3073 1317 τοῦ
3107 1267 3280 1319 ταῦτα
3312 1267 3500 1329 ποιῶν,

1924 1353 2084 1408 ποίαν
2128 1353 2188 1405 οὐ
2253 1351 2443 1415 δώσεις
2486 1350 2780 1421 τιμωρίαν,
2814 1349 2938 1401 εἰπέ
2984 1360 3115 1418 μοις
3165 1349 3325 1403 Ἀλλά
3374 1348 3503 1418 φλε-

1924 1436 2147 1506 γμαίνει
2176 1452 2269 1488 σου
2297 1436 2361 1505 τῇ
2393 1434 2583 1505 μνήμῃ
2603 1433 2700 1503 τῆς
2722 1431 2919 1501 ἔχθρας
2937 1433 2970 1501 ή
2992 1432 3197 1484 διάνοια
3228 1433 3322 1485 καὶ
3348 1434 3500 1495 οἰδεῖ,

1924 1519 2019 1571 καὶ
2042 1518 2340 1590 ἀνέστηκεν
2364 1520 2397 1587 ή
2430 1515 2647 1587 καρδία,
2680 1516 2777 1567 καί
2804 1513 2898 1567 τοῦ
2915 1512 3279 1583 λελυπηκότος
3307 1517 3503 1584 ἀναμι-

1929 1601 2302 1672 μνησκόμενος
2334 1600 2395 1651 οὐ
2424 1598 2648 1652 δύνασαι
2679 1597 3027 1650 καταστεῖλαι
3072 1597 3133 1649 τὸ
3165 1597 3366 1667 οἴδημα
3394 1597 3505 1649 τῶν

1924 1684 2233 1755 λογισμῶν;
2273 1682 2413 1735 Ἀλλ’
2441 1682 2765 1751 ἀντίπησον
2793 1683 2861 1751 τῇ
2893 1680 3173 1751 φλεγμονῇ
3201 1681 3372 1751 ταύτῃ
3407 1681 3505 1751 τὴν

1924 1768 2032 1821 ἀπὸ
2061 1767 2173 1819 τῶν
2221 1765 2329 1819 σῶν
2360 1765 2775 1837 ἁμαρτημάτων
2826 1765 3068 1834 μνήμην,
3120 1764 3211 1815 τὸν
3257 1764 3366 1816 ἀπὸ
3406 1764 3506 1833 τῆς

1927 1850 2227 1923 μελλούσης
2284 1848 2558 1911 κολάσεως
2609 1848 2793 1917 φόϐον.
2862 1846 3266 1917 ’Δναμνήσθητι
3322 1846 3505 1899 πόσων

1925 1934 2226 1997 ὑπεύθυνος
2261 1928 2314 1986 εἴ
2339 1932 2419 2002 τῷ
2467 1931 2713 2002 Δεσπότῃ
2733 1970 2747 1995 ,
2784 1930 2879 1982 καὶ
2906 1931 2989 1982 ὅτι
3033 1934 3251 1982 πάντων
3281 1930 3507 1982 ἐκείνων

1922 2018 2079 2082 δίκας
2108 2016 2343 2086 ὀφείλεις
2388 2014 2561 2085 αὐτῷ,
2604 2016 2699 2067 καὶ
2733 2014 3001 2084 κρατήσει
3036 2012 3255 2075 πάντως
3299 2007 3450 2075 οὗτος
3477 2014 3507 2065 ὁ

1925 2102 2088 2173 φόϐος
2112 2101 2211 2171 τῆς
2237 2100 2408 2172 ὀργῆς
2432 2098 2669 2170 ἐκείνης,
2703 2096 2892 2168 ἐπειδὴ
2921 2098 3015 2149 καὶ
3046 2096 3179 2149 πολὺ
3209 2093 3507 2147 δυνατώτε-

1928 2202 2020 2257 ρον
2043 2183 2202 2237 τοῦτο
2241 2182 2453 2235 ἐκείνου
2487 2179 2582 2234 τοῦ
2628 2180 2856 2243 πάθους.
2908 2177 3317 2249 Ἀναμνήσθητι
3362 2178 3510 2246 γεέν-

1923 2285 2019 2338 νης
2052 2267 2145 2320 καὶ
2182 2266 2454 2328 κολάσεως
2480 2265 2574 2317 καί
2597 2262 2869 2334 τιμωρίας
2890 2263 3031 2315 κατά
3066 2262 3159 2315 τὸν
3191 2260 3382 2331 καιρὸν
3405 2261 3506 2331 τῆς

1923 2350 2113 2420 εὐχῆς,
2140 2350 2235 2403 καὶ
2263 2348 2385 2401 οὐδὲ
2426 2349 2506 2411 εἰς
2544 2346 2670 2400 νοῦν
2698 2346 2881 2398 λαϐεῖν
2924 2346 3131 2418 δυνήσῃ
3169 2344 3260 2397 τὸν
3292 2344 3501 2416 ἐχθρόν.

1924 2431 2220 2503 Σύντριψον
2269 2431 2367 2500 τἠν
2403 2429 2664 2495 διάνοιαν,
2715 2429 3053 2482 ταπείνωσον
3095 2428 3193 2499 τήν
3218 2427 3395 2498 ψυχὴν
3436 2431 3504 2498 τῇ

1926 2518 2117 2588 μνήμῃ
2141 2515 2250 2567 τῶν
2287 2532 2368 2567 σοι
2401 2512 2768 2584 πεπλημμελη
2779 2513 2978 2583 μένων,
3014 2513 3109 2565 καλ⁸
3141 2512 3264 2564 οὐδὲ
3292 2512 3508 2582 ἐνοχλῆ-

1926 2615 2016 2652 σαι
2045 2596 2331 2669 δυνήσεταί
2359 2614 2438 2649 σοι
2466 2596 2655 2667 θυμός.
2695 2596 2856 2649 Ἀλλά
2885 2595 3043 2649 τοῦτό
3064 2597 3180 2647 ἐστι
3200 2593 3261 2647 τὸ
3291 2594 3507 2648 πάντων

1924 2682 2096 2736 αἴτιον
2118 2680 2225 2734 τῶν
2247 2679 2455 2743 κακῶν,
2482 2680 2564 2732 ὄτι
2586 2679 2655 2732 τὰ
2678 2679 2777 2750 μὲν
2804 2678 2912 2732 τῶν
2938 2678 3112 2733 ἀλλων
3133 2678 3505 2747 ἁμαρτήματα

1927 2763 2067 2834 μετά
2105 2763 2309 2833 πολλῆς
2334 2763 2658 2833 ἐξετάζομεν
2693 2763 2792 2832 τῆς
2820 2762 3124 2833 ἀκριϐείας,
3168 2761 3236 2812 τά
3271 2760 3327 2813 δὲ
3369 2760 3508 2830 ἠμέ-

1922 2863 2060 2917 τερα
2096 2846 2235 2915 μετὰ
2277 2847 2481 2917 πολλῆς
2529 2845 3016 2917 παραπεμπόμεθα
3062 2844 3159 2914 τῆς
3210 2844 3501 2914 ῥᾳθυμίας.

1924 2930 2249 2983 Τούναντίον
2309 2930 2367 2981 δὲ
2412 2933 2587 2983 ποιεῖν
2636 2930 2836 2999 ἐχρῆν
2872 2928 2940 2981 τὰ
2987 2929 3087 2998 μὲν
3131 2928 3308 2979 οἰκεῖα
3359 2928 3507 2980 κακὰ

1920 3012 2130 3084 άληστα
2179 3013 2349 3082 ἔχειν,
2398 3012 2507 3064 τῶν
2553 3012 2609 3065 δέ
2654 3010 2951 3080 ἀλλοτρίων
2986 3009 3260 3080 μηδέποτε
3297 3009 3506 3061 ἔννοιαν

1920 3094 2241 3166 λαμϐάνειν.
2274 3097 2372 3147 Ἂν
2401 3092 2560 3147 τοῦτο
2598 3093 2862 3164 ποιῶμεν,
2909 3094 3004 3145 καί
3036 3092 3128 3145 τὸν
3154 3092 3286 3145 Θεὸν
3310 3092 3506 3163 ἕξομεν

1923 3178 2082 3231 ἵλεων
2103 3219 2118 3245 ,
2151 3178 2247 3231 καὶ
2282 3180 2395 3241 τοῖς
2417 3176 2646 3246 πλησίον
2678 3175 3000 3246 παυσόμεθα
3030 3174 3270 3228 ἀθάνατα
3293 3176 3507 3246 ὀργιζό-

1927 3277 2099 3331 μενοι,
2132 3258 2228 3313 καὶ
2259 3258 2452 3331 ἐχθρὸν
2476 3260 2664 3312 οὐδένα
2704 3259 2957 3311 οὐδέποτε
2988 3258 3181 3328 ἕξομεν
3206 3272 3219 3286 ⁸
3254 3260 3303 3311 εἰ
3329 3258 3385 3310 δὲ
3413 3259 3507 3311 καὶ

1927 3341 2199 3413 σχοίημὲν
2234 3358 2390 3405 ποτε,
2422 3340 2632 3411 ταχέως
2666 3342 2759 3394 καί¹
2790 3341 2889 3411 τὴν
2933 3339 3230 3411 ἀπέχθειαν
3268 3340 3506 3394 καταλύ-

1930 3440 2119 3493 σομεν,
2166 3424 2260 3477 καὶ
2291 3424 2401 3476 τῶν
2448 3424 2665 3476 οἰκείων
2700 3425 3113 3494 ἁμαρτημάτων
3155 3427 3379 3500 ταχεῖαν
3407 3424 3502 3477 λά-

1930 3509 2116 3576 ϐωμεν
2140 3519 2166 3548 ι
2192 3506 2561 3577 συγχώρησιν.
2592 3507 2803 3578 Ὥσπερ
2824 3509 2934 3577 γὰρ
2955 3508 2983 3559 ὁ
3012 3506 3090 3577 τῷ
3114 3507 3341 3577 πλησίον
3370 3524 3505 3578 μνη-

1929 3591 2172 3645 σικακῶν
2192 3591 2293 3644 οὐκ
2305 3592 2500 3662 ἀφίησι
2526 3590 2624 3661 τὴν
2649 3591 2743 3644 ἐπὶ
2764 3593 2877 3654 τοῖς
2904 3591 3125 3653 οἰκείοις
3140 3591 3506 3662 ἁμαρτήμασι

1928 3674 2299 3745 καταλυθῆναι
2344 3674 2587 3740 κόλασιν,
2626 3673 2799 3737 οὓτως
2842 3676 2871 3727 ό
2912 3672 3151 3744 καθαρὸς
3193 3672 3269 3726 ὢν
3310 3674 3502 3745 ὀργῆς,

1928 3758 2165 3828 καθαρὸς
2212 3758 2308 3811 καὶ
2356 3755 2771 3828 ἁμαρτημάτων
2805 3754 2960 3809 ἔσται
3001 3756 3228 3826 ταχέως.
3279 3757 3343 3809 Εἰ
3395 3758 3502 3827 γὰρ

1927 3842 2091 3911 ἡμεῖς
2126 3841 2175 3893 οἰ
2216 3840 2443 3909 πονηροὶ
2466 3839 2560 3892 καὶ
2588 3839 2744 3910 θυμῷ
2789 3837 3151 3903 δουλεύοντες,
3184 3838 3272 3891 διὰ
3306 3838 3369 3891 τὸ
3405 3838 3501 3891 τοῦ

1926 3920 2077 3976 Θεοῦ⁸
2118 3922 2448 3994 πρόσταγμα
2496 3924 2674 3977 πάντα
2718 3923 2789 3976 τὰ
2836 3924 2919 3986 εἰς
2969 3923 3115 3993 ἡμᾶς
3170 3920 3501 3993 παρορῶμεν

1925 4006 2302 4078 ἁμαρτήματα
2328 4046 2344 4071 ,
2409 4005 2590 4077 πολλῷ
2645 4006 2847 4077 μᾶλλον
2902 4009 2931 4060 ό
2981 4004 3362 4076 φιλάνθρωπος
3406 4006 3502 4059 καὶ

1926 4090 2132 4159 ἀγαθὸς
2156 4090 2252 4143 καὶ¹
2277 4091 2478 4155 παντὸς
2504 4090 2742 4158 καθαρὸς
2757 4089 2832 4142 ὢν
2861 4090 3065 4153 πάθους
3088 4087 3500 4160 παραϐλέψεται

1926 4174 2084 4246 ἡμῶν
2127 4175 2195 4227 τά
2224 4174 2671 4245 πλημμελήματα
2694 4215 2709 4239 ,
2739 4176 2838 4246 τῆς
2864 4177 2945 4238 εἰς
2974 4175 3063 4227 τὸν
3094 4173 3319 4244 πλησίον
3353 4170 3500 4241 φιλο-

1927 4257 2222 4327 φροσύνης,
2257 4258 2315 4309 ἐν
2344 4260 2408 4328 τῇ
2436 4258 2543 4310 τῶν
2587 4259 2802 4311 οἰκείων
2831 4257 3243 4328 ἁμαρτημάτων
3291 4272 3500 4324 συγχω-

1927 4340 2107 4410 ρήσει,
2137 4341 2235 4410 τὴν
2255 4340 2489 4409 ἀμοιϐὴν
2516 4343 2650 4410 ἡμῖν
2676 4341 2958 4404 ἀποδιδούς
2977 4358 2992 4372 ·
3026 4337 3093 4413 ἧς
3126 4341 3337 4409 γένοιτο
3367 4338 3502 4391 πάνο

1925 4440 2024 4486 τας
2066 4424 2214 4492 ήμᾶς
2262 4426 2559 4492 ἐπιτυχεῖν,
2604 4424 2788 4493 χάριτι
2835 4427 2924 4478 καὶ
2978 4424 3357 4495 φιλανθρωπίᾳ
3405 4421 3497 4476 τοῦ

1925 4505 2132 4575 Κυρίου
2158 4504 2315 4575 ήμῶν
2357 4504 2530 4575 Ἰησοῦ
2570 4506 2830 4575 Χριστοῦ,
2867 4500 2911 4574 ᾧ
2938 4509 2972 4576 ή
3003 4506 3131 4570 δόξα
3155 4506 3333 4560 καὶτὸ
3363 4505 3499 4576 κράν-

1923 4602 2036 4649 τος,
2065 4589 2145 4650 εἰς
2170 4588 2298 4650 τοὺς
2337 4588 2541 4650 αἰῶνας
2567 4588 2675 4642 τῶν
2709 4588 2941 4643 αἰώνων.
2988 4587 3183 4659 ’Δμήν.

1988 4675 2016 4707 ⁸
2048 4674 2161 4725 Cod.
2185 4675 2276 4723 748
2299 4677 2478 4731 ἕξομεν.

264 4912 399 4921 -ι--ι-
408 4910 1015 4919 —-—.—-————.——.
1030 4912 1267 4918 .____.__—
1276 4908 2855 4919 _—-—-—.m--_.~.—.ﬂ‘.m——.-o—————-———
2866 4910 2895 4917 .-

235 5088 390 5160 Rep!
412 5090 519 5145 τοῦ
541 5088 637 5176 μὴ.
650 5087 1536 5176 ἀπςγινώσκεινητινὰςόααςῶν,
1548 5089 1701 5176 μηδὲ
1720 5090 2120 5176 κατεύχεσθαί
2131 5089 2255 5143 τῶν
2273 5090 2523 5176 χθρῶν,
2536 5090 2690 5171 μηδέ
2726 5092 3197 5176 ἀπαγορεύειν-ὲν
3214 5091 3289 5158 τῷ
3300 5092 3387 5162 μὴ

602 5158 925 5229 λαμϐάνειν
952 5158 1292 5225 αἰτοῦντας·
1329 5160 1428 5213 καί
1464 5160 1615 5227 πρὸς
1635 5158 1857 5228 ἄνδρας
1879 5159 2011 5228 περὶ
2050 5159 2160 5228 τῆς
2196 5160 2347 5229 πρὸς
2370 5162 2478 5229 τὰς
2509 5158 2796 5232 γυναῖκας
2816 5158 3078 5231 εἰρήνης.

317 5563 394 5613 α’.
420 5556 626 5621 Πολλὰς
652 5557 778 5628 ύμῖν
809 5555 916 5628 ἔχω
948 5556 1194 5627 χάριτας,
1228 5556 1310 5608 ὃτι
1337 5554 1474 5626 μετά
1503 5552 1813 5625 προθυμίας

241 5651 382 5714 τοὺς
401 5648 647 5725 περὶτῆς
688 5647 854 5720 εὐχῆς
882 5647 1133 5716 ἐδέξασθε
1162 5648 1371 5715 λόγους,
1417 5647 1497 5700 ὅτι
1526 5664 1592 5717 με
1626 5644 1813 5717 μακά-

596 5762 837 5823 Pyrno:
857 5805 871 5824 .
911 5762 1027 5823 Gn.
1078 5762 1173 5825 LI-

1832 5362 1893 5373 ww

1924 5572 2037 5625 ριον
2086 5555 2393 5625 ἐποιήσατε.
2435 5554 2737 5622 Μακάριος
2780 5554 2887 5629 γὰρ
2931 5559 2963 5610 ὀ
3004 5559 3195 5625 λέγων
3248 5557 3335 5624 εἰς
3376 5553 3499 5613 ὦτα

1919 5646 2278 5703 ἀκουόντων.
2314 5648 2426 5700 Οὐκ
2455 5647 2563 5700 ἀπὸ
2600 5646 2708 5702 τῶν
2742 5647 2951 5719 κρότων
2992 5649 3083 5702 καὶ
3114 5648 3220 5702 τῶν
3258 5651 3493 5705 ἐπαίνων

3123 5759 3201 5820 23
