4060 6260
494 250 607 311 365

491 374 683 446 μόνον,
722 373 861 428 ἀλλά
898 374 994 429 καὶ
1032 376 1125 444 ἀφ’
1167 370 1241 429 ὧν
1274 374 1566 439 ποιοῦντας
1595 371 1758 442 εἶδον,
1792 375 2072 446 ἐπείσθην.

498 464 650 540 [555]
679 468 808 521 Ὅτε
853 466 963 538 γὰρ
993 467 1122 537 ὑμῖν
1154 468 1429 540 παρῄνουν
1458 468 1534 540 μὴ
1572 468 1936 538 κατεύχεσθαι
1969 468 2078 523 τῶν

497 558 729 630 ἐχθρῶν,
766 558 864 611 καὶ
889 559 1075 626 ἔλεγον
1100 559 1183 612 ὅτι
1214 559 1307 612 τὸν
1336 559 1471 613 Θεὸν
1507 558 1885 631 παροξύνομεν
1918 557 2078 612 τοῦτο

496 651 773 712 ποιοῦντες
792 689 806 711 ,
838 649 931 703 καὶ
963 650 1484 723 ἀντινομοθετοῦμεν
1532 651 1681 724 αὐτῷ
1718 653 1736 722 (
1765 651 1929 716 αὐτὸς
1967 651 2076 723 γὰρ

481 736 671 802 «εἶπεν,
700 740 969 809 Εὕχεσθε
997 740 1149 809 ὑπὲρ
1185 739 1303 795 τῶν
1329 741 1579 811 ἐχθρῶν,
1612 746 1776 815 ἡμεῖς
1804 743 1862 797 δέ
1887 761 2076 798 κατευ-

492 833 722 904 ,χόμενοι
749 833 859 885 τῶν
882 833 1115 904 ἐχθρῶν,
1138 835 1398 906 ἀξιοῦμεν
1418 837 1578 890 αὐτὸν
1594 836 1684 890 τὸν
1700 836 1894 890 ἐαυτοῦ
1914 836 2074 891 λῦσαι

492 923 717 993 νόμον),
752 924 843 976 ὅτε
878 921 974 977 οὖν
1003 923 1174 978 ταῦτα
1206 926 1300 980 καὶ
1335 926 1403 980 τά
1433 926 1666 981 τοιαῦτα·
1689 927 1908 997 ελεγον,
1941 929 2072 982 πολ-

487 1013 616 1077 λοὺς
649 1014 708 1067 ἐν
749 1014 877 1085 ὑμῖν
908 1010 1048 1069 εἶδον
1079 1016 1347 1086 πρόσωπα
1386 1018 1689 1082 τύπτοντας
1721 1019 1817 1072 καὶ
1860 1020 2032 1091 στήθη
2053 1057 2069 1082 ,

492 1106 851 1171 στενάζοντας
879 1105 1110 1178 πικρῶς,
1138 1108 1218 1169 εἰς
1240 1108 1332 1162 τὸν
1359 1109 1587 1180 οὐρανὸν
1602 1108 1700 1173 τὰς
1731 1110 1919 1180 χεῖρας
1938 1110 2072 1163 ἀνα-

488 1199 786 1262 τείνοντας,
826 1196 1158 1270 συγγνώμην
1190 1198 1478 1265 αἰτοῦντας
1512 1199 1641 1271 περὶ
1672 1198 1782 1253 τῶν
1815 1198 2071 1253 τοιούτων

487 1290 690 1360 αὐχῶν.
710 1290 845 1343 Τότε
865 1291 923 1344 δέ
945 1291 1039 1346 καὶ
1059 1289 1171 1360 ἐγὼ
1184 1290 1308 1355 τοὺς
1321 1290 1632 1361 ὀφθαλμοὺς
1646 1292 1726 1355 είς
1744 1290 1834 1344 τὸν
1845 1290 2073 1362 οὐρανὸν

482 1382 798 1447 ἀνατείνας,
835 1384 1219 1455 ηὐχαρίστησα
1244 1380 1320 1452 τῷ
1348 1382 1485 1452 Θεῷ,
1523 1382 1605 1436 ὅτι
1634 1381 1777 1437 οὕτω
1804 1384 2016 1455 ταχέως
2043 1385 2072 1436 6

491 1470 644 1541 λόγος
689 1473 786 1543 τῆς
843 1472 1197 1536 διδασκαλίας
1244 1471 1338 1525 τὸν
1390 1472 1603 1543 καρπὸν
1662 1473 1795 1544 ἡμῖν
1846 1473 2068 1546 ήνεγκε.

490 1560 742 1618 Τοιοῦτον
780 1565 890 1635 γὰρ
942 1567 972 1617 6
1021 1564 1224 1635 σπόρος
1277 1565 1306 1617 6
1350 1564 1751 1635 πνευματικός·
1788 1564 1848 1618 οὐ
1900 1564 2072 1619 δεῖται

488 1656 779 1723 ἐνιαυτῶν,
809 1657 931 1711 οὐδὲ
967 1656 1199 1729 χρόνων,
1236 1656 1359 1711 οὐδέ
1414 1655 1659 1728 ἡμερῶν,
1686 1656 1822 1713 ἀλλὰ
1850 1657 1915 1713 ἂν
1946 1659 2072 1711 ἐπι-

486 1744 719 1816 λάϐηται
756 1745 938 1817 ψυχῆς
966 1746 1260 1814 γενναίας,
1292 1745 1504 1809 εὐθέως
1535 1747 1628 1800 τὸν
1659 1746 1861 1818 στάχυν
1900 1747 2077 1818 ἀκμά-

486 1836 649 1901 ζοντα
693 1839 790 1893 καὶ
837 1838 1255 1909 ἀπηρτισμένου
1293 1838 1571 1893 δείκνυσιν
1597 1854 1612 1869 ·
1644 1838 1680 1891 ὃ
1719 1837 1776 1891 δὲ
1817 1838 1912 1893 καὶ
1944 1840 2072 1910 χθὲς

484 1929 706 1997 γέγονεν
728 1928 820 1999 ὐφ’
847 1929 1024 2000 ὑμῶν.
1068 1926 1377 1984 Κατέσαλον
1402 1928 1559 1997 λόγον
1586 1928 1947 1995 κατανύξεως,
1978 1932 2071 1984 καὶ

486 2020 784 2093 ἐϐλάστησε
816 2021 1120 2093 στεναγμὸς
1146 2019 1586 2093 ἐξομολογήσεως
1608 2064 1623 2089 ,
1652 2023 1952 2094 στεναγμὸς
1976 2041 2070 2077 πο-

488 2113 584 2167 λύν
612 2112 752 2184 ἔχων
781 2112 872 2167 τὸν
898 2112 1129 2167 πλοῦτον
1149 2112 1257 2167 τῶν
1287 2112 1529 2181 ἀγαθῶν.
1559 2113 1622 2166 Εἰ
1650 2112 1802 2184 γάρό
1831 2112 2071 2185 τελώνης

489 2207 723 2271 ἐκεῖνος,
754 2206 843 2259 ἵνα
870 2205 932 2260 τὸ
960 2205 1156 2278 στῆθος
1187 2204 1409 2260 τύπτων
1446 2205 1599 2279 εἴπῃ,
1635 2205 1942 2274 Ἰλάσθητί
1964 2224 2069 2277 μοι

484 2291 561 2359 τῷ
586 2294 915 2365 ἁμαρτωλῷ
934 2336 949 2361 ,
986 2296 1197 2369 ἀπῆλθε
1223 2297 1644 2369 δεδικαιωμένος
1676 2298 1815 2371 ὐπέρ
1840 2298 1934 2353 τὸν
1960 2299 2069 2352 Φαρ

486 2391 715 2459 ρισαῖον,
749 2389 922 2460 πόσην
950 2390 1096 2454 εἰκὸς
1123 2392 1273 2462 ἡμᾶς
1302 2390 1608 2461 κτήσασθαι
1640 2392 1977 2464 παρρησίαν,
2004 2393 2063 2444 ἐν

485 2480 676 2550 βραχεῖ
712 2479 890 2550 χρόνῳ
943 2480 1214 2554 τοσαύτην
1247 2482 1536 2548 κατάνυξιν
1578 2482 2059 2555 ἐπιδειξαμένουςς

478 2567 676 2620 Καίτοι
704 2565 936 2648 τελώνου
961 2571 1144 2639 χεῖρον
1162 2569 1316 2623 οὐδέν
1334 2585 1348 2599 ·
1380 2563 1534 2632 οὗτος
1557 2568 1669 2640 γὰρ
1688 2568 1915 2640 ἔσχατος
1944 2572 2070 2643 ὅρος

483 2657 684 2721 κακίας
728 2657 898 2711 ἐστίν·
945 2658 1083 2729 ὅπερ
1120 2653 1216 2713 οὖν
1248 2658 1343 2712 καὶ
1375 2661 1403 2713 ό
1437 2657 1670 2731 Χριστὸς
1717 2660 2066 2731 παραδηλῶν,

483 2750 565 2811 είς
590 2746 941 2819 παράδειγμα
968 2749 1077 2802 τῶν
1109 2749 1355 2819 ἐσχάτων
1382 2748 1570 2803 κακῶν
1599 2748 1701 2814 τὰς
1733 2750 1939 2822 πόρνας
1968 2754 2068 2806 καὶ

482 2840 609 2904 τοὺς
635 2838 873 2905 τελώνας
912 2840 1036 2910 ἄγει
1067 2841 1328 2913 συνεχῶς.
1374 2843 1912 2917 Πεπαρρησιασμένη
1936 2912 1937 2915 η
1959 2845 2069 2916 γάρ

482 2933 601 2984 ἐστι
642 2930 764 3002 βία,
800 2932 1193 3004 ἀνεπιτίμητος
1223 2933 1477 3006 ἁρπαγὴ,
1523 2935 1877 3007 ἀναίσχυντος
1907 2935 2069 2990 πλεο-ο

484 3021 667 3088 νεξίας
698 3021 919 3093 τρόπος,
955 3023 1308 3094 πραγματεία
1348 3023 1508 3093 λόγον
1535 3025 1634 3079 οὐκ
1666 3025 1884 3097 ἔχουσα,
1908 3028 2066 3082 ἀναι-

474 3112 582 3185 δής
620 3113 895 3185 ἐμπορία·
928 3113 1043 3168 ἀλλ’
1077 3115 1227 3185 ὅμως
1259 3115 1288 3167 6
1313 3112 1590 3179 τοσούτοις
1619 3114 1797 3181 συζῶν
1842 3120 2064 3183 κακοῖς,

480 3203 704 3273 ἴσχυσεν
731 3202 840 3257 ἀπό
859 3202 1031 3274 ψιλῶν
1054 3203 1316 3275 ῥημάτων
1338 3204 1746 3276 άπορῥίψασθαι
1775 3205 1844 3260 τά
1867 3207 2065 3279 ὀνείδη,

475 3295 580 3348 καὶ
621 3294 783 3348 πλέον
838 3287 912 3347 ὧν
945 3295 1115 3366 ᾔτησε
1149 3294 1353 3349 λαϐεῖν.
1408 3296 1582 3358 Αὐτὸς
1614 3296 1713 3367 μὲν
1761 3297 1871 3370 γὰρ
1913 3298 2067 3369 ἠξίου

479 3387 677 3457 λέγων,
718 3384 1015 3453 Ἱλάσθητι
1029 3402 1133 3455 μοι
1165 3385 1245 3451 τῷ
1267 3386 1591 3456 ἁμαρτωλῷ
1615 3405 1629 3418 ·
1660 3389 1688 3441 6
1725 3388 1784 3443 δὲ
1808 3390 1941 3457 Θεὸς
1969 3392 2069 3464 οὐχ

476 3482 642 3546 ἵλεως
681 3482 862 3554 μόνον,
914 3479 1052 3535 ἀλλὰ
1104 3478 1199 3533 καὶ
1247 3479 1565 3535 ἐδικαίωσεν
1607 3481 1768 3537 αὐτὸν
1801 3484 1942 3556 ὑπὲρ
1973 3485 2068 3540 τὸν

468 3586 794 3655 ψαρισαῖον.
829 3581 931 3636 Διά
961 3579 1121 3636 τοῦτό
1149 3596 1314 3650 φησιν
1337 3581 1367 3632 6
1402 3581 1633 3645 Παῦλος·
1670 3582 1755 3650 Τῷ
1783 3583 1852 3639 δὲ
1879 3588 2066 3643 dum.

471 3686 641 3758 μένῳ
658 3684 855 3738 πάντα
876 3682 1125 3752 ποιῆσαι
1152 3681 1305 3751 ὑπὲρ
1327 3681 1395 3735 ἐκ
1421 3684 1715 3751 περισσοῦ
1751 3680 1840 3740 ὧν
1871 3690 2064 3747 αἰτού-

474 3791 630 3858 μεθα
659 3787 697 3856 ἢ
732 3786 1011 3855 νοοῦμεν.
1043 3786 1237 3840 Καίτοι
1265 3786 1293 3838 6
1316 3785 1609 3858 Φαρισαῖος
1628 3787 1847 3862 ηὔξατο,
1878 3792 1975 3846 καὶ
2005 3792 2064 3848 ἐν

476 3883 557 3954 τῷ
595 3888 726 3960 ἱερῷ
778 3888 943 3960 ἔστη,
992 3888 1088 3942 καὶ
1139 3889 1231 3943 τὸν
1273 3886 1436 3943 αὐτὸν
1486 3888 1712 3944 ἐκάλεσε
1753 3890 1911 3957 Θεὸν,
1953 3893 2067 3948 ἤια).

479 3989 699 4043 πλείονα
726 3985 848 4043 εἷπε
871 3991 1088 4062 ῥήματα
1114 4029 1130 4054 ,
1158 3991 1254 4046 καὶ
1275 3991 1383 4046 ἀπὸ
1414 3991 1762 4064 εὐχαριστίας
1792 3994 1854 4047 τὸ
1879 3995 2064 4065 προοί-

481 4106 604 4161 μιον
635 4089 929 4159 ἐποιήσατο
957 4090 1057 4159 τῆς
1079 4090 1263 4159 εὐχῆς.
1292 4091 1463 4143 Πόθεν
1491 4087 1582 4145 οῦν
1609 4093 1817 4156 ἐκεῖνος
1847 4094 1945 4164 μὲν
1968 4095 2063 4148 καὶ⁵

473 4197 510 4249 ὃ.
542 4185 684 4261 εἶχεν
705 4188 952 4243 ἀπώλεσε
974 4188 1135 4253 καλὰ,
1163 4179 1318 4251 οὗτος
1340 4189 1395 4242 δέ
1426 4190 1518 4243 καὶ
1550 4192 1616 4261 ἣν
1641 4190 1742 4244 οὐκ
1767 4188 1877 4262 εἶχε
1901 4211 2064 4266 προσ.

474 4288 641 4344 έλαϐε
665 4288 1008 4360 παρῤησίανς
1046 4288 1169 4340 Ὅτι
1202 4288 1262 4341 οὐ
1288 4288 1387 4359 τῆς
1416 4288 1582 4360 εὐχῆς
1614 4291 1643 4342 6
1676 4289 1839 4355 αὐτὸς
1864 4293 2063 4365 τρόπος

474 4383 569 4459 ἦν.
611 4386 670 4440 Ὁ
694 4387 794 4458 μέν
819 4386 928 4459 γάρ
954 4386 1271 4452 ἀλαζονείας
1299 4386 1462 4459 ἔγεμε
1489 4389 1584 4441 καὶ
1614 4387 1784 4459 τύφου
1807 4392 1901 4446 καὶ
1928 4393 2063 4449 ἀπο-

477 4487 647 4551 νοίας,
676 4480 830 4551 οὗτος
857 4486 915 4540 δέ
945 4487 1366 4559 εὐγνωμοσύνης
1395 4487 1619 4558 πολλῆς·
1655 4488 1745 4543 διά
1774 4490 1934 4545 τοῦτο
1967 4486 2062 4547 οῦ-

474 4604 569 4651 τος
620 4588 718 4658 μὲν
755 4588 924 4659 μυρία
971 4588 1387 4659 ἁμαρτημάτων
1438 4589 1633 4663 φορτία
1681 4590 1839 4661 ἔχων,
1882 4593 2060 4650 πάντα

470 4686 742 4751 ἀπέθετο,
777 4688 873 4741 καὶ
904 4686 1249 4759 δικαιοσύνην
1283 4686 1507 4742 ἔλασεν·
1542 4690 1748 4754 ἐκεῖνος
1776 4690 1833 4744 δὲ
1878 4692 2056 4768 πλήρη

468 4786 576 4859 τὴν
596 4785 729 4840 ναῦν
750 4787 1188 4856 κατορθωμάτων
1210 4787 1522 4857 ἀναγαγὼν,
1547 4791 1642 4844 καὶ
1665 4791 2055 4866 ἐλεημοσύνης,

474 4888 572 4942 καὶ
598 4887 852 4960 νηστείας
872 4930 888 4956 ,
921 4887 1173 4961 καθάπερ
1199 4889 1306 4943 τινὶ
1337 4890 1580 4961 σκοπέλῳ
1610 4894 1960 4964 προσαράξας
1980 4896 2058 4968 τῷ

475 4989 577 5059 τῆς
608 4988 913 5055 κενοδοξίας
941 4990 1035 5042 καὶ
1061 4990 1315 5053 ἀπονοίας
1348 4991 1673 5062 φρονήματι,
1709 4993 1769 5047 ἐν
1805 4994 1954 5065 αὐτῷ
1979 4996 2057 5067 τῷ

474 5085 657 5156 λιμένι
689 5086 751 5141 τὸ
780 5087 1034 5156 ναυάγιον
1055 5088 1314 5160 ὑπέμεινε
1337 5107 1350 5122 ·
1375 5090 1435 5144 τὸ
1461 5091 1573 5161 γάρ
1602 5091 1660 5145 ἐν
1681 5092 1812 5165 εὐχῇ
1849 5092 2058 5166 ζημιω-

456 5184 655 5257 θῆναι,
684 5187 742 5239 ἐν
768 5186 946 5258 λιμένι
973 5188 1228 5257 ναυάγιόν
1270 5191 1415 5243 ἐστιν
1455 5191 1769 5261 ὑπομεῖναι.
1820 5191 1959 5246 Ἀλλ’
1993 5196 2054 5249 οὐ

474 5285 627 5356 παρά
658 5288 757 5361 τὴν
789 5286 950 5358 φύσιν
971 5290 1069 5360 τῆς
1100 5290 1266 5361 εὐχῆς
1292 5290 1452 5344 τοῦτο
1477 5291 1719 5361 γέγονεν,
1744 5293 1879 5348 ἀλλά
1907 5296 2056 5367 παρά

474 5381 573 5452 τὴν
602 5385 918 5456 προαίρεσιν
945 5387 1042 5458 τὴν
1070 5387 1258 5441 αὐτοῦ.

548 5481 613 5553 β’.
647 5485 812 5556 Ὁρᾷς
830 5486 946 5551 πῶς
960 5487 1058 5540 οὐκ
1079 5488 1240 5559 ἀρκεῖ
1256 5487 1392 5560 πρὸς
1409 5490 1682 5561 σωτηρίαν
1702 5494 1835 5562 ἡμῖν
1849 5494 1881 5564 ή
1896 5492 2058 5564 εὐχὴ,

470 5575 572 5631 ἐὰν
609 5580 682 5653 μὴ
710 5586 885 5655 προσῇ
907 5584 968 5637 τὸ
995 5585 1113 5637 κατ’
1132 5585 1372 5650 ἐκείνους
1399 5586 1659 5654 εὔξασθαι
1678 5589 1802 5653 τοὺς
1832 5589 2049 5661 νόμους,

478 5677 849 5740 οηςπέθεςκεν
892 5684 922 5736 ὁ
951 5684 1217 5754 Χριστός;
1267 5686 1429 5751 Τίνας
1476 5687 1532 5741 δὲ
1566 5687 1775 5742 τέθεικε
1817 5688 2047 5768 νόμους;

1210 265 1267 319 S.
1311 263 1594 320 JOANNIS
1630 265 2114 324 CIIRYSUSTOMI
2156 267 2472 325 ARCIIIEP.
2513 265 3049 325 CONSTANTINOP.

2182 372 2334 450 [556]
2376 374 2548 446 Ὑπὲρ
2589 375 2698 429 τῶν
2735 373 2943 447 ἐχθρῶν
2991 373 3266 447 εὔχεσθαι,
3314 372 3410 430 καὶ
3454 376 3561 431 τῶν
3591 377 3760 434 πολλά

2178 466 2508 521 λυπούντων.
2538 467 2659 521 Κᾶν
2683 467 2760 538 μή
2781 465 2939 521 τοῦτο
2961 467 3226 538 ποιῶμεν,
3250 467 3598 539 ἀπολλύμεθα
3624 469 3761 524 πάν-

2177 576 2305 623 τως·
2337 559 2432 613 καὶ⁵
2463 559 2621 628 δῆλον
2651 559 2716 612 ἐκ
2744 557 2837 612 τοῦ
2879 558 3321 630 παραδείγματος
3358 558 3454 614 τοῦ
3482 559 3625 614 κατά
3666 561 3762 614 τὸν

2176 651 2485 722 Φαρισαῖον.
2515 651 2586 714 Εἰ
2628 650 2739 720 γὰρ
2763 644 2937 713 οὗτος,
2970 650 3092 721 οὐχὶ
3122 649 3231 704 τῶν
3254 649 3465 722 ἐχθρῶν
3494 651 3762 718 κατευξά-

2180 759 2360 814 μενος,
2392 743 2527 798 ἀλλά
2556 741 2910 813 κενοδοξήσας
2958 742 3138 813 μόνον,
3173 740 3441 812 τοσαύτην
3471 740 3639 794 ἔδωκε
3671 741 3751 794 δί-

2171 850 2299 907 κην,
2341 835 2425 898 τίς
2477 834 2624 905 μένει
2671 833 2911 905 τιμωρία
2949 833 3075 896 τοὺς
3125 834 3367 904 μακροὺς
3402 833 3496 887 καὶ
3531 833 3763 897 πολλοὺς

2174 928 2315 985 κατὰ
2356 926 2466 981 τῶν
2508 926 2720 997 ἐχθρῶν
2777 924 3158 987 ἁποτείνοντας
3199 924 3424 993 λόγους;
3458 924 3524 977 Τί
3561 927 3758 992 ποιεῖς,

2174 1021 2467 1092 ἀνθρωπε;
2507 1020 2748 1089 ἕστηκας
2775 1017 3104 1090 συγγνώμην
3132 1017 3298 1072 αἰτῶν
3328 1018 3760 1089 ἁμαρτημάτων,

2174 1113 2268 1169 καὶ
2297 1111 2468 1184 θυμοῦ
2497 1112 2726 1184 πληροῖς
2754 1111 2851 1184 τὴν
2894 1112 3132 1167 διάνοιαν
3157 1126 3172 1176 ;
3204 1110 3334 1164 Ὅτε
3375 1112 3592 1165 πάντων
3619 1111 3763 1182 ἡμε-

2176 1203 2448 1273 ρωτέρους
2475 1197 2613 1255 εἶναι
2661 1201 2766 1273 χρὴ
2788 1244 2802 1267 ,
2850 1202 3094 1273 Δεσπότῃ
3123 1201 3539 1273 διαλεγομένους
3562 1241 3579 1263 ,
3618 1202 3765 1274 ὑπὲρ

2171 1295 2388 1350 οἰκείων
2425 1293 2916 1366 πλημμελημάτων
2950 1291 3404 1364 παρακαλοῦντας
3423 1335 3437 1358 ,
3485 1291 3634 1347 ἔλεον
3664 1294 3761 1346 καὶ

2172 1383 2584 1458 φιλανθρωπίαν
2655 1384 2751 1438 καὶ
2824 1381 3156 1453 συγγνώμην
3236 1378 3492 1435 αἰτοῦντα
3505 1396 3554 1443 ς,
3633 1380 3761 1436 τότε

2171 1474 2550 1549 ἀγριούμεθα,
2591 1474 2686 1528 καὶ
2733 1472 2871 1544 πρὸς
2918 1471 3215 1544 θηριωδίαν
3251 1470 3612 1540 ἐκπίπτομεν,
3660 1470 3761 1524 καὶ

2171 1565 2397 1637 πικρίας
2425 1565 2487 1619 τὸ
2513 1564 2691 1636 στόμα
2721 1562 3069 1636 πληροῦμεν;
3098 1564 3212 1617 Καὶ
3240 1562 3359 1626 πῶς
3387 1561 3750 1633 δυνησόμεθα,

2166 1656 2294 1711 εἰπέ
2318 1674 2429 1728 μοι,
2452 1656 2553 1726 τῆς
2581 1654 2856 1727 σωτηρίας
2890 1656 3187 1725 ἐπιτυχεῖν,
3216 1653 3402 1725 σχῆμα
3431 1652 3533 1724 μὲν
3564 1651 3763 1706 ικετῶν

2172 1749 2599 1824 προϐαλλόμενοι
2622 1787 2638 1811 ,
2677 1749 2897 1819 ῥήματα
2940 1746 2999 1805 δὲ
3041 1746 3299 1809 ἀπονοίας
3332 1745 3616 1817 φέροντες,
3662 1747 3760 1800 καὶ

2172 1840 2297 1895 καθ’
2337 1838 2545 1894 ἐαυτῶν
2577 1837 2970 1911 παροξύνοντες
3002 1836 3095 1890 τὸν
3143 1835 3457 1906 Δεσπότην;
3491 1834 3761 1905 Εἰσῆλθες

2170 1933 2240 1988 τά
2278 1933 2458 1987 οίκεῖα
2501 1930 2839 2002 θεραπεῦσαι
2888 1927 3180 2000 τραύματα
3200 1968 3216 1993 ,
3243 1927 3365 1998 οὐχὶ⁷
3388 1926 3456 1981 τά
3493 1926 3589 1980 τοῦ
3616 1927 3764 1999 πλη-

2174 2024 2291 2079 σίον
2316 2021 2676 2097 χαλεπώτερα
2709 2019 3051 2094 ἐργάσασθαι
3070 2032 3086 2050 ·
3104 2017 3340 2090 ἱλασμοῦ
3368 2019 3559 2090 καιρός
3583 2021 3756 2081 ἐστιν,

2172 2114 2340 2186 εὐχῆς
2407 2113 2598 2186 καιρὸς
2664 2112 2762 2167 καὶ
2828 2108 3137 2182 στεναγμοῦ
3159 2147 3176 2175 ,
3236 2110 3359 2181 οὐχὶ
3413 2110 3602 2181 ὀργῆς·
3659 2109 3761 2165 δα-

2171 2206 2376 2277 κρύων,
2425 2205 2546 2275 οὐχὶ
2590 2201 2798 2274 θυμοῦ,
2839 2200 3184 2266 κατανύξεως
3212 2237 3228 2264 ,
3279 2199 3400 2270 οὐχὶ
3441 2200 3759 2272 ἀγανακτήο

2174 2315 2330 2361 σεως.
2382 2296 2447 2349 Τί
2479 2296 2730 2367 συγχέεις
2774 2293 2874 2366 τήν
2904 2294 3092 2359 τάξιν;
3124 2293 3176 2347 τί
3225 2291 3409 2363 σαντῷ
3452 2292 3709 2364 πολεμεῖς
3734 2310 3760 2361 ;

2169 2387 2224 2441 τί
2280 2384 2569 2448 καταλύεις
2626 2401 2721 2438 σου
2780 2384 2878 2456 τὴν
2929 2383 3252 2454 οίκοδομήνς
3302 2383 3407 2436 Τὸν
3460 2383 3758 2455 εὐχόμενον

2171 2479 2278 2550 πρὸ
2303 2477 2415 2531 τῶν
2455 2476 2635 2531 ἀλλων
2657 2475 2913 2530 ἁπάντων
2945 2476 3151 2549 ήμερον
3177 2475 3323 2547 ἐχειν
3350 2477 3456 2549 χρὴ
3488 2476 3757 2544 διάνοιαν,

2169 2567 2603 2639 κατεσταλμένον
2662 2566 2809 2633 νοῦν,
2867 2569 3338 2640 συντετριμμένην
3403 2569 3627 2639 καρδίαν
3655 2585 3673 2602 ·
3722 2570 3756 2624 6

2173 2653 2232 2708 δὲ
2274 2655 2385 2710 τῶν
2447 2653 2667 2727 ἐχθρῶν,
2701 2654 2978 2709 καταϐοῶν
3029 2658 3132 2710 οὐκ
3185 2656 3252 2711 ἂν
3301 2657 3553 2731 δυνηθείη
3593 2659 3760 2713 τοῦτο

2169 2747 2511 2818 κατορθῶσαί
2543 2763 2696 2801 ποτε·
2745 2745 2919 2818 θυμοῦ
2965 2747 3073 2820 γάρ
3129 2750 3246 2803 ἐστι
3294 2749 3755 2823 πεπληρωμένος,

2170 2843 2263 2896 καὶ
2287 2843 2384 2912 οὐχ
2406 2835 2517 2905 οἷός
2540 2840 2601 2895 τέ
2621 2842 2770 2895 ἐστιν
2800 2853 2827 2882 ι
2856 2839 3001 2910 ἐχειν
3024 2841 3468 2913 κατεσταλμένην
3489 2843 3750 2899 διάνοιαν.

2239 2933 2331 3007 Μή
2355 2934 2533 2988 τοίνυν
2564 2931 2959 3004 κατευχώμεθα
2990 2931 3101 2986 τῶν
3153 2932 3384 3005 ἐχθρῶν,
3436 2932 3575 2987 ἀλλά
3618 2934 3754 3006 μηδι

2167 3026 2277 3079 τῶν
2332 3022 2770 3094 κατορθωμάτων
2803 3021 2912 3075 τῶν
2962 3022 3245 3094 ἡμετέρων
3296 3023 3749 3096 μνημονεύωμεν,

2169 3114 2257 3169 ἵνα
2309 3113 2385 3185 μή
2443 3111 2709 3183 πάθωμεν
2752 3111 2891 3183 ὅπερ
2937 3112 2968 3165 ό
3007 3112 3322 3182 Φαρισαῖος.
3370 3112 3583 3184 Ὥσπερ
3641 3112 3756 3186 γάρ

2172 3204 2586 3278 ἁμαρτημάτων
2619 3202 2927 3275 μεμνῆσθαι
2947 3243 2963 3268 ,
3005 3202 3190 3268 καλὸν,
3225 3202 3368 3257 οὕτω
3396 3204 3756 3277 κατορθωμά-

2166 3314 2277 3354 των
2320 3297 2705 3368 ἐπιλελῆσθαι,
2740 3295 2924 3351 καλόν.
2957 3295 3115 3360 Τίνος
3160 3295 3381 3361 ἐνεκεν;
3416 3296 3539 3351 Ὅτι
3586 3297 3621 3368 ή
3653 3298 3756 3367 μὲν

2166 3388 2277 3443 τῶν
2326 3388 2769 3461 κατορθωμάτων
2816 3388 3002 3460 μνήμη
3057 3387 3196 3459 πρὸς
3233 3387 3547 3452 ἀλαζονείαν
3598 3390 3755 3460 ἡμᾶς

2167 3481 2385 3552 ἐπαίρει
2403 3520 2420 3548 ,
2447 3481 2482 3552 ή
2502 3480 2560 3535 δὲ
2588 3480 2695 3533 τῶν
2728 3479 3140 3552 ἁμαρτημάτων
3176 3478 3361 3550 μνήμη
3392 3481 3752 3537 καταστέλλει

2166 3573 2265 3646 τὴν
2293 3574 2531 3628 διάνοιαν
2555 3573 2649 3627 καὶ
2675 3573 2936 3626 ταπεινοῖ·
2971 3570 3067 3625 καὶ
3091 3570 3275 3641 ἐκείνη
3312 3571 3414 3641 μὲν
3444 3572 3757 3643 ῥᾳθυμοτέ-

2171 3681 2297 3738 ρους
2335 3665 2511 3729 ποιεῖ,
2540 3663 2680 3736 αὐτη
2715 3663 2774 3717 δέ
2808 3661 3257 3734 σπουδαιοτέρους
3285 3662 3601 3733 ἐργάζεται.
3636 3664 3755 3719 Kal

2165 3759 2276 3831 γάρ
2306 3758 2420 3813 ὅσοι
2461 3757 2627 3828 μηδὲν
2652 3757 2964 3828 νομίζουσιν
3005 3755 3151 3827 ἔχειν
3194 3754 3380 3820 καλὸν,
3410 3755 3755 3828 προθυμότεο

2168 3864 2253 3922 ροι
2285 3849 2527 3918 γίνονται
2562 3848 2700 3920 πρὸς
2725 3848 2788 3901 τὸ
2819 3847 3124 3920 κτήσασθαι
3151 3847 3223 3901 τὰ
3254 3847 3425 3902 καλά·
3452 3851 3501 3902 οί
3537 3848 3596 3901 δέ
3621 3849 3754 3902 πολ-ι

2165 3940 2262 4012 λὴν
2296 3942 2510 4004 ἑαυτοῖς
2556 3939 2939 3994 ἀποτεθεῖσθαι
2981 3938 3081 4010 τὴν
3118 3938 3390 4011 ἐμπορίαν
3417 3939 3747 4011 ἡγούμενοι,

2167 4032 2495 4104 θαρροῦντες
2524 4034 2590 4103 τῇ
2622 4030 2829 4103 ταύτης
2856 4031 3162 4103 περιουσίᾳ,
3189 4031 3290 4085 οὐκ
3315 4030 3382 4085 ἂν
3411 4031 3610 4103 πολλὴν
3634 4032 3755 4087 ἐπι-

2163 4123 2430 4188 δείξαιντο
2480 4123 2712 4194 σπουδὴν
2772 4122 2909 4196 πρὸς
2965 4122 3026 4177 τὸ
3082 4122 3307 4177 πλείονα
3360 4124 3751 4195 πριλαὸέσθαι

2164 4213 2348 4267 πάλιν.

2235 4356 2308 4418 γ’.
2324 4349 2414 4424 Μὴ
2429 4349 2609 4404 τοίνυν
2632 4352 2876 4425 μνησθῇς
2893 4352 3000 4407 τῶν
3024 4352 3482 4425 κατορθωμάτων,
3503 4356 3590 4411 ἵνα
3607 4375 3746 4428 μνη-

2164 4441 2264 4515 σθῇ
2292 4442 2473 4498 αὐτῶν
2509 4444 2537 4496 ό
2583 4442 2734 4507 Θεός.
2767 4444 2918 4515 Λέγε
2951 4445 3095 4517 γὰρ,
3134 4446 3288 4518 φησὶ,
3319 4451 3426 4514 τὰς
3457 4449 3745 4519 ἁμαρτίας

2160 4549 2279 4588 σου
2327 4533 2558 4603 πρῶτος
2580 4575 2596 4600 ,
2625 4535 2726 4589 ἵνα
2777 4534 3114 4604 δικαιωθῇς.
3155 4537 3267 4591 Kal
3295 4536 3487 4591 πάλιν·
3531 4540 3619 4593 οὐ
3655 4540 3743 4609 μὴ

2153 4623 2406 4695 μνησθῶ
2428 4624 2546 4678 τῶν
2566 4623 2826 4694 ἀνομιῶν
2854 4641 2995 4693 σου,
3021 4626 3185 4699 φησί·
3208 4628 3291 4682 σὺ
3320 4627 3386 4681 δέ
3410 4628 3740 4698 μνήσθητι.

2173 4714 2332 4768 Ἀλλά
2356 4714 2497 4779 τίνος
2517 4715 2705 4777 ἕνεκεν
2732 4715 2824 4769 τοῦ
2853 4716 3085 4772 τελώνου
3110 4717 3253 4773 οὕτω
3274 4719 3484 4790 ταχέως
3512 4722 3749 4793 ἐπήκου-

2163 4821 2253 4859 σεν
2281 4806 2309 4858 ὁ
2336 4804 2488 4871 Θεὸς,
2518 4800 2609 4859 τὸν
2633 4805 2690 4859 δὲ
2728 4806 2913 4861 Ἰσαὰκ
2946 4809 3157 4879 ἀφῆκεν
3179 4808 3384 4864 εἴκοσιν
3407 4810 3503 4881 ἐτη
3525 4811 3743 4866 δέεσθαι

2158 4895 2251 4951 καὶ
2289 4895 2624 4966 παρακαλεῖν
2663 4896 2824 4951 αὑτὸν
2856 4899 2984 4969 περὶ
3009 4898 3109 4971 τῆς
3142 4902 3398 4970 γυναικὸς
3425 4902 3614 4967 αὐτοῦ,
3648 4904 3748 4959 καὶ

2156 4987 2276 5041 τότε
2302 4987 2559 5042 ἐπένευσε
2582 4990 2703 5053 ταῖς
2731 4989 2920 5060 εὐχαῖς
2942 4991 3037 5044 τοῦ
3070 4991 3279 5047 δικαίου
3302 5011 3316 5058 ;
3351 4994 3590 5067 Ἀνάγκη
3632 4998 3745 5067 γὰρ

2155 5079 2253 5150 τῆς
2274 5078 2400 5150 χθὲς
2413 5078 2758 5144 διδασκαλίας
2769 5080 3062 5139 ἀποδοῦναι
3079 5084 3206 5155 ὑμῖν
3226 5084 3295 5139 τά
3309 5084 3559 5155 λείψανα.
3582 5086 3745 5152 Τίνος

2154 5163 2248 5222 οὖν
2271 5168 2457 5224 ἐνεκεν
2479 5168 2634 5224 τοῦτο
2655 5171 2875 5240 γέγονεν
2895 5189 2910 5237 ;
2936 5174 3054 5228 Ἵνα
3079 5175 3184 5229 ἀπὸ
3213 5176 3311 5247 μὲν
3334 5175 3444 5230 τῶν
3477 5176 3621 5231 κατὰ
3645 5176 3743 5231 τὸν

2153 5260 2391 5334 τελώνην
2426 5261 2604 5335 μάθῃς
2636 5263 2734 5335 τὴν
2770 5265 3180 5338 φιλανθρωπίαν
3205 5268 3299 5323 τοῦ
3334 5269 3611 5323 Δεσπότου
3636 5287 3740 5324 τα-

2153 5351 2296 5423 χέως
2306 5353 2731 5418 ἐπακούσαντος,
2751 5355 2859 5409 άπὸ
2878 5356 2937 5411 δέ
2960 5356 3067 5411 τῶν
3081 5358 3221 5412 κατά
3235 5359 3327 5412 τὸν
3352 5360 3536 5412 Ἰσαάκ
3557 5358 3741 5431 μάθῃς

2152 5443 2249 5515 τήν
2279 5443 2554 5518 ὑπομονὴν
2585 5446 2677 5499 τοῦ
2703 5447 2891 5502 δούλου
2924 5448 3169 5522 βραδέως
3194 5449 3471 5516 λαῦόντος,
3509 5452 3605 5504 καὶ
3636 5452 3740 5506 οὐκ

2152 5533 2486 5598 ἀποστάντος
2518 5534 2616 5605 τῆς
2649 5536 2960 5608 ἱκετηρίας·
3001 5539 3109 5608 ἵνα,
3149 5539 3253 5595 κᾶν
3283 5540 3610 5613 ἁμαρτωλὸς
3647 5535 3734 5617 ᾗς,

2217 5702 2244 5733 ι
2267 5703 2423 5754 5am.
2462 5706 2550 5769 οὐχ
2571 5706 2669 5756 οἷόν
2690 5709 2744 5758 τέ
2776 5710 2923 5761 ἐστιν.
2950 5708 3021 5761 ua
3047 5714 3102 5761 et
3119 5710 3236 5774 Cod.
3263 5711 3372 5762 7&8.
3748 5694 3769 5755 κ
