4060 6260
219 351 318 410 365

222 468 396 523 Beatus
425 467 621 537 quippe
641 509 655 530 ,
691 467 778 538 qui
803 474 976 520 narrat
1005 466 1057 519 in
1083 480 1230 518 aures
1266 463 1577 516 audientium
1603 461 1790 533 (Eccli.

218 561 304 614 25.
334 557 446 627 12).
473 557 526 611 Id
553 557 680 612 mihi
713 573 816 611 non
847 573 910 613 ex
943 555 1542 626 plausibuslaudibusve
1569 563 1793 621 tantum,

219 649 308 704 sed
336 657 391 703 et
419 663 484 702 ex
509 647 574 702 iis
603 662 721 717 qua:
748 647 860 701 fieri
890 663 919 700 a
942 649 1096 702 vobis
1127 647 1410 702 cernebam
1433 687 1448 712 ,
1480 661 1794 716 persuasum

219 746 316 797 est.
345 738 476 794 Cum
503 738 676 803 enim,
709 747 766 792 ut
789 738 1044 794 adversus
1087 739 1328 792 inimicos
1353 751 1540 806 preces
1579 737 1792 808 minime

221 828 506 884 funderetis
526 870 541 895 ,
563 843 660 882 vos
688 827 1030 896 cohortarer,
1060 843 1122 883 ac
1148 828 1381 883 dicerem
1426 841 1522 882 nos
1542 869 1557 892 ,
1587 825 1714 880 dum
1745 826 1797 882 id

221 924 440 994 agimus,
470 923 634 977 Deum
666 923 876 977 irritare
897 965 911 988 ,
937 937 1000 977 ac
1039 924 1244 993 legibus
1279 923 1394 993 ejus
1429 923 1560 976 alias
1584 932 1799 977 contra-

223 1016 324 1068 rias
347 1013 656 1084 ferre(dixit
677 1015 816 1069 enim
849 1015 980 1084 ipse,
1005 1012 1160 1068 Orate
1202 1030 1294 1084 pro
1326 1015 1540 1068 inimicis
1582 1011 1795 1085 [Mattlt.

222 1106 270 1160 5.
299 1104 409 1176 44],
439 1113 494 1159 at
528 1121 625 1160 nos
649 1105 772 1159 dum
803 1106 1061 1160 adversus
1107 1106 1349 1160 inimicos
1390 1121 1636 1172 oramus,
1661 1106 1800 1172 peti-

221 1214 336 1253 mus
360 1200 428 1253 ab
454 1214 520 1253 eo
548 1209 604 1254 ut
633 1214 781 1254 suam
817 1201 984 1270 legem
1009 1201 1122 1268 ipse
1149 1198 1427 1272 dissolvat)
1451 1241 1466 1265 ,
1499 1196 1618 1252 eum
1644 1199 1802 1268 igitur

224 1291 330 1345 inec
351 1300 402 1345 et
423 1291 543 1344 talia
561 1291 816 1356 dicerem,
839 1293 1032 1345 multos
1049 1291 1187 1346 inter
1202 1306 1296 1344 vos
1311 1290 1593 1346 cernebam
1611 1288 1800 1343 faciem

223 1383 578 1450 percnticntes
603 1391 656 1436 et
675 1391 881 1452 pectus,
899 1384 1130 1453 graviter
1158 1382 1586 1453 ingemiscentes,
1613 1393 1802 1434 manus

223 1473 272 1526 in
302 1473 491 1526 caelum
524 1475 806 1529 tendwtcs
825 1516 839 1542 ,
872 1475 1078 1528 veniam
1103 1489 1130 1526 a
1167 1474 1274 1528 Deo
1295 1483 1512 1542 propter
1539 1471 1802 1540 ejusmodi

223 1578 408 1633 preces
447 1564 588 1619 fusas
631 1565 981 1634 postulantes.
1023 1565 1156 1620 Tum
1188 1581 1316 1620 vero
1359 1580 1457 1637 ego
1487 1563 1710 1619 sublatis
1747 1563 1805 1617 in

219 1656 409 1710 cadum
436 1657 602 1711 oculis
630 1657 737 1712 Deo
779 1657 975 1726 gratias
1019 1659 1141 1728 egi,
1170 1657 1310 1728 quod
1351 1667 1456 1712 tam
1499 1658 1606 1712 cito
1649 1655 1804 1710 nobis

220 1749 478 1804 doctrinae
504 1765 682 1805 sermo
712 1748 935 1805 fruetum
960 1751 1286 1820 protulisset.
1321 1749 1396 1804 Ea
1427 1750 1622 1819 quippe
1645 1747 1804 1817 spiri-

224 1842 378 1897 tualis
400 1841 622 1895 seminis
671 1849 754 1896 est
789 1842 1024 1897 conditio
1054 1858 1067 1895 :
1094 1856 1200 1895 non
1245 1843 1400 1894 annis
1439 1840 1673 1910 indiget,
1707 1852 1807 1892 nec

223 1932 572 2002 temporibus,
597 1947 696 1986 nec
720 1931 928 1997 diebus,
948 1932 1041 1987 sed
1063 1932 1105 1985 si
1128 1930 1356 1984 animam
1384 1944 1697 2000 generosam
1725 1928 1806 1982 in-

223 2024 418 2079 vaserit
438 2066 454 2089 ,
485 2023 763 2078 confestim
795 2023 994 2093 spicam
1023 2024 1281 2078 virentem
1321 2031 1374 2077 et
1399 2021 1686 2091 perfectam
1716 2034 1806 2074 os-

225 2115 393 2170 tendit
423 2134 436 2169 :
471 2115 612 2185 quod
650 2124 704 2170 et
733 2130 760 2167 a
793 2115 945 2170 vobis
993 2116 1245 2169 hesterno
1288 2113 1375 2167 die
1402 2119 1675 2181 peractum
1702 2117 1804 2163 est.

224 2204 660 2276 Compunctionis
691 2218 991 2260 sermonem
1020 2217 1318 2273 sparseram
1341 2242 1356 2268 ,
1374 2210 1429 2257 et
1457 2198 1810 2255 confessionis

183 2284 187 2288 ’
224 2301 454 2366 gemitus
473 2296 808 2367 germinavit,
836 2296 1064 2365 gemitus
1095 2294 1288 2348 multas
1313 2293 1574 2346 bonorum
1597 2289 1809 2343 divitias

226 2403 407 2443 secum
463 2390 656 2443 ferens.
686 2386 816 2440 Nam
863 2386 908 2441 si
953 2385 1263 2456 publicanus
1311 2383 1428 2444 ille,
1461 2396 1580 2435 eum
1626 2389 1812 2448 pectus

226 2481 574 2550 percutiendo
617 2480 870 2546 dixisset,
921 2479 1186 2548 Propitius
1229 2487 1332 2532 esto
1380 2475 1504 2529 mihi
1560 2469 1812 2544 ρει-σωογὶ

227 2571 377 2642 (Luc.
415 2575 501 2628 18.
537 2575 650 2644 15).
685 2575 802 2642 plus
827 2588 984 2642 quam
1035 2571 1336 2625 Pharisreus
1373 2566 1694 2637 justitieatus
1719 2578 1810 2618 re-

225 2665 424 2729 cessit,
470 2674 722 2734 quantam
771 2679 868 2718 nos
897 2662 1035 2732 apud
1075 2662 1245 2716 Deum
1288 2659 1443 2714 nobis
1496 2657 1814 2712 conciliasse

223 2755 451 2824 gratiam
495 2755 783 2808 verfsimile
825 2761 934 2817 est,
967 2768 1088 2807 eum
1137 2753 1272 2806 intra
1308 2751 1563 2820 perbreve
1605 2757 1816 2815 tempus

225 2855 432 2898 tantam
463 2846 924 2913 compunctionem
969 2843 1398 2900 ostenderimus?
1436 2840 1668 2896 Tametsi
1717 2855 1816 2908 pu-

223 2936 444 2990 blicano
470 2935 598 2990 nihil
623 2947 698 2991 est
732 2937 882 3006 pejus
911 2955 924 2990 :
958 2951 1077 2990 cum
1103 2937 1148 2990 is
1179 2934 1534 3004 improbitatis
1564 2933 1717 2986 limes
1747 2931 1817 2984 sit

224 3026 492 3081 ultimus:
524 3029 666 3097 quod
699 3030 878 3096 utique
916 3027 1156 3082 Christus
1185 3025 1422 3080 indicans
1467 3025 1519 3078 in
1547 3032 1815 3079 extremo-

223 3131 352 3170 rum
378 3117 642 3171 malorum
692 3118 992 3187 exemplum
1046 3118 1358 3172 meretrices
1400 3131 1464 3170 ac
1505 3113 1817 3186 publicanos

223 3216 448 3275 semper
472 3207 525 3262 in
568 3208 805 3262 medium
844 3208 1076 3263 adducit.
1108 3209 1206 3264 Est
1248 3209 1387 3263 enim
1417 3206 1668 3263 violentia
1697 3219 1819 3276 quas

223 3295 404 3352 libere
455 3298 888 3369 confidenterque
916 3309 1204 3370 grassatur,
1237 3298 1420 3369 rapina
1468 3298 1584 3353 sine
1632 3311 1817 3367 repre-

227 3385 498 3442 hensione
520 3427 535 3452 ,
565 3388 846 3458 impudens
879 3389 1114 3444 avaritia:
1141 3403 1330 3460 genus,
1363 3389 1650 3459 negotiatio
1673 3403 1704 3442 a
1732 3401 1820 3441 ra-

235 3478 389 3534 tione
415 3476 607 3544 aliena,
641 3479 875 3534 insolens
914 3489 1250 3535 mercatura:
1279 3488 1514 3534 attamen
1549 3479 1594 3532 is
1613 3477 1701 3547 qui
1733 3477 1819 3530 in-

229 3576 316 3623 ter
344 3575 428 3623 tot
469 3569 607 3623 mala
634 3570 873 3636 vixerat,
907 3570 1064 3625 nudis
1084 3570 1263 3626 verbis
1307 3570 1476 3641 potuit
1505 3578 1583 3624 tot
1625 3568 1819 3637 probra

229 3658 450 3725 delere,
477 3673 540 3715 ac
565 3660 716 3730 plura
745 3675 900 3731 quam
931 3662 1226 3732 postularat
1253 3658 1517 3728 accipere.
1538 3657 1676 3714 Nam
1721 3672 1819 3728 pe-

232 3750 394 3806 tierat
415 3751 628 3820 quidem
655 3751 764 3817 ille,
802 3751 1063 3822 Propitius
1083 3761 1188 3806 esto
1213 3750 1337 3804 mihi
1358 3751 1606 3818 peccatori
1631 3791 1647 3815 ,
1678 3749 1822 3803 Deus

229 3849 414 3897 autem
441 3856 548 3896 non
577 3843 834 3914 propitius
859 3851 1060 3898 tantum
1092 3841 1222 3907 fuit,
1252 3842 1346 3896 sed
1374 3842 1533 3897 etiam
1556 3841 1706 3895 illum
1734 3855 1824 3896 su-

231 3949 329 4002 pra
356 3933 688 3990 Pharisaeum
712 3935 1042 4006 justificavit.
1071 3935 1360 4005 Propterea
1389 3935 1558 4005 inquit
1585 3934 1820 3989 Paulus:

229 4023 300 4080 Ei
327 4035 504 4081 autem
525 4068 539 4092 ,
566 4030 652 4099 qui
703 4036 862 4098 potest
903 4028 1072 4082 omnia
1111 4028 1275 4098 facere
1320 4027 1820 4097 superabundanter,

230 4133 388 4188 quam
415 4118 632 4188 petimus
650 4159 665 4186 ,
693 4129 782 4172 aut
823 4120 1151 4190 intelligimus
1179 4117 1393 4191 (Epltes.
1423 4120 1476 4174 3.
1513 4118 1627 4189 20).
1665 4117 1823 4187 Atqui

231 4221 490 4279 precatus
516 4219 596 4265 est
616 4210 776 4266 etiam
807 4211 1107 4267 Phariszeus
1127 4253 1142 4277 ,
1171 4216 1226 4267 et
1258 4212 1311 4266 in
1340 4211 1535 4281 templo
1563 4210 1743 4275 stetit,
1771 4218 1825 4263 et

232 4299 493 4356 eumdem
521 4301 686 4357 Deum
713 4301 1012 4369 invocavit,
1044 4311 1094 4358 et
1120 4303 1270 4372 plura
1296 4304 1455 4358 verba
1487 4301 1750 4372 profudit,
1774 4311 1828 4356 et

232 4406 299 4447 ex
319 4393 615 4463 gratiarum
639 4395 847 4450 actione
874 4394 1130 4448 orationis
1159 4393 1435 4449 exordium
1457 4395 1642 4449 texuit.
1677 4392 1826 4448 Unde

233 4480 398 4552 igitur
418 4482 615 4540 factum
644 4494 745 4550 est,
773 4494 831 4539 ut
856 4485 946 4540 ille
971 4485 1183 4555 quidem
1208 4500 1270 4540 ea
1299 4501 1419 4555 quas
1438 4484 1666 4540 habebat
1690 4484 1828 4538 bona

234 4573 556 4643 perdiderit,
587 4573 676 4630 hic
700 4586 876 4631 autem
905 4591 1022 4631 eam
1045 4577 1266 4647 gratiam
1293 4589 1354 4630 ac
1379 4575 1646 4642 fiduciam,
1669 4589 1826 4645 quam

235 4681 346 4722 non
373 4666 610 4722 habebat
632 4667 732 4722 sibi
761 4669 1165 4723 conciliaverit?
1191 4667 1344 4736 Quod
1371 4667 1618 4720 nimirum
1642 4666 1829 4721 orandi

237 4760 440 4816 modus
463 4757 601 4812 idem
634 4773 740 4812 non
765 4767 924 4814 esset.
959 4761 1090 4814 Nam
1125 4759 1214 4814 ille
1243 4757 1457 4829 quidem
1479 4759 1794 4828 arrogantiae
1813 4799 1828 4823 ,

239 4849 434 4916 fastus,
462 4848 836 4919 superbiaeque
853 4857 992 4903 totus
1018 4849 1205 4920 plenus
1223 4859 1356 4915 erat,
1378 4847 1465 4903 hic
1491 4863 1624 4902 vero
1651 4849 1832 4902 multa:

237 4939 529 5010 probitatis
557 4949 611 4994 et
654 4939 915 5009 aequitatis
948 4957 960 4992 :
997 4940 1194 4994 idcirco
1239 4939 1365 4994 licet
1408 4938 1494 4992 hic
1539 4937 1832 4993 innumeris

237 5042 587 5104 peccatorum
637 5031 865 5086 sarcinis
912 5039 1240 5100 gravaretur,
1281 5044 1468 5085 omnes
1521 5027 1755 5097 abjecit,
1782 5039 1836 5084 et

237 5126 507 5197 justitiam
535 5123 842 5194 assumpsit;
873 5124 960 5178 ille
974 5130 1149 5178 autem
1169 5122 1259 5193 qui
1281 5122 1489 5192 plenam
1510 5127 1654 5176 recte
1672 5119 1836 5174 facto-

240 5225 389 5279 rum,
415 5210 877 5281 eleemosynarum
897 5249 909 5273 ,
936 5207 1278 5278 jejuniorum,
1308 5222 1496 5262 navem
1527 5207 1824 5272 reduxerat,

243 5310 520 5372 tamquam
550 5300 772 5370 scopulo
794 5299 1020 5370 cuipiam
1049 5299 1220 5353 inanis
1259 5299 1441 5369 gloria:
1469 5297 1836 5368 superbiaeque

241 5393 450 5447 tumori
479 5391 705 5446 allidens
725 5392 776 5445 in
808 5391 922 5460 ipso
946 5400 1101 5461 portu
1132 5390 1460 5460 naufragium
1485 5389 1640 5444 fecit:
1672 5387 1838 5458 siqui-

243 5484 371 5539 dem
402 5483 459 5539 in
507 5483 748 5538 oratione
776 5483 1030 5537 damnum
1063 5483 1204 5550 pati,
1233 5481 1286 5535 id
1312 5495 1440 5537 vero
1465 5488 1548 5535 est
1595 5480 1648 5533 in
1681 5487 1835 5548 portu

244 5573 588 5644 naufragium
615 5573 809 5629 facere.
833 5575 949 5631 Non
973 5585 1148 5630 tamen
1177 5575 1227 5630 id
1253 5590 1317 5629 ex
1341 5583 1525 5629 natura
1557 5571 1835 5638 orationis,

245 5666 342 5720 sed
368 5680 439 5720 ex
464 5665 618 5736 culpa
645 5665 928 5721 voluntatis
954 5667 1070 5735 ejus
1093 5666 1289 5723 evenit.

318 5760 377 5814 2.
405 5758 721 5822 Precatiom's
743 5759 920 5815 modus
941 5763 1070 5831 quis.
1101 5791 1164 5801 --
1199 5759 1359 5816 Vides
1397 5757 1463 5814 ad
1487 5758 1711 5815 salutem
1739 5771 1838 5814 no-

1389 348 1522 403 NON
1566 345 1727 402 ESSE
1768 336 2299 398 DESPERANDUM.

3385 337 3488 392 566

1905 455 1987 511 bis
2011 453 2306 510 orationem
2357 468 2461 508 non
2489 440 2736 509 sufficere
2757 493 2772 519 ,
2805 451 2910 506 nisi
2947 450 3107 506 simul
3149 463 3216 505 ex
3247 449 3452 520 legibus
3475 490 3490 511 ,

1904 562 2038 618 quas
2075 547 2196 601 tulit
2235 546 2496 611 Christus,
2527 545 2782 602 oremus?
2813 545 2957 612 Quas
2999 559 3162 613 porro
3209 543 3355 613 leges
3402 544 3492 598 ille

1905 638 2157 694 tulit?Ut
2183 653 2282 709 pro
2310 638 2540 692 inimicis
2578 651 2823 702 oremus,
2860 636 3069 690 tametsi
3101 635 3282 689 multis
3322 635 3492 690 mole-

1911 726 2024 782 stiis
2069 741 2169 782 nos
2215 727 2508 783 affecerint.
2544 729 2621 783 Ac
2662 727 2762 780 nisi
2811 725 2912 780 hoc
2940 733 3290 794 praestemus,
3333 723 3494 794 plane

1909 821 2183 891 perimus:
2217 819 2270 874 id
2316 819 2457 890 quod
2504 835 2570 874 ex
2600 817 2855 874 Pharis-.ei
2896 825 3107 872 constat
3130 816 3399 886 exemplo.
3437 815 3493 871 Si

1905 914 2049 968 enim
2081 913 2180 967 iste
2205 927 2326 966 cum
2358 927 2461 966 non
2493 911 2749 966 adversus
2775 909 3018 964 inimicos
3043 915 3272 973 orasset,
3301 921 3487 961 verum

1908 1005 2080 1060 inanis
2108 1004 2292 1073 gloria:
2319 1003 2592 1072 cupiditati
2622 1003 2791 1056 solum
2831 1001 3072 1054 addictus
3108 999 3336 1063 fuisset,
3370 1009 3492 1052 tan-

1911 1105 2017 1150 tam
2045 1109 2254 1164 poenam
2286 1095 2571 1158 sustinuit,
2612 1093 2752 1163 quod
2789 1091 3102 1160 supplicium
3133 1091 3252 1144 illos
3278 1099 3492 1153 manet,

1906 1186 1996 1255 qui
2027 1185 2215 1255 longos
2255 1185 2555 1254 multosque
2599 1197 2874 1237 sermones
2902 1181 3198 1252 producunt
3236 1183 3506 1238 adversus

1909 1278 2178 1332 inimicos?
2198 1277 2331 1346 Quid
2353 1277 2502 1343 facis,
2523 1277 2592 1330 mi
2622 1275 2808 1330 homo?
2829 1275 3043 1340 Adstas,
3063 1283 3121 1328 ut
3142 1274 3348 1328 veniam
3375 1287 3500 1341 pec-

1910 1381 2149 1426 catorum
2167 1369 2425 1440 postules,
2446 1378 2501 1425 et
2517 1370 2746 1423 animam
2765 1367 3035 1422 iracundia
3055 1365 3256 1435 reples?
3271 1349 3498 1430 Quando

1909 1465 2146 1519 omnium
2178 1464 2486 1519 mitissimos
2507 1477 2628 1518 esse
2657 1476 2755 1516 nos
2775 1468 3004 1531 Oportet,
3028 1459 3154 1513 dum
3179 1458 3501 1528 alloquimur

1911 1533 2218 1622 Dominum,
2233 1555 2357 1608 dum
2373 1569 2470 1623 pro
2484 1553 2692 1608 delictis
2707 1546 3501 1615 oramus,miscricordiam,cle-

1909 1649 2185 1712 mentiam,
2205 1664 2266 1703 ac
2279 1650 2487 1703 veniam
2511 1646 2876 1717 implorantes,
2904 1653 3012 1698 tum
3039 1641 3498 1702 excandescimus,

1913 1741 1964 1794 in
1993 1739 2254 1795 feritatem
2294 1737 2651 1802 devolvimur,
2678 1743 2734 1791 et
2757 1750 2818 1788 os
2844 1743 3082 1788 neStrum
3111 1731 3235 1787 felle
3255 1730 3498 1799 comple-

1911 1829 2056 1884 mus?
2084 1827 2201 1895 Quo
2226 1836 2402 1898 pacto,
2428 1840 2628 1896 quaeso,
2659 1824 2950 1894 poterimus
2980 1821 3206 1877 salutem
3235 1818 3496 1890 adipisci,

1911 1934 2032 1976 cum
2055 1919 2369 1989 supplicium
2393 1916 2624 1986 speciem
2649 1930 2756 1985 prae
2784 1913 2939 1968 nobis
2957 1911 3209 1975 feramus,
3228 1910 3388 1964 verba
3410 1923 3504 1963 su-

1913 2013 2196 2082 perborum
2218 2009 2518 2074 efferamus,
2540 2016 2592 2062 et
2609 2008 2660 2060 in
2677 2021 2774 2061 nos
2795 2004 3078 2059 Dominum
3105 2000 3397 2056 irritemus?
3413 2001 3500 2054 luo

1912 2117 2128 2174 gressus
2151 2117 2230 2168 es,
2256 2109 2313 2155 ut
2341 2102 2552 2169 propria
2568 2099 2784 2153 vulnera
2801 2109 3044 2157 curares,
3061 2109 3168 2148 non
3194 2102 3254 2148 ut
3281 2093 3500 2162 propin—

1912 2196 2004 2266 qui
2029 2195 2246 2249 vulnera
2277 2192 2528 2248 redderes
2559 2189 2853 2246 acerbiora.
2877 2185 3278 2257 Propitiationis
3296 2195 3505 2253 tempus

1915 2293 2017 2349 est,
2038 2284 2295 2338 orationis
2317 2293 2548 2351 tempus,
2574 2295 2634 2335 ac
2660 2278 2887 2348 gemitus
2906 2317 2920 2340 ,
2946 2291 3052 2329 non
3081 2273 3365 2328 iracundia:
3391 2289 3404 2326 :
3436 2273 3506 2326 la-

1915 2389 2240 2446 crymarum,
2271 2389 2374 2428 non
2397 2369 2889 2428 excan:.iesccnti:e:
2917 2363 3364 2436 compunctiouis,
3393 2376 3502 2416 non

1917 2465 2311 2536 indignationis.
2331 2465 2436 2519 Cur
2461 2460 2744 2517 confundis
2772 2457 3040 2512 ordinem?
3056 2471 3152 2511 cur
3173 2455 3264 2510 tibi
3291 2454 3390 2522 ipsi
3413 2467 3502 2507 re-

1918 2556 2146 2626 pugnas?
2168 2571 2264 2610 cur
2280 2553 2562 2609 aedificium
2581 2560 2727 2606 tuum
2746 2548 2938 2605 diruis?
2961 2546 3239 2601 llominem
3259 2543 3348 2614 qui
3364 2553 3503 2606 orat,

1919 2657 2042 2702 ante
2084 2647 2187 2701 alia
2227 2646 2406 2700 omnia
2453 2643 2568 2697 miti
2603 2643 2783 2697 animo
2830 2653 2950 2694 csse
2986 2643 3237 2706 Oportet,
3267 2633 3506 2688 modesta

1920 2746 2122 2801 mente,
2151 2737 2313 2794 corde
2340 2735 2572 2790 contrito
2599 2751 2611 2788 :
2635 2733 2726 2803 qui
2749 2744 2878 2786 vero
2897 2729 3092 2785 clamat
3117 2726 3372 2782 adversus
3402 2725 3507 2778 ini-

1921 2829 2110 2892 mices,
2139 2843 2428 2898 numquam
2475 2827 2602 2881 illud
2635 2825 2831 2895 poterit
2867 2821 3148 2877 obtinere:
3178 2819 3374 2888 quippe
3415 2817 3506 2887 qui

1921 2922 1993 2975 sit
2020 2921 2113 2975 irae
2144 2921 2331 2989 plenus
2355 2958 2370 2984 ,
2403 2931 2576 2987 neque
2599 2915 2861 2971 modestia
2883 2912 3052 2983 possit
3086 2917 3320 2964 mentem
3347 2907 3401 2962 in
3421 2906 3507 2962 of.

1925 3013 2045 3068 ficio
2069 3012 2365 3068 continere.

1995 3101 2329 3156 Peecatorum
2351 3098 2649 3160 meminisse,
2680 3103 2812 3148 recte
2835 3097 3084 3164 factorum
3108 3089 3329 3143 oblivisci
3356 3104 3511 3156 opor-

1924 3205 2019 3252 tet.
2048 3195 2151 3252 Cur
2195 3203 2321 3250 esset
2341 3193 2524 3247 sterilis
2570 3205 2699 3244 uxor
2744 3187 2934 3250 Isaac;
2982 3201 3072 3239 cur
3105 3184 3301 3236 sterilis
3336 3191 3512 3251 partus

1925 3287 2254 3358 praeessem.
2287 3315 2357 3326 ——
2380 3284 2458 3339 Ne
2506 3282 2665 3353 igitur
2720 3278 2976 3333 adversus
3024 3274 3268 3328 inimicos
3320 3286 3509 3342 preces

1926 3377 2244 3441 fundamus,
2270 3375 2365 3430 sed
2409 3388 2582 3443 neque
2625 3378 2773 3425 recte
2801 3368 3060 3422 factorum
3101 3377 3369 3419 memores
3409 3377 3511 3416 no-

1923 3478 2156 3525 strorum
2186 3469 2354 3522 simus
2377 3507 2393 3534 ,
2424 3479 2494 3519 ne
2531 3463 2684 3517 nobis
2706 3459 2758 3514 id
2784 3457 3020 3521 accidat,
3044 3455 3186 3524 quod
3213 3452 3505 3507 Pharisaeo.

1924 3560 2055 3616 Nam
2099 3556 2548 3630 quemadmodum
2596 3559 2935 3623 peccatorum
2987 3545 3256 3602 recordari
3307 3546 3506 3600 bonum

1925 3661 2038 3715 est,
2063 3652 2142 3704 ita
2183 3656 2330 3704 recte
2359 3647 2618 3702 factorum
2662 3643 2859 3696 bonum
2907 3645 2992 3693 est
3029 3635 3289 3691 oblivisci.
3338 3633 3509 3701 Quam

1928 3741 2142 3797 tandem
2166 3740 2236 3795 ob
2262 3737 2504 3793 causam?
2529 3733 2792 3802 Quoniam
2829 3737 2976 3785 recte
3007 3727 3267 3782 factorum
3291 3725 3508 3795 quidem

1926 3831 2184 3889 memoria
2211 3844 2310 3885 nos
2334 3829 2388 3882 in
2410 3825 2711 3897 superbiam
2742 3821 2916 3892 erigit,
2949 3826 3289 3890 peccatorum
3329 3825 3509 3869 autem

1930 3922 2187 3978 memoria
2229 3927 2463 3975 mentem
2508 3914 2760 3984 deprimit
2805 3921 2966 3981 atque
3010 3908 3264 3964 humilem
3290 3907 3509 3961 reddit:

1927 4023 2088 4085 atque
2114 4013 2202 4067 illa
2228 4011 2442 4082 quidem
2468 4005 2882 4078 negligentiores
2907 4001 3102 4067 efficit,
3132 3999 3230 4054 ista
3259 4013 3387 4053 vero
3423 3998 3509 4050 di—

1929 4105 2238 4175 ligentiores
2267 4117 2366 4157 nos
2405 4099 2597 4156 reddit.
2641 4096 2774 4152 Nam
2805 4094 2895 4165 qui
2930 4093 3063 4147 nihil
3101 4091 3200 4145 sibi
3227 4105 3348 4146 esse
3386 4090 3512 4145 boni

1930 4196 2282 4259 arbitrantur,
2305 4191 2598 4246 alacriores
2619 4187 2684 4242 ad
2706 4182 3033 4256 acquirenda
3060 4181 3196 4236 bona
3225 4180 3356 4234 ﬁunt
3385 4197 3398 4232 :
3422 4180 3512 4249 qui

1931 4301 2058 4342 vero
2104 4286 2331 4341 multum
2385 4283 2486 4337 sibi
2515 4281 2809 4352 repositum
2864 4286 3125 4346 quaestum
3172 4274 3513 4335 existimant,

1935 4377 2018 4430 bis
2043 4377 2235 4446 opibus
2276 4373 2607 4429 confidentes
2633 4385 2740 4422 non
2770 4381 3018 4437 maguum
3043 4365 3276 4420 studium
3307 4379 3416 4433 pra:
3456 4379 3517 4418 se

1934 4467 2110 4523 ferunt
2135 4467 2199 4521 ad
2231 4467 2380 4536 plura
2405 4463 2505 4519 sibi
2533 4461 2789 4529 deinceps
2813 4455 3190 4526 comparanda.

2005 4559 2058 4613 5.
2089 4557 2206 4612 Noli
2234 4571 2361 4627 ergo
2387 4563 2535 4609 recte
2569 4552 2830 4606 factorum
2871 4546 3178 4602 meminisse
3200 4587 3213 4611 ,
3245 4553 3305 4600 ut
3331 4545 3518 4598 memi-

1933 4652 2075 4706 nerit
2112 4650 2321 4706 illorum
2366 4648 2528 4702 Deus.
2559 4644 2655 4698 Dic
2695 4644 2830 4696 enim
2877 4649 3080 4711 peccata
3107 4637 3426 4706 tuaprimus,
3459 4649 3519 4692 ut

1923 4743 2226 4813 justiﬁeeris
2249 4739 2452 4811 (Hesai.
2480 4739 2569 4792 45.
2594 4735 2709 4805 26),
2733 4743 2786 4790 et
2807 4745 3026 4789 rursus:
3050 4729 3382 4800 Iniquitatum
3406 4736 3518 4779 tua-

1933 4851 2046 4888 rmn
2089 4849 2196 4887 non
2235 4828 2558 4893 recordabar,
2583 4824 2786 4896 inquit:
2827 4831 2878 4876 at
2913 4831 2968 4875 tu
3017 4818 3286 4874 recordare
3312 4815 3416 4885 (Ib.
3464 4831 3514 4868 υ.

1934 4928 2048 4999 25).
2094 4924 2202 4981 Sed
2252 4937 2411 4993 quam
2445 4919 2656 4976 tandem
2705 4915 2776 4971 ob
2800 4927 3014 4968 causam
3040 4909 3377 4981 publicanum
3411 4915 3518 4961 tam

1937 5024 2044 5077 cito
2073 5017 2344 5076 exaudivit
2367 5015 2507 5070 Deus
2528 5053 2543 5077 ,
2572 5011 2720 5066 Isaac
2750 5016 2926 5062 autem
2955 5001 3142 5074 viginti
3166 5015 3336 5054 annos
3362 5013 3518 5054 orare

1939 5112 2201 5183 permisit,
2230 5109 2385 5179 eique
2411 5119 2506 5177 pro
2528 5117 2694 5160 uxore
2714 5116 2807 5155 sua
2837 5098 3136 5169 supplicare
3156 5135 3170 5158 ,
3200 5108 3260 5147 ac
3289 5101 3398 5147 tum
3426 5093 3517 5146 de-

1939 5220 2084 5260 mum
2105 5203 2228 5274 justi
2254 5200 2500 5271 precibus
2520 5194 2742 5251 annuit?
2767 5193 2900 5249 Sunt
2916 5187 3058 5243 enim
3078 5187 3230 5241 vobis
3257 5185 3515 5239 hesterna:

1939 5297 2195 5354 doctrinm
2220 5293 2456 5361 reliquis:
2479 5285 2865 5360 pers’olvendae.
2898 5282 3066 5349 Quam
3095 5278 3258 5348 igitur
3285 5275 3355 5328 ob
3389 5289 3514 5328 cau-

1940 5405 2053 5446 sam
2088 5388 2139 5442 id
2165 5384 2396 5441 accidit?
2424 5382 2496 5438 Ut
2541 5395 2606 5436 ex
2638 5380 2703 5434 iis
2728 5391 2844 5448 qua:
2874 5370 3156 5443 publicano
3184 5372 3475 5420 evenerunt
3500 5404 3514 5426 ,

1941 5479 2148 5535 Domini
2193 5473 2574 5544 benignitatem
2617 5479 2914 5538 cognoscas
2942 5480 2954 5516 :
2980 5477 3044 5514 ex
3075 5457 3140 5513 iis
3167 5465 3373 5519 autem,
3405 5467 3522 5521 qum

1942 5571 2088 5626 lsaac
2139 5573 2467 5631 evenerunt,
2516 5560 2824 5632 patientiam
2871 5553 3009 5609 servi
3061 5559 3387 5619 cognoscas,
3433 5544 3520 5613 qui

1945 5663 2094 5718 tarde
2117 5658 2360 5728 accepit,
2387 5664 2442 5712 et
2469 5651 2679 5728 precari
2706 5663 2811 5704 non
2833 5643 3068 5705 destitit;
3097 5650 3153 5694 ut
3181 5637 3525 5728 licet—pecca-

1949 5765 2032 5812 tor
2058 5753 2134 5810 sis
2153 5793 2169 5822 ,
2200 5723 2308 5806 non
2334 5723 2629 5820 desperes:
2655 5743 2779 5798 licet
2795 5739 2973 5810 justus
2992 5733 3067 5788 sis
3086 5773 3100 5799 ,
3133 5743 3240 5784 non
3267 5723 3525 5782 efferatis.
3582 5803 3584 5806 ν
