  <div class='ocr_page' id='page_1' title='image "/cluster/home/n/w/nwhite01/storage/ocr_20150623/51/mdp.39015052813998/363.png"; bbox 0 0 4060 6260; ppageno 0'>
   <div class='ocr_carea' id='block_1_1' title="bbox 499 323 616 382">
    <p class='ocr_par' dir='ltr' id='par_1_1' title="bbox 499 323 616 382">
     <span class='ocr_line' id='line_1_1' title="bbox 499 323 616 382; baseline -0.026 0"><span class='ocrx_word' id='word_1_1' title='bbox 499 323 616 382; x_wconf 64' lang='grc' dir='ltr'><strong>ῖΰῗ</strong></span> 
     </span>
    </p>
   </div>
   <div class='ocr_carea' id='block_1_2' title="bbox 515 440 2092 509">
    <p class='ocr_par' dir='ltr' id='par_1_2' title="bbox 515 440 2092 509">
     <span class='ocr_line' id='line_1_2' title="bbox 515 440 2092 509; baseline 0.001 -15"><span class='ocrx_word' id='word_1_2' title='bbox 515 440 633 495; x_wconf 83' lang='lat' dir='ltr'><strong>Non</strong></span> <span class='ocrx_word' id='word_1_3' title='bbox 659 450 733 496; x_wconf 83' lang='lat' dir='ltr'><strong>est</strong></span> <span class='ocrx_word' id='word_1_4' title='bbox 761 459 888 504; x_wconf 78' lang='lat' dir='ltr'><strong>opus</strong></span> <span class='ocrx_word' id='word_1_5' title='bbox 927 442 1209 498; x_wconf 72' lang='lat' dir='ltr'><strong>ualentibus</strong></span> <span class='ocrx_word' id='word_1_6' title='bbox 1252 443 1444 499; x_wconf 82' lang='lat' dir='ltr'><strong>medico</strong></span> <span class='ocrx_word' id='word_1_7' title='bbox 1465 485 1481 509; x_wconf 92' lang='lat'><strong>,</strong></span> <span class='ocrx_word' id='word_1_8' title='bbox 1511 443 1602 499; x_wconf 85' lang='lat' dir='ltr'><strong>sed</strong></span> <span class='ocrx_word' id='word_1_9' title='bbox 1627 443 1759 497; x_wconf 87' lang='lat' dir='ltr'><strong>male</strong></span> <span class='ocrx_word' id='word_1_10' title='bbox 1797 440 2092 496; x_wconf 73' lang='lat' dir='ltr'><strong>habentibus</strong></span> 
     </span>
    </p>
   </div>
   <div class='ocr_carea' id='block_1_3' title="bbox 512 529 2098 604">
    <p class='ocr_par' dir='ltr' id='par_1_3' title="bbox 512 529 2098 604">
     <span class='ocr_line' id='line_1_3' title="bbox 512 529 2098 604; baseline 0.001 -19"><span class='ocrx_word' id='word_1_11' title='bbox 512 529 727 603; x_wconf 65' lang='lat' dir='ltr'><strong>(Ratun.</strong></span> <span class='ocrx_word' id='word_1_12' title='bbox 752 531 805 585; x_wconf 89' lang='lat'><strong>9.</strong></span> <span class='ocrx_word' id='word_1_13' title='bbox 841 531 954 602; x_wconf 68' lang='grc' dir='ltr'><strong>η).</strong></span> <span class='ocrx_word' id='word_1_14' title='bbox 994 531 1131 588; x_wconf 83' lang='lat' dir='ltr'><strong>Male</strong></span> <span class='ocrx_word' id='word_1_15' title='bbox 1171 532 1400 588; x_wconf 82' lang='lat' dir='ltr'><strong>habebat</strong></span> <span class='ocrx_word' id='word_1_16' title='bbox 1441 534 1786 603; x_wconf 82' lang='lat' dir='ltr'><strong>publicanus;</strong></span> <span class='ocrx_word' id='word_1_17' title='bbox 1817 541 2098 604; x_wconf 76' lang='lat' dir='ltr'><strong>propterea</strong></span> 
     </span>
    </p>
   </div>
   <div class='ocr_carea' id='block_1_4' title="bbox 511 621 2095 693">
    <p class='ocr_par' dir='ltr' id='par_1_4' title="bbox 511 621 2095 693">
     <span class='ocr_line' id='line_1_4' title="bbox 511 621 2095 693; baseline 0.001 -17"><span class='ocrx_word' id='word_1_18' title='bbox 511 623 620 677; x_wconf 92' lang='lat' dir='ltr'><strong>cito</strong></span> <span class='ocrx_word' id='word_1_19' title='bbox 648 637 866 676; x_wconf 89' lang='lat' dir='ltr'><strong>manum</strong></span> <span class='ocrx_word' id='word_1_20' title='bbox 894 621 967 679; x_wconf 88' lang='lat' dir='ltr'><strong>illi</strong></span> <span class='ocrx_word' id='word_1_21' title='bbox 993 623 1264 693; x_wconf 72' lang='lat' dir='ltr'><strong>porrexit:</strong></span> <span class='ocrx_word' id='word_1_22' title='bbox 1295 624 1441 679; x_wconf 89' lang='lat' dir='ltr'><strong>Isaac</strong></span> <span class='ocrx_word' id='word_1_23' title='bbox 1462 633 1639 680; x_wconf 90' lang='lat' dir='ltr'><strong>autem</strong></span> <span class='ocrx_word' id='word_1_24' title='bbox 1665 624 1937 680; x_wconf 74' lang='lat' dir='ltr'><strong>robustior</strong></span> <span class='ocrx_word' id='word_1_25' title='bbox 1960 633 2095 690; x_wconf 90' lang='lat' dir='ltr'><strong>erat;</strong></span> 
     </span>
    </p>
   </div>
   <div class='ocr_carea' id='block_1_5' title="bbox 513 714 2097 786">
    <p class='ocr_par' dir='ltr' id='par_1_5' title="bbox 513 714 2097 786">
     <span class='ocr_line' id='line_1_5' title="bbox 513 714 2097 786; baseline 0.001 -20"><span class='ocrx_word' id='word_1_26' title='bbox 513 721 796 782; x_wconf 76' lang='lat' dir='ltr'><strong>propterea</strong></span> <span class='ocrx_word' id='word_1_27' title='bbox 822 714 1038 784; x_wconf 91' lang='lat' dir='ltr'><strong>reliquit</strong></span> <span class='ocrx_word' id='word_1_28' title='bbox 1062 715 1256 785; x_wconf 91' lang='lat' dir='ltr'><strong>ipsum,</strong></span> <span class='ocrx_word' id='word_1_29' title='bbox 1289 725 1347 770; x_wconf 93' lang='lat' dir='ltr'><strong>ut</strong></span> <span class='ocrx_word' id='word_1_30' title='bbox 1367 716 1676 786; x_wconf 73' lang='lat' dir='ltr'><strong>patientiam</strong></span> <span class='ocrx_word' id='word_1_31' title='bbox 1715 715 1830 785; x_wconf 93' lang='lat' dir='ltr'><strong>ejus</strong></span> <span class='ocrx_word' id='word_1_32' title='bbox 1859 725 2097 786; x_wconf 89' lang='lat' dir='ltr'><strong>augeret.</strong></span> 
     </span>
    </p>
   </div>
   <div class='ocr_carea' id='block_1_6' title="bbox 513 805 2098 877">
    <p class='ocr_par' dir='ltr' id='par_1_6' title="bbox 513 805 2098 877">
     <span class='ocr_line' id='line_1_6' title="bbox 513 805 2098 877; baseline 0 -17"><span class='ocrx_word' id='word_1_33' title='bbox 513 805 621 861; x_wconf 83' lang='lat' dir='ltr'><strong>Sed</strong></span> <span class='ocrx_word' id='word_1_34' title='bbox 650 805 766 860; x_wconf 66' lang='lat' dir='ltr'><strong>haec</strong></span> <span class='ocrx_word' id='word_1_35' title='bbox 795 806 1010 877; x_wconf 87' lang='lat' dir='ltr'><strong>quidem</strong></span> <span class='ocrx_word' id='word_1_36' title='bbox 1037 823 1103 863; x_wconf 87' lang='lat' dir='ltr'><strong>ex</strong></span> <span class='ocrx_word' id='word_1_37' title='bbox 1118 809 1407 865; x_wconf 81' lang='lat' dir='ltr'><strong>abundanti</strong></span> <span class='ocrx_word' id='word_1_38' title='bbox 1429 824 1460 863; x_wconf 89' lang='lat' dir='ltr'><strong>a</strong></span> <span class='ocrx_word' id='word_1_39' title='bbox 1487 809 1642 865; x_wconf 89' lang='lat' dir='ltr'><strong>nobis</strong></span> <span class='ocrx_word' id='word_1_40' title='bbox 1667 809 1776 864; x_wconf 91' lang='lat' dir='ltr'><strong>sint</strong></span> <span class='ocrx_word' id='word_1_41' title='bbox 1803 808 1969 864; x_wconf 88' lang='lat' dir='ltr'><strong>dicta.</strong></span> <span class='ocrx_word' id='word_1_42' title='bbox 1993 808 2098 863; x_wconf 90' lang='lat' dir='ltr'><strong>Cur</strong></span> 
     </span>
    </p>
   </div>
   <div class='ocr_carea' id='block_1_7' title="bbox 504 899 2102 971">
    <p class='ocr_par' dir='ltr' id='par_1_7' title="bbox 504 899 2102 971">
     <span class='ocr_line' id='line_1_7' title="bbox 504 899 2102 971; baseline 0 -19"><span class='ocrx_word' id='word_1_43' title='bbox 504 908 692 952; x_wconf 76' lang='lat' dir='ltr'><strong>autem</strong></span> <span class='ocrx_word' id='word_1_44' title='bbox 719 912 855 954; x_wconf 82' lang='lat' dir='ltr'><strong>uxor</strong></span> <span class='ocrx_word' id='word_1_45' title='bbox 882 899 1086 958; x_wconf 87' lang='lat' dir='ltr'><strong>sterilis</strong></span> <span class='ocrx_word' id='word_1_46' title='bbox 1114 909 1275 965; x_wconf 83' lang='lat' dir='ltr'><strong>esset,</strong></span> <span class='ocrx_word' id='word_1_47' title='bbox 1297 916 1473 971; x_wconf 67' lang='lat' dir='ltr'><strong>operae</strong></span> <span class='ocrx_word' id='word_1_48' title='bbox 1500 902 1727 971; x_wconf 84' lang='lat' dir='ltr'><strong>pretium</strong></span> <span class='ocrx_word' id='word_1_49' title='bbox 1756 901 1917 956; x_wconf 90' lang='lat' dir='ltr'><strong>fuerit</strong></span> <span class='ocrx_word' id='word_1_50' title='bbox 1944 913 2102 956; x_wconf 76' lang='lat' dir='ltr'><strong>enar-</strong></span> 
     </span>
    </p>
   </div>
   <div class='ocr_carea' id='block_1_8' title="bbox 484 991 2095 1061">
    <p class='ocr_par' dir='ltr' id='par_1_8' title="bbox 484 991 2095 1061">
     <span class='ocr_line' id='line_1_8' title="bbox 484 991 2095 1061; baseline 0.004 -21"><span class='ocrx_word' id='word_1_51' title='bbox 484 1000 636 1042; x_wconf 68' lang='lat' dir='ltr'><strong>‘rare</strong></span> <span class='ocrx_word' id='word_1_52' title='bbox 663 1005 677 1042; x_wconf 93' lang='lat'><strong>:</strong></span> <span class='ocrx_word' id='word_1_53' title='bbox 711 996 788 1055; x_wconf 87' lang='lat' dir='ltr'><strong>ut,</strong></span> <span class='ocrx_word' id='word_1_54' title='bbox 818 1004 942 1044; x_wconf 90' lang='lat' dir='ltr'><strong>cum</strong></span> <span class='ocrx_word' id='word_1_55' title='bbox 969 991 1228 1061; x_wconf 82' lang='lat' dir='ltr'><strong>virginem</strong></span> <span class='ocrx_word' id='word_1_56' title='bbox 1257 991 1455 1046; x_wconf 89' lang='lat' dir='ltr'><strong>videris</strong></span> <span class='ocrx_word' id='word_1_57' title='bbox 1478 991 1669 1046; x_wconf 88' lang='lat' dir='ltr'><strong>factam</strong></span> <span class='ocrx_word' id='word_1_58' title='bbox 1701 1007 1822 1048; x_wconf 90' lang='lat' dir='ltr'><strong>esse</strong></span> <span class='ocrx_word' id='word_1_59' title='bbox 1847 1001 2095 1060; x_wconf 86' lang='lat' dir='ltr'><strong>matrem,</strong></span> 
     </span>
    </p>
   </div>
   <div class='ocr_carea' id='block_1_9' title="bbox 511 1077 2097 1150">
    <p class='ocr_par' dir='ltr' id='par_1_9' title="bbox 511 1077 2097 1150">
     <span class='ocr_line' id='line_1_9' title="bbox 511 1077 2097 1150; baseline 0.004 -19"><span class='ocrx_word' id='word_1_60' title='bbox 511 1077 735 1133; x_wconf 84' lang='lat' dir='ltr'><strong>credere</strong></span> <span class='ocrx_word' id='word_1_61' title='bbox 762 1095 870 1135; x_wconf 81' lang='lat' dir='ltr'><strong>non</strong></span> <span class='ocrx_word' id='word_1_62' title='bbox 916 1095 1171 1137; x_wconf 88' lang='lat' dir='ltr'><strong>recuses:</strong></span> <span class='ocrx_word' id='word_1_63' title='bbox 1202 1089 1280 1148; x_wconf 91' lang='lat' dir='ltr'><strong>ut,</strong></span> <span class='ocrx_word' id='word_1_64' title='bbox 1315 1097 1436 1136; x_wconf 92' lang='lat' dir='ltr'><strong>cum</strong></span> <span class='ocrx_word' id='word_1_65' title='bbox 1462 1082 1658 1138; x_wconf 84' lang='lat' dir='ltr'><strong>dixerit</strong></span> <span class='ocrx_word' id='word_1_66' title='bbox 1701 1084 1794 1138; x_wconf 84' lang='lat' dir='ltr'><strong>tibi</strong></span> <span class='ocrx_word' id='word_1_67' title='bbox 1834 1082 2052 1138; x_wconf 69' lang='lat' dir='ltr'><strong>Judasus</strong></span> <span class='ocrx_word' id='word_1_68' title='bbox 2081 1125 2097 1150; x_wconf 96' lang='lat'><strong>,</strong></span> 
     </span>
    </p>
   </div>
   <div class='ocr_carea' id='block_1_10' title="bbox 513 1167 2099 1246">
    <p class='ocr_par' dir='ltr' id='par_1_10' title="bbox 513 1167 2099 1246">
     <span class='ocr_line' id='line_1_10' title="bbox 513 1167 2099 1246; baseline 0.006 -25"><span class='ocrx_word' id='word_1_69' title='bbox 513 1167 814 1238; x_wconf 77' lang='lat' dir='ltr'><strong>Quopacto</strong></span> <span class='ocrx_word' id='word_1_70' title='bbox 843 1173 1049 1241; x_wconf 82' lang='lat' dir='ltr'><strong>peperit</strong></span> <span class='ocrx_word' id='word_1_71' title='bbox 1075 1172 1280 1227; x_wconf 83' lang='lat' dir='ltr'><strong>Maria?</strong></span> <span class='ocrx_word' id='word_1_72' title='bbox 1304 1173 1453 1228; x_wconf 89' lang='lat' dir='ltr'><strong>dicas</strong></span> <span class='ocrx_word' id='word_1_73' title='bbox 1484 1173 1580 1238; x_wconf 91' lang='lat' dir='ltr'><strong>illi,</strong></span> <span class='ocrx_word' id='word_1_74' title='bbox 1606 1173 1722 1242; x_wconf 86' lang='lat' dir='ltr'><strong>Quo</strong></span> <span class='ocrx_word' id='word_1_75' title='bbox 1752 1182 1906 1244; x_wconf 91' lang='lat' dir='ltr'><strong>pacto</strong></span> <span class='ocrx_word' id='word_1_76' title='bbox 1934 1189 2099 1246; x_wconf 90' lang='lat' dir='ltr'><strong>pepe-</strong></span> 
     </span>
    </p>
   </div>
   <div class='ocr_carea' id='block_1_11' title="bbox 519 1259 2102 1330">
    <p class='ocr_par' dir='ltr' id='par_1_11' title="bbox 519 1259 2102 1330">
     <span class='ocr_line' id='line_1_11' title="bbox 519 1259 2102 1330; baseline 0.005 -18"><span class='ocrx_word' id='word_1_77' title='bbox 519 1259 591 1312; x_wconf 88' lang='lat' dir='ltr'><strong>rit</strong></span> <span class='ocrx_word' id='word_1_78' title='bbox 616 1259 799 1328; x_wconf 89' lang='lat' dir='ltr'><strong>Sarra,</strong></span> <span class='ocrx_word' id='word_1_79' title='bbox 825 1272 879 1317; x_wconf 88' lang='lat' dir='ltr'><strong>ct</strong></span> <span class='ocrx_word' id='word_1_80' title='bbox 905 1262 1170 1330; x_wconf 81' lang='lat' dir='ltr'><strong>Rebecca,</strong></span> <span class='ocrx_word' id='word_1_81' title='bbox 1193 1274 1249 1319; x_wconf 92' lang='lat' dir='ltr'><strong>et</strong></span> <span class='ocrx_word' id='word_1_82' title='bbox 1273 1264 1507 1320; x_wconf 86' lang='lat' dir='ltr'><strong>Rachel?</strong></span> <span class='ocrx_word' id='word_1_83' title='bbox 1531 1263 1662 1320; x_wconf 87' lang='lat' dir='ltr'><strong>Cum</strong></span> <span class='ocrx_word' id='word_1_84' title='bbox 1688 1267 1830 1321; x_wconf 90' lang='lat' dir='ltr'><strong>enim</strong></span> <span class='ocrx_word' id='word_1_85' title='bbox 1857 1265 2102 1322; x_wconf 84' lang='lat' dir='ltr'><strong>mirabile</strong></span> 
     </span>
    </p>
   </div>
   <div class='ocr_carea' id='block_1_12' title="bbox 515 1351 2102 1428">
    <p class='ocr_par' dir='ltr' id='par_1_12' title="bbox 515 1351 2102 1428">
     <span class='ocr_line' id='line_1_12' title="bbox 515 1351 2102 1428; baseline 0.005 -23"><span class='ocrx_word' id='word_1_86' title='bbox 515 1351 784 1422; x_wconf 86' lang='lat' dir='ltr'><strong>quidpiam</strong></span> <span class='ocrx_word' id='word_1_87' title='bbox 823 1369 1181 1425; x_wconf 89' lang='lat' dir='ltr'><strong>magnumque</strong></span> <span class='ocrx_word' id='word_1_88' title='bbox 1204 1356 1364 1412; x_wconf 85' lang='lat' dir='ltr'><strong>fuerit</strong></span> <span class='ocrx_word' id='word_1_89' title='bbox 1389 1367 1726 1422; x_wconf 88' lang='lat' dir='ltr'><strong>eventurum,</strong></span> <span class='ocrx_word' id='word_1_90' title='bbox 1756 1358 1938 1412; x_wconf 71' lang='lat' dir='ltr'><strong>multae</strong></span> <span class='ocrx_word' id='word_1_91' title='bbox 1965 1374 2102 1428; x_wconf 71' lang='lat' dir='ltr'><strong>pra:-</strong></span> 
     </span>
    </p>
   </div>
   <div class='ocr_carea' id='block_1_13' title="bbox 515 1443 2100 1520">
    <p class='ocr_par' dir='ltr' id='par_1_13' title="bbox 515 1443 2100 1520">
     <span class='ocr_line' id='line_1_13' title="bbox 515 1443 2100 1520; baseline 0.006 -24"><span class='ocrx_word' id='word_1_92' title='bbox 515 1453 739 1498; x_wconf 89' lang='lat' dir='ltr'><strong>currunt</strong></span> <span class='ocrx_word' id='word_1_93' title='bbox 782 1443 988 1515; x_wconf 61' lang='lat' dir='ltr'><strong>ﬁgurae.</strong></span> <span class='ocrx_word' id='word_1_94' title='bbox 1009 1447 1074 1500; x_wconf 90' lang='lat' dir='ltr'><strong>Et</strong></span> <span class='ocrx_word' id='word_1_95' title='bbox 1093 1447 1539 1518; x_wconf 83' lang='lat' dir='ltr'><strong>quemadmodum</strong></span> <span class='ocrx_word' id='word_1_96' title='bbox 1557 1465 1678 1504; x_wconf 90' lang='lat' dir='ltr'><strong>cum</strong></span> <span class='ocrx_word' id='word_1_97' title='bbox 1700 1450 1994 1520; x_wconf 81' lang='lat' dir='ltr'><strong>Imperator</strong></span> <span class='ocrx_word' id='word_1_98' title='bbox 2014 1450 2100 1505; x_wconf 82' lang='lat' dir='ltr'><strong>in-</strong></span> 
     </span>
    </p>
   </div>
   <div class='ocr_carea' id='block_1_14' title="bbox 515 1533 2103 1612">
    <p class='ocr_par' dir='ltr' id='par_1_14' title="bbox 515 1533 2103 1612">
     <span class='ocr_line' id='line_1_14' title="bbox 515 1533 2103 1612; baseline 0.007 -26"><span class='ocrx_word' id='word_1_99' title='bbox 515 1533 775 1602; x_wconf 78' lang='lat' dir='ltr'><strong>greditur,</strong></span> <span class='ocrx_word' id='word_1_100' title='bbox 803 1545 1142 1606; x_wconf 75' lang='lat' dir='ltr'><strong>prmcurrunt</strong></span> <span class='ocrx_word' id='word_1_101' title='bbox 1165 1540 1362 1595; x_wconf 89' lang='lat' dir='ltr'><strong>milites</strong></span> <span class='ocrx_word' id='word_1_102' title='bbox 1384 1581 1398 1604; x_wconf 90' lang='lat'><strong>,</strong></span> <span class='ocrx_word' id='word_1_103' title='bbox 1439 1556 1507 1595; x_wconf 91' lang='lat' dir='ltr'><strong>ne</strong></span> <span class='ocrx_word' id='word_1_104' title='bbox 1537 1541 1713 1595; x_wconf 86' lang='lat' dir='ltr'><strong>subito</strong></span> <span class='ocrx_word' id='word_1_105' title='bbox 1738 1541 1805 1596; x_wconf 89' lang='lat' dir='ltr'><strong>ah</strong></span> <span class='ocrx_word' id='word_1_106' title='bbox 1831 1542 2103 1612; x_wconf 81' lang='lat' dir='ltr'><strong>imparatis</strong></span> 
     </span>
    </p>
   </div>
   <div class='ocr_carea' id='block_1_15' title="bbox 517 1623 2097 1699">
    <p class='ocr_par' dir='ltr' id='par_1_15' title="bbox 517 1623 2097 1699">
     <span class='ocr_line' id='line_1_15' title="bbox 517 1623 2097 1699; baseline 0.008 -22"><span class='ocrx_word' id='word_1_107' title='bbox 517 1623 841 1694; x_wconf 83' lang='lat' dir='ltr'><strong>excipiatur:</strong></span> <span class='ocrx_word' id='word_1_108' title='bbox 858 1625 927 1679; x_wconf 88' lang='lat' dir='ltr'><strong>ita</strong></span> <span class='ocrx_word' id='word_1_109' title='bbox 941 1641 1058 1681; x_wconf 91' lang='lat' dir='ltr'><strong>cum</strong></span> <span class='ocrx_word' id='word_1_110' title='bbox 1075 1628 1343 1684; x_wconf 89' lang='lat' dir='ltr'><strong>insolitum</strong></span> <span class='ocrx_word' id='word_1_111' title='bbox 1360 1629 1590 1686; x_wconf 91' lang='lat' dir='ltr'><strong>futurum</strong></span> <span class='ocrx_word' id='word_1_112' title='bbox 1605 1640 1747 1687; x_wconf 86' lang='lat' dir='ltr'><strong>esset</strong></span> <span class='ocrx_word' id='word_1_113' title='bbox 1763 1632 2097 1699; x_wconf 86' lang='lat' dir='ltr'><strong>miraculum,</strong></span> 
     </span>
    </p>
   </div>
   <div class='ocr_carea' id='block_1_16' title="bbox 515 1711 2101 1789">
    <p class='ocr_par' dir='ltr' id='par_1_16' title="bbox 515 1711 2101 1789">
     <span class='ocr_line' id='line_1_16' title="bbox 515 1711 2101 1789; baseline 0.007 -26"><span class='ocrx_word' id='word_1_114' title='bbox 515 1712 827 1777; x_wconf 69' lang='lat' dir='ltr'><strong>praecedunt</strong></span> <span class='ocrx_word' id='word_1_115' title='bbox 853 1711 1056 1782; x_wconf 78' lang='lat' dir='ltr'><strong>ﬁgurae,</strong></span> <span class='ocrx_word' id='word_1_116' title='bbox 1081 1722 1136 1768; x_wconf 95' lang='lat' dir='ltr'><strong>ut</strong></span> <span class='ocrx_word' id='word_1_117' title='bbox 1165 1730 1262 1769; x_wconf 91' lang='lat' dir='ltr'><strong>nos</strong></span> <span class='ocrx_word' id='word_1_118' title='bbox 1289 1715 1436 1785; x_wconf 91' lang='lat' dir='ltr'><strong>prius</strong></span> <span class='ocrx_word' id='word_1_119' title='bbox 1463 1718 1737 1772; x_wconf 81' lang='lat' dir='ltr'><strong>exercitati</strong></span> <span class='ocrx_word' id='word_1_120' title='bbox 1768 1733 1832 1773; x_wconf 90' lang='lat' dir='ltr'><strong>ac</strong></span> <span class='ocrx_word' id='word_1_121' title='bbox 1857 1719 2101 1789; x_wconf 91' lang='lat' dir='ltr'><strong>dispositi</strong></span> 
     </span>
    </p>
   </div>
   <div class='ocr_carea' id='block_1_17' title="bbox 522 1802 2100 1881">
    <p class='ocr_par' dir='ltr' id='par_1_17' title="bbox 522 1802 2100 1881">
     <span class='ocr_line' id='line_1_17' title="bbox 522 1802 2100 1881; baseline 0.008 -27"><span class='ocrx_word' id='word_1_122' title='bbox 522 1814 623 1854; x_wconf 84' lang='lat' dir='ltr'><strong>non</strong></span> <span class='ocrx_word' id='word_1_123' title='bbox 647 1802 825 1858; x_wconf 90' lang='lat' dir='ltr'><strong>subito</strong></span> <span class='ocrx_word' id='word_1_124' title='bbox 853 1804 1063 1859; x_wconf 91' lang='lat' dir='ltr'><strong>attoniti</strong></span> <span class='ocrx_word' id='word_1_125' title='bbox 1092 1805 1407 1873; x_wconf 84' lang='lat' dir='ltr'><strong>haereamus,</strong></span> <span class='ocrx_word' id='word_1_126' title='bbox 1435 1824 1533 1863; x_wconf 90' lang='lat' dir='ltr'><strong>nec</strong></span> <span class='ocrx_word' id='word_1_127' title='bbox 1558 1809 1635 1863; x_wconf 90' lang='lat' dir='ltr'><strong>rei</strong></span> <span class='ocrx_word' id='word_1_128' title='bbox 1661 1818 1853 1880; x_wconf 82' lang='lat' dir='ltr'><strong>praeter</strong></span> <span class='ocrx_word' id='word_1_129' title='bbox 1877 1825 2100 1881; x_wconf 89' lang='lat' dir='ltr'><strong>exspec-</strong></span> 
     </span>
    </p>
   </div>
   <div class='ocr_carea' id='block_1_18' title="bbox 518 1892 2105 1972">
    <p class='ocr_par' dir='ltr' id='par_1_18' title="bbox 518 1892 2105 1972">
     <span class='ocr_line' id='line_1_18' title="bbox 518 1892 2105 1972; baseline 0.009 -28"><span class='ocrx_word' id='word_1_130' title='bbox 518 1892 775 1949; x_wconf 86' lang='lat' dir='ltr'><strong>tationem</strong></span> <span class='ocrx_word' id='word_1_131' title='bbox 809 1896 939 1952; x_wconf 78' lang='lat' dir='ltr'><strong>visa:</strong></span> <span class='ocrx_word' id='word_1_132' title='bbox 961 1897 1130 1952; x_wconf 88' lang='lat' dir='ltr'><strong>territi</strong></span> <span class='ocrx_word' id='word_1_133' title='bbox 1157 1899 1390 1954; x_wconf 80' lang='lat' dir='ltr'><strong>novitate</strong></span> <span class='ocrx_word' id='word_1_134' title='bbox 1425 1901 1886 1972; x_wconf 89' lang='lat' dir='ltr'><strong>obstupescamus.</strong></span> <span class='ocrx_word' id='word_1_135' title='bbox 1909 1903 2021 1958; x_wconf 88' lang='lat' dir='ltr'><strong>Hoc</strong></span> <span class='ocrx_word' id='word_1_136' title='bbox 2050 1912 2105 1959; x_wconf 90' lang='lat' dir='ltr'><strong>et</strong></span> 
     </span>
    </p>
   </div>
   <div class='ocr_carea' id='block_1_19' title="bbox 515 1982 2104 2057">
    <p class='ocr_par' dir='ltr' id='par_1_19' title="bbox 515 1982 2104 2057">
     <span class='ocr_line' id='line_1_19' title="bbox 515 1982 2104 2057; baseline 0.008 -20"><span class='ocrx_word' id='word_1_137' title='bbox 515 1982 571 2038; x_wconf 87' lang='lat' dir='ltr'><strong>in</strong></span> <span class='ocrx_word' id='word_1_138' title='bbox 597 1996 789 2041; x_wconf 88' lang='lat' dir='ltr'><strong>morte.</strong></span> <span class='ocrx_word' id='word_1_139' title='bbox 817 1986 1104 2044; x_wconf 63' lang='lat' dir='ltr'><strong>Praecessit</strong></span> <span class='ocrx_word' id='word_1_140' title='bbox 1127 1989 1307 2057; x_wconf 86' lang='lat' dir='ltr'><strong>Jonas,</strong></span> <span class='ocrx_word' id='word_1_141' title='bbox 1337 2000 1392 2046; x_wconf 92' lang='lat' dir='ltr'><strong>et</strong></span> <span class='ocrx_word' id='word_1_142' title='bbox 1421 2001 1654 2048; x_wconf 89' lang='lat' dir='ltr'><strong>mentem</strong></span> <span class='ocrx_word' id='word_1_143' title='bbox 1682 2003 1922 2049; x_wconf 90' lang='lat' dir='ltr'><strong>nostram</strong></span> <span class='ocrx_word' id='word_1_144' title='bbox 1949 2011 2104 2051; x_wconf 86' lang='lat' dir='ltr'><strong>exer-</strong></span> 
     </span>
    </p>
   </div>
   <div class='ocr_carea' id='block_1_20' title="bbox 516 2074 2102 2156">
    <p class='ocr_par' dir='ltr' id='par_1_20' title="bbox 516 2074 2102 2156">
     <span class='ocr_line' id='line_1_20' title="bbox 516 2074 2102 2156; baseline 0.01 -28"><span class='ocrx_word' id='word_1_145' title='bbox 516 2074 648 2130; x_wconf 86' lang='lat' dir='ltr'><strong>cuit.</strong></span> <span class='ocrx_word' id='word_1_146' title='bbox 681 2075 903 2132; x_wconf 90' lang='lat' dir='ltr'><strong>Utenim</strong></span> <span class='ocrx_word' id='word_1_147' title='bbox 927 2079 1076 2135; x_wconf 89' lang='lat' dir='ltr'><strong>illum</strong></span> <span class='ocrx_word' id='word_1_148' title='bbox 1104 2091 1227 2151; x_wconf 90' lang='lat' dir='ltr'><strong>post</strong></span> <span class='ocrx_word' id='word_1_149' title='bbox 1248 2093 1358 2138; x_wconf 89' lang='lat' dir='ltr'><strong>tres</strong></span> <span class='ocrx_word' id='word_1_150' title='bbox 1383 2083 1498 2140; x_wconf 90' lang='lat' dir='ltr'><strong>dies</strong></span> <span class='ocrx_word' id='word_1_151' title='bbox 1519 2094 1669 2141; x_wconf 91' lang='lat' dir='ltr'><strong>cetus</strong></span> <span class='ocrx_word' id='word_1_152' title='bbox 1688 2088 1952 2156; x_wconf 87' lang='lat' dir='ltr'><strong>evomuit,</strong></span> <span class='ocrx_word' id='word_1_153' title='bbox 1979 2102 2102 2144; x_wconf 92' lang='lat' dir='ltr'><strong>cum</strong></span> 
     </span>
    </p>
   </div>
   <div class='ocr_carea' id='block_1_21' title="bbox 513 2163 2106 2247">
    <p class='ocr_par' dir='ltr' id='par_1_21' title="bbox 513 2163 2106 2247">
     <span class='ocr_line' id='line_1_21' title="bbox 513 2163 2106 2247; baseline 0.011 -29"><span class='ocrx_word' id='word_1_154' title='bbox 513 2163 570 2218; x_wconf 89' lang='lat' dir='ltr'><strong>in</strong></span> <span class='ocrx_word' id='word_1_155' title='bbox 601 2181 665 2220; x_wconf 90' lang='lat' dir='ltr'><strong>eo</strong></span> <span class='ocrx_word' id='word_1_156' title='bbox 694 2169 966 2238; x_wconf 87' lang='lat' dir='ltr'><strong>proprium</strong></span> <span class='ocrx_word' id='word_1_157' title='bbox 987 2179 1040 2226; x_wconf 90' lang='lat' dir='ltr'><strong>et</strong></span> <span class='ocrx_word' id='word_1_158' title='bbox 1066 2173 1391 2230; x_wconf 82' lang='lat' dir='ltr'><strong>conveniens</strong></span> <span class='ocrx_word' id='word_1_159' title='bbox 1421 2176 1845 2247; x_wconf 69' lang='lat' dir='ltr'><strong>non&#39;reperisset</strong></span> <span class='ocrx_word' id='word_1_160' title='bbox 1881 2179 2106 2235; x_wconf 90' lang='lat' dir='ltr'><strong>alimen-</strong></span> 
     </span>
    </p>
   </div>
   <div class='ocr_carea' id='block_1_22' title="bbox 423 2259 2102 2337">
    <p class='ocr_par' dir='ltr' id='par_1_22' title="bbox 423 2259 2102 2337">
     <span class='ocr_line' id='line_1_22' title="bbox 423 2259 2102 2337; baseline 0.013 -31"><span class='ocrx_word' id='word_1_161' title='bbox 423 2333 427 2337; x_wconf 20' lang='lat'><strong><em>.</em></strong></span> <span class='ocrx_word' id='word_1_162' title='bbox 506 2264 628 2308; x_wconf 80' lang='lat' dir='ltr'><strong>tum</strong></span> <span class='ocrx_word' id='word_1_163' title='bbox 659 2273 672 2308; x_wconf 91' lang='lat'><strong>:</strong></span> <span class='ocrx_word' id='word_1_164' title='bbox 704 2259 976 2328; x_wconf 86' lang='lat' dir='ltr'><strong>preprium</strong></span> <span class='ocrx_word' id='word_1_165' title='bbox 997 2261 1197 2333; x_wconf 89' lang='lat' dir='ltr'><strong>quippe</strong></span> <span class='ocrx_word' id='word_1_166' title='bbox 1217 2265 1648 2336; x_wconf 88' lang='lat' dir='ltr'><strong>conveniensque</strong></span> <span class='ocrx_word' id='word_1_167' title='bbox 1665 2269 1856 2325; x_wconf 89' lang='lat' dir='ltr'><strong>mortis</strong></span> <span class='ocrx_word' id='word_1_168' title='bbox 1875 2264 2102 2328; x_wconf 85' lang='lat' dir='ltr'><strong>alimen-</strong></span> 
     </span>
    </p>
   </div>
   <div class='ocr_carea' id='block_1_23' title="bbox 515 2353 2105 2430">
    <p class='ocr_par' dir='ltr' id='par_1_23' title="bbox 515 2353 2105 2430">
     <span class='ocr_line' id='line_1_23' title="bbox 515 2353 2105 2430; baseline 0.014 -31"><span class='ocrx_word' id='word_1_169' title='bbox 515 2355 629 2401; x_wconf 86' lang='lat' dir='ltr'><strong>tum</strong></span> <span class='ocrx_word' id='word_1_170' title='bbox 672 2357 754 2403; x_wconf 91' lang='lat' dir='ltr'><strong>est</strong></span> <span class='ocrx_word' id='word_1_171' title='bbox 783 2353 985 2420; x_wconf 88' lang='lat' dir='ltr'><strong>peccati</strong></span> <span class='ocrx_word' id='word_1_172' title='bbox 1025 2363 1218 2409; x_wconf 85' lang='lat' dir='ltr'><strong>natura</strong></span> <span class='ocrx_word' id='word_1_173' title='bbox 1251 2373 1265 2410; x_wconf 88' lang='lat'><strong>:</strong></span> <span class='ocrx_word' id='word_1_174' title='bbox 1307 2357 1430 2413; x_wconf 90' lang='lat' dir='ltr'><strong>inde</strong></span> <span class='ocrx_word' id='word_1_175' title='bbox 1459 2368 1581 2415; x_wconf 89' lang='lat' dir='ltr'><strong>nata</strong></span> <span class='ocrx_word' id='word_1_176' title='bbox 1620 2370 1734 2430; x_wconf 91' lang='lat' dir='ltr'><strong>est,</strong></span> <span class='ocrx_word' id='word_1_177' title='bbox 1766 2363 1890 2419; x_wconf 89' lang='lat' dir='ltr'><strong>inde</strong></span> <span class='ocrx_word' id='word_1_178' title='bbox 1915 2378 2105 2419; x_wconf 91' lang='lat' dir='ltr'><strong>corro-</strong></span> 
     </span>
    </p>
   </div>
   <div class='ocr_carea' id='block_1_24' title="bbox 517 2439 2106 2522">
    <p class='ocr_par' dir='ltr' id='par_1_24' title="bbox 517 2439 2106 2522">
     <span class='ocr_line' id='line_1_24' title="bbox 517 2439 2106 2522; baseline 0.012 -29"><span class='ocrx_word' id='word_1_179' title='bbox 517 2439 702 2494; x_wconf 72' lang='lat' dir='ltr'><strong>bOrata</strong></span> <span class='ocrx_word' id='word_1_180' title='bbox 733 2453 844 2506; x_wconf 90' lang='lat' dir='ltr'><strong>est,</strong></span> <span class='ocrx_word' id='word_1_181' title='bbox 876 2443 998 2499; x_wconf 90' lang='lat' dir='ltr'><strong>inde</strong></span> <span class='ocrx_word' id='word_1_182' title='bbox 1022 2447 1183 2501; x_wconf 86' lang='lat' dir='ltr'><strong>etiam</strong></span> <span class='ocrx_word' id='word_1_183' title='bbox 1226 2447 1404 2504; x_wconf 85' lang='lat' dir='ltr'><strong>alitur.</strong></span> <span class='ocrx_word' id='word_1_184' title='bbox 1439 2449 1508 2506; x_wconf 87' lang='lat' dir='ltr'><strong>Ut</strong></span> <span class='ocrx_word' id='word_1_185' title='bbox 1548 2453 1709 2522; x_wconf 81' lang='lat' dir='ltr'><strong>igitur</strong></span> <span class='ocrx_word' id='word_1_186' title='bbox 1747 2454 1801 2509; x_wconf 91' lang='lat' dir='ltr'><strong>in</strong></span> <span class='ocrx_word' id='word_1_187' title='bbox 1842 2455 1994 2512; x_wconf 89' lang='lat' dir='ltr'><strong>nobis</strong></span> <span class='ocrx_word' id='word_1_188' title='bbox 2018 2497 2033 2522; x_wconf 86' lang='lat'><strong>,</strong></span> <span class='ocrx_word' id='word_1_189' title='bbox 2059 2456 2106 2512; x_wconf 90' lang='lat' dir='ltr'><strong>si</strong></span> 
     </span>
    </p>
   </div>
   <div class='ocr_carea' id='block_1_25' title="bbox 515 2529 2105 2617">
    <p class='ocr_par' dir='ltr' id='par_1_25' title="bbox 515 2529 2105 2617">
     <span class='ocr_line' id='line_1_25' title="bbox 515 2529 2105 2617; baseline 0.013 -36"><span class='ocrx_word' id='word_1_190' title='bbox 515 2529 728 2598; x_wconf 87' lang='lat' dir='ltr'><strong>quando</strong></span> <span class='ocrx_word' id='word_1_191' title='bbox 753 2531 980 2602; x_wconf 89' lang='lat' dir='ltr'><strong>lapidem</strong></span> <span class='ocrx_word' id='word_1_192' title='bbox 1010 2534 1381 2606; x_wconf 87' lang='lat' dir='ltr'><strong>deglutivimus</strong></span> <span class='ocrx_word' id='word_1_193' title='bbox 1418 2542 1780 2611; x_wconf 86' lang='lat' dir='ltr'><strong>imprudentes</strong></span> <span class='ocrx_word' id='word_1_194' title='bbox 1803 2586 1818 2612; x_wconf 95' lang='lat'><strong>,</strong></span> <span class='ocrx_word' id='word_1_195' title='bbox 1845 2554 1953 2600; x_wconf 88' lang='lat' dir='ltr'><strong>tum</strong></span> <span class='ocrx_word' id='word_1_196' title='bbox 1983 2548 2105 2617; x_wconf 85' lang='lat' dir='ltr'><strong>qui-</strong></span> 
     </span>
    </p>
   </div>
   <div class='ocr_carea' id='block_1_26' title="bbox 517 2618 2104 2706">
    <p class='ocr_par' dir='ltr' id='par_1_26' title="bbox 517 2618 2104 2706">
     <span class='ocr_line' id='line_1_26' title="bbox 517 2618 2104 2706; baseline 0.014 -35"><span class='ocrx_word' id='word_1_197' title='bbox 517 2618 641 2673; x_wconf 91' lang='lat' dir='ltr'><strong>dem</strong></span> <span class='ocrx_word' id='word_1_198' title='bbox 669 2620 899 2689; x_wconf 85' lang='lat' dir='ltr'><strong>primum</strong></span> <span class='ocrx_word' id='word_1_199' title='bbox 925 2623 1073 2679; x_wconf 91' lang='lat' dir='ltr'><strong>illum</strong></span> <span class='ocrx_word' id='word_1_200' title='bbox 1097 2626 1176 2682; x_wconf 88' lang='lat' dir='ltr'><strong>vis</strong></span> <span class='ocrx_word' id='word_1_201' title='bbox 1205 2631 1468 2685; x_wconf 77' lang='lat' dir='ltr'><strong>stomachi</strong></span> <span class='ocrx_word' id='word_1_202' title='bbox 1497 2647 1833 2704; x_wconf 86' lang='lat' dir='ltr'><strong>concoquere</strong></span> <span class='ocrx_word' id='word_1_203' title='bbox 1856 2636 2104 2706; x_wconf 89' lang='lat' dir='ltr'><strong>aggredi-</strong></span> 
     </span>
    </p>
   </div>
   <div class='ocr_carea' id='block_1_27' title="bbox 519 2715 2105 2796">
    <p class='ocr_par' dir='ltr' id='par_1_27' title="bbox 519 2715 2105 2796">
     <span class='ocr_line' id='line_1_27' title="bbox 519 2715 2105 2796; baseline 0.013 -33"><span class='ocrx_word' id='word_1_204' title='bbox 519 2719 606 2763; x_wconf 88' lang='lat' dir='ltr'><strong>tur</strong></span> <span class='ocrx_word' id='word_1_205' title='bbox 636 2727 650 2764; x_wconf 88' lang='lat'><strong>:</strong></span> <span class='ocrx_word' id='word_1_206' title='bbox 681 2726 799 2766; x_wconf 90' lang='lat' dir='ltr'><strong>cum</strong></span> <span class='ocrx_word' id='word_1_207' title='bbox 830 2729 958 2768; x_wconf 77' lang='lat' dir='ltr'><strong>vero</strong></span> <span class='ocrx_word' id='word_1_208' title='bbox 994 2715 1173 2771; x_wconf 91' lang='lat' dir='ltr'><strong>cibum</strong></span> <span class='ocrx_word' id='word_1_209' title='bbox 1215 2720 1438 2776; x_wconf 89' lang='lat' dir='ltr'><strong>minime</strong></span> <span class='ocrx_word' id='word_1_210' title='bbox 1463 2722 1562 2777; x_wconf 89' lang='lat' dir='ltr'><strong>sibi</strong></span> <span class='ocrx_word' id='word_1_211' title='bbox 1589 2725 1861 2794; x_wconf 85' lang='lat' dir='ltr'><strong>proprium</strong></span> <span class='ocrx_word' id='word_1_212' title='bbox 1883 2740 2105 2796; x_wconf 90' lang='lat' dir='ltr'><strong>compe-</strong></span> 
     </span>
    </p>
   </div>
   <div class='ocr_carea' id='block_1_28' title="bbox 517 2801 2103 2890">
    <p class='ocr_par' dir='ltr' id='par_1_28' title="bbox 517 2801 2103 2890">
     <span class='ocr_line' id='line_1_28' title="bbox 517 2801 2103 2890; baseline 0.013 -36"><span class='ocrx_word' id='word_1_213' title='bbox 517 2801 669 2869; x_wconf 81' lang='lat' dir='ltr'><strong>rerit,</strong></span> <span class='ocrx_word' id='word_1_214' title='bbox 699 2803 783 2859; x_wconf 92' lang='lat' dir='ltr'><strong>ubi</strong></span> <span class='ocrx_word' id='word_1_215' title='bbox 817 2805 1014 2861; x_wconf 91' lang='lat' dir='ltr'><strong>diutius</strong></span> <span class='ocrx_word' id='word_1_216' title='bbox 1031 2809 1135 2862; x_wconf 91' lang='lat' dir='ltr'><strong>vim</strong></span> <span class='ocrx_word' id='word_1_217' title='bbox 1158 2825 1307 2864; x_wconf 89' lang='lat' dir='ltr'><strong>suam</strong></span> <span class='ocrx_word' id='word_1_218' title='bbox 1326 2814 1690 2884; x_wconf 89' lang='lat' dir='ltr'><strong>concoquendi</strong></span> <span class='ocrx_word' id='word_1_219' title='bbox 1720 2817 1794 2871; x_wconf 89' lang='lat' dir='ltr'><strong>illi</strong></span> <span class='ocrx_word' id='word_1_220' title='bbox 1825 2818 2103 2890; x_wconf 79' lang='lat' dir='ltr'><strong>applicuit,</strong></span> 
     </span>
    </p>
   </div>
   <div class='ocr_carea' id='block_1_29' title="bbox 519 2893 2108 2978">
    <p class='ocr_par' dir='ltr' id='par_1_29' title="bbox 519 2893 2108 2978">
     <span class='ocr_line' id='line_1_29' title="bbox 519 2893 2108 2978; baseline 0.015 -35"><span class='ocrx_word' id='word_1_221' title='bbox 519 2905 624 2946; x_wconf 88' lang='lat' dir='ltr'><strong>non</strong></span> <span class='ocrx_word' id='word_1_222' title='bbox 652 2893 1135 2969; x_wconf 83' lang='lat' dir='ltr'><strong>illumcorrumpit,</strong></span> <span class='ocrx_word' id='word_1_223' title='bbox 1162 2901 1257 2956; x_wconf 90' lang='lat' dir='ltr'><strong>sed</strong></span> <span class='ocrx_word' id='word_1_224' title='bbox 1287 2903 1532 2960; x_wconf 88' lang='lat' dir='ltr'><strong>virtutem</strong></span> <span class='ocrx_word' id='word_1_225' title='bbox 1559 2921 1709 2961; x_wconf 90' lang='lat' dir='ltr'><strong>suam</strong></span> <span class='ocrx_word' id='word_1_226' title='bbox 1741 2909 1946 2978; x_wconf 89' lang='lat' dir='ltr'><strong>perdit:</strong></span> <span class='ocrx_word' id='word_1_227' title='bbox 1966 2909 2108 2968; x_wconf 83' lang='lat' dir='ltr'><strong>unde</strong></span> 
     </span>
    </p>
   </div>
   <div class='ocr_carea' id='block_1_30' title="bbox 518 2988 2107 3065">
    <p class='ocr_par' dir='ltr' id='par_1_30' title="bbox 518 2988 2107 3065">
     <span class='ocr_line' id='line_1_30' title="bbox 518 2988 2107 3065; baseline 0.014 -27"><span class='ocrx_word' id='word_1_228' title='bbox 518 2999 619 3041; x_wconf 87' lang='lat' dir='ltr'><strong>nec</strong></span> <span class='ocrx_word' id='word_1_229' title='bbox 661 2988 890 3055; x_wconf 88' lang='lat' dir='ltr'><strong>priorem</strong></span> <span class='ocrx_word' id='word_1_230' title='bbox 922 2989 1097 3045; x_wconf 87' lang='lat' dir='ltr'><strong>cibum</strong></span> <span class='ocrx_word' id='word_1_231' title='bbox 1120 3001 1293 3062; x_wconf 90' lang='lat' dir='ltr'><strong>potest</strong></span> <span class='ocrx_word' id='word_1_232' title='bbox 1311 2997 1607 3065; x_wconf 87' lang='lat' dir='ltr'><strong>continere,</strong></span> <span class='ocrx_word' id='word_1_233' title='bbox 1630 2998 1725 3054; x_wconf 91' lang='lat' dir='ltr'><strong>sed</strong></span> <span class='ocrx_word' id='word_1_234' title='bbox 1754 2998 1962 3058; x_wconf 87' lang='lat' dir='ltr'><strong>defessa</strong></span> <span class='ocrx_word' id='word_1_235' title='bbox 1986 3017 2107 3059; x_wconf 90' lang='lat' dir='ltr'><strong>cum</strong></span> 
     </span>
    </p>
   </div>
   <div class='ocr_carea' id='block_1_31' title="bbox 519 3078 2106 3159">
    <p class='ocr_par' dir='ltr' id='par_1_31' title="bbox 519 3078 2106 3159">
     <span class='ocr_line' id='line_1_31' title="bbox 519 3078 2106 3159; baseline 0.011 -24"><span class='ocrx_word' id='word_1_236' title='bbox 519 3078 638 3147; x_wconf 81' lang='lat' dir='ltr'><strong>ipso</strong></span> <span class='ocrx_word' id='word_1_237' title='bbox 681 3080 829 3136; x_wconf 91' lang='lat' dir='ltr'><strong>illum</strong></span> <span class='ocrx_word' id='word_1_238' title='bbox 857 3098 1068 3154; x_wconf 87' lang='lat' dir='ltr'><strong>quoque</strong></span> <span class='ocrx_word' id='word_1_239' title='bbox 1095 3100 1200 3141; x_wconf 91' lang='lat' dir='ltr'><strong>non</strong></span> <span class='ocrx_word' id='word_1_240' title='bbox 1227 3087 1342 3142; x_wconf 91' lang='lat' dir='ltr'><strong>siue</strong></span> <span class='ocrx_word' id='word_1_241' title='bbox 1370 3090 1516 3159; x_wconf 82' lang='lat' dir='ltr'><strong>gravi</strong></span> <span class='ocrx_word' id='word_1_242' title='bbox 1547 3090 1732 3147; x_wconf 89' lang='lat' dir='ltr'><strong>dolore</strong></span> <span class='ocrx_word' id='word_1_243' title='bbox 1771 3095 1969 3150; x_wconf 87' lang='lat' dir='ltr'><strong>evomit</strong></span> <span class='ocrx_word' id='word_1_244' title='bbox 1996 3113 2010 3151; x_wconf 94' lang='lat'><strong>:</strong></span> <span class='ocrx_word' id='word_1_245' title='bbox 2034 3096 2106 3152; x_wconf 86' lang='lat' dir='ltr'><strong>ita</strong></span> 
     </span>
    </p>
   </div>
   <div class='ocr_carea' id='block_1_32' title="bbox 519 3175 2109 3258">
    <p class='ocr_par' dir='ltr' id='par_1_32' title="bbox 519 3175 2109 3258">
     <span class='ocr_line' id='line_1_32' title="bbox 519 3175 2109 3258; baseline 0.011 -32"><span class='ocrx_word' id='word_1_246' title='bbox 519 3187 732 3244; x_wconf 87' lang='lat' dir='ltr'><strong>quoque</strong></span> <span class='ocrx_word' id='word_1_247' title='bbox 759 3175 813 3230; x_wconf 90' lang='lat' dir='ltr'><strong>in</strong></span> <span class='ocrx_word' id='word_1_248' title='bbox 836 3185 1010 3234; x_wconf 90' lang='lat' dir='ltr'><strong>morte</strong></span> <span class='ocrx_word' id='word_1_249' title='bbox 1028 3181 1236 3235; x_wconf 90' lang='lat' dir='ltr'><strong>accidit.</strong></span> <span class='ocrx_word' id='word_1_250' title='bbox 1264 3181 1520 3252; x_wconf 88' lang='lat' dir='ltr'><strong>Lapidem</strong></span> <span class='ocrx_word' id='word_1_251' title='bbox 1550 3186 1856 3255; x_wconf 84' lang='lat' dir='ltr'><strong>angularem</strong></span> <span class='ocrx_word' id='word_1_252' title='bbox 1881 3187 2109 3258; x_wconf 79' lang='lat' dir='ltr'><strong>degluti-</strong></span> 
     </span>
    </p>
   </div>
   <div class='ocr_carea' id='block_1_33' title="bbox 522 3265 2108 3348">
    <p class='ocr_par' dir='ltr' id='par_1_33' title="bbox 522 3265 2108 3348">
     <span class='ocr_line' id='line_1_33' title="bbox 522 3265 2108 3348; baseline 0.015 -37"><span class='ocrx_word' id='word_1_253' title='bbox 522 3265 617 3328; x_wconf 83' lang='lat' dir='ltr'><strong>vit,</strong></span> <span class='ocrx_word' id='word_1_254' title='bbox 650 3280 821 3334; x_wconf 90' lang='lat' dir='ltr'><strong>neque</strong></span> <span class='ocrx_word' id='word_1_255' title='bbox 847 3282 1182 3339; x_wconf 89' lang='lat' dir='ltr'><strong>concoquere</strong></span> <span class='ocrx_word' id='word_1_256' title='bbox 1207 3271 1379 3340; x_wconf 87' lang='lat' dir='ltr'><strong>ipsum</strong></span> <span class='ocrx_word' id='word_1_257' title='bbox 1401 3277 1589 3343; x_wconf 89' lang='lat' dir='ltr'><strong>potuit;</strong></span> <span class='ocrx_word' id='word_1_258' title='bbox 1613 3278 1788 3332; x_wconf 91' lang='lat' dir='ltr'><strong>omnis</strong></span> <span class='ocrx_word' id='word_1_259' title='bbox 1809 3284 1926 3348; x_wconf 83' lang='lat' dir='ltr'><strong>ejus</strong></span> <span class='ocrx_word' id='word_1_260' title='bbox 1941 3279 2108 3334; x_wconf 86' lang='lat' dir='ltr'><strong>virtus</strong></span> 
     </span>
    </p>
   </div>
   <div class='ocr_carea' id='block_1_34' title="bbox 519 3354 2106 3439">
    <p class='ocr_par' dir='ltr' id='par_1_34' title="bbox 519 3354 2106 3439">
     <span class='ocr_line' id='line_1_34' title="bbox 519 3354 2106 3439; baseline 0.013 -32"><span class='ocrx_word' id='word_1_261' title='bbox 519 3354 795 3425; x_wconf 88' lang='lat' dir='ltr'><strong>elanguit:</strong></span> <span class='ocrx_word' id='word_1_262' title='bbox 821 3369 1104 3428; x_wconf 87' lang='lat' dir='ltr'><strong>propterea</strong></span> <span class='ocrx_word' id='word_1_263' title='bbox 1137 3377 1257 3416; x_wconf 92' lang='lat' dir='ltr'><strong>cum</strong></span> <span class='ocrx_word' id='word_1_264' title='bbox 1286 3363 1402 3434; x_wconf 90' lang='lat' dir='ltr'><strong>ipso</strong></span> <span class='ocrx_word' id='word_1_265' title='bbox 1442 3365 1702 3437; x_wconf 87' lang='lat' dir='ltr'><strong>reliquum</strong></span> <span class='ocrx_word' id='word_1_266' title='bbox 1748 3383 1907 3439; x_wconf 90' lang='lat' dir='ltr'><strong>quem</strong></span> <span class='ocrx_word' id='word_1_267' title='bbox 1936 3369 2106 3427; x_wconf 87' lang='lat' dir='ltr'><strong>habe-</strong></span> 
     </span>
    </p>
   </div>
   <div class='ocr_carea' id='block_1_35' title="bbox 523 3445 2106 3520">
    <p class='ocr_par' dir='ltr' id='par_1_35' title="bbox 523 3445 2106 3520">
     <span class='ocr_line' id='line_1_35' title="bbox 523 3445 2106 3520; baseline 0.013 -22"><span class='ocrx_word' id='word_1_268' title='bbox 523 3445 611 3500; x_wconf 85' lang='lat' dir='ltr'><strong>bat</strong></span> <span class='ocrx_word' id='word_1_269' title='bbox 636 3447 811 3502; x_wconf 88' lang='lat' dir='ltr'><strong>cibum</strong></span> <span class='ocrx_word' id='word_1_270' title='bbox 834 3450 1030 3520; x_wconf 77' lang='lat' dir='ltr'><strong>ejecit,</strong></span> <span class='ocrx_word' id='word_1_271' title='bbox 1063 3452 1189 3508; x_wconf 92' lang='lat' dir='ltr'><strong>dum</strong></span> <span class='ocrx_word' id='word_1_272' title='bbox 1214 3455 1487 3511; x_wconf 88' lang='lat' dir='ltr'><strong>hominum</strong></span> <span class='ocrx_word' id='word_1_273' title='bbox 1517 3466 1760 3513; x_wconf 89' lang='lat' dir='ltr'><strong>naturam</strong></span> <span class='ocrx_word' id='word_1_274' title='bbox 1785 3461 1945 3516; x_wconf 88' lang='lat' dir='ltr'><strong>simul</strong></span> <span class='ocrx_word' id='word_1_275' title='bbox 1975 3477 2106 3518; x_wconf 84' lang='lat' dir='ltr'><strong>evo-</strong></span> 
     </span>
    </p>
   </div>
   <div class='ocr_carea' id='block_1_36' title="bbox 519 3539 2107 3624">
    <p class='ocr_par' dir='ltr' id='par_1_36' title="bbox 519 3539 2107 3624">
     <span class='ocr_line' id='line_1_36' title="bbox 519 3539 2107 3624; baseline 0.011 -30"><span class='ocrx_word' id='word_1_276' title='bbox 519 3539 672 3594; x_wconf 85' lang='lat' dir='ltr'><strong>Inuit.</strong></span> <span class='ocrx_word' id='word_1_277' title='bbox 715 3539 897 3612; x_wconf 89' lang='lat' dir='ltr'><strong>Neque</strong></span> <span class='ocrx_word' id='word_1_278' title='bbox 942 3545 1082 3599; x_wconf 88' lang='lat' dir='ltr'><strong>enim</strong></span> <span class='ocrx_word' id='word_1_279' title='bbox 1129 3545 1385 3618; x_wconf 87' lang='lat' dir='ltr'><strong>deinceps</strong></span> <span class='ocrx_word' id='word_1_280' title='bbox 1431 3549 1572 3604; x_wconf 89' lang='lat' dir='ltr'><strong>illam</strong></span> <span class='ocrx_word' id='word_1_281' title='bbox 1626 3551 1680 3605; x_wconf 91' lang='lat' dir='ltr'><strong>in</strong></span> <span class='ocrx_word' id='word_1_282' title='bbox 1708 3551 1870 3608; x_wconf 88' lang='lat' dir='ltr'><strong>ﬁnem</strong></span> <span class='ocrx_word' id='word_1_283' title='bbox 1909 3557 2107 3624; x_wconf 91' lang='lat' dir='ltr'><strong>poterit</strong></span> 
     </span>
    </p>
   </div>
   <div class='ocr_carea' id='block_1_37' title="bbox 520 3632 2106 3714">
    <p class='ocr_par' dir='ltr' id='par_1_37' title="bbox 520 3632 2106 3714">
     <span class='ocr_line' id='line_1_37' title="bbox 520 3632 2106 3714; baseline 0.013 -32"><span class='ocrx_word' id='word_1_284' title='bbox 520 3632 814 3688; x_wconf 81' lang='lat' dir='ltr'><strong>continere.</strong></span> <span class='ocrx_word' id='word_1_285' title='bbox 839 3635 1124 3705; x_wconf 86' lang='lat' dir='ltr'><strong>Propterea</strong></span> <span class='ocrx_word' id='word_1_286' title='bbox 1147 3639 1355 3696; x_wconf 87' lang='lat' dir='ltr'><strong>steriles</strong></span> <span class='ocrx_word' id='word_1_287' title='bbox 1369 3657 1583 3711; x_wconf 89' lang='lat' dir='ltr'><strong>quoque</strong></span> <span class='ocrx_word' id='word_1_288' title='bbox 1611 3639 2018 3714; x_wconf 74' lang='lat' dir='ltr'><strong>prtccesserunt,</strong></span> <span class='ocrx_word' id='word_1_289' title='bbox 2050 3656 2106 3702; x_wconf 91' lang='lat' dir='ltr'><strong>ut</strong></span> 
     </span>
    </p>
   </div>
   <div class='ocr_carea' id='block_1_38' title="bbox 523 3722 2106 3801">
    <p class='ocr_par' dir='ltr' id='par_1_38' title="bbox 523 3722 2106 3801">
     <span class='ocr_line' id='line_1_38' title="bbox 523 3722 2106 3801; baseline 0.013 -26"><span class='ocrx_word' id='word_1_290' title='bbox 523 3722 683 3776; x_wconf 89' lang='lat' dir='ltr'><strong>etiam</strong></span> <span class='ocrx_word' id='word_1_291' title='bbox 711 3733 891 3793; x_wconf 90' lang='lat' dir='ltr'><strong>partus</strong></span> <span class='ocrx_word' id='word_1_292' title='bbox 918 3728 1049 3784; x_wconf 91' lang='lat' dir='ltr'><strong>ﬁdes</strong></span> <span class='ocrx_word' id='word_1_293' title='bbox 1075 3729 1244 3798; x_wconf 87' lang='lat' dir='ltr'><strong>ﬁeret;</strong></span> <span class='ocrx_word' id='word_1_294' title='bbox 1262 3731 1345 3786; x_wconf 90' lang='lat' dir='ltr'><strong>vel</strong></span> <span class='ocrx_word' id='word_1_295' title='bbox 1373 3733 1548 3801; x_wconf 86' lang='lat' dir='ltr'><strong>potius</strong></span> <span class='ocrx_word' id='word_1_296' title='bbox 1577 3748 1683 3790; x_wconf 88' lang='lat' dir='ltr'><strong>non</strong></span> <span class='ocrx_word' id='word_1_297' title='bbox 1710 3735 1870 3792; x_wconf 91' lang='lat' dir='ltr'><strong>modo</strong></span> <span class='ocrx_word' id='word_1_298' title='bbox 1893 3745 1948 3791; x_wconf 91' lang='lat' dir='ltr'><strong>ut</strong></span> <span class='ocrx_word' id='word_1_299' title='bbox 1974 3737 2106 3794; x_wconf 87' lang='lat' dir='ltr'><strong>ﬁdes</strong></span> 
     </span>
    </p>
   </div>
   <div class='ocr_carea' id='block_1_39' title="bbox 521 3815 2106 3897">
    <p class='ocr_par' dir='ltr' id='par_1_39' title="bbox 521 3815 2106 3897">
     <span class='ocr_line' id='line_1_39' title="bbox 521 3815 2106 3897; baseline 0.014 -35"><span class='ocrx_word' id='word_1_300' title='bbox 521 3824 708 3881; x_wconf 80' lang='lat' dir='ltr'><strong>partus</strong></span> <span class='ocrx_word' id='word_1_301' title='bbox 731 3815 884 3873; x_wconf 83' lang='lat' dir='ltr'><strong>ﬁeret</strong></span> <span class='ocrx_word' id='word_1_302' title='bbox 905 3834 920 3883; x_wconf 90' lang='lat'><strong>;</strong></span> <span class='ocrx_word' id='word_1_303' title='bbox 943 3820 1034 3874; x_wconf 87' lang='lat' dir='ltr'><strong>sed</strong></span> <span class='ocrx_word' id='word_1_304' title='bbox 1056 3821 1102 3876; x_wconf 92' lang='lat' dir='ltr'><strong>si</strong></span> <span class='ocrx_word' id='word_1_305' title='bbox 1130 3831 1316 3878; x_wconf 79' lang='lat' dir='ltr'><strong>exacte</strong></span> <span class='ocrx_word' id='word_1_306' title='bbox 1339 3824 1646 3880; x_wconf 87' lang='lat' dir='ltr'><strong>examinare</strong></span> <span class='ocrx_word' id='word_1_307' title='bbox 1664 3826 1910 3893; x_wconf 90' lang='lat' dir='ltr'><strong>velimus,</strong></span> <span class='ocrx_word' id='word_1_308' title='bbox 1941 3828 2106 3897; x_wconf 88' lang='lat' dir='ltr'><strong>ipsius</strong></span> 
     </span>
    </p>
   </div>
   <div class='ocr_carea' id='block_1_40' title="bbox 520 3906 2104 3991">
    <p class='ocr_par' dir='ltr' id='par_1_40' title="bbox 520 3906 2104 3991">
     <span class='ocr_line' id='line_1_40' title="bbox 520 3906 2104 3991; baseline 0.011 -32"><span class='ocrx_word' id='word_1_309' title='bbox 520 3906 680 3962; x_wconf 85' lang='lat' dir='ltr'><strong>etiam</strong></span> <span class='ocrx_word' id='word_1_310' title='bbox 725 3911 910 3966; x_wconf 88' lang='lat' dir='ltr'><strong>mortis</strong></span> <span class='ocrx_word' id='word_1_311' title='bbox 939 3912 1159 3983; x_wconf 88' lang='lat' dir='ltr'><strong>ﬁguram</strong></span> <span class='ocrx_word' id='word_1_312' title='bbox 1195 3915 1530 3972; x_wconf 85' lang='lat' dir='ltr'><strong>sterilitatem</strong></span> <span class='ocrx_word' id='word_1_313' title='bbox 1562 3917 1723 3974; x_wconf 90' lang='lat' dir='ltr'><strong>fuisse</strong></span> <span class='ocrx_word' id='word_1_314' title='bbox 1755 3921 2104 3991; x_wconf 89' lang='lat' dir='ltr'><strong>reperiemus.</strong></span> 
     </span>
    </p>
   </div>
   <div class='ocr_carea' id='block_1_41' title="bbox 591 3998 2104 4081">
    <p class='ocr_par' dir='ltr' id='par_1_41' title="bbox 591 3998 2104 4081">
     <span class='ocr_line' id='line_1_41' title="bbox 591 3998 2104 4081; baseline 0.011 -29"><span class='ocrx_word' id='word_1_315' title='bbox 591 3999 646 4052; x_wconf 76' lang='grc'><strong>4.</strong></span> <span class='ocrx_word' id='word_1_316' title='bbox 687 3998 794 4055; x_wconf 91' lang='lat' dir='ltr'><strong>Sed</strong></span> <span class='ocrx_word' id='word_1_317' title='bbox 844 4004 1102 4060; x_wconf 89' lang='lat' dir='ltr'><strong>attendite</strong></span> <span class='ocrx_word' id='word_1_318' title='bbox 1141 4021 1154 4058; x_wconf 89' lang='lat'><strong>:</strong></span> <span class='ocrx_word' id='word_1_319' title='bbox 1194 4006 1388 4062; x_wconf 88' lang='lat' dir='ltr'><strong>subtile</strong></span> <span class='ocrx_word' id='word_1_320' title='bbox 1417 4023 1648 4078; x_wconf 87' lang='lat' dir='ltr'><strong>namque</strong></span> <span class='ocrx_word' id='word_1_321' title='bbox 1676 4019 1759 4065; x_wconf 90' lang='lat' dir='ltr'><strong>est</strong></span> <span class='ocrx_word' id='word_1_322' title='bbox 1783 4011 1925 4081; x_wconf 92' lang='lat' dir='ltr'><strong>quod</strong></span> <span class='ocrx_word' id='word_1_323' title='bbox 1953 4013 2104 4068; x_wconf 91' lang='lat' dir='ltr'><strong>dice-</strong></span> 
     </span>
    </p>
   </div>
   <div class='ocr_carea' id='block_1_42' title="bbox 522 4093 2107 4170">
    <p class='ocr_par' dir='ltr' id='par_1_42' title="bbox 522 4093 2107 4170">
     <span class='ocr_line' id='line_1_42' title="bbox 522 4093 2107 4170; baseline 0.012 -28"><span class='ocrx_word' id='word_1_324' title='bbox 522 4104 641 4144; x_wconf 87' lang='lat' dir='ltr'><strong>mus</strong></span> <span class='ocrx_word' id='word_1_325' title='bbox 671 4108 684 4142; x_wconf 92' lang='lat'><strong>:</strong></span> <span class='ocrx_word' id='word_1_326' title='bbox 711 4093 910 4163; x_wconf 90' lang='lat' dir='ltr'><strong>quippe</strong></span> <span class='ocrx_word' id='word_1_327' title='bbox 936 4095 1125 4151; x_wconf 91' lang='lat' dir='ltr'><strong>dicturi</strong></span> <span class='ocrx_word' id='word_1_328' title='bbox 1159 4114 1344 4154; x_wconf 90' lang='lat' dir='ltr'><strong>sumus</strong></span> <span class='ocrx_word' id='word_1_329' title='bbox 1384 4115 1490 4170; x_wconf 90' lang='lat' dir='ltr'><strong>quo</strong></span> <span class='ocrx_word' id='word_1_330' title='bbox 1516 4112 1672 4169; x_wconf 91' lang='lat' dir='ltr'><strong>pacto</strong></span> <span class='ocrx_word' id='word_1_331' title='bbox 1705 4102 1774 4158; x_wconf 91' lang='lat' dir='ltr'><strong>ad</strong></span> <span class='ocrx_word' id='word_1_332' title='bbox 1823 4103 1984 4159; x_wconf 85' lang='lat' dir='ltr'><strong>ﬁdem</strong></span> <span class='ocrx_word' id='word_1_333' title='bbox 2019 4121 2107 4161; x_wconf 88' lang='lat' dir='ltr'><strong>re-</strong></span> 
     </span>
    </p>
   </div>
   <div class='ocr_carea' id='block_1_43' title="bbox 523 4183 2104 4260">
    <p class='ocr_par' dir='ltr' id='par_1_43' title="bbox 523 4183 2104 4260">
     <span class='ocr_line' id='line_1_43' title="bbox 523 4183 2104 4260; baseline 0.011 -27"><span class='ocrx_word' id='word_1_334' title='bbox 523 4183 872 4237; x_wconf 86' lang='lat' dir='ltr'><strong>surrectionis</strong></span> <span class='ocrx_word' id='word_1_335' title='bbox 913 4200 1010 4240; x_wconf 92' lang='lat' dir='ltr'><strong>nos</strong></span> <span class='ocrx_word' id='word_1_336' title='bbox 1055 4186 1192 4240; x_wconf 88' lang='lat' dir='ltr'><strong>uteri</strong></span> <span class='ocrx_word' id='word_1_337' title='bbox 1235 4185 1410 4242; x_wconf 76' lang='lat' dir='ltr'><strong>Sarra:</strong></span> <span class='ocrx_word' id='word_1_338' title='bbox 1451 4189 1704 4244; x_wconf 88' lang='lat' dir='ltr'><strong>sterilitas</strong></span> <span class='ocrx_word' id='word_1_339' title='bbox 1746 4194 1894 4260; x_wconf 92' lang='lat' dir='ltr'><strong>quasi</strong></span> <span class='ocrx_word' id='word_1_340' title='bbox 1945 4209 2104 4250; x_wconf 90' lang='lat' dir='ltr'><strong>manu</strong></span> 
     </span>
    </p>
   </div>
   <div class='ocr_carea' id='block_1_44' title="bbox 524 4273 2106 4350">
    <p class='ocr_par' dir='ltr' id='par_1_44' title="bbox 524 4273 2106 4350">
     <span class='ocr_line' id='line_1_44' title="bbox 524 4273 2106 4350; baseline 0.011 -26"><span class='ocrx_word' id='word_1_341' title='bbox 524 4273 704 4328; x_wconf 90' lang='lat' dir='ltr'><strong>ducat.</strong></span> <span class='ocrx_word' id='word_1_342' title='bbox 731 4273 970 4339; x_wconf 88' lang='lat' dir='ltr'><strong>Quonam</strong></span> <span class='ocrx_word' id='word_1_343' title='bbox 997 4276 1157 4345; x_wconf 87' lang='lat' dir='ltr'><strong>igitur</strong></span> <span class='ocrx_word' id='word_1_344' title='bbox 1182 4286 1337 4347; x_wconf 89' lang='lat' dir='ltr'><strong>pacto</strong></span> <span class='ocrx_word' id='word_1_345' title='bbox 1356 4293 1516 4333; x_wconf 91' lang='lat' dir='ltr'><strong>manu</strong></span> <span class='ocrx_word' id='word_1_346' title='bbox 1538 4279 1721 4334; x_wconf 79' lang='lat' dir='ltr'><strong>ducit?</strong></span> <span class='ocrx_word' id='word_1_347' title='bbox 1749 4282 2106 4350; x_wconf 86' lang='lat' dir='ltr'><strong>Quemadmo-</strong></span> 
     </span>
    </p>
   </div>
   <div class='ocr_carea' id='block_1_45' title="bbox 523 4362 2100 4445">
    <p class='ocr_par' dir='ltr' id='par_1_45' title="bbox 523 4362 2100 4445">
     <span class='ocr_line' id='line_1_45' title="bbox 523 4362 2100 4445; baseline 0.013 -33"><span class='ocrx_word' id='word_1_348' title='bbox 523 4362 647 4415; x_wconf 88' lang='lat' dir='ltr'><strong>dum</strong></span> <span class='ocrx_word' id='word_1_349' title='bbox 673 4363 760 4418; x_wconf 87' lang='lat' dir='ltr'><strong>illa</strong></span> <span class='ocrx_word' id='word_1_350' title='bbox 786 4380 906 4419; x_wconf 91' lang='lat' dir='ltr'><strong>cum</strong></span> <span class='ocrx_word' id='word_1_351' title='bbox 933 4375 1076 4422; x_wconf 88' lang='lat' dir='ltr'><strong>esset</strong></span> <span class='ocrx_word' id='word_1_352' title='bbox 1100 4377 1310 4423; x_wconf 89' lang='lat' dir='ltr'><strong>mortua</strong></span> <span class='ocrx_word' id='word_1_353' title='bbox 1328 4369 1587 4425; x_wconf 90' lang='lat' dir='ltr'><strong>beneﬁcio</strong></span> <span class='ocrx_word' id='word_1_354' title='bbox 1609 4371 1701 4427; x_wconf 91' lang='lat' dir='ltr'><strong>Dei</strong></span> <span class='ocrx_word' id='word_1_355' title='bbox 1725 4375 1975 4430; x_wconf 86' lang='lat' dir='ltr'><strong>suscitata</strong></span> <span class='ocrx_word' id='word_1_356' title='bbox 1999 4387 2100 4445; x_wconf 91' lang='lat' dir='ltr'><strong>est,</strong></span> 
     </span>
    </p>
   </div>
   <div class='ocr_carea' id='block_1_46' title="bbox 521 4453 2106 4531">
    <p class='ocr_par' dir='ltr' id='par_1_46' title="bbox 521 4453 2106 4531">
     <span class='ocr_line' id='line_1_46' title="bbox 521 4453 2106 4531; baseline 0.011 -24"><span class='ocrx_word' id='word_1_357' title='bbox 521 4464 576 4508; x_wconf 89' lang='lat' dir='ltr'><strong>et</strong></span> <span class='ocrx_word' id='word_1_358' title='bbox 612 4453 776 4510; x_wconf 86' lang='lat' dir='ltr'><strong>lsaaci</strong></span> <span class='ocrx_word' id='word_1_359' title='bbox 822 4471 1018 4528; x_wconf 89' lang='lat' dir='ltr'><strong>corpus</strong></span> <span class='ocrx_word' id='word_1_360' title='bbox 1059 4461 1242 4514; x_wconf 89' lang='lat' dir='ltr'><strong>vivum</strong></span> <span class='ocrx_word' id='word_1_361' title='bbox 1271 4463 1588 4531; x_wconf 88' lang='lat' dir='ltr'><strong>germinavit</strong></span> <span class='ocrx_word' id='word_1_362' title='bbox 1627 4482 1640 4519; x_wconf 93' lang='lat'><strong>:</strong></span> <span class='ocrx_word' id='word_1_363' title='bbox 1682 4466 1759 4521; x_wconf 92' lang='lat' dir='ltr'><strong>sic</strong></span> <span class='ocrx_word' id='word_1_364' title='bbox 1797 4483 1917 4521; x_wconf 92' lang='lat' dir='ltr'><strong>cum</strong></span> <span class='ocrx_word' id='word_1_365' title='bbox 1962 4480 2106 4525; x_wconf 88' lang='lat' dir='ltr'><strong>esset</strong></span> 
     </span>
    </p>
   </div>
   <div class='ocr_carea' id='block_1_47' title="bbox 523 4548 2105 4633">
    <p class='ocr_par' dir='ltr' id='par_1_47' title="bbox 523 4548 2105 4633">
     <span class='ocr_line' id='line_1_47' title="bbox 523 4548 2105 4633; baseline 0.012 -34"><span class='ocrx_word' id='word_1_366' title='bbox 523 4558 765 4604; x_wconf 89' lang='lat' dir='ltr'><strong>mortuus</strong></span> <span class='ocrx_word' id='word_1_367' title='bbox 809 4548 1073 4618; x_wconf 87' lang='lat' dir='ltr'><strong>Christus,</strong></span> <span class='ocrx_word' id='word_1_368' title='bbox 1104 4554 1317 4622; x_wconf 90' lang='lat' dir='ltr'><strong>propria</strong></span> <span class='ocrx_word' id='word_1_369' title='bbox 1353 4554 1547 4612; x_wconf 87' lang='lat' dir='ltr'><strong>virtute</strong></span> <span class='ocrx_word' id='word_1_370' title='bbox 1576 4561 1890 4616; x_wconf 83' lang='lat' dir='ltr'><strong>resurrexit.</strong></span> <span class='ocrx_word' id='word_1_371' title='bbox 1919 4561 2105 4633; x_wconf 87' lang='lat' dir='ltr'><strong>Neque</strong></span> 
     </span>
    </p>
   </div>
   <div class='ocr_carea' id='block_1_48' title="bbox 516 4638 2102 4723">
    <p class='ocr_par' dir='ltr' id='par_1_48' title="bbox 516 4638 2102 4723">
     <span class='ocr_line' id='line_1_48' title="bbox 516 4638 2102 4723; baseline 0.013 -34"><span class='ocrx_word' id='word_1_372' title='bbox 516 4638 809 4694; x_wconf 68' lang='lat' dir='ltr'><strong>violentam</strong></span> <span class='ocrx_word' id='word_1_373' title='bbox 835 4655 954 4696; x_wconf 89' lang='lat' dir='ltr'><strong>esse</strong></span> <span class='ocrx_word' id='word_1_374' title='bbox 984 4653 1220 4698; x_wconf 90' lang='lat' dir='ltr'><strong>nostram</strong></span> <span class='ocrx_word' id='word_1_375' title='bbox 1278 4647 1685 4717; x_wconf 87' lang='lat' dir='ltr'><strong>expositionem,</strong></span> <span class='ocrx_word' id='word_1_376' title='bbox 1730 4651 1851 4706; x_wconf 90' lang='lat' dir='ltr'><strong>audi</strong></span> <span class='ocrx_word' id='word_1_377' title='bbox 1882 4668 1982 4723; x_wconf 91' lang='lat' dir='ltr'><strong>qua</strong></span> <span class='ocrx_word' id='word_1_378' title='bbox 2013 4671 2102 4709; x_wconf 84' lang='lat' dir='ltr'><strong>ra-</strong></span> 
     </span>
    </p>
   </div>
   <div class='ocr_carea' id='block_1_49' title="bbox 514 4729 2106 4800">
    <p class='ocr_par' dir='ltr' id='par_1_49' title="bbox 514 4729 2106 4800">
     <span class='ocr_line' id='line_1_49' title="bbox 514 4729 2106 4800; baseline 0.013 -20"><span class='ocrx_word' id='word_1_379' title='bbox 514 4729 673 4784; x_wconf 89' lang='lat' dir='ltr'><strong>.tionc</strong></span> <span class='ocrx_word' id='word_1_380' title='bbox 701 4729 896 4786; x_wconf 86' lang='lat' dir='ltr'><strong>Paulus</strong></span> <span class='ocrx_word' id='word_1_381' title='bbox 921 4741 1163 4788; x_wconf 85' lang='lat' dir='ltr'><strong>testetur.</strong></span> <span class='ocrx_word' id='word_1_382' title='bbox 1192 4733 1324 4790; x_wconf 85' lang='lat' dir='ltr'><strong>Cum</strong></span> <span class='ocrx_word' id='word_1_383' title='bbox 1355 4737 1497 4793; x_wconf 90' lang='lat' dir='ltr'><strong>enim</strong></span> <span class='ocrx_word' id='word_1_384' title='bbox 1522 4739 1590 4795; x_wconf 91' lang='lat' dir='ltr'><strong>de</strong></span> <span class='ocrx_word' id='word_1_385' title='bbox 1611 4741 1916 4798; x_wconf 83' lang='lat' dir='ltr'><strong>Abrahamo</strong></span> <span class='ocrx_word' id='word_1_386' title='bbox 1943 4745 2106 4800; x_wconf 88' lang='lat' dir='ltr'><strong>dixis-</strong></span> 
     </span>
    </p>
   </div>
   <div class='ocr_carea' id='block_1_50' title="bbox 524 4820 2106 4905">
    <p class='ocr_par' dir='ltr' id='par_1_50' title="bbox 524 4820 2106 4905">
     <span class='ocr_line' id='line_1_50' title="bbox 524 4820 2106 4905; baseline 0.013 -30"><span class='ocrx_word' id='word_1_387' title='bbox 524 4832 605 4876; x_wconf 88' lang='lat' dir='ltr'><strong>set</strong></span> <span class='ocrx_word' id='word_1_388' title='bbox 636 4839 649 4875; x_wconf 92' lang='lat'><strong>:</strong></span> <span class='ocrx_word' id='word_1_389' title='bbox 685 4820 806 4878; x_wconf 83' lang='lat' dir='ltr'><strong>Non</strong></span> <span class='ocrx_word' id='word_1_390' title='bbox 842 4827 1175 4881; x_wconf 86' lang='lat' dir='ltr'><strong>consideravit</strong></span> <span class='ocrx_word' id='word_1_391' title='bbox 1221 4838 1499 4886; x_wconf 87' lang='lat' dir='ltr'><strong>emortuam</strong></span> <span class='ocrx_word' id='word_1_392' title='bbox 1541 4833 1738 4889; x_wconf 81' lang='lat' dir='ltr'><strong>uuluam</strong></span> <span class='ocrx_word' id='word_1_393' title='bbox 1780 4835 1976 4905; x_wconf 59' lang='lat' dir='ltr'><strong>Sarrae,</strong></span> <span class='ocrx_word' id='word_1_394' title='bbox 2017 4841 2106 4894; x_wconf 83' lang='lat' dir='ltr'><strong>sed</strong></span> 
     </span>
    </p>
   </div>
   <div class='ocr_carea' id='block_1_51' title="bbox 512 4917 2102 4999">
    <p class='ocr_par' dir='ltr' id='par_1_51' title="bbox 512 4917 2102 4999">
     <span class='ocr_line' id='line_1_51' title="bbox 512 4917 2102 4999; baseline 0.011 -33"><span class='ocrx_word' id='word_1_395' title='bbox 512 4917 841 4985; x_wconf 60' lang='lat' dir='ltr'><strong>confortatus</strong></span> <span class='ocrx_word' id='word_1_396' title='bbox 862 4929 932 4971; x_wconf 83' lang='lat' dir='ltr'><strong>est</strong></span> <span class='ocrx_word' id='word_1_397' title='bbox 953 4917 1054 4986; x_wconf 81' lang='lat' dir='ltr'><strong>ﬁde</strong></span> <span class='ocrx_word' id='word_1_398' title='bbox 1070 4919 1197 4973; x_wconf 85' lang='lat' dir='ltr'><strong>dans</strong></span> <span class='ocrx_word' id='word_1_399' title='bbox 1219 4920 1433 4990; x_wconf 75' lang='lat' dir='ltr'><strong>gloriam</strong></span> <span class='ocrx_word' id='word_1_400' title='bbox 1455 4921 1580 4989; x_wconf 88' lang='lat' dir='ltr'><strong>Deo,</strong></span> <span class='ocrx_word' id='word_1_401' title='bbox 1613 4925 1902 4994; x_wconf 79' lang='lat' dir='ltr'><strong>plenissime</strong></span> <span class='ocrx_word' id='word_1_402' title='bbox 1919 4931 2102 4999; x_wconf 85' lang='lat' dir='ltr'><strong>sciens,</strong></span> 
     </span>
    </p>
   </div>
   <div class='ocr_carea' id='block_1_52' title="bbox 526 5005 2100 5090">
    <p class='ocr_par' dir='ltr' id='par_1_52' title="bbox 526 5005 2100 5090">
     <span class='ocr_line' id='line_1_52' title="bbox 526 5005 2100 5090; baseline 0.011 -33"><span class='ocrx_word' id='word_1_403' title='bbox 526 5005 645 5072; x_wconf 86' lang='lat' dir='ltr'><strong>quia</strong></span> <span class='ocrx_word' id='word_1_404' title='bbox 665 5022 993 5077; x_wconf 72' lang='lat' dir='ltr'><strong>quaecumque</strong></span> <span class='ocrx_word' id='word_1_405' title='bbox 1013 5011 1260 5078; x_wconf 81' lang='lat' dir='ltr'><strong>promisit,</strong></span> <span class='ocrx_word' id='word_1_406' title='bbox 1289 5021 1463 5081; x_wconf 87' lang='lat' dir='ltr'><strong>potens</strong></span> <span class='ocrx_word' id='word_1_407' title='bbox 1494 5023 1566 5068; x_wconf 85' lang='lat' dir='ltr'><strong>est</strong></span> <span class='ocrx_word' id='word_1_408' title='bbox 1594 5025 1640 5069; x_wconf 90' lang='lat' dir='ltr'><strong>et</strong></span> <span class='ocrx_word' id='word_1_409' title='bbox 1662 5018 1827 5086; x_wconf 80' lang='lat' dir='ltr'><strong>facere</strong></span> <span class='ocrx_word' id='word_1_410' title='bbox 1851 5018 2024 5090; x_wconf 87' lang='lat' dir='ltr'><strong>(Rom.</strong></span> <span class='ocrx_word' id='word_1_411' title='bbox 2048 5023 2100 5076; x_wconf 74' lang='grc'><strong>4.</strong></span> 
     </span>
    </p>
   </div>
   <div class='ocr_carea' id='block_1_53' title="bbox 519 5096 2106 5176">
    <p class='ocr_par' dir='ltr' id='par_1_53' title="bbox 519 5096 2106 5176">
     <span class='ocr_line' id='line_1_53' title="bbox 519 5096 2106 5176; baseline 0.009 -26"><span class='ocrx_word' id='word_1_412' title='bbox 519 5096 722 5166; x_wconf 74' lang='grc'><strong>49-21)</strong></span> <span class='ocrx_word' id='word_1_413' title='bbox 753 5115 765 5149; x_wconf 94' lang='lat'><strong>:</strong></span> <span class='ocrx_word' id='word_1_414' title='bbox 797 5097 898 5152; x_wconf 87' lang='lat' dir='ltr'><strong>hoc</strong></span> <span class='ocrx_word' id='word_1_415' title='bbox 929 5109 1037 5165; x_wconf 86' lang='lat' dir='ltr'><strong>est,</strong></span> <span class='ocrx_word' id='word_1_416' title='bbox 1066 5100 1281 5156; x_wconf 86' lang='lat' dir='ltr'><strong>efﬁcere</strong></span> <span class='ocrx_word' id='word_1_417' title='bbox 1325 5111 1383 5156; x_wconf 92' lang='lat' dir='ltr'><strong>ut</strong></span> <span class='ocrx_word' id='word_1_418' title='bbox 1437 5118 1502 5157; x_wconf 90' lang='lat' dir='ltr'><strong>ex</strong></span> <span class='ocrx_word' id='word_1_419' title='bbox 1544 5107 1855 5176; x_wconf 90' lang='lat' dir='ltr'><strong>corporibus</strong></span> <span class='ocrx_word' id='word_1_420' title='bbox 1881 5111 2106 5164; x_wconf 89' lang='lat' dir='ltr'><strong>mortuis</strong></span> 
     </span>
    </p>
   </div>
   <div class='ocr_carea' id='block_1_54' title="bbox 530 5186 2105 5262">
    <p class='ocr_par' dir='ltr' id='par_1_54' title="bbox 530 5186 2105 5262">
     <span class='ocr_line' id='line_1_54' title="bbox 530 5186 2105 5262; baseline 0.008 -22"><span class='ocrx_word' id='word_1_421' title='bbox 530 5186 671 5243; x_wconf 86' lang='lat' dir='ltr'><strong>ﬁlius</strong></span> <span class='ocrx_word' id='word_1_422' title='bbox 702 5189 852 5242; x_wconf 89' lang='lat' dir='ltr'><strong>vivus</strong></span> <span class='ocrx_word' id='word_1_423' title='bbox 875 5199 1193 5246; x_wconf 67' lang='lat' dir='ltr'><strong>etiascatur;</strong></span> <span class='ocrx_word' id='word_1_424' title='bbox 1217 5191 1412 5246; x_wconf 90' lang='lat' dir='ltr'><strong>deinde</strong></span> <span class='ocrx_word' id='word_1_425' title='bbox 1439 5193 1505 5247; x_wconf 91' lang='lat' dir='ltr'><strong>ab</strong></span> <span class='ocrx_word' id='word_1_426' title='bbox 1528 5194 1615 5249; x_wconf 89' lang='lat' dir='ltr'><strong>illa</strong></span> <span class='ocrx_word' id='word_1_427' title='bbox 1643 5195 1765 5262; x_wconf 92' lang='lat' dir='ltr'><strong>ﬁde,</strong></span> <span class='ocrx_word' id='word_1_428' title='bbox 1795 5206 1853 5252; x_wconf 94' lang='lat' dir='ltr'><strong>ut</strong></span> <span class='ocrx_word' id='word_1_429' title='bbox 1871 5197 1937 5251; x_wconf 91' lang='lat' dir='ltr'><strong>ad</strong></span> <span class='ocrx_word' id='word_1_430' title='bbox 1966 5198 2105 5253; x_wconf 90' lang='lat' dir='ltr'><strong>hanc</strong></span> 
     </span>
    </p>
   </div>
   <div class='ocr_carea' id='block_1_55' title="bbox 528 5281 2105 5359">
    <p class='ocr_par' dir='ltr' id='par_1_55' title="bbox 528 5281 2105 5359">
     <span class='ocr_line' id='line_1_55' title="bbox 528 5281 2105 5359; baseline 0.006 -25"><span class='ocrx_word' id='word_1_431' title='bbox 528 5296 624 5336; x_wconf 83' lang='lat' dir='ltr'><strong>nos</strong></span> <span class='ocrx_word' id='word_1_432' title='bbox 654 5281 963 5348; x_wconf 89' lang='lat' dir='ltr'><strong>deduceret,</strong></span> <span class='ocrx_word' id='word_1_433' title='bbox 986 5282 1178 5352; x_wconf 86' lang='lat' dir='ltr'><strong>adjecit</strong></span> <span class='ocrx_word' id='word_1_434' title='bbox 1211 5301 1224 5337; x_wconf 90' lang='lat'><strong>:</strong></span> <span class='ocrx_word' id='word_1_435' title='bbox 1259 5282 1380 5336; x_wconf 80' lang='lat' dir='ltr'><strong>Non</strong></span> <span class='ocrx_word' id='word_1_436' title='bbox 1408 5293 1481 5337; x_wconf 88' lang='lat' dir='ltr'><strong>est</strong></span> <span class='ocrx_word' id='word_1_437' title='bbox 1505 5286 1746 5354; x_wconf 82' lang='lat' dir='ltr'><strong>scriptum</strong></span> <span class='ocrx_word' id='word_1_438' title='bbox 1771 5298 1966 5342; x_wconf 87' lang='lat' dir='ltr'><strong>tantum</strong></span> <span class='ocrx_word' id='word_1_439' title='bbox 1987 5307 2105 5359; x_wconf 85' lang='lat' dir='ltr'><strong>pro-</strong></span> 
     </span>
    </p>
   </div>
   <div class='ocr_carea' id='block_1_56' title="bbox 533 5374 2107 5448">
    <p class='ocr_par' dir='ltr' id='par_1_56' title="bbox 533 5374 2107 5448">
     <span class='ocr_line' id='line_1_56' title="bbox 533 5374 2107 5448; baseline 0.007 -23"><span class='ocrx_word' id='word_1_440' title='bbox 533 5384 642 5441; x_wconf 71' lang='lat' dir='ltr'><strong>pter</strong></span> <span class='ocrx_word' id='word_1_441' title='bbox 665 5374 854 5445; x_wconf 81' lang='lat' dir='ltr'><strong>ipsum,</strong></span> <span class='ocrx_word' id='word_1_442' title='bbox 874 5374 994 5443; x_wconf 83' lang='lat' dir='ltr'><strong>quia</strong></span> <span class='ocrx_word' id='word_1_443' title='bbox 1018 5384 1303 5444; x_wconf 85' lang='lat' dir='ltr'><strong>reputatum</strong></span> <span class='ocrx_word' id='word_1_444' title='bbox 1341 5385 1416 5429; x_wconf 86' lang='lat' dir='ltr'><strong>est</strong></span> <span class='ocrx_word' id='word_1_445' title='bbox 1454 5375 1532 5430; x_wconf 89' lang='lat' dir='ltr'><strong>illi</strong></span> <span class='ocrx_word' id='word_1_446' title='bbox 1554 5391 1574 5429; x_wconf 89' lang='lat'><strong>:</strong></span> <span class='ocrx_word' id='word_1_447' title='bbox 1602 5378 1691 5430; x_wconf 83' lang='lat' dir='ltr'><strong>sed</strong></span> <span class='ocrx_word' id='word_1_448' title='bbox 1718 5388 1765 5431; x_wconf 89' lang='lat' dir='ltr'><strong>et</strong></span> <span class='ocrx_word' id='word_1_449' title='bbox 1786 5389 1992 5448; x_wconf 86' lang='lat' dir='ltr'><strong>prapter</strong></span> <span class='ocrx_word' id='word_1_450' title='bbox 2015 5398 2107 5436; x_wconf 87' lang='lat' dir='ltr'><strong>nos</strong></span> 
     </span>
    </p>
   </div>
   <div class='ocr_carea' id='block_1_57' title="bbox 535 5465 2104 5539">
    <p class='ocr_par' dir='ltr' id='par_1_57' title="bbox 535 5465 2104 5539">
     <span class='ocr_line' id='line_1_57' title="bbox 535 5465 2104 5539; baseline 0.007 -23"><span class='ocrx_word' id='word_1_451' title='bbox 535 5466 706 5526; x_wconf 73' lang='lat' dir='ltr'><strong>(Hom.</strong></span> <span class='ocrx_word' id='word_1_452' title='bbox 760 5465 816 5520; x_wconf 71' lang='grc'><strong>4.</strong></span> <span class='ocrx_word' id='word_1_453' title='bbox 845 5465 934 5520; x_wconf 72' lang='lat'><strong>25.</strong></span> <span class='ocrx_word' id='word_1_454' title='bbox 967 5465 1083 5537; x_wconf 72' lang='grc'><strong>24).</strong></span> <span class='ocrx_word' id='word_1_455' title='bbox 1123 5466 1205 5521; x_wconf 85' lang='lat' dir='ltr'><strong>Ad</strong></span> <span class='ocrx_word' id='word_1_456' title='bbox 1243 5467 1405 5537; x_wconf 85' lang='lat' dir='ltr'><strong>quid?</strong></span> <span class='ocrx_word' id='word_1_457' title='bbox 1437 5467 1628 5533; x_wconf 80' lang='lat' dir='ltr'><strong>Quibus</strong></span> <span class='ocrx_word' id='word_1_458' title='bbox 1661 5471 1990 5539; x_wconf 85' lang='lat' dir='ltr'><strong>reputabitur,</strong></span> <span class='ocrx_word' id='word_1_459' title='bbox 2023 5472 2104 5527; x_wconf 80' lang='lat' dir='ltr'><strong>in—</strong></span> 
     </span>
    </p>
   </div>
   <div class='ocr_carea' id='block_1_58' title="bbox 534 5556 2103 5628">
    <p class='ocr_par' dir='ltr' id='par_1_58' title="bbox 534 5556 2103 5628">
     <span class='ocr_line' id='line_1_58' title="bbox 534 5556 2103 5628; baseline 0.006 -20"><span class='ocrx_word' id='word_1_460' title='bbox 534 5559 661 5623; x_wconf 76' lang='lat' dir='ltr'><strong>quit,</strong></span> <span class='ocrx_word' id='word_1_461' title='bbox 695 5556 1009 5610; x_wconf 82' lang='lat' dir='ltr'><strong>credentibus</strong></span> <span class='ocrx_word' id='word_1_462' title='bbox 1035 5557 1086 5610; x_wconf 84' lang='lat' dir='ltr'><strong>in</strong></span> <span class='ocrx_word' id='word_1_463' title='bbox 1117 5573 1249 5625; x_wconf 88' lang='lat' dir='ltr'><strong>eum,</strong></span> <span class='ocrx_word' id='word_1_464' title='bbox 1291 5560 1377 5628; x_wconf 91' lang='lat' dir='ltr'><strong>qui</strong></span> <span class='ocrx_word' id='word_1_465' title='bbox 1412 5561 1669 5614; x_wconf 84' lang='lat' dir='ltr'><strong>suscitauit</strong></span> <span class='ocrx_word' id='word_1_466' title='bbox 1706 5559 1882 5616; x_wconf 72' lang='lat' dir='ltr'><strong>Iesum</strong></span> <span class='ocrx_word' id='word_1_467' title='bbox 1923 5562 2103 5618; x_wconf 87' lang='lat' dir='ltr'><strong>Domi-</strong></span> 
     </span>
    </p>
   </div>
   <div class='ocr_carea' id='block_1_59' title="bbox 536 5649 2103 5724">
    <p class='ocr_par' dir='ltr' id='par_1_59' title="bbox 536 5649 2103 5724">
     <span class='ocr_line' id='line_1_59' title="bbox 536 5649 2103 5724; baseline 0.011 -31"><span class='ocrx_word' id='word_1_468' title='bbox 536 5664 653 5696; x_wconf 68' lang='lat' dir='ltr'><strong>num</strong></span> <span class='ocrx_word' id='word_1_469' title='bbox 696 5657 921 5702; x_wconf 85' lang='lat' dir='ltr'><strong>nostrum</strong></span> <span class='ocrx_word' id='word_1_470' title='bbox 951 5665 982 5702; x_wconf 91' lang='lat' dir='ltr'><strong>a</strong></span> <span class='ocrx_word' id='word_1_471' title='bbox 1007 5651 1236 5703; x_wconf 79' lang='lat' dir='ltr'><strong>mortuis.</strong></span> <span class='ocrx_word' id='word_1_472' title='bbox 1281 5649 1432 5717; x_wconf 85' lang='lat' dir='ltr'><strong>Quod</strong></span> <span class='ocrx_word' id='word_1_473' title='bbox 1469 5660 1644 5706; x_wconf 86' lang='lat' dir='ltr'><strong>autem</strong></span> <span class='ocrx_word' id='word_1_474' title='bbox 1675 5651 1826 5717; x_wconf 89' lang='lat' dir='ltr'><strong>dicit,</strong></span> <span class='ocrx_word' id='word_1_475' title='bbox 1853 5661 1934 5708; x_wconf 87' lang='lat' dir='ltr'><strong>est</strong></span> <span class='ocrx_word' id='word_1_476' title='bbox 1961 5652 2103 5724; x_wconf 88' lang='lat' dir='ltr'><strong>ejus-</strong></span> 
     </span>
    </p>
   </div>
   <div class='ocr_carea' id='block_1_60' title="bbox 539 5737 2107 5811">
    <p class='ocr_par' dir='ltr' id='par_1_60' title="bbox 539 5737 2107 5811">
     <span class='ocr_line' id='line_1_60' title="bbox 539 5737 2107 5811; baseline 0.013 -30"><span class='ocrx_word' id='word_1_477' title='bbox 539 5738 705 5792; x_wconf 66' lang='lat' dir='ltr'><strong>r*&quot;‘:~;ll.</strong></span> <span class='ocrx_word' id='word_1_478' title='bbox 738 5737 974 5795; x_wconf 84' lang='lat' dir='ltr'><strong>lsaacum</strong></span> <span class='ocrx_word' id='word_1_479' title='bbox 1002 5754 1068 5794; x_wconf 85' lang='lat' dir='ltr'><strong>ex</strong></span> <span class='ocrx_word' id='word_1_480' title='bbox 1095 5742 1317 5798; x_wconf 89' lang='lat' dir='ltr'><strong>mortuis</strong></span> <span class='ocrx_word' id='word_1_481' title='bbox 1364 5742 1678 5811; x_wconf 87' lang='lat' dir='ltr'><strong>corporibus</strong></span> <span class='ocrx_word' id='word_1_482' title='bbox 1704 5745 1953 5800; x_wconf 81' lang='lat' dir='ltr'><strong>excitavit</strong></span> <span class='ocrx_word' id='word_1_483' title='bbox 1986 5764 1999 5798; x_wconf 90' lang='lat'><strong>:</strong></span> <span class='ocrx_word' id='word_1_484' title='bbox 2030 5747 2107 5802; x_wconf 87' lang='lat' dir='ltr'><strong>sic</strong></span> 
     </span>
    </p>
   </div>
   <div class='ocr_carea' id='block_1_61' title="bbox 1257 318 3072 386">
    <p class='ocr_par' dir='ltr' id='par_1_61' title="bbox 1257 318 3072 386">
     <span class='ocr_line' id='line_1_61' title="bbox 1257 318 3072 386; baseline 0.003 -6"><span class='ocrx_word' id='word_1_485' title='bbox 1257 323 1313 380; x_wconf 87' lang='lat' dir='ltr'><strong>S.</strong></span> <span class='ocrx_word' id='word_1_486' title='bbox 1352 322 1630 381; x_wconf 76' lang='lat' dir='ltr'><strong>JOANNIS</strong></span> <span class='ocrx_word' id='word_1_487' title='bbox 1668 318 2144 380; x_wconf 70' lang='lat' dir='ltr'><strong>CllRYSOSTOMl</strong></span> <span class='ocrx_word' id='word_1_488' title='bbox 2181 319 2504 378; x_wconf 80' lang='lat' dir='ltr'><strong>ARCHIEP.</strong></span> <span class='ocrx_word' id='word_1_489' title='bbox 2535 324 3072 386; x_wconf 73' lang='lat' dir='ltr'><strong>CONSTANTINOP.</strong></span> 
     </span>
    </p>
   </div>
   <div class='ocr_carea' id='block_1_62' title="bbox 3676 331 3784 394">
    <p class='ocr_par' dir='ltr' id='par_1_62' title="bbox 3676 331 3784 394">
     <span class='ocr_line' id='line_1_62' title="bbox 3676 331 3784 394; baseline 0 -3"><span class='ocrx_word' id='word_1_490' title='bbox 3676 331 3784 394; x_wconf 68' lang='lat'><strong>368</strong></span> 
     </span>
    </p>
   </div>
   <div class='ocr_carea' id='block_1_63' title="bbox 2211 440 3793 514">
    <p class='ocr_par' dir='ltr' id='par_1_63' title="bbox 2211 440 3793 514">
     <span class='ocr_line' id='line_1_63' title="bbox 2211 440 3793 514; baseline 0.006 -19"><span class='ocrx_word' id='word_1_491' title='bbox 2211 441 2373 495; x_wconf 88' lang='lat' dir='ltr'><strong>etiam</strong></span> <span class='ocrx_word' id='word_1_492' title='bbox 2405 440 2594 496; x_wconf 90' lang='lat' dir='ltr'><strong>Filium</strong></span> <span class='ocrx_word' id='word_1_493' title='bbox 2623 458 2778 498; x_wconf 90' lang='lat' dir='ltr'><strong>suum</strong></span> <span class='ocrx_word' id='word_1_494' title='bbox 2799 444 2888 514; x_wconf 91' lang='lat' dir='ltr'><strong>qui</strong></span> <span class='ocrx_word' id='word_1_495' title='bbox 2914 454 3155 499; x_wconf 84' lang='lat' dir='ltr'><strong>mortuus</strong></span> <span class='ocrx_word' id='word_1_496' title='bbox 3176 451 3294 500; x_wconf 83' lang='lat' dir='ltr'><strong>erat</strong></span> <span class='ocrx_word' id='word_1_497' title='bbox 3305 444 3612 500; x_wconf 74' lang='lat' dir='ltr'><strong>suscitavit.</strong></span> <span class='ocrx_word' id='word_1_498' title='bbox 3629 445 3793 504; x_wconf 79' lang='lat' dir='ltr'><strong>Visne</strong></span> 
     </span>
    </p>
   </div>
   <div class='ocr_carea' id='block_1_64' title="bbox 2203 530 3794 604">
    <p class='ocr_par' dir='ltr' id='par_1_64' title="bbox 2203 530 3794 604">
     <span class='ocr_line' id='line_1_64' title="bbox 2203 530 3794 604; baseline 0.006 -21"><span class='ocrx_word' id='word_1_499' title='bbox 2203 530 2422 587; x_wconf 90' lang='lat' dir='ltr'><strong>alterius</strong></span> <span class='ocrx_word' id='word_1_500' title='bbox 2450 532 2609 586; x_wconf 90' lang='lat' dir='ltr'><strong>etiam</strong></span> <span class='ocrx_word' id='word_1_501' title='bbox 2642 533 2718 587; x_wconf 92' lang='lat' dir='ltr'><strong>rei</strong></span> <span class='ocrx_word' id='word_1_502' title='bbox 2764 533 3064 604; x_wconf 85' lang='lat' dir='ltr'><strong>symbolum</strong></span> <span class='ocrx_word' id='word_1_503' title='bbox 3110 533 3276 590; x_wconf 89' lang='lat' dir='ltr'><strong>fuisse</strong></span> <span class='ocrx_word' id='word_1_504' title='bbox 3321 535 3657 592; x_wconf 85' lang='lat' dir='ltr'><strong>sterilitatem</strong></span> <span class='ocrx_word' id='word_1_505' title='bbox 3700 553 3794 593; x_wconf 84' lang='lat' dir='ltr'><strong>co-</strong></span> 
     </span>
    </p>
   </div>
   <div class='ocr_carea' id='block_1_65' title="bbox 2207 623 3796 695">
    <p class='ocr_par' dir='ltr' id='par_1_65' title="bbox 2207 623 3796 695">
     <span class='ocr_line' id='line_1_65' title="bbox 2207 623 3796 695; baseline 0.006 -20"><span class='ocrx_word' id='word_1_506' title='bbox 2207 623 2509 692; x_wconf 82' lang='lat' dir='ltr'><strong>gnoscere?</strong></span> <span class='ocrx_word' id='word_1_507' title='bbox 2535 623 2928 679; x_wconf 86' lang='lat' dir='ltr'><strong>Multitudinem</strong></span> <span class='ocrx_word' id='word_1_508' title='bbox 2957 625 3190 680; x_wconf 90' lang='lat' dir='ltr'><strong>ﬁdelium</strong></span> <span class='ocrx_word' id='word_1_509' title='bbox 3223 625 3462 695; x_wconf 87' lang='lat' dir='ltr'><strong>paritura</strong></span> <span class='ocrx_word' id='word_1_510' title='bbox 3478 635 3592 682; x_wconf 87' lang='lat' dir='ltr'><strong>erat</strong></span> <span class='ocrx_word' id='word_1_511' title='bbox 3618 627 3796 683; x_wconf 86' lang='lat' dir='ltr'><strong>Eccle-</strong></span> 
     </span>
    </p>
   </div>
   <div class='ocr_carea' id='block_1_66' title="bbox 2203 713 3794 788">
    <p class='ocr_par' dir='ltr' id='par_1_66' title="bbox 2203 713 3794 788">
     <span class='ocr_line' id='line_1_66' title="bbox 2203 713 3794 788; baseline 0.004 -23"><span class='ocrx_word' id='word_1_512' title='bbox 2203 713 2279 766; x_wconf 88' lang='lat' dir='ltr'><strong>sia</strong></span> <span class='ocrx_word' id='word_1_513' title='bbox 2318 727 2334 767; x_wconf 87' lang='lat'><strong>:</strong></span> <span class='ocrx_word' id='word_1_514' title='bbox 2366 722 2422 767; x_wconf 92' lang='lat' dir='ltr'><strong>ut</strong></span> <span class='ocrx_word' id='word_1_515' title='bbox 2467 713 2626 784; x_wconf 88' lang='lat' dir='ltr'><strong>igitur</strong></span> <span class='ocrx_word' id='word_1_516' title='bbox 2663 716 2888 769; x_wconf 89' lang='lat' dir='ltr'><strong>credere</strong></span> <span class='ocrx_word' id='word_1_517' title='bbox 2927 715 3148 770; x_wconf 86' lang='lat' dir='ltr'><strong>minime</strong></span> <span class='ocrx_word' id='word_1_518' title='bbox 3196 729 3475 771; x_wconf 88' lang='lat' dir='ltr'><strong>recusares</strong></span> <span class='ocrx_word' id='word_1_519' title='bbox 3503 731 3610 787; x_wconf 86' lang='lat' dir='ltr'><strong>quo</strong></span> <span class='ocrx_word' id='word_1_520' title='bbox 3639 729 3794 788; x_wconf 90' lang='lat' dir='ltr'><strong>pacto</strong></span> 
     </span>
    </p>
   </div>
   <div class='ocr_carea' id='block_1_67' title="bbox 2205 801 3795 878">
    <p class='ocr_par' dir='ltr' id='par_1_67' title="bbox 2205 801 3795 878">
     <span class='ocr_line' id='line_1_67' title="bbox 2205 801 3795 878; baseline 0.007 -25"><span class='ocrx_word' id='word_1_521' title='bbox 2205 801 2510 868; x_wconf 71' lang='lat' dir='ltr'><strong>infecunda,</strong></span> <span class='ocrx_word' id='word_1_522' title='bbox 2555 803 2887 875; x_wconf 83' lang='lat' dir='ltr'><strong>infrugifera,</strong></span> <span class='ocrx_word' id='word_1_523' title='bbox 2935 806 3130 863; x_wconf 86' lang='lat' dir='ltr'><strong>sterilis</strong></span> <span class='ocrx_word' id='word_1_524' title='bbox 3176 807 3492 877; x_wconf 87' lang='lat' dir='ltr'><strong>peperisset,</strong></span> <span class='ocrx_word' id='word_1_525' title='bbox 3522 811 3795 878; x_wconf 80' lang='lat' dir='ltr'><strong>praecessit</strong></span> 
     </span>
    </p>
   </div>
   <div class='ocr_carea' id='block_1_68' title="bbox 2203 897 3793 968">
    <p class='ocr_par' dir='ltr' id='par_1_68' title="bbox 2203 897 3793 968">
     <span class='ocr_line' id='line_1_68' title="bbox 2203 897 3793 968; baseline 0.006 -22"><span class='ocrx_word' id='word_1_526' title='bbox 2203 907 2290 960; x_wconf 93' lang='lat' dir='ltr'><strong>ea,</strong></span> <span class='ocrx_word' id='word_1_527' title='bbox 2333 910 2452 964; x_wconf 80' lang='lat' dir='ltr'><strong>quae</strong></span> <span class='ocrx_word' id='word_1_528' title='bbox 2494 906 2678 950; x_wconf 90' lang='lat' dir='ltr'><strong>natura</strong></span> <span class='ocrx_word' id='word_1_529' title='bbox 2722 897 2922 952; x_wconf 88' lang='lat' dir='ltr'><strong>sterilis</strong></span> <span class='ocrx_word' id='word_1_530' title='bbox 2967 908 3082 953; x_wconf 88' lang='lat' dir='ltr'><strong>erat</strong></span> <span class='ocrx_word' id='word_1_531' title='bbox 3111 916 3125 952; x_wconf 94' lang='lat'><strong>:</strong></span> <span class='ocrx_word' id='word_1_532' title='bbox 3157 913 3276 968; x_wconf 70' lang='lat' dir='ltr'><strong>qua:</strong></span> <span class='ocrx_word' id='word_1_533' title='bbox 3325 899 3497 959; x_wconf 86' lang='lat' dir='ltr'><strong>sterili</strong></span> <span class='ocrx_word' id='word_1_534' title='bbox 3535 901 3793 955; x_wconf 84' lang='lat' dir='ltr'><strong>voluntati</strong></span> 
     </span>
    </p>
   </div>
   <div class='ocr_carea' id='block_1_69' title="bbox 2206 986 3788 1062">
    <p class='ocr_par' dir='ltr' id='par_1_69' title="bbox 2206 986 3788 1062">
     <span class='ocr_line' id='line_1_69' title="bbox 2206 986 3788 1062; baseline 0.003 -24"><span class='ocrx_word' id='word_1_535' title='bbox 2206 986 2344 1040; x_wconf 88' lang='lat' dir='ltr'><strong>viam</strong></span> <span class='ocrx_word' id='word_1_536' title='bbox 2369 989 2734 1057; x_wconf 62' lang='lat' dir='ltr'><strong>praemuniret,</strong></span> <span class='ocrx_word' id='word_1_537' title='bbox 2765 999 2817 1044; x_wconf 92' lang='lat' dir='ltr'><strong>et</strong></span> <span class='ocrx_word' id='word_1_538' title='bbox 2841 989 3000 1046; x_wconf 90' lang='lat' dir='ltr'><strong>Sarra</strong></span> <span class='ocrx_word' id='word_1_539' title='bbox 3043 990 3183 1045; x_wconf 86' lang='lat' dir='ltr'><strong>facta</strong></span> <span class='ocrx_word' id='word_1_540' title='bbox 3211 1001 3294 1046; x_wconf 91' lang='lat' dir='ltr'><strong>est</strong></span> <span class='ocrx_word' id='word_1_541' title='bbox 3321 991 3572 1046; x_wconf 65' lang='lat' dir='ltr'><strong>Ecclesiae</strong></span> <span class='ocrx_word' id='word_1_542' title='bbox 3601 991 3788 1062; x_wconf 83' lang='lat' dir='ltr'><strong>ﬁgura.</strong></span> 
     </span>
    </p>
   </div>
   <div class='ocr_carea' id='block_1_70' title="bbox 2206 1076 3797 1152">
    <p class='ocr_par' dir='ltr' id='par_1_70' title="bbox 2206 1076 3797 1152">
     <span class='ocr_line' id='line_1_70' title="bbox 2206 1076 3797 1152; baseline 0.005 -22"><span class='ocrx_word' id='word_1_543' title='bbox 2206 1076 2338 1131; x_wconf 87' lang='lat' dir='ltr'><strong>Nam</strong></span> <span class='ocrx_word' id='word_1_544' title='bbox 2365 1088 2420 1133; x_wconf 91' lang='lat' dir='ltr'><strong>ut</strong></span> <span class='ocrx_word' id='word_1_545' title='bbox 2442 1079 2532 1134; x_wconf 92' lang='lat' dir='ltr'><strong>illa</strong></span> <span class='ocrx_word' id='word_1_546' title='bbox 2563 1097 2685 1135; x_wconf 90' lang='lat' dir='ltr'><strong>cum</strong></span> <span class='ocrx_word' id='word_1_547' title='bbox 2717 1081 2922 1137; x_wconf 89' lang='lat' dir='ltr'><strong>sterilis</strong></span> <span class='ocrx_word' id='word_1_548' title='bbox 2950 1089 3115 1149; x_wconf 88' lang='lat' dir='ltr'><strong>esset,</strong></span> <span class='ocrx_word' id='word_1_549' title='bbox 3138 1083 3344 1152; x_wconf 84' lang='lat' dir='ltr'><strong>peperit</strong></span> <span class='ocrx_word' id='word_1_550' title='bbox 3373 1082 3424 1136; x_wconf 88' lang='lat' dir='ltr'><strong>in</strong></span> <span class='ocrx_word' id='word_1_551' title='bbox 3448 1092 3662 1137; x_wconf 87' lang='lat' dir='ltr'><strong>senecta</strong></span> <span class='ocrx_word' id='word_1_552' title='bbox 3683 1100 3696 1135; x_wconf 91' lang='lat'><strong>:</strong></span> <span class='ocrx_word' id='word_1_553' title='bbox 3717 1098 3797 1138; x_wconf 72' lang='lat' dir='ltr'><strong>suc</strong></span> 
     </span>
    </p>
   </div>
   <div class='ocr_carea' id='block_1_71' title="bbox 2206 1171 3797 1243">
    <p class='ocr_par' dir='ltr' id='par_1_71' title="bbox 2206 1171 3797 1243">
     <span class='ocr_line' id='line_1_71' title="bbox 2206 1171 3797 1243; baseline 0.003 -18"><span class='ocrx_word' id='word_1_554' title='bbox 2206 1178 2262 1225; x_wconf 92' lang='lat' dir='ltr'><strong>et</strong></span> <span class='ocrx_word' id='word_1_555' title='bbox 2287 1171 2384 1224; x_wconf 87' lang='lat' dir='ltr'><strong>ista</strong></span> <span class='ocrx_word' id='word_1_556' title='bbox 2417 1187 2538 1225; x_wconf 87' lang='lat' dir='ltr'><strong>cum</strong></span> <span class='ocrx_word' id='word_1_557' title='bbox 2570 1173 2769 1227; x_wconf 87' lang='lat' dir='ltr'><strong>sterilis</strong></span> <span class='ocrx_word' id='word_1_558' title='bbox 2795 1181 2959 1239; x_wconf 90' lang='lat' dir='ltr'><strong>esset,</strong></span> <span class='ocrx_word' id='word_1_559' title='bbox 3006 1173 3310 1228; x_wconf 90' lang='lat' dir='ltr'><strong>novissimis</strong></span> <span class='ocrx_word' id='word_1_560' title='bbox 3348 1175 3674 1243; x_wconf 69' lang='lat' dir='ltr'><strong>temporibus</strong></span> <span class='ocrx_word' id='word_1_561' title='bbox 3701 1189 3797 1243; x_wconf 87' lang='lat' dir='ltr'><strong>pc-</strong></span> 
     </span>
    </p>
   </div>
   <div class='ocr_carea' id='block_1_72' title="bbox 2205 1261 3793 1333">
    <p class='ocr_par' dir='ltr' id='par_1_72' title="bbox 2205 1261 3793 1333">
     <span class='ocr_line' id='line_1_72' title="bbox 2205 1261 3793 1333; baseline 0.001 -17"><span class='ocrx_word' id='word_1_562' title='bbox 2205 1261 2362 1331; x_wconf 87' lang='lat' dir='ltr'><strong>pcrit.</strong></span> <span class='ocrx_word' id='word_1_563' title='bbox 2395 1263 2568 1333; x_wconf 86' lang='lat' dir='ltr'><strong>Atque</strong></span> <span class='ocrx_word' id='word_1_564' title='bbox 2592 1263 2692 1318; x_wconf 91' lang='lat' dir='ltr'><strong>hoc</strong></span> <span class='ocrx_word' id='word_1_565' title='bbox 2717 1279 2901 1318; x_wconf 90' lang='lat' dir='ltr'><strong>verum</strong></span> <span class='ocrx_word' id='word_1_566' title='bbox 2931 1278 3071 1327; x_wconf 86' lang='lat' dir='ltr'><strong>esse.</strong></span> <span class='ocrx_word' id='word_1_567' title='bbox 3101 1279 3207 1333; x_wconf 93' lang='lat' dir='ltr'><strong>quo</strong></span> <span class='ocrx_word' id='word_1_568' title='bbox 3234 1272 3386 1333; x_wconf 90' lang='lat' dir='ltr'><strong>pacto</strong></span> <span class='ocrx_word' id='word_1_569' title='bbox 3413 1263 3608 1318; x_wconf 88' lang='lat' dir='ltr'><strong>Paulus</strong></span> <span class='ocrx_word' id='word_1_570' title='bbox 3625 1273 3793 1319; x_wconf 82' lang='lat' dir='ltr'><strong>teste-</strong></span> 
     </span>
    </p>
   </div>
   <div class='ocr_carea' id='block_1_73' title="bbox 2207 1351 3780 1425">
    <p class='ocr_par' dir='ltr' id='par_1_73' title="bbox 2207 1351 3780 1425">
     <span class='ocr_line' id='line_1_73' title="bbox 2207 1351 3780 1425; baseline 0.001 -16"><span class='ocrx_word' id='word_1_571' title='bbox 2207 1363 2294 1409; x_wconf 90' lang='lat' dir='ltr'><strong>tur</strong></span> <span class='ocrx_word' id='word_1_572' title='bbox 2321 1353 2444 1408; x_wconf 91' lang='lat' dir='ltr'><strong>audi</strong></span> <span class='ocrx_word' id='word_1_573' title='bbox 2474 1371 2488 1408; x_wconf 92' lang='lat'><strong>:</strong></span> <span class='ocrx_word' id='word_1_574' title='bbox 2525 1354 2636 1409; x_wconf 82' lang='lat' dir='ltr'><strong>Nos</strong></span> <span class='ocrx_word' id='word_1_575' title='bbox 2677 1366 2848 1409; x_wconf 86' lang='lat' dir='ltr'><strong>autem</strong></span> <span class='ocrx_word' id='word_1_576' title='bbox 2873 1372 3052 1409; x_wconf 84' lang='lat' dir='ltr'><strong>sumus</strong></span> <span class='ocrx_word' id='word_1_577' title='bbox 3079 1355 3248 1410; x_wconf 75' lang='lat' dir='ltr'><strong>libera:</strong></span> <span class='ocrx_word' id='word_1_578' title='bbox 3275 1355 3371 1424; x_wconf 79' lang='lat' dir='ltr'><strong>ﬁlii</strong></span> <span class='ocrx_word' id='word_1_579' title='bbox 3412 1352 3552 1424; x_wconf 82' lang='lat' dir='ltr'><strong>(Gal.</strong></span> <span class='ocrx_word' id='word_1_580' title='bbox 3584 1354 3635 1408; x_wconf 72' lang='grc'>4.</span> <span class='ocrx_word' id='word_1_581' title='bbox 3669 1351 3780 1425; x_wconf 74' lang='lat' dir='ltr'><strong>3i).</strong></span> 
     </span>
    </p>
   </div>
   <div class='ocr_carea' id='block_1_74' title="bbox 2205 1445 3793 1516">
    <p class='ocr_par' dir='ltr' id='par_1_74' title="bbox 2205 1445 3793 1516">
     <span class='ocr_line' id='line_1_74' title="bbox 2205 1445 3793 1516; baseline -0.001 -15"><span class='ocrx_word' id='word_1_582' title='bbox 2205 1445 2339 1501; x_wconf 90' lang='lat' dir='ltr'><strong>Cum</strong></span> <span class='ocrx_word' id='word_1_583' title='bbox 2372 1446 2514 1502; x_wconf 89' lang='lat' dir='ltr'><strong>enim</strong></span> <span class='ocrx_word' id='word_1_584' title='bbox 2549 1445 2716 1516; x_wconf 88' lang='lat' dir='ltr'><strong>ﬁgura</strong></span> <span class='ocrx_word' id='word_1_585' title='bbox 2747 1449 2816 1501; x_wconf 89' lang='lat' dir='ltr'><strong>sit</strong></span> <span class='ocrx_word' id='word_1_586' title='bbox 2845 1446 3099 1502; x_wconf 78' lang='lat' dir='ltr'><strong>Ecclesiae</strong></span> <span class='ocrx_word' id='word_1_587' title='bbox 3128 1445 3310 1513; x_wconf 88' lang='lat' dir='ltr'><strong>Sarra,</strong></span> <span class='ocrx_word' id='word_1_588' title='bbox 3343 1461 3460 1516; x_wconf 72' lang='lat' dir='ltr'><strong>quae</strong></span> <span class='ocrx_word' id='word_1_589' title='bbox 3498 1445 3660 1500; x_wconf 86' lang='lat' dir='ltr'><strong>libera</strong></span> <span class='ocrx_word' id='word_1_590' title='bbox 3685 1454 3793 1510; x_wconf 90' lang='lat' dir='ltr'><strong>est,</strong></span> 
     </span>
    </p>
   </div>
   <div class='ocr_carea' id='block_1_75' title="bbox 2207 1536 3792 1605">
    <p class='ocr_par' dir='ltr' id='par_1_75' title="bbox 2207 1536 3792 1605">
     <span class='ocr_line' id='line_1_75' title="bbox 2207 1536 3792 1605; baseline -0.001 -12"><span class='ocrx_word' id='word_1_591' title='bbox 2207 1538 2406 1595; x_wconf 91' lang='lat' dir='ltr'><strong>idcirco</strong></span> <span class='ocrx_word' id='word_1_592' title='bbox 2447 1538 2667 1605; x_wconf 89' lang='lat' dir='ltr'><strong>addidit,</strong></span> <span class='ocrx_word' id='word_1_593' title='bbox 2717 1555 2815 1594; x_wconf 91' lang='lat' dir='ltr'><strong>nos</strong></span> <span class='ocrx_word' id='word_1_594' title='bbox 2853 1539 3034 1594; x_wconf 78' lang='lat' dir='ltr'><strong>liberae</strong></span> <span class='ocrx_word' id='word_1_595' title='bbox 3085 1537 3224 1593; x_wconf 91' lang='lat' dir='ltr'><strong>ﬁlios</strong></span> <span class='ocrx_word' id='word_1_596' title='bbox 3268 1553 3408 1594; x_wconf 79' lang='lat' dir='ltr'><strong>esse.</strong></span> <span class='ocrx_word' id='word_1_597' title='bbox 3453 1536 3522 1592; x_wconf 93' lang='lat' dir='ltr'><strong>Et</strong></span> <span class='ocrx_word' id='word_1_598' title='bbox 3560 1551 3792 1592; x_wconf 89' lang='lat' dir='ltr'><strong>rursus:</strong></span> 
     </span>
    </p>
   </div>
   <div class='ocr_carea' id='block_1_76' title="bbox 2205 1627 3799 1700">
    <p class='ocr_par' dir='ltr' id='par_1_76' title="bbox 2205 1627 3799 1700">
     <span class='ocr_line' id='line_1_76' title="bbox 2205 1627 3799 1700; baseline 0 -18"><span class='ocrx_word' id='word_1_599' title='bbox 2205 1627 2409 1700; x_wconf 85' lang='lat' dir='ltr'><strong>Itaque,</strong></span> <span class='ocrx_word' id='word_1_600' title='bbox 2433 1632 2636 1700; x_wconf 75' lang='lat' dir='ltr'><strong>fratres,</strong></span> <span class='ocrx_word' id='word_1_601' title='bbox 2660 1628 2937 1684; x_wconf 86' lang='lat' dir='ltr'><strong>secundum</strong></span> <span class='ocrx_word' id='word_1_602' title='bbox 2957 1627 3108 1683; x_wconf 85' lang='lat' dir='ltr'><strong>Isaac</strong></span> <span class='ocrx_word' id='word_1_603' title='bbox 3136 1628 3482 1698; x_wconf 80' lang='lat' dir='ltr'><strong>promissionis</strong></span> <span class='ocrx_word' id='word_1_604' title='bbox 3502 1627 3598 1698; x_wconf 74' lang='lat' dir='ltr'><strong>lilii</strong></span> <span class='ocrx_word' id='word_1_605' title='bbox 3619 1644 3799 1682; x_wconf 77' lang='lat' dir='ltr'><strong>sumus</strong></span> 
     </span>
    </p>
   </div>
   <div class='ocr_carea' id='block_1_77' title="bbox 2211 1719 3798 1792">
    <p class='ocr_par' dir='ltr' id='par_1_77' title="bbox 2211 1719 3798 1792">
     <span class='ocr_line' id='line_1_77' title="bbox 2211 1719 3798 1792; baseline 0 -18"><span class='ocrx_word' id='word_1_606' title='bbox 2211 1719 2352 1792; x_wconf 85' lang='lat' dir='ltr'><strong>(Gal.</strong></span> <span class='ocrx_word' id='word_1_607' title='bbox 2384 1724 2438 1776; x_wconf 73' lang='grc'><strong>4.</strong></span> <span class='ocrx_word' id='word_1_608' title='bbox 2480 1722 2593 1791; x_wconf 73' lang='grc'><strong>28).</strong></span> <span class='ocrx_word' id='word_1_609' title='bbox 2634 1721 2772 1789; x_wconf 87' lang='lat' dir='ltr'><strong>Quid</strong></span> <span class='ocrx_word' id='word_1_610' title='bbox 2810 1730 2894 1776; x_wconf 86' lang='lat' dir='ltr'><strong>est</strong></span> <span class='ocrx_word' id='word_1_611' title='bbox 2934 1720 3054 1787; x_wconf 89' lang='lat' dir='ltr'><strong>hoc,</strong></span> <span class='ocrx_word' id='word_1_612' title='bbox 3103 1721 3465 1776; x_wconf 86' lang='lat' dir='ltr'><strong>Promissionis</strong></span> <span class='ocrx_word' id='word_1_613' title='bbox 3524 1721 3548 1774; x_wconf 72' lang='grc' dir='ltr'><strong><em>ἰ)</em></strong></span> <span class='ocrx_word' id='word_1_614' title='bbox 3596 1720 3798 1786; x_wconf 88' lang='lat' dir='ltr'><strong>Quem-</strong></span> 
     </span>
    </p>
   </div>
   <div class='ocr_carea' id='block_1_78' title="bbox 2206 1810 3799 1882">
    <p class='ocr_par' dir='ltr' id='par_1_78' title="bbox 2206 1810 3799 1882">
     <span class='ocr_line' id='line_1_78' title="bbox 2206 1810 3799 1882; baseline 0 -18"><span class='ocrx_word' id='word_1_615' title='bbox 2206 1810 2500 1865; x_wconf 89' lang='lat' dir='ltr'><strong>admodum</strong></span> <span class='ocrx_word' id='word_1_616' title='bbox 2545 1811 2693 1865; x_wconf 92' lang='lat' dir='ltr'><strong>illum</strong></span> <span class='ocrx_word' id='word_1_617' title='bbox 2739 1821 2929 1866; x_wconf 88' lang='lat' dir='ltr'><strong>natura</strong></span> <span class='ocrx_word' id='word_1_618' title='bbox 2981 1827 3085 1866; x_wconf 89' lang='lat' dir='ltr'><strong>non</strong></span> <span class='ocrx_word' id='word_1_619' title='bbox 3136 1812 3363 1882; x_wconf 87' lang='lat' dir='ltr'><strong>peperit,</strong></span> <span class='ocrx_word' id='word_1_620' title='bbox 3394 1812 3471 1866; x_wconf 90' lang='lat' dir='ltr'><strong>sic</strong></span> <span class='ocrx_word' id='word_1_621' title='bbox 3500 1826 3670 1881; x_wconf 89' lang='lat' dir='ltr'><strong>neque</strong></span> <span class='ocrx_word' id='word_1_622' title='bbox 3697 1826 3799 1865; x_wconf 90' lang='lat' dir='ltr'><strong>nos</strong></span> 
     </span>
    </p>
   </div>
   <div class='ocr_carea' id='block_1_79' title="bbox 2208 1901 3798 1973">
    <p class='ocr_par' dir='ltr' id='par_1_79' title="bbox 2208 1901 3798 1973">
     <span class='ocr_line' id='line_1_79' title="bbox 2208 1901 3798 1973; baseline -0.003 -17"><span class='ocrx_word' id='word_1_623' title='bbox 2208 1911 2395 1957; x_wconf 91' lang='lat' dir='ltr'><strong>natura</strong></span> <span class='ocrx_word' id='word_1_624' title='bbox 2422 1902 2649 1972; x_wconf 88' lang='lat' dir='ltr'><strong>peperit,</strong></span> <span class='ocrx_word' id='word_1_625' title='bbox 2681 1903 2775 1957; x_wconf 92' lang='lat' dir='ltr'><strong>sed</strong></span> <span class='ocrx_word' id='word_1_626' title='bbox 2791 1902 2956 1973; x_wconf 88' lang='lat' dir='ltr'><strong>gratia</strong></span> <span class='ocrx_word' id='word_1_627' title='bbox 2982 1902 3098 1957; x_wconf 92' lang='lat' dir='ltr'><strong>Dei.</strong></span> <span class='ocrx_word' id='word_1_628' title='bbox 3131 1903 3196 1956; x_wconf 88' lang='lat' dir='ltr'><strong>Et</strong></span> <span class='ocrx_word' id='word_1_629' title='bbox 3223 1916 3412 1956; x_wconf 91' lang='lat' dir='ltr'><strong>rursus</strong></span> <span class='ocrx_word' id='word_1_630' title='bbox 3437 1920 3451 1956; x_wconf 92' lang='lat'><strong>:</strong></span> <span class='ocrx_word' id='word_1_631' title='bbox 3479 1901 3608 1966; x_wconf 74' lang='grc' dir='ltr'><strong>ρυω</strong></span> <span class='ocrx_word' id='word_1_632' title='bbox 3625 1911 3798 1955; x_wconf 86' lang='lat' dir='ltr'><strong>autem</strong></span> 
     </span>
    </p>
   </div>
   <div class='ocr_carea' id='block_1_80' title="bbox 2207 1991 3801 2062">
    <p class='ocr_par' dir='ltr' id='par_1_80' title="bbox 2207 1991 3801 2062">
     <span class='ocr_line' id='line_1_80' title="bbox 2207 1991 3801 2062; baseline -0.001 -17"><span class='ocrx_word' id='word_1_633' title='bbox 2207 2008 2409 2045; x_wconf 83' lang='lat' dir='ltr'><strong>sursum</strong></span> <span class='ocrx_word' id='word_1_634' title='bbox 2441 2001 2513 2046; x_wconf 90' lang='lat' dir='ltr'><strong>est</strong></span> <span class='ocrx_word' id='word_1_635' title='bbox 2541 1991 2832 2046; x_wconf 81' lang='lat' dir='ltr'><strong>Jerusalem</strong></span> <span class='ocrx_word' id='word_1_636' title='bbox 2882 1992 3037 2046; x_wconf 85' lang='lat' dir='ltr'><strong>libera</strong></span> <span class='ocrx_word' id='word_1_637' title='bbox 3072 2002 3166 2059; x_wconf 85' lang='lat' dir='ltr'><strong>est,</strong></span> <span class='ocrx_word' id='word_1_638' title='bbox 3197 2007 3310 2062; x_wconf 77' lang='lat' dir='ltr'><strong>qua:</strong></span> <span class='ocrx_word' id='word_1_639' title='bbox 3337 2001 3407 2046; x_wconf 85' lang='lat' dir='ltr'><strong>est</strong></span> <span class='ocrx_word' id='word_1_640' title='bbox 3441 2001 3599 2044; x_wconf 88' lang='lat' dir='ltr'><strong>mater</strong></span> <span class='ocrx_word' id='word_1_641' title='bbox 3624 2000 3801 2045; x_wconf 82' lang='lat' dir='ltr'><strong>nostra</strong></span> 
     </span>
    </p>
   </div>
   <div class='ocr_carea' id='block_1_81' title="bbox 2209 2080 3801 2154">
    <p class='ocr_par' dir='ltr' id='par_1_81' title="bbox 2209 2080 3801 2154">
     <span class='ocr_line' id='line_1_81' title="bbox 2209 2080 3801 2154; baseline 0.001 -19"><span class='ocrx_word' id='word_1_642' title='bbox 2209 2080 2352 2153; x_wconf 85' lang='lat' dir='ltr'><strong>(Gal.</strong></span> <span class='ocrx_word' id='word_1_643' title='bbox 2385 2084 2438 2138; x_wconf 72' lang='grc'>4.</span> <span class='ocrx_word' id='word_1_644' title='bbox 2505 2080 2641 2154; x_wconf 74' lang='grc'><strong>26),</strong></span> <span class='ocrx_word' id='word_1_645' title='bbox 2697 2083 2812 2138; x_wconf 76' lang='lat' dir='ltr'><strong>lucc</strong></span> <span class='ocrx_word' id='word_1_646' title='bbox 2857 2092 2938 2138; x_wconf 81' lang='lat' dir='ltr'><strong>est</strong></span> <span class='ocrx_word' id='word_1_647' title='bbox 2978 2091 3155 2138; x_wconf 91' lang='lat' dir='ltr'><strong>autem</strong></span> <span class='ocrx_word' id='word_1_648' title='bbox 3204 2082 3464 2138; x_wconf 88' lang='lat' dir='ltr'><strong>Ecclesia.</strong></span> <span class='ocrx_word' id='word_1_649' title='bbox 3508 2083 3801 2137; x_wconf 82' lang='lat' dir='ltr'><strong>Accessistis</strong></span> 
     </span>
    </p>
   </div>
   <div class='ocr_carea' id='block_1_82' title="bbox 2209 2175 3796 2246">
    <p class='ocr_par' dir='ltr' id='par_1_82' title="bbox 2209 2175 3796 2246">
     <span class='ocr_line' id='line_1_82' title="bbox 2209 2175 3796 2246; baseline 0.001 -18"><span class='ocrx_word' id='word_1_650' title='bbox 2209 2190 2344 2228; x_wconf 76' lang='lat' dir='ltr'><strong>enim</strong></span> <span class='ocrx_word' id='word_1_651' title='bbox 2369 2175 2437 2227; x_wconf 89' lang='lat' dir='ltr'><strong>ad</strong></span> <span class='ocrx_word' id='word_1_652' title='bbox 2463 2175 2592 2230; x_wconf 82' lang='lat' dir='ltr'><strong>Sion</strong></span> <span class='ocrx_word' id='word_1_653' title='bbox 2615 2186 2854 2241; x_wconf 87' lang='lat' dir='ltr'><strong>montem,</strong></span> <span class='ocrx_word' id='word_1_654' title='bbox 2884 2176 3076 2246; x_wconf 81' lang='lat' dir='ltr'><strong>inquit,</strong></span> <span class='ocrx_word' id='word_1_655' title='bbox 3103 2186 3150 2230; x_wconf 90' lang='lat' dir='ltr'><strong>et</strong></span> <span class='ocrx_word' id='word_1_656' title='bbox 3174 2176 3426 2230; x_wconf 86' lang='lat' dir='ltr'><strong>civitatem</strong></span> <span class='ocrx_word' id='word_1_657' title='bbox 3450 2176 3546 2229; x_wconf 86' lang='lat' dir='ltr'><strong>Dei</strong></span> <span class='ocrx_word' id='word_1_658' title='bbox 3565 2176 3796 2242; x_wconf 75' lang='lat' dir='ltr'><strong>viventis,</strong></span> 
     </span>
    </p>
   </div>
   <div class='ocr_carea' id='block_1_83' title="bbox 2209 2264 3796 2336">
    <p class='ocr_par' dir='ltr' id='par_1_83' title="bbox 2209 2264 3796 2336">
     <span class='ocr_line' id='line_1_83' title="bbox 2209 2264 3796 2336; baseline 0.002 -18"><span class='ocrx_word' id='word_1_659' title='bbox 2209 2264 2499 2318; x_wconf 83' lang='lat' dir='ltr'><strong>Jerusalem</strong></span> <span class='ocrx_word' id='word_1_660' title='bbox 2527 2266 2793 2332; x_wconf 65' lang='lat' dir='ltr'><strong>caleslem,</strong></span> <span class='ocrx_word' id='word_1_661' title='bbox 2819 2275 2867 2320; x_wconf 87' lang='lat' dir='ltr'><strong>et</strong></span> <span class='ocrx_word' id='word_1_662' title='bbox 2899 2264 3180 2320; x_wconf 83' lang='lat' dir='ltr'><strong>Ecclesium</strong></span> <span class='ocrx_word' id='word_1_663' title='bbox 3214 2267 3581 2336; x_wconf 84' lang='lat' dir='ltr'><strong>primitivorum</strong></span> <span class='ocrx_word' id='word_1_664' title='bbox 3607 2265 3796 2336; x_wconf 82' lang='lat' dir='ltr'><strong>(Hebr.</strong></span> 
     </span>
    </p>
   </div>
   <div class='ocr_carea' id='block_1_84' title="bbox 2212 2355 3798 2427">
    <p class='ocr_par' dir='ltr' id='par_1_84' title="bbox 2212 2355 3798 2427">
     <span class='ocr_line' id='line_1_84' title="bbox 2212 2355 3798 2427; baseline 0 -15"><span class='ocrx_word' id='word_1_665' title='bbox 2212 2356 2300 2412; x_wconf 73' lang='lat' dir='ltr'><strong>i2.</strong></span> <span class='ocrx_word' id='word_1_666' title='bbox 2333 2356 2451 2427; x_wconf 72' lang='grc'><strong>22).</strong></span> <span class='ocrx_word' id='word_1_667' title='bbox 2481 2358 2536 2413; x_wconf 92' lang='lat' dir='ltr'><strong>Si</strong></span> <span class='ocrx_word' id='word_1_668' title='bbox 2564 2373 2693 2427; x_wconf 91' lang='lat' dir='ltr'><strong>ergo</strong></span> <span class='ocrx_word' id='word_1_669' title='bbox 2719 2372 2950 2427; x_wconf 85' lang='lat' dir='ltr'><strong>superna</strong></span> <span class='ocrx_word' id='word_1_670' title='bbox 2974 2355 3269 2413; x_wconf 84' lang='lat' dir='ltr'><strong>Jerusalem</strong></span> <span class='ocrx_word' id='word_1_671' title='bbox 3289 2369 3371 2413; x_wconf 88' lang='lat' dir='ltr'><strong>est</strong></span> <span class='ocrx_word' id='word_1_672' title='bbox 3397 2357 3654 2424; x_wconf 86' lang='lat' dir='ltr'><strong>Ecclesia,</strong></span> <span class='ocrx_word' id='word_1_673' title='bbox 3681 2372 3798 2427; x_wconf 86' lang='lat' dir='ltr'><strong>por-</strong></span> 
     </span>
    </p>
   </div>
   <div class='ocr_carea' id='block_1_85' title="bbox 2213 2447 3797 2520">
    <p class='ocr_par' dir='ltr' id='par_1_85' title="bbox 2213 2447 3797 2520">
     <span class='ocr_line' id='line_1_85' title="bbox 2213 2447 3797 2520; baseline 0 -17"><span class='ocrx_word' id='word_1_674' title='bbox 2213 2463 2274 2503; x_wconf 95' lang='lat' dir='ltr'><strong>ro</strong></span> <span class='ocrx_word' id='word_1_675' title='bbox 2305 2447 2602 2504; x_wconf 89' lang='lat' dir='ltr'><strong>Jerusalem</strong></span> <span class='ocrx_word' id='word_1_676' title='bbox 2630 2464 2879 2519; x_wconf 65' lang='lat' dir='ltr'><strong>supernae</strong></span> <span class='ocrx_word' id='word_1_677' title='bbox 2926 2448 3092 2519; x_wconf 85' lang='lat' dir='ltr'><strong>ﬁgura</strong></span> <span class='ocrx_word' id='word_1_678' title='bbox 3133 2457 3219 2504; x_wconf 86' lang='lat' dir='ltr'><strong>est</strong></span> <span class='ocrx_word' id='word_1_679' title='bbox 3246 2449 3427 2515; x_wconf 88' lang='lat' dir='ltr'><strong>Sarra,</strong></span> <span class='ocrx_word' id='word_1_680' title='bbox 3455 2461 3613 2520; x_wconf 88' lang='lat' dir='ltr'><strong>prout</strong></span> <span class='ocrx_word' id='word_1_681' title='bbox 3640 2449 3797 2515; x_wconf 79' lang='lat' dir='ltr'><strong>dixit,</strong></span> 
     </span>
    </p>
   </div>
   <div class='ocr_carea' id='block_1_86' title="bbox 2213 2537 3798 2611">
    <p class='ocr_par' dir='ltr' id='par_1_86' title="bbox 2213 2537 3798 2611">
     <span class='ocr_line' id='line_1_86' title="bbox 2213 2537 3798 2611; baseline 0.001 -19"><span class='ocrx_word' id='word_1_682' title='bbox 2213 2537 2344 2592; x_wconf 65' lang='lat' dir='ltr'><strong>Duae</strong></span> <span class='ocrx_word' id='word_1_683' title='bbox 2363 2547 2504 2602; x_wconf 84' lang='lat' dir='ltr'><strong>sunt,</strong></span> <span class='ocrx_word' id='word_1_684' title='bbox 2533 2555 2638 2592; x_wconf 92' lang='lat' dir='ltr'><strong>una</strong></span> <span class='ocrx_word' id='word_1_685' title='bbox 2665 2540 2868 2610; x_wconf 84' lang='lat' dir='ltr'><strong>quidem</strong></span> <span class='ocrx_word' id='word_1_686' title='bbox 2900 2540 2953 2593; x_wconf 92' lang='lat' dir='ltr'><strong>in</strong></span> <span class='ocrx_word' id='word_1_687' title='bbox 3000 2540 3288 2594; x_wconf 71' lang='lat' dir='ltr'><strong>sanitatem</strong></span> <span class='ocrx_word' id='word_1_688' title='bbox 3304 2557 3570 2610; x_wconf 72' lang='lat' dir='ltr'><strong>generatis,</strong></span> <span class='ocrx_word' id='word_1_689' title='bbox 3589 2555 3701 2611; x_wconf 79' lang='lat' dir='ltr'><strong>qua:</strong></span> <span class='ocrx_word' id='word_1_690' title='bbox 3724 2548 3798 2594; x_wconf 84' lang='lat' dir='ltr'><strong>est</strong></span> 
     </span>
    </p>
   </div>
   <div class='ocr_carea' id='block_1_87' title="bbox 2209 2629 3798 2701">
    <p class='ocr_par' dir='ltr' id='par_1_87' title="bbox 2209 2629 3798 2701">
     <span class='ocr_line' id='line_1_87' title="bbox 2209 2629 3798 2701; baseline 0.003 -19"><span class='ocrx_word' id='word_1_691' title='bbox 2209 2629 2350 2701; x_wconf 77' lang='lat' dir='ltr'><strong>Agar</strong></span> <span class='ocrx_word' id='word_1_692' title='bbox 2369 2647 2388 2684; x_wconf 87' lang='lat'><strong>:</strong></span> <span class='ocrx_word' id='word_1_693' title='bbox 2412 2646 2525 2700; x_wconf 77' lang='lat' dir='ltr'><strong>qua:</strong></span> <span class='ocrx_word' id='word_1_694' title='bbox 2554 2641 2723 2685; x_wconf 88' lang='lat' dir='ltr'><strong>autem</strong></span> <span class='ocrx_word' id='word_1_695' title='bbox 2749 2648 2949 2686; x_wconf 84' lang='lat' dir='ltr'><strong>sursum</strong></span> <span class='ocrx_word' id='word_1_696' title='bbox 2972 2641 3045 2686; x_wconf 86' lang='lat' dir='ltr'><strong>est</strong></span> <span class='ocrx_word' id='word_1_697' title='bbox 3072 2632 3364 2686; x_wconf 86' lang='lat' dir='ltr'><strong>Jerusalem</strong></span> <span class='ocrx_word' id='word_1_698' title='bbox 3391 2632 3549 2686; x_wconf 86' lang='lat' dir='ltr'><strong>libera</strong></span> <span class='ocrx_word' id='word_1_699' title='bbox 3569 2642 3658 2698; x_wconf 83' lang='lat' dir='ltr'><strong>est,</strong></span> <span class='ocrx_word' id='word_1_700' title='bbox 3685 2646 3798 2700; x_wconf 72' lang='lat' dir='ltr'><strong>qua</strong></span> 
     </span>
    </p>
   </div>
   <div class='ocr_carea' id='block_1_88' title="bbox 2211 2722 3799 2795">
    <p class='ocr_par' dir='ltr' id='par_1_88' title="bbox 2211 2722 3799 2795">
     <span class='ocr_line' id='line_1_88' title="bbox 2211 2722 3799 2795; baseline 0.003 -21"><span class='ocrx_word' id='word_1_701' title='bbox 2211 2729 2282 2774; x_wconf 90' lang='lat' dir='ltr'><strong>est</strong></span> <span class='ocrx_word' id='word_1_702' title='bbox 2311 2731 2472 2775; x_wconf 88' lang='lat' dir='ltr'><strong>mater</strong></span> <span class='ocrx_word' id='word_1_703' title='bbox 2494 2732 2670 2776; x_wconf 87' lang='lat' dir='ltr'><strong>nostra</strong></span> <span class='ocrx_word' id='word_1_704' title='bbox 2697 2722 2841 2786; x_wconf 83' lang='lat' dir='ltr'><strong>(Gal.</strong></span> <span class='ocrx_word' id='word_1_705' title='bbox 2877 2724 2929 2778; x_wconf 70' lang='grc'><strong>4.</strong></span> <span class='ocrx_word' id='word_1_706' title='bbox 2960 2723 3151 2795; x_wconf 70' lang='grc'><strong>24-26)</strong></span> <span class='ocrx_word' id='word_1_707' title='bbox 3178 2742 3192 2779; x_wconf 92' lang='lat'><strong>:</strong></span> <span class='ocrx_word' id='word_1_708' title='bbox 3246 2725 3582 2779; x_wconf 86' lang='lat' dir='ltr'><strong>manifestum</strong></span> <span class='ocrx_word' id='word_1_709' title='bbox 3609 2733 3686 2780; x_wconf 91' lang='lat' dir='ltr'><strong>est</strong></span> <span class='ocrx_word' id='word_1_710' title='bbox 3708 2723 3799 2779; x_wconf 85' lang='lat' dir='ltr'><strong>Je-</strong></span> 
     </span>
    </p>
   </div>
   <div class='ocr_carea' id='block_1_89' title="bbox 2212 2811 3798 2886">
    <p class='ocr_par' dir='ltr' id='par_1_89' title="bbox 2212 2811 3798 2886">
     <span class='ocr_line' id='line_1_89' title="bbox 2212 2811 3798 2886; baseline 0.003 -20"><span class='ocrx_word' id='word_1_711' title='bbox 2212 2811 2465 2878; x_wconf 90' lang='lat' dir='ltr'><strong>rusalem,</strong></span> <span class='ocrx_word' id='word_1_712' title='bbox 2499 2828 2618 2883; x_wconf 74' lang='lat' dir='ltr'><strong>qua:</strong></span> <span class='ocrx_word' id='word_1_713' title='bbox 2647 2829 2858 2870; x_wconf 89' lang='lat' dir='ltr'><strong>sursum</strong></span> <span class='ocrx_word' id='word_1_714' title='bbox 2903 2825 3004 2882; x_wconf 88' lang='lat' dir='ltr'><strong>est,</strong></span> <span class='ocrx_word' id='word_1_715' title='bbox 3033 2816 3257 2886; x_wconf 88' lang='lat' dir='ltr'><strong>ﬁguram</strong></span> <span class='ocrx_word' id='word_1_716' title='bbox 3293 2830 3415 2872; x_wconf 89' lang='lat' dir='ltr'><strong>esse</strong></span> <span class='ocrx_word' id='word_1_717' title='bbox 3446 2815 3656 2872; x_wconf 64' lang='lat' dir='ltr'><strong>Samum</strong></span> <span class='ocrx_word' id='word_1_718' title='bbox 3696 2814 3798 2870; x_wconf 82' lang='lat' dir='ltr'><strong>ha-</strong></span> 
     </span>
    </p>
   </div>
   <div class='ocr_carea' id='block_1_90' title="bbox 2211 2904 3197 2976">
    <p class='ocr_par' dir='ltr' id='par_1_90' title="bbox 2211 2904 3197 2976">
     <span class='ocr_line' id='line_1_90' title="bbox 2211 2904 3197 2976; baseline 0 -14"><span class='ocrx_word' id='word_1_719' title='bbox 2211 2904 2323 2962; x_wconf 85' lang='lat' dir='ltr'><strong>bita</strong></span> <span class='ocrx_word' id='word_1_720' title='bbox 2353 2905 2558 2962; x_wconf 87' lang='lat' dir='ltr'><strong>ratione</strong></span> <span class='ocrx_word' id='word_1_721' title='bbox 2584 2915 2770 2976; x_wconf 89' lang='lat' dir='ltr'><strong>partus</strong></span> <span class='ocrx_word' id='word_1_722' title='bbox 2797 2922 2860 2962; x_wconf 89' lang='lat' dir='ltr'><strong>ac</strong></span> <span class='ocrx_word' id='word_1_723' title='bbox 2881 2907 3197 2962; x_wconf 86' lang='lat' dir='ltr'><strong>sterilitatis.</strong></span> 
     </span>
    </p>
   </div>
   <div class='ocr_carea' id='block_1_91' title="bbox 2292 2995 3789 3066">
    <p class='ocr_par' dir='ltr' id='par_1_91' title="bbox 2292 2995 3789 3066">
     <span class='ocr_line' id='line_1_91' title="bbox 2292 2995 3789 3066; baseline 0 -15"><span class='ocrx_word' id='word_1_724' title='bbox 2292 2997 2346 3051; x_wconf 88' lang='grc'><strong>5.</strong></span> <span class='ocrx_word' id='word_1_725' title='bbox 2390 2996 2515 3052; x_wconf 92' lang='lat' dir='ltr'><strong>Scio</strong></span> <span class='ocrx_word' id='word_1_726' title='bbox 2541 2995 2817 3050; x_wconf 87' lang='lat' dir='ltr'><strong>subtiliora</strong></span> <span class='ocrx_word' id='word_1_727' title='bbox 2849 3012 2968 3052; x_wconf 90' lang='lat' dir='ltr'><strong>esse</strong></span> <span class='ocrx_word' id='word_1_728' title='bbox 2993 3013 3112 3066; x_wconf 77' lang='lat' dir='ltr'><strong>quze</strong></span> <span class='ocrx_word' id='word_1_729' title='bbox 3133 2997 3401 3052; x_wconf 88' lang='lat' dir='ltr'><strong>diximus:</strong></span> <span class='ocrx_word' id='word_1_730' title='bbox 3425 2996 3517 3052; x_wconf 88' lang='lat' dir='ltr'><strong>sed</strong></span> <span class='ocrx_word' id='word_1_731' title='bbox 3547 2996 3592 3051; x_wconf 91' lang='lat' dir='ltr'><strong>si</strong></span> <span class='ocrx_word' id='word_1_732' title='bbox 3619 3004 3789 3051; x_wconf 81' lang='lat' dir='ltr'><strong>atten-</strong></span> 
     </span>
    </p>
   </div>
   <div class='ocr_carea' id='block_1_92' title="bbox 2212 3085 3777 3159">
    <p class='ocr_par' dir='ltr' id='par_1_92' title="bbox 2212 3085 3777 3159">
     <span class='ocr_line' id='line_1_92' title="bbox 2212 3085 3777 3159; baseline 0.001 -18"><span class='ocrx_word' id='word_1_733' title='bbox 2212 3085 2420 3155; x_wconf 90' lang='lat' dir='ltr'><strong>damus,</strong></span> <span class='ocrx_word' id='word_1_734' title='bbox 2453 3086 2583 3142; x_wconf 88' lang='lat' dir='ltr'><strong>nihil</strong></span> <span class='ocrx_word' id='word_1_735' title='bbox 2618 3102 2802 3143; x_wconf 89' lang='lat' dir='ltr'><strong>eorum</strong></span> <span class='ocrx_word' id='word_1_736' title='bbox 2843 3102 2939 3143; x_wconf 93' lang='lat' dir='ltr'><strong>nos</strong></span> <span class='ocrx_word' id='word_1_737' title='bbox 2968 3087 3202 3158; x_wconf 79' lang='lat' dir='ltr'><strong>effugiet,</strong></span> <span class='ocrx_word' id='word_1_738' title='bbox 3253 3104 3371 3159; x_wconf 76' lang='lat' dir='ltr'><strong>qua:</strong></span> <span class='ocrx_word' id='word_1_739' title='bbox 3408 3088 3678 3144; x_wconf 90' lang='lat' dir='ltr'><strong>dicuntur.</strong></span> <span class='ocrx_word' id='word_1_740' title='bbox 3714 3088 3777 3143; x_wconf 89' lang='lat' dir='ltr'><strong>lli</strong></span> 
     </span>
    </p>
   </div>
   <div class='ocr_carea' id='block_1_93' title="bbox 2212 3178 3778 3251">
    <p class='ocr_par' dir='ltr' id='par_1_93' title="bbox 2212 3178 3778 3251">
     <span class='ocr_line' id='line_1_93' title="bbox 2212 3178 3778 3251; baseline 0 -17"><span class='ocrx_word' id='word_1_741' title='bbox 2212 3193 2340 3249; x_wconf 89' lang='lat' dir='ltr'><strong>ergo</strong></span> <span class='ocrx_word' id='word_1_742' title='bbox 2367 3178 2631 3250; x_wconf 88' lang='lat' dir='ltr'><strong>pleniores</strong></span> <span class='ocrx_word' id='word_1_743' title='bbox 2653 3180 3026 3251; x_wconf 84' lang='lat' dir='ltr'><strong>mysteriorum</strong></span> <span class='ocrx_word' id='word_1_744' title='bbox 3056 3189 3177 3234; x_wconf 91' lang='lat' dir='ltr'><strong>sunt</strong></span> <span class='ocrx_word' id='word_1_745' title='bbox 3223 3179 3633 3251; x_wconf 89' lang='lat' dir='ltr'><strong>dogmatumque</strong></span> <span class='ocrx_word' id='word_1_746' title='bbox 3659 3196 3778 3236; x_wconf 81' lang='lat' dir='ltr'><strong>scr-</strong></span> 
     </span>
    </p>
   </div>
   <div class='ocr_carea' id='block_1_94' title="bbox 2214 3272 3799 3329">
    <p class='ocr_par' dir='ltr' id='par_1_94' title="bbox 2214 3272 3799 3329">
     <span class='ocr_line' id='line_1_94' title="bbox 2214 3272 3799 3329; baseline 0.003 -5"><span class='ocrx_word' id='word_1_747' title='bbox 2214 3286 2402 3326; x_wconf 88' lang='lat' dir='ltr'><strong>mones</strong></span> <span class='ocrx_word' id='word_1_748' title='bbox 2425 3289 2438 3323; x_wconf 88' lang='lat'><strong>:</strong></span> <span class='ocrx_word' id='word_1_749' title='bbox 2463 3273 2557 3327; x_wconf 85' lang='lat' dir='ltr'><strong>scd</strong></span> <span class='ocrx_word' id='word_1_750' title='bbox 2586 3273 2630 3326; x_wconf 90' lang='lat' dir='ltr'><strong>si</strong></span> <span class='ocrx_word' id='word_1_751' title='bbox 2653 3272 2800 3327; x_wconf 92' lang='lat' dir='ltr'><strong>lubet</strong></span> <span class='ocrx_word' id='word_1_752' title='bbox 2826 3272 3362 3329; x_wconf 84' lang='lat' dir='ltr'><strong>accommodatiorem</strong></span> <span class='ocrx_word' id='word_1_753' title='bbox 3385 3273 3449 3329; x_wconf 90' lang='lat' dir='ltr'><strong>ad</strong></span> <span class='ocrx_word' id='word_1_754' title='bbox 3479 3288 3654 3329; x_wconf 89' lang='lat' dir='ltr'><strong>mores</strong></span> <span class='ocrx_word' id='word_1_755' title='bbox 3675 3289 3799 3328; x_wconf 87' lang='lat' dir='ltr'><strong>cum</strong></span> 
     </span>
    </p>
   </div>
   <div class='ocr_carea' id='block_1_95' title="bbox 2213 3361 3799 3432">
    <p class='ocr_par' dir='ltr' id='par_1_95' title="bbox 2213 3361 3799 3432">
     <span class='ocr_line' id='line_1_95' title="bbox 2213 3361 3799 3432; baseline 0.001 -16"><span class='ocrx_word' id='word_1_756' title='bbox 2213 3361 2319 3416; x_wconf 90' lang='lat' dir='ltr'><strong>illis</strong></span> <span class='ocrx_word' id='word_1_757' title='bbox 2339 3361 2694 3432; x_wconf 82' lang='lat' dir='ltr'><strong>proferemus.</strong></span> <span class='ocrx_word' id='word_1_758' title='bbox 2723 3363 2935 3418; x_wconf 89' lang='lat' dir='ltr'><strong>Sterilis</strong></span> <span class='ocrx_word' id='word_1_759' title='bbox 2960 3373 3077 3418; x_wconf 88' lang='lat' dir='ltr'><strong>erat</strong></span> <span class='ocrx_word' id='word_1_760' title='bbox 3100 3379 3251 3430; x_wconf 86' lang='lat' dir='ltr'><strong>uxor,</strong></span> <span class='ocrx_word' id='word_1_761' title='bbox 3283 3373 3336 3417; x_wconf 92' lang='lat' dir='ltr'><strong>ut</strong></span> <span class='ocrx_word' id='word_1_762' title='bbox 3363 3365 3660 3418; x_wconf 86' lang='lat' dir='ltr'><strong>castitatem</strong></span> <span class='ocrx_word' id='word_1_763' title='bbox 3685 3380 3799 3418; x_wconf 84' lang='lat' dir='ltr'><strong>ma-</strong></span> 
     </span>
    </p>
   </div>
   <div class='ocr_carea' id='block_1_96' title="bbox 2213 3440 3799 3525">
    <p class='ocr_par' dir='ltr' id='par_1_96' title="bbox 2213 3440 3799 3525">
     <span class='ocr_line' id='line_1_96' title="bbox 2213 3440 3799 3525; baseline 0.002 -18"><span class='ocrx_word' id='word_1_764' title='bbox 2213 3454 2300 3508; x_wconf 91' lang='lat' dir='ltr'><strong>riti</strong></span> <span class='ocrx_word' id='word_1_765' title='bbox 2327 3468 2657 3525; x_wconf 79' lang='lat' dir='ltr'><strong>cognoscas:</strong></span> <span class='ocrx_word' id='word_1_766' title='bbox 2684 3454 2824 3524; x_wconf 89' lang='lat' dir='ltr'><strong>quod</strong></span> <span class='ocrx_word' id='word_1_767' title='bbox 2847 3470 2944 3510; x_wconf 89' lang='lat' dir='ltr'><strong>nec</strong></span> <span class='ocrx_word' id='word_1_768' title='bbox 2971 3455 3112 3509; x_wconf 88' lang='lat' dir='ltr'><strong>illam</strong></span> <span class='ocrx_word' id='word_1_769' title='bbox 3142 3440 3419 3524; x_wconf 81' lang='lat' dir='ltr'><strong>expulerit,</strong></span> <span class='ocrx_word' id='word_1_770' title='bbox 3450 3455 3662 3510; x_wconf 75' lang='lat' dir='ltr'><strong>tametsi</strong></span> <span class='ocrx_word' id='word_1_771' title='bbox 3687 3467 3799 3511; x_wconf 88' lang='lat' dir='ltr'><strong>tum</strong></span> 
     </span>
    </p>
   </div>
   <div class='ocr_carea' id='block_1_97' title="bbox 2212 3548 3800 3620">
    <p class='ocr_par' dir='ltr' id='par_1_97' title="bbox 2212 3548 3800 3620">
     <span class='ocr_line' id='line_1_97' title="bbox 2212 3548 3800 3620; baseline -0.001 -16"><span class='ocrx_word' id='word_1_772' title='bbox 2212 3550 2266 3605; x_wconf 91' lang='lat' dir='ltr'><strong>id</strong></span> <span class='ocrx_word' id='word_1_773' title='bbox 2295 3549 2378 3604; x_wconf 88' lang='lat' dir='ltr'><strong>lex</strong></span> <span class='ocrx_word' id='word_1_774' title='bbox 2410 3550 2552 3604; x_wconf 91' lang='lat' dir='ltr'><strong>nulla</strong></span> <span class='ocrx_word' id='word_1_775' title='bbox 2585 3549 2917 3620; x_wconf 85' lang='lat' dir='ltr'><strong>prohiberet,</strong></span> <span class='ocrx_word' id='word_1_776' title='bbox 2951 3564 3122 3618; x_wconf 85' lang='lat' dir='ltr'><strong>neque</strong></span> <span class='ocrx_word' id='word_1_777' title='bbox 3149 3548 3368 3604; x_wconf 89' lang='lat' dir='ltr'><strong>alteram</strong></span> <span class='ocrx_word' id='word_1_778' title='bbox 3397 3548 3611 3603; x_wconf 84' lang='lat' dir='ltr'><strong>ductam</strong></span> <span class='ocrx_word' id='word_1_779' title='bbox 3653 3564 3800 3618; x_wconf 70' lang='lat' dir='ltr'><strong>pra:-</strong></span> 
     </span>
    </p>
   </div>
   <div class='ocr_carea' id='block_1_98' title="bbox 2213 3635 3802 3710">
    <p class='ocr_par' dir='ltr' id='par_1_98' title="bbox 2213 3635 3802 3710">
     <span class='ocr_line' id='line_1_98' title="bbox 2213 3635 3802 3710; baseline -0.001 -16"><span class='ocrx_word' id='word_1_780' title='bbox 2213 3647 2296 3694; x_wconf 90' lang='lat' dir='ltr'><strong>ter</strong></span> <span class='ocrx_word' id='word_1_781' title='bbox 2339 3638 2559 3694; x_wconf 88' lang='lat' dir='ltr'><strong>liberam</strong></span> <span class='ocrx_word' id='word_1_782' title='bbox 2603 3638 2894 3693; x_wconf 89' lang='lat' dir='ltr'><strong>introduxit</strong></span> <span class='ocrx_word' id='word_1_783' title='bbox 2931 3638 3116 3710; x_wconf 85' lang='lat' dir='ltr'><strong>:quud</strong></span> <span class='ocrx_word' id='word_1_784' title='bbox 3181 3648 3359 3692; x_wconf 89' lang='lat' dir='ltr'><strong>tamen</strong></span> <span class='ocrx_word' id='word_1_785' title='bbox 3403 3635 3604 3692; x_wconf 84' lang='lat' dir='ltr'><strong>faciunt</strong></span> <span class='ocrx_word' id='word_1_786' title='bbox 3643 3637 3802 3693; x_wconf 88' lang='lat' dir='ltr'><strong>nmlti</strong></span> 
     </span>
    </p>
   </div>
   <div class='ocr_carea' id='block_1_99' title="bbox 2211 3727 3801 3800">
    <p class='ocr_par' dir='ltr' id='par_1_99' title="bbox 2211 3727 3801 3800">
     <span class='ocr_line' id='line_1_99' title="bbox 2211 3727 3801 3800; baseline 0 -17"><span class='ocrx_word' id='word_1_787' title='bbox 2211 3729 2622 3800; x_wconf 84' lang='lat' dir='ltr'><strong>quaerendorum</strong></span> <span class='ocrx_word' id='word_1_788' title='bbox 2661 3729 2841 3799; x_wconf 89' lang='lat' dir='ltr'><strong>specie</strong></span> <span class='ocrx_word' id='word_1_789' title='bbox 2887 3727 3201 3793; x_wconf 84' lang='lat' dir='ltr'><strong>liberorum,</strong></span> <span class='ocrx_word' id='word_1_790' title='bbox 3247 3736 3303 3782; x_wconf 89' lang='lat' dir='ltr'><strong>ut</strong></span> <span class='ocrx_word' id='word_1_791' title='bbox 3340 3727 3600 3781; x_wconf 89' lang='lat' dir='ltr'><strong>luxuriam</strong></span> <span class='ocrx_word' id='word_1_792' title='bbox 3641 3743 3801 3783; x_wconf 88' lang='lat' dir='ltr'><strong>suam</strong></span> 
     </span>
    </p>
   </div>
   <div class='ocr_carea' id='block_1_100' title="bbox 2219 3819 3803 3892">
    <p class='ocr_par' dir='ltr' id='par_1_100' title="bbox 2219 3819 3803 3892">
     <span class='ocr_line' id='line_1_100' title="bbox 2219 3819 3803 3892; baseline -0.002 -15"><span class='ocrx_word' id='word_1_793' title='bbox 2219 3823 2488 3892; x_wconf 86' lang='lat' dir='ltr'><strong>expleant,</strong></span> <span class='ocrx_word' id='word_1_794' title='bbox 2522 3829 2576 3877; x_wconf 91' lang='lat' dir='ltr'><strong>et</strong></span> <span class='ocrx_word' id='word_1_795' title='bbox 2605 3820 2701 3876; x_wconf 88' lang='lat' dir='ltr'><strong>bas</strong></span> <span class='ocrx_word' id='word_1_796' title='bbox 2729 3821 2965 3891; x_wconf 85' lang='lat' dir='ltr'><strong>ejiciunt,</strong></span> <span class='ocrx_word' id='word_1_797' title='bbox 3000 3819 3118 3875; x_wconf 90' lang='lat' dir='ltr'><strong>illas</strong></span> <span class='ocrx_word' id='word_1_798' title='bbox 3145 3819 3523 3874; x_wconf 90' lang='lat' dir='ltr'><strong>introducunt:</strong></span> <span class='ocrx_word' id='word_1_799' title='bbox 3551 3819 3639 3873; x_wconf 89' lang='lat' dir='ltr'><strong>alii</strong></span> <span class='ocrx_word' id='word_1_800' title='bbox 3663 3834 3803 3890; x_wconf 82' lang='lat' dir='ltr'><strong>quo—</strong></span> 
     </span>
    </p>
   </div>
   <div class='ocr_carea' id='block_1_101' title="bbox 2211 3911 3801 3984">
    <p class='ocr_par' dir='ltr' id='par_1_101' title="bbox 2211 3911 3801 3984">
     <span class='ocr_line' id='line_1_101' title="bbox 2211 3911 3801 3984; baseline 0.001 -18"><span class='ocrx_word' id='word_1_801' title='bbox 2211 3929 2314 3984; x_wconf 89' lang='lat' dir='ltr'><strong>que</strong></span> <span class='ocrx_word' id='word_1_802' title='bbox 2343 3913 2558 3984; x_wconf 90' lang='lat' dir='ltr'><strong>pelliccs</strong></span> <span class='ocrx_word' id='word_1_803' title='bbox 2583 3912 2637 3967; x_wconf 93' lang='lat' dir='ltr'><strong>in</strong></span> <span class='ocrx_word' id='word_1_804' title='bbox 2657 3927 2756 3968; x_wconf 86' lang='lat' dir='ltr'><strong>eas</strong></span> <span class='ocrx_word' id='word_1_805' title='bbox 2785 3917 3014 3978; x_wconf 87' lang='lat' dir='ltr'><strong>armant,</strong></span> <span class='ocrx_word' id='word_1_806' title='bbox 3037 3920 3093 3968; x_wconf 89' lang='lat' dir='ltr'><strong>et</strong></span> <span class='ocrx_word' id='word_1_807' title='bbox 3122 3911 3344 3966; x_wconf 89' lang='lat' dir='ltr'><strong>inﬁnitis</strong></span> <span class='ocrx_word' id='word_1_808' title='bbox 3364 3911 3552 3982; x_wconf 88' lang='lat' dir='ltr'><strong>pugnis</strong></span> <span class='ocrx_word' id='word_1_809' title='bbox 3574 3925 3638 3966; x_wconf 86' lang='lat' dir='ltr'><strong>ac</strong></span> <span class='ocrx_word' id='word_1_810' title='bbox 3663 3911 3801 3967; x_wconf 88' lang='lat' dir='ltr'><strong>rixis</strong></span> 
     </span>
    </p>
   </div>
   <div class='ocr_carea' id='block_1_102' title="bbox 2211 4003 3784 4074">
    <p class='ocr_par' dir='ltr' id='par_1_102' title="bbox 2211 4003 3784 4074">
     <span class='ocr_line' id='line_1_102' title="bbox 2211 4003 3784 4074; baseline -0.001 -14"><span class='ocrx_word' id='word_1_811' title='bbox 2211 4005 2400 4060; x_wconf 88' lang='lat' dir='ltr'><strong>domos</strong></span> <span class='ocrx_word' id='word_1_812' title='bbox 2429 4005 2718 4074; x_wconf 90' lang='lat' dir='ltr'><strong>complent.</strong></span> <span class='ocrx_word' id='word_1_813' title='bbox 2744 4005 2812 4059; x_wconf 85' lang='lat' dir='ltr'><strong>At</strong></span> <span class='ocrx_word' id='word_1_814' title='bbox 2837 4019 2942 4059; x_wconf 90' lang='lat' dir='ltr'><strong>non</strong></span> <span class='ocrx_word' id='word_1_815' title='bbox 2975 4003 3044 4058; x_wconf 88' lang='lat' dir='ltr'><strong>ita</strong></span> <span class='ocrx_word' id='word_1_816' title='bbox 3080 4003 3253 4074; x_wconf 91' lang='lat' dir='ltr'><strong>justus</strong></span> <span class='ocrx_word' id='word_1_817' title='bbox 3279 4003 3368 4058; x_wconf 91' lang='lat' dir='ltr'><strong>ille</strong></span> <span class='ocrx_word' id='word_1_818' title='bbox 3401 4020 3416 4057; x_wconf 92' lang='lat'><strong>:</strong></span> <span class='ocrx_word' id='word_1_819' title='bbox 3443 4003 3538 4058; x_wconf 87' lang='lat' dir='ltr'><strong>sed</strong></span> <span class='ocrx_word' id='word_1_820' title='bbox 3566 4004 3784 4074; x_wconf 87' lang='lat' dir='ltr'><strong>quietus</strong></span> 
     </span>
    </p>
   </div>
   <div class='ocr_carea' id='block_1_103' title="bbox 2212 4093 3799 4160">
    <p class='ocr_par' dir='ltr' id='par_1_103' title="bbox 2212 4093 3799 4160">
     <span class='ocr_line' id='line_1_103' title="bbox 2212 4093 3799 4160; baseline -0.001 -10"><span class='ocrx_word' id='word_1_821' title='bbox 2212 4104 2330 4151; x_wconf 90' lang='lat' dir='ltr'><strong>erat</strong></span> <span class='ocrx_word' id='word_1_822' title='bbox 2351 4095 2474 4149; x_wconf 86' lang='lat' dir='ltr'><strong>data</strong></span> <span class='ocrx_word' id='word_1_823' title='bbox 2505 4094 2605 4148; x_wconf 88' lang='lat' dir='ltr'><strong>sibi</strong></span> <span class='ocrx_word' id='word_1_824' title='bbox 2637 4108 2666 4148; x_wconf 90' lang='lat' dir='ltr'><strong>a</strong></span> <span class='ocrx_word' id='word_1_825' title='bbox 2699 4093 2808 4149; x_wconf 89' lang='lat' dir='ltr'><strong>Deo</strong></span> <span class='ocrx_word' id='word_1_826' title='bbox 2831 4109 2995 4148; x_wconf 83' lang='lat' dir='ltr'><strong>uxore</strong></span> <span class='ocrx_word' id='word_1_827' title='bbox 3021 4102 3326 4160; x_wconf 87' lang='lat' dir='ltr'><strong>contentus,</strong></span> <span class='ocrx_word' id='word_1_828' title='bbox 3363 4108 3426 4148; x_wconf 90' lang='lat' dir='ltr'><strong>ac</strong></span> <span class='ocrx_word' id='word_1_829' title='bbox 3455 4102 3658 4149; x_wconf 71' lang='lat' dir='ltr'><strong>natura:</strong></span> <span class='ocrx_word' id='word_1_830' title='bbox 3685 4093 3799 4150; x_wconf 86' lang='lat' dir='ltr'><strong>Do-</strong></span> 
     </span>
    </p>
   </div>
   <div class='ocr_carea' id='block_1_104' title="bbox 2211 4183 3800 4254">
    <p class='ocr_par' dir='ltr' id='par_1_104' title="bbox 2211 4183 3800 4254">
     <span class='ocr_line' id='line_1_104' title="bbox 2211 4183 3800 4254; baseline 0.002 -16"><span class='ocrx_word' id='word_1_831' title='bbox 2211 4187 2412 4239; x_wconf 90' lang='lat' dir='ltr'><strong>minum</strong></span> <span class='ocrx_word' id='word_1_832' title='bbox 2436 4184 2771 4254; x_wconf 87' lang='lat' dir='ltr'><strong>precabatur,</strong></span> <span class='ocrx_word' id='word_1_833' title='bbox 2797 4193 2852 4238; x_wconf 91' lang='lat' dir='ltr'><strong>ut</strong></span> <span class='ocrx_word' id='word_1_834' title='bbox 2884 4193 3084 4239; x_wconf 69' lang='lat' dir='ltr'><strong>natura:</strong></span> <span class='ocrx_word' id='word_1_835' title='bbox 3105 4183 3316 4239; x_wconf 87' lang='lat' dir='ltr'><strong>vincula</strong></span> <span class='ocrx_word' id='word_1_836' title='bbox 3344 4183 3594 4250; x_wconf 90' lang='lat' dir='ltr'><strong>solveret,</strong></span> <span class='ocrx_word' id='word_1_837' title='bbox 3618 4199 3800 4254; x_wconf 83' lang='lat' dir='ltr'><strong>neque</strong></span> 
     </span>
    </p>
   </div>
   <div class='ocr_carea' id='block_1_105' title="bbox 2212 4272 3798 4345">
    <p class='ocr_par' dir='ltr' id='par_1_105' title="bbox 2212 4272 3798 4345">
     <span class='ocr_line' id='line_1_105' title="bbox 2212 4272 3798 4345; baseline 0.001 -17"><span class='ocrx_word' id='word_1_838' title='bbox 2212 4274 2364 4329; x_wconf 84' lang='lat' dir='ltr'><strong>uxori</strong></span> <span class='ocrx_word' id='word_1_839' title='bbox 2387 4273 2746 4344; x_wconf 88' lang='lat' dir='ltr'><strong>exprobravit.</strong></span> <span class='ocrx_word' id='word_1_840' title='bbox 2771 4272 2926 4330; x_wconf 84' lang='lat' dir='ltr'><strong>Unde</strong></span> <span class='ocrx_word' id='word_1_841' title='bbox 2951 4289 3078 4330; x_wconf 89' lang='lat' dir='ltr'><strong>vero</strong></span> <span class='ocrx_word' id='word_1_842' title='bbox 3104 4283 3313 4329; x_wconf 81' lang='lat' dir='ltr'><strong>conSIat</strong></span> <span class='ocrx_word' id='word_1_843' title='bbox 3335 4289 3456 4330; x_wconf 89' lang='lat' dir='ltr'><strong>eum</strong></span> <span class='ocrx_word' id='word_1_844' title='bbox 3474 4289 3579 4329; x_wconf 89' lang='lat' dir='ltr'><strong>non</strong></span> <span class='ocrx_word' id='word_1_845' title='bbox 3595 4289 3798 4345; x_wconf 86' lang='lat' dir='ltr'><strong>expro-</strong></span> 
     </span>
    </p>
   </div>
   <div class='ocr_carea' id='block_1_106' title="bbox 2212 4365 3795 4437">
    <p class='ocr_par' dir='ltr' id='par_1_106' title="bbox 2212 4365 3795 4437">
     <span class='ocr_line' id='line_1_106' title="bbox 2212 4365 3795 4437; baseline -0.001 -16"><span class='ocrx_word' id='word_1_846' title='bbox 2212 4365 2438 4421; x_wconf 84' lang='lat' dir='ltr'><strong>hrasse?</strong></span> <span class='ocrx_word' id='word_1_847' title='bbox 2478 4366 2556 4420; x_wconf 89' lang='lat' dir='ltr'><strong>Ex</strong></span> <span class='ocrx_word' id='word_1_848' title='bbox 2581 4365 2695 4436; x_wconf 89' lang='lat' dir='ltr'><strong>ipsa</strong></span> <span class='ocrx_word' id='word_1_849' title='bbox 2723 4365 3019 4437; x_wconf 89' lang='lat' dir='ltr'><strong>Scriptura.</strong></span> <span class='ocrx_word' id='word_1_850' title='bbox 3045 4366 3099 4422; x_wconf 91' lang='lat' dir='ltr'><strong>Si</strong></span> <span class='ocrx_word' id='word_1_851' title='bbox 3120 4366 3517 4437; x_wconf 88' lang='lat' dir='ltr'><strong>exprobrasset,</strong></span> <span class='ocrx_word' id='word_1_852' title='bbox 3541 4365 3642 4422; x_wconf 87' lang='lat' dir='ltr'><strong>hoc</strong></span> <span class='ocrx_word' id='word_1_853' title='bbox 3659 4382 3795 4437; x_wconf 90' lang='lat' dir='ltr'><strong>quo-</strong></span> 
     </span>
    </p>
   </div>
   <div class='ocr_carea' id='block_1_107' title="bbox 2210 4457 3793 4530">
    <p class='ocr_par' dir='ltr' id='par_1_107' title="bbox 2210 4457 3793 4530">
     <span class='ocr_line' id='line_1_107' title="bbox 2210 4457 3793 4530; baseline 0.001 -20"><span class='ocrx_word' id='word_1_854' title='bbox 2210 4473 2313 4526; x_wconf 85' lang='lat' dir='ltr'><strong>que</strong></span> <span class='ocrx_word' id='word_1_855' title='bbox 2350 4457 2621 4528; x_wconf 88' lang='lat' dir='ltr'><strong>Scriptura</strong></span> <span class='ocrx_word' id='word_1_856' title='bbox 2643 4457 2887 4523; x_wconf 85' lang='lat' dir='ltr'><strong>dixisset,</strong></span> <span class='ocrx_word' id='word_1_857' title='bbox 2913 4474 3087 4529; x_wconf 91' lang='lat' dir='ltr'><strong>neque</strong></span> <span class='ocrx_word' id='word_1_858' title='bbox 3125 4459 3376 4514; x_wconf 89' lang='lat' dir='ltr'><strong>tacuisset</strong></span> <span class='ocrx_word' id='word_1_859' title='bbox 3401 4476 3414 4513; x_wconf 91' lang='lat'><strong>:</strong></span> <span class='ocrx_word' id='word_1_860' title='bbox 3444 4459 3706 4530; x_wconf 88' lang='lat' dir='ltr'><strong>siquidem</strong></span> <span class='ocrx_word' id='word_1_861' title='bbox 3737 4468 3793 4512; x_wconf 88' lang='lat' dir='ltr'><strong>et</strong></span> 
     </span>
    </p>
   </div>
   <div class='ocr_carea' id='block_1_108' title="bbox 2211 4552 3795 4622">
    <p class='ocr_par' dir='ltr' id='par_1_108' title="bbox 2211 4552 3795 4622">
     <span class='ocr_line' id='line_1_108' title="bbox 2211 4552 3795 4622; baseline -0.001 -16"><span class='ocrx_word' id='word_1_862' title='bbox 2211 4552 2465 4622; x_wconf 64' lang='lat' dir='ltr'><strong>praeclara</strong></span> <span class='ocrx_word' id='word_1_863' title='bbox 2497 4552 2753 4620; x_wconf 90' lang='lat' dir='ltr'><strong>facinora,</strong></span> <span class='ocrx_word' id='word_1_864' title='bbox 2781 4559 2837 4607; x_wconf 90' lang='lat' dir='ltr'><strong>et</strong></span> <span class='ocrx_word' id='word_1_865' title='bbox 2866 4552 2990 4607; x_wconf 90' lang='lat' dir='ltr'><strong>vitia</strong></span> <span class='ocrx_word' id='word_1_866' title='bbox 3010 4553 3281 4622; x_wconf 88' lang='lat' dir='ltr'><strong>justorum</strong></span> <span class='ocrx_word' id='word_1_867' title='bbox 3307 4561 3710 4616; x_wconf 88' lang='lat' dir='ltr'><strong>commemorat,</strong></span> <span class='ocrx_word' id='word_1_868' title='bbox 3735 4561 3795 4605; x_wconf 89' lang='lat' dir='ltr'><strong>ut</strong></span> 
     </span>
    </p>
   </div>
   <div class='ocr_carea' id='block_1_109' title="bbox 2212 4643 3796 4715">
    <p class='ocr_par' dir='ltr' id='par_1_109' title="bbox 2212 4643 3796 4715">
     <span class='ocr_line' id='line_1_109' title="bbox 2212 4643 3796 4715; baseline 0 -17"><span class='ocrx_word' id='word_1_869' title='bbox 2212 4645 2327 4701; x_wconf 67' lang='lat' dir='ltr'><strong>haec</strong></span> <span class='ocrx_word' id='word_1_870' title='bbox 2356 4645 2640 4714; x_wconf 80' lang='lat' dir='ltr'><strong>fugiamus,</strong></span> <span class='ocrx_word' id='word_1_871' title='bbox 2667 4645 2752 4699; x_wconf 89' lang='lat' dir='ltr'><strong>illa</strong></span> <span class='ocrx_word' id='word_1_872' title='bbox 2774 4645 3120 4700; x_wconf 69' lang='lat' dir='ltr'><strong>temulemur.</strong></span> <span class='ocrx_word' id='word_1_873' title='bbox 3142 4645 3276 4699; x_wconf 90' lang='lat' dir='ltr'><strong>Cum</strong></span> <span class='ocrx_word' id='word_1_874' title='bbox 3294 4645 3448 4715; x_wconf 87' lang='lat' dir='ltr'><strong>igitur</strong></span> <span class='ocrx_word' id='word_1_875' title='bbox 3466 4643 3608 4713; x_wconf 90' lang='lat' dir='ltr'><strong>apud</strong></span> <span class='ocrx_word' id='word_1_876' title='bbox 3628 4644 3796 4698; x_wconf 89' lang='lat' dir='ltr'><strong>ﬁlium</strong></span> 
     </span>
    </p>
   </div>
   <div class='ocr_carea' id='block_1_110' title="bbox 2211 4734 3794 4807">
    <p class='ocr_par' dir='ltr' id='par_1_110' title="bbox 2211 4734 3794 4807">
     <span class='ocr_line' id='line_1_110' title="bbox 2211 4734 3794 4807; baseline -0.003 -16"><span class='ocrx_word' id='word_1_877' title='bbox 2211 4737 2326 4807; x_wconf 87' lang='lat' dir='ltr'><strong>ejus</strong></span> <span class='ocrx_word' id='word_1_878' title='bbox 2353 4753 2518 4791; x_wconf 89' lang='lat' dir='ltr'><strong>nurus</strong></span> <span class='ocrx_word' id='word_1_879' title='bbox 2546 4736 2716 4806; x_wconf 91' lang='lat' dir='ltr'><strong>ipsius</strong></span> <span class='ocrx_word' id='word_1_880' title='bbox 2744 4736 2942 4791; x_wconf 82' lang='lat' dir='ltr'><strong>Rachel</strong></span> <span class='ocrx_word' id='word_1_881' title='bbox 2973 4735 3376 4801; x_wconf 88' lang='lat' dir='ltr'><strong>lamentaretur,</strong></span> <span class='ocrx_word' id='word_1_882' title='bbox 3417 4745 3469 4790; x_wconf 89' lang='lat' dir='ltr'><strong>et</strong></span> <span class='ocrx_word' id='word_1_883' title='bbox 3495 4735 3582 4790; x_wconf 89' lang='lat' dir='ltr'><strong>ille</strong></span> <span class='ocrx_word' id='word_1_884' title='bbox 3607 4734 3794 4804; x_wconf 84' lang='lat' dir='ltr'><strong>objur-</strong></span> 
     </span>
    </p>
   </div>
   <div class='ocr_carea' id='block_1_111' title="bbox 2210 4825 3794 4899">
    <p class='ocr_par' dir='ltr' id='par_1_111' title="bbox 2210 4825 3794 4899">
     <span class='ocr_line' id='line_1_111' title="bbox 2210 4825 3794 4899; baseline -0.001 -18"><span class='ocrx_word' id='word_1_885' title='bbox 2210 4837 2379 4899; x_wconf 85' lang='lat' dir='ltr'><strong>garet,</strong></span> <span class='ocrx_word' id='word_1_886' title='bbox 2400 4827 2671 4897; x_wconf 80' lang='lat' dir='ltr'><strong>expressit</strong></span> <span class='ocrx_word' id='word_1_887' title='bbox 2687 4835 2992 4896; x_wconf 86' lang='lat' dir='ltr'><strong>utrumque,</strong></span> <span class='ocrx_word' id='word_1_888' title='bbox 3021 4841 3118 4882; x_wconf 88' lang='lat' dir='ltr'><strong>nec</strong></span> <span class='ocrx_word' id='word_1_889' title='bbox 3138 4826 3329 4881; x_wconf 91' lang='lat' dir='ltr'><strong>celavit</strong></span> <span class='ocrx_word' id='word_1_890' title='bbox 3346 4825 3638 4895; x_wconf 90' lang='lat' dir='ltr'><strong>Scriptura.</strong></span> <span class='ocrx_word' id='word_1_891' title='bbox 3660 4828 3794 4879; x_wconf 82' lang='lat' dir='ltr'><strong>Cum</strong></span> 
     </span>
    </p>
   </div>
   <div class='ocr_carea' id='block_1_112' title="bbox 2211 4914 3797 4982">
    <p class='ocr_par' dir='ltr' id='par_1_112' title="bbox 2211 4914 3797 4982">
     <span class='ocr_line' id='line_1_112' title="bbox 2211 4914 3797 4982; baseline -0.004 -7"><span class='ocrx_word' id='word_1_892' title='bbox 2211 4921 2352 4976; x_wconf 84' lang='lat' dir='ltr'><strong>enim</strong></span> <span class='ocrx_word' id='word_1_893' title='bbox 2379 4914 2601 4975; x_wconf 78' lang='lat' dir='ltr'><strong>dixisSet</strong></span> <span class='ocrx_word' id='word_1_894' title='bbox 2630 4937 2643 4973; x_wconf 91' lang='lat'><strong>:</strong></span> <span class='ocrx_word' id='word_1_895' title='bbox 2666 4918 2748 4974; x_wconf 88' lang='lat' dir='ltr'><strong>Da</strong></span> <span class='ocrx_word' id='word_1_896' title='bbox 2775 4919 2900 4972; x_wconf 83' lang='lat' dir='ltr'><strong>mihi</strong></span> <span class='ocrx_word' id='word_1_897' title='bbox 2921 4920 3103 4974; x_wconf 79' lang='lat' dir='ltr'><strong>liberos</strong></span> <span class='ocrx_word' id='word_1_898' title='bbox 3123 4935 3141 4972; x_wconf 90' lang='lat'><strong>:</strong></span> <span class='ocrx_word' id='word_1_899' title='bbox 3159 4919 3202 4973; x_wconf 89' lang='lat' dir='ltr'><strong>si</strong></span> <span class='ocrx_word' id='word_1_900' title='bbox 3226 4927 3392 4971; x_wconf 89' lang='lat' dir='ltr'><strong>autem</strong></span> <span class='ocrx_word' id='word_1_901' title='bbox 3413 4933 3536 4982; x_wconf 90' lang='lat' dir='ltr'><strong>non,</strong></span> <span class='ocrx_word' id='word_1_902' title='bbox 3561 4917 3757 4970; x_wconf 75' lang='lat' dir='ltr'><strong>moriar</strong></span> <span class='ocrx_word' id='word_1_903' title='bbox 3778 4934 3797 4970; x_wconf 91' lang='lat'><strong>:</strong></span> 
     </span>
    </p>
   </div>
   <div class='ocr_carea' id='block_1_113' title="bbox 2209 5011 3797 5083">
    <p class='ocr_par' dir='ltr' id='par_1_113' title="bbox 2209 5011 3797 5083">
     <span class='ocr_line' id='line_1_113' title="bbox 2209 5011 3797 5083; baseline -0.004 -14"><span class='ocrx_word' id='word_1_904' title='bbox 2209 5015 2334 5082; x_wconf 87' lang='lat' dir='ltr'><strong>quid</strong></span> <span class='ocrx_word' id='word_1_905' title='bbox 2359 5014 2448 5069; x_wconf 90' lang='lat' dir='ltr'><strong>ille</strong></span> <span class='ocrx_word' id='word_1_906' title='bbox 2472 5015 2581 5068; x_wconf 88' lang='lat' dir='ltr'><strong>ait?</strong></span> <span class='ocrx_word' id='word_1_907' title='bbox 2605 5013 2867 5081; x_wconf 86' lang='lat' dir='ltr'><strong>Numquid</strong></span> <span class='ocrx_word' id='word_1_908' title='bbox 2895 5011 3035 5067; x_wconf 88' lang='lat' dir='ltr'><strong>Deus</strong></span> <span class='ocrx_word' id='word_1_909' title='bbox 3065 5028 3175 5083; x_wconf 88' lang='lat' dir='ltr'><strong>ego,</strong></span> <span class='ocrx_word' id='word_1_910' title='bbox 3202 5011 3289 5080; x_wconf 88' lang='lat' dir='ltr'><strong>qui</strong></span> <span class='ocrx_word' id='word_1_911' title='bbox 3316 5011 3528 5079; x_wconf 81' lang='lat' dir='ltr'><strong>priuauit</strong></span> <span class='ocrx_word' id='word_1_912' title='bbox 3553 5019 3602 5062; x_wconf 90' lang='lat' dir='ltr'><strong>te</strong></span> <span class='ocrx_word' id='word_1_913' title='bbox 3626 5013 3797 5080; x_wconf 78' lang='lat' dir='ltr'><strong>fructu</strong></span> 
     </span>
    </p>
   </div>
   <div class='ocr_carea' id='block_1_114' title="bbox 2210 5094 3786 5171">
    <p class='ocr_par' dir='ltr' id='par_1_114' title="bbox 2210 5094 3786 5171">
     <span class='ocr_line' id='line_1_114' title="bbox 2210 5094 3786 5171; baseline -0.005 -12"><span class='ocrx_word' id='word_1_914' title='bbox 2210 5105 2432 5160; x_wconf 83' lang='lat' dir='ltr'><strong>ventris?</strong></span> <span class='ocrx_word' id='word_1_915' title='bbox 2479 5104 2559 5158; x_wconf 87' lang='lat' dir='ltr'><strong>Da</strong></span> <span class='ocrx_word' id='word_1_916' title='bbox 2602 5104 2722 5157; x_wconf 80' lang='lat' dir='ltr'><strong>milii</strong></span> <span class='ocrx_word' id='word_1_917' title='bbox 2770 5103 2950 5158; x_wconf 85' lang='lat' dir='ltr'><strong>liberos</strong></span> <span class='ocrx_word' id='word_1_918' title='bbox 3006 5094 3153 5171; x_wconf 81' lang='lat' dir='ltr'><strong>(Gen.</strong></span> <span class='ocrx_word' id='word_1_919' title='bbox 3185 5101 3274 5156; x_wconf 77' lang='lat'><strong>50.</strong></span> <span class='ocrx_word' id='word_1_920' title='bbox 3309 5101 3361 5153; x_wconf 84' lang='grc'><strong>1.</strong></span> <span class='ocrx_word' id='word_1_921' title='bbox 3401 5098 3480 5170; x_wconf 72' lang='grc'><strong>2).</strong></span> <span class='ocrx_word' id='word_1_922' title='bbox 3510 5099 3786 5154; x_wconf 83' lang='lat' dir='ltr'><strong>Muliebris</strong></span> 
     </span>
    </p>
   </div>
   <div class='ocr_carea' id='block_1_115' title="bbox 2213 5189 3793 5266">
    <p class='ocr_par' dir='ltr' id='par_1_115' title="bbox 2213 5189 3793 5266">
     <span class='ocr_line' id='line_1_115' title="bbox 2213 5189 3793 5266; baseline -0.005 -16"><span class='ocrx_word' id='word_1_923' title='bbox 2213 5197 2513 5266; x_wconf 90' lang='lat' dir='ltr'><strong>postulatio,</strong></span> <span class='ocrx_word' id='word_1_924' title='bbox 2540 5203 2594 5250; x_wconf 90' lang='lat' dir='ltr'><strong>ct</strong></span> <span class='ocrx_word' id='word_1_925' title='bbox 2622 5210 2652 5249; x_wconf 90' lang='lat' dir='ltr'><strong>a</strong></span> <span class='ocrx_word' id='word_1_926' title='bbox 2682 5195 2888 5250; x_wconf 85' lang='lat' dir='ltr'><strong>ratione</strong></span> <span class='ocrx_word' id='word_1_927' title='bbox 2916 5194 3108 5248; x_wconf 85' lang='lat' dir='ltr'><strong>aliena.</strong></span> <span class='ocrx_word' id='word_1_928' title='bbox 3150 5191 3339 5246; x_wconf 82' lang='lat' dir='ltr'><strong>Marito</strong></span> <span class='ocrx_word' id='word_1_929' title='bbox 3366 5190 3524 5257; x_wconf 88' lang='lat' dir='ltr'><strong>dicis,</strong></span> <span class='ocrx_word' id='word_1_930' title='bbox 3559 5189 3643 5243; x_wconf 87' lang='lat' dir='ltr'><strong>Da</strong></span> <span class='ocrx_word' id='word_1_931' title='bbox 3667 5190 3793 5243; x_wconf 70' lang='lat' dir='ltr'><strong>milii</strong></span> 
     </span>
    </p>
   </div>
   <div class='ocr_carea' id='block_1_116' title="bbox 2212 5279 3797 5352">
    <p class='ocr_par' dir='ltr' id='par_1_116' title="bbox 2212 5279 3797 5352">
     <span class='ocr_line' id='line_1_116' title="bbox 2212 5279 3797 5352; baseline -0.006 -11"><span class='ocrx_word' id='word_1_932' title='bbox 2212 5287 2413 5352; x_wconf 88' lang='lat' dir='ltr'><strong>liberos,</strong></span> <span class='ocrx_word' id='word_1_933' title='bbox 2435 5295 2489 5341; x_wconf 92' lang='lat' dir='ltr'><strong>et</strong></span> <span class='ocrx_word' id='word_1_934' title='bbox 2518 5296 2720 5339; x_wconf 74' lang='lat' dir='ltr'><strong>naturm</strong></span> <span class='ocrx_word' id='word_1_935' title='bbox 2748 5284 3031 5338; x_wconf 89' lang='lat' dir='ltr'><strong>Dominum</strong></span> <span class='ocrx_word' id='word_1_936' title='bbox 3077 5280 3478 5352; x_wconf 67' lang='lat' dir='ltr'><strong>praetermittis?</strong></span> <span class='ocrx_word' id='word_1_937' title='bbox 3510 5279 3715 5334; x_wconf 86' lang='lat' dir='ltr'><strong>Idcirco</strong></span> <span class='ocrx_word' id='word_1_938' title='bbox 3745 5289 3797 5333; x_wconf 85' lang='lat' dir='ltr'><strong>et</strong></span> 
     </span>
    </p>
   </div>
   <div class='ocr_carea' id='block_1_117' title="bbox 2212 5371 3798 5447">
    <p class='ocr_par' dir='ltr' id='par_1_117' title="bbox 2212 5371 3798 5447">
     <span class='ocr_line' id='line_1_117' title="bbox 2212 5371 3798 5447; baseline -0.008 -12"><span class='ocrx_word' id='word_1_939' title='bbox 2212 5381 2301 5435; x_wconf 88' lang='lat' dir='ltr'><strong>ille</strong></span> <span class='ocrx_word' id='word_1_940' title='bbox 2323 5394 2446 5433; x_wconf 92' lang='lat' dir='ltr'><strong>cum</strong></span> <span class='ocrx_word' id='word_1_941' title='bbox 2469 5379 2610 5432; x_wconf 90' lang='lat' dir='ltr'><strong>illam</strong></span> <span class='ocrx_word' id='word_1_942' title='bbox 2633 5376 2959 5447; x_wconf 89' lang='lat' dir='ltr'><strong>increpando</strong></span> <span class='ocrx_word' id='word_1_943' title='bbox 2981 5373 3361 5444; x_wconf 86' lang='lat' dir='ltr'><strong>respondisset,</strong></span> <span class='ocrx_word' id='word_1_944' title='bbox 3379 5371 3666 5427; x_wconf 84' lang='lat' dir='ltr'><strong>absurdam</strong></span> <span class='ocrx_word' id='word_1_945' title='bbox 3681 5373 3798 5440; x_wconf 89' lang='lat' dir='ltr'><strong>ejus</strong></span> 
     </span>
    </p>
   </div>
   <div class='ocr_carea' id='block_1_118' title="bbox 2213 5463 3793 5542">
    <p class='ocr_par' dir='ltr' id='par_1_118' title="bbox 2213 5463 3793 5542">
     <span class='ocr_line' id='line_1_118' title="bbox 2213 5463 3793 5542; baseline -0.008 -16"><span class='ocrx_word' id='word_1_946' title='bbox 2213 5472 2519 5542; x_wconf 90' lang='lat' dir='ltr'><strong>petitionem</strong></span> <span class='ocrx_word' id='word_1_947' title='bbox 2545 5469 2820 5538; x_wconf 85' lang='lat' dir='ltr'><strong>repressit,</strong></span> <span class='ocrx_word' id='word_1_948' title='bbox 2845 5477 2899 5522; x_wconf 88' lang='lat' dir='ltr'><strong>et</strong></span> <span class='ocrx_word' id='word_1_949' title='bbox 2916 5482 2946 5520; x_wconf 91' lang='lat' dir='ltr'><strong>a</strong></span> <span class='ocrx_word' id='word_1_950' title='bbox 2967 5481 3070 5537; x_wconf 90' lang='lat' dir='ltr'><strong>quo</strong></span> <span class='ocrx_word' id='word_1_951' title='bbox 3090 5465 3372 5536; x_wconf 90' lang='lat' dir='ltr'><strong>petendum</strong></span> <span class='ocrx_word' id='word_1_952' title='bbox 3389 5472 3536 5520; x_wconf 89' lang='lat' dir='ltr'><strong>esset</strong></span> <span class='ocrx_word' id='word_1_953' title='bbox 3554 5463 3793 5518; x_wconf 87' lang='lat' dir='ltr'><strong>edocuit.</strong></span> 
     </span>
    </p>
   </div>
   <div class='ocr_carea' id='block_1_119' title="bbox 2211 5552 3797 5628">
    <p class='ocr_par' dir='ltr' id='par_1_119' title="bbox 2211 5552 3797 5628">
     <span class='ocr_line' id='line_1_119' title="bbox 2211 5552 3797 5628; baseline -0.006 -11"><span class='ocrx_word' id='word_1_954' title='bbox 2211 5556 2421 5618; x_wconf 38' lang='lat' dir='ltr'><strong>At-non</strong></span> <span class='ocrx_word' id='word_1_955' title='bbox 2466 5562 2535 5615; x_wconf 90' lang='lat' dir='ltr'><strong>ita</strong></span> <span class='ocrx_word' id='word_1_956' title='bbox 2567 5560 2689 5624; x_wconf 91' lang='lat' dir='ltr'><strong>istc,</strong></span> <span class='ocrx_word' id='word_1_957' title='bbox 2718 5573 2889 5628; x_wconf 87' lang='lat' dir='ltr'><strong>neque</strong></span> <span class='ocrx_word' id='word_1_958' title='bbox 2922 5558 3023 5612; x_wconf 90' lang='lat' dir='ltr'><strong>tale</strong></span> <span class='ocrx_word' id='word_1_959' title='bbox 3058 5555 3344 5626; x_wconf 89' lang='lat' dir='ltr'><strong>quidquam</strong></span> <span class='ocrx_word' id='word_1_960' title='bbox 3382 5555 3497 5623; x_wconf 89' lang='lat' dir='ltr'><strong>ipse</strong></span> <span class='ocrx_word' id='word_1_961' title='bbox 3524 5552 3680 5619; x_wconf 77' lang='lat' dir='ltr'><strong>dixit,</strong></span> <span class='ocrx_word' id='word_1_962' title='bbox 3712 5567 3797 5608; x_wconf 60' lang='lat' dir='ltr'><strong>ne</strong></span> 
     </span>
    </p>
   </div>
   <div class='ocr_carea' id='block_1_120' title="bbox 2212 5645 3648 5726">
    <p class='ocr_par' dir='ltr' id='par_1_120' title="bbox 2212 5645 3648 5726">
     <span class='ocr_line' id='line_1_120' title="bbox 2212 5645 3648 5726; baseline -0.007 -22"><span class='ocrx_word' id='word_1_963' title='bbox 2212 5671 2315 5726; x_wconf 87' lang='lat' dir='ltr'><strong>que</strong></span> <span class='ocrx_word' id='word_1_964' title='bbox 2340 5652 2479 5723; x_wconf 86' lang='lat' dir='ltr'><strong>apud</strong></span> <span class='ocrx_word' id='word_1_965' title='bbox 2505 5654 2662 5708; x_wconf 89' lang='lat' dir='ltr'><strong>istum</strong></span> <span class='ocrx_word' id='word_1_966' title='bbox 2690 5651 2774 5705; x_wconf 89' lang='lat' dir='ltr'><strong>illa</strong></span> <span class='ocrx_word' id='word_1_967' title='bbox 2802 5656 3090 5718; x_wconf 85' lang='lat' dir='ltr'><strong>conquesta</strong></span> <span class='ocrx_word' id='word_1_968' title='bbox 3111 5657 3193 5702; x_wconf 85' lang='lat' dir='ltr'><strong>est</strong></span> <span class='ocrx_word' id='word_1_969' title='bbox 3221 5656 3310 5701; x_wconf 89' lang='lat' dir='ltr'><strong>aut</strong></span> <span class='ocrx_word' id='word_1_970' title='bbox 3334 5645 3648 5700; x_wconf 88' lang='lat' dir='ltr'><strong>lamentata.</strong></span> 
     </span>
    </p>
   </div>
   <div class='ocr_carea' id='block_1_121' title="bbox 2295 5732 3798 5815">
    <p class='ocr_par' dir='ltr' id='par_1_121' title="bbox 2295 5732 3798 5815">
     <span class='ocr_line' id='line_1_121' title="bbox 2295 5732 3798 5815; baseline -0.009 -16"><span class='ocrx_word' id='word_1_971' title='bbox 2295 5745 2429 5814; x_wconf 83' lang='lat' dir='ltr'><strong>Quid</strong></span> <span class='ocrx_word' id='word_1_972' title='bbox 2459 5745 2698 5815; x_wconf 71' lang='lat' dir='ltr'><strong>prwdicta</strong></span> <span class='ocrx_word' id='word_1_973' title='bbox 2715 5758 2804 5798; x_wconf 84' lang='lat' dir='ltr'><strong>nos</strong></span> <span class='ocrx_word' id='word_1_974' title='bbox 2828 5742 3055 5796; x_wconf 83' lang='lat' dir='ltr'><strong>doceant.</strong></span> <span class='ocrx_word' id='word_1_975' title='bbox 3079 5740 3123 5794; x_wconf 80' lang='grc' dir='ltr'><em>Α</em></span> <span class='ocrx_word' id='word_1_976' title='bbox 3148 5739 3398 5810; x_wconf 74' lang='lat' dir='ltr'><strong>ueneﬁciis</strong></span> <span class='ocrx_word' id='word_1_977' title='bbox 3412 5749 3569 5804; x_wconf 84' lang='lat' dir='ltr'><strong>atque</strong></span> <span class='ocrx_word' id='word_1_978' title='bbox 3585 5732 3798 5803; x_wconf 72' lang='lat' dir='ltr'><strong>prwsti-</strong></span> 
     </span>
    </p>
   </div>
  </div>
