4060 6260
284 410 386 469 567

277 526 348 598 μὴ
373 523 646 594 ἀπογνῷς,
675 523 776 577 κᾶν
810 521 1018 586 δίκαιος
1055 518 1143 595 ᾖς,
1178 521 1254 594 μὴ
1279 519 1546 592 ἐπαρθῇς.
1583 519 1735 590 [557]
1772 521 1854 574 Οὐ

271 611 482 679 χρείαν
509 609 764 676 ἔχουσιν
793 609 844 660 οἱ
880 607 1197 674 ἰσχύοντες·
1231 603 1454 670 ίιιτροῦ,
1489 602 1626 658 ἀλλ’
1663 605 1718 655 οί
1749 619 1855 655 κα-

270 693 388 760 κῶς
433 694 701 760 ἔχοντες.
759 688 960 752 Κακῶς
1009 684 1153 759 εἶχεν
1199 689 1226 740 6
1271 685 1545 758 τελώνης·
1575 684 1666 739 διὰ
1701 685 1858 738 τοῦτο

270 777 481 847 ταχέως
515 773 665 844 αὐτῷ
698 772 868 844 ὤρεξε
896 775 1086 842 χεῖρα·
1125 772 1152 824 ὁ
1187 771 1243 824 δὲ
1289 770 1474 824 Ἰσαὰκ
1513 770 1858 840 ἰσχυρότερος

270 857 356 932 ἦν,
385 860 478 912 καὶ
505 858 596 912 διὰ
621 858 782 912 τοῦτο
809 856 974 908 αὐτὸν
1005 855 1208 918 εἴασεν,
1239 855 1324 908 ἵνα
1345 852 1508 906 αὐτοῦ
1533 852 1628 919 τὴν
1655 853 1859 922 ὑπομο-

270 931 366 1012 νὴν
405 940 675 1012 ἐπιτείνῃ.
721 939 858 992 Ἀλλ’
892 931 1046 1000 οὗτος
1081 935 1180 1006 μὲν
1224 939 1289 989 ἐκ
1330 933 1645 1007 περιουσίας
1673 936 1803 1012 ἡμῖν
1831 934 1858 986 6

269 1010 422 1092 λόγος
463 1010 722 1092 εἰρήσθω.
760 1020 916 1083 Τίνος
960 1019 1016 1072 δὲ
1055 1019 1240 1071 ἕνεκεν
1286 1019 1318 1088 ὴ
1364 1015 1496 1084 γυνὴ
1539 1010 1853 1087 στεῖραοῆν,

265 1109 564 1176 ἀναγκαῖον
614 1105 813 1168 εἰπεῖν,
853 1104 942 1170 ἵν’,
992 1101 1122 1156 ὅταν
1166 1101 1279 1170 ἴδῃς
1329 1099 1602 1170 Παρθένον
1645 1099 1856 1169 μητέρα

265 1189 580 1260 γινομένην,
614 1188 689 1258 μὴ
730 1187 1070 1256 ἀπιστήσῃς·
1109 1183 1196 1246 ἵν’,
1231 1183 1358 1234 ὅταν
1385 1183 1514 1252 εἴπῃ
1545 1197 1627 1233 σοι
1654 1183 1682 1233 6
1725 1182 1856 1233 'Iou-

266 1275 434 1338 δαῖος,
463 1273 588 1336 Πῶς
617 1271 802 1325 ἔτεκεν
831 1273 864 1339 ἡ
891 1269 1111 1340 Μαρία;
1143 1268 1303 1336 εἴπῃς
1331 1265 1503 1335 αὐτῷ,
1527 1265 1651 1326 Πῶς
1670 1264 1855 1319 ἔτεκεν

267 1357 301 1426 ὴ
340 1357 529 1428 Σάρρα
554 1395 568 1420 ,
606 1354 700 1408 καὶ
747 1355 780 1424 ἡ
845 1352 1148 1409 Ῥεϐέκκα,
1185 1349 1279 1402 καὶ
1329 1349 1362 1418 ἡ
1415 1345 1648 1418 Ῥαχήλε
1686 1347 1854 1400 Ὅταν

264 1443 371 1510 7&9
409 1439 582 1511 μέλλῃ
612 1455 664 1491 τι
699 1435 1014 1508 θαυμαστὸν
1043 1434 1138 1488 καὶ
1171 1433 1314 1502 μέγα
1355 1430 1603 1500 γίνεσθαι
1644 1429 1850 1500 θαῦμα,

263 1523 451 1577 πολλοὶ¹
502 1520 866 1594 προτρέχουσι
908 1518 1089 1572 τύποι.
1139 1517 1250 1569 Καὶ
1291 1515 1544 1586 καθάπερ
1593 1513 1854 1584 βασιλέως

271 1609 558 1670 εἰσιόντος,
593 1605 953 1677 προτρέχουσι
991 1600 1337 1672 στρατιῶται,
1372 1597 1510 1650 ὥστε
1547 1597 1620 1668 μὴ
1660 1595 1854 1666 ἀθρόον

262 1689 777 1761 ἀπαρασκευάστους
832 1683 1084 1749 δέξασθαι
1131 1681 1222 1735 τὸν
1274 1679 1533 1750 βασιλέα·
1581 1677 1722 1732 οὕτω
1760 1680 1854 1733 καλ⁹

262 1772 543 1844 θαύματος
598 1768 883 1840 μέλλοντος
935 1764 1181 1835 γίνεσθαι
1240 1763 1568 1836 παραδόξου,
1620 1763 1854 1834 προτρέ-

259 1872 415 1926 χουσι
459 1853 618 1907 τύποι
638 1892 653 1916 ,
688 1851 830 1905 ὥστε
861 1852 1009 1922 ἡμᾶς
1037 1847 1550 1919 προμελετήσαντας
1580 1847 1653 1918 μὴ
1683 1864 1852 1899 κατα-

263 1939 544 2009 πλαγῆναι
587 1935 806 2006 ἀθρόον,
845 1933 982 2004 μηδὲ
1029 1933 1290 1996 ἐκστῆναι
1324 1930 1400 1999 τῷ
1438 1929 1725 2000 παραδόξῳ
1755 1928 1850 1982 τοῦ

257 2020 570 2092 γινομένου.
599 2017 776 2071 Τοῦτο
815 2017 912 2069 καὶ
957 2014 1050 2068 ἐπὶ
1081 2012 1175 2066 τοῦ
1209 2011 1464 2067 θανάτου.
1500 2011 1852 2082 Προέδραμεν

271 2104 460 2166 Ἰωνᾶς
480 2143 498 2170 ,
527 2102 622 2154 καὶ
649 2100 960 2171 ἐγύμνασεν.
988 2095 1146 2168 ἡμῶν
1171 2096 1268 2167 τὴν
1297 2095 1553 2148 διάνοιαν.
1583 2093 1850 2165 Καθάπερ

257 2185 370 2257 7&9
408 2187 622 2238 ἐκεῖνον
653 2183 792 2254 μετά
823 2181 973 2252 τρεῖς
1019 2177 1232 2250 ἡμέρας
1274 2176 1336 2230 τὸ
1363 2176 1528 2246 κῆτος
1562 2176 1769 2248 ἤμεσεν
1797 2186 1848 2242 α,

255 2270 357 2338 οὐχ
381 2268 542 2339 εὐρὺν
569 2268 628 2319 έν
661 2263 811 2335 αὐτῷ
837 2264 936 2334 τὴν
967 2261 1172 2316 οίκείαν
1215 2257 1419 2330 τροφὴν
1455 2259 1548 2312 καὶ
1577 2258 1847 2328 κατάλλη-

257 2350 347 2405 λον
374 2369 389 2383 ·
417 2351 598 2404 οἰκεία.
629 2349 738 2420 7&9
766 2345 942 2418 τροφὴ
983 2345 1077 2398 καὶ
1117 2341 1452 2413 κατάλληλος
1488 2339 1719 2396 Θανάτου
1749 2342 1850 2412 τῆς

257 2434 533 2506 ἁμαρτίας
548 2435 582 2504 ὴ
597 2433 776 2502 φύσις·
795 2425 1269 2506 ἐντεῦθενέτέχοη,
1285 2423 1531 2478 ἐντεῦθεν
1551 2424 1845 2497 ἐριζώθη,

256 2503 508 2570 ἐντεῦθεν
529 2503 914 2586 καὶτρέφεται.
938 2510 1198 2578 Καθάπερ
1211 2503 1312 2560 οὖν.
1329 2509 1413 2576 ἐφ’
1434 2506 1612 2578 ἡμῶν,
1631 2505 1849 2559 ἐπειδὰν

255 2599 406 2652 λίθον
431 2597 788 2668 καταπίωμεν
809 2595 908 2649 οὐκ
934 2593 1134 2656 εἰδότες
1155 2631 1169 2656 ,
1195 2591 1316 2644 τότε
1353 2589 1450 2660 μὲν
1487 2589 1703 2660 πρῶτον
1729 2590 1850 2641 ὲπι-

255 2684 440 2754 χειρεῖ
463 2681 628 2749 πέψαι
660 2679 849 2732 τοῦτον
877 2681 918 2750 ἡ
935 2676 1034 2754 τοῦ
1059 2673 1330 2743 στομάχου
1360 2672 1609 2742 δύναμις·
1629 2672 1848 2726 ἐπειδὰν

254 2765 313 2816 δὲ
337 2753 476 2834 ε’ύρῃ
497 2761 784 2832 ἀλλοτρίαν
811 2757 960 2828 αὐτῷ
979 2753 1142 2808 οὖσαν
1171 2756 1396 2826 τροφὴν,
1417 2755 1728 2824 ὁμιλήσασα
1757 2756 1850 2807 ἐπὶ

256 2845 423 2898 πλέον
475 2842 621 2914 αὐτῴ
669 2845 735 2912 τῇ
789 2841 1026 2909 πεπτικῇ
1079 2837 1330 2906 δυνάμει,
1386 2837 1596 2888 ἐκεῖνον
1634 2835 1734 2905 μὲν
1785 2836 1845 2888 οὐ

255 2930 584 3002 διαφθείρει,
615 2928 712 3000 τὴν
735 2927 792 2980 δὲ
821 2926 1020 2994 ἑαυτῆς
1046 2923 1342 2976 ἀπόλλυσιν
1377 2923 1550 2992 ἰσχὺν,
1576 2921 1697 2974 ὅθεν
1724 2921 1848 2974 οὐδὲ

254 3015 358 3086 τὴν
401 3013 668 3086 προτέραν
705 3011 925 3065 δύναται
977 3007 1226 3076 κατέχειν
1258 3005 1498 3076 τροφὴν,
1546 3005 1683 3059 ἀλλά
1725 3006 1845 3059 ἀτο-

255 3099 472 3162 νήσασα
501 3095 760 3166 κάκείνην
801 3092 954 3162 αὐτῷ
990 3090 1274 3158 συνεξεμεῖ
1320 3090 1456 3160 μετά
1505 3089 1706 3160 πολλῆς
1749 3090 1847 3160 τῆς

257 3181 480 3251 ὀδύνης·
526 3178 668 3232 οὓτω
703 3179 797 3232 καὶ
830 3177 924 3229 ἐπὶ
953 3175 1048 3228 τοῦ
1090 3173 1324 3228 θανάτου
1356 3174 1564 3243 γέγονε.
1603 3174 1846 3228 Κατέπιε

253 3264 350 3316 τὸν
381 3262 526 3316 λίθον
556 3263 650 3316 τὸν
689 3261 1087 3332 ἀκρογωνιαῖον
1108 3297 1124 3322 ,
1167 3259 1262 3310 καὶ
1302 3259 1404 3310 οὐκ
1434 3257 1650 3328 ἴσχυσεν
1685 3258 1847 3310 αὑτὸν

253 3345 430 3415 πέψαι
451 3362 463 3374 ·
496 3345 790 3414 ἠσθένησεν
825 3341 990 3396 αὐτοῦ
1022 3343 1172 3394 πᾶσα
1210 3342 1242 3409 ἡ
1277 3339 1506 3410 δύναμις
1526 3355 1540 3369 ·
1572 3338 1661 3392 διὰ
1690 3338 1848 3392 τοῦτο

258 3429 380 3500 μετ’
416 3428 584 3482 αὐτοῦ
619 3423 714 3480 καὶ
741 3427 838 3498 τὴν
867 3424 1082 3494 λοιπὴν,
1113 3424 1179 3492 ὴν
1205 3420 1340 3492 εἶχε,
1373 3421 1691 3484 συνεξέϐαλε
1723 3439 1844 3492 τρο-

255 3511 388 3582 φὴν,
434 3511 542 3564 τῶν
582 3508 887 3580 ἀνθρώπων
936 3505 1303 3575 συνεξεμέσας
1349 3503 1447 3574 τὴν
1492 3503 1672 3572 φύσιν.
1711 3503 1845 3556 Οὐδέ

254 3595 368 3664 γὰρ
411 3591 616 3662 ταύτην
652 3592 948 3660 κατασχεῖν
999 3588 1288 3660 δυνήσεται
1331 3584 1516 3638 λοιπὸν
1556 3587 1636 3648 είς
1670 3586 1842 3649 τέλος.

253 3676 354 3730 Διά
382 3675 540 3729 τοῦτο
587 3676 682 3728 καὶ
724 3675 778 3726 αἱ
832 3675 1038 3742 στεῖραι
1087 3669 1460 3740 προέδραμον,
1501 3669 1587 3720 ἵνα
1628 3670 1657 3722 6
1689 3671 1845 3732 τόκος

252 3758 506 3830 πιστωθῇ
532 3776 544 3788 ·
578 3757 774 3828 μᾶλλον
809 3757 864 3808 δέ
894 3757 994 3826 οὺχ
1023 3755 1112 3806 ἵνα
1137 3755 1164 3807 ὁ
1195 3753 1352 3815 τόκος
1382 3751 1623 3823 πιστωθῇ
1663 3753 1842 3822 μόνον,

251 3842 369 3895 ἀλλ’
401 3841 496 3893 ἐὰν
521 3839 762 3910 ἀκριϐῶς
787 3837 1150 3906 ἐξετάσωμεν,
1178 3833 1270 3888 καὶ
1300 3834 1465 3887 αὐτοῦ
1494 3835 1586 3888 τοῦ
1613 3837 1842 3890 θανάτου

249 3926 351 3996 τὴν
383 3923 670 3994 στείρωσιν
702 3922 872 3976 τύπον
903 3918 1069 3976 οὖσαν
1099 3919 1422 3990 εὑρήσομεν.

325 4007 392 4061 δ’.
438 4007 600 4060 Ἀλλά
635 4005 948 4077 προσέχετε·
986 4002 1178 4056 λεπτὸν
1204 4003 1312 4072 γὰρ
1331 4001 1392 4053 τὸ
1435 4000 1839 4072 ῥηθησόμενον·

253 4088 522 4160 μέλλομεν
561 4085 668 4155 γὰρ
702 4087 847 4156 ἐρεῖν
868 4124 882 4148 ,
915 4083 1031 4146 πῶς
1074 4083 1208 4152 πρὸς
1235 4083 1334 4151 τὴν
1364 4085 1546 4134 πίστιν
1577 4081 1674 4152 τῆς
1707 4083 1842 4136 ἁνα-

250 4167 496 4228 στάσεως
549 4164 696 4234 ἡμᾶς
744 4164 778 4233 ὴ
833 4165 1016 4233 μήτρα
1060 4161 1158 4232 τῆς
1217 4161 1430 4231 Σάρρας
1491 4161 1842 4229 στειρωθεῖσα

246 4247 604 4318 χειραγωγεῖ.
655 4241 779 4318 Πῶς
824 4239 916 4296 οὖν
954 4241 1524 4318 ,ἡμᾶς-χειραγωγεὴ
1574 4239 1841 4314 Καθάπερ

245 4315 393 4394 αὕτη
434 4321 600 4394 νεκρὰ
640 4317 774 4374 οὖσα
810 4321 874 4372 ἐκ
913 4317 1013 4388 τῆς
1062 4315 1156 4368 τοῦ
1195 4317 1334 4369 Θεοῦ
1367 4317 1588 4386 χάριτος
1617 4319 1840 4390 ἀνέστη,

247 4405 343 4456 καὶ
373 4401 536 4472 σῶμα
561 4401 861 4469 ἐὸλάστησε
893 4397 1000 4461 ζῶν
1029 4395 1089 4448 τὸ
1113 4395 1207 4447 τοῦ
1253 4397 1468 4448 Ἰσαάκ·
1505 4395 1651 4449 οὕτω
1689 4401 1782 4450 καὶ
1810 4401 1840 4451 6

243 4482 489 4553 Χριστὸς
533 4478 830 4551 νεκρωθεὶς
861 4474 1070 4546 ἠγέρθη
1114 4477 1178 4544 τῇ
1222 4475 1402 4544 οἰκείᾳ
1434 4475 1683 4546 δυνάμει.
1729 4476 1840 4528 Καὶ

243 4563 326 4614 ὅτι
367 4561 436 4614 οὐ
487 4560 767 4630 βεϐίασται
808 4556 868 4609 τὸ
911 4554 1234 4627 εἰρημένον,
1266 4555 1497 4607 ἄκουσον
1550 4555 1716 4608 αὑτοῦ
1743 4553 1835 4608 τοῦ

243 4639 466 4693 Παύλου
495 4640 761 4706 λέγοντος.
793 4635 977 4690 Εἰπὼν
1015 4634 1124 4703 7&9
1150 4633 1277 4703 περὶ
1301 4633 1393 4685 τοῦ
1435 4632 1718 4706 Ἀϐραὰμ,
1751 4634 1834 4687 ὅτι

251 4721 371 4774 Ούκ
406 4720 698 4783 ἐνενόησε
723 4717 838 4784 τὴν
864 4714 1160 4782 νέκρωσιν
1187 4713 1296 4782 τῆς
1319 4712 1550 4782 μήτρας
1579 4713 1832 4782 Σάρῤας,

252 4797 382 4852 ἀλλ’
437 4792 854 4863 ἐνεδυναμώθη
905 4789 978 4858 τῇ
1033 4791 1252 4853 πίστει,
1311 4789 1455 4855 δοὺς
1512 4791 1702 4855 δόξαν
1754 4789 1834 4856 τῷ

247 4876 394 4942 Θεῷ,
437 4875 536 4928 καὶ
581 4869 1064 4940 πληροφορηθεὶς
1112 4869 1202 4922 ὅτι
1241 4868 1272 4922 ὃ
1324 4869 1683 4938 ἐπήγγελται
1735 4873 1838 4927 δυ-

246 4957 431 5020 νατός
479 4953 610 5006 ἐστι
641 4950 740 5004 καί
781 4947 1055 5017 ποιῆσαι,
1099 4947 1242 4999 τοῦτ’
1273 4947 1438 5011 ἔστιν,
1475 4950 1583 5002 ἀπὸ
1614 4951 1722 5005 τῶν
1748 4969 1835 5005 νε-

245 5035 398 5105 κρῶν
431 5033 700 5104 σωμάτων
729 5029 1165 5098 ζῶνταποιῆσαι
1191 5027 1512 5098 γεννηθῆναι
1545 5031 1658 5086 υἱόν
1679 5049 1692 5062 ·
1717 5027 1834 5086 εἶτα

245 5114 342 5166 ἀπ’
364 5113 582 5182 ἐκείνης
623 5113 702 5174 εἰς
743 5108 948 5178 ταύτην
995 5109 1142 5177 ἡμᾶς
1192 5105 1290 5176 τὴν
1333 5107 1515 5161 πίστιν
1552 5127 1826 5182 χειραγω-

245 5195 362 5264 γῶν
393 5194 675 5263 ἐπήγαγεν
693 5207 707 5221 ·
743 5191 864 5244 Οὐκ
889 5189 1118 5260 ἐτράφη
1151 5190 1224 5244 δι’
1251 5191 1488 5244 ἐκεῖνον
1508 5192 1721 5260 μόνον,
1746 5193 1836 5249 ὅτι

242 5274 538 5342 ἐλογίσθη
578 5267 774 5336 αὐτῷ,
807 5270 969 5324 ἀλλὰ
1001 5270 1100 5322 καὶ
1139 5269 1214 5324 δι’
1249 5269 1424 5338 ἡμᾶς.
1466 5269 1566 5322 Διά
1606 5271 1657 5323 τί
1679 5287 1694 5336 ;
1733 5268 1834 5339 Οἷς

241 5353 488 5422 μέλλει,
537 5350 706 5422 φησὶ,
748 5349 1085 5417 λογίζεσθαι
1131 5348 1254 5414 τοῖς
1294 5349 1691 5404 πιστεύουσιν
1736 5350 1834 5404 ἐπί

243 5429 355 5482 τὸν
386 5429 696 5498 ἐγείραντα
750 5427 984 5496 Ἰησοῦν
1023 5427 1130 5481 τὸν
1164 5429 1384 5495 Κύριον
1425 5427 1594 5496 ἡμῶν
1629 5429 1697 5482 ἐκ
1737 5447 1831 5483 νε·-

244 5507 428 5574 κρῶν.
461 5507 612 5580 [558]
653 5509 716 5560 Ὃ
748 5508 804 5560 δὲ
833 5506 1002 5575 λέγει,
1035 5505 1277 5560 τοιοῦτόν
1319 5508 1456 5560 ἐστι·
1503 5508 1606 5560 Τὸν
1649 5510 1833 5564 Ἰσαὰκ

243 5585 356 5641 ἀπὸ
393 5586 604 5659 νεκρῶν
643 5587 912 5657 σωμάτων
951 5587 1172 5658 ἤγειρεν
1202 5601 1217 5618 τ
1261 5585 1404 5640 οὕτω
1449 5587 1540 5640 καὶ
1570 5587 1660 5640 τὸν
1706 5589 1832 5642 Υἱὸν

307 5720 332 5748 ⁸
363 5719 515 5783 Savi].
560 5718 608 5768 in
649 5733 803 5783 marg.
845 5721 974 5770 hanc
1021 5722 1217 5783 cqmjicil
1256 5721 1490 5782 apodosin
1540 5735 1552 5770 :
1607 5723 1732 5770 οὕτω
1775 5724 1830 5772 τὸ

278 5787 408 5844 νῆμα
443 5781 524 5829 τὸν
568 5781 792 5844 Χριστόν,
843 5781 1297 5844 ,Codtle’lexlui’
1359 5791 1524 5830 nostro
1578 5791 1828 5834 consonat.

265 5843 398 5904 ζὺρόν
419 5851 584 5894 autem
608 5843 744 5893 dedit
769 5843 940 5906 Savil.;
973 5843 1140 5893 Moulf.
1166 5851 1220 5895 οι
1244 5845 1350 5895 cod.
1378 5845 1469 5894 748
1493 5847 1658 5909 εὑρών.
1687 5845 1820 5898 Edit.

1469 418 1608 477 NON
1641 418 1814 474 ESSE
1847 417 2384 477 DESPERANDUM.

3420 401 3528 458 568

1954 517 2467 592 ἀνέστησε,νεκρὸν
2499 517 2808 589 γενόμενον.
2842 517 3030 572 Βούλει
3057 517 3150 571 καὶ
3174 517 3358 589 ἐτέρου
3390 519 3533 589 πρά-

1956 629 2164 682 γματος
2229 612 2420 684 μαθεῖν
2490 612 2758 681 σύμϐολον
2825 611 2984 666 οὖσαν
3051 611 3151 680 τὴν
3210 611 3531 681 στείρωσιν;

1959 705 2232 774 Ἦμελλεν
2278 705 2310 772 ἡ
2372 701 2664 771 Ἐκκλησία
2701 701 2761 754 τὸ
2811 701 3014 772 πλῆθος
3061 702 3373 771 ἀποκυῆσαι
3423 704 3536 756 τῶν

1956 794 2166 848 πιστῶν
2185 812 2198 826 ·
2231 796 2296 848 ἵν’
2325 789 2417 848 οὖν
2451 794 2526 864 μὴ
2555 795 2810 864 ἀπιστῇς,
2843 793 2963 856 πῶς
2996 795 3028 864 ἡ
3058 793 3270 862 ἄγονος,
3301 795 3334 864 ἡ
3363 794 3536 865 ἄκαρ-

1956 905 2078 952 πος,
2123 887 2152 958 ἡ
2215 889 2404 958 στεῖρα
2451 886 2636 951 ἔτεκε,
2693 885 3062 956 προέλαϐενή
3113 885 3272 954 φύσει
3325 887 3531 955 στεῖρα,

1956 977 2386 1049 προοδοποιοῦσα
2421 981 2487 1049 τῇ
2527 977 2844 1050 προαιρέσει
2876 975 3098 1047 στείρᾳ,
3133 977 3227 1029 καὶ
3263 979 3296 1047 ὴ
3347 975 3534 1046 Σάρρα

1953 1069 2056 1140 τῆς
2096 1069 2423 1141 Ἐκκλησίας
2464 1069 2681 1136 ἐγένετο
2707 1067 2896 1130 τύπος.
2941 1067 3150 1138 ’Ὠσπερ
3188 1067 3296 1138 γὰρ
3349 1067 3534 1136 ἐκείνη

1959 1164 2148 1230 στεῖρα
2172 1155 2305 1214 οὖσα
2342 1161 2526 1214 ἔτεκεν
2564 1161 2622 1213 ἐν
2658 1161 2826 1232 γήρᾳ,
2856 1160 2996 1213 οὕτω
3037 1160 3130 1212 καὶ
3168 1159 3308 1230 αὕτη
3351 1161 3536 1234 στεῖρα

1956 1247 2090 1306 οὖσα
2114 1251 2298 1306 ἔτεκεν
2331 1253 2416 1304 ἐπ’
2445 1253 2684 1322 ἐσχάτων
2716 1252 2824 1306 τῶν
2857 1251 3086 1324 καιρῶν.
3119 1253 3228 1305 Καὶ
3261 1254 3354 1306 ὅτι.
3376 1253 3534 1306 τοῦτό

1955 1344 2102 1396 ἐστιν
2141 1343 2371 1414 ἀληθὲς,
2412 1343 2642 1398 ἄκουσον
2671 1343 2880 1398 Παύλου
2920 1344 3202 1414 λέγοντος·
3253 1343 3441 1414 Ἡμεῖς
3465 1344 3536 1397 δὲ

1956 1433 2066 1502 τῆς
2093 1435 2414 1503 ἐλευθέρας
2433 1435 2612 1490 τέκνα
2638 1435 2844 1504 ἐσμέν.
2901 1436 3120 1504 Ἐπειδὴ
3143 1435 3252 1506 7&9
3275 1438 3308 1506 ἡ
3346 1436 3536 1508 Σάῤῥα

1953 1526 2125 1590 τύπος
2157 1527 2273 1580 ἐστὶ
2315 1527 2414 1598 τῆς
2457 1526 2819 1598 Ἐκκλησίας,
2859 1529 2894 1598 ἡ
2928 1527 3238 1598 ιέλευθέρςιι,⁵
3260 1527 3348 1580 διὰ
3375 1527 3534 1580 τοῦτο

1955 1617 2255 1688 ἐπήγαγεν,
2276 1619 2358 1672 ὅτι
2393 1618 2506 1688 Τῆς
2525 1619 2841 1688 ἐλευθέρας
2865 1619 3046 1673 τέκνα
3063 1617 3268 1688 ἐσμέν.
3299 1619 3408 1671 Καὶ
3429 1620 3534 1673 πάι

1955 1709 2058 1762 λιν·
2078 1711 2245 1777 Ἀρα,
2265 1709 2535 1782 ἀδελφοὶ,
2563 1705 2714 1765 κατὰ
2748 1711 2947 1764 Ἰσαὰκ
2970 1711 3330 1780 ἐπαγγελίας
3352 1709 3535 1764 τέκνα

1953 1800 2161 1871 ἐσμέν.
2199 1802 2460 1866 Τί⁸ἐστιν,
2511 1803 2929 1872 Ἐπαγγελίας;
2957 1803 3167 1872 Ὥσπερ
3197 1804 3401 1855 ἐκεῖνον
3433 1801 3534 1855 οὐκ

1953 1890 2107 1945 ἔτεκε
2139 1891 2322 1960 φύσις,
2367 1892 2486 1945 οὐδὲ
2519 1894 2670 1965 ἡμᾶς
2713 1893 2873 1961 φύσις
2906 1892 3090 1949 ἔτεκεν
3111 1934 3126 1958 ,
3158 1891 3273 1946 ἀλλ’
3303 1895 3337 1964 ἡ
3373 1892 3532 1964 χάρις

1951 1982 2045 2038 τοῦ
2071 1983 2229 2038 Θεοῦ.
2250 1984 2360 2038 Καὶ
2379 1983 2540 2038 πάλιν
2557 1999 2570 2014 ·
2607 1984 2670 2041 Ἡ
2697 1984 2765 2037 δὲ
2792 1985 2914 2038 ἄνω
2952 1983 3339 2054 Ἰερουσαλὴμ
3362 1985 3534 2038 ἐλευ-

1953 2075 2092 2144 θέρα
2115 2076 2308 2141 ἐστίν,
2339 2077 2472 2144 ἣτις
2498 2078 2629 2133 ἐστὶ
2657 2077 2860 2148 μήτηρ
2893 2075 3082 2146 ἡμῶν·
3113 2076 3252 2148 αὕτη
3294 2077 3352 2130 δέ
3383 2063 3532 2132 ἐστιν

1951 2164 1986 2234 ὴ
2029 2164 2340 2236 Ἐκκλησία.
2367 2169 2876 2235 Προσεληλύθατε,
2898 2167 3008 2237 γὰρ
3032 2166 3186 2220 Σιὼν
3208 2166 3350 2235 ὄρει,
3374 2169 3528 2238 φησὶ,

1951 2251 2052 2307 καὶ
2108 2255 2281 2308 πόλει
2305 2255 2451 2310 Θεοῦ
2473 2254 2706 2322 ζῶντος,
2742 2257 3144 2326 Ἰερουσαλὴμ
3172 2259 3528 2326 ἐπουρανίῳ,

1951 2343 2062 2396 καὶ·
2092 2345 2418 2414 Ἐκκλησία
2447 2351 2854 2417 πρωτοτόκων.
2888 2350 2950 2401 El
2981 2349 3158 2403 τοίνυν
3181 2349 3292 2402 ἀνω
3331 2349 3531 2422 Ἰερου-

1955 2427 2136 2498 σαλὴμ
2181 2429 2216 2499 ἠ
2266 2429 2563 2500 Ἐκκλησία
2601 2433 2736 2498 ἐστὶ,
2774 2432 2876 2502 τῆς
2915 2433 2970 2486 δὲ
3007 2433 3118 2486 ἄνω
3179 2433 3534 2504 Ἰερουσαλὴμ

1951 2510 2119 2574 τύπος
2153 2513 2299 2565 ἐστὶν
2327 2514 2359 2583 ἠ
2387 2513 2592 2584 Σάρρα,
2620 2513 2800 2578 καθὼς
2824 2511 2996 2581 εἶπεν,
3020 2516 3101 2568 ὃτι
3123 2516 3236 2569 Δύο
3265 2515 3406 2580 είσὶ,
3423 2517 3534 2585 μία

1945 2594 2064 2662 μὲν
2081 2595 2168 2659 είς
2198 2593 2484 2649 δουλείαν
2509 2595 2800 2666 γεννῶσα,
2833 2597 2966 2662 ἣτις
2987 2597 3158 2650 ἐστὶν
3184 2597 3377 2668 Ἅγαρ·
3403 2599 3441 2666 ἠ
3465 2597 3534 2651 δὲ

1952 2674 2074 2729 ἅνω
2112 2675 2512 2748 Ἰερουσαλὴμ
2539 2679 2824 2747 ἐλευθέρα
2847 2679 3019 2734 ἐστίν
3039 2720 3053 2744 ,
3091 2679 3222 2748 ἥτις
3254 2680 3386 2734 ἐστὶ
3412 2680 3527 2751 μή-

1953 2774 2062 2825 τηρ
2094 2757 2284 2827 ἡμῶν,
2325 2759 2546 2831 εὔδηλον
2575 2763 2657 2815 ὅτι
2690 2763 2786 2833 τῆς
2821 2762 2934 2816 ἀνω
2981 2763 3335 2834 Ἰερουσαλὴμ
3361 2764 3531 2828 τύπος

1951 2840 2098 2894 ἐστὶν
2119 2845 2152 2911 ἡ
2191 2841 2376 2912 Σάρῤα
2415 2843 2556 2896 κατὰ
2587 2844 2680 2898 τὸν
2718 2845 2874 2899 τόκον
2901 2847 2995 2899 καὶ
3025 2848 3122 2916 τὴν
3155 2847 3456 2917 στείρωσιν.

2028 2929 2091 2976 ε’.
2119 2921 2250 2978 Οἶδα
2278 2925 2360 2976 ὅτι
2387 2925 2688 2997 λεπτότερα
2709 2928 2777 2980 τὰ
2795 2931 3078 2999 εἰρημένα·
3107 2930 3224 2983 ἀλλ’
3238 2932 3332 2983 ἐὰν
3353 2931 3529 2986 λάϐω-

1953 3025 2052 3086 μέν
2081 3009 2130 3076 1³,
2161 3009 2315 3062 οὐδὲν
2349 3011 2498 3079 ἡμᾶς
2547 3011 2986 3082 παραδραμεῖται
3037 3013 3144 3067 τῶν
3195 3015 3524 3086 λεγομένων.

1949 3085 2110 3146 Οὗτοι
2156 3091 2254 3162 μὲν
2289 3087 2380 3145 οὖν
2426 3093 2821 3164 μυστικώτεροι
2851 3097 2946 3149 καὶ
2986 3085 3454 3170 δογματικώτεροι
3479 3102 3526 3153 οί

1947 3175 2129 3244 λόγοι·
2167 3177 2215 3230 εἰ
2253 3177 2310 3230 δὲ
2337 3177 2622 3246 βούλεσθε,
2657 3181 2754 3232 καὶ
2784 3180 3116 3254 ἠθικώτερον
3150 3183 3287 3253 μετὰ
3319 3185 3526 3238 τούτων

1948 3261 2082 3332 ἐρῶ.
2112 3263 2310 3332 Στεῖρα
2336 3257 2403 3332 ἦν
2450 3264 2484 3332 ἡ
2529 3263 2696 3333 γονὴ,
2733 3264 2820 3318 ἵνα
2867 3266 3046 3339 μάθῃς
3074 3268 3169 3320 τοῦ
3203 3268 3396 3339 ἀνδρὸς
3427 3269 3528 3340 τὴν

1950 3343 2307 3415 σωφροσύνην
2327 3362 2340 3374 ·
2381 3346 2462 3398 ὅτι
2500 3344 2624 3400 οὔτε
2646 3347 2860 3418 ἐκείνην
2889 3349 3109 3414 ἐξέϐαλε
3132 3392 3147 3414 ,
3175 3353 3352 3406 καίτοι
3376 3353 3528 3406 οὐδε-

1947 3427 2036 3492 νὸς
2078 3428 2198 3510 τότε
2237 3427 2539 3492 κωλύοντος
2586 3430 2774 3499 νόμου,
2819 3430 2942 3485 οὔτε
2972 3434 3165 3504 ἐτέραν
3210 3435 3423 3500 λαϐὼν,
3456 3441 3524 3510 τῇ

1946 3509 2204 3580 ἐλευθέρᾳ
2229 3511 2596 3581 ἐπεισήγαγεν
2615 3527 2630 3541 ·
2654 3511 2681 3564 ὃ
2702 3511 2766 3582 δὴ
2795 3513 2981 3568 πολλοὶ
3011 3515 3225 3570 ποιοῦσι
3254 3509 3528 3588 προφάσει

1948 3592 2292 3655 παιδοποιίας
2309 3633 2322 3655 ,
2345 3591 2442 3662 τὴν
2469 3593 2758 3662 ἀσέλγειαν
2785 3595 2884 3667 τὴν
2917 3598 3126 3651 ἑαυτῶν
3154 3599 3488 3672 πληροῦντες
3509 3643 3524 3667 ,

1946 3676 2042 3730 καὶ
2061 3675 2160 3738 τὰς
2187 3677 2283 3746 μὲν
2309 3676 2688 3746 ἐκϐάλλοντες,
2705 3679 2804 3743 τὰς
2832 3680 2886 3733 δὲ
2911 3683 3224 3750 εἰσάγοντες
3242 3701 3257 3715 ·
3279 3688 3326 3738 οἱ
3351 3685 3405 3738 δὲ
3430 3688 3525 3739 καὶ

1947 3759 2281 3823 παλλακίδας
2331 3759 2745 3828 ὲφοπλίζοντες,
2801 3764 2894 3818 καὶ
2948 3765 3156 3836 μυρίων
3203 3768 3305 3831 τὰς
3349 3765 3526 3834 οἰκίας

1945 3843 2278 3916 πληροῦντες
2323 3845 2594 3914 πολέμων.
2659 3847 2798 3900 Ἀλλ’
2850 3849 2950 3902 οὐκ
3002 3851 3209 3914 ἐκεῖνος
3254 3853 3281 3903 6
3315 3853 3525 3920 δίκαιος

1942 3926 2150 3992 οὕτως,
2183 3928 2298 3981 ἀλλ’
2332 3927 2492 4000 ἔμενε
2526 3929 2767 4000 στέργων
2820 3932 2919 4002 τὴν
2966 3933 3343 4004 κληρωθεῖσαν
3375 3937 3526 4008 αὑτῷ

1943 4012 2094 4083 παρὰ
2116 4012 2211 4066 τοῦ
2239 4013 2374 4066 Θεοῦ
2416 4017 2678 4082 γυναῖκα,
2707 4009 2802 4068 καὶ
2833 4017 3132 4087 παρεκάλει
3161 4019 3252 4071 τὸν
3291 4021 3390 4089 τῆς
3425 4021 3527 4090 φύ-

1945 4112 2082 4160 σεως
2115 4097 2390 4167 Δεσπότην
2425 4097 2716 4168 διορθῶσαι
2741 4098 2842 4168 τῆς
2868 4099 3082 4168 φύσεως
3115 4101 3183 4154 τὰ
3205 4102 3398 4173 δεσμά,
3432 4105 3527 4158 καὶ

1941 4179 2044 4233 οὐκ
2071 4179 2312 4238 ὠνείδισε
2341 4183 2407 4252 τῇ
2439 4182 2678 4249 γυναικί.
2711 4183 2820 4236 Καὶ
2856 4183 3050 4249 πόθεν,
3083 4185 3163 4237 ὅτι
3192 4186 3293 4238 οὐκ
3315 4187 3525 4241 ὠνείδι-

1944 4279 2067 4332 σεν;
2108 4263 2198 4332 Ἐξ
2238 4265 2414 4336 αὐτῆς
2433 4266 2532 4335 τῆς
2561 4267 2804 4338 Γραφῆς.
2837 4268 2900 4320 El
2935 4267 3241 4334 ὠνείδισεν,
3274 4265 3428 4324 εἶπεν
3459 4271 3525 4326 ἂν

1941 4346 1976 4416 ἠ
2014 4347 2206 4416 Γραφὴ
2241 4347 2334 4399 καὶ
2363 4347 2538 4410 τοῦτο,
2577 4350 2671 4401 καὶ
2702 4351 2802 4402 οὐκ
2835 4351 3113 4418 ἐσιώπησε
3137 4369 3148 4382 ·
3182 4355 3274 4406 καὶ
3307 4354 3414 4426 γὰρ
3455 4355 3525 4408 τὰ

1941 4428 2342 4499 κατορθώματα
2363 4429 2508 4498 λέγει
2534 4430 2639 4484 τῶν
2661 4431 2902 4496 δικαίων,
2929 4435 3023 4486 καὶ⁸
3053 4435 3120 4487 τὰ
3147 4436 3521 4506 ἐλαττώματα,

1941 4509 2028 4563 ἵνα
2055 4510 2126 4564 τὰ
2169 4511 2270 4580 μὲν
2315 4511 2612 4583 φύγωμεν,
2643 4513 2710 4566 τά
2741 4515 2796 4568 δὲ
2833 4515 3187 4586 ζηλώσωμεν.
3227 4519 3354 4571 Ὅτε
3390 4520 3524 4588 γοῦν

1939 4592 2076 4664 πρὸς
2105 4595 2198 4648 τὸν
2232 4595 2345 4648 υἱὸν
2387 4595 2552 4648 αὐτοῦ
2582 4600 2615 4669 ἡ
2645 4597 2887 4671 νύμφηὴ
2937 4599 3140 4673 Ῥαχὴλ
3170 4601 3519 4675 ἀπωδύρετο,

1939 4679 2188 4743 κάκεῖνος
2213 4680 2535 4751 ἐπέπληξεν,
2568 4683 2858 4754 ἀμφότερα
2878 4685 3112 4748 τέθεικε,
3140 4686 3235 4739 καὶ¹
3266 4687 3366 4741 οὐκ
3412 4690 3521 4742 ἀπο

1941 4762 2229 4835 ἐκρυψενή
2253 4765 2468 4837 Γραφή.
2499 4767 2717 4837 Ἐπειδὴ
2751 4768 2858 4837 7&9
2885 4763 3002 4820 εἷπε
3023 4809 3037 4832 ,
3066 4769 3177 4835 Δός
3191 4787 3292 4838 μοι
3314 4767 3516 4830 τέκνα,

1937 4843 1988 4896 ει
2015 4841 2082 4894 δὲ
2101 4843 2210 4912 μὴ,
2244 4845 2677 4914 ἀποθανοῦμαι,
2703 4846 2754 4898 τί
2783 4863 2948 4918 φησιν
2969 4848 3209 4912 ἐκεῖνος;
3242 4848 3337 4916 Μὴ
3377 4849 3522 4916 Θεὸς

1935 4925 2051 4995 ἐγὼ
2075 4967 2087 4991 ,
2136 4927 2205 4994 ὃς
2250 4928 2544 4998 ἐστέρησέ
2577 4947 2652 4984 σε
2698 4931 2930 5000 καρποῦ
2969 4933 3236 4996 nullae;
3263 4935 3377 4998 Δός·
3414 4952 3520 5002 μοι

1937 5003 2137 5058 τέκνα.
2191 5006 2606 5080 Γυναικώδηςὴ
2656 5010 2874 5080 αἴτησις
2921 5010 3014 5064 καὶ
3061 5010 3366 5078 ἀλόγιστος.
3427 5012 3519 5082 Τῷ

1937 5089 2089 5160 ἀνδρὶ
2113 5089 2310 5158 λέγεις,
2341 5093 2452 5158 Δός
2471 5111 2573 5162 μοι
2601 5093 2802 5159 τέκνα,
2834 5094 3269 5165 παραδραμοῦσα
3299 5095 3390 5148 τὸν
3419 5095 3520 5164 τῆς

1937 5170 2152 5240 φύσεως
2181 5175 2486 5246 Δεσπότην;
2521 5176 2619 5230 Διά
2649 5175 2806 5230 τοῦτο
2832 5177 2926 5231 καὶ
2957 5179 3164 5240 ἐκεῖνος
3205 5177 3519 5247 πληκτικώ-

1934 5271 2091 5325 τερον
2121 5257 2556 5329 ἀποκρινάμενος
2603 5259 2948 5314 κατέστειλεν
2991 5261 3164 5332 αὐτῆς
3197 5261 3294 5332 τὴν
3323 5261 3518 5327 ἄλογον

1937 5333 2089 5409 [559]
2121 5339 2371 5408 αἴτησιν,
2407 5342 2502 5394 καὶ
2543 5343 2748 5407 ἐδίδαξε
2791 5343 2946 5415 παρά
2998 5344 3144 5407 τίνος
3187 5344 3268 5397 δεῖ
3320 5347 3510 5399 αίτεῖν.

1947 5419 2086 5473 Ἀλλ’
2116 5423 2214 5492 οὐχ
2240 5423 2416 5487 οὕτως
2433 5463 2448 5489 ,
2485 5423 2606 5477 οὔτε
2635 5425 2799 5489 αὐτὸς
2829 5436 2852 5464 ε
2877 5427 3028 5480 οὐδὲν
3053 5427 3296 5481 τοιοῦτον
3321 5425 3474 5482 εἷπεν
3497 5470 3512 5494 ,

1933 5500 2058 5556 οὔτε
2091 5505 2272 5577 ἐκείνη
2302 5507 2438 5577 πρὸς
2465 5505 2653 5561 τοῦτον
2697 5508 3022 5581 ἀπωδύρατο
3060 5511 3156 5564 καὶ
3185 5511 3510 5583 ἐθρήνησεν.

2017 5587 2298 5643 Ἐντεῦθεν
2327 5591 2680 5662 σωφροσύνην
2703 5593 3074 5662 παιδευόμεθα
3095 5595 3190 5648 καὶ
3211 5595 3414 5649 πίστιν.
3443 5595 3516 5648 T6

1993 5721 2022 5786 1?
2043 5719 2156 5786 Cod.
2170 5721 2276 5786 14:8
2302 5723 2544 5786 κάμωμεν.

1933 5843 1968 5895 S
1998 5783 2260 5893 “[110.de
2285 5783 2386 5834 ἀλλ’
2413 5783 2647 5849 ούχοῦτος
2668 5787 2776 5837 οὔτε
2799 5787 2926 5849 uim,
2968 5801 3078 5849 quae
3105 5795 3184 5837 est
3229 5789 3510 5851 conjectura

1971 5857 2048 5895 ενι
2073 5857 2128 5895 ΙΙ.
2299 5875 2306 5882 ⁷
