4060 6260
281 385 381 446 £69

279 489 373 555 gift
417 484 795 538 declinandum.
827 483 1077 557 Coniuges
1101 503 1152 540 se
1173 487 1382 541 invicem
1423 487 1640 556 diligant
1664 504 1859 542 necesse

282 577 586 633 est.-—llinc
619 578 920 634 castitatem
947 580 1202 636 docemur
1243 582 1401 636 simul
1435 591 1489 637 et
1520 581 1701 637 fidem.
1726 582 1858 637 Nam

283 688 400 727 cum
451 672 619 728 Deum
660 682 926 742 precetur,
970 674 1124 730 fidem
1167 675 1283 745 ejus
1327 675 1429 731 hoc
1464 677 1661 731 indicat
1693 693 1706 730 :
1737 689 1861 730 cum

289 779 414 818 vero
443 779 781 834 nequaquam
810 781 1028 822 uxorem
1060 767 1256 836 ejiciat,
1308 768 1358 822 id
1385 769 1500 838 ejus
1527 767 1862 822 manifestam

285 855 458 911 reddit
486 859 782 913 castitatem
819 876 833 914 :
865 873 986 914 cum
1023 868 1200 915 autem
1229 877 1334 916 non
1359 860 1666 932 exprobret,
1689 875 1864 930 neque

283 947 554 1016 desperet,
588 948 641 1004 id
668 950 977 1019 patientiam
1009 951 1126 1020 ejus
1152 960 1206 1006 et
1234 951 1396 1006 animi
1423 950 1862 1016 moderationem,

285 1039 609 1109 multamque
634 1040 948 1095 modestiam
975 1050 1028 1096 et
1047 1056 1284 1096 amorem
1306 1057 1428 1112 erga
1449 1056 1672 1096 uxorem
1693 1049 1866 1094 osten-

285 1128 380 1184 dit.
408 1129 593 1200 Neque
612 1131 778 1198 enim,
797 1132 1244 1203 quemadmodum
1265 1147 1406 1188 nunc
1428 1133 1579 1187 multi
1603 1131 1862 1198 factitant,

283 1221 368 1288 qui
399 1221 454 1274 in
482 1221 745 1289 ejusmodi
784 1224 1040 1290 aerumnis
1069 1223 1136 1278 ad
1168 1223 1423 1279 veneficia
1468 1222 1868 1293 praestigiasque

285 1311 622 1383 confugiunt,
658 1315 743 1368 illa
765 1315 1057 1386 superflua,
1088 1316 1318 1381 inutilia,
1351 1316 1528 1382 noxia,
1571 1315 1868 1385 animmque

285 1403 492 1458 letifera
523 1404 609 1460 ille
630 1404 777 1471 fecit,
797 1407 892 1462 sed
918 1408 1133 1462 omissis
1158 1407 1406 1463 omnibus
1425 1405 1528 1473 his,
1555 1406 1868 1475 cunctisque

284 1497 607 1565 contemptis
630 1496 791 1552 rebus
816 1497 1081 1564 humanis,
1109 1497 1177 1552 ad
1219 1506 1421 1552 naturae
1450 1497 1755 1563 Dominum,
1776 1497 1867 1567 qui

283 1598 496 1658 paterat
523 1589 607 1644 his
635 1590 781 1645 solus
809 1591 1032 1659 mederi,
1056 1593 1300 1647 recurrit.

355 1679 412 1735 6.
453 1681 652 1736 Audite
691 1683 827 1747 haec,
867 1683 1064 1751 mariti,
1103 1683 1312 1750 discite,
1351 1698 1568 1750 uxores,
1601 1683 1872 1738 imitemur

283 1774 487 1842 justum
519 1789 728 1829 omnes.
758 1774 900 1828 Niltil
928 1776 1097 1846 pluris
1122 1774 1278 1830 faciat
1304 1791 1456 1843 uxor,
1476 1791 1633 1844 quam
1656 1777 1825 1830 virum
1852 1791 1866 1828 :

289 1865 419 1920 nihil
449 1866 619 1933 magis
648 1866 728 1920 vir
762 1867 966 1937 diligat,
997 1883 1157 1937 quam
1197 1884 1438 1923 uxorem.
1473 1867 1585 1922 Hoc
1629 1868 1868 1922 omnium

290 1965 537 2011 nostrum
568 1958 728 2011 vitam
758 1967 954 2023 tuetur,
975 1974 1194 2013 uxorem
1222 1975 1342 2014 cum
1364 1959 1480 2014 viro
1505 1959 1866 2014 concordare:

287 2049 389 2103 hoc
418 2048 676 2104 mundum
719 2050 957 2105 continet
1003 2051 1330 2104 universum.
1361 2050 1494 2104 Nam
1520 2050 1874 2120 quemadmo-

285 2141 412 2196 dum
445 2155 709 2196 concusso
738 2141 1084 2198 fundamento
1114 2152 1280 2198 totum
1308 2144 1510 2199 corruit
1539 2143 1818 2198 :edilicium
1852 2161 1868 2198 :

284 2232 362 2286 sic
388 2232 552 2287 etiam
579 2248 700 2287 cum
729 2233 948 2288 dissidia
987 2221 1128 2289 inter
1165 2234 1420 2305 conjuges
1463 2235 1725 2298 oriuntur,
1760 2244 1869 2290 tota

284 2322 392 2376 vita
440 2332 621 2377 nostra
666 2323 1011 2378 subvertitur.
1053 2323 1186 2380 Vide
1221 2340 1451 2396 namque
1496 2344 1508 2380 :
1543 2325 1771 2381 mundus
1800 2341 1869 2381 ex

285 2417 510 2472 urbibus
539 2428 770 2484 constat,
813 2419 975 2475 urbes
1005 2435 1073 2476 ex
1103 2420 1370 2489 domibus,
1403 2437 1467 2477 ex
1499 2423 1627 2478 viris
1649 2439 1714 2479 ac
1742 2440 1874 2480 uxo-

286 2510 438 2565 ribus
468 2510 681 2565 domus.
712 2511 767 2568 Si
799 2514 959 2584 igitur
1000 2514 1141 2569 inter
1177 2515 1325 2570 viros
1363 2525 1418 2570 et
1460 2531 1653 2572 uxores
1697 2533 1868 2589 pugna

284 2611 596 2671 consurgat,
629 2603 754 2659 dum
786 2605 886 2658 ista
915 2596 1211 2670 turbantur,
1245 2607 1405 2660 etiam
1434 2608 1596 2664 urbes
1624 2620 1870 2665 evertun-

283 2700 372 2744 tur
401 2709 416 2744 :
447 2691 588 2760 quod
612 2693 656 2745 si
675 2693 832 2747 urbes
851 2695 1148 2757 turbentur,
1175 2697 1480 2752 universum
1501 2700 1660 2753 etiam
1685 2701 1870 2756 orbem

283 2779 510 2832 omnino
556 2795 777 2836 necesse
824 2791 908 2836 est
956 2785 1303 2851 tumultibus,
1351 2786 1526 2852 hellis,
1575 2792 1874 2860 pugnisque

282 2867 568 2937 compleri.
617 2869 907 2942 PrOpterea
936 2873 1078 2928 Deus
1108 2875 1259 2929 istius
1299 2877 1377 2930 rei
1417 2878 1648 2933 maxime
1687 2893 1870 2933 curam

280 2961 462 3030 gerit;
496 2971 780 3033 propterea
804 2979 1025 3020 uxorem
1048 2967 1169 3036 ejici
1193 2983 1298 3022 non
1323 2969 1470 3038 sinit,
1517 2980 1871 3044 praeterquam

280 3051 353 3106 ob
383 3051 556 3107 solam
602 3055 1026 3112 fornicationem.
1057 3059 1195 3126 Quid
1229 3060 1388 3131 igitur
1410 3062 1456 3117 si
1481 3065 1866 3122 contumeliosa

279 3144 374 3210 sit,
405 3144 549 3200 dicet
569 3147 781 3218 aliquis,
806 3148 848 3203 si
872 3150 1087 3220 profusa
1117 3153 1185 3207 sit
1205 3163 1257 3208 et
1286 3163 1618 3225 sumptuosa,
1638 3169 1692 3214 et
1712 3159 1872 3215 innu-

281 3234 455 3290 meris
484 3237 601 3292 aliis
632 3239 774 3295 vitiis
801 3244 1039 3298 scateat?
1065 3243 1336 3300 Patienter
1367 3247 1445 3303 fer
1472 3251 1671 3318 omnia,
1701 3268 1875 3324 neque

286 3337 512 3398 propter
534 3329 660 3384 vitia
686 3331 842 3402 ejice,
869 3345 1234 3392 verumtamen
1256 3338 1381 3393 vitia
1402 3343 1628 3411 corrige.
1651 3343 1876 3414 Propte-

285 3435 379 3475 rea
412 3430 467 3474 tu
495 3423 685 3491 capitis
724 3424 901 3480 locum
928 3435 1097 3494 tenes,
1129 3439 1186 3483 ut
1225 3433 1435 3501 corpori
1481 3434 1620 3490 scias
1649 3437 1872 3492 mederi.

284 3511 422 3569 Nam
455 3529 628 3584 neque
655 3515 698 3568 si
729 3531 922 3586 corpus
951 3532 1191 3575 nostrum
1239 3522 1530 3580 innumeris
1568 3526 1638 3580 sit
1663 3527 1872 3585 confos-

286 3617 410 3657 sum
442 3604 774 3673 vulneribus,
817 3608 945 3664 illud
986 3625 1016 3664 a
1056 3613 1229 3681 capite
1253 3630 1582 3684 separamus.
1613 3618 1691 3675 Ne
1717 3621 1875 3691 igitur

286 3710 512 3751 uxorem
543 3713 756 3768 quoque
782 3715 998 3770 separes
1027 3716 1056 3756 a
1087 3705 1259 3774 teipse
1285 3723 1297 3760 :
1329 3707 1482 3762 nobis
1506 3711 1648 3766 enim
1678 3727 1874 3782 corpo-

287 3788 363 3842 ris
389 3788 512 3842 loco
533 3800 614 3844 est
637 3806 788 3844 uxor.
821 3791 990 3858 Quam
1017 3793 1087 3848 ob
1110 3810 1324 3851 causam
1347 3799 1531 3854 beatus
1560 3801 1718 3856 etiam
1740 3803 1874 3858 Pau—

288 3881 373 3939 lus
404 3882 584 3935 aiebat
617 3901 629 3935 :
671 3882 780 3937 Viri
803 3885 1017 3955 diligere
1040 3903 1222 3942 uxores
1246 3891 1318 3944 sic
1356 3890 1555 3956 debent,
1580 3902 1635 3946 ut
1661 3911 1876 3965 corpora

285 3987 382 4025 sua
417 3971 635 4043 (Ep/tes.
675 3975 727 4028 5.
753 3974 871 4046 28).
921 3976 986 4030 Et
1027 3993 1122 4047 pro
1153 3980 1407 4036 uxoribus
1449 3982 1637 4040 eadem
1664 3985 1749 4040 lex
1784 3985 1878 4040 da-

287 4073 378 4119 tttr
407 4084 420 4118 :
452 4065 591 4119 sicut
620 4075 762 4119 ttnnn
792 4077 948 4137 caput
972 4083 1122 4126 amas
1148 4079 1203 4125 ct
1229 4072 1380 4138 colis,
1415 4089 1570 4142 uxor,
1608 4076 1682 4131 ita
1704 4076 1875 4132 virum

289 4166 441 4212 tuum
473 4157 588 4213 cole
610 4160 625 4189 ¹
661 4176 675 4213 :
709 4175 882 4230 neque
903 4161 1044 4216 enim
1071 4163 1187 4219 sine
1207 4178 1368 4220 causa
1397 4175 1595 4222 tantam
1630 4168 1782 4225 istius
1799 4171 1877 4226 rei

289 4249 557 4302 rationem
591 4248 865 4306 habemus.
895 4250 1018 4307 Scio
1047 4263 1178 4323 quot
1211 4254 1348 4310 bona
1378 4259 1628 4316 conciliet
1649 4261 1810 4331 istud,
1833 4263 1882 4318 si

291 4339 500 4391 nullum
534 4338 672 4392 inter
693 4339 862 4395 virum
886 4351 940 4395 et
967 4359 1184 4398 uxorem
1207 4344 1486 4402 dissidium
1517 4351 1750 4406 oriatur:
1769 4353 1880 4408 scio

290 4441 425 4497 quot
453 4431 714 4486 malorum
753 4433 1063 4490 occasiones
1094 4437 1285 4506 pariat,
1334 4441 1377 4493 si
1411 4442 1548 4496 inter
1573 4457 1630 4498 se
1660 4455 1882 4501 conten-

289 4520 448 4576 dant.
473 4522 622 4577 Tunc
649 4525 789 4578 enim
817 4541 922 4579 non
944 4525 1162 4594 divitiae,
1190 4545 1297 4584 non
1322 4530 1544 4588 felicitas
1569 4551 1725 4606 quam
1755 4537 1884 4593 boni

292 4613 529 4668 afferunt
574 4614 747 4682 liberi,
793 4631 902 4671 non
944 4618 1228 4674 multitudo
1267 4621 1576 4690 liberorum,
1618 4642 1725 4681 non
1765 4644 1882 4684 ma-

292 4704 558 4774 gistratus
593 4717 655 4756 ac
685 4707 1033 4774 principatus,
1067 4725 1172 4763 non
1200 4710 1390 4780 gloria,
1422 4729 1525 4768 non
1554 4715 1746 4786 honor,
1777 4736 1882 4775 non

293 4796 530 4861 deliciae,
566 4811 670 4850 non
702 4806 965 4865 sumptus,
996 4816 1101 4854 non
1148 4803 1251 4855 alia
1280 4806 1479 4872 quaevis
1506 4807 1729 4864 felicitas
1757 4827 1887 4865 uxo-

295 4905 414 4945 rem
445 4888 765 4952 exhilarare,
785 4889 868 4944 vel
889 4889 1058 4945 virum
1079 4893 1360 4961 poterit,,si
1383 4895 1520 4952 inter
1543 4914 1600 4953 se
1629 4900 1882 4957 rixentur.

370 4982 426 5034 7.
475 4979 618 5034 Uxor
638 4981 816 5033 vitiosa
837 4979 1100 5036 toleranda
1120 4993 1226 5050 est;
1248 5002 1349 5040 non
1372 4985 1483 5040 licet
1505 5006 1711 5044 uxorem
1732 5009 1878 5062 repu-

296 5074 446 5126 diare
469 5079 514 5124 et
534 5071 689 5125 aliam
706 5071 904 5126 ducere.
927 5072 1184 5129 Orationis
1203 5077 1294 5131 vis.
1316 5109 1383 5116 —
1401 5079 1534 5134 Huic
1555 5082 1885 5152 potissimum

300 5166 376 5218 rei
409 5179 524 5235 pra:
543 5164 753 5220 caeteris
775 5164 1020 5218 omnibus
1042 5167 1370 5223 studeamus.
1404 5170 1602 5226 Vitiosa
1629 5182 1711 5228 est
1734 5191 1885 5244 uxor,

299 5257 387 5312 fac
416 5256 560 5327 quod
587 5256 736 5312 lsaac
763 5257 914 5325 fecit,
940 5259 1105 5313 Deum
1131 5276 1374 5330 precare.
1402 5265 1455 5318 Si
1481 5267 1623 5320 enim
1653 5268 1742 5324 ille
1772 5285 1886 5338 pre-

300 5361 431 5402 cum
463 5348 775 5404 assiduitate
801 5347 1130 5406 debilitatem
1160 5353 1315 5407 solvit
1337 5369 1561 5424 natum,
1591 5360 1761 5415 multo
1781 5377 1894 5416 ma-

302 5441 386 5508 gis
420 5455 537 5504 nos,
569 5440 614 5494 si
635 5440 848 5496 assidue
877 5441 1042 5497 Deum
1065 5459 1299 5510 oremus,
1331 5448 1620 5514 poterimus
1646 5452 1769 5505 vitia
1801 5468 1894 5508 vo-

303 5537 344 5592 lt
359 5536 533 5590 matis
558 5533 848 5604 corrigere.
879 5533 934 5589 Si
962 5543 1012 5590 te
1038 5535 1176 5590 Deus
1199 5537 1391 5591 viderit
1415 5538 1590 5593 studio
1623 5555 1734 5597 suae
1762 5544 1894 5614 legis

376 5695 402 5761 1‘
422 5700 555 5741 Hunc
575 5691 747 5761 locum
773 5689 846 5739 sic
877 5691 1049 5759 mutari
1087 5703 1228 5752 [esse
1252 5705 1426 5761 censet
1447 5697 1892 5761 savtttus._uempe,

304 5766 360 5810 ut
384 5756 543 5826 ipsum
565 5756 710 5826 caput
733 5757 865 5826 tuum
888 5753 1042 5801 virum
1063 5765 1188 5812 antu,
1205 5767 1232 5802 ο
1255 5753 1446 5819 "mlier,
1472 5763 1517 5807 et
1549 5757 1594 5808 si
1614 5758 1729 5810 colis
1751 5753 1896 5826 caput

310 5826 472 5875 tuum,
496 5818 567 5869 sic
597 5813 733 5865 illum
755 5812 873 5862 cole.

1450 395 1584 450 NON
1623 391 1790 451 ESSE
1829 389 2356 450 DESPERANDUM‘.

1971 487 2323 544 observandte
2339 488 2568 545 tolerare
2592 488 2954 558 patienterque
2973 484 3112 541 ferre
3131 485 3324 539 delicta
3347 483 3548 547 uxoris,

1969 581 2036 636 ad
2067 582 2208 636 illam
2238 581 2529 638 docendam
2572 590 2623 637 te
2643 580 2868 651 juvabit,
2907 595 2972 634 ac
2997 576 3262 648 patientiae
3290 575 3384 630 tibi
3405 589 3552 628 nter-

1973 671 2158 726 cedem
2190 673 2463 742 rependet.
2499 671 2648 728 Unde
2671 674 2802 728 enim
2832 672 2949 734 scis,
2986 671 3082 734 vir,
3120 666 3306 736 inquit,
3337 665 3382 719 si
3420 680 3551 718 uxo-

1970 779 2076 817 rem
2097 763 2288 817 salvam
2311 763 2501 832 facies?
2525 772 2614 816 aut
2629 763 2764 816 unde
2784 763 2901 827 scis,
2926 777 3073 824 uxor,
3088 759 3139 814 si
3170 759 3332 811 virum
3355 755 3552 809 saluum

1971 857 2124 926 facies
2154 858 2173 925 (
2189 856 2202 909 Ι
2233 856 2351 910 Cor.
2375 858 2426 910 7.
2457 856 2526 910 l6
2556 853 2616 927 )-?
2644 854 2760 909 Noli
2791 865 2968 907 autem
2991 850 3228 905 animum
3253 845 3556 917 desponde-

1971 964 2051 1012 re,
2081 949 2186 1002 noli
2208 948 2516 1018 desperare.
2547 947 2688 1002 Fieri
2718 947 2859 1001 enim
2902 951 3075 1014 potest
3116 950 3175 996 ut
3203 942 3315 1010 ipsa
3343 953 3557 1008 quoque

1971 1039 2115 1093 salva
2146 1041 2235 1093 fiat
2259 1057 2272 1092 :
2299 1039 2440 1108 quod
2468 1039 2512 1093 si
2543 1053 2603 1093 se
2624 1054 2731 1092 non
2772 1036 3022 1105 corrigat,
3056 1043 3113 1088 tu
3147 1042 3323 1086 tamen
3352 1030 3558 1098 patien-

1973 1131 2061 1186 tiae
2091 1131 2393 1188 mercedem
2421 1147 2527 1186 non
2553 1131 2767 1185 amittes
2793 1147 2805 1183 :
2835 1129 2916 1183 sin
2947 1137 3122 1182 autem
3153 1124 3397 1194 ejeceris,
3427 1120 3556 1174 illud

1972 1237 2138 1276 unum
2163 1222 2390 1293 primum
2418 1223 2649 1292 peccasti
2680 1220 2821 1291 quod
2854 1220 3022 1290 legem
3049 1226 3412 1287 transgressus
3439 1212 3556 1266 fue-
3651 1281 3666 1290 _

1974 1313 2067 1377 ris,
2091 1321 2145 1368 et
2163 1314 2370 1368 adulter
2410 1313 2549 1383 apud
2578 1313 2743 1368 Deum
2761 1311 3052 1381 judiceris:
3085 1309 3398 1379 Quicumque
3423 1305 3556 1360 enim

1972 1405 2170 1476 ejecerit
2193 1421 2401 1461 uxorem
2430 1423 2594 1472 suam,
2625 1406 2814 1475 inquit,
2837 1414 3043 1474 excepta
3065 1401 3412 1474 fornicationis
3438 1413 3560 1452 cau-

1973 1513 2050 1563 sa,
2089 1497 2213 1566 facit
2237 1514 2348 1552 eam
2376 1498 2615 1552 meliori
2651 1496 2866 1567 (Matth.
2899 1497 2954 1552 5.
2995 1492 3122 1568 52).
3176 1494 3559 1563 Saepenumero

1974 1599 2149 1645 autem
2195 1602 2411 1662 accepta
2459 1591 2771 1660 difficiliori,
2817 1601 3094 1662 peccatum
3135 1589 3418 1656 admisisti,
3459 1602 3560 1644 nec

1975 1688 2155 1735 tamen
2186 1683 2346 1737 ullam
2379 1685 2762 1740 relaxationem
2788 1693 2879 1738 aut
2902 1683 3132 1753 quietem
3158 1692 3344 1736 nactus
3363 1695 3442 1736 es.
3463 1679 3555 1734 Sin

1975 1773 2252 1828 meliorem
2273 1792 2448 1829 assum
2460 1777 2648 1846 pseris,
2673 1793 2776 1831 non
2798 1775 3117 1846 permittitur
3135 1773 3248 1835 tibi,
3274 1783 3331 1826 ut
3351 1771 3556 1825 sincera

1973 1866 2244 1935 voluptate
2304 1867 2594 1938 perfruaris
2643 1886 2707 1924 ex
2754 1868 3018 1931 secunda,
3071 1867 3139 1922 ob
3185 1865 3554 1920 dimissionem

1975 1958 2190 2027 prioris,
2215 1973 2336 2014 cum
2368 1960 2492 2016 inde
2516 1961 2608 2015 tibi
2625 1960 2940 2016 adulterium
2969 1960 3292 2029 imputetur:
3315 1964 3396 2012 est
3412 1953 3566 2010 enim.

1975 2049 2292 2104 adulterium
2345 2053 2580 2122 priorem
2617 2051 2906 2107 dimittere.
2953 2050 3087 2106 Cum
3129 2050 3288 2120 igitur
3328 2048 3558 2118 aliquam

1974 2141 2174 2197 videris
2213 2143 2342 2198 oriri
2388 2143 2753 2200 difficultatem
2792 2144 2876 2200 vel
2905 2144 2958 2199 in
2999 2143 3359 2206 matrimonio,
3393 2139 3476 2196 vel
3505 2139 3571 2194 ἰη-

1973 2233 2152 2303 aliquo
2170 2234 2276 2288 alio
2299 2250 2477 2290 rerum
2495 2243 2656 2302 statu,
2684 2236 2848 2292 Deum
2873 2250 3126 2306 precare:
3146 2234 3234 2288 hic
3258 2233 3404 2287 solus
3423 2231 3562 2302 opti-

1977 2339 2095 2378 mus
2115 2339 2146 2378 e
2167 2326 2321 2380 malis
2348 2326 2657 2396 emergendi
2678 2326 2888 2382 modus.
2921 2325 3109 2396 Magna
3130 2325 3326 2395 quippe
3344 2332 3427 2378 est
3445 2336 3563 2377 ora-

1977 2412 2136 2468 tionis
2163 2425 2454 2470 armatura.
2502 2417 2614 2472 Hoc
2651 2425 2706 2472 et
2756 2431 3125 2487 saepenumero
3162 2415 3295 2481 dixi,
3329 2423 3383 2468 et
3411 2427 3562 2468 nune

1977 2505 2117 2573 dico,
2152 2523 2325 2578 neque
2349 2507 2528 2564 dicere
2554 2508 2779 2564 cessabo
2809 2526 2822 2562 :
2857 2509 2982 2563 licet
3024 2515 3273 2578 peccator
3301 2506 3395 2572 sis,
3431 2518 3562 2559 con-

1978 2609 2127 2654 verte
2151 2601 2334 2656 oculos
2357 2611 2474 2656 tuos
2496 2602 2548 2656 in
2579 2601 2919 2671 publicanum
2941 2599 3032 2670 qui
3055 2599 3318 2668 repulsam
3346 2611 3452 2651 non
3477 2603 3562 2649 tu.-

1977 2690 2060 2756 lit,
2091 2692 2179 2760 qui
2206 2703 2312 2746 tam
2341 2694 2522 2749 multis
2547 2707 2607 2748 se
2633 2693 2863 2762 peccatis
2891 2690 3144 2759 expiavit.
3173 2688 3337 2744 Visne
3363 2686 3561 2742 intelli.

1976 2796 2102 2851 gere
2144 2794 2340 2852 quanta
2378 2801 2465 2841 res
2506 2786 2578 2841 sit
2601 2785 2813 2840 oratio?
2849 2783 2967 2840 Non
3014 2792 3119 2838 tam
3162 2781 3305 2837 valet
3329 2779 3561 2836 amicitia

1977 2872 2115 2941 apud
2147 2874 2310 2928 Deum
2335 2891 2494 2945 quam
2525 2877 2714 2930 oratio.
2738 2876 2919 2946 Neque
2947 2889 3098 2928 meus
3125 2881 3207 2929 est
3231 2872 3314 2926 hic
3337 2887 3518 2928 sermo
3543 2888 3558 2926 :

1977 2980 2152 3035 neque
2181 2967 2324 3021 enim
2350 2967 2600 3023 auderem
2625 2969 2752 3023 tanti
2784 2968 3038 3022 momenti
3062 2982 3174 3021 rem
3203 2982 3265 3021 ex
3294 2980 3410 3020 mea
3431 2980 3558 3020 sen-

1979 3056 2141 3111 tentia
2171 3056 2422 3126 delinire,
2455 3059 2578 3114 audi
2609 3076 2670 3115 ex
2701 3059 2994 3128 Scriptura,
3025 3057 3165 3128 quod
3194 3057 3423 3112 amicitia
3455 3071 3559 3111 non

1978 3149 2220 3217 perfecit,
2252 3152 2302 3207 id
2330 3152 2398 3208 ab
2424 3155 2667 3210 oratione
2701 3169 2820 3209 esse
2845 3151 3160 3222 perfectum.
3191 3150 3318 3216 Quis
3337 3166 3399 3204 ex
3425 3150 3564 3204 vobis

1978 3251 2070 3307 est,
2094 3244 2178 3313 qui
2197 3244 2394 3298 habebit
2414 3245 2652 3311 amicum,
2678 3255 2726 3299 et
2752 3245 2950 3299 veniens
2971 3243 3097 3297 dicet
3118 3243 3183 3307 ei,
3202 3241 3395 3308 Amice,
3427 3257 3564 3294 com-

1979 3333 2132 3386 moda
2172 3335 2298 3387 mihi
2348 3345 2447 3388 tres
2482 3353 2638 3406 panes
2672 3352 2692 3390 :
2719 3346 2764 3389 et
2799 3335 2887 3389 ille
2929 3335 3236 3404 respondens
3279 3333 3409 3386 dicet
3451 3333 3561 3396 illi,

1983 3423 2184 3478 Ostium
2211 3426 2439 3479 clausum
2470 3437 2560 3490 est,
2588 3427 2730 3496 pueri
2748 3437 2864 3480 sunt
2886 3427 2936 3478 in
2961 3425 3114 3479 cubili
3135 3441 3154 3479 :
3175 3425 3282 3478 noli
3302 3423 3424 3476 mihi
3451 3440 3562 3475 mo-

1982 3517 2136 3571 lestus
2161 3535 2284 3573 esse.
2326 3518 2450 3572 Dico
2480 3520 2613 3572 enim
2659 3519 2815 3581 vobis,
2843 3519 2933 3572 etsi
2958 3517 3092 3589 quod
3128 3517 3319 3571 amicus
3340 3517 3448 3584 ejus
3477 3515 3561 3576 sit,

1978 3626 2078 3663 non
2101 3609 2240 3663 dabit
2265 3611 2326 3676 ei,
2353 3621 2559 3680 propter
2586 3611 3014 3681 importunitatem
3042 3618 3206 3663 tamen
3227 3608 3335 3679 ejus
3356 3607 3492 3660 dabit
3516 3606 3562 3659 ei

1978 3711 2217 3772 quotquot
2260 3701 2404 3756 habet
2429 3703 2734 3756 necessarios
2764 3701 2913 3772 (Luc.
2942 3703 3029 3756 ll.
3061 3703 3094 3757 5
3121 3701 3237 3770 -8).
3267 3699 3425 3755 Vides
3454 3715 3561 3768 quo

1985 3802 2138 3864 pacto
2165 3793 2306 3863 quod
2335 3811 2440 3848 non
2471 3795 2640 3863 potuit
2663 3793 2914 3860 amicitia,
2940 3794 3043 3847 hoc
3066 3791 3346 3847 assiduitas
3373 3799 3562 3859 potuc-

1983 3886 2088 3940 rit?
2114 3885 2246 3938 Nam
2279 3887 2530 3956 quoniam
2557 3885 2654 3940 fuit
2696 3885 2918 3950 amicus,
2946 3885 3036 3953 qui
3079 3883 3308 3952 petebat,
3346 3897 3414 3936 ne
3443 3895 3565 3949 pro-

1982 3987 2162 4047 pterea
2189 3994 2302 4033 rem
2327 3979 2474 4032 illum
2501 3978 2787 4049 perfecisse
2811 3976 3260 4042 eenseres,_dixit,
3290 3975 3400 4030 Etsi
3426 3974 3564 4036 quod

1982 4071 2173 4123 amicus
2211 4071 2322 4135 eius
2359 4070 2422 4124 sit
2472 4086 2571 4123 non
2611 4069 2749 4124 dabit
2787 4069 2853 4134 ei,
2900 4079 3106 4140 propter
3135 4067 3566 4138 importunitatem

1982 4161 2090 4230 ejus
2126 4160 2264 4213 dabit
2304 4161 2368 4213 ei.
2408 4160 2557 4216 Licet
2591 4161 2643 4215 id
2685 4160 2914 4216 amicitia
2953 4175 3058 4215 non
3093 4167 3331 4229 priestet,
3374 4158 3563 4228 inquit,

1984 4253 2268 4309 assiduitas
2295 4261 2470 4307 tamen
2500 4253 2770 4323 pra-stabit
2806 4252 2856 4306 id
2886 4252 3025 4323 quod
3070 4251 3300 4306 amicitia
3346 4250 3565 4304 minime

1985 4345 2175 4412 potuit.
2209 4345 2273 4397 Et
2302 4344 2388 4398 ubi
2433 4344 2644 4397 tandem
2674 4343 2726 4397 id
2769 4343 3002 4397 accidit?
3042 4342 3100 4396 In
3134 4341 3434 4412 publicano.
3465 4339 3568 4396 Nc-

1985 4451 2085 4504 que
2117 4435 2258 4488 enim
2286 4442 2401 4489 erat
2423 4435 2627 4489 amicus
2653 4435 2763 4489 Deo
2787 4434 3117 4502 publicanus,
3143 4432 3236 4486 sed
3263 4433 3466 4486 amicus
3485 4441 3572 4486 est

1987 4525 2158 4580 factus
2184 4544 2196 4579 :
2225 4527 2400 4594 itaque
2423 4523 2554 4580 licet
2589 4525 2830 4579 inimicus
2856 4525 2950 4587 sis,
2974 4523 3286 4578 assiduitate
3314 4522 3408 4576 fies
3432 4522 3569 4576 ami-

1987 4632 2102 4673 cus.
2135 4616 2268 4672 Vide
2291 4617 2452 4671 etiam
2485 4615 2967 4687 Symphmnissam,
3001 4625 3053 4668 et
3077 4613 3198 4668 audi
3227 4613 3352 4683 quid
3389 4612 3462 4666 illi
3485 4612 3569 4666 di-

1989 4716 2116 4764 cat:
2152 4706 2273 4762 Non
2312 4716 2389 4762 est
2427 4706 2610 4759 bonum
2649 4721 2845 4759 sumere
2886 4721 3067 4776 panem
3111 4704 3353 4772 ﬁliorum,
3379 4714 3423 4758 et
3450 4704 3572 4757 dare

1988 4800 2197 4855 canibus
2225 4797 2434 4870 (Matth.
2464 4798 2551 4852 15.
2573 4797 2687 4867 26).
2735 4796 2841 4852 Cur
2871 4795 3027 4867 igitur
3055 4796 3106 4850 id
3136 4796 3278 4859 fecit,
3302 4796 3344 4848 si
3368 4795 3564 4848 bonum

1991 4908 2097 4947 non
2125 4892 2245 4946 est?
2274 4891 2600 4946 Assiduitate
2633 4891 2824 4944 mulier
2850 4890 2900 4944 id
2930 4890 3127 4945 bonum
3158 4887 3371 4943 eliecit:
3400 4896 3459 4941 ut
3494 4887 3572 4941 di-

1991 4999 2110 5039 scas
2132 4999 2229 5039 nos
2258 4983 2448 5053 quibus
2477 4982 2626 5052 digni
2649 4981 2865 5038 minime
2895 4997 3100 5049 sumus,
3130 4979 3194 5035 iis
3220 4994 3312 5049 per
3341 4978 3568 5034 aSsidui-

1994 5084 2154 5130 tatem
2184 5074 2374 5143 dignos
2405 5073 2652 5127 evadere.

2065 5168 2118 5222 8.
2153 5167 2278 5221 llaec
2307 5181 2406 5236 ego
2435 5165 2565 5231 dixi,
2593 5179 2658 5219 ne
2687 5163 2851 5226 dicas,
2871 5164 3132 5218 l’eccator
3155 5176 3293 5226 sum,
3326 5160 3568 5214 fiduciam

1995 5275 2102 5315 non
2128 5258 2336 5323 habeo,
2379 5272 2566 5327 preces
2594 5271 2698 5309 non
2747 5253 2937 5308 habeo.
2981 5252 3073 5309 Ille
3117 5252 3361 5307 fiduciam
3393 5250 3571 5316 habet,

1996 5351 2084 5423 qui
2111 5366 2170 5407 se
2195 5366 2300 5405 non
2330 5349 2524 5403 habere
2575 5347 2718 5401 illam
2761 5353 2907 5415 putat
2937 5362 2948 5397 :
2978 5345 3114 5398 sicut
3154 5343 3196 5396 is
3225 5342 3313 5413 qui
3355 5357 3413 5397 se
3445 5341 3578 5395 fidu-

1997 5444 2133 5498 ciam
2162 5441 2357 5495 habere
2388 5447 2569 5509 putat,
2614 5437 2856 5491 fiduciam
2883 5435 3092 5497 amisit,
3125 5432 3574 5503 quemadmodum

1999 5533 2298 5589 Phariszeus
2330 5549 2344 5585 :
2373 5530 2462 5601 qui
2491 5545 2617 5583 vero
2642 5528 2873 5598 seipsum
2909 5526 3170 5596 abjcctum
3195 5533 3342 5595 putat
3368 5535 3419 5580 et
3447 5523 3579 5579 fidu-

1999 5628 2078 5682 cia
2106 5626 2438 5687 destitutum,
2472 5623 2516 5676 is
2539 5621 2769 5676 maxime
2785 5618 3116 5683 exaudiatur,
3135 5617 3580 5688 quemadmodum

2002 5721 2330 5790 publicanus.
2365 5714 2500 5770 Vide
2523 5728 2680 5783 quam
2698 5711 2859 5766 multa
2889 5711 2981 5766 tibi
3000 5710 3242 5780 exempla
3271 5719 3577 5780 suppetant,

2004 5809 2435 5883 Syrophmuissa,
2471 5805 2812 5878 publicanus,
2849 5803 2982 5858 latro
3011 5803 3066 5859 in
3090 5817 3268 5872 cruce,
3301 5802 3503 5857 amicus
3528 5800 3582 5854 in
