4060 6260
506 426 608 484 3'"

513 536 761 606 parabola
784 575 800 600 ,
852 535 939 604 qui
983 544 1090 589 tres
1121 549 1283 604 panes
1321 539 1570 608 petebat,
1617 541 1813 612 quique
1843 558 1947 597 non
1979 552 2086 598 tam

513 639 730 697 prepter
776 628 1060 682 amicitiam
1084 669 1099 694 ,
1141 644 1298 698 quam
1345 641 1564 701 propter
1603 633 1965 690 assiduitatem
1994 634 2092 690 ob-

513 722 684 774 tinuit.
715 719 914 774 ﬂorum
942 721 1302 792 unusquisque
1329 724 1372 777 si
1398 722 1638 790 dixisset,
1665 725 1922 781 Peecator
1945 741 2085 792 sum,

509 819 565 866 et
603 811 805 880 pudore
849 811 1100 878 sull‘usus,
1146 822 1200 867 et
1241 813 1440 868 ideirco
1477 814 1732 870 accedere
1760 831 1865 870 non
1891 815 2082 881 debeo,

512 903 642 956 nihil
683 904 1055 972 promovisset.
1101 902 1174 958 At
1198 905 1448 974 quoniam
1486 904 1697 960 illorum
1719 906 1942 976 quisque
1979 920 2086 960 non

509 995 576 1049 ad
616 1003 952 1063 peccatorum
982 1008 1198 1049 suorum
1236 997 1468 1065 reSpexit
1493 995 1909 1064 magnitudinem
1931 1035 1948 1063 ,
1993 994 2087 1050 sed

509 1089 575 1143 ad
607 1089 820 1144 divitias
845 1088 1181 1158 benignitatis
1211 1088 1302 1143 Dei
1331 1087 1544 1160 (Ephea.
1575 1089 1629 1146 5.
1660 1087 1784 1159 l6),
1810 1087 2088 1143 conlidens

431 1207 436 1218 ί
511 1188 566 1233 et
599 1179 771 1234 audax
793 1179 919 1243 fuit,
943 1187 999 1234 et
1025 1178 1266 1250 quamvis
1287 1185 1534 1249 peccator
1557 1187 1752 1249 praeter
1775 1179 2086 1249 dignitatem

511 1285 660 1324 suam
692 1269 997 1340 postulavit,
1027 1277 1083 1324 et
1109 1284 1228 1339 qua:
1257 1269 1419 1324 voluit
1445 1269 1668 1340 quisque
1691 1269 1933 1341 perfecit.
1964 1270 2089 1325 Ηιιεο

511 1361 672 1430 igitur
695 1360 870 1415 omnia
893 1372 1074 1414 mente
1097 1373 1376 1415 versemus
1394 1401 1409 1425 ,
1440 1368 1494 1414 et
1511 1360 1726 1415 assidue
1752 1375 1938 1430 preces
1966 1359 2088 1414 fun-

511 1452 700 1507 damus
723 1492 738 1518 ,
762 1451 946 1522 vigiles
966 1491 981 1515 ,
1011 1449 1340 1508 confidentes
1363 1491 1378 1513 ,
1403 1451 1558 1506 bona:
1583 1452 1696 1521 spei
1728 1451 1891 1521 pleni,
1921 1451 2089 1506 multo

510 1557 633 1598 cum
662 1541 858 1597 studio.
891 1541 1101 1608 Quanto
1131 1555 1255 1595 eum
1295 1540 1470 1595 studio
1489 1540 1671 1596 caeteri
1699 1541 1957 1596 adversus
1983 1541 2087 1608 ini-

511 1634 678 1688 mices
708 1647 893 1703 preces
917 1631 1178 1698 fundunt,
1207 1639 1353 1688 tanto
1375 1645 1495 1688 eum
1522 1631 1702 1690 studio
1741 1647 1841 1687 nos
1861 1645 1958 1702 pro
1988 1631 2090 1686 ini-

511 1725 666 1779 micis
694 1732 749 1778 et
777 1739 872 1793 pro
912 1722 1160 1778 fratribus
1199 1737 1385 1794 preces
1424 1721 1740 1790 fundamus,
1783 1733 1838 1780 et
1865 1723 2086 1780 omnino

1247 426 1306 483 S.
1343 427 1616 486 JOANNIS
1637 429 2104 488 CIIRYSOSTOMI
2145 427 2463 484 ABCHIEP.
2502 427 3010 487 CONSTANTINOP

3665 425 3772 486 873

2192 549 2381 596 cuncta
2410 556 2529 611 qua:
2564 540 2618 595 in
2644 556 2756 596 rem
2786 549 3023 595 nostram
3047 537 3244 611 fuerint
3266 537 3642 595 obtinebimus.
3671 538 3770 596 Be-

2193 631 2384 702 nignus
2411 632 2552 686 enim
2581 639 2664 686 est
2688 631 2777 701 qui
2804 630 3028 700 largitur
3051 671 3067 696 ,
3095 644 3196 685 nec
3217 629 3352 685 adeo
3377 643 3476 684 nos
3500 628 3772 684 desidera-

2191 739 2312 779 mus
2331 723 2612 793 accipere,
2651 731 2713 779 ut
2746 722 3017 778 desiderat
3058 722 3147 776 ille
3197 721 3397 792 largiri.
3443 720 3571 776 Haec
3613 720 3773 792 igitur

2190 816 2368 870 omnia
2397 830 2518 870 eum
2545 815 2795 879 sciamus,
2827 814 2949 869 licet
2991 815 3042 868 in
3080 813 3317 868 inﬁmum
3357 813 3610 882 nequitia:
3642 826 3773 882 pro-

2191 908 2410 963 fundum
2427 908 2593 963 simus
2617 907 2871 971 devoluti,
2895 905 3050 960 nesie
3068 903 3279 975 quidem
3306 903 3375 960 de
3393 904 3566 960 salute
3591 912 3774 959 nostra

2191 997 2565 1067 desperemus,
2619 996 2716 1053 sed
2765 997 2906 1053 bona
2955 997 3116 1050 etiam
3152 1011 3274 1050 eum
3305 1007 3401 1065 spe
3434 994 3774 1059 accedamus,

2191 1090 2450 1160 nobisque
2476 1089 2889 1159 persuadeamus
2913 1088 3135 1143 omnino
3173 1087 3319 1152 fore,
3363 1097 3422 1142 ut
3464 1086 3604 1157 quod
3639 1087 3776 1156 peti-

2192 1195 2312 1235 mus
2349 1195 2696 1250 assequamur
2720 1221 2737 1247 ,
2769 1180 2816 1234 si
2855 1196 2923 1236 ex
2968 1179 3280 1250 praescripto
3312 1179 3538 1255 latarum
3562 1179 3629 1234 ab
3657 1179 3775 1249 ipso

2193 1269 2369 1340 legum
2419 1278 2681 1340 petamus.
2730 1270 2864 1324 Eum
2893 1271 2980 1343 qui
3021 1279 3180 1341 potest
3207 1270 3377 1324 omnia
3404 1273 3570 1341 facere
3597 1287 3778 1340 supcr-

2190 1361 2540 1427 abundanler,
2583 1376 2736 1431 quam
2778 1362 3026 1432 petimus,
3067 1369 3157 1414 aut
3197 1360 3526 1431 intelligimus
3548 1358 3770 1431 (Ephes.

2191 1451 2246 1506 5.
2273 1450 2401 1522 20),
2450 1449 2744 1517 Christum,
2783 1451 3022 1506 omnium
3061 1450 3296 1522 Regem,
3338 1451 3503 1506 Deum
3535 1460 3777 1506 nostrum

2191 1543 2345 1599 decet
2368 1544 2544 1599 omnis
2570 1544 2758 1614 gloria,
2786 1543 2957 1599 honor
2981 1553 3034 1600 et
3057 1543 3319 1610 adoratio,
3345 1559 3448 1598 una
3475 1557 3596 1599 cum
3617 1543 3777 1600 Patro

2191 1635 2325 1691 initii
2355 1644 2592 1705 experte,
2609 1649 2673 1690 ac
2691 1634 3027 1691 sanctissimo
3049 1634 3362 1705 viviﬁeoque
3381 1634 3600 1705 Spiritu,
3625 1647 3769 1690 nunc

2192 1734 2248 1781 et
2276 1739 2512 1794 semper,
2539 1733 2596 1782 et
2636 1725 2689 1782 in
2715 1725 2909 1782 smcula
2937 1725 3278 1783 saeculorum.
3304 1727 3492 1781 Amen.

1465 2365 1817 2427 MONITUM
1859 2367 1959 2428 AD
1998 2365 2377 2428 HOMILIAM
2413 2364 2492 2425 IN
2541 2361 2770 2424 lLLUD

584 2621 738 2679 lianc
765 2621 1081 2679 concionem
1111 2630 1234 2693 post
1257 2633 1532 2694 peractam
1565 2623 1853 2684 lectionem
1878 2623 2136 2694 Epistolas
2182 2622 2249 2679 ad
2283 2622 2502 2678 Galatas
2536 2619 2843 2676 Antiochize
2886 2616 3078 2674 habuit
3111 2615 3558 2689 Chrysostomus.
3594 2608 3756 2666 Veri-

514 2749 604 2794 tus
627 2739 770 2794 enim
796 2755 864 2794 ne
893 2740 1125 2808 tantilla,
1157 2755 1281 2812 qua:
1303 2741 1394 2799 hic
1420 2750 1648 2814 apparet
1692 2742 1834 2799 inter
1862 2743 2084 2800 Petrum
2127 2751 2182 2797 et
2224 2740 2456 2796 Paulum
2496 2740 2790 2807 Ecclesiae,
2844 2740 2922 2795 ait
2964 2740 3076 2805 ille,
3107 2735 3415 2802 celumnas,
3457 2731 3753 2794 dissensio,

517 2853 734 2925 piorum
775 2852 990 2909 animos
1013 2853 1423 2924 iuterturbaret,
1447 2856 1605 2926 longa
1633 2857 1812 2912 locum
1837 2857 1991 2912 illum
2019 2856 2267 2912 oratione
2289 2854 2584 2924 explanare
2606 2853 2821 2908 nititur.
2853 2851 3036 2910 Multis
3067 2853 3251 2909 statim
3274 2851 3530 2922 explicat,
3553 2857 3761 2921 quanta

518 2971 650 3029 hinc
682 2973 1029 3032 incommoda
1067 2985 1389 3046 sequantur,
1412 2975 1459 3031 si
1482 2989 1607 3031 vere
1631 2981 1684 3029 et
1710 2972 2032 3044 obiurgandi
2063 2971 2267 3037 animo,
2303 2967 2552 3039 plurimis
2579 2967 2967 3039 praesentibus,
2994 2964 3372 3041 apostolorum
3401 2960 3758 3032 coryphaeum

516 3089 718 3147 Paulus
739 3091 812 3147 sit
839 3092 1084 3148 adortus.
1116 3090 1255 3147 Hine
1280 3093 1417 3147 duas
1437 3091 1580 3147 circa
1605 3089 1752 3145 hunc
1777 3090 1956 3145 locum
1985 3086 2282 3144 sententias
2316 3084 2513 3154 aperit,
2543 3083 2838 3153 statimque
2883 3080 3083 3138 refutat
3109 3095 3124 3132 :
3171 3093 3404 3151 quarum
3452 3075 3602 3147 prior
3647 3083 3756 3139 est,

523 3205 742 3260 Petrum
766 3206 831 3260 de
854 3221 964 3276 quo
987 3205 1073 3261 hic
1111 3206 1308 3277 agitur,
1331 3180 1446 3260 nou-
1467 3204 1837 3275 apostolorum
1869 3202 2193 3273 principem,
2223 3199 2318 3254 sed
2345 3198 2512 3254 alium
2542 3212 2662 3253 esse
2687 3195 3066 3266 cognominem
3104 3213 3119 3250 :
3153 3193 3320 3249 altera
3351 3205 3536 3247 veram
3569 3186 3762 3244 statuit

525 3333 647 3374 esse
673 3318 1174 3390 reprehensionem,
1201 3319 1297 3374 sed
1327 3319 1580 3374 simulate
1615 3315 1835 3373 factam.
1864 3313 2069 3370 Deinde
2113 3326 2243 3368 vero
2276 3325 2432 3367 suam
2478 3307 2686 3379 profert
2721 3309 2812 3363 ille
2844 3307 3160 3378 opinionem
3195 3323 3210 3358 :
3249 3315 3443 3370 nempe
3483 3295 3764 3369 apostolos

529 3433 748 3492 Petrum
780 3444 834 3489 et
860 3433 1087 3490 Paulum
1123 3435 1188 3490 ad
1223 3435 1362 3494 hanc
1396 3435 1539 3508 piam
1577 3433 1982 3493 simulationem
2017 3438 2240 3504 paratos
2273 3429 2668 3496 meditatusque
2709 3425 2960 3492 venisse;
3013 3437 3186 3494 exque
3223 3426 3377 3491 pacto
3408 3424 3463 3473 et
3491 3420 3766 3471 convento

487 4043 616 4086 CUM
647 4042 712 4086 IN
754 4043 1165 4086 PRECEDENTI
1189 4042 1502 4086 COLLECTA
1535 4041 1598 4084 IN
1635 4040 1798 4084 NOVA
1844 4039 2136 4083 ECCLESIA
2179 4038 2309 4082 CUM
2353 4034 2646 4079 EPISCOPO
2689 4033 3075 4078 CONVENTUM
3104 4033 3556 4088 CELEBBASSET,
3583 4033 3759 4078 HUNC

566 4141 910 4183 εειωοΝΕΜ
979 4141 1219 4183 HABUIT
1261 4141 1325 4182 IN
1367 4139 1598 4184 VETERI
1643 4139 1932 4182 ECCLESIA
1979 4138 2042 4180 IN
2087 4137 2256 4179 HUNC
2315 4135 2525 4179 LOCUM
2579 4133 2878 4178 APOS'I'OLI
2918 4135 2932 4175 ζ
2979 4133 3110 4176 CUM
3167 4133 3468 4177 VENISSET
3519 4134 3760 4178 Ρετιιυε

564 4237 984 4293 amoenum,
1029 4237 1094 4280 11v
1135 4238 1374 4281 FACIEM
1419 4237 1481 4278 El
1525 4237 1773 4280 RESTITI
1819 4217 2012 4298 (Gai.
2039 4217 2100 4276 2.
2130 4219 2199 4276 11
2234 4217 2252 4296 )
2287 4236 2301 4275 :
2335 4235 2415 4276 ET
2450 4233 2759 4276 osrsnm'r
2801 4232 2881 4274 EA
2925 4231 3067 4284 ous:
3107 4232 3242 4276 TUM
3287 4233 3584 4289 FIEBANT,
3629 4233 3758 4276 non

571 4337 607 4379 Δ
675 4335 1050 4380 CONTRARIIS
1118 4336 1363 4383 STUDIIS
1423 4336 1740 4382 PROFEC'I’A
1784 4337 1979 4394 ESSE,
2056 4335 2270 4380 VERUM

567 4436 808 4484 nomen
855 4418 966 4489 (α).

1865 4579 2094 4597 ﬂ

554 4708 610 4765 1.
644 4707 816 4764 Unum
859 4723 889 4763 a
930 4708 1083 4763 vobis
1123 4707 1269 4763 abfui
1313 4707 1490 4774 diem,
1542 4715 1596 4762 et
1643 4705 1867 4781 perinde
1915 4705 2068 4775 quasi

485 4812 627 4854 anno
673 4798 877 4869 integro
918 4807 1194 4869 separatus
1222 4812 1252 4852 a
1295 4798 1447 4855 vobis
1493 4796 1748 4864 fuissem,
1787 4796 1858 4851 ita
1901 4795 2068 4850 tristis

488 4887 832 4960 nitestusque'
862 4889 1147 4960 permansi.
1191 4889 1366 4960 Atque
1397 4889 1510 4944 haec
1547 4903 1670 4943 vera
1693 4902 1814 4943 esse
1837 4928 1853 4954 ,
1901 4901 1971 4940 ex
2003 4886 2068 4941 iis

485 4997 604 5052 quae
637 4981 788 5035 vobis
817 4980 1156 5046 acciderunt,
1191 4980 1289 5054 ipsi
1322 4980 1660 5050 cognoscitis.
1720 4979 1788 5034 Ut
1814 4979 1956 5034 enim
1983 4977 2064 5030 la-

483 5081 635 5126 eteus
666 5070 920 5140 puerulus
944 5085 976 5125 a
1004 5072 1256 5126 maternis
1305 5071 1524 5126 avulsus
1567 5070 1819 5126 uberibus
1850 5071 1867 5101 ¹
1889 5112 1904 5136 ,
1933 5084 2068 5140 quo-

484 5177 714 5233 cumque
747 5161 960 5216 tandem
987 5161 1248 5217 abductus
1277 5162 1452 5229 fuerit,
1479 5163 1670 5218 crebro
1699 5177 1758 5218 se
1785 5161 1888 5216 huc
1914 5161 2066 5216 illuc—

483 5269 589 5326 que
614 5253 904 5319 convertit,
937 5262 991 5306 et
1011 5263 1235 5308 matrem
1257 5269 1408 5308 suam
1435 5253 1791 5322 circumSpicit
1825 5270 1837 5305 :
1861 5253 1938 5307 sic
1966 5266 2066 5322 ego

481 5360 694 5415 quoque
740 5343 924 5413 procul
968 5358 998 5398 a
1045 5354 1288 5399 materno
1333 5345 1452 5400 sinu
1500 5345 1821 5411 translatus,
1874 5345 2064 5399 crebro

482 5435 1014 5504 circumspiciebam,
1069 5445 1124 5490 et
1173 5436 1525 5506 undequaque
1568 5451 1778 5491 sacrum
1829 5445 2064 5491 vestrum

486 5525 625 5581 hunc
652 5535 850 5582 cretum
876 5526 1230 5596 requirebam.
1286 5526 1392 5583 Sed
1420 5542 1482 5582 ea
1508 5543 1594 5582 me
1617 5541 1702 5581 res
1729 5535 1904 5581 tamen
1936 5526 2064 5580 satis

483 5616 875 5684 consolabatur,
909 5617 1050 5686 quod
1083 5617 1209 5673 dum
1237 5619 1604 5674 amantissimo
1630 5619 1764 5689 patri
1795 5635 2060 5690 parerem,

487 5773 623 5884 ί
667 5773 843 5824 collata
877 5788 986 5824 eum
1017 5783 1124 5826 Mss.
1155 5778 1304 5839 Regio
1321 5777 1465 5837 2545,
1500 5786 1553 5829 et
1575 5777 1864 5830 Colbertinis
1891 5778 1983 5830 970
2016 5784 2067 5828 et

550 5898 568 5926 ι
607 5902 734 5945 Unus
761 5902 886 5955 3153.,
919 5908 947 5945 a
967 5903 1166 5957 paterno
1188 5895 1293 5947 situt
1318 5895 1522 5949 avulsus.

2099 4558 2146 4608 Ο

2339 4335 2424 4376 EX
2466 4331 2664 4377 PACTO
2731 4331 3060 4377 CONVENTO
3127 4333 3207 4376 ET
3253 4334 3370 4376 PER
3426 4333 3761 4378 DISPENSA-

2145 4578 2393 4598 q————

2177 4699 2230 4754 id
2261 4697 2391 4754 mihi
2420 4697 2706 4766 accideret,
2738 4706 2792 4754 et
2820 4705 3137 4768 conceptum
3167 4712 3232 4752 ex
3267 4697 3600 4766 separatione
3624 4710 3761 4750 moe-

2171 4805 2346 4846 rorem
2369 4790 2682 4845 obedientiae
2709 4791 2981 4859 praemium
3005 4789 3358 4860 abstergebat.
3380 4790 3473 4844 Est
3491 4789 3630 4844 enim
3653 4790 3763 4846 hoe

2173 4886 2303 4941 mihi
2325 4886 2408 4941 vel
2444 4885 2636 4957 quovis
2679 4885 2977 4940 diademate
3007 4885 3266 4940 illustrius
3289 4925 3306 4952 ,
3336 4893 3390 4939 et
3414 4897 3610 4940 corona
3639 4883 3760 4953 glo-

2171 4976 2364 5031 riosius
2390 5017 2406 5042 ,
2439 4975 2635 5046 ubique
2672 4990 2791 5030 cum
2829 4975 3067 5045 genitore
3094 4975 3418 5044 peregrinari
3446 4991 3461 5029 :
3501 4975 3602 5028 hoc
3627 4973 3758 5028 mihi

2171 5077 2389 5123 ornatus
2417 5077 2518 5132 est,
2546 5077 2600 5122 et
2644 5067 2900 5122 securitas
2934 5085 2947 5121 :
2975 5077 3192 5122 ornatus
3215 5066 3432 5137 quidem
3453 5106 3468 5133 ,
3500 5065 3644 5136 quod
3676 5066 3758 5120 sic

2171 5173 2293 5213 eum
2321 5158 2701 5228 manciparim,
2736 5167 2790 5213 et
2815 5157 2882 5212 ad
2907 5172 3143 5213 amorem
3190 5173 3369 5212 meum
3420 5156 3755 5227 pellexerim,

2173 5257 2230 5302 ut
2255 5264 2514 5320 nusquam
2531 5249 2646 5303 sine
2669 5248 2777 5304 lilio
2796 5249 2921 5303 velit
2938 5263 3196 5318 apparere
3225 5266 3238 5301 :
3269 5248 3528 5303 securitas
3549 5257 3755 5311 autem,

2171 5341 2310 5410 quod
2324 5341 2448 5395 dum
2467 5350 2779 5411 prmsentem
2800 5325 3032 5396 intuetur
3042 5351 3200 5414 atque
3209 5348 3522 5402 certantem,
3538 5339 3760 5393 omnino

2171 5445 2385 5485 suarum
2408 5432 2566 5485 etiam
2598 5446 2812 5500 precum
2841 5431 3096 5485 auxilium
3127 5431 3280 5485 nobis
3309 5429 3634 5500 suppeditet.
3689 5428 3760 5483 Et

2172 5522 2618 5592 quemadmodum
2647 5538 2837 5578 navem
2867 5523 3236 5594 gubernatoris
3278 5535 3467 5575 manus
3488 5561 3503 5587 ,
3547 5519 3756 5584 clavus,

2177 5622 2231 5670 et
2263 5614 2480 5685 zephyri
2509 5614 2663 5668 ﬂatus
2687 5614 2754 5668 ad
2783 5623 2991 5685 portum
3028 5628 3219 5669 secure
3245 5611 3516 5666 deducunt
3549 5627 3563 5663 :
3596 5610 3676 5664 sic
3705 5619 3756 5664 et

2173 5705 2330 5776 hujus
2372 5707 2780 5773 benevolentia,
2839 5721 2959 5761 cum
3015 5706 3213 5761 auxilio
3258 5719 3511 5775 precum,
3565 5702 3758 5757 melius

2173 5815 2329 5868 quam
2357 5801 2622 5871 zephyrus
2649 5810 2704 5855 et
2740 5801 3066 5870 gubernator
3107 5800 3245 5854 ullus
3292 5807 3382 5853 aut
3422 5796 3760 5867 gubernacu-

2175 5890 2282 5945 lum
2307 5932 2323 5960 ,
2366 5892 2654 5950 orationem
2700 5902 2934 5950 nostram
2978 5892 3176 5964 dirigit.
3232 5891 3313 5950 Me
3345 5903 3470 5947 vero
3494 5897 3754 5960 praeterea
