4060 6260
387 357 484 418 371

390 477 482 534 τὸν
511 469 713 550 λῃστὴν
749 477 841 533 τὸν
878 478 972 534 ἐπὶ⁵
1021 479 1274 552 σταυροῦ,
1316 479 1408 536 τὸν
1460 483 1521 535 ἐν
1571 484 1638 553 τῇ
1671 481 1954 553 παραϐολῇ

393 564 545 635 φίλον
573 563 664 618 τὸν
692 566 820 629 τοὺς
855 569 1002 638 τρεῖς
1028 567 1226 638 ἄρτους
1251 566 1530 636 αἰτοῦντα,
1570 569 1668 623 καὶ
1693 569 1792 639 οὐχ
1816 567 1959 621 οὕτω

389 651 478 707 διὰ
531 651 632 722 τὴν
700 653 907 722 φιλίαν,
953 653 1030 718 ὼς
1079 653 1168 708 διὰ
1218 655 1320 725 τὴν
1363 656 1717 727 προσεδρείαν
1770 657 1959 708 ἐπιτυ-

391 738 571 808 χόντα.
601 737 818 793 Τούτων
835 740 1065 804 ἕκαστος
1083 742 1132 794 εί
1151 736 1325 807 εἶπεν,
1349 739 1428 793 ὅτι
1463 739 1518 792 Ἀ
1529 740 1803 810 μαρτωλός
1821 743 1958 811 εἰμι,

393 827 472 883 ὅτι
503 827 966 899 Κατῃσχυμμένος
1003 829 1140 899 εἰμὶ,
1177 830 1272 884 καὶ
1300 829 1390 883 διὰ
1430 829 1588 884 τοῦτο
1631 831 1732 883 οὐκ
1761 830 1962 898 ὀφείλω

391 914 733 984 προσελθεῖν,
776 916 878 968 οὐκ
918 914 989 970 ἂν
1035 916 1202 986 ἦνυσέ
1249 934 1302 970 τι
1352 916 1532 972 πλέον.
1589 917 1729 974 Ἀλλ’
1779 916 1963 988 ἐπειδὴ

389 1001 619 1063 ἕκαστος
641 1002 848 1057 τούτων
876 1003 937 1056 οὑ
960 1005 1097 1077 πρὸς
1122 1004 1182 1057 τὸ
1211 1004 1440 1075 μέγεθος
1456 1001 1562 1058 εἶδε
1587 1005 1695 1058 τῶν
1723 1006 1966 1077 ἁμαρτη-

394 1089 604 1160 μάτων,
636 1089 774 1142 άλλά
805 1090 942 1162 πρὸς
971 1092 1063 1144 τὸν
1103 1091 1336 1145 πλοῦτον
1363 1093 1463 1162 τῆς
1487 1090 1581 1146 τοῦ
1608 1092 1743 1147 Θεοῦ
1784 1093 1964 1162 φιλαν-

375 1175 656 1246 θρωπίας,
683 1174 925 1249 ἐθάρρει,
963 1178 1058 1233 καὶ
1089 1179 1482 1250 κατετόλμησε,
1521 1179 1614 1234 καὶ
1643 1179 1964 1250 ἁμαρτωλὸς

387 1261 465 1317 ὣν
508 1265 690 1336 ᾐτεῖτο
737 1263 878 1336 ὑπὲρ
920 1264 1020 1335 τὴν
1055 1265 1212 1332 ἀξίαν
1257 1265 1354 1336 τὴν
1401 1266 1616 1332 ἐαυτοῦ,
1648 1267 1741 1320 καὶ
1769 1268 1963 1338 ἤνυσεν

386 1349 620 1414 ἕκαστος
666 1349 810 1423 ἅπερ
861 1351 1115 1423 ἠθέλησε.
1166 1352 1329 1406 Ταῦτ’
1379 1348 1471 1407 οῦν
1538 1353 1964 1426 μνημονεύωμεν

387 1437 604 1493 ἅπαντα
641 1438 738 1494 καὶ
783 1439 1174 1510 φυλάττωμεν,
1219 1440 1311 1494 καί⁷
1342 1437 1630 1512 εὐχώμεθα
1680 1442 1960 1512 διηνεκῶς,

387 1523 532 1594 μετὰ
573 1525 819 1597 νήψεως,
873 1525 1010 1596 μετά
1063 1526 1158 1584 τοῦ
1207 1527 1462 1599 θαρρεῖν,
1527 1529 1664 1600 μετὰ
1713 1531 1963 1601 χρηστῶν

383 1609 641 1676 ἐλπίδων,
685 1612 824 1682 μετά
881 1613 1123 1684 σπουδῆς
1179 1614 1400 1686 πολλῆς.
1454 1616 1589 1670 Μεθ’
1623 1618 1755 1688 ὂσης
1787 1618 1962 1688 ἐτεροι

387 1698 1024 1777 σπουδῆς-κατεύχονται
1070 1700 1179 1756 τῶν
1221 1703 1460 1774 ἐχθρῶν,
1514 1704 1655 1776 μετὰ
1698 1704 1963 1776 τοσαύτης

1458 364 1527 420 lN
1566 364 1797 434 ILLUD,
1833 365 1902 422 IN
1944 365 2200 424 FACIEM
2245 366 2312 430 ΕΙ
2358 367 2656 430 RESTITI.

3525 370 3632 430 372

2062 480 2222 550 ἡμεῖς
2260 479 2496 550 σπουδῆς
2531 477 2626 534 καὶ
2652 478 2792 552 ὑπὲρ
2822 477 2931 534 τῶν
2957 477 3188 550 ἐχθρῶν,
3227 476 3327 532 καὶ
3354 475 3495 549 ὑπὲρ
3525 475 3637 533 τῶν

2065 566 2276 621 ἑαυτῶν
2297 558 2543 636 ἀδελφῶν
2566 565 2869 637 εὐξώμεθα,
2891 567 2985 620 καὶ
3012 567 3228 629 πάντως
3244 563 3638 636 ἐπιτευξόμεθα

2015 659 2020 662 ’
2065 651 2178 704 τῶν
2212 654 2596 722 συμφερόντων
2625 652 2898 707 ἁπάντων.
2924 651 3304 723 Φιλάνθρωπος
3339 651 3449 721 γὰρ
3499 650 3529 702 ὀ
3557 651 3639 705 δι-

2063 739 2209 803 δοὺς,
2257 739 2352 794 καὶ
2380 739 2479 810 οὐχ
2519 739 2690 803 οὕτως
2726 742 2890 810 ἡμεῖς
2929 738 3293 807 ἐπιποθοῦμεν
3323 737 3528 803 λαϐεῖν,
3560 737 3641 804 ὡς

2067 827 2276 890 ἐκεῖνος
2314 827 2566 881 ἐπιποθεῖ
2590 827 2790 883 δοῦναι.
2835 827 3000 882 Ταῦτ’
3022 823 3137 910 ,οῦν
3168 827 3384 880 ἅπαντα
3413 825 3635 889 εἰδότες,

2064 915 2166 966 κᾶν
2209 916 2290 978 εἰς
2347 914 2574 985 ἔσχατον
2633 916 2831 978 κακίας
2887 915 3137 986 πυθμένα
3201 914 3635 985 κατενεχθῶμεν,

2066 1001 2202 1072 μηδέ
2238 1001 2410 1066 οὕτως
2446 1002 2769 1074 ἀπογνῶμεν
2806 1003 2906 1074 τῆς
2938 1003 3146 1057 ἑαυτῶν
3175 1003 3468 1075 σωτηρίας,
3502 1001 3638 1057 ἀλλὰ

2066 1089 2205 1159 μετά
2241 1089 2452 1160 ἀγαθῆς
2485 1091 2697 1154 ἐλπίδος
2721 1091 3059 1162 προσίωμεν,
3090 1091 3376 1153 πείσαντες
3410 1091 3638 1152 ἐαυτοὺς

2061 1177 2144 1230 ὅτι
2189 1178 2410 1242 πάντως
2440 1177 2722 1250 ληψόμεθα
2751 1179 2895 1250 ἆπερ
2931 1177 3210 1249 αἰτοῦμεν,
3238 1177 3303 1232 ἂν
3333 1177 3474 1232 κατά
3511 1178 3637 1241 τοὺς

2063 1265 2154 1318 ὑπ’
2185 1265 2349 1319 αὐτοῦ
2378 1265 2666 1336 κειμένους
2693 1265 2890 1336 νόμους
2923 1265 3185 1336 αἰτῶμεν.
3217 1257 3304 1331 Τῷ
3324 1263 3638 1334 δυναμένῳ

2062 1354 2261 1410 πάντα
2293 1352 2544 1423 ποιῆσαι
2565 1354 2720 1423 ὑπὲρ
2752 1354 3122 1422 ὲκπερισσοῦ
3139 1347 3226 1408 ὧν
3249 1356 3570 1423 αῖτούμεθα
3596 1352 3634 1422 ἣ

2068 1441 2350 1512 νοοῦμεν,
2386 1442 2609 1514 Χριστῷ
2632 1441 2709 1512 τῷ
2738 1439 3072 1512 παμϐασιλεῖ
3098 1439 3217 1511 Θεῷ
3244 1443 3277 1511 ἡ
3287 1440 3402 1510 μῶν
3435 1440 3636 1512 πρέπει

2064 1532 2216 1586 πᾶσα
2263 1530 2410 1598 δόξα,
2453 1531 2588 1602 τιμὴ
2631 1530 2727 1584 καὶ
2767 1528 3155 1600 προσκύνησις,
3184 1531 3282 1583 σὺν
3311 1529 3390 1599 τῷ
3415 1529 3636 1600 ἀνάρχῳ

2062 1619 2262 1690 Πατρὶ,
2298 1620 2394 1672 καὶ
2417 1619 2496 1690 τῷ
2525 1618 2776 1688 παναγίῳ
2802 1618 2896 1670 καὶ
2924 1615 3171 1687 ζωοποιῷ
3208 1618 3508 1685 Πνεύματι,
3536 1616 3635 1671 νῦν

2063 1707 2155 1760 καὶ
2182 1707 2291 1770 ἀεὶ,
2320 1707 2414 1760 καὶ
2444 1708 2526 1771 εἰς
2551 1705 2678 1769 τοὺς
2697 1705 2901 1769 αἰῶνας
2921 1702 3030 1758 τῶν
3055 1704 3287 1760 αἰώνων.
3334 1703 3526 1775 Ἀμήν.

410 1995 3636 2032 W

1581 2300 1663 2363 IN
1699 2299 1975 2362 FACIEM
2010 2301 2088 2362 EI
2121 2300 2446 2362 RESTITI.

395 2533 542 2590 inter
568 2535 761 2592 ambos
791 2534 946 2604 inito,
980 2549 1106 2591 cum
1137 2550 1197 2593 se
1221 2549 1252 2591 a
1283 2537 1535 2608 gentibus
1573 2551 1889 2608 segregasse
1917 2534 2162 2602 Petrum,
2195 2551 2264 2592 ne
2304 2535 2358 2592 in
2396 2535 2711 2592 Iudaeorum
2749 2520 3104 2594 onensionem
3148 2534 3488 2598 incurreret,
3521 2542 3633 2589 tum

395 2650 627 2708 Paulum
660 2651 711 2706 ei
738 2651 792 2706 in
821 2651 1016 2708 faciem
1053 2652 1336 2720 restitisse,
1373 2653 1466 2707 illo
1497 2667 1605 2708 non
1637 2653 1960 2718 reluctante,
1992 2651 2120 2721 quia
2149 2649 2434 2706 amborum
2463 2665 2528 2706 ea
2560 2666 2714 2707 mens
2749 2661 2888 2718 erat,
2917 2661 2976 2704 ut
3005 2650 3140 2720 legis
3165 2648 3354 2719 jugum
3387 2650 3637 2720 gentibus

396 2780 509 2821 non
545 2766 934 2837 imponeretur.
967 2767 1235 2823 Caeterum
1269 2767 1644 2839 Chrysostomi
1693 2767 1908 2838 Opinio,
1941 2783 2063 2836 qua:
2107 2768 2176 2823 ab
2207 2765 2442 2837 Origene
2481 2782 2736 2822 manasse
2765 2765 3024 2831 creditur,
3057 2765 3126 2820 ab
3157 2764 3489 2835 Hieronymo
3524 2763 3641 2834 pri-

393 2899 546 2939 mum
574 2891 930 2953 propugnau,
967 2883 1035 2938 ab
1059 2881 1366 2953 Augustino
1397 2881 1628 2937 rcfutala
1653 2892 1756 2949 est,
1779 2891 2056 2938 asserente
2088 2897 2274 2936 veram
2300 2897 2400 2938 nec
2431 2882 2742 2937 simulatam
2774 2880 2944 2936 fuisse
2960 2879 3110 2934 Pauli
3139 2878 3636 2948 reprehensionem,

395 2999 472 3056 ita
495 3009 555 3055 ut
581 2999 701 3071 ejus
731 3000 1070 3070 argumentis
1093 2999 1306 3056 cederet
1329 3001 1415 3056 vel
1445 3000 1560 3071 ipse
1591 3001 1978 3072 Hieronymus.
2009 2998 2128 3055 Non
2161 2999 2360 3055 desunt
2385 3009 2588 3064 tamen,
2625 2999 2717 3070 qui
2750 2999 2986 3068 priorem
3015 2996 3358 3062 sententiam,
3395 3011 3515 3065 quae
3541 2992 3640 3050 Pc-

396 3126 546 3172 trum
593 3119 664 3174 ab
707 3119 956 3190 apostolo
1001 3119 1169 3175 alium
1216 3121 1432 3188 asserit,
1487 3135 1590 3178 nec
1626 3119 1720 3191 qui
1775 3119 2134 3190 posteriorem
2184 3132 2214 3174 a
2253 3118 2645 3190 Clirysostomo
2682 3120 3076 3188 propugnatam
3131 3110 3402 3182 hodieque
3447 3107 3641 3166 delen-

394 3231 548 3288 dant.

469 3349 850 3425 lntcrpretatio
887 3348 1083 3408 Latina
1108 3360 1190 3409 est
1218 3334 1514 3409 Frontonis
1548 3350 1753 3406 Duczei.

398 3654 891 3675 “5——

386 3890 539 3966 [362]
601 3891 679 3960 Τῇ
729 3891 985 3962 προτέρᾳ
1028 3892 1281 3956 συνάξει
1311 3892 1382 3947 ἐν
1423 3889 1496 3961 τῇ
1539 3889 1840 3959 ἐκκλησίᾳ
1877 3887 1952 3958 τῇ
1989 3886 2169 3957 καινῇ
2195 3883 2523 3956 συναχθεὶς
2553 3879 2704 3952 μετὰ
2743 3882 2850 3937 τοῦ
2885 3882 3245 3950 ἐπισκόπου,
3291 3883 3518 3951 ταύτην
3557 3881 3631 3936 ἐν

454 3985 528 4056 τῇ
554 3986 780 4054 παλαιᾷ
801 3987 970 4041 εἶπεν
992 3988 1078 4052 εἰς
1114 3987 1230 4055 τὴν
1259 3987 1591 4055 περικοπὴν
1615 3985 1721 4039 τοῦ
1762 3983 2146 4040 Ἅποστόλουο
2183 4000 2202 4034 ι
2233 3981 2364 4032 Ὅτε
2401 3977 2468 4032 δὲ
2503 3971 2654 4046 ἦλθε
2677 3976 2901 4046 Πέτρος
2929 3979 3017 4043 εἰς
3052 3977 3441 4045 Ἀντιόχειαν,
3481 3975 3630 4030 κατὰ

453 4079 776 4149 ⁴πρόσωπον
799 4077 959 4145 αὐτῷ
981 4077 1312 4147 ἀντέστηνο
1333 4095 1353 4130 ι
1385 4075 1486 4133 καὶ
1516 4075 1849 4140 δείκνυσιν,
1877 4074 1966 4128 ὅτι
1993 4075 2105 4128 οὐκ
2130 4071 2488 4138 ἀντίστασις
2512 4065 2611 4141 ἦν,
2633 4070 2770 4125 ἀλλ’
2797 4069 3107 4140 οἰκονομία
3130 4069 3202 4122 τὰ
3231 4069 3532 4139 γινόμενα.

453 4533 519 4584 α’.
537 4527 682 4582 Μίαν
703 4523 856 4596 ὐμῶν
883 4520 1216 4593 ἀπελείφθην
1235 4519 1469 4594 ἡμέραν.
1501 4518 1595 4572 καὶ
1615 4518 1690 4580 ὡς
1714 4519 1955 4574 ἐνιαυτὸν

379 4619 674 4690 ὁλόκληρον
717 4616 870 4688 ὑμῶν
931 4614 1240 4688 χωρισθεὶς,
1299 4612 1470 4677 οὕτως
1524 4612 1806 4682 ἀσχάλλων
1865 4614 1957 4666 καὶ

379 4709 560 4764 ἀλύων
589 4708 878 4761 διετέλουν.
919 4709 1030 4760 Καὶ
1077 4707 1159 4760 δτι
1197 4705 1373 4776 ἀληθῆ
1417 4703 1612 4769 ταῦτα,
1645 4703 1758 4758 ῐστε
1791 4704 1848 4772 ἐξ
1882 4703 1957 4758 ῶν

381 4802 480 4856 καὶ
513 4801 672 4870 ὑμεῖς
694 4799 943 4852 ἐπάθετε.
973 4799 1236 4869 Καθάπερ
1257 4798 1366 4869 γὰρ
1385 4801 1512 4862 παῖς
1541 4798 1840 4870 ὑπομὰζιος
1859 4798 1959 4869 τῆς

390 4891 665 4964 μητρικῆς
693 4889 860 4960 θηλῆς
890 4889 1278 4952 ἀποσπασθεὶς,
1295 4891 1538 4962 ὅπουπερ
1567 4890 1634 4944 ἂν
1658 4891 1956 4962 ἀπενεχθῇ,

386 4983 568 5038 πυκνά
617 4981 1058 5055 περιστρέφεται,
1096 4981 1556 5053 περιϐλεπόμενος
1604 4982 1702 5054 τὴν
1765 4983 1956 5037 ἑαυτοῦ

388 5075 632 5147 μητέραο
665 5075 806 5128 οὕτω
846 5075 910 5147 δὴ
948 5073 1102 5144 κάγὼ
1143 5075 1250 5129 τῶν
1284 5075 1499 5129 κόλπων
1528 5076 1636 5130 τῶν
1679 5078 1959 5150 μητρικῶν

384 5166 705 5238 ἀπενεχθεὶς
725 5178 750 5206 ι
778 5165 1132 5238 πορρωτέρω,
1157 5166 1334 5220 πυκνά
1368 5166 1785 5238 περιεσκόπουν,
1823 5185 1958 5220 παν-

385 5256 554 5329 ταχοῦ
586 5258 684 5328 τὴν
710 5255 874 5326 ἁγίαν
911 5257 1063 5328 ὑμῶν
1101 5256 1374 5327 ἐπιζητῶν
1407 5257 1640 5310 σύνοδον.
1674 5257 1820 5329 Πλὴν
1843 5256 1958 5310 ἀλλ’

385 5343 530 5418 εἶχον
576 5349 767 5418 ἱκανὴν
810 5346 1014 5402 τούτων
1056 5345 1432 5418 παραμυθίαν,
1473 5347 1551 5418 τῷ
1601 5351 1769 5420 πατρί
1809 5347 1954 5418 φιλο-

388 5440 602 5512 στόργῳ
632 5439 951 5511 πειθόμενος
981 5439 1154 5494 ταῦτα
1194 5439 1446 5512 πάσχειν,
1492 5440 1587 5494 καὶ
1623 5441 1651 5494 ὁ
1693 5440 1790 5511 τῆς
1826 5441 1960 5495 ὕπα-

388 5530 520 5600 κοῆς
550 5531 741 5602 μισθὸς
762 5531 862 5602 τὴν
903 5531 1132 5602 ἀκηδίαν
1165 5530 1262 5602 τὴν
1294 5532 1386 5586 ἐπὶ
1417 5530 1495 5602 τῷ
1534 5532 1770 5604 ξενισμῷ
1806 5550 1959 5602 γινο·

395 5621 561 5694 μένην
593 5623 842 5708 ἀπεῖργε.
872 5619 1044 5676 Τοῦτο
1074 5623 1183 5695 γὰρ
1212 5623 1336 5694 ἐμοὶ
1357 5623 1450 5676 καί
1474 5624 1802 5698 διαδήματος
1823 5642 1960 5708 παν-

447 5818 476 5847 θ
507 5810 640 5864 limus
659 5813 850 5866 n11.748
869 5816 964 5866 τῶν
985 5816 1224 5880 πατρικῶν
1245 5816 1521 5882 ἀπενεχθείς.

2060 4515 2151 4580 τὸς
2174 4515 2573 4588 λαμπρότερον,
2603 4514 2699 4570 καί⁹
2731 4515 2997 4584 στεφάνου
3029 4515 3372 4587 σεμνότερον,
3405 4517 3465 4570 τὸ
3496 4536 3632 4574 παν⁸

2060 4603 2224 4675 ταχοῦ
2281 4604 2418 4675 μετὰ
2464 4601 2560 4657 τοῦ
2603 4602 2992 4672 γεγεννηκότος
3039 4603 3426 4675 περιάγεσθαι·
3473 4606 3632 4661 τοῦτο

2056 4691 2180 4762 ἐμοὶ
2209 4692 2302 4745 καλ⁸
2331 4691 2556 4761 κόσμος,
2586 4690 2681 4743 καὶ
2714 4691 3009 4759 ἀσφάλεια⁹
3050 4691 3252 4761 κόσμος
3285 4692 3402 4762 μὲν,
3432 4693 3511 4746 ὅτι
3541 4693 3633 4748 οῦ-

2054 4796 2162 4842 τω;
2194 4777 2355 4833 αὐτὸν
2375 4777 2776 4849 ἐχειρωσάμην,
2801 4779 2894 4830 καὶ
2917 4777 3053 4849 πρὸς
3072 4777 3162 4830 τὸν
3187 4778 3365 4847 ἔρωτα
3389 4781 3633 4835 ἐπεσπα-

2061 4869 2242 4940 σάμην
2289 4868 2378 4922 τὸν
2420 4868 2574 4939 ἐμὸν,
2621 4867 2696 4931 ὡς
2742 4867 2990 4938 μηδαμοῦ
3036 4867 3304 4938 μηδέποτε
3342 4869 3632 4940 ἀνέχεσθαι

2058 4958 2227 5028 χωρὶς
2253 4956 2348 5010 τοῦ
2383 4956 2569 5020 παιδὸς
2592 4955 2877 5024 φαίνεσθαι
2898 4972 2911 4986 ⁸
2935 4956 3203 5025 ἀσφάλεια
3225 4956 3302 5023 δὲ,
3328 4957 3410 5011 ὅτι
3438 4957 3632 5031 παρὼν

2059 5046 2151 5100 καὶ
2185 5044 2588 5115 ἀγωνιζόμενον
2622 5043 2854 5113 βλέπων,
2878 5043 3095 5106 πάντως
3109 5042 3206 5097 καὶ
3230 5045 3328 5116 τὴν
3343 5045 3494 5116 παρὰ
3521 5044 3632 5100 τῶν

2059 5133 2234 5203 εὐχῶν
2266 5132 2584 5203 συμμαχίαν
2605 5133 2740 5202 ἡμῖν
2761 5131 3009 5202 παρέξει.
3037 5133 3148 5186 Καὶ
3169 5131 3421 5204 καθάπερ
3447 5132 3630 5187 πλοῖον

2060 5219 2404 5292 κυϐερνητῶν
2456 5222 2656 5291 χεῖρες,
2687 5219 2782 5273 καὶ
2808 5220 3012 5286 οἰακες,
3061 5221 3156 5274 καὶ
3204 5220 3438 5290 ζεφύρου
3472 5220 3633 5274 πνοαὶ

2061 5309 2200 5379 μετὰ
2231 5308 2534 5378 ἀσφαλείας
2582 5308 2660 5371 εἰς
2713 5305 2907 5377 λιμένα
2956 5307 3456 5376 παραπέμπουσινο
3487 5303 3632 5360 οὕτω

2058 5394 2122 5466 δὴ
2155 5395 2251 5448 καὶ
2303 5397 2336 5465 ἠ
2370 5392 2553 5447 εὔνοια
2601 5391 2818 5458 τούτου,
2870 5392 2964 5446 καὶ
2996 5394 3031 5464 ἡ
3083 5393 3294 5463 ἀγάπη,
3329 5393 3484 5464 καὶὴ
3522 5391 3632 5447 τῶν

2060 5480 2234 5554 εὐχῶν
2277 5481 2515 5553 βοήθεια,
2557 5481 2652 5535 καὶ
2700 5479 2934 5553 ζεφύρου
2966 5480 3060 5534 καὶ
3088 5479 3420 5552 κυϐερνήτου
3449 5481 3634 5551 κρεῖτ-

2059 5583 2152 5623 τον
2201 5569 2295 5622 καὶ
2329 5568 2436 5621 τῶν
2486 5567 2686 5623 οἰάκων
2716 5567 2745 5608 ιτ
2795 5565 3114 5621 κατευθύνει
3150 5567 3241 5622 τὸν
3267 5566 3423 5636 λόγον
3451 5566 3629 5638 ἡμῶν.

2073 5658 2205 5729 Ἐμέ
2233 5657 2290 5712 δέ
2318 5657 2454 5729 πρὸς
2484 5655 2694 5721 τούτοις
2722 5656 2947 5711 κάκεῖνο
2980 5655 3373 5728 παρεμυθεῖτο,
3403 5655 3464 5710 τὸ
3493 5655 3634 5725 λαμυ-

2060 5761 2282 5878 άσῖ-Ῑὲἑιο
2302 5777 2418 5813 mss.
2442 5763 2728 5826 κυϐερνήτου
2750 5764 2918 5826 χειρῶν
2939 5764 3018 5811 καὶ
3040 5761 3232 5813 οἰάκων.
3260 5763 3525 5826 Ταχύτερσι
3546 5763 3626 5811 ad-

2096 5839 2107 5876 I
2153 5841 2168 5874 ί
2241 5860 2254 5875 ο

2096 5839 2254 5876 ιιίιδ.
