4060 6260
402 382 510 442 573

404 494 550 565 πρᾶς
568 492 715 565 ὑμᾶς
743 489 1048 548 ἀπολαῦσαι
1073 488 1196 543 τότε
1232 489 1534 562 τραπέζης,
1566 488 1663 545 καὶ
1692 488 1974 560 φιλότιμον

404 584 500 637 καὶ
528 582 796 653 πολυτελῆ
817 581 908 635 τὸν
928 579 1219 652 ἑστιάτορα
1243 583 1411 651 σχεῖν.
1444 582 1730 652 Ἔγνωμεν
1746 580 1802 634 δὲ
1824 579 1981 634 τοῦτο
2012 654 2021 661 _

404 671 506 724 οὐκ
531 669 591 735 ἐξ
626 670 795 740 ἀκοῆς
828 670 1008 740 μόνον,
1042 668 1178 722 ἀλλά
1211 668 1306 721 καὶ
1334 667 1395 732 ἐξ
1428 667 1600 739 αὐτῆς
1632 668 1734 738 τῆς
1763 666 1979 739 πείρας.

407 757 517 810 Kal
556 756 667 827 7&9
692 748 836 827 ἦσαν
876 758 926 809 οί
959 754 1369 826 διακομίζοντες
1413 757 1542 826 ἡμῖν
1591 754 1662 808 τά
1692 754 1978 827 εἰρημένα,

403 843 500 898 καὶ
532 843 640 897 ἀπὸ
671 843 780 897 τῶν
805 843 1073 913 λειψάνων
1100 842 1392 914 ὁλόκληρον
1436 843 1534 913 τὴν
1560 842 1794 913 εὐωχίαν
1831 844 1983 895 ἐστο-

1124 380 1183 442 S.
1222 377 2036 441 .IOANNIS'CIIRYSOSTOMI
2076 379 2391 436 ARCHI'W‘.
2427 373 2973 433 CONSTANTINOP.

3546 379 3657 441 δτι

2083 486 2184 560 τῆς
2215 491 2549 563 παρρησίας,
2572 492 2656 546 ὄτι
2684 490 2787 546 οὐκ
2805 492 3005 565 ᾐδέσθη
3034 490 3099 546 τὸ
3122 491 3339 565 ἀξίωμα
3367 493 3464 548 τοῦ
3493 512 3661 566 προσ-

2079 570 2254 640 ώπου,
2273 575 2362 628 διὰ
2381 575 2479 648 τὴν
2500 575 2758 646 ἀλήθειαν
2773 577 2865 634 τοῦ
2890 577 3216 647 Εὑαγγελίου
3234 580 3335 632 οὐκ
3356 579 3657 652 ἠρυθρίασε

2080 661 2207 724 τοὺς
2240 663 2534 734 παρόντας.
2576 664 2714 717 Ἀλλ’
2737 666 2787 718 εί
2810 664 2904 718 καὶ
2931 665 3143 722 Παύλου
3177 664 3453 738 ἐγκώμιον
3475 667 3660 735 τοῦτο,

2076 748 2328 820 ⁴ἡμετέρα
2363 750 2422 804 δὲ
2449 749 2678 822 αἰσχύνη
2700 753 2933 819 γίνεται.
2966 753 3031 806 Τί
3065 753 3195 824 7&9,
3234 755 3284 807 εί
3314 753 3528 819 Παῦλος
3558 771 3660 811 κα-

2083 834 2191 899 λῶς
2237 835 2527 908 ἐποίησενς
2570 838 2710 893 Ἀλλ’
2764 841 2794 894 ὁ
2847 841 3052 913 Πέτρος
3089 841 3314 909 κακῶς,
3348 843 3403 896 ετ
3451 860 3517 912 γε
3557 844 3659 901 οὐκ

407 931 718 1002 χασάμεθα.
778 931 1050 1003 Ἐπῄνεσα
1094 931 1195 999 μὲν
1218 927 1313 984 οὖν
1359 930 1449 983 τὸν
1484 930 1834 997 ἐστιάσαντα,
1888 931 1985 984 καὶ
2034 940 2064 954 ‘
2082 923 2398 995 ὠρθοπόδει.
2418 924 2485 979 Τί
2516 922 2609 980 οὖν
2631 929 2757 998 ἐμοὶ⁵
2777 928 2841 982 τδ
2860 928 3069 998 ὕφελος,
3092 929 3221 983 ὅταν
3244 929 3345 1000 τῆς
3373 929 3660 1001 ξυνωρίδος

404 1018 695 1090 ἐθαύμασα
719 1019 817 1089 τῆς
851 1019 1197 1082 πολυτελείας
1234 1019 1446 1073 καὶτοῦ
1474 1018 1704 1072 πλούτου
1726 1035 1740 1049 ·
1771 1018 1984 1088 ἐμακά-

410 1121 537 1176 ρισα
566 1106 622 1159 δὲ
672 1108 765 1160 καὶ
794 1107 941 1177 ὑμᾶς
981 1107 1086 1177 τῆς
1128 1106 1363 1169 εὐνοίας,
1404 1106 1500 1159 καὶ
1535 1106 1638 1175 τῆς
1674 1105 1981 1176 ἀκριϐείας,

374 1244 385 1257 _
405 1194 491 1247 ὅτι
522 1193 662 1264 μετὰ
685 1193 955 1264 τοσαύτης
982 1193 1232 1266 φυλακῆς
1265 1192 1334 1246 τά
1381 1193 1649 1265 εἰρημένα
1704 1192 1982 1263 κατέχετε,

404 1281 483 1345 ώς
509 1282 605 1334 καὶ
634 1282 806 1353 ἑτέρῳ
826 1282 1145 1353 διακομίσαι
1165 1294 1214 1334 ι.
1240 1279 1342 1334 Διά
1361 1280 1518 1334 τοῦτο
1546 1281 1640 1334 καὶ
1660 1282 1820 1353 ἡμεῖς
1845 1280 1985 1353 πρὸς

322 1370 335 1385 ⁸
406 1368 506 1439 τὴν
537 1369 811 1441 ὑμετέραν
844 1370 1066 1440 ἀγάπην
1091 1367 1389 1440 προίύμως
1420 1367 1799 1437 διαλεγόμεθα.
1831 1366 1984 1441 [563]

414 1452 478 1509 '0
505 1456 615 1528 ⁶γάρ
635 1456 991 1511 καταϐάλλων
1021 1457 1254 1511 ἐνταῦθα
1281 1457 1350 1510 τά
1373 1455 1686 1527 σπέρματα,
1710 1456 1770 1509 οὐ
1806 1456 1987 1527 ῥίπτει

408 1543 549 1600 αὐτὰ
595 1546 750 1617 παρὰ
794 1546 894 1615 τὴν
941 1547 1081 1611 ὁδὸν,
1116 1546 1237 1599 οὺδέ
1270 1547 1351 1609 εἰς
1389 1544 1491 1609 τάς
1522 1544 1763 1610 ἀκάνθας
1812 1547 1984 1617 ἐκχεῖ,

405 1631 529 1685 οὐδὲ
552 1632 647 1684 ἐπὶ
681 1633 778 1704 τὴν
824 1634 1031 1704 πέτραν
1058 1634 1305 1704 σπείρει·
1335 1632 1480 1686 οὕτω
1510 1632 1720 1704 λιπαρά
1763 1635 1857 1688 xal
1894 1633 1989 1704 βα-

408 1716 625 1785 θύγειος
674 1720 829 1789 ὑμῶν
862 1723 1012 1773 ἐστιν
1059 1723 1093 1791 ἡ
1126 1719 1355 1793 ἄρουρα,
1381 1719 1476 1773 καὶ
1528 1722 1705 1775 πάντα
1751 1723 1831 1785 είς
1860 1724 1987 1789 τοὺς

404 1805 637 1870 οἰκείους
664 1806 929 1878 δεχομένη
965 1808 1218 1871 κόλπους,
1253 1807 1687 1874 πολυπλασιάζει
1716 1809 1785 1862 τά
1818 1810 1988 1881 σπέρ-

409 1908 583 1964 ματα.

490 1980 629 2033 Ἀλλ’
659 1981 818 2052 εἰπερ
861 1981 993 2035 ποτὲ
1035 1980 1348 2052 προθυμίαν
1399 1999 1489 2054 μοι
1539 1983 1847 2055 παρέσχετε
1890 1983 1988 2038 καὶ

407 2067 612 2139 πολλὴν
650 2069 886 2140 σπουδὴν
927 2069 1021 2123 ἐπὶ
1051 2069 1153 2141 τὴν
1182 2069 1211 2109 ι)
1245 2070 1530 2141 ἀκρόασιν,
1561 2069 1750 2142 ὥσπερ
1778 2069 1871 2125 οὖν
1897 2072 1986 2126 ἀεὶ

404 2157 817 2227 παρεσχήκατε,
847 2155 1055 2227 ταύτην
1085 2155 1223 2209 αίτῶ
1252 2157 1348 2209 καὶ
1375 2158 1618 2230 τήμερον
1647 2158 1770 2228 ἐμοὶ
1801 2157 1985 2212 δοῦναι

404 2241 503 2314 τήν
530 2243 711 2314 χάριν.
756 2243 892 2297 Ούδέ
924 2244 1022 2314 μὲν
1055 2244 1194 2316 ὑπὲρ
1223 2244 1333 2297 τῶν
1375 2247 1647 2315 τυχόντων
1677 2246 1809 2316 ἡμῖν
1838 2247 1986 2299 ἐστιν

403 2330 434 2382 ό
477 2330 654 2398 λόγος,
710 2330 825 2384 ἀλλ’
869 2331 1009 2402 ὑπὲρ
1061 2330 1311 2402 μεγάλων
1358 2332 1716 2402 πραγμάτων.
1785 2333 1987 2403 Διόπερ

407 2416 707 2488 ὀφθαλμῶν
737 2418 926 2495 δέομαι
974 2419 1315 2489 πανταχόθεν
1344 2419 1438 2486 ὀξὺ
1494 2421 1824 2491 βλεπόντων,
1864 2422 1985 2475 δια-ο

404 2505 556 2569 νοίας
611 2505 1067 2578 διεγηγερμένης,
1122 2506 1539 2578 διανεστηκότος
1614 2510 1982 2580 φρονήματος,

407 2594 820 2663 συντεταμένων
851 2593 1149 2663 λογισμῶν,
1179 2593 1359 2664 ψυχῆς
1391 2594 1673 2666 ἀγρύπνου
1700 2596 1793 2649 καὶ
1821 2598 1986 2668 ἐγρη-

403 2678 651 2751 γορυίας.
679 2680 791 2733 Καὶ
822 2679 933 2751 7&9
955 2679 1229 2749 ἠκούσατε
1260 2679 1356 2733 τοῦ
1390 2680 1820 2752 ἀναγνώσματος
1844 2684 1983 2738 πάν-

400 2787 494 2835 τες
514 2770 610 2825 τοῦ
639 2771 999 2826 ἀποστολικοῦ
1019 2788 1035 2807 ο
1073 2773 1170 2827 καὶ
1192 2773 1247 2826 εί
1268 2789 1353 2837 τις
1381 2772 1549 2838 ὀξέως
1575 2773 1846 2846 προσέσχε
1871 2778 1985 2840 τοῖς

403 2858 855 2928 ἀναγνωσθεῖσιν,
881 2854 1022 2914 οἶδεν
1065 2861 1150 2915 ὅτι
1195 2860 1425 2931 μεγάλοι
1458 2862 1591 2932 ήμῖν
1630 2859 1839 2930 ἀγῶνες
1887 2862 1984 2916 καὶ

407 2945 635 3018 ίδρῶτες
679 2947 1000 3019 πρόκεινται
1048 2949 1310 3020 τήμερον.
1368 2947 1507 3001 Ὅτε
1544 2944 1655 3018 γὰρ
1678 2942 1827 3018 ἦλθε
1870 2948 1983 3004 Πέ-

403 3050 563 3100 τρος,
614 3036 779 3106 φησὶν
801 3074 817 3099 ,
865 3037 949 3102 εις
1005 3035 1386 3106 Ἀντιόχειαν,
1451 3033 1604 3089 κατὰ
1658 3035 1983 3106 πρόσωπον

404 3120 568 3186 αὐτῷ
587 3122 848 3191 ἀντέστη
857 3139 910 3177 ν.

475 3207 542 3277 β’.
575 3204 724 3280 τΑρα
766 3205 861 3264 οὖν
898 3211 960 3263 ού
997 3211 1220 3280 θορυϐεῖ
1261 3210 1494 3265 ἕκαστον
1531 3209 1639 3263 τῶν
1674 3211 1981 3265 ἀκουόντων

399 3292 579 3356 τοῦτο,
596 3294 676 3347 ὅτι
696 3294 906 3359 Παῦλος
925 3297 1158 3366 ἀντέστη
1181 3297 1258 3366 τῷ
1279 3297 1489 3367 Πέτρῳ,
1508 3297 1591 3349 ὅτι
1612 3298 1661 3348 οί
1682 3296 1861 3350 στῦλοι
1882 3298 1982 3368 τῆς

414 3380 741 3453 Ἐκκλησίας
761 3382 1153 3452 συγκρούονται
1172 3383 1266 3436 καί
1288 3383 1536 3455 ἀλλήλοις
1554 3385 1977 3455 προσπίπτουσι;

400 3466 591 3522 Στῦλοι
619 3468 728 3543 γὰρ
752 3469 921 3533 δντως
943 3469 1086 3522 εἰσὶν
1103 3462 1383 3543 οὗτοι,τὴν
1399 3470 1602 3542 ὀροφὴν
1624 3471 1725 3538 τῆς
1742 3472 1979 3538 πίστεως

399 3555 686 3628 ἀνέχοντες
716 3557 808 3611 καὶ
840 3557 1313 3622 διαϐαστάζοντες,
1348 3558 1442 3612 καὶ
1482 3558 1688 3624 στῦλοι,
1719 3560 1813 3613 καὶ
1842 3561 1978 3631 πρό-

399 3642 565 3709 σολοι,
598 3645 691 3698 καὶ
734 3644 1004 3716 ὀφθαλμοὶ
1048 3644 1142 3697 τοῦ
1185 3643 1435 3716 σώματος
1468 3646 1569 3715 τῆς
1628 3646 1973 3717 Ἐκκλησίας,

398 3734 496 3788 καὶ
543 3734 719 3803 πηγαί
748 3735 857 3787 τῶν
890 3733 1134 3803 ἀγαθῶν,
1164 3734 1260 3788 καὶ
1292 3733 1576 3806 θησαυροὶ,
1615 3736 1710 3789 καὶ
1734 3735 1974 3807 λιμένες,

398 3821 494 3875 καὶ
521 3823 629 3877 πᾶν
665 3822 802 3894 ὅπερ
838 3822 903 3877 ἂν
938 3825 1081 3876 εἴποι
1105 3839 1210 3887 τις,
1242 3822 1451 3876 οὐδέπω
1479 3823 1580 3893 τῆς
1608 3823 1767 3890 ἀξίας
1797 3824 1977 3879 αὐτῶν

398 3911 643 3980 ἐφίξεται
660 3930 673 3944 ο
700 3912 813 3965 ἀλλ’
840 3913 1059 3984 ὅσῳπερ
1088 3912 1154 3967 ἀν
1258 3912 1468 3983 μεγάλα
1502 3912 1681 3968 αὐτῶν
1710 3913 1779 3969 τά
1803 3914 1977 3984 ἐγκώ-

402 4016 521 4070 μια,
544 4000 784 4072 τοσούτῳ
800 4000 1001 4055 πλείων
1028 4002 1160 4071 ἡμῖν
1180 4002 1208 4053 ό
1223 3999 1390 4068 ἀγών.
1405 4000 1742 4072 Διανάστητε
1773 4002 1973 4057 τοίνυν

399 4087 541 4159 ὑπὲρ
560 4087 815 4158 πατέρων
832 4086 942 4158 7&9
970 4089 1102 4159 ήμῖν
1131 4088 1280 4139 ἐστιν
1295 4089 1322 4140 ο
1336 4086 1516 4155 λόγος,
1541 4086 1681 4140 ὥστε
1698 4089 1973 4161 ἀποκρού-

399 4173 600 4227 σασθαι
638 4175 707 4228 τά
735 4173 857 4227 κατ’
902 4174 1127 4226 ἐκείνων
1169 4173 1445 4242 φερόμενα
1473 4171 1796 4242 ἐγκλήματα
1825 4175 1975 4247 παρά

396 4262 505 4315 τῶν
527 4262 747 4327 ἔξωθεν,
773 4260 992 4315 καὶτῶν
1019 4259 1121 4326 τῆς
1144 4258 1379 4322 πίστεως
1400 4258 1717 4329 ἀλλοτρίων.
1752 4261 1891 4317 Ὅτε
1906 4263 1975 4317 δὲ

393 4349 544 4422 ἦλθε
559 4349 781 4417 Πέτρος
796 4350 884 4415 είς
911 4348 1298 4415 Ἀντιόχειαν,
1316 4347 1466 4401 κατὰ
1479 4350 1804 4415 πρόσωπον
1814 4352 1973 4418 αὐτῷ

393 4435 715 4503 ἀντέστην,
741 4435 830 4490 ὅτι
855 4433 1344 4505 κατεγνωσμένος
1364 4429 1461 4505 ἦν.
1481 4430 1616 4489 Εἶτα
1642 4437 1737 4490 καὶ
1758 4440 1791 4511 ή
1824 4439 1973 4494 αἰτία

392 4525 496 4596 τῆς
523 4522 920 4594 καταγνώσεως
940 4540 954 4555 ο
983 4521 1105 4591 Πρὸ
1146 4520 1253 4576 τοῦ
1293 4523 1403 4593 γὰρ
1432 4522 1633 4578 ἐλθεῖν
1654 4541 1820 4592 τινας
1851 4527 1971 4582 ἀπὸ

405 4612 674 4667 Ἰακώϐου
693 4653 709 4677 ,
753 4613 903 4681 μετὰ
942 4609 1064 4663 τῶν
1107 4607 1299 4663 ἐθνῶν
1342 4607 1682 4676 συνήσθιεν
1705 4627 1719 4642 ⁸
1757 4612 1856 4667 ὅτε
1901 4614 1972 4668 δὲ

392 4696 602 4772 ἦλθον,
637 4700 979 4755 ὑπέστελλε
1024 4698 1119 4751 καί
1160 4696 1446 4767 ἀφώριζεν
1473 4700 1711 4762 ἑαυτὸν,
1750 4704 1972 4770 φοϐού-

390 4806 574 4859 μενος
610 4789 753 4855 τοὺς
791 4789 860 4842 ἐκ
899 4787 1238 4858 περιτομῆς.
1277 4789 1388 4842 Καὶ
1441 4791 1971 4859 συνανεκρίθησαν

390 4876 552 4941 αὐτῷ
572 4877 673 4930 καί
703 4878 757 4930 οἱ
782 4876 980 4931 λοιποί
1019 4874 1311 4930 Ἰουδαῖον
1339 4874 1495 4930 ὥστε
1531 4876 1631 4930 καί
1656 4878 1970 4946 Βαρνάϐας

390 4963 757 5032 συναπήχθη
793 4962 991 5018 αὐτῶν
1010 4962 1086 5031 τῇ
1109 4962 1447 5033 ὑποκρίσει.
1475 4963 1628 5017 Ἀλλ’
1657 4963 1757 5018 ὅτε
1780 4961 1967 5032 εἶδον,

390 5050 482 5105 ὅτι
506 5052 619 5105 οὐκ
659 5051 1055 5119 όρθοποδοῦσι
1083 5049 1232 5119 πρὸς
1257 5050 1373 5120 τὴν
1408 5050 1693 5118 ἀλήθειαν
1721 5053 1827 5108 τοῦ
1860 5056 1968 5110 Εὐ·

389 5139 696 5209 αγγελίου,
736 5134 909 5192 εἶπον
946 5136 1026 5203 τῷ
1075 5136 1274 5204 Πέτρῳ
1318 5137 1662 5207 ἔμπροσθεν
1703 5139 1964 5196 πάντων.

388 5226 500 5280 Καὶ
533 5225 647 5280 ἀνω
691 5225 861 5295 λέγει,
888 5225 970 5279 ὅτι
1004 5225 1168 5280 Κατὰ
1197 5226 1549 5294 πρόσωπον·
1594 5226 1687 5279 καὶ
1709 5226 1963 5292 ἐνταῦθα,

394 5314 780 5383 Ἐμπροσθεν
799 5312 1062 5368 πάντων.
1081 5314 1454 5383 Παρατηρεῖτε
1484 5310 1661 5378 τοῦτο,
1686 5315 1746 5367 τὸ
1770 5317 1964 5383 εἰπεῖν,

2083 1011 2310 1084 θάτερος
2343 1014 2509 1078 ἵππος
2535 1014 2782 1090 χωλεύῃς
2809 1016 2885 1070 Οὐ
2914 1016 3024 1090 7&9
3044 1018 3180 1089 πρὸς
3199 1017 3413 1072 Παῦλόν
3446 1033 3538 1089 μοι
3564 1018 3660 1073 νῦν

2080 1098 2113 1152 ό
2139 1098 2319 1168 λόγος,
2346 1099 2485 1154 ἀλλά
2507 1102 2645 1172 πρὸς
2667 1104 2793 1168 τοὺς
2821 1102 3041 1169 ἔξωθεν.
3063 1102 3162 1159 Διά
3183 1103 3340 1158 τοῦτο
3362 1106 3460 1159 καὶ
3488 1123 3661 1181 παρατ

2084 1183 2237 1240 καλῶ
2282 1187 2593 1259 προσέχειν.
2641 1189 2754 1243 Kal
2798 1190 2912 1262 7&9
2957 1191 3107 1257 αῠξω
3148 1191 3251 1264 τὴν
3299 1194 3657 1265 κατηγορίαν,

2085 1273 2182 1328 καὶ
2214 1273 2441 1345 μείζονα
2472 1274 2639 1343 ποιῶ,
2673 1277 2758 1330 ίνα
2792 1278 3047 1333 ἐπιτείνω
3085 1278 3244 1350 ὑμῶν
3274 1279 3372 1350 τὴν
3401 1282 3669 1350 σπουδήν..

2097 1361 2156 1417 Ὅ
2183 1362 2294 1435 γάρ
2329 1365 2582 1434 ἀγωνιῶν
2606 1368 2789 1438 νήφει,
2817 1368 2912 1422 καὶ
2937 1369 2965 1422 ὁ
2992 1368 3253 1437 δεδοικὼς
3268 1369 3409 1441 ὑπὲρ
3434 1371 3657 1444 πατρὸς,

2084 1453 2379 1526 προσέχει·
2418 1456 2447 1509 ὁ
2496 1454 2709 1510 ἀκούων
2754 1455 2856 1529 τῆς
2883 1459 3257 1530 κατηγορίας,
3288 1458 3545 1531 ἐπιθυμεῖ
3575 1460 3669 1516 δέ.

2087 1539 2283 1607 ξασθαι
2338 1541 2437 1613 τὴν
2484 1542 2809 1612 ἀπολογίαν.¹
2847 1544 2944 1598 Ἂν
2985 1545 3160 1599 τοίνυν
3215 1546 3365 1621 [364]
3405 1547 3677 1621 ἄρξωμαι,

2085 1629 2271 1696 αῠξειν
2316 1630 2414 1703 τὴν
2450 1633 2807 1705 κατηγορίαν,
2854 1634 2931 1707 μὴ
2979 1635 3090 1688 ἀπδ
3119 1635 3343 1708 γνώμης
3382 1636 3483 1707 τῆς
3520 1639 3662 1709 ἐμῆς

2086 1718 2346 1789 νομίσητε
2386 1716 2528 1773 εἶναι
2553 1720 2622 1774 τὰ
2663 1720 2948 1793 λεγόμενα.
2982 1721 3205 1776 Βαθύνω
3250 1723 3359 1796 7&9
3400 1723 3553 1794 ὑμῶν
3583 1725 3663 1796 τῷ

2085 1804 2229 1875 λόγῳ
2269 1806 2369 1876 τὴν
2409 1806 2669 1872 διάνοιαν,
2707 1806 3025 1863 διασκάπτω
3059 1810 3151 1865 τὸν
3185 1810 3326 1875 νοῦν,
3366 1811 3452 1864 ἵνα
3494 1814 3552 1866 ἐν
3582 1812 3683 1883 τῷ.

2088 1890 2244 1961 βάθει
2281 1892 2349 1945 τά
2378 1894 2625 1964 νοήματα
2655 1893 3044 1965 καταθέμενος,
3071 1894 3265 1950 ἄσυλον
3293 1896 3473 1950 αὐτῶν
3502 1898 3664 1968 ἐργά-

2085 1994 2268 2048 σωμαι
2313 1979 2414 2051 τήν
2464 1979 2735 2050 φυλακήν.
2771 1979 2931 2034 Ἀελλά
2973 1980 3067 2035 καὶ
3109 1981 3211 2053 τῆς
3252 1982 3462 2047 πόλεως
3507 1984 3677 2056 ὑμῶν

2086 2064 2361 2135 ἐγκώμιον
2392 2065 2461 2119 τά
2492 2066 2857 2139 ῥηθησόμενα.
2888 2066 3037 2139 Αῦτη
3069 2067 3179 2140 7&9
3210 2070 3303 2124 τὸν
3330 2070 3517 2140 ἀγῶνα
3542 2072 3671 2126 ἐδέο-

2086 2149 2236 2217 ξατο,
2259 2152 2397 2225 αὕτη
2425 2153 2520 2226 τὴν
2546 2155 2747 2227 μάχην,
2778 2155 2978 2226 μᾶλλον
3000 2156 3061 2213 δὲ
3081 2158 3142 2210 οὐ
3165 2159 3265 2228 τὴν
3296 2158 3496 2229 μάχην,
3523 2159 3677 2215 ἀλλά

2085 2238 2183 2310 τὴν
2214 2238 2477 2295 δοκοῦσαν
2530 2242 2627 2313 μὲν
2675 2238 2816 2297 εἶναι
2867 2243 3072 2316 μάχην,
3106 2246 3287 2316 πάσης
3330 2246 3388 2299 δὲ
3434 2248 3661 2320 εἰρήνης

2086 2326 2386 2399 γενομένην
2434 2330 2872 2401 χρησιμωτέραν.
2913 2332 2989 2385 Ού
3030 2331 3141 2405 7&9
3185 2332 3359 2398 οὓτως
3389 2335 3547 2405 ήμῶν
3589 2335 3679 2391 1&-

2088 2414 2226 2488 μέλη
2258 2417 2396 2488 πρὸς
2439 2418 2642 2488 ἄλληλα
2692 2420 3087 2490 συνέσφιγκται
3132 2425 3255 2486 ταῖς
3299 2423 3410 2477 τῶν
3454 2425 3675 2498 νεύρων-

2087 2503 2420 2574 περισολαῖς,
2441 2505 2515 2569 ώς
2538 2507 2588 2560 οί
2609 2506 2897 2562 ἀπόστολοι
2924 2509 3061 2580 πρὸς
3091 2509 3353 2582 ἀλλήλους
3378 2507 3517 2584 ἦσαν
3544 2532 3675 2570 συνο.

2085 2590 2356 2662 δεδεμένοι
2390 2594 2504 2656 τοῖς
2533 2594 2630 2666 τῆς
2663 2594 2883 2666 ἀγάπης
2903 2596 3143 2667 δεσμοῖς.

2154 2684 2224 2746 γ’.
2263 2678 2589 2750 Ἐπῃνέσατε
2622 2682 2714 2736 τὸν
2739 2681 2981 2751 Παῦλον;
3019 2684 3313 2740 Ἀκούσατε
3337 2686 3514 2742 τοίνυν
3540 2689 3659 2754 πῶς

2084 2766 2390 2837 κατηγορία
2419 2768 2541 2822 ἐστὶ
2569 2768 2782 2824 Παύλου
2817 2770 2888 2824 τά
2915 2772 3204 2843 εἰρημένα,
3242 2773 3309 2829 ἂν
3337 2776 3413 2847 μὴ
3455 2778 3547 2830 τὸν
3572 2781 3657 2832 ἐνυ

2085 2856 2580 2926 ἀποκεκρυμμένον
2610 2859 2723 2920 τοῖς
2774 2859 2981 2930 ῥήμασι
3021 2859 3378 2933 θηρεύσωμεν
3422 2864 3564 2918 νοῦν.
3591 2866 3670 2925 Τί

2083 2941 2282 3013 λέγεις,
2315 2940 2362 2997 ὦ
2401 2944 2617 3012 Παῦλε;
2644 2947 2979 3019 ἐπετίμησας
3013 2950 3225 3023 Πέτρῳ,
3262 2953 3353 3006 ὅτε
3395 2950 3535 3020 εἶδες
3557 2957 3671 3015 οὐκ

2084 3029 2479 3103 ὁρθοποδοῦντα
2527 3035 2665 3107 πρὸς
2699 3034 2797 3108 τήν
2849 3036 3105 3109 ἀλήθειαν
3155 3040 3251 3094 τοῦ
3284 3037 3616 3113 Εύαγγελίου
3637 3062 3669 3113 ;_

2084 3119 2302 3185 Καλῶς.
2344 3120 2502 3184 Τίνος
2539 3118 2633 3176 οὖν
2683 3124 2870 3177 ἕνεκεν
2909 3126 3073 3180 Κατὰ
3107 3128 3469 3198 πρόσωπον;
3510 3133 3673 3199 τίνος⁸

2083 3206 2269 3260 ἕνεκεν
2312 3208 2694 3277 Ἐμπροσθεν
2742 3210 3018 3276 πάντων;
3049 3215 3150 3268 οὐκ
3204 3215 3308 3271 ἔδει
3341 3218 3671 3292 ἀμάρτυρον.

2082 3292 2329 3361 γίνεσθαι
2349 3295 2442 3348 τὸν
2469 3295 2719 3366 ἐλεγχον;
2760 3298 2832 3351 Σὺ
2863 3298 2921 3351 δὲ
2959 3299 3079 3364 πῶς
3109 3302 3171 3372 δη
3181 3304 3451 3372 μοσιεύεις
3489 3307 3551 3361 τὸ
3576 3308 3661 3362 δι-

2082 3382 2398 3452 καστήριον,
2441 3384 2538 3436 καὶ
2585 3384 2813 3448 πολλοὺς
2854 3384 2955 3456 τῆς
2991 3390 3320 3459 κατηγορίας
3368 3392 3657 3466 μάρτυρας

2081 3469 2288 3534 ποιεῖς;
2320 3467 2414 3521 καὶ
2440 3468 2526 3532 τίς
2548 3470 2648 3523 οὐκ
2681 3470 2745 3524 ἂν
2772 3470 2936 3532 εἴποι,
2962 3472 3045 3526 ὅτι
3071 3474 3131 3540 ἐξ
3174 3477 3470 3549 ἀπεχθείας
3496 3481 3663 3537 τοῦτο

2080 3557 2275 3618 ποιεῖς,
2312 3555 2407 3609 καί¹
2436 3555 2631 3625 φθόνου
2655 3598 2670 3623 ,
2711 3559 2804 3612 καὶ
2848 3560 3214 3629 φιλονεικίας;
3260 3566 3323 3617 ού
3359 3568 3422 3620 σὺ
3453 3564 3596 3639 ἦσθα
3624 3572 3669 3627 ἀ

2078 3640 2273 3709 λέγων,
2316 3644 2636 3714 Ἐγενόμην
2659 3646 2784 3713 τοῖς
2816 3648 3141 3703 ἀσθενέσιν
3168 3652 3248 3718 ὠς
3268 3654 3566 3723 ἀσθενιξςς
3589 3659 3655 3711 Τί

2076 3727 2133 3782 δέ
2164 3730 2302 3794 ἐστι,
2337 3729 2463 3796 Τοῖς
2487 3731 2813 3787 ἀσθενέσιν
2839 3735 2918 3801 ὠς
2949 3737 3242 3805 ἀσθενής;
3278 3742 3659 3811 Συγκαταϐαί-

2077 3834 2184 3871 νων
2211 3818 2306 3871 καὶ
2336 3820 2702 3891 περιστέλλων
2733 3822 2911 3877 αὐτῶν
2935 3826 3003 3879 τὰ
3030 3826 3340 3897 τραύματα,
3375 3834 3529 3903 φησὶ,
3558 3837 3654 3890 καὶ

2076 3905 2178 3958 οὐκ
2201 3906 2384 3976 ἀφιεὶς
2406 3909 2488 3971 εἰς
2515 3908 2897 3980 ἀναισχυντίαν
2921 3914 3194 3969 ἐκπεσεῖν.
3216 3912 3347 3971 Εἶτα
3369 3936 3435 3972 πε
3445 3921 3498 3991 9l
3527 3922 3655 3987 τοὺς

2081 3993 2330 4082 μαθητὰς
2363 3995 2505 4050 οὕτω
2538 3997 2791 4068 κηδεμὼν
2833 4000 2927 4054 καί
2958 4000 3340 4076 φιλάνθρωπος
3377 4005 3474 4072 ὢν,
3524 4011 3655 4082 περὶ

2075 4081 2168 4135 τὸν
2194 4082 2589 4138 συναπόστολον
2622 4085 2986 4158 ἀπάνθρωπος
3017 4089 3240 4159 ἐγένου;
3277 4094 3390 4147 Ούκ
3413 4095 3664 4167 ήκουσας

2073 4167 2167 4222 τοῦ
2215 4168 2449 4239 Χριστοῦ
2505 4170 2777 4240 λέγοντος,
2824 4173 3012 4229 Ὅταν
3051 4178 3282 4249 ἁμάρτῃ
3323 4186 3359 4235 ὁ
3387 4183 3657 4255 ἀδελφός

2074 4269 2212 4320 σου,
2238 4255 2450 4325 ὕπαγε,
2468 4255 2721 4327 ἔλεγξον
2744 4261 2929 4315 αὑτὸν
2947 4263 3176 4331 μεταξὺ
3195 4267 3314 4322 σοῦ
3333 4269 3433 4322 καί
3462 4271 3650 4328 αὐτοῦ

2068 4343 2261 4412 μόνου
2282 4359 2315 4433 ;r
2343 4345 2414 4399 Σὺ
2440 4345 2498 4399 δὲ
2529 4348 2623 4401 καὶ
2642 4348 2876 4421 δημοσίᾳ
2912 4350 3176 4422 ἐλέγχεις,
3209 4356 3306 4409 καὶ
3339 4359 3481 4429 μέγα
3520 4377 3650 4433 φρο-

2073 4433 2184 4495 νεῖς
2239 4432 2332 4486 ἐπὶ
2400 4433 2479 4505 τῷ
2531 4435 2833 4506 πράγματι.
2861 4439 3000 4493 Ὅτε
3030 4439 3141 4509 γὰρ
3195 4438 3345 4513 ἦλθε
3394 4432 3647 4517 Πέτρος,

2074 4518 2256 4588 φησὶν,
2287 4523 2375 4586 είς
2415 4521 2800 4591 Ἀντιόχειαν,
2831 4523 2983 4577 κατὰ
3008 4528 3333 4594 πρόσωπον
3356 4532 3515 4599 αὐτῷ
3543 4537 3649 4591 ἀνι-

2072 4605 2312 4675 τέστην.
2346 4609 2458 4661 Καὶ
2488 4609 2588 4662 οὐκ
2616 4609 2859 4681 ἐλέγχεις
2883 4611 3119 4685 δημοσίᾳ
3148 4616 3330 4685 μόνον,
3360 4619 3496 4675 ἀλλά
3527 4625 3647 4690 καὶ,

2071 4694 2323 4783 καθάπερ
2344 4697 2424 4783 ,ἐν
2452 4697 2642 4770 στήλῃ.
2674 4702 2786 4763 τοῖς
2813 4700 3104 4771 γράμμασι
3142 4706 3246 4778 τὴν
3274 4709 3454 4781 μάχην
3481 4712 3650 4783 ἐγχα-

2072 4782 2262 4854 ράξας,
2294 4782 2563 4838 ἀθάνατον
2591 4789 2765 4849 ποιεῖς
2793 4787 2892 4857 τὴν
2919 4790 3173 4863 μνήμηνθ
3221 4794 3306 4848 ίνα
3330 4797 3405 4869 μὴ
3445 4799 3495 4851 οἱ
3522 4782 3650 4862 τότε

2071 4870 2338 4958 παρόντες
2379 4870 2557 4941 μόνον,
2593 4872 2725 4927 ἀλλά
2750 4876 2846 4928 καὶ
2884 4876 3083 4941 πάντες
3109 4880 3159 4932 οί
3189 4881 3289 4953 τὴν
3320 4885 3646 4958 οἰκουμένην

2066 4956 2339 5021 οἰκοῦντες
2348 4958 2444 5012 ἀνθ
2450 4976 2621 5030 ρωποι
2634 4960 2847 5030 μάθωσι
2856 4961 3041 5036 διάτῆς
3055 4967 3343 5042 ἐπιπολῆς
3356 4970 3416 5024 τὸ
3427 4956 3651 5045 γεγενή-

2072 5046 2248 5118 μένον.
2273 5046 2428 5100 Οὕτω
2444 5064 2525 5101 σοι
2561 5047 2820 5120 ἐποίησαν
2844 5052 2895 5106 οί
2918 5053 3204 5110 ἀπόστολοι
3251 5059 3309 5111 ἐν
3353 5059 3648 5132 Ἱεροσολύ-

2072 5134 2317 5205 μοις,δτε
2348 5134 2576 5205 ἀνῆλθες
2614 5134 2703 5188 διὰ
2743 5139 3157 5213 δεκατεσσάρων
3185 5143 3321 5199 ἐτῶν
3348 5146 3647 5206 ἀναθέσθαι

2067 5223 2250 5287 αὐτοῖς
2271 5223 2332 5276 τὸ
2350 5221 2672 5292 Εὐαγγέλιον
2693 5241 2707 5291 ;
2738 5226 2813 5279 Οὐ
2830 5228 2895 5282 σὺ
2917 5227 3118 5298 λέγεις,
3138 5231 3220 5286 ὅτι
3238 5236 3341 5289 Διὰ
3359 5234 3648 5293 δεκατεσ-

2067 5312 2268 5381 σάρων
2296 5309 2449 5364 ἐτῶν
2472 5310 2714 5380 ἀνέϐην,
2746 5315 2843 5369 καὶ
2883 5317 3182 5390 ἀνεθέμην
3216 5320 3420 5389 αὐτοῖς
3442 5323 3510 5379 τὸ
3532 5326 3649 5382 Εὐ-

391 5400 776 5470 Ἐμπροσθεν
811 5401 1072 5455 πάντων.
1103 5402 1174 5454 El
1201 5399 1305 5465 σὺ,
1342 5398 1629 5465 Ἰουδαῖος
1656 5400 1962 5471 ὑπάρχων.
2062 5397 2361 5478 αγγέλιον,
2391 5400 2520 5452 κατ’
2553 5399 2710 5453 ἰδίαν
2729 5401 2798 5454 δὲ
2827 5403 2951 5470 τοῖς
2989 5405 3243 5463 δοκοῦσί
3270 5427 3328 5463 τι
3357 5407 3549 5478 alma;
3577 5412 3647 5468 Τί

386 5487 629 5555 ἐθνικῶς
663 5488 784 5558 ζῇς,
815 5490 914 5543 καὶ
944 5488 1082 5558 οὐχὶ
1129 5487 1483 5553 Ἰουδαϊκῶς,
1507 5488 1564 5542 τι
1596 5488 1693 5542 καί
1720 5488 1791 5543 τὰ
1819 5488 1964 5560 ἔθνη

385 5573 734 5643 ἀναγκάζεις
764 5574 1078 5637 ἰουδαΐζειν
1092 5592 1113 5641 ;
1136 5576 1288 5647 Τάχα
1310 5575 1612 5648 ἐπῃνέσατε
1642 5576 1732 5631 τὸν
1755 5577 1965 5634 Παῦλον

449 5695 479 5762 _'
503 5695 686 5762 Olpnos
844 5700 908 5755 ὡς
926 5699 1007 5747 καὶ
1049 5700 1238 5761 ἑτέρωθι
1278 5698 1571 5762 διακομίσαι.
1626 5699 1759 5750 Editi
1784 5703 1847 5759 ὡς
1883 5704 1965 5752 καὶ

387 5752 532 5817 ἑτέρῳ
551 5758 841 5817 διακομίσαι.

441 5815 466 5854 Ι)
494 5815 593 5865 Alii
612 5815 822 5874 σπουδὴν
848 5819 950 5881 περὶ
971 5819 1071 5875 τήν.

2065 5477 2188 5547 οὖν;
2226 5481 2547 5552 βουλόμενόν
2577 5497 2635 5535 σε
2683 5485 2801 5537 κατ’
2840 5485 2975 5540 ἰδίαν
3007 5489 3322 5556 ἀναθέσθαι,
3361 5477 3646 5550 ἐκώλυσαν

2066 5566 2162 5650 καὶ
2195 5567 2275 5650 εἰς
2307 5567 2472 5650 μέσον
2513 5566 2739 5650 ἤγαγον,
2777 5569 2870 5622 καὶ
2909 5569 3067 5642 δῆλον
3097 5573 3300 5629 ἅπασιν
3339 5577 3642 5650 ἐποίησαν;

2066 5649 2183 5703 Οὐκ
2213 5647 2361 5733 ἐστιν
2392 5649 2586 5733 εἰπεῖν.
2617 5645 2751 5703 Εἶτα
2782 5654 2846 5705 σὺ
2887 5652 2985 5722 μὲν
3018 5658 3142 5709 κατ’
3176 5658 3315 5714 ἰδίαν
3357 5645 3644 5733 ἀνατίθης,

2066 5735 2161 5815 καὶ
2188 5731 2361 5815 οὐδεὶς
2380 5732 2675 5802 ἀντιλέγει’
2706 5733 2798 5786 τὸν
2826 5734 2885 5788 δὲ
2914 5738 3210 5794 ἀπόστολον
3233 5731 3641 5815 ἐκπομπεύειςς

2067 5813 2217 5883 ’Λρα
2235 5813 2329 5871 οὖν
2362 5820 2477 5871 ἐκεῖ
2511 5819 2670 5886 μόνον
2699 5819 2901 5893 ταύτης
2923 5823 3245 5892 ἀπήλαυσας
3265 5813 3643 5900 τῆςήεὺνοίαςδ
