4060 6260
333 418 442 477 573

339 533 712 592 consolabatur
735 527 895 583 etiam
916 523 1067 587 illud,
1087 517 1226 590 quod
1243 531 1338 570 vos
1357 515 1574 584 epipara
1601 522 1709 566 tum
1731 520 1916 564 mensa

344 622 657 682 frueremini
675 663 689 684 ,
741 634 804 672 ac
834 615 1106 671 liberalem
1136 619 1192 666 et
1211 617 1578 677 sumptuosum
1609 600 1923 656 convivato-

343 732 458 772 rem
488 711 628 767 nacti
655 709 864 765 essetis.
892 706 1058 760 Porro
1083 702 1134 756 id
1159 715 1264 755 non
1303 697 1462 752 fando
1491 703 1693 749 tantum
1725 687 1926 744 audivi-

345 819 500 870 mus,
550 800 642 856 sed
685 801 800 871 ipso
837 797 990 852 nobis
1034 793 1402 862 experimento
1440 791 1771 856 compertum
1822 787 1926 833 est.

352 899 524 954 Fuere
547 895 765 965 quippe,
795 889 886 960 qui
913 903 974 943 ea
1002 902 1120 957 qua:
1146 883 1476 945 dicebantur,
1508 886 1695 932 cuncta
1728 873 1928 929 refere-

351 993 508 1055 bant,
567 998 621 1043 et
648 1003 713 1041 ex
748 983 990 1053 reliquiis
1028 979 1096 1034 de
1142 986 1252 1032 toto
1275 971 1521 1030 convivio
1564 969 1926 1036 conjecturam

355 1053 596 1136 fecimus.
630 1076 809 1144 Itaque
836 1067 1229 1127 convivatorem
1269 1064 1482 1135 quidem
1514 1058 1757 1120 laudavi,
1788 1053 1932 1124 ejus—

355 1186 460 1241 que
497 1165 942 1238 magnilieentiam
984 1175 1046 1215 ac
1087 1158 1302 1214 divitias
1323 1149 1688 1210 commendavi
1722 1165 1736 1202 :
1765 1145 1856 1200 sed
1882 1151 1936 1198 et

358 1239 455 1319 vos
479 1270 697 1333 propter
721 1259 859 1313 hanc
880 1250 1302 1310 benevolentiam
1335 1249 1518 1302 beatos
1547 1239 1851 1314 praedicavi,
1883 1243 1937 1290 et

362 1328 595 1423 propter
616 1347 942 1418 diligentiam
968 1386 983 1411 ,
1027 1341 1168 1413 quod
1218 1351 1324 1394 tam
1372 1343 1616 1392 accurate
1653 1346 1771 1402 quae
1795 1328 1938 1384 dicta

362 1455 490 1499 sunt
528 1439 786 1496 memoria
823 1435 1084 1499 teneatis,
1115 1440 1175 1487 ut
1199 1431 1360 1486 etiam
1384 1427 1450 1481 ad
1479 1425 1612 1480 alios
1653 1419 1940 1477 transferre

366 1533 601 1605 possitis.
658 1530 946 1598 Propterea
983 1539 1082 1578 nos
1111 1535 1324 1593 quoque
1353 1516 1492 1587 apud
1539 1515 1813 1570 caritatem
1851 1524 1941 1564 ve-

367 1601 532 1680 stram
565 1621 905 1692 perlubenter
927 1617 1257 1673 disserimus.
1306 1611 1437 1666 Nam
1464 1608 1551 1677 qui
1579 1622 1672 1660 sua
1698 1601 1944 1659 commit-

372 1717 434 1770 tit
457 1713 580 1768 huic
608 1712 726 1766 loco
755 1709 980 1773 semina,
1005 1722 1112 1761 non
1142 1720 1204 1759 ea
1234 1717 1388 1758 secus
1415 1700 1555 1754 viam
1584 1694 1812 1766 projicit,
1845 1707 1946 1746 nec

373 1809 426 1862 in
453 1807 634 1876 spinas
662 1801 920 1868 effundit,
947 1814 1122 1869 neque
1156 1810 1316 1866 supra
1347 1804 1549 1865 petram
1576 1790 1806 1843 seminat
1830 1802 1844 1840 :
1875 1785 1946 1838 ita

372 1899 583 1970 pinguis
607 1907 662 1952 et
694 1895 883 1950 fertilis
907 1901 991 1947 est
1013 1906 1139 1960 ager
1165 1897 1342 1942 vester
1360 1927 1374 1952 ,
1410 1895 1464 1940 et
1487 1882 1665 1937 omnia
1694 1893 1816 1950 qua:
1851 1888 1949 1930 suo

373 1993 494 2048 sinu
519 1987 788 2058 exceperit
820 1983 1242 2052 multiplicantur
1264 1978 1330 2031 ab
1354 1992 1420 2030 eo
1444 1973 1668 2030 semina.

447 2081 732 2137 Attentione
759 2076 1046 2130 auditorum
1076 2072 1292 2126 excitata
1310 2109 1325 2133 ,
1369 2063 1633 2137 perpendit
1659 2058 1840 2130 agendi
1867 2072 1955 2110 ra-

382 2175 566 2228 tionem
590 2169 745 2224 Pauli
781 2167 989 2222 Petrum
1017 2160 1366 2232 vituperantis.
1394 2187 1466 2198 —
1499 2155 1876 2210 Verumtamen
1910 2147 1955 2201 si

381 2277 629 2333 umquam
657 2272 920 2314 summam
963 2253 1289 2309 alacritatem
1334 2247 1534 2311 animi,
1585 2253 1958 2308 summumque

381 2355 612 2412 studium
639 2348 904 2406 audiendo
929 2346 1240 2402 concionem
1263 2339 1579 2396 exhibuistis
1601 2380 1617 2401 ,
1647 2335 1785 2389 sicut
1811 2347 1956 2386 sem-

383 2463 482 2516 per
507 2441 821 2501 exbibuistis
840 2482 856 2506 ,
881 2440 1019 2493 hanc
1043 2445 1097 2492 et
1124 2435 1386 2490 hodierno
1409 2431 1496 2485 die
1522 2428 1650 2483 mihi
1690 2435 1813 2496 peto
1835 2439 1961 2495 gra-

386 2541 512 2594 tiam
540 2535 780 2592 concedi.
821 2533 1004 2602 Neque
1028 2530 1171 2586 enim
1201 2527 1268 2582 de
1293 2525 1456 2580 rebus
1480 2520 1784 2592 vulgaribus
1808 2517 1964 2572 nobis

387 2639 469 2683 cst
506 2626 766 2696 agendum
793 2666 805 2686 ,
835 2622 929 2678 sed
957 2622 1025 2676 de
1052 2620 1118 2674 iis
1145 2633 1264 2688 qua:
1304 2613 1479 2684 magni
1527 2620 1651 2666 sunt
1687 2607 1965 2663 momenti.

389 2717 646 2787 Quocirca
671 2714 798 2769 mihi
827 2708 1222 2780 perspicacibus
1246 2719 1380 2775 opus
1403 2711 1486 2758 est
1515 2702 1708 2762 oculis,
1735 2698 1964 2752 excitata

394 2819 590 2873 mente,
615 2821 678 2860 ac
698 2803 943 2859 sensibus
972 2799 1189 2863 erectis,
1205 2804 1402 2851 attenta
1419 2792 1760 2862 cogitatione,
1791 2787 1971 2842 animo

395 2898 623 2958 insomni
651 2911 714 2951 ac
739 2892 993 2965 vigilanti.
1044 2886 1338 2947 Audivistis
1365 2885 1506 2940 enim
1541 2894 1730 2936 omnes
1755 2886 1971 2947 aposto-

397 2996 556 3050 licam
595 2991 876 3047 lectionem
909 3005 922 3040 :
951 2994 1007 3041 et
1034 2985 1079 3039 si
1109 2981 1230 3051 quis
1255 2977 1537 3051 diligenter
1563 2971 1791 3032 attendit
1823 2970 1887 3027 ad
1911 2984 1975 3027 ea

397 3101 517 3157 qua:
542 3085 676 3138 lecta
701 3089 863 3144 sunt,
914 3091 1103 3146 magna
1148 3073 1302 3128 nobis
1345 3069 1637 3126 certamina
1666 3068 1978 3134 laboresque

400 3178 554 3234 nobis
580 3175 837 3230 hodierno
855 3171 943 3226 die
964 3169 1262 3240 propositos
1277 3180 1396 3221 esse
1415 3163 1680 3232 cognovit.
1701 3159 1826 3213 Cum
1847 3157 1976 3211 enim

401 3271 642 3336 uenisset,
690 3265 861 3336 inquit
879 3306 894 3327 ,
951 3262 1132 3316 Petrus
1161 3257 1482 3312 Antiochiam
1501 3297 1517 3322 ,
1545 3256 1598 3307 in
1630 3253 1812 3323 facient
1830 3251 1875 3302 ei
1895 3264 1981 3302 re-

402 3363 506 3418 stiti
535 3359 674 3432 (Gal.
697 3359 752 3413 2.
786 3354 896 3425 11).

471 3455 527 3509 2.
547 3431 821 3520 Numquid
849 3459 1274 3515 unumquemque
1298 3448 1531 3495 vestrum
1555 3437 1657 3490 hoc
1682 3431 1982 3496 conturbat,

405 3548 531 3602 dum
558 3544 704 3599 audit
725 3543 882 3597 Petro
907 3537 1166 3594 restitisse
1195 3533 1418 3589 Paulum
1450 3549 1463 3585 :
1488 3529 1762 3584 columnas
1787 3523 1987 3578 scilicet

408 3637 663 3693 Ecclesiae
693 3634 832 3687 inter
859 3645 918 3685 se
945 3627 1120 3683 collidi
1143 3667 1158 3688 ,
1198 3633 1357 3694 atque
1394 3623 1446 3676 in
1475 3635 1534 3674 se
1560 3617 1785 3672 invicem
1811 3614 1988 3667 incur-

410 3729 566 3785 rere?
611 3725 884 3796 Siquidem
923 3735 1050 3776 vere
1092 3717 1353 3772 columnae
1388 3719 1512 3766 sunt
1557 3709 1684 3773 isti,
1729 3705 1820 3775 qui
1868 3701 1990 3757 titlei

413 3830 607 3875 tectum
629 3817 888 3871 sustinent
915 3821 969 3866 et
994 3819 1223 3881 gestant,
1252 3815 1306 3861 et
1329 3805 1590 3860 columnae
1619 3810 1672 3853 et
1699 3808 1990 3866 propugna-

413 3913 551 3977 cula,
579 3920 633 3965 et
658 3906 910 3963 Ecclesiae
935 3903 1175 3972 corporis
1213 3899 1350 3954 oculi
1371 3938 1386 3960 ,
1432 3904 1486 3950 et
1524 3895 1784 3948 bonorum
1819 3888 1992 3942 fontes

414 4019 476 4058 ac
506 4000 766 4062 thesauri,
799 4005 855 4053 et
880 4005 1062 4066 portus
1081 4035 1097 4060 ,
1134 4000 1187 4046 et
1214 3987 1583 4060 quodcumque
1611 3981 1805 4038 dixerit
1843 3979 1992 4047 quis-

417 4094 578 4162 piam,
603 4089 828 4144 necdum
856 4065 1032 4140 tamen
1051 4097 1235 4138 eorum
1265 4079 1572 4149 dignitatem
1604 4071 1834 4142 azquabit
1858 4088 1871 4124 :
1901 4065 1996 4122 sed

417 4191 615 4254 quanto
643 4180 873 4249 majores
893 4184 1049 4232 erunt
1074 4173 1276 4239 laudes,
1307 4178 1453 4224 tanto
1481 4165 1682 4236 majora
1713 4161 1867 4216 nobis
1895 4158 1996 4212 oh-

418 4252 555 4345 jecta
577 4281 733 4329 erunt
759 4269 1074 4326 certamina.
1121 4263 1394 4320 Attendite
1420 4261 1577 4330 igitur
1605 4275 1617 4311 :
1641 4271 1738 4326 pro
1759 4252 1998 4324 patribus

423 4368 565 4423 enim
596 4365 750 4420 nobis
779 4361 1063 4417 dicendum
1091 4365 1200 4422 est,
1251 4364 1310 4408 ut
1336 4352 1574 4420 conjecta
1606 4350 1658 4401 in
1683 4363 1778 4402 eos
1816 4361 1846 4398 a
1875 4358 2000 4413 pro-

427 4463 561 4517 fanis
609 4469 664 4515 et
700 4474 731 4512 a
773 4456 896 4511 ﬁdei
942 4451 1182 4508 hostibus
1225 4447 1446 4502 crimina
1490 4441 1814 4497 refellamus.
1873 4436 2002 4490 Cum

426 4565 591 4608 autem
626 4553 836 4606 venisset
865 4547 1052 4602 Petrus
1089 4541 1405 4596 Antiochiam
1422 4577 1438 4603 ,
1470 4537 1524 4589 in
1550 4534 1726 4604 faciem
1753 4531 1795 4584 ei
1819 4527 2000 4592 restiti,

427 4647 543 4715 quia
561 4640 961 4713 reprehensibilis
985 4646 1089 4691 erat
1117 4632 1256 4701 (Gal.
1286 4631 1343 4684 2.
1371 4627 1580 4695 11-14).
1630 4621 1829 4678 Deinde
1857 4618 2007 4672 addi-

433 4753 516 4795 tur
535 4749 693 4788 causa
723 4727 1151 4799 reprehensionis
1184 4743 1198 4778 :
1225 4723 1380 4777 Prius
1411 4719 1541 4773 enim
1562 4758 1577 4781 ,
1610 4731 1758 4785 quam
1789 4711 2008 4766 venirent

431 4824 637 4896 quidam
676 4819 952 4881 aJacobo,
997 4834 1112 4872 cum
1155 4813 1384 4886 gentibus
1427 4809 1600 4864 edebat
1641 4821 1802 4860 :cum
1843 4814 2011 4855 autent

434 4918 676 4972 venissent
696 4956 709 4979 ,
737 4909 1054 4966 subtrahebat
1079 4917 1125 4962 et
1156 4903 1445 4976 segregabat
1470 4917 1524 4954 se
1547 4941 1560 4963 ,
1591 4899 1768 4951 timens
1793 4909 1897 4958 eos,
1925 4891 2012 4960 qui

435 5026 498 5063 ex
513 5004 894 5062 circumcisione
917 5008 1079 5054 erant.
1101 4997 1166 5050 Et
1193 4992 1506 5050 simulationi
1530 4991 1637 5060 ejus
1658 4991 2013 5041 consenserunt

437 5099 603 5155 cwteri
649 5095 820 5150 Judtei
845 5135 860 5160 ,
907 5094 980 5145 ita
1018 5099 1072 5144 ut
1118 5099 1163 5143 et
1206 5084 1467 5142 Barnabas
1493 5083 1754 5135 duceretur
1777 5077 1836 5131 ab
1866 5076 1936 5129 eis
1962 5073 2016 5127 in

439 5195 582 5248 illum
619 5188 1003 5245 simulationem.
1037 5182 1140 5238 Sed
1161 5198 1278 5234 cum
1305 5179 1536 5233 vidissem
1559 5215 1574 5240 ,
1603 5171 1738 5243 quod
1762 5185 1863 5224 non
1887 5176 2020 5221 recte

442 5284 752 5338 ambularent
797 5279 865 5333 ad
899 5277 1160 5331 veritatem
1197 5270 1437 5342 evangelii
1463 5309 1476 5332 ,
1528 5266 1636 5319 dixi
1672 5262 1820 5316 Petro
1849 5274 2019 5313 coram

445 5376 690 5430 omnibus.
739 5372 805 5426 Et
826 5384 984 5440 supra
1009 5367 1138 5422 dicit
1162 5405 1177 5429 ,
1221 5362 1285 5416 In
1307 5362 1488 5433 faciem
1511 5400 1526 5424 ,
1556 5366 1609 5412 et
1638 5356 1739 5409 hoc
1763 5353 1902 5415 loco,
1925 5349 2024 5405 Co-

445 5485 554 5522 ram
597 5465 846 5521 omnibus.
894 5461 1083 5517 Notate
1113 5455 1251 5512 istud
1283 5451 1422 5524 quod
1446 5449 1579 5505 dixit
1609 5465 1622 5501 :
1652 5445 1836 5501 Coram
1855 5441 2022 5496 omni-

449 5560 557 5612 bus.
598 5558 660 5612 Si
701 5568 752 5610 tu
772 5571 886 5608 cum
908 5551 1122 5607 Judtrus
1151 5549 1239 5608 sis,
1280 5543 1530 5616 gentiliter
1553 5539 1695 5602 vittis,
1724 5545 1767 5591 et
1794 5551 1892 5588 non
1921 5532 2023 5585 Ju-

450 5651 628 5715 daice,
684 5646 934 5716 quomodo
985 5651 1152 5715 gentes
1204 5637 1340 5708 cogis
1393 5629 1715 5688 Iudaizare?
1778 5627 2028 5682 Fortasse

453 5739 671 5796 Paulum
704 5737 772 5791 ob
796 5735 1044 5806 loquendi
1072 5733 1370 5787 libertatem
1417 5723 1700 5786 laudastis,
1730 5719 1869 5790 quod
1901 5735 2026 5786 per-

455 5843 600 5886 sona:
650 5827 956 5900 dignitatem
1005 5839 1110 5881 non
1167 5820 1462 5887 reveritus,
1508 5824 1724 5890 propter
1765 5807 2023 5878 evangelii

1371 422 1432 480 ΙΝ
1473 415 1698 478 ILLUD,
1737 407 1804 466 IN
1845 391 2097 459 FACIEM
2138 388 2207 449 ΕΙ
2241 385 2528 445 RESTITI.

3496 367 3600 426 3³η

2027 501 2304 558 veritatem
2327 502 2614 567 prarsentes
2634 506 2741 546 non
2767 485 3056 544 erubuerit.
3087 485 3155 538 At
3180 483 3301 536 licet
3320 495 3382 536 ea
3397 477 3466 534 sit
3493 478 3603 532 laus

2029 592 2199 657 Pauli,
2229 599 2467 646 nostrum
2499 585 2550 638 in
2579 582 2812 638 dedecus
2838 577 2964 634 illud
2990 575 3150 631 cedit.
3179 571 3316 638 Quid
3341 571 3482 625 enim
3513 583 3605 621 rc-

2029 685 2133 738 fert
2155 679 2296 751 quod
2323 686 2466 733 recte
2503 673 2700 730 Paulus
2743 667 3006 740 gesserit?
3047 666 3116 719 At
3151 661 3290 717 male
3312 657 3479 729 gessit
3505 657 3607 710 Pe-

2033 746 2456 841 trum-siquidem
2495 782 2602 822 non
2630 771 2777 819 recte
2806 757 3131 815 ambulabat.
3168 752 3303 821 Quid
3325 764 3455 818 ergo
3481 746 3606 801 mihi

2031 839 2277 938 prodest,
2297 861 2507 931 quando
2528 859 2662 912 alter
2681 872 2745 911 ex
2768 855 2883 924 biga
2910 863 3080 922 equus
3106 842 3402 902 claudicat?
3430 839 3612 908 Neque

2035 928 2178 1012 enim
2209 928 2337 1010 mihi
2363 967 2486 1007 cum
2514 949 2680 1004 Paulo
2709 961 2796 1000 res
2819 951 2927 1008 est,
2955 940 3048 996 sed
3077 953 3199 993 cum
3226 932 3478 1006 profanis.
3523 928 3613 983 ld-

2033 1050 2178 1103 circo
2203 1047 2363 1102 etiam
2384 1046 2626 1104 obsecro,
2658 1049 2717 1094 ut
2741 1035 3048 1092 attendatis.
3076 1029 3291 1086 Etenim
3319 1021 3615 1082 accusatio-

2037 1154 2157 1193 nem
2187 1151 2374 1206 augeo,
2400 1133 2801 1204 gravioremque
2824 1125 3010 1188 reddo,
3043 1131 3101 1178 ut
3119 1118 3351 1175 studium
3379 1121 3613 1171 vestrum

2035 1229 2288 1286 excitem.
2334 1225 2434 1292 Qui
2461 1225 2601 1280 enim
2629 1223 2682 1276 in
2711 1218 3001 1274 certamine
3026 1221 3272 1268 versatur
3293 1249 3309 1273 ,
3335 1206 3540 1276 vigilat,
3568 1209 3621 1256 et

2038 1322 2128 1392 qui
2156 1337 2251 1390 pro
2274 1326 2424 1388 patre
2451 1314 2658 1378 metuit,
2690 1320 2771 1366 cst
2809 1317 3042 1363 attentus
3067 1322 3081 1358 :
3109 1302 3196 1372 qui
3225 1295 3620 1354 accusationem

2043 1384 2222 1476 audit,
2255 1384 2403 1478 optat
2428 1405 2676 1474 excipere
2699 1401 3088 1457 defensionem.
3133 1394 3190 1449 Si
3218 1405 3345 1461 ergo
3371 1384 3622 1453 incipiam

2041 1500 2430 1556 accusationem
2456 1507 2670 1564 augere,
2690 1506 2756 1546 ne
2780 1505 2846 1543 ex
2861 1485 3023 1541 animi
3051 1483 3156 1538 mei
3182 1477 3440 1534 sententia
3461 1471 3624 1528 verba

2044 1593 2132 1646 illa
2171 1587 2392 1661 proferri
2435 1583 2719 1642 censeatis.
2767 1576 3035 1634 Profunde
3059 1573 3251 1644 quippe
3276 1577 3508 1622 mentem
3532 1575 3628 1618 ex-

2045 1699 2213 1748 cavo,
2265 1688 2320 1735 et
2345 1678 2502 1733 altius
2541 1676 2595 1730 in
2640 1674 2818 1727 animo
2844 1669 3022 1722 sulcos
3051 1679 3183 1734 ago,
3229 1670 3288 1715 ut
3316 1653 3626 1728 profundius

2046 1742 2504 1844 jaette'sententiae
2527 1765 2766 1819 tenacius
2805 1762 3074 1819 bzereant,
3102 1762 3158 1810 et
3200 1751 3341 1806 fideli
3369 1742 3628 1802 memoria

2052 1873 2350 1922 teneantur.
2398 1859 2503 1915 Sed
2531 1867 2584 1912 et
2622 1856 2674 1910 in
2706 1853 2915 1909 laudem
2937 1849 3082 1905 urbis
3105 1854 3296 1900 vestra:
3325 1840 3404 1914 (a)
3433 1835 3632 1892 cedunt

2053 1971 2173 2027 quas
2200 1954 2462 2009 dicentur.
2493 1949 2584 2006 Illa
2609 1948 2804 2017 quippe
2827 1951 3098 1997 certamen
3132 1933 3378 2002 excepit,
3419 1928 3506 1983 illa
3537 1941 3635 1995 pu-

2055 2017 2214 2118 gnam
2246 2063 2261 2100 ι
2289 2045 2396 2098 imo
2425 2054 2556 2095 vero
2583 2052 2691 2092 non
2740 2047 2970 2106 pugnam
2996 2068 3013 2096 ,
3059 2025 3157 2083 sed
3195 2037 3318 2093 quae
3356 2017 3637 2074 videbatur

2063 2155 2183 2196 esse
2211 2150 2408 2208 pugna,
2437 2143 2690 2187 cancrum
2721 2104 2850 2196 pace
2871 2121 3059 2193 quavis
3087 2116 3264 2172 utilior
3284 2107 3504 2168 exstitit.
3521 2104 3636 2160 Non

2058 2232 2203 2288 enim
2231 2230 2300 2283 ita
2327 2224 2566 2281 membra
2597 2228 2780 2275 nostra
2819 2226 3106 2271 nervorum
3144 2201 3474 2276 amplexibus
3503 2197 3641 2251 inter

2059 2338 2122 2378 se
2140 2323 2435 2392 junguntur
2456 2356 2470 2379 ,
2501 2323 2556 2368 ut
2582 2308 2808 2381 apostoli
2831 2303 3069 2361 caritatis
3094 2305 3248 2354 erant
3271 2295 3409 2350 inter
3435 2303 3498 2343 se
3525 2285 3644 2339 vin-

2063 2415 2198 2470 culis
2226 2407 2481 2479 copulati.

2223 2463 2503 2556 Eahdastis
2546 2489 2798 2548 Paulum?
2837 2485 3029 2541 Audite
3067 2495 3200 2549 ergo
3244 2487 3350 2544 quo
3394 2478 3548 2541 pacto
3574 2463 3643 2559 ad

2069 2591 2461 2651 accusationem
2511 2583 2727 2640 tendant
2772 2575 2951 2641 Pauli,
2997 2585 3118 2642 quze
3164 2567 3304 2621 dicta
3345 2570 3500 2626 sunt,
3544 2552 3650 2610 nisi

2072 2702 2234 2742 unum
2262 2683 2491 2751 aliquem
2530 2676 2584 2730 in
2623 2671 2800 2727 verbis
2829 2662 3195 2722 absconditum
3220 2667 3438 2710 sensum
3464 2647 3652 2704 obser-

2077 2789 2283 2832 vemus.
2316 2747 2452 2838 Quid
2483 2769 2596 2834 ais,
2637 2779 2671 2818 ο
2707 2758 2910 2817 Paule?
2939 2749 3228 2825 lncrepasti
3257 2747 3500 2811 Petrum,
3531 2751 3653 2796 eum

2076 2867 2227 2921 illum
2256 2862 2466 2918 videres
2490 2859 2557 2915 ad
2587 2855 2861 2912 veritatem
2893 2845 3152 2917 evangelii
3196 2856 3300 2896 non
3339 2844 3483 2892 recte
3511 2834 3656 2888 ince-

2079 2959 2241 3016 dere?
2270 2957 2414 3012 Bcne
2457 2953 2638 3007 habet.
2667 2947 2778 3001 Cur
2822 2943 2980 3012 igitur
3004 2937 3070 2992 In
3096 2931 3311 3006 faciem?
3344 2942 3439 2983 cur
3475 2923 3657 3016 Eorum

2080 3048 2344 3108 omnibus?
2361 3046 2547 3102 Nonne
2567 3038 2788 3096 remotis
2813 3030 3026 3088 arbitris
3052 3026 3165 3081 fieri
3190 3013 3658 3092 reprehensionem

2081 3139 2352 3214 oportuit?
2381 3138 2451 3193 At
2479 3143 2532 3189 ttt
2561 3125 2827 3201 quomodo
2854 3121 3063 3193 publice
3090 3114 3347 3186 judicium
3392 3103 3622 3162 instituis
3642 3141 3658 3164 ,

2084 3194 2137 3290 ei
2165 3231 2359 3286 multos
2386 3194 2740 3282 accusaiionis
2777 3222 2940 3272 testes
2972 3205 3184 3266 reddis?
3215 3202 3344 3271 Quis
3381 3213 3486 3254 non
3523 3194 3664 3251 dicet

2239 3319 2548 3390 impellente
2572 3313 2676 3366 hoc
2703 3325 2730 3362 a
2763 3316 2814 3361 te
2841 3303 2974 3366 fieri,
3007 3299 3090 3354 vel
3118 3312 3183 3351 ex
3212 3291 3406 3348 invidia
3435 3285 3518 3341 vel
3548 3292 3664 3390 ειη-

2087 3414 2176 3474 dio
2203 3371 2594 3466 conientionis?
2621 3400 2808 3454 Nonne
2839 3404 2892 3447 tu
2919 3408 2976 3446 es
3004 3389 3126 3452 ille,
3158 3383 3247 3454 qui
3271 3378 3512 3439 dicebas,
3556 3371 3659 3425 Fa-

2096 3461 2586 3562 inﬁrmis
2629 3497 2684 3541 ut
2725 3485 2958 3553 inﬁrmus
3005 3479 3080 3548 (l.
3122 3474 3238 3528 Cor.
3270 3470 3325 3526 9.
3368 3466 3496 3536 22)?
3534 3461 3668 3528 Quid

2092 3609 2252 3664 porro
2279 3599 2390 3655 est,
2428 3561 2656 3652 inﬁrmis
2701 3590 2754 3633 ut
2799 3571 3074 3645 inﬁrmus?
3111 3561 3585 3625 Condesecndens,
3616 3564 3671 3610 et

2093 3684 2363 3739 occultans
2395 3678 2607 3732 illorum
2631 3671 2872 3726 vulnera.
2902 3662 3092 3733 inquit,
3123 3671 3296 3726 neque
3322 3650 3666 3723 permittens,

2095 3787 2150 3831 ut
2180 3777 2232 3828 in
2276 3767 2654 3840 impudentiam
2701 3758 3126 3830 prolaberentur.
3178 3749 3386 3815 Ergone
3430 3739 3516 3809 qui
3547 3749 3670 3805 erga

2095 3830 2380 3934 discipulos
2425 3859 2560 3913 adeo
2599 3852 2861 3908 sollicitus
2916 3844 3058 3900 fuisti
3107 3849 3160 3895 et
3208 3830 3495 3902 benignus,
3547 3837 3672 3894 erga

2095 3921 2458 4026 coapbstolum
2487 3945 2718 4003 crudelis
2745 3936 3001 3996 evasisti?
3027 3933 3140 3988 Non
3167 3925 3377 3984 audiisti
3407 3921 3672 3977 Christum

2097 4010 2398 4107 dicentem,
2429 4041 2553 4097 Cum
2599 4033 2874 4109 peccaverit
2912 4033 3072 4100 frater
3101 4033 3248 4085 tuus,
3286 4016 3440 4080 uade,
3480 4010 3676 4079 corripe

2101 4157 2214 4195 eum
2244 4141 2371 4191 inter
2389 4106 2448 4188 te
2472 4143 2518 4188 et
2543 4106 2710 4200 ipsum
2737 4127 2900 4181 solum
2927 4116 3138 4191 (Matth.
3173 4112 3260 4168 18.
3292 4106 3416 4178 ιδγι
3448 4106 3515 4158 At
3543 4110 3597 4155 tu
3613 4107 3678 4200 ,ει

2105 4233 2311 4303 publice
2335 4192 2578 4295 corripis,
2611 4230 2666 4277 et
2691 4235 2750 4275 re
2780 4220 3077 4287 perpetrata
3105 4201 3367 4278 gloriaris.
3395 4197 3521 4252 Cum
3547 4192 3678 4246 enim

2108 4282 2304 4303 .v—m—w
2353 4282 2358 4283 ν
2479 4282 2496 4295 .
2564 4282 2575 4288 -
2783 4282 2794 4287 _
2879 4282 2888 4283 ,

2103 4327 2312 4380 uenisset
2341 4321 2542 4383 Petrus,
2574 4314 2762 4383 inquit,
2791 4305 3128 4363 Antiochiam,
3153 4300 3206 4352 in
3231 4294 3410 4366 [aciem
3433 4288 3475 4342 ei
3500 4282 3678 4340 restiti.

2327 4375 2540 4481 publice
2579 4375 2780 4459 tantum
2822 4396 3082 4464 corripis,
3127 4389 3220 4444 sed
3259 4386 3417 4442 etiam
3458 4379 3601 4434 velut
3629 4375 3680 4429 in

2107 4467 2353 4560 colitmna
2395 4497 2623 4570 quadam
2670 4489 2838 4547 literis
2884 4483 3113 4542 exaratis
3144 4491 3369 4549 pugnam
3416 4473 3558 4526 illam
3599 4467 3682 4520 in-

2111 4597 2307 4668 sculpis
2332 4637 2347 4660 ,
2383 4594 2448 4648 ad
2475 4585 2788 4646 memoriam
2814 4580 2934 4635 facti
2958 4577 3333 4644 sempiternam
3357 4584 3372 4620 :
3395 4575 3452 4620 ιιι
3481 4576 3585 4617 ηοιι
3610 4558 3686 4613 illi

2113 4660 2316 4746 tantum
2340 4685 2428 4755 qui
2449 4681 2690 4741 aderant,
2712 4673 2806 4731 sed
2829 4682 2882 4726 et
2905 4681 3090 4724 omnes
3109 4663 3198 4734 qui
3220 4660 3402 4715 orbem
3427 4663 3686 4710 terrarum

2114 4779 2352 4838 incolunt
2379 4773 2653 4834 homines,
2682 4782 2748 4822 ex
2777 4761 2998 4833 epistola
3027 4772 3140 4811 rem
3172 4754 3314 4808 illam
3345 4749 3687 4816 cognoscant.

2113 4871 2322 4929 Siccine
2347 4879 2519 4922 tecum
2539 4865 2758 4930 egerunt
2782 4850 3009 4923 apostoli
3036 4840 3406 4912 Jerosolymis,
3432 4848 3551 4890 cum
3575 4837 3693 4901 post

2117 4977 2286 5018 annos
2316 4951 2714 5029 quatuordecim
2755 4939 3060 5004 ascendisti,
3107 4945 3162 4990 ut
3199 4925 3530 4998 evangelium
3572 4933 3694 4976 cum

3068 5027 3095 5029 —
3503 5023 3512 5029 .
3565 5009 3670 5029 η)-

2117 5057 2227 5116 illis
2251 5009 2556 5110 conferres?
2581 5042 2770 5099 Nonne
2795 5045 2851 5090 tu
2876 5033 3028 5094 dicis,
3060 5027 3186 5082 Post
3211 5035 3370 5076 annos
3394 5009 3697 5088 quatuorde-

2123 5149 2224 5203 cim
2265 5139 2468 5199 escendi
2489 5179 2505 5204 ,
2542 5144 2587 5190 et
2615 5128 2804 5188 contuli
2847 5139 2961 5179 cum
3001 5121 3072 5174 eis
3109 5111 3447 5184 evangelium,
3477 5114 3700 5158 seorsum

2257 5193 2464 5292 cuniiis
2491 5193 2576 5301 qui
2603 5223 2897 5281 uidebantur
2921 5210 3112 5282 aliquid
3138 5223 3244 5264 esse
3271 5201 3409 5273 (Gal.
3437 5199 3492 5252 2.
3524 5196 3576 5250 l.
3604 5193 3704 5260 2)?

2124 5333 2259 5402 Quid
2285 5326 2475 5400 igitur?
2504 5296 2638 5378 Num
2667 5328 2907 5373 seorsum
2933 5305 3179 5364 conferre
3203 5310 3257 5354 te
3281 5296 3544 5352 volentem
3578 5301 3708 5356 pro-

2977 5400 2987 5402 _
3211 5401 3215 5402 ν
3312 5399 3320 5402 Α
3414 5401 3423 5402 ί
3478 5379 3708 5402 ___n___n

2127 5379 2435 5484 hibuerimt,
2466 5425 2521 5470 et
2549 5415 2600 5469 in
2631 5409 2863 5466 medium
2891 5400 3246 5458 adduxerunt,
3274 5399 3433 5458 atque
3461 5379 3712 5438 omnibus

2127 5482 2512 5589 prodiderunt?
2543 5503 2654 5559 Dici
2685 5515 2790 5556 non
2818 5502 3009 5566 potest.
3051 5489 3167 5544 .lam
3197 5494 3251 5539 tu
3289 5482 3446 5550 igitur
3469 5483 3712 5530 seorsum

2957 5582 2989 5589 “
3027 5581 3057 5589 "
3145 5587 3154 5589 -
3289 5585 3363 5589 νπ-
3413 5561 3708 5589 --ΑηιΑιηω

2131 5561 2378 5665 ἓοιιΐειε,
2427 5613 2528 5653 nec
2571 5594 2713 5648 ullus
2753 5581 3066 5643 contradicit
3095 5595 3110 5633 ε
3139 5587 3198 5631 ιιι
3243 5585 3370 5627 vero
3411 5561 3710 5637 apostolum

2135 5701 2306 5774 palam
2339 5654 2606 5750 tiaducis?
2643 5687 2723 5741 An
2752 5695 2878 5736 vero
2903 5683 3107 5732 tantum
3143 5669 3250 5725 illic
3288 5654 3713 5722 benevolentiam

2205 5813 2276 5877 (a)
2315 5806 2572 5860 AlliiOCilliC
2605 5799 2768 5850 habita
2791 5791 2988 5845 estme
3019 5795 3188 5837 oratio.
