4060 6260
402 357 506 413 επις

393 473 603 527 illorum
646 477 898 538 expertus
939 465 1033 522 es?
1077 467 1154 521 Ac
1196 481 1302 520 non
1346 473 1456 520 tum
1509 464 1704 530 etiam,
1749 477 1870 517 cum
1900 468 1980 516 tot

391 559 638 615 adessent
667 557 829 612 millia
859 556 1165 612 Judazorum
1190 597 1208 624 ,
1238 571 1416 610 nonne
1442 554 1630 610 eadem
1668 567 1792 624 erga
1822 561 1874 606 te
1897 550 1977 606 usi

391 661 516 705 sunt
527 649 785 719 sapientia
796 649 819 703 ?
832 664 1009 704 nonne
1022 659 1073 705 te
1085 649 1310 704 seorsim
1321 656 1592 718 assumpto
1603 645 1694 701 tihi
1707 645 1974 711 dixerunt,

400 740 551 797 Vides
575 745 732 812 frater
755 781 772 809 ,
799 750 918 812 quot
937 742 1098 796 millia
1121 751 1236 796 sunt
1258 739 1560 796 Judteorunt
1578 782 1593 806 ,
1621 740 1707 810 qui
1731 752 1976 792 convene-

394 843 534 899 runt,
552 842 600 886 et
627 832 681 886 hi
702 849 875 887 omnes
899 833 1218 886 ainttlatores
1241 842 1357 887 sunt
1384 831 1525 902 legis,
1555 839 1602 885 et
1629 829 1895 883 audierunt
1915 827 1978 882 de

394 935 472 990 te,
520 924 638 994 quia
677 924 1030 978 discessionem
1072 923 1251 977 doceas
1287 939 1320 974 a
1362 923 1486 992 lege.
1537 920 1672 987 Quid
1709 935 1828 990 ergo
1866 917 1978 971 est?

393 1016 503 1070 Fac
523 1017 658 1084 quod
679 1015 768 1069 tibi
787 1016 1020 1070 dicimus.
1037 1015 1171 1070 Sunt
1190 1015 1320 1068 inter
1343 1030 1432 1067 nos
1451 1013 1542 1065 viri
1558 1020 1726 1066 votum
1741 1011 1976 1063 habentes

389 1127 543 1180 super
564 1126 619 1164 se
641 1124 661 1163 :
681 1110 760 1165 his
786 1109 1057 1179 assumptis
1082 1107 1260 1162 radere
1286 1122 1400 1160 cum
1428 1104 1549 1168 illis,
1575 1112 1621 1157 et
1645 1101 1905 1169 sancti/ica
1930 1107 1978 1152 te

388 1217 505 1253 cum
529 1200 651 1266 illis,
684 1209 739 1254 ut
767 1201 999 1264 discant,
1024 1199 1144 1268 quia
1185 1213 1298 1268 qua:
1321 1197 1383 1250 de
1412 1205 1458 1250 te
1500 1195 1802 1258 audierunt,
1843 1191 1977 1263 falsa

389 1300 506 1346 sunt
555 1292 685 1364 (Act.
730 1291 819 1346 2t.
857 1289 1094 1363 20.44).
1137 1289 1296 1344 Vides
1339 1297 1399 1346 ut
1447 1284 1824 1342 existimationi
1868 1292 1974 1339 tua:

391 1382 644 1451 parcant?
691 1391 749 1435 ut
794 1390 849 1436 te
896 1379 1309 1450 dispensationis
1353 1377 1496 1432 illius
1541 1375 1642 1432 sub
1691 1373 1837 1428 larva
1883 1387 1976 1428 oc-

393 1472 613 1536 cultent,
647 1481 703 1528 et
719 1471 982 1527 sacriﬁcio
1009 1463 1072 1525 ac
1097 1467 1600 1524 sanctiﬁcationibus
1622 1474 1675 1521 te
1689 1462 1974 1534 obtegam?

391 1559 500 1615 Cur
539 1577 645 1616 non
686 1561 930 1617 eamdem
958 1570 1013 1614 tu
1041 1573 1252 1630 quoque
1277 1557 1686 1613 sollicitudinem
1715 1553 1973 1610 exhibes?

464 1653 518 1706 4.
551 1651 837 1707 Enimvero
864 1651 907 1707 si
938 1666 1064 1706 vere
1093 1664 1264 1721 pugna
1302 1657 1445 1705 esset
1481 1663 1571 1703 res
1614 1648 1711 1702 ista
1751 1655 1806 1702 et
1839 1661 1972 1700 con-

393 1741 597 1807 tentio,
654 1741 736 1796 his
783 1740 1212 1796 accusationibus
1264 1740 1414 1794 locus
1463 1736 1787 1807 essetzjam
1841 1749 1974 1790 vero

390 1839 596 1886 certum
623 1839 705 1886 est
729 1846 837 1886 non
862 1844 982 1887 esse
1005 1845 1258 1902 pugnam,
1286 1829 1379 1885 sed
1407 1827 1576 1884 videri
1597 1827 1830 1898 quidem,
1859 1840 1976 1880 ma-

389 1935 548 1991 gnam
573 1935 701 1976 vero
733 1921 882 1976 Pauli
918 1929 973 1976 et
997 1921 1138 1976 Petri
1169 1920 1481 1990 sapientiam
1501 1961 1517 1988 ,
1561 1927 1617 1974 et
1663 1919 1801 1973 inter
1828 1917 1974 1987 ipsos

387 2021 626 2068 mutuam
667 2014 1090 2070 benevolentiam
1116 2029 1228 2086 pra:
1269 2029 1330 2070 se
1357 2013 1520 2070 ferre.
1548 2011 1762 2068 Interim
1793 2020 1970 2067 tamen

387 2099 560 2169 hanc,
605 2118 727 2173 quae
757 2103 880 2158 talis
906 2104 1118 2160 videtur
1144 2119 1298 2171 esse,
1341 2105 1737 2160 accusationem
1783 2102 2002 2158 audiar

388 2208 528 2249 mus.
556 2193 683 2250 Cum
708 2205 878 2251 autem
895 2198 1104 2252 venisset
1133 2196 1319 2252 Petrus
1345 2196 1686 2262 Antiochiam,
1709 2197 1764 2250 in
1788 2195 1972 2265 faciem

387 2284 435 2338 ei
461 2286 639 2341 restiti.
665 2286 834 2352 Quam
863 2288 934 2342 ob
972 2286 1220 2342 causam?
1252 2286 1384 2353 Quia
1413 2285 1816 2357 reprehensibilis
1843 2292 1970 2339 erat.

386 2375 666 2446 Quodnam
717 2387 894 2433 autem
949 2393 1116 2449 genus
1157 2388 1239 2434 est
1289 2377 1760 2450 reprehensionis?
1817 2376 1973 2431 Prius

384 2471 550 2539 enim,
586 2490 737 2543 quam
781 2472 998 2527 ccnirent
1043 2471 1248 2539 quidam
1275 2488 1308 2524 a
1333 2470 1526 2525 Jacobo
1548 2509 1566 2537 ,
1607 2486 1720 2523 cum
1746 2468 1972 2541 gentibus

385 2563 560 2618 edebat
583 2579 602 2617 :
621 2580 734 2617 cum
759 2576 926 2618 autem
952 2563 1227 2629 venissent,
1259 2563 1578 2616 subtrahebat
1603 2573 1650 2615 et
1675 2561 1970 2630 segregabat

385 2671 474 2722 se,
522 2656 701 2710 timens
744 2672 829 2710 eos
875 2658 961 2727 qui
990 2671 1053 2710 ex
1077 2653 1458 2711 circumcisione
1498 2660 1659 2707 eram.
1688 2651 1824 2719 Quid
1852 2650 1971 2704 ais?

384 2744 626 2800 Timidus
652 2745 840 2800 Petrus
864 2786 878 2810 ,
923 2756 978 2802 et
1020 2761 1206 2816 parum
1237 2747 1520 2802 strenuus?
1549 2744 1740 2801 Annon
1771 2741 1970 2796 ideirco

384 2836 574 2892 Petrus
589 2846 671 2893 est
691 2838 1007 2907 appellatus,
1029 2838 1170 2908 quod
1194 2838 1514 2893 immobilem
1533 2837 1750 2892 haberet
1769 2832 1970 2892 ﬁdem?

387 2925 523 2993 Quid
548 2928 682 2997 agis,
703 2930 772 2982 mi
791 2927 990 2983 homo?
1016 2928 1279 2983 Reverere
1305 2943 1519 2994 nomen,
1543 2927 1681 2998 quod
1708 2926 1968 2998 discipulo

386 3017 637 3089 imposuit
678 3021 952 3076 Dominus.
989 3021 1230 3076 Timidus
1274 3021 1463 3076 Petrus
1505 3031 1558 3075 et
1611 3035 1793 3090 parum
1831 3028 1967 3074 stre-

388 3109 564 3164 nuus?
608 3110 676 3165 Et
702 3111 820 3181 quis
845 3111 947 3166 hoc
975 3111 1042 3166 ab
1070 3112 1177 3167 ullo
1205 3112 1343 3166 sinat
1370 3111 1659 3166 alﬁrmari?
1697 3110 1811 3166 Non
1852 3109 1969 3166 lnnc

383 3200 453 3256 de
493 3202 586 3255 illo
612 3203 794 3257 testari
839 3212 1014 3274 potest
1055 3203 1419 3275 Jcrosolyma,
1466 3204 1801 3274 primumque
1840 3203 1966 3258 illud

384 3291 654 3347 theatrum
675 3334 691 3359 ,
739 3303 793 3348 et
824 3294 1059 3348 Ecclesia
1079 3333 1096 3360 ,
1125 3295 1178 3348 in
1208 3309 1365 3363 quam
1396 3295 1597 3364 primus
1626 3294 1885 3364 prosiliit,
1913 3302 1969 3349 et

384 3384 596 3440 beatam
645 3385 786 3440 illam
831 3401 1016 3441 vocem
1061 3385 1262 3454 primus
1307 3387 1485 3442 emisit
1527 3401 1590 3443 ac
1618 3387 1747 3442 dixit
1774 3406 1788 3442 :
1815 3386 1968 3441 Hunc

386 3475 564 3531 Iesum
595 3475 728 3532 Deus
757 3477 1033 3546 suscitavit,
1060 3478 1240 3532 solutis
1277 3477 1538 3533 doloribus
1560 3478 1748 3550 inferni
1768 3479 1963 3549 (Actor.

377 3569 436 3623 2.
471 3569 585 3638 24).
622 3570 688 3623 Et
722 3583 938 3634 rursus,
972 3566 1096 3620 Non
1141 3568 1282 3621 enim
1313 3567 1485 3622 David
1513 3571 1754 3624 ascendit
1781 3573 1833 3627 in
1863 3565 1976 3629 car-

385 3661 516 3715 lum.
563 3659 706 3712 Dicit
753 3669 928 3713 autem
977 3658 1108 3727 ipse,
1140 3657 1341 3728 inquit,
1375 3659 1521 3713 Dixit
1577 3653 1832 3716 Dominus
1865 3663 1976 3718 Do-

385 3747 528 3801 mino
561 3764 693 3812 meo,
728 3747 862 3802 Sede
890 3765 922 3801 a
960 3748 1161 3802 dextris
1193 3749 1342 3813 meis,
1374 3750 1539 3804 donec
1564 3767 1756 3820 ponam
1797 3753 1978 3807 inimi-

386 3854 474 3892 cos
507 3849 621 3892 tuos
652 3839 938 3893 scabellum
965 3839 1156 3907 pedum
1187 3849 1397 3892 tuorum
1423 3839 1530 3910 (Ib.
1565 3858 1613 3896 υ.
1645 3843 1733 3909 5i,
1759 3843 1880 3911 35.)

452 3927 594 3982 Petri
617 3931 897 3984 constantia
915 3932 966 3984 in
995 3930 1194 3986 Christo
1230 3932 1596 4004 prtedicando;
1627 3931 1814 3987 Petrus
1841 3934 1961 3990 aliis

384 4019 623 4089 apostolis
647 4020 836 4089 ﬁducia
858 4021 1127 4077 antecellit.
1157 4053 1228 4063 —
1248 4025 1332 4076 An
1362 4038 1490 4094 ergo
1517 4023 1733 4078 timidus
1754 4033 1836 4079 est
1864 4025 1966 4081 iste

381 4123 445 4164 ac
475 4125 660 4179 parum
687 4120 957 4178 strenuus,
996 4113 1086 4182 qui
1119 4122 1265 4166 tanto
1296 4123 1470 4178 metu,
1510 4115 1777 4183 tantisque
1820 4116 1964 4184 peri-

382 4199 517 4254 culis
546 4200 974 4270 impendentibus
997 4243 1012 4266 ,
1051 4210 1196 4256 tanta
1223 4217 1344 4256 cum
1377 4203 1568 4257 ﬁducia
1595 4203 1660 4258 ad
1693 4205 1812 4259 illos
1836 4219 1964 4260 san-

382 4293 542 4360 guine
571 4302 752 4361 pastos
779 4307 942 4348 canes
965 4333 981 4359 ,
1011 4293 1262 4348 ardentes
1295 4294 1393 4360 ira,
1422 4293 1621 4350 eisdem
1650 4294 1824 4351 adhuc
1848 4297 1960 4367 spi-

380 4389 562 4436 rantes
580 4390 662 4436 est
682 4383 975 4453 ingressus,
994 4399 1058 4440 ac
1084 4385 1386 4450 dixitcum,
1418 4386 1508 4457 qui
1535 4387 1604 4442 ab
1637 4387 1768 4458 ipsis
1788 4387 1965 4444 fuerat

377 4472 682 4537 cruciﬁxus,
707 4484 759 4529 et
802 4476 1162 4532 resurrexisse
1201 4491 1229 4530 a
1255 4478 1499 4544 mortuis,
1523 4486 1578 4533 et
1607 4479 1657 4533 in
1685 4479 1816 4533 cmlo
1837 4495 1962 4534 ver-

377 4564 504 4630 sari,
533 4565 599 4620 ad
627 4565 799 4621 Patris
829 4566 1103 4622 dexteram
1122 4556 1324 4624 'sedere
1349 4611 1364 4635 ,
1397 4585 1458 4623 ac
1485 4569 1641 4624 malis
1669 4570 1962 4626 innumeris

381 4656 627 4712 inimicos
669 4671 794 4712 suos
821 4659 1094 4714 obruere?
1136 4659 1251 4714 Non
1283 4670 1337 4714 tu
1360 4661 1505 4715 illum
1529 4662 1724 4731 potius,
1755 4677 1958 4732 quaeso,

377 4748 608 4815 miraris,
631 4759 686 4804 et
727 4750 779 4804 in
826 4751 1016 4805 czelum
1040 4752 1220 4816 effers,
1247 4752 1390 4823 quod
1418 4767 1480 4808 os
1504 4753 1775 4819 diducere,
1817 4753 1959 4825 quod

378 4837 524 4893 labra
547 4841 779 4909 aperire,
809 4842 949 4909 quod
975 4853 1140 4908 stare,
1155 4843 1296 4913 quod
1317 4859 1636 4915 comparere
1659 4846 1806 4901 solus
1834 4862 1955 4902 cum

377 4928 482 4984 illis
519 4932 771 5000 potuerit,
799 4933 890 5002 qui
929 4948 1051 4987 eum
1078 4935 1492 4991 crucitixerant?
1516 4937 1647 5004 Quis
1674 4939 1816 4993 enim
1843 4955 1962 4996 ser-

377 5034 486 5085 mo,
517 5035 636 5089 quze
681 5035 832 5076 meus
874 5023 1142 5088 ﬁduciam,
1168 5041 1328 5095 quam
1356 5028 1446 5081 illo
1473 5027 1561 5083 die
1593 5043 1704 5098 prae
1731 5044 1792 5086 se
1816 5031 1956 5098 tulit,

380 5125 444 5166 ac
471 5111 719 5182 loquendi
755 5113 1054 5172 libertatem
1082 5118 1385 5188 exprimere
1415 5120 1645 5189 poterit?
1669 5120 1822 5175 Nulla
1843 5138 1959 5177 om-

383 5203 530 5258 nino.
563 5203 618 5259 Si
644 5205 787 5259 enim
815 5214 940 5261 ante
965 5209 1268 5276 passionem
1303 5211 1739 5280 conspiravcrant
1760 5212 1952 5280 Judaei,

385 5303 444 5348 ut
472 5296 516 5350 si
542 5297 662 5367 quis
684 5312 804 5352 eum
831 5298 1176 5354 conﬁteretur
1193 5316 1314 5356 esse
1329 5299 1619 5369 Christum,
1639 5314 1793 5360 extra
1822 5323 1958 5374 syn-

381 5401 602 5456 agogam
657 5389 809 5444 ﬁeret
863 5387 1068 5462 (Joan.
1101 5390 1156 5446 9.
1201 5389 1356 5466 22):
1400 5401 1522 5462 post
1567 5394 1864 5462 passionem
1901 5405 1956 5453 et

373 5477 699 5544 sepulturam
729 5480 1008 5536 audientes
1032 5497 1178 5549 eum,
1218 5498 1323 5538 non
1351 5485 1440 5554 qui
1470 5483 1740 5539 Christum
1781 5487 1954 5541 conﬁ-

377 5576 580 5622 teretur
604 5571 799 5638 solum,
845 5571 942 5629 sed
980 5582 1035 5628 et
1082 5582 1249 5631 totam
1293 5576 1450 5631 simul
1499 5576 1952 5648 dispensationem

374 5673 582 5714 summa
626 5665 925 5719 constantia
971 5667 1282 5734 praedicaret
1308 5708 1324 5736 ,
1371 5685 1478 5738 quo
1515 5681 1673 5740 pacto
1715 5687 1819 5727 non
1867 5673 1952 5730 di-

370 5750 693 5824 laceraruut,
723 5765 777 5810 ct
797 5757 1154 5829 -memhratim
1184 5763 1454 5818 concisum
1489 5763 1784 5820 diviserunt
1826 5781 1948 5824 eum

1119 348 1176 405 S.
1221 346 1501 406 JOANNIS
1531 344 2006 403 CHRYSOSTOMI
2043 344 2367 401 ARCHIEP.
2406 346 2944 408 CONSTANTINOP.

3561 372 3666 427 576

2089 475 2299 528 omnes,
2342 477 2431 533 qui
2474 463 2680 534 primus
2715 479 2952 538 Ipsorum
2991 465 3156 525 furori
3192 485 3356 528 ausus
3384 471 3555 532 fuerat
3578 495 3662 533 re—

2089 554 2284 608 sistere
2309 554 2334 608 ?

2162 645 2216 700 5.
2249 645 2364 702 Hoc
2392 648 2536 704 enim
2557 648 2770 705 demum
2799 660 2882 708 est
2901 653 3173 720 eximium,
3205 672 3313 712 non
3341 658 3483 728 quod
3511 660 3680 715 fuerit

2089 735 2358 792 Christum
2389 739 2686 806 confessus,
2721 741 2814 796 sed
2841 742 2983 813 quod
3028 754 3152 800 ante
3193 755 3421 803 cazteros
3455 764 3670 814 omnes,

2086 842 2206 883 cum
2235 829 2308 883 illi
2340 827 2584 885 furerent
2609 831 2785 887 adhuc
2820 833 2968 888 cmde
3008 836 3311 900 tumefacti,
3337 838 3667 894 conﬁdenter

2084 917 2364 974 confessus
2394 918 2572 974 fuerit.
2597 919 2664 976 Ut
2685 921 2845 991 igitur
2865 923 2917 977 in
2947 922 3090 978 bello
3109 932 3267 996 atque
3288 927 3422 994 acie,
3444 927 3666 990 cohorte

2085 1012 2409 1066 communita
2429 1052 2446 1079 ,
2495 1013 2643 1068 illum
2673 1014 2936 1084 praecipue
2963 1015 3258 1084 laudamus,
3287 1018 3373 1089 qui
3403 1028 3529 1075 ante
3561 1033 3660 1074 cat-
3732 1012 3763 1084 ‘3'

2086 1109 2230 1157 teros
2261 1101 2603 1171 prosiluerit,
2639 1103 2861 1174 ejusque
2902 1104 3134 1160 frontem
3187 1109 3483 1178 perruperit
3511 1108 3660 1180 (non
3749 1095 3758 1158 Ξ

2081 1190 2224 1244 enim
2260 1189 2418 1260 hujus
2448 1200 2651 1246 tantum
2689 1193 2789 1260 rei,
2819 1194 2912 1248 sed
2953 1205 3009 1250 et
3034 1195 3273 1252 omnium
3297 1238 3311 1261 ,
3340 1214 3457 1268 qua:
3482 1200 3667 1255 caueri

2082 1282 2343 1350 patrarint
2365 1323 2380 1349 ,
2415 1282 2791 1352 przeclarorum
2816 1283 3107 1340 facinorum
3137 1301 3352 1342 causam
3371 1290 3671 1358 praebuisse-

2081 1371 2288 1428 dicetur
2319 1413 2336 1440 ,
2383 1373 2471 1444 qui
2506 1373 2640 1428 initii
2671 1383 2726 1430 et
2775 1374 3044 1445 ingressus
3085 1385 3274 1433 auctor
3315 1377 3474 1451 fuerit
3499 1379 3519 1451 )
3541 1381 3663 1437 :sic

2081 1464 2330 1520 nimirum
2358 1475 2414 1521 et
2441 1465 2510 1522 de
2556 1465 2716 1522 Petro
2755 1473 3004 1536 reputare
3041 1477 3283 1539 oportet,
3313 1450 3433 1525 eum
3459 1450 3662 1540 primus

2080 1555 2352 1626 ingressus
2377 1557 2466 1623 sit,
2489 1566 2544 1613 et
2568 1556 2796 1614 frontem
2818 1556 3051 1614 Iudaica:
3075 1557 3315 1615 cohortis
3340 1561 3665 1630 perruperit,

2078 1661 2142 1701 ae
2161 1647 2420 1716 prolixam
2449 1648 2597 1703 illam
2629 1647 2942 1704 concionem
2984 1647 3263 1717 habuerit,
3302 1651 3418 1721 pari
3456 1651 3663 1708 ratione

2079 1739 2218 1793 viam
2236 1740 2444 1796 caeteris
2466 1741 2721 1812 apostolis
2737 1742 3012 1812 aperuisse
3025 1741 3282 1798 dicendus
3291 1751 3394 1798 est.
3410 1743 3664 1812 Quamvis

2077 1829 2333 1895 Joannes,
2371 1832 2616 1902 quamvis
2639 1831 2892 1900 Iacobus,
2921 1833 3168 1904 quamvis
3193 1833 3403 1898 Paulus,
3419 1835 3662 1904 quamvis

2077 1921 2216 1976 alius
2239 1921 2410 1990 quivis
2440 1921 2637 1976 deinde
2665 1921 2868 1977 facinus
2885 1921 3101 1993 aliquod
3121 1922 3392 1993 egregium
3411 1923 3660 1991 ediderit,

2079 2011 2167 2067 hic
2193 2012 2442 2068 onmibus
2468 2013 2766 2081 antecellit,
2789 2013 2878 2084 qui
2925 2013 3066 2068 viam
3095 2014 3304 2069 caneris
3345 2028 3444 2069 sua
3471 2014 3663 2072 ﬁducia

2076 2102 2285 2168 stravit,
2314 2111 2370 2158 et
2394 2103 2694 2174 ingressum
2734 2103 2994 2174 aperuit,
3033 2103 3247 2175 illisque
3290 2103 3576 2172 concessit,
3603 2115 3663 2160 ut

2079 2199 2350 2260 tamquam
2380 2191 2606 2258 ﬁumen,
2630 2193 2772 2264 quod
2792 2208 2988 2264 magno
3016 2208 3136 2250 cum
3170 2194 3432 2249 undarum
3461 2195 3663 2264 impetu

2077 2281 2331 2351 ferretur,
2353 2284 2687 2340 conﬁdenter
2721 2285 3026 2352 intrarent,
3058 2295 3114 2342 et
3137 2301 3232 2343 eos
3269 2286 3360 2357 qui
3403 2286 3658 2343 adversa.

2077 2385 2264 2431 rentur
2310 2392 2493 2433 secum
2525 2377 2842 2445 traherent,
2892 2394 3078 2435 eorum
3117 2395 3247 2436 vero
3286 2382 3374 2450 qui
3405 2382 3662 2438 benevole

2075 2467 2354 2536 audirent,
2406 2469 2611 2524 animas
2661 2481 2918 2539 perpetuo
2969 2472 3228 2541 rigarent.
3261 2473 3342 2526 An
3373 2473 3534 2543 igitur
3571 2473 3662 2529 ille

2080 2567 2201 2627 post
2225 2574 2442 2614 crucem
2480 2561 2603 2615 talis
2630 2560 2772 2616 iuit?-
2806 2577 2984 2618 nonne
3025 2573 3152 2618 ante
3191 2577 3409 2620 crucem
3456 2565 3660 2622 cunctis

2075 2646 2172 2703 luit
2199 2649 2512 2705 ardentior?
2533 2667 2718 2707 nonne
2735 2667 2798 2708 es
2822 2652 2917 2708 fuit
2956 2655 3360 2723 apostolorum?
3384 2670 3558 2711 nonne
3579 2657 3658 2712 si-

2074 2738 2305 2795 lentibus
2333 2743 2542 2796 cunctis
2573 2743 2686 2812 ipse
2711 2743 3066 2814 loquebatur?
3093 2743 3254 2812 Quem
3274 2762 3353 2799 me
3373 2746 3548 2799 dicunt
3566 2748 3661 2800 ho.

2074 2829 2235 2885 mines
2263 2846 2369 2884 esse
2388 2830 2582 2886 Filium
2603 2833 2857 2903 hominis(
2889 2834 3075 2888 Matth.
3108 2836 3195 2891 16.
3231 2837 3299 2892 13
3316 2834 3382 2910 )-?
3403 2837 3476 2892 ait
3499 2837 3660 2892 Chri—

2073 2934 2190 2981 stus
2215 2941 2230 2992 ;
2261 2934 2314 2982 et
2337 2924 2426 2981 alii
2443 2925 2656 2995 quidem
2687 2926 2891 2982 Heliam
2924 2927 3194 2996 dicebant,
3223 2929 3311 2983 alii
3341 2945 3467 2985 vero
3502 2929 3660 2985 Jeru-

2075 3016 2260 3083 miam,
2291 3018 2381 3072 alii
2413 3035 2540 3074 vero
2568 3033 2731 3074 unum
2777 3033 2843 3073 ex
2881 3019 3176 3088 prophetis.
3218 3019 3317 3075 Vos
3354 3036 3662 3092 sero,qucm

2075 3124 2155 3163 me
2184 3124 2291 3164 esse
2311 3110 2479 3164 dicitis
2503 3108 2666 3183 (Ibid.
2695 3127 2744 3165 υ.
2773 3109 2865 3182 16)
2893 3109 2915 3162 ?
2943 3109 3131 3180 inquit.
3164 3109 3300 3164 Tum
3331 3110 3661 3179 respondens

2072 3203 2262 3259 Petrus
2289 3245 2305 3270 ,
2337 3203 2510 3258 dixit:
2547 3203 2623 3257 Tu
2673 3221 2724 3259 es
2771 3204 3003 3259 Christus
3047 3201 3217 3260 Filius
3263 3201 3358 3257 Dei
3385 3196 3501 3256 vivi.
3534 3201 3658 3270 Vos,

2071 3292 2224 3358 dixit,
2246 3301 2300 3348 et
2342 3308 2440 3364 pro
2481 3294 2729 3349 omnibus
2757 3295 2871 3365 ipse
2905 3295 3159 3365 loquutus
3176 3304 3275 3351 est.
3297 3293 3429 3350 Nam
3462 3309 3658 3363 quent-

2070 3384 2357 3440 admodum
2399 3400 2498 3456 pro
2553 3393 2666 3441 toto
2716 3401 2941 3457 corpore
2971 3401 3033 3442 os
3060 3387 3306 3457 loquitur,
3335 3387 3413 3442 sic
3438 3393 3662 3458 aposto—

2075 3475 2244 3531 lorum
2270 3476 2446 3547 lingua
2467 3487 2583 3532 erat
2603 3476 2883 3545 Petrus,et
2904 3493 3001 3548 pro
3026 3479 3271 3534 omnibus
3295 3479 3410 3549 ipse
3435 3494 3658 3550 respon-

2078 3567 2177 3622 dit.
2200 3568 2281 3622 An
2305 3568 2466 3638 igitur
2499 3569 2586 3625 hic
2613 3578 2814 3626 tantum
2841 3571 2938 3626 fuit
2967 3570 3108 3638 talis,
3145 3572 3274 3627 alibi
3315 3587 3442 3627 vero
3467 3572 3534 3628 de
3555 3573 3658 3628 hoc

2069 3657 2244 3713 studio
2269 3659 2534 3715 remittit?
2585 3659 2925 3732 Nequaquam
2959 3680 2974 3716 :
3009 3661 3104 3717 sed
3135 3678 3230 3732 per
3257 3664 3433 3717 omnia
3455 3705 3472 3731 ,
3515 3673 3570 3718 et
3599 3664 3654 3718 in

2069 3750 2316 3806 omnibus
2340 3751 2585 3808 eumdem
2615 3753 2861 3808 ardorem
2888 3755 3139 3810 ostendit.
3172 3756 3306 3811 Cum
3337 3756 3478 3811 enim
3503 3757 3656 3811 Chri-

2071 3848 2186 3895 stus
2205 3841 2449 3908 dixisset,
2479 3841 2704 3897 Tradent
2726 3843 2920 3898 Filium
2946 3845 3184 3913 hominis,
3228 3857 3276 3900 ct
3302 3848 3650 3916 ﬂagellabant,

2069 3940 2116 3985 et
2141 3933 2433 4004 cruciﬁgent
2459 3932 2479 4006 (
2506 3933 2669 3988 Marc.
2698 3935 2783 3990 10.
2802 3936 2892 3990 55.
2917 3936 3031 4004 54),
3091 3939 3169 3993 ait
3213 3937 3348 4006 ipse,
3385 3940 3653 4008 Propitius

2069 4021 2193 4089 tibi,
2214 4033 2341 4090 esto,
2365 4023 2583 4079 Domine
2610 4040 2630 4081 :
2659 4042 2759 4080 non
2783 4027 2874 4080 erit
2913 4027 3000 4080 tibi
3027 4028 3120 4080 hoc
3151 4026 3374 4098 (Matth.
3404 4027 3488 4081 16.
3519 4027 3581 4080 2i
3611 4029 3650 4092 ).

2069 4111 2184 4168 Non
2211 4115 2352 4169 enim
2390 4117 2492 4171 hoc
2528 4118 2681 4174 nobis
2707 4119 3117 4191 expcndendum
3147 4130 3250 4186 est,
3281 4120 3649 4176 inconsidera-

2071 4211 2178 4259 tam
2227 4205 2363 4263 hane
2415 4207 2582 4266 fuisse
2624 4211 3025 4281 responsionem
3053 4253 3069 4276 ,
3121 4212 3218 4266 sed
3266 4213 3335 4266 ab
3375 4214 3571 4270 eximio
3599 4223 3653 4269 et

2069 4297 2296 4355 ferventi
2339 4315 2522 4357 amore
2566 4302 2879 4372 profectam.
2914 4303 3120 4358 Rursus
3161 4305 3404 4360 ascendit
3431 4307 3480 4360 in
3509 4322 3654 4361 mon-

2069 4399 2175 4445 tem
2203 4433 2218 4456 ,
2260 4401 2316 4447 et
2359 4394 2768 4465 transﬁguratus
2816 4404 2900 4451 est
2941 4413 2954 4450 :
2997 4397 3242 4466 apparuit
3289 4397 3501 4452 interitu
3546 4399 3654 4453 illic

2069 4481 2247 4538 llelias
2291 4492 2346 4539 et
2388 4485 2598 4557 Moyses
2641 4486 2972 4556 colloquens.
3026 4487 3231 4543 Rursus
3281 4488 3389 4544 illic
3434 4504 3652 4560 quoque

2068 4573 2260 4629 Petrus
2290 4592 2305 4628 :
2337 4575 2399 4630 Si
2425 4576 2519 4644 vis,
2544 4577 2790 4647 faciamus
2832 4579 2916 4632 hic
2943 4579 3043 4632 tria
3064 4578 3385 4635 tabernacula
3413 4581 3433 4650 (
3456 4578 3650 4636 Matth.

2067 4665 2156 4720 17.
2181 4666 2215 4720 t
2242 4667 2283 4734 ).

2141 4761 2198 4815 6.
2229 4757 2360 4814 Vide
2396 4757 2666 4829 quomodo
2702 4759 3014 4830 magistrum
3051 4761 3282 4827 amabat,
3327 4777 3392 4818 ac
3427 4762 3654 4834 diligen-

2066 4850 2192 4904 tiam
2217 4857 2276 4905 et
2305 4851 2636 4920 prudentiam
2666 4850 3062 4907 observa.Nam
3088 4854 3210 4923 quia
3236 4863 3345 4909 tum
3368 4855 3647 4926 temporis,

2070 4957 2192 5014 cum
2222 4951 2426 4998 temere
2462 4944 2845 5013 respondisset,
2883 4958 2946 4999 os
2987 4945 3060 4999 illi
3101 4947 3373 5001 occlusum
3403 4957 3486 5002 est
3509 4988 3524 5010 ,
3562 4947 3650 5002 hic

2065 5033 2304 5103 magistri
2335 5037 2582 5105 potestati
2619 5051 2734 5090 rem
2760 5037 3037 5106 permittit,
3069 5036 3273 5102 dicens,
3299 5037 3362 5093 Si
3387 5038 3477 5092 vis.
3504 5036 3650 5093 Fieri

2071 5133 2272 5194 posset.
2299 5125 2488 5195 inquit,
2507 5134 2562 5181 et
2590 5141 2730 5180 nunc
2751 5141 2963 5196 quoque
2983 5126 3378 5183 inconsiderate
3398 5127 3650 5198 loquerer

2061 5231 2248 5271 amore
2275 5216 2556 5285 impulsus.
2601 5217 2680 5272 Ne
2718 5217 2879 5287 igitur
2902 5217 3089 5273 eadem
3121 5219 3542 5288 reprehensione
3561 5219 3648 5276 fe-

2063 5307 2232 5362 riatur
2257 5347 2272 5373 ,
2303 5307 2366 5362 Si
2409 5307 2503 5371 vis,
2546 5309 2737 5378 inquit.
2782 5311 3095 5366 Convivium
3151 5309 3280 5366 illud
3316 5327 3502 5367 rursus
3530 5323 3651 5367 erat
3739 5323 3742 5326 ’

2061 5409 2304 5456 sanctum
2329 5415 2393 5456 ac
2420 5402 2753 5458 tremendum
2783 5421 2798 5456 :
2845 5412 3062 5473 tumque
3087 5405 3298 5462 dicente
3321 5405 3472 5470 Iesu,
3500 5404 3650 5461 Unus

2061 5504 2278 5548 uestrum
2323 5511 2403 5550 me
2445 5496 2724 5552 traditurus
2771 5497 2883 5567 est(
2930 5497 3118 5551 Matth.
3147 5498 3236 5553 20.
3263 5498 3328 5553 2i
3358 5499 3378 5568 )
3409 5514 3423 5550 :
3457 5514 3648 5554 rursus

2059 5587 2250 5643 Petrus
2273 5587 2342 5642 ob
2384 5587 2527 5642 illam
2553 5589 2765 5659 quidem
2786 5605 2904 5660 qua:
2931 5599 3299 5660 praecesserat,
3326 5590 3645 5660 increpatio-

2059 5695 2203 5744 ncm,
2231 5679 2562 5750 interrogare
2587 5682 2895 5751 magistrum
2943 5697 3048 5737 non
3077 5697 3240 5738 ausus
3267 5694 3351 5739 est
3390 5701 3406 5740 :
3452 5685 3543 5738 sed
3573 5685 3646 5741 ob

2063 5786 2324 5842 artiorem,
2355 5787 2462 5844 quo
2502 5771 2778 5845 ﬂagrabat,
2817 5783 2992 5832 tacere
3033 5789 3139 5832 non
3183 5785 3391 5848 poterat
3421 5793 3436 5834 :
3464 5775 3561 5834 sed
3586 5786 3641 5832 et
