4060 6260
318 280 422 336 575

316 391 449 449 ἀλλά
487 389 596 463 μὴν
635 390 731 446 καὶ
777 389 865 445 δτε
908 389 966 443 δέ
1017 389 1274 462 μυριάδες
1320 390 1580 444 τοσαῦται
1613 391 1880 446 Ἰουδαίων

313 473 472 549 ἦσαν,
499 479 560 532 οὐ
603 478 742 548 μετά
770 479 870 548 τῆς
895 477 1065 547 αὐτῆς
1105 478 1408 548 ἐχρήσαντό
1453 495 1535 531 σοι
1563 479 1788 548 σοφίας;
1818 478 1880 532 οὐ

314 567 430 621 κατ’
458 565 594 618 ίδίαν
615 565 870 627 λαϐόντες
895 581 954 617 σε
979 565 1185 632 ἔλεγον·
1212 563 1474 632 Θεωρεῖς,
1499 564 1744 634 ἀδελφέ,
1777 567 1884 619 πός

314 670 416 710 σαι
452 652 736 723 μυριάδες
773 651 932 707 εισίν
991 648 1290 707 Ἰουδαίων
1321 651 1442 706 τῶν
1469 655 1884 721 συνεληλυθό-

316 759 452 805 των,
491 739 590 794 καί
621 736 785 796 οὗτοι
831 739 1052 806 πάντες
1081 739 1329 808 ζηλωταὶ
1381 739 1490 792 τοῦ
1520 741 1708 808 νόμου
1741 741 1880 801 είσί,

317 827 415 881 καί
460 827 828 896 κατήχηνται
858 828 990 897 περὶ
1033 827 1170 891 σοῦ,
1217 827 1303 880 ὅτι
1341 827 1725 880 ἀποστασίαν
1765 826 1883 880 ἀπὸ

320 913 424 966 τοῦ
447 913 632 980 νόμου
655 911 983 977 διδάσκεις.
1010 914 1072 966 Τί
1093 909 1205 967 οὖν
1233 913 1397 976 ἐστι.;
1435 913 1702 979 Ποίησον
1724 912 1758 964 ὅ
1787 928 1885 965 σοι

319 1001 592 1070 λέγομεν.
619 999 794 1054 Εἰσὶν
821 999 1034 1069 ἄνδρες
1055 999 1123 1053 ἐν
1146 1001 1289 1069 ἡμῖν
1312 1002 1554 1070 ἔχοντες
1579 1000 1772 1070 εὐχὴν
1793 999 1884 1068 ἐφ’

320 1086 573 1152 ἑαυτοῖς·
598 1087 848 1152 τούτους
862 1086 1062 1140 λαϐὼν
1077 1087 1330 1155 ξύρησαι
1357 1087 1506 1160 [565]
1525 1089 1646 1142 σὺν
1660 1089 1883 1152 αὐτοῖς,

320 1172 418 1226 καὶ
457 1173 768 1242 ἁγνίσθητι
807 1174 934 1242 μετ’
966 1173 1183 1237 αὐτῶν,
1217 1175 1317 1228 ἵνα
1348 1176 1638 1244 μάθωσιν,
1679 1175 1768 1230 ὅτι
1802 1169 1889 1229 ὧν

319 1260 689 1328 κατήχηνται
715 1259 847 1328 περί
879 1260 1015 1324 σοῦ,
1041 1259 1218 1314 οὐδέν
1241 1261 1430 1316 ἐστιν.
1456 1258 1607 1325 Εἶδες
1630 1261 1746 1325 πῶς
1771 1262 1886 1331 φείο

320 1347 498 1400 δονταί
538 1365 631 1400 σου
685 1347 786 1416 τῆς
830 1346 1183 1418 ὐπολήψεωςς
1219 1348 1335 1411 πῶς
1375 1348 1677 1420 κρύπτουσι
1717 1366 1775 1402 σε
1809 1348 1888 1420 τῷ

321 1435 648 1508 προσωπείῳ
685 1436 783 1505 τῆς
831 1436 1139 1505 οἰκονομίας
1171 1437 1418 1508 ἐῃείνης,
1457 1441 1523 1508 τῇ
1555 1437 1744 1508 θυσία,
1778 1441 1888 1501 τοῖς

321 1524 608 1594 ἀγνισμοῖς
651 1540 710 1575 σε
744 1523 1212 1593 περιστέλλοντες;
1261 1525 1360 1578 Διά
1399 1525 1451 1578 τί
1497 1525 1572 1596 μὴ
1619 1524 1888 1594 τοσαύτην

321 1609 648 1680 κηδεμονίαν
682 1609 940 1673 ἐπεδείξω
976 1610 1070 1662 καὶ
1098 1610 1197 1676 σύ;

393 1698 456 1751 δ’.
501 1697 640 1750 Ἀλλ’
660 1699 708 1750 εί
734 1693 801 1768 ἦν
834 1697 1047 1768 ἀληθῶς
1070 1700 1216 1770 μάχη
1243 1699 1310 1752 τὰ
1333 1699 1597 1770 γενόμενα
1626 1700 1720 1754 καὶ
1743 1704 1892 1772 φιλο·

322 1785 522 1848 νεικία,
550 1781 692 1856 εἶχεν
722 1785 788 1838 ἂν
813 1784 967 1852 λόγον
993 1785 1059 1838 τά
1098 1787 1525 1857 κατηγορήματα
1561 1787 1734 1840 ταῦτα
1754 1804 1768 1820 ο
1797 1787 1891 1842 νῦν

321 1875 380 1929 δέ
409 1875 510 1928 οὐκ
536 1872 650 1926 ἐστι
686 1872 852 1944 μάχη,
880 1873 1013 1926 ἀλλά
1042 1873 1187 1925 δοκεῖ
1223 1873 1320 1944 μὲν
1363 1871 1522 1935 εἶναι,
1563 1877 1803 1948 μεγάλην
1835 1878 1892 1932 δέ

321 1960 543 2016 καὶτοῦ
581 1961 790 2014 Παύλου
831 1959 926 2013 καὶ
961 1960 1055 2013 τοῦ
1090 1961 1298 2030 Πέτρου
1339 1963 1530 2032 σοφίαν
1563 1965 1656 2017 καὶ
1680 1963 1892 2019 εὔνοιαν

324 2049 466 2119 πρὸς
512 2047 771 2118 ἀλλήλους
803 2047 1188 2101 ἐπιδείκνυται.
1221 2047 1367 2119 Πλὴν
1416 2051 1555 2112 τέως
1593 2051 1761 2120 αὐτῆς
1795 2052 1894 2122 τῆς

321 2139 590 2210 δοκούσης
613 2133 752 2191 εἶναι
772 2138 1102 2208 κατηγορίας
1131 2137 1467 2210 ἀκούσωμεν.
1494 2140 1623 2193 Ὅτε
1651 2140 1718 2194 δε
1748 2137 1896 2210 ἦλθε

323 2226 552 2295 Πέτρος
593 2229 680 2292 είς
737 2226 1123 2292 Ἀντιόχειαν,
1171 2226 1320 2279 κατὰ
1371 2227 1692 2294 πρόσωπον
1735 2228 1896 2294 αὐτῷ

330 2313 653 2380 ἀντέστην.
690 2313 788 2366 Διά
826 2312 908 2377 τίς
945 2312 1073 2366 Ὀτι
1113 2312 1596 2382 κατεγνωσμένος
1635 2314 1735 2381 ἦν.
1789 2316 1896 2369 Καὶ

334 2403 419 2466 τίς
451 2402 480 2455 6
503 2399 702 2471 τρόπος
723 2399 822 2469 τῆς
851 2397 1243 2466 καταγνώσεως
1262 2414 1277 2462 ;
1301 2397 1422 2464 Πρὸ
1442 2397 1549 2451 τοῦ
1569 2397 1679 2466 γὰρ
1701 2399 1898 2453 ἐλθεῖν

331 2506 502 2554 τινας
523 2487 642 2542 ἀπὸ
676 2483 973 2551 Ἰακώϐου,
995 2485 1143 2554 μετὰ
1162 2482 1281 2536 τῶν
1302 2482 1494 2538 ἐθνῶν
1524 2485 1858 2553 συνήσθιεν
1878 2501 1894 2516 ο

333 2574 435 2630 ὅτε
477 2574 545 2627 δὲ
582 2570 792 2643 ἦλθον,
838 2571 1176 2626 ὑπέστελλε
1223 2570 1318 2624 καί
1351 2569 1635 2639 ἀφώριζεν
1660 2571 1896 2633 ἑαυτὸν,

333 2663 706 2734 φοϐούμενος
737 2658 877 2723 τοὺς
909 2659 979 2711 ἑκ
1025 2656 1364 2725 περιτομῆς.
1405 2658 1470 2710 Τί
1495 2659 1700 2727 λέγεις;
1728 2659 1900 2723 δειλὸς

336 2752 368 2804 6
387 2748 592 2818 Πέτρος
618 2745 716 2798 καὶ
736 2743 1025 2814 ἀνανδρος;
1051 2743 1110 2795 οὐ
1132 2742 1220 2796 διά
1245 2742 1405 2796 τοῦτο
1436 2744 1641 2813 Πέτρος
1673 2745 1897 2814 ἐκλήθη,

338 2833 526 2903 ἐπειδὴ
553 2833 800 2893 άσειστος
831 2825 897 2900 ἦν
925 2827 1070 2882 κατά
1107 2829 1204 2898 τὴν
1232 2828 1448 2895 πίστιν;
1479 2829 1544 2881 Τί
1581 2832 1774 2893 ποιεῖς,
1805 2831 1900 2884 άν-

338 2923 560 2994 θρωπε;
593 2916 876 2986 Αίδέσθητι
901 2915 999 2985 τὴν
1027 2914 1394 2986 προσηγορίαν
1413 2915 1504 2968 τοῦ
1525 2916 1812 2982 Δεσπότου,
1837 2918 1901 2986 ἦν

340 3009 504 3078 ἔθηκε
549 3005 626 3076 τῷ
679 3004 914 3075 μαθητῇ.
956 3002 1136 3075 Δειλδς
1170 3004 1198 3055 6
1239 3003 1441 3074 Πέτρος
1477 3004 1570 3056 καὶ
1611 3004 1900 3075 ἄνανδρος

339 3096 435 3150 καὶ
459 3094 542 3156 τίς
567 3108 659 3144 σου
703 3089 872 3143 ταῦτα
902 3089 1148 3152 ἀνέξεται
1174 3087 1455 3156 λέγοντος;
1483 3091 1556 3143 Οὐ
1586 3090 1755 3143 ταῦτα
1783 3091 1905 3144 σύν-

340 3182 481 3234 οιδεν
501 3191 527 3219 ι
555 3175 701 3246 αὐτῷ
734 3178 802 3228 τὰ
833 3175 1208 3246 Ἰεροσόλυμα,
1256 3175 1350 3228 καὶ
1385 3175 1446 3228 τὸ
1484 3177 1698 3247 πρῶτον
1733 3179 1905 3231 ἐκεῖνο

341 3267 589 3339 θέατρον,
614 3264 708 3317 καὶ
731 3266 763 3334 ή
796 3263 1107 3333 Ἐκκλησία,
1139 3267 1218 3327 είς
1242 3263 1309 3334 ἣν
1339 3263 1549 3334 πρῶτος
1575 3266 1904 3337 ἐπεπήδησε,

344 3355 440 3409 καὶ
463 3353 559 3424 τὴν
587 3353 854 3422 μακαρίαν
894 3351 1106 3420 ἐκείνην
1141 3350 1353 3421 πρῶτος
1380 3351 1556 3419 ἀφῆκε
1587 3351 1785 3421 φωνὴν,
1814 3353 1906 3406 καὶ

343 3438 465 3494 εἷπε
488 3457 502 3471 ο
566 3439 784 3494 Τοῦτον
829 3437 938 3490 τὸν
992 3435 1235 3501 Ἰησοῦν
1276 3433 1614 3502 ἀνέστησεν
1658 3438 1692 3488 ό
1741 3436 1904 3503 Θεὸς,

341 3531 542 3593 λύσας
582 3525 689 3590 τὰς
728 3523 944 3589 ὠδῖνας
996 3522 1101 3576 τοῦ
1135 3520 1412 3576 θανάτου.
1452 3523 1560 3574 Καὶ
1601 3522 1788 3577 πάλιν·
1825 3525 1908 3578 Οὐ

345 3616 456 3687 γὰρ
478 3611 658 3666 Δαυῒδ
677 3611 857 3676 ἀνέϐη
883 3611 967 3675 είς
996 3608 1105 3662 τὸν
1130 3609 1408 3676 οὐρανόν.
1426 3609 1615 3675 Αὐτὸς
1637 3609 1704 3662 δὲ
1727 3611 1907 3678 λέγει,

346 3701 532 3770 φησὶν,
563 3695 748 3753 Εἶπεν
782 3701 813 3750 ό
846 3697 1060 3763 Κύριος
1083 3694 1162 3760 τῷ
1203 3694 1395 3761 Κυρίῳ
1424 3712 1572 3762 μου,
1615 3696 1809 3749 Κάθου
1841 3696 1909 3750 ἐκ

344 3785 562 3852 δεξιῶν
585 3801 724 3854 μου,
754 3782 864 3848 ἕως
887 3781 962 3836 ἂν
984 3779 1064 3838 θῶ
1088 3779 1228 3846 τοὺς
1259 3780 1510 3850 ἐχθρούς
1549 3797 1665 3835 σου
1691 3782 1911 3836 ὐποπό·

343 3876 482 3931 διον
512 3872 632 3927 τῶν
667 3869 866 3926 ποδῶν
898 3884 1034 3924 σου.

421 3955 588 4022 Οὗτος
607 3955 722 4022 οῦν,
741 3956 858 4010 εἰπέ
883 3972 991 4027 μοι,
1007 3953 1178 4017 δειλὸς
1201 3953 1291 4006 καὶ
1313 3953 1591 4026 ἄνανδρος,
1613 3957 1641 4010 6
1661 3956 1910 4010 τοσούτου

343 4047 518 4120 φόϐου
558 4045 652 4099 καὶ
681 4042 948 4097 τοσούτων
984 4039 1241 4094 κινδύνων
1267 4041 1740 4112 ἐπικρεμαμένων,
1775 4043 1912 4114 μετά

343 4132 614 4203 τοσαύτης
670 4128 979 4201 παρρησίας
1026 4128 1163 4198 πρὸς
1212 4129 1336 4190 τοὺς
1379 4128 1702 4199 αίμοϐὁρους
1749 4131 1913 4195 κύνας

342 4221 612 4284 ἐκείνους,
642 4219 736 4272 καὶ
756 4217 836 4287 τῷ
863 4215 1018 4287 θυμῷ
1049 4214 1266 4279 ζέοντας
1297 4215 1398 4278 ἐτι,
1433 4217 1526 4270 καὶ
1553 4217 1710 4285 φόνου
1737 4220 1916 4272 πνέον-

346 4326 450 4374 τας
471 4303 723 4361 είσελθὼν
751 4303 844 4357 καὶ
867 4303 1053 4365 είπὼν,
1082 4302 1163 4353 ὃτι
1189 4303 1218 4353 6
1243 4303 1573 4370 σταυρωθεὶς
1600 4304 1692 4356 ὐπ’
1714 4306 1912 4372 αὐτῶν,

351 4397 449 4451 καὶ
478 4395 698 4462 ἀνέστη,
727 4391 822 4443 καὶ
845 4391 904 4442 ἐν
929 4390 1040 4451 τοῖς
1067 4389 1316 4459 οὐρανοῖς
1350 4389 1485 4452 ἐστι,
1509 4390 1602 4442 καὶ
1633 4392 1696 4444 ἐκ
1728 4391 1916 4457 δεξιῶν

350 4482 588 4552 κάθηται
609 4478 702 4534 τοῦ
730 4477 964 4549 Πατρὸς,
983 4475 1082 4530 καὶ
1116 4475 1330 4546 μυρίοις
1353 4476 1480 4538 τοὺς
1503 4476 1727 4545 ἐχθροὺς
1752 4478 1914 4530 αὐτοῦ

353 4568 668 4640 περιϐάλλει
705 4566 925 4630 κακοῖς;
955 4563 1079 4615 Ὀτι
1108 4563 1216 4632 γὰρ
1257 4561 1436 4632 διᾶραι
1480 4562 1673 4632 στόμα,
1700 4563 1781 4616 δτι
1809 4564 1916 4636 γάρ

355 4653 566 4718 ἀνοῖξαι
594 4652 767 4721 χείλη,
797 4651 880 4704 ὅτι
910 4649 1116 4719 στῆναι,
1144 4649 1226 4701 ὅτι
1263 4649 1494 4718 φανῆναι
1523 4649 1681 4720 μόνον
1716 4651 1915 4721 μεταξὺ

354 4740 465 4796 τῶν
496 4738 925 4809 σταυρωσάντων
958 4737 1118 4790 αὐτὸν
1155 4737 1391 4807 ἴσχυσεν,
1416 4739 1476 4791 οὐ
1503 4738 1800 4810 θαυμάζεις
1823 4741 1921 4794 αὐ-

354 4830 448 4883 τὸν
485 4827 580 4881 καὶ
623 4825 942 4893 στεφανοῖς,
978 4825 1096 4877 εἰπέ
1135 4841 1254 4894 μοι;
1290 4825 1447 4888 Ποῖος
1492 4825 1599 4896 γὰρ
1632 4826 1808 4896 λόγος,
1837 4829 1920 4892 τίς

358 4915 566 4968 διάνοια
586 4911 682 4982 τὴν
712 4911 1020 4982 παρρησίαν
1047 4910 1209 4963 αὐτοῦ
1232 4909 1326 4981 τὴν
1355 4913 1412 4963 ἐν
1438 4912 1619 4984 ἐκείνῃ
1648 4916 1712 4984 τῇ
1737 4916 1922 4987 ἡμέρᾳ

360 5001 454 5054 καὶ
474 4999 572 5070 τὴν
601 4997 1078 5068 ἐλευθεροστομίαν
1095 4999 1438 5068 παραστῆσαι
1461 4999 1744 5070 δυνήσεται
1764 5019 1778 5069 ;
1811 5004 1923 5056 Οὐκ

359 5086 510 5140 ἐστιν
543 5084 739 5149 οὐδείς.
774 5084 837 5137 Et
871 5083 978 5152 γὰρ
1019 5083 1123 5151 πρὸ
1159 5083 1253 5136 τοῦ
1301 5085 1529 5156 σταυροῦ
1566 5087 1846 5142 συνέθεντο
1874 5091 1921 5143 οἱ

373 5172 636 5236 Ἰουδαῖοι,
675 5171 770 5224 ἐάν
805 5187 888 5232 τις
947 5169 1108 5224 αὐτὸν
1153 5170 1459 5244 ὁμολογήσῃ
1499 5174 1753 5244 Χριστὸν,
1787 5177 1924 5230 ἀπο..

366 5261 678 5328 συνάγωγον
707 5259 902 5321 ποιεῖν,
942 5258 1079 5328 μετὰ
1110 5257 1200 5310 τὸν
1235 5261 1461 5331 σταυρὸν
1497 5261 1590 5314 καὶ
1624 5263 1721 5332 τὴν
1752 5263 1926 5336 ταφὴν

363 5347 652 5409 ἀκούοντες
671 5345 794 5416 οὐχὶ
817 5344 1048 5413 Χριστὸν
1073 5345 1456 5414 ὁμολογοῦντος
1478 5348 1654 5418 μόνον,
1676 5351 1811 5404 ἀλλά
1835 5352 1927 5406 καὶ

363 5436 546 5502 πᾶσαν
577 5433 712 5504 ὁμοῦ
752 5435 851 5505 τὴν
886 5433 1194 5505 οἰκονομίαν
1236 5436 1373 5506 μετὰ
1402 5435 1579 5508 πάσης
1612 5439 1926 5510 φιλοσοφίας

363 5522 852 5592 ἀνακηρύττοντος,
883 5522 999 5586 πῶς
1047 5523 1106 5574 οὐ
1152 5522 1528 5592 διεσπάσαντο,
1565 5528 1656 5580 καὶ
1704 5529 1928 5599 μεληδὸν

429 5673 453 5704 ³
476 5673 584 5724 Duo
602 5682 714 5720 mss.
740 5669 969 5731 λέγοντος,
989 5669 1215 5719 σύνοιδεν.

1355 270 1423 329 ΙΝ
1463 271 1687 342 ILLUD,
1731 271 1802 328 IN
1844 269 2103 328 FACIEM
2140 271 2208 328 El
2256 273 2561 337 RESTITI.

3441 272 3543 330 576

1987 389 2150 444 αὐτὸν
2181 388 2438 444 διείλοντο
2466 389 2686 454 πάντες,
2717 386 2930 459 πρῶτον
2971 385 3188 442 πάντων
3214 387 3316 460 τῆς
3355 389 3554 461 μανίας

1987 483 2166 537 αὐτῶν
2195 481 2427 536 κατατολ
2434 481 2507 553 μή
2515 497 2680 534 σαντα
2699 497 2715 548 ;

2057 591 2118 639 ε’.
2159 585 2233 638 Τὸ
2270 585 2378 654 γάρ
2407 583 2472 654 δὴ
2507 583 2647 654 μέγα
2682 581 2842 635 τοῦτό
2872 583 3049 646 ἐστιν,
3086 582 3183 652 οὐχ
3211 582 3293 635 δτι
3323 581 3558 654 Χριστὸν

1984 676 2352 747 ὡμολόγησεν,
2381 675 2494 728 ἀλλ’
2515 677 2596 728 ὅτι
2626 675 2730 745 πρὸ
2756 675 2862 726 τῶν
2891 673 3063 727 ἀλλων
3087 673 3341 727 ἁπάντων
3369 689 3558 743 μαινο-

1990 765 2166 837 μένων
2190 765 2364 820 αύτῶν
2387 766 2480 818 καὶ
2498 765 2778 817 οίδούντων
2801 764 2907 817 ἀπὸ
2926 764 3018 816 τοῦ
3043 765 3224 833 φόνου,
3243 763 3558 833 ὡμολόγησε

1993 859 2132 927 μετὰ
2172 855 2718 928 παρῤησίας.”Ωσπερ
2742 851 2833 908 οὖν
2859 857 2916 908 ἐν
2945 855 3162 926 πολέμῳ
3196 855 3288 908 καὶ
3315 855 3560 925 παρατά-

1990 948 2089 1013 ξει,
2113 947 2386 1018 φάλαγγος
2410 965 2470 999 συ
2479 965 2625 1017 μπεφ
2635 947 2927 1016 ραγμένης,
2955 949 3156 1000 ἐκεῖνον
3182 946 3411 1016 μάλιστα
3432 948 3561 999 θαυ-

1993 1036 2237 1108 μάζομεν
2267 1037 2358 1090 τὸν
2403 1037 2509 1108 πρὸ
2551 1036 2659 1088 τῶν
2692 1035 2862 1090 ἄλλων
2890 1035 3037 1106 [566]
3079 1036 3352 1107 πηδῶντα,
3384 1038 3477 1090 καὶ
3501 1037 3562 1090 τδ

1995 1128 2243 1199 μέτωπον
2277 1127 2444 1198 αὐτῆς
2471 1125 2868 1198 διαρρηγνύντα
2900 1125 2980 1195 (οὐ
3012 1125 3120 1195 γὰρ
3151 1126 3214 1195 δὴ
3241 1126 3428 1180 τούτου
3463 1128 3559 1198 μό-·

1991 1238 2105 1284 νου,
2131 1219 2265 1273 ἀλλά
2294 1218 2386 1272 καὶ
2416 1219 2522 1271 τῶν
2554 1217 2691 1288 μετὰ
2721 1217 2892 1270 ταῦτα
2926 1217 3013 1284 ὑφ’
3036 1217 3236 1287 ἐτέρων
3265 1219 3563 1288 γινομένων

1994 1309 2429 1381 κατορθωμάτων
2461 1301 2614 1370 οὗτος
2661 1307 2726 1361 ἂν
2781 1307 2864 1376 είη
2911 1307 3126 1360 πάντων
3169 1307 3360 1372 αἴτιος,
3393 1307 3421 1358 6
3465 1308 3564 1378 τὴν

1992 1401 2166 1472 ἀρχὴν
2207 1400 2300 1453 καὶ
2339 1400 2438 1469 τὴν
2474 1398 2675 1450 εἴσοδον
2706 1394 3003 1466 παρασχὼν
3023 1395 3064 1464 ),
3093 1394 3234 1447 οὕτω
3258 1394 3322 1466 δὴ
3351 1396 3442 1448 καὶ
3473 1397 3566 1449 ἐπὶ⁵

1992 1492 2086 1546 τοῦ
2116 1491 2323 1562 Πέτρου
2351 1488 2657 1557 λογίζεσθαι
2683 1487 2808 1559 χρὴ,
2829 1489 2910 1540 ὅτι
2939 1485 3150 1557 πρῶτος
3177 1483 3448 1547 εἰσελθὼν,
3472 1486 3566 1540 καὶ

1993 1583 2054 1636 τὸ
2090 1582 2337 1654 μέτωπον
2371 1581 2467 1651 τῆς
2502 1578 2775 1649 φάλαγγος
2802 1579 2902 1648 τῆς
2930 1576 3224 1646 Ἰουδαϊκῆς
3249 1576 3565 1648 διαρρήξας,

1996 1674 2090 1728 καὶ
2136 1673 2235 1744 τὴν
2285 1671 2500 1743 μακρὰν
2549 1671 2763 1740 ἐκείνην
2807 1669 3144 1740 δημηγορίαν
3205 1668 3564 1732 κατατείνας,

1995 1764 2136 1819 οῦτω
2169 1764 2263 1816 καὶ
2292 1765 2403 1825 τοῖς
2434 1761 2611 1830 ἀλλρις
2637 1759 2948 1822 ἀποστόλοις
2975 1759 3170 1812 ἔδωκεν
3204 1759 3422 1811 είσοδον.
3448 1759 3566 1811 Κᾶν

2002 1858 2274 1924 Ἰωάννης,
2305 1855 2406 1908 κᾶν
2433 1853 2708 1916 Ἰάκωϐος,
2729 1851 2833 1905 κᾶν
2845 1851 3073 1916 Παῦλος,
3089 1849 3190 1903 κᾶν
3212 1849 3366 1913 ἄλλος
3385 1850 3567 1904 ὁστισ-

1998 1947 2090 2002 οῦν
2143 1948 2280 2019 μετά
2321 1945 2493 1999 ταῦτα
2529 1944 2668 2015 μέγα
2700 1962 2752 1996 τι
2787 1943 2954 1995 ποιῶν
3008 1944 3284 2011 φαίνηται,
3314 1941 3567 1994 ἁπάντων

1998 2032 2150 2102 οὗτος
2182 2038 2510 2100 πλεονεκτεῖ,
2543 2039 2571 2090 6
2593 2035 3021 2107 προοδοποιήσας
3049 2032 3226 2087 αὐτῶν
3259 2035 3323 2103 τῇ
3358 2032 3570 2103 παρρη-

2001 2131 2111 2201 σία,
2142 2131 2235 2182 καὶ
2267 2127 2533 2192 διανοίξας
2570 2127 2670 2197 τὴν
2701 2124 2924 2189 εἴσοδον,
2961 2125 3054 2178 καὶ
3081 2123 3206 2188 δοὺς
3235 2125 3436 2190 αὐτοῖς,
3467 2141 3570 2178 κα-

2001 2221 2175 2292 θάπερ
2207 2217 2434 2290 ποταμῷ
2460 2217 2637 2288 πολλῷ
2672 2217 2954 2287 φερομένῳ
2982 2215 3231 2286 ῥεύματι,
3277 2214 3414 2285 μετὰ
3445 2214 3568 2268 πολ-

1999 2311 2097 2382 λῆς
2138 2311 2322 2374 ἀδείας
2352 2308 2701 2371 ἐπεισελθεῖν,
2730 2308 2825 2360 καὶ
2847 2307 2974 2369 τοὺς
3006 2305 3104 2375 μὲν
3133 2303 3572 2374 ἐναντιουμένους

2001 2402 2359 2474 παρασύρειν,
2394 2399 2501 2453 τῶν
2544 2399 2600 2451 δέ
2630 2400 2745 2470 μετ’
2772 2397 2982 2458 εὐνοίας
3011 2394 3315 2447 ἀκουόντων
3341 2393 3438 2456 τάς
3469 2393 3574 2462 ψυ-

2001 2493 2102 2565 χὰς
2133 2493 2314 2564 ἄρδειν
2332 2485 2740 2561 διηνεκῶςΪΑί]
2763 2484 2856 2542 οὖν
2878 2487 3015 2557 μετὰ
3033 2487 3123 2540 τὸν
3150 2484 3378 2555 σταυρὸν
3401 2482 3575 2538 τοιοῦ-

2002 2601 2093 2648 τος
2117 2601 2131 2649 ;
2163 2582 2267 2655 πρὸ
2287 2583 2343 2635 δέ
2365 2582 2457 2635 τοῦ
2491 2577 2721 2652 σταυροῦ
2750 2581 2809 2633 οὐ
2835 2581 3051 2634 πάντων
3075 2577 3430 2648 θερμότερος
3455 2573 3576 2644 οὐχὶ

2001 2676 2064 2729 τὸ
2095 2677 2268 2747 στόμα
2295 2675 2400 2728 τῶν
2433 2673 2743 2728 ἀποστόλων
2776 2669 2874 2745 ἦνς
2901 2671 3022 2742 οὐχὶ
3053 2671 3267 2724 πάντων
3297 2667 3576 2737 σιγώντων

2005 2767 2165 2830 αὐτὸς
2209 2765 2538 2834 ἐφθέγγετο;
2582 2766 2719 2819 Τίνα
2759 2781 2834 2833 με
2876 2762 3165 2832 λέγουσιν
3197 2763 3251 2814 οὶ
3282 2759 3571 2827 ἅνθρωποι

2004 2853 2157 2910 εἶναι
2197 2855 2304 2908 τὸν
2335 2855 2468 2907 Υίὸν
2511 2853 2617 2907 τοῦ
2659 2853 3008 2920 ἀνθρώπου;
3056 2852 3218 2920 φησὶν
3246 2851 3274 2902 6
3305 2849 3534 2918 Χριστός
3557 2863 3575 2877 ο

2006 2946 2102 2998 καὶ
2143 2947 2191 2998 οί
2228 2945 2326 3014 μὲν
2362 2943 2546 2996 Ἠλίαν
2577 2943 2782 3010 ἔλεγον,
2822 2945 2870 2995 οἱ
2899 2943 2956 2994 δέ
2991 2943 3279 3013 Ἰερεμίαν,
3308 2944 3357 2994 οἱ
3389 2941 3447 2994 δὲ
3483 2941 3580 2993 ἕνα

2005 3033 2113 3087 τῶν
2159 3033 2471 3104 προφητῶν.
2510 3033 2705 3101 ’Υμεῖς
2752 3031 2820 3084 δέ
2863 3032 2996 3084 τινα
3021 3048 3099 3102 με
3133 3031 3356 3100 λέγετε,
3393 3031 3576 3101 φησὶν,

2007 3125 2191 3189 sirm;
2220 3121 2352 3176 Εἶτα
2383 3121 2698 3195 ἀποκριθεὶς
2725 3124 2930 3193 Πέτρος
2956 3119 3075 3175 εἷπε
3101 3141 3114 3154 ·
3150 3123 3233 3177 Σὺ
3273 3119 3330 3176 εἷ
3373 3127 3405 3177 ό
3443 3125 3578 3190 Χρισ-

2008 3215 2154 3281 στὸς
2204 3218 2238 3268 ό
2278 3214 2408 3280 Υιὸς
2453 3215 2561 3268 τοῦ
2609 3213 2756 3268 Θεοῦ
2790 3214 2894 3267 τοῦ
2930 3212 3395 3284 ζῶντες.’Υμεῖς,
3437 3211 3576 3278 εἶπε,

2010 3307 2104 3359 καὶ
2145 3306 2264 3360 ἀντὶ
2304 3305 2522 3358 πάντων
2561 3303 2656 3357 τοῦ
2701 3303 2951 3375 σώματος
3001 3303 3314 3373 φθέγγεται,
3345 3303 3515 3367 οὕτως
3542 3305 3578 3375 ἡ

2010 3399 2222 3468 γλῶττα
2259 3397 2368 3450 τῶν
2411 3395 2720 3449 ἀποστόλων
2752 3395 2957 3465 Πέτρος
2978 3391 3068 3465 ἦν,
3100 3396 3193 3448 καὶ
3217 3395 3336 3448 ἀντὶ
3366 3395 3582 3448 πάντων

2011 3489 2172 3553 αὐτὸς
2216 3481 2708 3557 ἀπεκρίνατο.⁹Αρ’
2733 3480 2826 3537 οὖν
2869 3483 3102 3538 ἐνταῦθα
3131 3485 3288 3554 μόνον
3319 3483 3579 3548 τοιοῦτος,

2012 3580 2240 3651 ἀλλαχοῦ
2281 3579 2337 3632 δέ
2367 3576 2662 3648 καθυφίησι
2691 3576 2790 3646 τῆς
2817 3575 3083 3645 σπουδῆςς
3119 3575 3414 3646 Οὐδαμῶς·
3445 3575 3584 3629 ἀλλά

2011 3672 2098 3726 διὰ
2120 3673 2336 3725 πάντων
2362 3671 2455 3723 καὶ
2482 3669 2540 3721 ἐν
2567 3669 2701 3721 πᾶσι
2725 3667 2822 3738 τὴν
2844 3665 3011 3737 αὐτὴν
3043 3667 3294 3737 ἐμφαίνει
3316 3667 3583 3738 θερμότη-

2013 3779 2101 3818 τα.
2135 3763 2245 3815 Καὶ
2284 3761 2392 3831 γὰρ
2429 3760 2667 3821 εἰπόντος
2712 3757 2804 3811 τοῦ
2853 3757 3121 3829 Χριστοῦ·
3151 3757 3582 3825 Παραδώσουσι

2015 3853 2122 3907 τὸν
2148 3851 2286 3906 Υίὸν
2317 3851 2423 3905 τοῦ
2466 3849 2800 3919 ἀνθρώπου,
2836 3849 2934 3902 καὶ
2976 3849 3446 3920 μαστιγώσουσι,
3483 3850 3580 3903 καί

2015 3941 2496 4010 σταυρώσουσιν,
2530 3939 2692 4003 αὐτός
2729 3955 2922 4009 φησιν·
2959 3938 3156 4005 Ἵλεώς
3198 3955 3318 4003 σοι,
3365 3940 3580 4008 Κύριε·

2015 4034 2088 4088 οὐ
2115 4032 2201 4102 μὴ
2226 4033 2396 4085 ἔσται
2428 4047 2527 4084 σοι
2562 4030 2756 4084 τοῦτο.
2790 4030 2881 4101 Μὴ
2913 4029 3022 4101 γὰρ
3041 4029 3104 4101 δὴ
3131 4028 3286 4084 τοῦτο
3316 4029 3584 4094 ἐξετάσω·

2021 4141 2139 4196 μεν,
2167 4125 2248 4177 ὅτι
2275 4122 2676 4194 ἀπερίσκεπτος
2704 4123 2738 4193 ή
2765 4123 3071 4194 ἀπόκρισις,
3105 4121 3327 4184 ἀλλ’,ὃτι
3365 4123 3584 4193 γνησίου

2020 4218 2184 4271 πόθου
2211 4211 2280 4288 ἦν
2306 4216 2400 4270 καὶ
2435 4215 2664 4279 ζέοντος.
2696 4215 2865 4268 Πάλιν
2909 4215 3075 4286 ἀνέϐη
3120 4217 3199 4280 είς
3225 4215 3287 4268 τὸ
3313 4215 3456 4288 ὄρος.
3491 4217 3586 4271 καὶ

2023 4303 2445 4375 μετεμορφώθηο
2471 4303 2624 4374 ὤφθη
2656 4305 2855 4373 μεταξῦ
2881 4305 3068 4377 ,Ἦλίας
3101 4308 3218 4359 ἐκεῖ
3239 4307 3329 4360 καὶ
3350 4307 3588 4379 Μωῦσῆς

2019 4394 2413 4462 διαλεγόμενος.
2465 4392 2633 4446 Πάλιν
2681 4393 2840 4446 κάκεῖ
2881 4395 2910 4447 6
2955 4396 3157 4466 Πέτρος
3180 4413 3193 4426 ·
3240 4399 3310 4449 El
3355 4397 3546 4464 θέλεις
3569 4438 3586 4464 ,

2021 4482 2366 4550 ποιήσωμεν
2389 4475 2507 4534 ὧδε
2534 4481 2692 4550 τρεῖς
2719 4481 2973 4549 σκηνάς.

2095 4581 2168 4639 ς’.
2188 4575 2329 4647 Ὅρα
2353 4573 2470 4638 πῶς
2493 4574 2664 4644 ἐφίλει
2691 4573 2780 4629 τὸν
2803 4574 3136 4640 διδάσκαλον,
3164 4576 3258 4629 καὶ
3284 4577 3471 4631 σκόπει
3493 4578 3590 4650 τὴν

2024 4664 2325 4736 ἀκρίϐειαν,
2356 4666 2450 4718 καὶ
2489 4663 2586 4734 τὴν
2617 4663 2850 4718 σύνεσιν.
2869 4663 3082 4737 Ἐπειδὴ
3113 4665 3220 4738 γάρ
3258 4666 3378 4719 τότε
3406 4668 3591 4732 ἁπλῶς

2025 4755 2342 4828 ἀποκριθεὶς
2370 4756 2754 4826 ἐπεστομίσθη,
2788 4755 3019 4810 ἐνταῦθα
3046 4760 3112 4828 τῇ
3145 4757 3358 4829 ἐξουσίᾳ
3389 4759 3482 4812 τοῦ
3515 4759 3593 4812 δι-

2025 4848 2291 4902 δασκάλου
2323 4848 2602 4919 ἐπιτρέπει
2646 4849 2706 4900 τὸ
2751 4851 3008 4920 πρᾶγμα·
3055 4853 3123 4903 El
3150 4851 3361 4918 θέλεις,
3395 4852 3587 4918 λέγων.

2027 4942 2096 4993 Συ
2107 4939 2321 5010 μϐαίνει
2345 4939 2473 5010 γάρ,
2500 4939 2652 5008 φησὶ,
2680 4941 2772 4993 καὶ
2795 4940 2886 4993 νῦν
2910 4941 3326 5012 ἀπερισκέπτως
3359 4961 3422 5013 με
3445 4945 3592 5015 πόθῳ

2028 5030 2340 5101 κινούμενον
2369 5032 2560 5084 εἰπεῖν.
2579 5032 2674 5084 “1ν’
2704 5027 2798 5085 οὖν
2843 5031 2916 5103 μὴ
2957 5033 3053 5103 τὴν
3086 5034 3253 5105 αυτὴν
3284 5036 3596 5106 ἐπιτίμησιν

2028 5122 2272 5193 δέξηταιο
2306 5125 2372 5178 El
2395 5123 2609 5185 θέλεις,
2637 5123 2788 5194 φησί.
2823 5125 3126 5194 Συμπόσιον
3147 5122 3214 5197 ἦν
3237 5127 3411 5179 ἐκεῖνο
3438 5128 3598 5180 πάλιν

2028 5213 2089 5266 τὸ
2121 5213 2274 5281 ἆγιον
2301 5213 2394 5266 καὶ
2416 5211 2685 5284 φρικῶδες
2704 5229 2717 5242 ο
2749 5213 2840 5266 καὶ
2863 5213 2981 5266 τότε
3009 5213 3254 5282 λέγοντος
3281 5216 3372 5268 τοῦ
3399 5216 3592 5287 Ἰησοῦ·

2031 5299 2137 5369 Εἷς
2182 5303 2250 5368 ἐξ
2299 5301 2466 5372 ὑμῶν
2510 5303 2848 5371 παραδώσει
2878 5320 2975 5372 με,
3005 5305 3166 5358 πάλιν
3199 5307 3227 5358 6
3257 5305 3460 5375 Πέτρος
3508 5307 3596 5363 διά

2037 5398 2134 5468 μὲν
2161 5395 2260 5466 τὴν
2286 5394 2600 5466 ἐπιτίμησιν
2640 5396 2738 5466 τὴν
2769 5397 2866 5468 ἤδη
2894 5397 3187 5466 γενομένην
3212 5400 3480 5468 ἐρωτῆσαι
3506 5400 3597 5454 τὸν

2033 5488 2348 5543 διδάσκαλον
2389 5490 2488 5541 οὐκ
2529 5488 2791 5560 ἐτόλμησε
2812 5505 2824 5518 ο
2857 5488 2945 5542 διὰ
2973 5489 3028 5542 δέ
3055 5489 3145 5543 τόν
3177 5490 3356 5556 πόθον,
3383 5490 3441 5543 δν
3467 5490 3599 5562 εἶχε,

2038 5583 2258 5653 σιγῆσαι
2300 5581 2400 5634 οὐκ
2441 5580 2696 5652 ἠνέσχετο
2721 5599 2732 5612 ·
2778 5582 2890 5634 ἀλλ’
2928 5580 3228 5636 ἐσπούδασε
3261 5584 3353 5636 καὶ
3390 5583 3598 5653 μαθείν,

2039 5675 2132 5730 καὶ
2165 5672 2239 5744 μὴ
2271 5671 2417 5738 δόξαι
2448 5674 2723 5746 προπετὴς
2750 5691 2834 5740 τις
2873 5670 3010 5730 εῖναι
3056 5673 3151 5728 καὶ
3181 5674 3598 5749 ἀπερίσκεπτος.
