  <div class='ocr_page' id='page_1' title='image "/cluster/home/n/w/nwhite01/storage/ocr_20150623/51/mdp.39015052813998/373.png"; bbox 0 0 4060 6260; ppageno 0'>
   <div class='ocr_carea' id='block_1_1' title="bbox 448 278 571 342">
    <p class='ocr_par' dir='ltr' id='par_1_1' title="bbox 448 278 571 342">
     <span class='ocr_line' id='line_1_1' title="bbox 448 278 571 342; baseline -0.008 0"><span class='ocrx_word' id='word_1_1' title='bbox 448 278 553 342; x_wconf 71' lang='lat'>377</span> <span class='ocrx_word' id='word_1_2' title='bbox 568 338 571 341; x_wconf 44' lang='grc' dir='ltr'>η</span> 
     </span>
    </p>
   </div>
   <div class='ocr_carea' id='block_1_2' title="bbox 440 391 2022 477">
    <p class='ocr_par' dir='ltr' id='par_1_2' title="bbox 440 391 2022 477">
     <span class='ocr_line' id='line_1_2' title="bbox 440 391 2022 477; baseline 0.008 -27"><span class='ocrx_word' id='word_1_3' title='bbox 440 398 570 463; x_wconf 84' lang='grc' dir='ltr'>Πῶς</span> <span class='ocrx_word' id='word_1_4' title='bbox 617 391 711 454; x_wconf 82' lang='grc' dir='ltr'>οῦν</span> <span class='ocrx_word' id='word_1_5' title='bbox 744 398 839 455; x_wconf 51' lang='grc' dir='ltr'>καὶ⁵</span> <span class='ocrx_word' id='word_1_6' title='bbox 885 399 987 472; x_wconf 80' lang='grc' dir='ltr'>τὴν</span> <span class='ocrx_word' id='word_1_7' title='bbox 1032 398 1331 473; x_wconf 77' lang='grc' dir='ltr'>ἐπιθυμίαν</span> <span class='ocrx_word' id='word_1_8' title='bbox 1364 401 1673 476; x_wconf 76' lang='grc' dir='ltr'>ἐπλήρωσε,</span> <span class='ocrx_word' id='word_1_9' title='bbox 1699 406 1796 461; x_wconf 70' lang='grc' dir='ltr'>καὶ</span> <span class='ocrx_word' id='word_1_10' title='bbox 1840 406 2022 477; x_wconf 83' lang='grc' dir='ltr'>ἀσφά-</span> 
     </span>
    </p>
   </div>
   <div class='ocr_carea' id='block_1_3' title="bbox 445 485 2026 568">
    <p class='ocr_par' dir='ltr' id='par_1_3' title="bbox 445 485 2026 568">
     <span class='ocr_line' id='line_1_3' title="bbox 445 485 2026 568; baseline 0.003 -24"><span class='ocrx_word' id='word_1_11' title='bbox 445 485 594 544; x_wconf 78' lang='grc' dir='ltr'>λειαν</span> <span class='ocrx_word' id='word_1_12' title='bbox 627 487 806 559; x_wconf 79' lang='grc' dir='ltr'>ἑαυτῷ</span> <span class='ocrx_word' id='word_1_13' title='bbox 841 492 1295 563; x_wconf 85' lang='grc' dir='ltr'>προῳκονόμησεν</span> <span class='ocrx_word' id='word_1_14' title='bbox 1318 509 1334 558; x_wconf 92' lang='grc'><strong>;</strong></span> <span class='ocrx_word' id='word_1_15' title='bbox 1361 493 1479 547; x_wconf 85' lang='grc' dir='ltr'>Ἴνα</span> <span class='ocrx_word' id='word_1_16' title='bbox 1511 493 1589 566; x_wconf 84' lang='grc' dir='ltr'>τῷ</span> <span class='ocrx_word' id='word_1_17' title='bbox 1620 494 1719 566; x_wconf 88' lang='grc' dir='ltr'>μὲν</span> <span class='ocrx_word' id='word_1_18' title='bbox 1760 494 2026 568; x_wconf 80' lang='grc' dir='ltr'>βουληθῆ-</span> 
     </span>
    </p>
   </div>
   <div class='ocr_carea' id='block_1_4' title="bbox 445 578 2024 659">
    <p class='ocr_par' dir='ltr' id='par_1_4' title="bbox 445 578 2024 659">
     <span class='ocr_line' id='line_1_4' title="bbox 445 578 2024 659; baseline 0.006 -27"><span class='ocrx_word' id='word_1_19' title='bbox 445 594 532 633; x_wconf 87' lang='grc' dir='ltr'>ναι</span> <span class='ocrx_word' id='word_1_20' title='bbox 563 578 755 649; x_wconf 80' lang='grc' dir='ltr'>μαθεῖν</span> <span class='ocrx_word' id='word_1_21' title='bbox 795 578 887 631; x_wconf 85' lang='grc' dir='ltr'>τὸν</span> <span class='ocrx_word' id='word_1_22' title='bbox 929 580 1231 635; x_wconf 77' lang='grc' dir='ltr'>ἀκάθεκτον</span> <span class='ocrx_word' id='word_1_23' title='bbox 1262 582 1410 655; x_wconf 83' lang='grc' dir='ltr'>δείξῃ</span> <span class='ocrx_word' id='word_1_24' title='bbox 1445 584 1627 651; x_wconf 85' lang='grc' dir='ltr'>πόθον,</span> <span class='ocrx_word' id='word_1_25' title='bbox 1658 585 1738 657; x_wconf 82' lang='grc' dir='ltr'>τῷ</span> <span class='ocrx_word' id='word_1_26' title='bbox 1769 586 1826 640; x_wconf 85' lang='grc' dir='ltr'>δὲ</span> <span class='ocrx_word' id='word_1_27' title='bbox 1858 586 1935 659; x_wconf 86' lang='grc' dir='ltr'>μὴ</span> <span class='ocrx_word' id='word_1_28' title='bbox 1956 586 2024 641; x_wconf 86' lang='grc' dir='ltr'>δι’</span> 
     </span>
    </p>
   </div>
   <div class='ocr_carea' id='block_1_5' title="bbox 445 667 2024 751">
    <p class='ocr_par' dir='ltr' id='par_1_5' title="bbox 445 667 2024 751">
     <span class='ocr_line' id='line_1_5' title="bbox 445 667 2024 751; baseline 0.006 -29"><span class='ocrx_word' id='word_1_29' title='bbox 445 667 643 722; x_wconf 77' lang='grc' dir='ltr'>ἑαυτοῦ</span> <span class='ocrx_word' id='word_1_30' title='bbox 670 669 828 722; x_wconf 88' lang='grc' dir='ltr'>τοῦτο</span> <span class='ocrx_word' id='word_1_31' title='bbox 870 670 1113 742; x_wconf 84' lang='grc' dir='ltr'>ποιῆσαι,</span> <span class='ocrx_word' id='word_1_32' title='bbox 1143 671 1260 726; x_wconf 79' lang='grc' dir='ltr'>ἀλλ’</span> <span class='ocrx_word' id='word_1_33' title='bbox 1283 672 1470 746; x_wconf 80' lang='grc' dir='ltr'>ἓτερον</span> <span class='ocrx_word' id='word_1_34' title='bbox 1501 675 1887 747; x_wconf 79' lang='grc' dir='ltr'>προϐαλέσθαι,</span> <span class='ocrx_word' id='word_1_35' title='bbox 1924 677 2024 751; x_wconf 83' lang='grc' dir='ltr'>τὴν</span> 
     </span>
    </p>
   </div>
   <div class='ocr_carea' id='block_1_6' title="bbox 445 756 2024 835">
    <p class='ocr_par' dir='ltr' id='par_1_6' title="bbox 445 756 2024 835">
     <span class='ocr_line' id='line_1_6' title="bbox 445 756 2024 835; baseline 0.008 -24"><span class='ocrx_word' id='word_1_36' title='bbox 445 756 734 813; x_wconf 74' lang='grc' dir='ltr'>εὐλάϐειαν</span> <span class='ocrx_word' id='word_1_37' title='bbox 774 760 1014 833; x_wconf 80' lang='grc' dir='ltr'>ἐμφαίνῃ</span> <span class='ocrx_word' id='word_1_38' title='bbox 1056 762 1152 815; x_wconf 77' lang='grc' dir='ltr'>καὶ</span> <span class='ocrx_word' id='word_1_39' title='bbox 1178 763 1287 835; x_wconf 86' lang='grc' dir='ltr'>τὴν</span> <span class='ocrx_word' id='word_1_40' title='bbox 1316 765 1615 821; x_wconf 81' lang='grc' dir='ltr'>ἐπιείκειαν</span> <span class='ocrx_word' id='word_1_41' title='bbox 1643 769 1880 823; x_wconf 78' lang='grc' dir='ltr'>ἃπασαν.</span> <span class='ocrx_word' id='word_1_42' title='bbox 1913 768 2024 822; x_wconf 74' lang='grc' dir='ltr'>Καὶ</span> 
     </span>
    </p>
   </div>
   <div class='ocr_carea' id='block_1_7' title="bbox 443 849 2026 930">
    <p class='ocr_par' dir='ltr' id='par_1_7' title="bbox 443 849 2026 930">
     <span class='ocr_line' id='line_1_7' title="bbox 443 849 2026 930; baseline 0.007 -27"><span class='ocrx_word' id='word_1_43' title='bbox 443 849 554 921; x_wconf 80' lang='grc' dir='ltr'>γάρ</span> <span class='ocrx_word' id='word_1_44' title='bbox 586 852 746 906; x_wconf 87' lang='grc' dir='ltr'>στενά</span> <span class='ocrx_word' id='word_1_45' title='bbox 777 869 867 923; x_wconf 90' lang='grc' dir='ltr'>μοι</span> <span class='ocrx_word' id='word_1_46' title='bbox 901 854 1182 920; x_wconf 84' lang='grc' dir='ltr'>πάντοθεν,</span> <span class='ocrx_word' id='word_1_47' title='bbox 1214 856 1348 927; x_wconf 88' lang='grc' dir='ltr'>φησί</span> <span class='ocrx_word' id='word_1_48' title='bbox 1369 873 1383 888; x_wconf 76' lang='grc'><strong><em>⁸</em></strong></span> <span class='ocrx_word' id='word_1_49' title='bbox 1425 858 1556 930; x_wconf 74' lang='grc' dir='ltr'>περὶ</span> <span class='ocrx_word' id='word_1_50' title='bbox 1588 860 1878 930; x_wconf 83' lang='grc' dir='ltr'>προδοσίας</span> <span class='ocrx_word' id='word_1_51' title='bbox 1905 861 2026 915; x_wconf 74' lang='grc' dir='ltr'>ἐστὶ</span> 
     </span>
    </p>
   </div>
   <div class='ocr_carea' id='block_1_8' title="bbox 444 942 2024 1024">
    <p class='ocr_par' dir='ltr' id='par_1_8' title="bbox 444 942 2024 1024">
     <span class='ocr_line' id='line_1_8' title="bbox 444 942 2024 1024; baseline -0.003 -27"><span class='ocrx_word' id='word_1_52' title='bbox 444 942 596 1015; x_wconf 78' lang='grc'>1567]</span> <span class='ocrx_word' id='word_1_53' title='bbox 626 943 783 1012; x_wconf 83' lang='grc' dir='ltr'><strong>λόγος</strong></span> <span class='ocrx_word' id='word_1_54' title='bbox 807 942 900 998; x_wconf 89' lang='grc' dir='ltr'>τοῦ</span> <span class='ocrx_word' id='word_1_55' title='bbox 930 945 1202 1000; x_wconf 88' lang='grc' dir='ltr'>Δεσπότου</span> <span class='ocrx_word' id='word_1_56' title='bbox 1226 963 1240 979; x_wconf 78' lang='grc' dir='ltr'><strong>ο</strong></span> <span class='ocrx_word' id='word_1_57' title='bbox 1276 944 1451 1019; x_wconf 84' lang='grc' dir='ltr'>μέγας</span> <span class='ocrx_word' id='word_1_58' title='bbox 1478 952 1506 1003; x_wconf 98' lang='lat'>6</span> <span class='ocrx_word' id='word_1_59' title='bbox 1532 950 1796 1015; x_wconf 81' lang='grc' dir='ltr'>κίνδυνος,</span> <span class='ocrx_word' id='word_1_60' title='bbox 1824 952 1853 1005; x_wconf 79' lang='grc' dir='ltr'><strong>ὁ</strong></span> <span class='ocrx_word' id='word_1_61' title='bbox 1885 968 2024 1024; x_wconf 80' lang='grc' dir='ltr'>χρη-</span> 
     </span>
    </p>
   </div>
   <div class='ocr_carea' id='block_1_9' title="bbox 448 1038 2025 1113">
    <p class='ocr_par' dir='ltr' id='par_1_9' title="bbox 448 1038 2025 1113">
     <span class='ocr_line' id='line_1_9' title="bbox 448 1038 2025 1113; baseline 0.004 -24"><span class='ocrx_word' id='word_1_62' title='bbox 448 1038 578 1109; x_wconf 86' lang='grc' dir='ltr'>μνδς</span> <span class='ocrx_word' id='word_1_63' title='bbox 616 1038 1081 1109; x_wconf 79' lang='grc' dir='ltr'>έκατέρωθεν.“Αν</span> <span class='ocrx_word' id='word_1_64' title='bbox 1117 1042 1346 1112; x_wconf 82' lang='grc' dir='ltr'>σιγήσω,</span> <span class='ocrx_word' id='word_1_65' title='bbox 1391 1045 1425 1113; x_wconf 79' lang='grc' dir='ltr'><strong>ἡ</strong></span> <span class='ocrx_word' id='word_1_66' title='bbox 1474 1042 1714 1113; x_wconf 79' lang='grc' dir='ltr'>μέριμνα</span> <span class='ocrx_word' id='word_1_67' title='bbox 1747 1044 2025 1097; x_wconf 84' lang='grc' dir='ltr'>κατεσθίει</span> 
     </span>
    </p>
   </div>
   <div class='ocr_carea' id='block_1_10' title="bbox 446 1130 2020 1207">
    <p class='ocr_par' dir='ltr' id='par_1_10' title="bbox 446 1130 2020 1207">
     <span class='ocr_line' id='line_1_10' title="bbox 446 1130 2020 1207; baseline 0.004 -25"><span class='ocrx_word' id='word_1_68' title='bbox 446 1147 549 1199; x_wconf 88' lang='grc' dir='ltr'>μου</span> <span class='ocrx_word' id='word_1_69' title='bbox 579 1130 678 1203; x_wconf 83' lang='grc' dir='ltr'>τὴν</span> <span class='ocrx_word' id='word_1_70' title='bbox 712 1130 891 1202; x_wconf 70' lang='grc' dir='ltr'>ψυχήν</span> <span class='ocrx_word' id='word_1_71' title='bbox 911 1147 925 1161; x_wconf 85' lang='grc'>·</span> <span class='ocrx_word' id='word_1_72' title='bbox 966 1130 1033 1185; x_wconf 84' lang='grc' dir='ltr'>ἃν</span> <span class='ocrx_word' id='word_1_73' title='bbox 1064 1133 1222 1197; x_wconf 71' lang='grc' dir='ltr'>εῐπω,</span> <span class='ocrx_word' id='word_1_74' title='bbox 1259 1132 1472 1187; x_wconf 88' lang='grc' dir='ltr'>δέδοικα</span> <span class='ocrx_word' id='word_1_75' title='bbox 1506 1136 1581 1205; x_wconf 86' lang='grc' dir='ltr'>μή</span> <span class='ocrx_word' id='word_1_76' title='bbox 1614 1152 1741 1188; x_wconf 88' lang='grc' dir='ltr'>ποτε</span> <span class='ocrx_word' id='word_1_77' title='bbox 1765 1135 2020 1207; x_wconf 79' lang='grc' dir='ltr'>ἐπιτίμη-</span> 
     </span>
    </p>
   </div>
   <div class='ocr_carea' id='block_1_11' title="bbox 445 1219 2026 1296">
    <p class='ocr_par' dir='ltr' id='par_1_11' title="bbox 445 1219 2026 1296">
     <span class='ocr_line' id='line_1_11' title="bbox 445 1219 2026 1296; baseline 0.004 -22"><span class='ocrx_word' id='word_1_78' title='bbox 445 1238 530 1275; x_wconf 85' lang='grc' dir='ltr'>σιν</span> <span class='ocrx_word' id='word_1_79' title='bbox 550 1220 786 1292; x_wconf 83' lang='grc' dir='ltr'>δέξωμαι</span> <span class='ocrx_word' id='word_1_80' title='bbox 817 1222 999 1276; x_wconf 88' lang='grc' dir='ltr'>πάλιν.</span> <span class='ocrx_word' id='word_1_81' title='bbox 1029 1222 1217 1295; x_wconf 80' lang='grc' dir='ltr'>Μέσην</span> <span class='ocrx_word' id='word_1_82' title='bbox 1240 1219 1336 1278; x_wconf 79' lang='grc' dir='ltr'>οὖν</span> <span class='ocrx_word' id='word_1_83' title='bbox 1364 1220 1526 1296; x_wconf 77' lang='grc' dir='ltr'>ἦλθεν</span> <span class='ocrx_word' id='word_1_84' title='bbox 1551 1225 1688 1291; x_wconf 86' lang='grc' dir='ltr'>ὁδὸν,</span> <span class='ocrx_word' id='word_1_85' title='bbox 1711 1227 1807 1279; x_wconf 71' lang='grc' dir='ltr'>καὶ</span> <span class='ocrx_word' id='word_1_86' title='bbox 1834 1229 1863 1280; x_wconf 93' lang='lat'>6</span> <span class='ocrx_word' id='word_1_87' title='bbox 1886 1243 2026 1280; x_wconf 85' lang='grc' dir='ltr'>παν-</span> 
     </span>
    </p>
   </div>
   <div class='ocr_carea' id='block_1_12' title="bbox 443 1313 2027 1388">
    <p class='ocr_par' dir='ltr' id='par_1_12' title="bbox 443 1313 2027 1388">
     <span class='ocr_line' id='line_1_12' title="bbox 443 1313 2027 1388; baseline 0.003 -22"><span class='ocrx_word' id='word_1_88' title='bbox 443 1313 611 1385; x_wconf 95' lang='grc' dir='ltr'>ταχοῦ</span> <span class='ocrx_word' id='word_1_89' title='bbox 653 1315 968 1387; x_wconf 83' lang='grc' dir='ltr'>προπηδῶν,</span> <span class='ocrx_word' id='word_1_90' title='bbox 992 1315 1116 1369; x_wconf 87' lang='grc' dir='ltr'>τότε</span> <span class='ocrx_word' id='word_1_91' title='bbox 1154 1316 1253 1386; x_wconf 81' lang='grc' dir='ltr'>τῆς</span> <span class='ocrx_word' id='word_1_92' title='bbox 1284 1314 1532 1370; x_wconf 81' lang='grc' dir='ltr'>Ἰωάννου</span> <span class='ocrx_word' id='word_1_93' title='bbox 1558 1318 1872 1388; x_wconf 75' lang='grc' dir='ltr'>παρρησίας</span> <span class='ocrx_word' id='word_1_94' title='bbox 1892 1317 2027 1371; x_wconf 73' lang='grc' dir='ltr'>ἑδεῖ-</span> 
     </span>
    </p>
   </div>
   <div class='ocr_carea' id='block_1_13' title="bbox 444 1404 2025 1482">
    <p class='ocr_par' dir='ltr' id='par_1_13' title="bbox 444 1404 2025 1482">
     <span class='ocr_line' id='line_1_13' title="bbox 444 1404 2025 1482; baseline 0.003 -23"><span class='ocrx_word' id='word_1_95' title='bbox 444 1420 525 1469; x_wconf 86' lang='grc' dir='ltr'>το,</span> <span class='ocrx_word' id='word_1_96' title='bbox 557 1404 698 1458; x_wconf 82' lang='grc' dir='ltr'>ὥστε</span> <span class='ocrx_word' id='word_1_97' title='bbox 747 1404 941 1476; x_wconf 85' lang='grc' dir='ltr'>μαθεῖν</span> <span class='ocrx_word' id='word_1_98' title='bbox 992 1405 1055 1459; x_wconf 83' lang='grc' dir='ltr'>τὸ</span> <span class='ocrx_word' id='word_1_99' title='bbox 1098 1405 1411 1476; x_wconf 89' lang='grc' dir='ltr'>λεγόμενον.</span> <span class='ocrx_word' id='word_1_100' title='bbox 1459 1408 1625 1462; x_wconf 82' lang='grc' dir='ltr'>Οὐδὲν</span> <span class='ocrx_word' id='word_1_101' title='bbox 1680 1408 1789 1480; x_wconf 86' lang='grc' dir='ltr'>γὰρ</span> <span class='ocrx_word' id='word_1_102' title='bbox 1839 1410 2025 1482; x_wconf 77' lang='grc' dir='ltr'>ἕτερον</span> 
     </span>
    </p>
   </div>
   <div class='ocr_carea' id='block_1_14' title="bbox 443 1491 2026 1583">
    <p class='ocr_par' dir='ltr' id='par_1_14' title="bbox 443 1491 2026 1583">
     <span class='ocr_line' id='line_1_14' title="bbox 443 1491 2026 1583; baseline 0.003 -32"><span class='ocrx_word' id='word_1_103' title='bbox 443 1496 687 1555; x_wconf 72' lang='grc' dir='ltr'>ἀνέπνει,</span> <span class='ocrx_word' id='word_1_104' title='bbox 733 1497 827 1550; x_wconf 75' lang='grc' dir='ltr'>καὶ</span> <span class='ocrx_word' id='word_1_105' title='bbox 860 1491 1006 1567; x_wconf 77' lang='grc' dir='ltr'>εἶχεν</span> <span class='ocrx_word' id='word_1_106' title='bbox 1036 1498 1092 1551; x_wconf 80' lang='grc' dir='ltr'>ὲν</span> <span class='ocrx_word' id='word_1_107' title='bbox 1124 1499 1189 1568; x_wconf 79' lang='grc' dir='ltr'>τῇ</span> <span class='ocrx_word' id='word_1_108' title='bbox 1227 1497 1370 1569; x_wconf 78' lang='grc' dir='ltr'>ψυχῇ</span> <span class='ocrx_word' id='word_1_109' title='bbox 1409 1497 1688 1569; x_wconf 77' lang='grc' dir='ltr'>διηνεκῶς,</span> <span class='ocrx_word' id='word_1_110' title='bbox 1726 1498 1900 1583; x_wconf 83' lang='grc' dir='ltr'>ἀλλ’ἢ</span> <span class='ocrx_word' id='word_1_111' title='bbox 1936 1500 2026 1555; x_wconf 81' lang='grc' dir='ltr'>τὸν</span> 
     </span>
    </p>
   </div>
   <div class='ocr_carea' id='block_1_15' title="bbox 443 1585 2026 1662">
    <p class='ocr_par' dir='ltr' id='par_1_15' title="bbox 443 1585 2026 1662">
     <span class='ocr_line' id='line_1_15' title="bbox 443 1585 2026 1662; baseline 0.003 -23"><span class='ocrx_word' id='word_1_112' title='bbox 443 1585 760 1639; x_wconf 84' lang='grc' dir='ltr'>διδάσκαλον</span> <span class='ocrx_word' id='word_1_113' title='bbox 812 1587 992 1656; x_wconf 89' lang='grc' dir='ltr'>μόνον.</span> <span class='ocrx_word' id='word_1_114' title='bbox 1036 1585 1135 1639; x_wconf 89' lang='grc' dir='ltr'>Διά</span> <span class='ocrx_word' id='word_1_115' title='bbox 1170 1586 1330 1641; x_wconf 89' lang='grc' dir='ltr'>τοῦτο</span> <span class='ocrx_word' id='word_1_116' title='bbox 1374 1588 1470 1643; x_wconf 86' lang='grc' dir='ltr'>καί</span> <span class='ocrx_word' id='word_1_117' title='bbox 1506 1589 1897 1662; x_wconf 80' lang='grc' dir='ltr'>δεσμωτηρίων</span> <span class='ocrx_word' id='word_1_118' title='bbox 1931 1590 2026 1644; x_wconf 77' lang='grc' dir='ltr'>καὶ</span> 
     </span>
    </p>
   </div>
   <div class='ocr_carea' id='block_1_16' title="bbox 449 1676 2025 1751">
    <p class='ocr_par' dir='ltr' id='par_1_16' title="bbox 449 1676 2025 1751">
     <span class='ocr_line' id='line_1_16' title="bbox 449 1676 2025 1751; baseline 0.006 -23"><span class='ocrx_word' id='word_1_119' title='bbox 449 1677 661 1748; x_wconf 85' lang='grc' dir='ltr'>μυρίων</span> <span class='ocrx_word' id='word_1_120' title='bbox 698 1676 836 1748; x_wconf 78' lang='grc' dir='ltr'>μετὰ</span> <span class='ocrx_word' id='word_1_121' title='bbox 860 1677 1035 1731; x_wconf 90' lang='grc' dir='ltr'>ταῦτα</span> <span class='ocrx_word' id='word_1_122' title='bbox 1062 1677 1374 1750; x_wconf 88' lang='grc' dir='ltr'>κατετόλμα</span> <span class='ocrx_word' id='word_1_123' title='bbox 1402 1679 1667 1745; x_wconf 83' lang='grc' dir='ltr'>θανάτων,</span> <span class='ocrx_word' id='word_1_124' title='bbox 1704 1683 1796 1736; x_wconf 76' lang='grc' dir='ltr'>καὶ</span> <span class='ocrx_word' id='word_1_125' title='bbox 1844 1683 2025 1751; x_wconf 82' lang='grc' dir='ltr'>πάσης</span> 
     </span>
    </p>
   </div>
   <div class='ocr_carea' id='block_1_17' title="bbox 444 1767 2027 1845">
    <p class='ocr_par' dir='ltr' id='par_1_17' title="bbox 444 1767 2027 1845">
     <span class='ocr_line' id='line_1_17' title="bbox 444 1767 2027 1845; baseline 0.004 -25"><span class='ocrx_word' id='word_1_126' title='bbox 444 1770 546 1840; x_wconf 82' lang='grc' dir='ltr'>τῆς</span> <span class='ocrx_word' id='word_1_127' title='bbox 574 1767 856 1841; x_wconf 82' lang='grc' dir='ltr'>παρούσης</span> <span class='ocrx_word' id='word_1_128' title='bbox 883 1769 1151 1840; x_wconf 82' lang='grc' dir='ltr'>κατεγέλα</span> <span class='ocrx_word' id='word_1_129' title='bbox 1175 1770 1340 1842; x_wconf 76' lang='grc' dir='ltr'>ζωῆς.</span> <span class='ocrx_word' id='word_1_130' title='bbox 1371 1774 1449 1825; x_wconf 88' lang='grc' dir='ltr'>Δι’</span> <span class='ocrx_word' id='word_1_131' title='bbox 1479 1775 1683 1827; x_wconf 76' lang='grc' dir='ltr'>ἐκεῖνον</span> <span class='ocrx_word' id='word_1_132' title='bbox 1712 1773 1806 1827; x_wconf 80' lang='grc' dir='ltr'>καὶ</span> <span class='ocrx_word' id='word_1_133' title='bbox 1835 1774 2027 1845; x_wconf 87' lang='grc' dir='ltr'>μάστι-</span> 
     </span>
    </p>
   </div>
   <div class='ocr_carea' id='block_1_18' title="bbox 447 1859 2030 1935">
    <p class='ocr_par' dir='ltr' id='par_1_18' title="bbox 447 1859 2030 1935">
     <span class='ocr_line' id='line_1_18' title="bbox 447 1859 2030 1935; baseline 0.005 -22"><span class='ocrx_word' id='word_1_134' title='bbox 447 1877 549 1929; x_wconf 81' lang='grc' dir='ltr'>γας</span> <span class='ocrx_word' id='word_1_135' title='bbox 579 1859 785 1925; x_wconf 76' lang='grc' dir='ltr'>λαϐὼν,</span> <span class='ocrx_word' id='word_1_136' title='bbox 816 1861 910 1914; x_wconf 75' lang='grc' dir='ltr'>καὶ</span> <span class='ocrx_word' id='word_1_137' title='bbox 952 1863 1078 1927; x_wconf 81' lang='grc' dir='ltr'>τοὺς</span> <span class='ocrx_word' id='word_1_138' title='bbox 1119 1862 1392 1934; x_wconf 86' lang='grc' dir='ltr'>μώλωπας</span> <span class='ocrx_word' id='word_1_139' title='bbox 1417 1863 1556 1935; x_wconf 78' lang='grc' dir='ltr'>έχων</span> <span class='ocrx_word' id='word_1_140' title='bbox 1589 1867 1683 1920; x_wconf 69' lang='grc' dir='ltr'>ἐπὶ</span> <span class='ocrx_word' id='word_1_141' title='bbox 1708 1865 1799 1919; x_wconf 91' lang='grc' dir='ltr'>τοῦ</span> <span class='ocrx_word' id='word_1_142' title='bbox 1830 1866 2030 1931; x_wconf 84' lang='grc' dir='ltr'>νώτου,</span> 
     </span>
    </p>
   </div>
   <div class='ocr_carea' id='block_1_19' title="bbox 445 1952 2027 2031">
    <p class='ocr_par' dir='ltr' id='par_1_19' title="bbox 445 1952 2027 2031">
     <span class='ocr_line' id='line_1_19' title="bbox 445 1952 2027 2031; baseline 0.003 -25"><span class='ocrx_word' id='word_1_143' title='bbox 445 1952 584 2025; x_wconf 80' lang='grc' dir='ltr'>πρὸς</span> <span class='ocrx_word' id='word_1_144' title='bbox 607 1953 735 2017; x_wconf 78' lang='grc' dir='ltr'>τοὺς</span> <span class='ocrx_word' id='word_1_145' title='bbox 769 1954 1136 2025; x_wconf 81' lang='grc' dir='ltr'>μαστίξαντας</span> <span class='ocrx_word' id='word_1_146' title='bbox 1163 1955 1349 2026; x_wconf 79' lang='grc' dir='ltr'>ἔλεγεν</span> <span class='ocrx_word' id='word_1_147' title='bbox 1368 1974 1382 1988; x_wconf 92' lang='grc'>·</span> <span class='ocrx_word' id='word_1_148' title='bbox 1414 1961 1496 2013; x_wconf 86' lang='grc' dir='ltr'>Οὐ</span> <span class='ocrx_word' id='word_1_149' title='bbox 1531 1959 1835 2029; x_wconf 82' lang='grc' dir='ltr'>δυνάμεθα</span> <span class='ocrx_word' id='word_1_150' title='bbox 1857 1960 2027 2031; x_wconf 73' lang='grc' dir='ltr'>ἡμεῖς</span> 
     </span>
    </p>
   </div>
   <div class='ocr_carea' id='block_1_20' title="bbox 445 2044 2027 2125">
    <p class='ocr_par' dir='ltr' id='par_1_20' title="bbox 445 2044 2027 2125">
     <span class='ocr_line' id='line_1_20' title="bbox 445 2044 2027 2125; baseline 0.004 -25"><span class='ocrx_word' id='word_1_151' title='bbox 445 2044 483 2100; x_wconf 87' lang='lat' dir='ltr'><strong>d</strong></span> <span class='ocrx_word' id='word_1_152' title='bbox 506 2045 746 2116; x_wconf 75' lang='grc' dir='ltr'>εἴδομεν</span> <span class='ocrx_word' id='word_1_153' title='bbox 772 2049 873 2101; x_wconf 80' lang='grc' dir='ltr'>καὶ</span> <span class='ocrx_word' id='word_1_154' title='bbox 900 2048 1254 2119; x_wconf 74' lang='grc' dir='ltr'>ἠκούσαμεν</span> <span class='ocrx_word' id='word_1_155' title='bbox 1266 2050 1353 2120; x_wconf 82' lang='grc' dir='ltr'>μὴ</span> <span class='ocrx_word' id='word_1_156' title='bbox 1378 2051 1610 2106; x_wconf 75' lang='grc' dir='ltr'>λαλεῖν.</span> <span class='ocrx_word' id='word_1_157' title='bbox 1643 2048 1795 2116; x_wconf 80' lang='grc' dir='ltr'>Εἶδες</span> <span class='ocrx_word' id='word_1_158' title='bbox 1824 2052 2027 2125; x_wconf 87' lang='grc' dir='ltr'>φρόνη-</span> 
     </span>
    </p>
   </div>
   <div class='ocr_carea' id='block_1_21' title="bbox 448 2135 2094 2216">
    <p class='ocr_par' dir='ltr' id='par_1_21' title="bbox 448 2135 2094 2216">
     <span class='ocr_line' id='line_1_21' title="bbox 448 2135 2094 2216; baseline 0.006 -27"><span class='ocrx_word' id='word_1_159' title='bbox 448 2153 524 2208; x_wconf 91' lang='grc' dir='ltr'>μα</span> <span class='ocrx_word' id='word_1_160' title='bbox 573 2137 906 2205; x_wconf 87' lang='grc' dir='ltr'>ἀδούλωτον;</span> <span class='ocrx_word' id='word_1_161' title='bbox 950 2135 1090 2204; x_wconf 81' lang='grc' dir='ltr'>εἶδες</span> <span class='ocrx_word' id='word_1_162' title='bbox 1138 2143 1452 2214; x_wconf 75' lang='grc' dir='ltr'>παρρησίαν</span> <span class='ocrx_word' id='word_1_163' title='bbox 1503 2144 1840 2216; x_wconf 89' lang='grc' dir='ltr'>ἀχείρωτον;</span> <span class='ocrx_word' id='word_1_164' title='bbox 1889 2142 2027 2209; x_wconf 78' lang='grc' dir='ltr'>εἶδες</span> <span class='ocrx_word' id='word_1_165' title='bbox 2091 2170 2094 2172; x_wconf 57' lang='grc' dir='ltr'>τ</span> 
     </span>
    </p>
   </div>
   <div class='ocr_carea' id='block_1_22' title="bbox 443 2229 2025 2308">
    <p class='ocr_par' dir='ltr' id='par_1_22' title="bbox 443 2229 2025 2308">
     <span class='ocr_line' id='line_1_22' title="bbox 443 2229 2025 2308; baseline 0.006 -25"><span class='ocrx_word' id='word_1_166' title='bbox 443 2229 622 2301; x_wconf 78' lang='grc' dir='ltr'>ψυχὴν</span> <span class='ocrx_word' id='word_1_167' title='bbox 653 2230 903 2301; x_wconf 84' lang='grc' dir='ltr'>οὐρανίου</span> <span class='ocrx_word' id='word_1_168' title='bbox 936 2232 1102 2287; x_wconf 86' lang='grc' dir='ltr'>πόθου</span> <span class='ocrx_word' id='word_1_169' title='bbox 1149 2234 1244 2288; x_wconf 77' lang='grc' dir='ltr'>καὶ</span> <span class='ocrx_word' id='word_1_170' title='bbox 1287 2234 1490 2306; x_wconf 72' lang='grc' dir='ltr'>ἔρωτος</span> <span class='ocrx_word' id='word_1_171' title='bbox 1532 2237 1845 2308; x_wconf 85' lang='grc' dir='ltr'>γέμουσαν;</span> <span class='ocrx_word' id='word_1_172' title='bbox 1900 2238 2025 2303; x_wconf 86' lang='grc' dir='ltr'>Πῶς</span> 
     </span>
    </p>
   </div>
   <div class='ocr_carea' id='block_1_23' title="bbox 442 2317 2024 2404">
    <p class='ocr_par' dir='ltr' id='par_1_23' title="bbox 442 2317 2024 2404">
     <span class='ocr_line' id='line_1_23' title="bbox 442 2317 2024 2404; baseline 0.006 -28"><span class='ocrx_word' id='word_1_173' title='bbox 442 2317 536 2376; x_wconf 78' lang='grc' dir='ltr'>οὖν</span> <span class='ocrx_word' id='word_1_174' title='bbox 556 2321 761 2394; x_wconf 78' lang='grc' dir='ltr'>τολμᾷς</span> <span class='ocrx_word' id='word_1_175' title='bbox 782 2321 983 2392; x_wconf 84' lang='grc' dir='ltr'>λέγειν,</span> <span class='ocrx_word' id='word_1_176' title='bbox 1004 2325 1086 2379; x_wconf 85' lang='grc' dir='ltr'>ὅτι</span> <span class='ocrx_word' id='word_1_177' title='bbox 1111 2325 1276 2395; x_wconf 79' lang='grc' dir='ltr'>φοόού</span> <span class='ocrx_word' id='word_1_178' title='bbox 1285 2344 1444 2397; x_wconf 87' lang='grc' dir='ltr'>μενος</span> <span class='ocrx_word' id='word_1_179' title='bbox 1466 2330 1594 2393; x_wconf 80' lang='grc' dir='ltr'>τοὺς</span> <span class='ocrx_word' id='word_1_180' title='bbox 1615 2329 1680 2383; x_wconf 81' lang='grc' dir='ltr'>ἐκ</span> <span class='ocrx_word' id='word_1_181' title='bbox 1700 2335 2024 2404; x_wconf 81' lang='grc' dir='ltr'>περιτομῆς,</span> 
     </span>
    </p>
   </div>
   <div class='ocr_carea' id='block_1_24' title="bbox 444 2413 2027 2497">
    <p class='ocr_par' dir='ltr' id='par_1_24' title="bbox 444 2413 2027 2497">
     <span class='ocr_line' id='line_1_24' title="bbox 444 2413 2027 2497; baseline 0.007 -29"><span class='ocrx_word' id='word_1_182' title='bbox 444 2413 770 2469; x_wconf 82' lang='grc' dir='ltr'>ὑπέστελλεν</span> <span class='ocrx_word' id='word_1_183' title='bbox 801 2417 993 2470; x_wconf 78' lang='grc' dir='ltr'>ἑαυτὸν</span> <span class='ocrx_word' id='word_1_184' title='bbox 1016 2416 1112 2472; x_wconf 73' lang='grc' dir='ltr'>καὶ</span> <span class='ocrx_word' id='word_1_185' title='bbox 1136 2417 1409 2491; x_wconf 85' lang='grc' dir='ltr'>ἀφώρισε;</span> <span class='ocrx_word' id='word_1_186' title='bbox 1439 2422 1550 2475; x_wconf 73' lang='grc' dir='ltr'>Καὶ</span> <span class='ocrx_word' id='word_1_187' title='bbox 1582 2423 1753 2477; x_wconf 86' lang='grc' dir='ltr'>πολλά</span> <span class='ocrx_word' id='word_1_188' title='bbox 1774 2424 1832 2477; x_wconf 88' lang='grc' dir='ltr'>δὲ</span> <span class='ocrx_word' id='word_1_189' title='bbox 1860 2424 2027 2497; x_wconf 73' lang='grc' dir='ltr'>ἕτερα</span> 
     </span>
    </p>
   </div>
   <div class='ocr_carea' id='block_1_25' title="bbox 443 2506 2024 2589">
    <p class='ocr_par' dir='ltr' id='par_1_25' title="bbox 443 2506 2024 2589">
     <span class='ocr_line' id='line_1_25' title="bbox 443 2506 2024 2589; baseline 0.008 -30"><span class='ocrx_word' id='word_1_190' title='bbox 443 2506 571 2578; x_wconf 70' lang='grc' dir='ltr'>ἐνῆν</span> <span class='ocrx_word' id='word_1_191' title='bbox 596 2509 770 2561; x_wconf 77' lang='grc' dir='ltr'>εἰπεῖν</span> <span class='ocrx_word' id='word_1_192' title='bbox 796 2509 924 2579; x_wconf 79' lang='grc' dir='ltr'>περὶ</span> <span class='ocrx_word' id='word_1_193' title='bbox 953 2509 1181 2581; x_wconf 83' lang='grc' dir='ltr'>Πέτρου,</span> <span class='ocrx_word' id='word_1_194' title='bbox 1206 2511 1489 2566; x_wconf 78' lang='grc' dir='ltr'>δεικνύντα</span> <span class='ocrx_word' id='word_1_195' title='bbox 1514 2514 1681 2568; x_wconf 79' lang='grc' dir='ltr'>αὑτοῦ</span> <span class='ocrx_word' id='word_1_196' title='bbox 1702 2517 1799 2589; x_wconf 77' lang='grc' dir='ltr'>τὴν</span> <span class='ocrx_word' id='word_1_197' title='bbox 1825 2517 2024 2589; x_wconf 88' lang='grc' dir='ltr'>θερμό-</span> 
     </span>
    </p>
   </div>
   <div class='ocr_carea' id='block_1_26' title="bbox 442 2599 2027 2681">
    <p class='ocr_par' dir='ltr' id='par_1_26' title="bbox 442 2599 2027 2681">
     <span class='ocr_line' id='line_1_26' title="bbox 442 2599 2027 2681; baseline 0.009 -32"><span class='ocrx_word' id='word_1_198' title='bbox 442 2615 603 2670; x_wconf 88' lang='grc' dir='ltr'>τητα,</span> <span class='ocrx_word' id='word_1_199' title='bbox 635 2599 730 2652; x_wconf 82' lang='grc' dir='ltr'>καὶ</span> <span class='ocrx_word' id='word_1_200' title='bbox 758 2600 857 2669; x_wconf 84' lang='grc' dir='ltr'>τὴν</span> <span class='ocrx_word' id='word_1_201' title='bbox 890 2600 1162 2671; x_wconf 84' lang='grc' dir='ltr'>ἀνδρείαν,</span> <span class='ocrx_word' id='word_1_202' title='bbox 1197 2604 1292 2657; x_wconf 73' lang='grc' dir='ltr'>καὶ</span> <span class='ocrx_word' id='word_1_203' title='bbox 1326 2603 1418 2657; x_wconf 80' lang='grc' dir='ltr'>τὸν</span> <span class='ocrx_word' id='word_1_204' title='bbox 1448 2605 1634 2671; x_wconf 86' lang='grc' dir='ltr'>πόθον,</span> <span class='ocrx_word' id='word_1_205' title='bbox 1663 2607 1724 2661; x_wconf 82' lang='grc' dir='ltr'>ὃν</span> <span class='ocrx_word' id='word_1_206' title='bbox 1754 2605 1869 2678; x_wconf 76' lang='grc' dir='ltr'>εἶχε</span> <span class='ocrx_word' id='word_1_207' title='bbox 1897 2610 2027 2681; x_wconf 80' lang='grc' dir='ltr'>περὶ</span> 
     </span>
    </p>
   </div>
   <div class='ocr_carea' id='block_1_27' title="bbox 441 2690 2024 2773">
    <p class='ocr_par' dir='ltr' id='par_1_27' title="bbox 441 2690 2024 2773">
     <span class='ocr_line' id='line_1_27' title="bbox 441 2690 2024 2773; baseline 0.008 -30"><span class='ocrx_word' id='word_1_208' title='bbox 441 2690 535 2744; x_wconf 78' lang='grc' dir='ltr'>τὸν</span> <span class='ocrx_word' id='word_1_209' title='bbox 559 2691 825 2764; x_wconf 84' lang='grc' dir='ltr'>Χριστόν·</span> <span class='ocrx_word' id='word_1_210' title='bbox 862 2691 978 2745; x_wconf 86' lang='grc' dir='ltr'>ἀλλ’</span> <span class='ocrx_word' id='word_1_211' title='bbox 1006 2694 1099 2747; x_wconf 78' lang='grc' dir='ltr'>ἵνα</span> <span class='ocrx_word' id='word_1_212' title='bbox 1137 2693 1214 2766; x_wconf 74' lang='grc' dir='ltr'>μὴ</span> <span class='ocrx_word' id='word_1_213' title='bbox 1262 2695 1594 2767; x_wconf 80' lang='grc' dir='ltr'>μηκύνωμεν</span> <span class='ocrx_word' id='word_1_214' title='bbox 1636 2699 1881 2773; x_wconf 82' lang='grc' dir='ltr'>ἀκαίρως</span> <span class='ocrx_word' id='word_1_215' title='bbox 1929 2702 2024 2756; x_wconf 83' lang='grc' dir='ltr'>τὸν</span> 
     </span>
    </p>
   </div>
   <div class='ocr_carea' id='block_1_28' title="bbox 443 2781 2025 2861">
    <p class='ocr_par' dir='ltr' id='par_1_28' title="bbox 443 2781 2025 2861">
     <span class='ocr_line' id='line_1_28' title="bbox 443 2781 2025 2861; baseline 0.006 -26"><span class='ocrx_word' id='word_1_216' title='bbox 443 2781 622 2851; x_wconf 89' lang='grc' dir='ltr'>λόγον,</span> <span class='ocrx_word' id='word_1_217' title='bbox 650 2784 813 2854; x_wconf 83' lang='grc' dir='ltr'>ἀρκεῖ</span> <span class='ocrx_word' id='word_1_218' title='bbox 836 2782 904 2838; x_wconf 79' lang='grc' dir='ltr'>τά</span> <span class='ocrx_word' id='word_1_219' title='bbox 926 2784 1213 2856; x_wconf 81' lang='grc' dir='ltr'>εἰρημένα.</span> <span class='ocrx_word' id='word_1_220' title='bbox 1245 2786 1382 2839; x_wconf 77' lang='grc' dir='ltr'>Οὐδὲ</span> <span class='ocrx_word' id='word_1_221' title='bbox 1411 2788 1521 2859; x_wconf 86' lang='grc' dir='ltr'>γὰρ</span> <span class='ocrx_word' id='word_1_222' title='bbox 1558 2790 1832 2861; x_wconf 80' lang='grc' dir='ltr'>ἐγκώμιον</span> <span class='ocrx_word' id='word_1_223' title='bbox 1857 2790 2025 2845; x_wconf 82' lang='grc' dir='ltr'>αὐτοῦ</span> 
     </span>
    </p>
   </div>
   <div class='ocr_carea' id='block_1_29' title="bbox 443 2872 2026 2950">
    <p class='ocr_par' dir='ltr' id='par_1_29' title="bbox 443 2872 2026 2950">
     <span class='ocr_line' id='line_1_29' title="bbox 443 2872 2026 2950; baseline 0.006 -26"><span class='ocrx_word' id='word_1_224' title='bbox 443 2872 684 2944; x_wconf 82' lang='grc' dir='ltr'>τήμερον</span> <span class='ocrx_word' id='word_1_225' title='bbox 729 2874 901 2926; x_wconf 80' lang='grc' dir='ltr'>εἰπεῖν</span> <span class='ocrx_word' id='word_1_226' title='bbox 944 2874 1254 2945; x_wconf 86' lang='grc' dir='ltr'>πρόκειται,</span> <span class='ocrx_word' id='word_1_227' title='bbox 1286 2875 1425 2930; x_wconf 88' lang='grc' dir='ltr'>ἀλλά</span> <span class='ocrx_word' id='word_1_228' title='bbox 1455 2876 1554 2950; x_wconf 81' lang='grc' dir='ltr'>τὴν</span> <span class='ocrx_word' id='word_1_229' title='bbox 1594 2878 1858 2936; x_wconf 79' lang='grc' dir='ltr'>δοκοῦσαν</span> <span class='ocrx_word' id='word_1_230' title='bbox 1884 2875 2026 2934; x_wconf 78' lang='grc' dir='ltr'>εἶναι</span> 
     </span>
    </p>
   </div>
   <div class='ocr_carea' id='block_1_30' title="bbox 444 2963 1618 3038">
    <p class='ocr_par' dir='ltr' id='par_1_30' title="bbox 444 2963 1618 3038">
     <span class='ocr_line' id='line_1_30' title="bbox 444 2963 1618 3038; baseline 0.008 -23"><span class='ocrx_word' id='word_1_231' title='bbox 444 2963 676 3034; x_wconf 78' lang='grc' dir='ltr'>ζήτησιν</span> <span class='ocrx_word' id='word_1_232' title='bbox 702 2963 881 3029; x_wconf 89' lang='grc' dir='ltr'>λῦσαι,</span> <span class='ocrx_word' id='word_1_233' title='bbox 913 2966 1010 3019; x_wconf 71' lang='grc' dir='ltr'>καὶ</span> <span class='ocrx_word' id='word_1_234' title='bbox 1040 2966 1120 3028; x_wconf 86' lang='grc' dir='ltr'>είς</span> <span class='ocrx_word' id='word_1_235' title='bbox 1160 2965 1335 3037; x_wconf 86' lang='grc' dir='ltr'>πέρας</span> <span class='ocrx_word' id='word_1_236' title='bbox 1366 2969 1618 3038; x_wconf 78' lang='grc' dir='ltr'>ἀγαγεῖν.</span> 
     </span>
    </p>
   </div>
   <div class='ocr_carea' id='block_1_31' title="bbox 513 3054 2025 3135">
    <p class='ocr_par' dir='ltr' id='par_1_31' title="bbox 513 3054 2025 3135">
     <span class='ocr_line' id='line_1_31' title="bbox 513 3054 2025 3135; baseline 0.005 -25"><span class='ocrx_word' id='word_1_237' title='bbox 513 3054 578 3117; x_wconf 79' lang='grc' dir='ltr'>ζ’.</span> <span class='ocrx_word' id='word_1_238' title='bbox 602 3055 674 3108; x_wconf 82' lang='grc' dir='ltr'>Σὺ</span> <span class='ocrx_word' id='word_1_239' title='bbox 698 3055 767 3108; x_wconf 84' lang='grc' dir='ltr'>δὲ.</span> <span class='ocrx_word' id='word_1_240' title='bbox 784 3056 881 3109; x_wconf 70' lang='grc' dir='ltr'>καὶ</span> <span class='ocrx_word' id='word_1_241' title='bbox 906 3055 1170 3128; x_wconf 79' lang='grc' dir='ltr'>ἑτέρωθεν</span> <span class='ocrx_word' id='word_1_242' title='bbox 1193 3056 1409 3122; x_wconf 87' lang='grc' dir='ltr'>σκόπει,</span> <span class='ocrx_word' id='word_1_243' title='bbox 1430 3057 1548 3122; x_wconf 87' lang='grc' dir='ltr'>πῶς</span> <span class='ocrx_word' id='word_1_244' title='bbox 1566 3059 1666 3113; x_wconf 86' lang='grc' dir='ltr'>οὐκ</span> <span class='ocrx_word' id='word_1_245' title='bbox 1687 3058 1804 3115; x_wconf 78' lang='grc' dir='ltr'>ἔστι</span> <span class='ocrx_word' id='word_1_246' title='bbox 1824 3060 2025 3135; x_wconf 74' lang='grc' dir='ltr'>πιθανὴ</span> 
     </span>
    </p>
   </div>
   <div class='ocr_carea' id='block_1_32' title="bbox 443 3145 2026 3221">
    <p class='ocr_par' dir='ltr' id='par_1_32' title="bbox 443 3145 2026 3221">
     <span class='ocr_line' id='line_1_32' title="bbox 443 3145 2026 3221; baseline 0.004 -22"><span class='ocrx_word' id='word_1_247' title='bbox 443 3146 479 3216; x_wconf 77' lang='grc' dir='ltr'><strong>ἠ</strong></span> <span class='ocrx_word' id='word_1_248' title='bbox 511 3145 835 3215; x_wconf 86' lang='grc' dir='ltr'>κατηγορία.</span> <span class='ocrx_word' id='word_1_249' title='bbox 851 3145 985 3199; x_wconf 82' lang='grc' dir='ltr'>Τότε</span> <span class='ocrx_word' id='word_1_250' title='bbox 1013 3146 1110 3216; x_wconf 77' lang='grc' dir='ltr'>μὲν</span> <span class='ocrx_word' id='word_1_251' title='bbox 1134 3146 1241 3217; x_wconf 83' lang='grc' dir='ltr'>γὰρ</span> <span class='ocrx_word' id='word_1_252' title='bbox 1268 3146 1419 3217; x_wconf 86' lang='grc' dir='ltr'>παρὰ</span> <span class='ocrx_word' id='word_1_253' title='bbox 1442 3147 1542 3220; x_wconf 87' lang='grc' dir='ltr'>τὴν</span> <span class='ocrx_word' id='word_1_254' title='bbox 1569 3149 1766 3221; x_wconf 80' lang='grc' dir='ltr'>ἀρχὴν,</span> <span class='ocrx_word' id='word_1_255' title='bbox 1790 3151 1879 3205; x_wconf 81' lang='grc' dir='ltr'>ὅτε</span> <span class='ocrx_word' id='word_1_256' title='bbox 1908 3150 2026 3204; x_wconf 72' lang='grc' dir='ltr'>ἔλε-</span> 
     </span>
    </p>
   </div>
   <div class='ocr_carea' id='block_1_33' title="bbox 442 3235 2024 3310">
    <p class='ocr_par' dir='ltr' id='par_1_33' title="bbox 442 3235 2024 3310">
     <span class='ocr_line' id='line_1_33' title="bbox 442 3235 2024 3310; baseline 0.005 -22"><span class='ocrx_word' id='word_1_257' title='bbox 442 3252 542 3304; x_wconf 88' lang='grc' dir='ltr'>γε·</span> <span class='ocrx_word' id='word_1_258' title='bbox 579 3235 801 3290; x_wconf 84' lang='grc' dir='ltr'>Τοῦτον</span> <span class='ocrx_word' id='word_1_259' title='bbox 828 3236 937 3289; x_wconf 87' lang='grc' dir='ltr'>τὸν</span> <span class='ocrx_word' id='word_1_260' title='bbox 972 3236 1227 3304; x_wconf 83' lang='grc' dir='ltr'>Ἰησοῦν,</span> <span class='ocrx_word' id='word_1_261' title='bbox 1271 3236 1345 3292; x_wconf 82' lang='grc' dir='ltr'>ὃν</span> <span class='ocrx_word' id='word_1_262' title='bbox 1385 3238 1556 3308; x_wconf 80' lang='grc' dir='ltr'>ὑμεῖς</span> <span class='ocrx_word' id='word_1_263' title='bbox 1585 3240 2024 3310; x_wconf 75' lang='grc' dir='ltr'>ἐσταυρώσατε,</span> 
     </span>
    </p>
   </div>
   <div class='ocr_carea' id='block_1_34' title="bbox 442 3324 2028 3395">
    <p class='ocr_par' dir='ltr' id='par_1_34' title="bbox 442 3324 2028 3395">
     <span class='ocr_line' id='line_1_34' title="bbox 442 3324 2028 3395; baseline 0.004 -14"><span class='ocrx_word' id='word_1_264' title='bbox 442 3324 792 3392; x_wconf 76' lang='grc' dir='ltr'>ἀνέστησεν</span> <span class='ocrx_word' id='word_1_265' title='bbox 825 3330 857 3381; x_wconf 87' lang='grc' dir='ltr'>ό</span> <span class='ocrx_word' id='word_1_266' title='bbox 893 3328 1058 3393; x_wconf 68' lang='grc' dir='ltr'>Θεὸς,</span> <span class='ocrx_word' id='word_1_267' title='bbox 1086 3329 1285 3392; x_wconf 73' lang='grc' dir='ltr'>λύσας</span> <span class='ocrx_word' id='word_1_268' title='bbox 1324 3329 1433 3394; x_wconf 85' lang='grc' dir='ltr'>τὰς</span> <span class='ocrx_word' id='word_1_269' title='bbox 1467 3328 1686 3395; x_wconf 83' lang='grc' dir='ltr'>ὠδῖνας</span> <span class='ocrx_word' id='word_1_270' title='bbox 1708 3331 1815 3386; x_wconf 81' lang='grc' dir='ltr'>τοῦ</span> <span class='ocrx_word' id='word_1_271' title='bbox 1844 3331 2028 3387; x_wconf 76' lang='grc' dir='ltr'>θανά-</span> 
     </span>
    </p>
   </div>
   <div class='ocr_carea' id='block_1_35' title="bbox 442 3414 2027 3497">
    <p class='ocr_par' dir='ltr' id='par_1_35' title="bbox 442 3414 2027 3497">
     <span class='ocr_line' id='line_1_35' title="bbox 442 3414 2027 3497; baseline 0.005 -27"><span class='ocrx_word' id='word_1_272' title='bbox 442 3431 574 3481; x_wconf 87' lang='grc' dir='ltr'>του,</span> <span class='ocrx_word' id='word_1_273' title='bbox 609 3414 732 3469; x_wconf 88' lang='grc' dir='ltr'>τότε</span> <span class='ocrx_word' id='word_1_274' title='bbox 764 3414 970 3486; x_wconf 79' lang='grc' dir='ltr'>μεταξὺ</span> <span class='ocrx_word' id='word_1_275' title='bbox 1016 3416 1226 3489; x_wconf 79' lang='grc' dir='ltr'>ἐχθρῶν</span> <span class='ocrx_word' id='word_1_276' title='bbox 1255 3414 1347 3491; x_wconf 85' lang='grc' dir='ltr'>ἦν,</span> <span class='ocrx_word' id='word_1_277' title='bbox 1379 3418 1460 3473; x_wconf 82' lang='grc' dir='ltr'>έτι</span> <span class='ocrx_word' id='word_1_278' title='bbox 1504 3420 1809 3489; x_wconf 88' lang='grc' dir='ltr'>φονώντων,</span> <span class='ocrx_word' id='word_1_279' title='bbox 1838 3423 1921 3477; x_wconf 75' lang='grc' dir='ltr'>ἔτι</span> <span class='ocrx_word' id='word_1_280' title='bbox 1949 3426 2027 3497; x_wconf 82' lang='grc' dir='ltr'>τῷ</span> 
     </span>
    </p>
   </div>
   <div class='ocr_carea' id='block_1_36' title="bbox 444 3505 2027 3582">
    <p class='ocr_par' dir='ltr' id='par_1_36' title="bbox 444 3505 2027 3582">
     <span class='ocr_line' id='line_1_36' title="bbox 444 3505 2027 3582; baseline 0.008 -23"><span class='ocrx_word' id='word_1_281' title='bbox 444 3505 604 3578; x_wconf 86' lang='grc' dir='ltr'>θυμῷ</span> <span class='ocrx_word' id='word_1_282' title='bbox 632 3505 884 3572; x_wconf 78' lang='grc' dir='ltr'>ζεόντων,</span> <span class='ocrx_word' id='word_1_283' title='bbox 927 3507 1008 3562; x_wconf 75' lang='grc' dir='ltr'>ἔτι</span> <span class='ocrx_word' id='word_1_284' title='bbox 1060 3509 1401 3581; x_wconf 84' lang='grc' dir='ltr'>βουλομένων</span> <span class='ocrx_word' id='word_1_285' title='bbox 1445 3511 1853 3572; x_wconf 87' lang='grc' dir='ltr'>διασπάσασθαι</span> <span class='ocrx_word' id='word_1_286' title='bbox 1900 3517 2027 3582; x_wconf 80' lang='grc' dir='ltr'>τοὺς</span> 
     </span>
    </p>
   </div>
   <div class='ocr_carea' id='block_1_37' title="bbox 447 3599 2029 3680">
    <p class='ocr_par' dir='ltr' id='par_1_37' title="bbox 447 3599 2029 3680">
     <span class='ocr_line' id='line_1_37' title="bbox 447 3599 2029 3680; baseline 0.006 -25"><span class='ocrx_word' id='word_1_287' title='bbox 447 3599 981 3672; x_wconf 73' lang='grc' dir='ltr'>μαθητάς.Ἥκμαζε</span> <span class='ocrx_word' id='word_1_288' title='bbox 1005 3602 1113 3674; x_wconf 81' lang='grc' dir='ltr'>γὰρ</span> <span class='ocrx_word' id='word_1_289' title='bbox 1142 3604 1326 3668; x_wconf 81' lang='grc' dir='ltr'>αὐτοῖς</span> <span class='ocrx_word' id='word_1_290' title='bbox 1359 3603 1440 3658; x_wconf 76' lang='grc' dir='ltr'>ἔτι</span> <span class='ocrx_word' id='word_1_291' title='bbox 1464 3605 1526 3659; x_wconf 76' lang='grc' dir='ltr'>τὸ</span> <span class='ocrx_word' id='word_1_292' title='bbox 1551 3606 1743 3674; x_wconf 86' lang='grc' dir='ltr'>πάθος,</span> <span class='ocrx_word' id='word_1_293' title='bbox 1767 3608 1861 3662; x_wconf 80' lang='grc' dir='ltr'>καὶ</span> <span class='ocrx_word' id='word_1_294' title='bbox 1898 3607 2029 3680; x_wconf 79' lang='grc' dir='ltr'>ᾤδει</span> 
     </span>
    </p>
   </div>
   <div class='ocr_carea' id='block_1_38' title="bbox 443 3690 2029 3769">
    <p class='ocr_par' dir='ltr' id='par_1_38' title="bbox 443 3690 2029 3769">
     <span class='ocr_line' id='line_1_38' title="bbox 443 3690 2029 3769; baseline 0.006 -26"><span class='ocrx_word' id='word_1_295' title='bbox 443 3691 480 3763; x_wconf 73' lang='grc' dir='ltr'>ἡ</span> <span class='ocrx_word' id='word_1_296' title='bbox 507 3690 717 3745; x_wconf 87' lang='grc' dir='ltr'>διάνοια</span> <span class='ocrx_word' id='word_1_297' title='bbox 739 3690 817 3760; x_wconf 86' lang='grc' dir='ltr'>τῷ</span> <span class='ocrx_word' id='word_1_298' title='bbox 846 3691 1021 3762; x_wconf 84' lang='grc' dir='ltr'>θυμῷ.</span> <span class='ocrx_word' id='word_1_299' title='bbox 1047 3692 1183 3746; x_wconf 75' lang='grc' dir='ltr'>Νυνὶ</span> <span class='ocrx_word' id='word_1_300' title='bbox 1209 3693 1287 3758; x_wconf 87' lang='grc' dir='ltr'>δὲ,</span> <span class='ocrx_word' id='word_1_301' title='bbox 1318 3694 1408 3748; x_wconf 82' lang='grc' dir='ltr'>ὅτε</span> <span class='ocrx_word' id='word_1_302' title='bbox 1436 3694 1610 3749; x_wconf 88' lang='grc' dir='ltr'>ταῦτα</span> <span class='ocrx_word' id='word_1_303' title='bbox 1634 3695 1843 3761; x_wconf 83' lang='grc' dir='ltr'>Παῦλος</span> <span class='ocrx_word' id='word_1_304' title='bbox 1862 3697 2029 3769; x_wconf 77' lang='grc' dir='ltr'>ἔγρα-</span> 
     </span>
    </p>
   </div>
   <div class='ocr_carea' id='block_1_39' title="bbox 446 3781 2025 3860">
    <p class='ocr_par' dir='ltr' id='par_1_39' title="bbox 446 3781 2025 3860">
     <span class='ocr_line' id='line_1_39' title="bbox 446 3781 2025 3860; baseline 0.006 -26"><span class='ocrx_word' id='word_1_305' title='bbox 446 3799 566 3853; x_wconf 86' lang='grc' dir='ltr'>φεν,</span> <span class='ocrx_word' id='word_1_306' title='bbox 600 3782 740 3836; x_wconf 86' lang='grc' dir='ltr'>έπτά</span> <span class='ocrx_word' id='word_1_307' title='bbox 769 3783 863 3836; x_wconf 82' lang='grc' dir='ltr'>καὶ</span> <span class='ocrx_word' id='word_1_308' title='bbox 887 3783 1111 3839; x_wconf 84' lang='grc' dir='ltr'>δέκα-ιον</span> <span class='ocrx_word' id='word_1_309' title='bbox 1133 3784 1252 3848; x_wconf 84' lang='grc' dir='ltr'>έτος</span> <span class='ocrx_word' id='word_1_310' title='bbox 1287 3781 1403 3857; x_wconf 81' lang='grc' dir='ltr'>εἶχε</span> <span class='ocrx_word' id='word_1_311' title='bbox 1433 3787 1494 3842; x_wconf 79' lang='grc' dir='ltr'>τὸ</span> <span class='ocrx_word' id='word_1_312' title='bbox 1527 3788 1809 3860; x_wconf 82' lang='grc' dir='ltr'>κήρυγμα.</span> <span class='ocrx_word' id='word_1_313' title='bbox 1840 3788 2025 3844; x_wconf 76' lang='grc' dir='ltr'>Εἰπὼν</span> 
     </span>
    </p>
   </div>
   <div class='ocr_carea' id='block_1_40' title="bbox 444 3870 2027 3948">
    <p class='ocr_par' dir='ltr' id='par_1_40' title="bbox 444 3870 2027 3948">
     <span class='ocr_line' id='line_1_40' title="bbox 444 3870 2027 3948; baseline 0.007 -26"><span class='ocrx_word' id='word_1_314' title='bbox 444 3870 554 3938; x_wconf 88' lang='grc' dir='ltr'>γάρ</span> <span class='ocrx_word' id='word_1_315' title='bbox 578 3884 594 3900; x_wconf 93' lang='grc'>·</span> <span class='ocrx_word' id='word_1_316' title='bbox 627 3870 789 3925; x_wconf 84' lang='grc' dir='ltr'>Μετὰ</span> <span class='ocrx_word' id='word_1_317' title='bbox 816 3870 946 3938; x_wconf 79' lang='grc' dir='ltr'>τρία</span> <span class='ocrx_word' id='word_1_318' title='bbox 984 3871 1087 3939; x_wconf 80' lang='grc' dir='ltr'>ἐτη</span> <span class='ocrx_word' id='word_1_319' title='bbox 1131 3872 1356 3942; x_wconf 77' lang='grc' dir='ltr'>ἀνέϐην</span> <span class='ocrx_word' id='word_1_320' title='bbox 1382 3877 1471 3942; x_wconf 79' lang='grc' dir='ltr'>εἰς</span> <span class='ocrx_word' id='word_1_321' title='bbox 1507 3876 1907 3948; x_wconf 73' lang='grc' dir='ltr'>Ἰεροσόλυμα,</span> <span class='ocrx_word' id='word_1_322' title='bbox 1939 3879 2027 3933; x_wconf 81' lang='grc' dir='ltr'>λέ-</span> 
     </span>
    </p>
   </div>
   <div class='ocr_carea' id='block_1_41' title="bbox 444 3961 2027 4039">
    <p class='ocr_par' dir='ltr' id='par_1_41' title="bbox 444 3961 2027 4039">
     <span class='ocr_line' id='line_1_41' title="bbox 444 3961 2027 4039; baseline 0.008 -25"><span class='ocrx_word' id='word_1_323' title='bbox 444 3978 532 4031; x_wconf 85' lang='grc' dir='ltr'>γει</span> <span class='ocrx_word' id='word_1_324' title='bbox 562 3961 742 4028; x_wconf 79' lang='grc' dir='ltr'>πά&gt;.ιν,</span> <span class='ocrx_word' id='word_1_325' title='bbox 777 3964 858 4016; x_wconf 84' lang='grc' dir='ltr'>ὅτι</span> <span class='ocrx_word' id='word_1_326' title='bbox 895 3964 1058 4018; x_wconf 82' lang='grc' dir='ltr'>Μετὰ</span> <span class='ocrx_word' id='word_1_327' title='bbox 1087 3963 1505 4036; x_wconf 65' lang='grc' dir='ltr'>δεκατέσσαρα</span> <span class='ocrx_word' id='word_1_328' title='bbox 1534 3969 1642 4038; x_wconf 77' lang='grc' dir='ltr'>ἐτη</span> <span class='ocrx_word' id='word_1_329' title='bbox 1684 3971 1910 4039; x_wconf 77' lang='grc' dir='ltr'>ἀνέϐην</span> <span class='ocrx_word' id='word_1_330' title='bbox 1940 3975 2027 4039; x_wconf 83' lang='grc' dir='ltr'>είς</span> 
     </span>
    </p>
   </div>
   <div class='ocr_carea' id='block_1_42' title="bbox 456 4051 2027 4133">
    <p class='ocr_par' dir='ltr' id='par_1_42' title="bbox 456 4051 2027 4133">
     <span class='ocr_line' id='line_1_42' title="bbox 456 4051 2027 4133; baseline 0.006 -27"><span class='ocrx_word' id='word_1_331' title='bbox 456 4051 860 4127; x_wconf 60' lang='grc' dir='ltr'>Ἰεροσόλυμα.</span> <span class='ocrx_word' id='word_1_332' title='bbox 887 4051 945 4106; x_wconf 86' lang='lat'><strong>&#39;0</strong></span> <span class='ocrx_word' id='word_1_333' title='bbox 985 4053 1164 4107; x_wconf 87' lang='grc' dir='ltr'>τοίνυν</span> <span class='ocrx_word' id='word_1_334' title='bbox 1208 4055 1329 4109; x_wconf 86' lang='grc' dir='ltr'>τότε</span> <span class='ocrx_word' id='word_1_335' title='bbox 1376 4057 1433 4111; x_wconf 79' lang='grc' dir='ltr'>ὲν</span> <span class='ocrx_word' id='word_1_336' title='bbox 1467 4059 1771 4129; x_wconf 86' lang='grc' dir='ltr'>προοιμίοις</span> <span class='ocrx_word' id='word_1_337' title='bbox 1800 4061 1895 4114; x_wconf 84' lang='grc' dir='ltr'>τοῦ</span> <span class='ocrx_word' id='word_1_338' title='bbox 1924 4079 2027 4133; x_wconf 87' lang='grc' dir='ltr'>κη·-</span> 
     </span>
    </p>
   </div>
   <div class='ocr_carea' id='block_1_43' title="bbox 448 4140 2027 4219">
    <p class='ocr_par' dir='ltr' id='par_1_43' title="bbox 448 4140 2027 4219">
     <span class='ocr_line' id='line_1_43' title="bbox 448 4140 2027 4219; baseline 0.008 -25"><span class='ocrx_word' id='word_1_339' title='bbox 448 4140 725 4215; x_wconf 76' lang='grc' dir='ltr'>ρύγματος</span> <span class='ocrx_word' id='word_1_340' title='bbox 780 4143 854 4214; x_wconf 82' lang='grc' dir='ltr'>μὴ</span> <span class='ocrx_word' id='word_1_341' title='bbox 909 4144 1182 4215; x_wconf 76' lang='grc' dir='ltr'>φοϐηθεὶς,</span> <span class='ocrx_word' id='word_1_342' title='bbox 1220 4145 1317 4200; x_wconf 89' lang='grc' dir='ltr'>νῦν</span> <span class='ocrx_word' id='word_1_343' title='bbox 1363 4149 1504 4216; x_wconf 86' lang='grc' dir='ltr'>μετά</span> <span class='ocrx_word' id='word_1_344' title='bbox 1545 4150 1735 4219; x_wconf 91' lang='grc' dir='ltr'>χρόνον</span> <span class='ocrx_word' id='word_1_345' title='bbox 1774 4152 2027 4207; x_wconf 85' lang='grc' dir='ltr'>τοσοῦτον</span> 
     </span>
    </p>
   </div>
   <div class='ocr_carea' id='block_1_44' title="bbox 446 4233 2029 4316">
    <p class='ocr_par' dir='ltr' id='par_1_44' title="bbox 446 4233 2029 4316">
     <span class='ocr_line' id='line_1_44' title="bbox 446 4233 2029 4316; baseline 0.008 -32"><span class='ocrx_word' id='word_1_346' title='bbox 446 4233 691 4302; x_wconf 77' lang='grc' dir='ltr'>φοϐεῖται</span> <span class='ocrx_word' id='word_1_347' title='bbox 714 4251 731 4301; x_wconf 88' lang='grc'>;</span> <span class='ocrx_word' id='word_1_348' title='bbox 761 4237 790 4287; x_wconf 88' lang='lat'>6</span> <span class='ocrx_word' id='word_1_349' title='bbox 815 4236 872 4287; x_wconf 85' lang='grc' dir='ltr'>ἐν</span> <span class='ocrx_word' id='word_1_350' title='bbox 907 4234 1166 4306; x_wconf 82' lang='grc' dir='ltr'>Ἰεροσολύ</span> <span class='ocrx_word' id='word_1_351' title='bbox 1175 4253 1295 4304; x_wconf 89' lang='grc' dir='ltr'>μοις</span> <span class='ocrx_word' id='word_1_352' title='bbox 1321 4240 1397 4307; x_wconf 72' lang='grc' dir='ltr'>μὴ</span> <span class='ocrx_word' id='word_1_353' title='bbox 1420 4237 1625 4302; x_wconf 86' lang='grc' dir='ltr'>δείσας,</span> <span class='ocrx_word' id='word_1_354' title='bbox 1648 4242 1705 4294; x_wconf 73' lang='grc' dir='ltr'>ἐν</span> <span class='ocrx_word' id='word_1_355' title='bbox 1729 4241 2029 4316; x_wconf 80' lang='grc' dir='ltr'>Ἀντιοχείᾳ</span> 
     </span>
    </p>
   </div>
   <div class='ocr_carea' id='block_1_45' title="bbox 445 4324 2025 4409">
    <p class='ocr_par' dir='ltr' id='par_1_45' title="bbox 445 4324 2025 4409">
     <span class='ocr_line' id='line_1_45' title="bbox 445 4324 2025 4409; baseline 0.008 -33"><span class='ocrx_word' id='word_1_356' title='bbox 445 4324 712 4389; x_wconf 85' lang='grc' dir='ltr'>δέδοικεν;</span> <span class='ocrx_word' id='word_1_357' title='bbox 745 4327 795 4387; x_wconf 88' lang='grc' dir='ltr'>ὁ,</span> <span class='ocrx_word' id='word_1_358' title='bbox 827 4325 1101 4394; x_wconf 85' lang='grc' dir='ltr'>πολεμίων</span> <span class='ocrx_word' id='word_1_359' title='bbox 1132 4325 1527 4383; x_wconf 81' lang='grc' dir='ltr'>κυκλωσάντων</span> <span class='ocrx_word' id='word_1_360' title='bbox 1550 4331 1731 4398; x_wconf 81' lang='grc' dir='ltr'>αὑτὸν,</span> <span class='ocrx_word' id='word_1_361' title='bbox 1759 4332 1833 4405; x_wconf 84' lang='grc' dir='ltr'>μὴ</span> <span class='ocrx_word' id='word_1_362' title='bbox 1857 4351 2025 4409; x_wconf 86' lang='grc' dir='ltr'>πτοη-</span> 
     </span>
    </p>
   </div>
   <div class='ocr_carea' id='block_1_46' title="bbox 446 4414 2026 4493">
    <p class='ocr_par' dir='ltr' id='par_1_46' title="bbox 446 4414 2026 4493">
     <span class='ocr_line' id='line_1_46' title="bbox 446 4414 2026 4493; baseline 0.009 -25"><span class='ocrx_word' id='word_1_363' title='bbox 446 4414 561 4478; x_wconf 70' lang='grc' dir='ltr'>θείς</span> <span class='ocrx_word' id='word_1_364' title='bbox 603 4414 726 4469; x_wconf 89' lang='grc' dir='ltr'>τότε</span> <span class='ocrx_word' id='word_1_365' title='bbox 749 4428 799 4482; x_wconf 68' lang='grc' dir='ltr'>α,</span> <span class='ocrx_word' id='word_1_366' title='bbox 829 4415 952 4485; x_wconf 48' lang='grc' dir='ltr'>νῦνκ</span> <span class='ocrx_word' id='word_1_367' title='bbox 977 4416 1093 4470; x_wconf 77' lang='grc' dir='ltr'>οὐδὲ</span> <span class='ocrx_word' id='word_1_368' title='bbox 1127 4417 1395 4489; x_wconf 84' lang='grc' dir='ltr'>πολεμίων</span> <span class='ocrx_word' id='word_1_369' title='bbox 1426 4422 1733 4493; x_wconf 86' lang='grc' dir='ltr'>παρόντων,</span> <span class='ocrx_word' id='word_1_370' title='bbox 1769 4425 1904 4480; x_wconf 85' lang='grc' dir='ltr'>ἀλλὰ</span> <span class='ocrx_word' id='word_1_371' title='bbox 1932 4444 2026 4482; x_wconf 76' lang='grc' dir='ltr'>πισ-</span> 
     </span>
    </p>
   </div>
   <div class='ocr_carea' id='block_1_47' title="bbox 447 4505 2026 4583">
    <p class='ocr_par' dir='ltr' id='par_1_47' title="bbox 447 4505 2026 4583">
     <span class='ocr_line' id='line_1_47' title="bbox 447 4505 2026 4583; baseline 0.009 -23"><span class='ocrx_word' id='word_1_372' title='bbox 447 4505 586 4561; x_wconf 86' lang='grc' dir='ltr'>στῶν</span> <span class='ocrx_word' id='word_1_373' title='bbox 629 4509 725 4563; x_wconf 78' lang='grc' dir='ltr'>καὶ</span> <span class='ocrx_word' id='word_1_374' title='bbox 774 4507 1052 4580; x_wconf 84' lang='grc' dir='ltr'>μαθητῶν,</span> <span class='ocrx_word' id='word_1_375' title='bbox 1105 4511 1332 4583; x_wconf 79' lang='grc' dir='ltr'>ἀγωνιᾷ.</span> <span class='ocrx_word' id='word_1_376' title='bbox 1378 4513 1473 4567; x_wconf 72' lang='grc' dir='ltr'>καὶ</span> <span class='ocrx_word' id='word_1_377' title='bbox 1514 4514 1740 4583; x_wconf 78' lang='grc' dir='ltr'>δέδοικε,</span> <span class='ocrx_word' id='word_1_378' title='bbox 1784 4517 1879 4572; x_wconf 82' lang='grc' dir='ltr'>καὶ</span> <span class='ocrx_word' id='word_1_379' title='bbox 1925 4520 2026 4574; x_wconf 81' lang='grc' dir='ltr'>οὐκ</span> 
     </span>
    </p>
   </div>
   <div class='ocr_carea' id='block_1_48' title="bbox 442 4596 2022 4680">
    <p class='ocr_par' dir='ltr' id='par_1_48' title="bbox 442 4596 2022 4680">
     <span class='ocr_line' id='line_1_48' title="bbox 442 4596 2022 4680; baseline 0.008 -29"><span class='ocrx_word' id='word_1_380' title='bbox 442 4596 759 4670; x_wconf 80' lang='grc' dir='ltr'>όρθοποδετ;</span> <span class='ocrx_word' id='word_1_381' title='bbox 794 4600 904 4652; x_wconf 81' lang='grc' dir='ltr'>Καὶ</span> <span class='ocrx_word' id='word_1_382' title='bbox 930 4600 1048 4663; x_wconf 88' lang='grc' dir='ltr'>πῶς</span> <span class='ocrx_word' id='word_1_383' title='bbox 1073 4600 1138 4653; x_wconf 84' lang='grc' dir='ltr'>ἂν</span> <span class='ocrx_word' id='word_1_384' title='bbox 1166 4601 1279 4671; x_wconf 75' lang='grc' dir='ltr'>ἔχοι</span> <span class='ocrx_word' id='word_1_385' title='bbox 1313 4602 1485 4656; x_wconf 86' lang='grc' dir='ltr'>ταῦτα</span> <span class='ocrx_word' id='word_1_386' title='bbox 1509 4603 1686 4674; x_wconf 90' lang='grc' dir='ltr'>λόγον,</span> <span class='ocrx_word' id='word_1_387' title='bbox 1712 4609 2022 4680; x_wconf 90' lang='grc' dir='ltr'>ἀναπτομέ-</span> 
     </span>
    </p>
   </div>
   <div class='ocr_carea' id='block_1_49' title="bbox 443 4689 2027 4769">
    <p class='ocr_par' dir='ltr' id='par_1_49' title="bbox 443 4689 2027 4769">
     <span class='ocr_line' id='line_1_49' title="bbox 443 4689 2027 4769; baseline 0.009 -28"><span class='ocrx_word' id='word_1_388' title='bbox 443 4704 544 4758; x_wconf 85' lang='grc' dir='ltr'>νης</span> <span class='ocrx_word' id='word_1_389' title='bbox 576 4689 674 4758; x_wconf 78' lang='grc' dir='ltr'>μὲν</span> <span class='ocrx_word' id='word_1_390' title='bbox 698 4689 798 4760; x_wconf 85' lang='grc' dir='ltr'>τῆς</span> <span class='ocrx_word' id='word_1_391' title='bbox 827 4693 1003 4763; x_wconf 79' lang='grc' dir='ltr'>πυρᾶς</span> <span class='ocrx_word' id='word_1_392' title='bbox 1039 4693 1132 4746; x_wconf 77' lang='grc' dir='ltr'>καὶ</span> <span class='ocrx_word' id='word_1_393' title='bbox 1164 4695 1243 4757; x_wconf 85' lang='grc' dir='ltr'>είς</span> <span class='ocrx_word' id='word_1_394' title='bbox 1279 4693 1411 4764; x_wconf 72' lang='grc' dir='ltr'>ὕψος</span> <span class='ocrx_word' id='word_1_395' title='bbox 1455 4697 1811 4769; x_wconf 80' lang='grc' dir='ltr'>ὲγειρομένης</span> <span class='ocrx_word' id='word_1_396' title='bbox 1859 4717 2027 4755; x_wconf 87' lang='grc' dir='ltr'>κατα-</span> 
     </span>
    </p>
   </div>
   <div class='ocr_carea' id='block_1_50' title="bbox 442 4777 2028 4862">
    <p class='ocr_par' dir='ltr' id='par_1_50' title="bbox 442 4777 2028 4862">
     <span class='ocr_line' id='line_1_50' title="bbox 442 4777 2028 4862; baseline 0.009 -28"><span class='ocrx_word' id='word_1_397' title='bbox 442 4777 670 4853; x_wconf 74' lang='grc' dir='ltr'>τολμᾷν,</span> <span class='ocrx_word' id='word_1_398' title='bbox 708 4781 1022 4837; x_wconf 75' lang='grc' dir='ltr'>σϐεσθεῖσαν</span> <span class='ocrx_word' id='word_1_399' title='bbox 1045 4784 1101 4837; x_wconf 83' lang='grc' dir='ltr'>δὲ</span> <span class='ocrx_word' id='word_1_400' title='bbox 1128 4786 1222 4839; x_wconf 78' lang='grc' dir='ltr'>καὶ</span> <span class='ocrx_word' id='word_1_401' title='bbox 1242 4788 1541 4861; x_wconf 86' lang='grc' dir='ltr'>γενομένην</span> <span class='ocrx_word' id='word_1_402' title='bbox 1564 4791 1767 4862; x_wconf 86' lang='grc' dir='ltr'>τέφραν</span> <span class='ocrx_word' id='word_1_403' title='bbox 1798 4793 2028 4848; x_wconf 73' lang='grc' dir='ltr'>δεδοικέο</span> 
     </span>
    </p>
   </div>
   <div class='ocr_carea' id='block_1_51' title="bbox 443 4873 2022 4956">
    <p class='ocr_par' dir='ltr' id='par_1_51' title="bbox 443 4873 2022 4956">
     <span class='ocr_line' id='line_1_51' title="bbox 443 4873 2022 4956; baseline 0.008 -30"><span class='ocrx_word' id='word_1_404' title='bbox 443 4889 534 4927; x_wconf 88' lang='grc' dir='ltr'>ναι</span> <span class='ocrx_word' id='word_1_405' title='bbox 571 4873 667 4927; x_wconf 75' lang='grc' dir='ltr'>καὶ</span> <span class='ocrx_word' id='word_1_406' title='bbox 691 4874 946 4945; x_wconf 83' lang='grc' dir='ltr'>τρέμειν;</span> <span class='ocrx_word' id='word_1_407' title='bbox 969 4876 1032 4929; x_wconf 75' lang='lat' dir='ltr'>El</span> <span class='ocrx_word' id='word_1_408' title='bbox 1061 4875 1232 4940; x_wconf 84' lang='grc' dir='ltr'>δειλὸς</span> <span class='ocrx_word' id='word_1_409' title='bbox 1250 4873 1317 4949; x_wconf 77' lang='grc' dir='ltr'>ἦν</span> <span class='ocrx_word' id='word_1_410' title='bbox 1339 4879 1432 4932; x_wconf 75' lang='grc' dir='ltr'>καὶ</span> <span class='ocrx_word' id='word_1_411' title='bbox 1457 4878 1718 4953; x_wconf 78' lang='grc' dir='ltr'>ἄνανδρος</span> <span class='ocrx_word' id='word_1_412' title='bbox 1739 4885 1768 4936; x_wconf 89' lang='lat'>6</span> <span class='ocrx_word' id='word_1_413' title='bbox 1791 4884 2022 4956; x_wconf 88' lang='grc' dir='ltr'>Πέτρος,</span> 
     </span>
    </p>
   </div>
   <div class='ocr_carea' id='block_1_52' title="bbox 444 4964 2026 5044">
    <p class='ocr_par' dir='ltr' id='par_1_52' title="bbox 444 4964 2026 5044">
     <span class='ocr_line' id='line_1_52' title="bbox 444 4964 2026 5044; baseline 0.009 -27"><span class='ocrx_word' id='word_1_414' title='bbox 444 4964 503 5018; x_wconf 75' lang='grc' dir='ltr'>έν</span> <span class='ocrx_word' id='word_1_415' title='bbox 533 4966 675 5037; x_wconf 79' lang='grc' dir='ltr'>ἀρχῇ</span> <span class='ocrx_word' id='word_1_416' title='bbox 701 4964 795 5018; x_wconf 90' lang='grc' dir='ltr'>τοῦ</span> <span class='ocrx_word' id='word_1_417' title='bbox 826 4967 1202 5039; x_wconf 88' lang='grc' dir='ltr'>κηρύγματος,</span> <span class='ocrx_word' id='word_1_418' title='bbox 1231 4971 1288 5023; x_wconf 83' lang='grc' dir='ltr'>ὲν</span> <span class='ocrx_word' id='word_1_419' title='bbox 1311 4973 1378 5043; x_wconf 80' lang='grc' dir='ltr'>τῇ</span> <span class='ocrx_word' id='word_1_420' title='bbox 1412 4974 1743 5044; x_wconf 88' lang='grc' dir='ltr'>μητροπόλει</span> <span class='ocrx_word' id='word_1_421' title='bbox 1769 4976 1878 5031; x_wconf 88' lang='grc' dir='ltr'>τῶν</span> <span class='ocrx_word' id='word_1_422' title='bbox 1893 4978 2026 5031; x_wconf 75' lang='grc' dir='ltr'>Ἴου-</span> 
     </span>
    </p>
   </div>
   <div class='ocr_carea' id='block_1_53' title="bbox 444 5054 2020 5134">
    <p class='ocr_par' dir='ltr' id='par_1_53' title="bbox 444 5054 2020 5134">
     <span class='ocr_line' id='line_1_53' title="bbox 444 5054 2020 5134; baseline 0.006 -24"><span class='ocrx_word' id='word_1_423' title='bbox 444 5055 631 5121; x_wconf 87' lang='grc' dir='ltr'>δαίων,</span> <span class='ocrx_word' id='word_1_424' title='bbox 657 5057 790 5110; x_wconf 86' lang='grc' dir='ltr'>ὅπου</span> <span class='ocrx_word' id='word_1_425' title='bbox 820 5059 1019 5122; x_wconf 86' lang='grc' dir='ltr'>πάντες</span> <span class='ocrx_word' id='word_1_426' title='bbox 1039 5054 1179 5129; x_wconf 77' lang='grc' dir='ltr'>ἦσαν</span> <span class='ocrx_word' id='word_1_427' title='bbox 1200 5060 1249 5112; x_wconf 85' lang='grc' dir='ltr'>οί</span> <span class='ocrx_word' id='word_1_428' title='bbox 1275 5060 1545 5132; x_wconf 84' lang='grc' dir='ltr'>πολέμιοι,</span> <span class='ocrx_word' id='word_1_429' title='bbox 1562 5064 1685 5117; x_wconf 77' lang='grc' dir='ltr'>τότε</span> <span class='ocrx_word' id='word_1_430' title='bbox 1708 5065 1775 5119; x_wconf 81' lang='grc' dir='ltr'>ἂν</span> <span class='ocrx_word' id='word_1_431' title='bbox 1797 5066 2020 5134; x_wconf 72' lang='grc' dir='ltr'>ἔδεισεν,</span> 
     </span>
    </p>
   </div>
   <div class='ocr_carea' id='block_1_54' title="bbox 442 5146 2023 5230">
    <p class='ocr_par' dir='ltr' id='par_1_54' title="bbox 442 5146 2023 5230">
     <span class='ocr_line' id='line_1_54' title="bbox 442 5146 2023 5230; baseline 0.009 -29"><span class='ocrx_word' id='word_1_432' title='bbox 442 5148 505 5202; x_wconf 78' lang='grc' dir='ltr'>οὐ</span> <span class='ocrx_word' id='word_1_433' title='bbox 538 5146 676 5218; x_wconf 84' lang='grc' dir='ltr'>μετὰ</span> <span class='ocrx_word' id='word_1_434' title='bbox 706 5148 894 5220; x_wconf 80' lang='grc' dir='ltr'>χρόνον</span> <span class='ocrx_word' id='word_1_435' title='bbox 920 5149 1170 5204; x_wconf 85' lang='grc' dir='ltr'>τοσοῦτον</span> <span class='ocrx_word' id='word_1_436' title='bbox 1197 5151 1256 5205; x_wconf 73' lang='grc' dir='ltr'>ιν</span> <span class='ocrx_word' id='word_1_437' title='bbox 1291 5155 1357 5223; x_wconf 80' lang='grc' dir='ltr'>τῇ</span> <span class='ocrx_word' id='word_1_438' title='bbox 1402 5159 1894 5230; x_wconf 83' lang='grc' dir='ltr'>χριστιανικωτάτῃ</span> <span class='ocrx_word' id='word_1_439' title='bbox 1923 5160 2023 5214; x_wconf 82' lang='grc' dir='ltr'>πό-</span> 
     </span>
    </p>
   </div>
   <div class='ocr_carea' id='block_1_55' title="bbox 442 5239 2024 5315">
    <p class='ocr_par' dir='ltr' id='par_1_55' title="bbox 442 5239 2024 5315">
     <span class='ocr_line' id='line_1_55' title="bbox 442 5239 2024 5315; baseline 0.008 -21"><span class='ocrx_word' id='word_1_440' title='bbox 442 5239 545 5304; x_wconf 89' lang='grc' dir='ltr'>λει,</span> <span class='ocrx_word' id='word_1_441' title='bbox 572 5239 694 5293; x_wconf 78' lang='grc' dir='ltr'>οὐδὲ</span> <span class='ocrx_word' id='word_1_442' title='bbox 742 5239 912 5309; x_wconf 87' lang='grc' dir='ltr'>φίλων</span> <span class='ocrx_word' id='word_1_443' title='bbox 954 5242 1045 5294; x_wconf 78' lang='grc' dir='ltr'>καὶ</span> <span class='ocrx_word' id='word_1_444' title='bbox 1073 5243 1311 5312; x_wconf 83' lang='grc' dir='ltr'>γνησίων</span> <span class='ocrx_word' id='word_1_445' title='bbox 1341 5244 1816 5315; x_wconf 67' lang='grc' dir='ltr'>παρόπων.”Ωστε</span> <span class='ocrx_word' id='word_1_446' title='bbox 1843 5249 1966 5303; x_wconf 83' lang='grc' dir='ltr'>οὔτε</span> <span class='ocrx_word' id='word_1_447' title='bbox 1995 5252 2024 5306; x_wconf 83' lang='lat'>6</span> 
     </span>
    </p>
   </div>
   <div class='ocr_carea' id='block_1_56' title="bbox 442 5332 2022 5412">
    <p class='ocr_par' dir='ltr' id='par_1_56' title="bbox 442 5332 2022 5412">
     <span class='ocr_line' id='line_1_56' title="bbox 442 5332 2022 5412; baseline 0.006 -24"><span class='ocrx_word' id='word_1_448' title='bbox 442 5333 650 5405; x_wconf 82' lang='grc' dir='ltr'>καιρὸς,</span> <span class='ocrx_word' id='word_1_449' title='bbox 684 5332 807 5387; x_wconf 71' lang='grc' dir='ltr'>οὔτε</span> <span class='ocrx_word' id='word_1_450' title='bbox 836 5335 865 5387; x_wconf 84' lang='grc' dir='ltr'>ό</span> <span class='ocrx_word' id='word_1_451' title='bbox 889 5334 1071 5399; x_wconf 83' lang='grc' dir='ltr'>τόπος,</span> <span class='ocrx_word' id='word_1_452' title='bbox 1104 5334 1225 5389; x_wconf 70' lang='grc' dir='ltr'>οὔτε</span> <span class='ocrx_word' id='word_1_453' title='bbox 1256 5337 1289 5407; x_wconf 82' lang='grc' dir='ltr'>ἡ</span> <span class='ocrx_word' id='word_1_454' title='bbox 1323 5337 1546 5409; x_wconf 88' lang='grc' dir='ltr'>ποιότης</span> <span class='ocrx_word' id='word_1_455' title='bbox 1573 5340 1682 5395; x_wconf 81' lang='grc' dir='ltr'>τῶν</span> <span class='ocrx_word' id='word_1_456' title='bbox 1716 5343 2022 5412; x_wconf 82' lang='grc' dir='ltr'>προσώπων</span> 
     </span>
    </p>
   </div>
   <div class='ocr_carea' id='block_1_57' title="bbox 443 5425 2021 5502">
    <p class='ocr_par' dir='ltr' id='par_1_57' title="bbox 443 5425 2021 5502">
     <span class='ocr_line' id='line_1_57' title="bbox 443 5425 2021 5502; baseline 0.008 -25"><span class='ocrx_word' id='word_1_457' title='bbox 443 5425 668 5495; x_wconf 75' lang='grc' dir='ltr'>ἀφίησιν</span> <span class='ocrx_word' id='word_1_458' title='bbox 703 5427 848 5496; x_wconf 81' lang='grc' dir='ltr'>ἡμᾶς</span> <span class='ocrx_word' id='word_1_459' title='bbox 890 5427 1177 5482; x_wconf 89' lang='grc' dir='ltr'>πιστεῦσαι</span> <span class='ocrx_word' id='word_1_460' title='bbox 1223 5430 1337 5492; x_wconf 86' lang='grc' dir='ltr'>τοῖς</span> <span class='ocrx_word' id='word_1_461' title='bbox 1369 5429 1684 5502; x_wconf 87' lang='grc' dir='ltr'>λεγομένοις</span> <span class='ocrx_word' id='word_1_462' title='bbox 1728 5432 1901 5498; x_wconf 80' lang='grc' dir='ltr'>οὕτως</span> <span class='ocrx_word' id='word_1_463' title='bbox 1946 5436 2021 5499; x_wconf 86' lang='grc' dir='ltr'>ώς</span> 
     </span>
    </p>
   </div>
   <div class='ocr_carea' id='block_1_58' title="bbox 443 5515 2023 5593">
    <p class='ocr_par' dir='ltr' id='par_1_58' title="bbox 443 5515 2023 5593">
     <span class='ocr_line' id='line_1_58' title="bbox 443 5515 2023 5593; baseline 0.009 -26"><span class='ocrx_word' id='word_1_464' title='bbox 443 5515 678 5586; x_wconf 71' lang='grc' dir='ltr'>εἴρηται,</span> <span class='ocrx_word' id='word_1_465' title='bbox 711 5517 806 5571; x_wconf 77' lang='grc' dir='ltr'>καὶ</span> <span class='ocrx_word' id='word_1_466' title='bbox 852 5517 1199 5586; x_wconf 79' lang='grc' dir='ltr'>καταγνῶναι</span> <span class='ocrx_word' id='word_1_467' title='bbox 1243 5520 1338 5574; x_wconf 87' lang='grc' dir='ltr'>τοῦ</span> <span class='ocrx_word' id='word_1_468' title='bbox 1387 5522 1597 5593; x_wconf 88' lang='grc' dir='ltr'>Πέτρου</span> <span class='ocrx_word' id='word_1_469' title='bbox 1645 5524 1869 5581; x_wconf 87' lang='grc' dir='ltr'>δειλίαν.</span> <span class='ocrx_word' id='word_1_470' title='bbox 1903 5526 2023 5581; x_wconf 85' lang='grc' dir='ltr'>Ἐπ-</span> 
     </span>
    </p>
   </div>
   <div class='ocr_carea' id='block_1_59' title="bbox 443 5603 2022 5690">
    <p class='ocr_par' dir='ltr' id='par_1_59' title="bbox 443 5603 2022 5690">
     <span class='ocr_line' id='line_1_59' title="bbox 443 5603 2022 5690; baseline 0.01 -32"><span class='ocrx_word' id='word_1_471' title='bbox 443 5603 671 5677; x_wconf 61' lang='lat' dir='ltr'>micare</span> <span class='ocrx_word' id='word_1_472' title='bbox 700 5606 767 5662; x_wconf 83' lang='grc' dir='ltr'>τά</span> <span class='ocrx_word' id='word_1_473' title='bbox 796 5609 1102 5680; x_wconf 86' lang='grc' dir='ltr'>εἱρημένα;</span> <span class='ocrx_word' id='word_1_474' title='bbox 1139 5611 1329 5666; x_wconf 82' lang='grc' dir='ltr'>Καίτοι</span> <span class='ocrx_word' id='word_1_475' title='bbox 1365 5630 1428 5683; x_wconf 88' lang='grc' dir='ltr'>γε</span> <span class='ocrx_word' id='word_1_476' title='bbox 1460 5614 1616 5689; x_wconf 75' lang='lat'>[568]</span> <span class='ocrx_word' id='word_1_477' title='bbox 1654 5619 1713 5671; x_wconf 81' lang='grc' dir='ltr'>ὲν</span> <span class='ocrx_word' id='word_1_478' title='bbox 1756 5619 1897 5690; x_wconf 79' lang='grc' dir='ltr'>ἀρχῇ</span> <span class='ocrx_word' id='word_1_479' title='bbox 1932 5624 2022 5674; x_wconf 87' lang='grc' dir='ltr'>τὸν</span> 
     </span>
    </p>
   </div>
   <div class='ocr_carea' id='block_1_60' title="bbox 505 5719 1480 5790">
    <p class='ocr_par' dir='ltr' id='par_1_60' title="bbox 505 5719 1480 5790">
     <span class='ocr_line' id='line_1_60' title="bbox 505 5719 1480 5790; baseline 0.009 -20"><span class='ocrx_word' id='word_1_480' title='bbox 505 5729 524 5750; x_wconf 83' lang='grc'><strong><em>⁸</em></strong></span> <span class='ocrx_word' id='word_1_481' title='bbox 551 5719 663 5771; x_wconf 82' lang='lat' dir='ltr'>Duo</span> <span class='ocrx_word' id='word_1_482' title='bbox 681 5732 796 5771; x_wconf 82' lang='lat' dir='ltr'>mss.</span> <span class='ocrx_word' id='word_1_483' title='bbox 819 5723 961 5772; x_wconf 80' lang='grc' dir='ltr'>αὐτὸν</span> <span class='ocrx_word' id='word_1_484' title='bbox 979 5729 1337 5790; x_wconf 75' lang='grc' dir='ltr'>καταφρονήσας</span> <span class='ocrx_word' id='word_1_485' title='bbox 1353 5729 1480 5779; x_wconf 78' lang='grc' dir='ltr'>τότε.</span> 
     </span>
    </p>
   </div>
   <div class='ocr_carea' id='block_1_61' title="bbox 1183 307 3025 381">
    <p class='ocr_par' dir='ltr' id='par_1_61' title="bbox 1183 307 3025 381">
     <span class='ocr_line' id='line_1_61' title="bbox 1183 307 3025 381; baseline 0.009 -18"><span class='ocrx_word' id='word_1_486' title='bbox 1183 307 1240 363; x_wconf 77' lang='lat'>8.</span> <span class='ocrx_word' id='word_1_487' title='bbox 1275 307 1557 365; x_wconf 73' lang='lat' dir='ltr'>JOANNIS</span> <span class='ocrx_word' id='word_1_488' title='bbox 1595 312 2080 374; x_wconf 64' lang='lat' dir='ltr'>CHRYSOS&#39;NFMI</span> <span class='ocrx_word' id='word_1_489' title='bbox 2115 315 2438 377; x_wconf 64' lang='lat' dir='ltr'>AHCHTEP.</span> <span class='ocrx_word' id='word_1_490' title='bbox 2475 313 3025 381; x_wconf 60' lang='lat' dir='ltr'>CONS&#39;I‘ANTINOP.</span> 
     </span>
    </p>
   </div>
   <div class='ocr_carea' id='block_1_62' title="bbox 3599 324 3705 383">
    <p class='ocr_par' dir='ltr' id='par_1_62' title="bbox 3599 324 3705 383">
     <span class='ocr_line' id='line_1_62' title="bbox 3599 324 3705 383; baseline -0.057 -1"><span class='ocrx_word' id='word_1_491' title='bbox 3599 324 3705 383; x_wconf 76' lang='lat'>578</span> 
     </span>
    </p>
   </div>
   <div class='ocr_carea' id='block_1_63' title="bbox 2130 412 3706 507">
    <p class='ocr_par' dir='ltr' id='par_1_63' title="bbox 2130 412 3706 507">
     <span class='ocr_line' id='line_1_63' title="bbox 2130 412 3706 507; baseline 0.018 -41"><span class='ocrx_word' id='word_1_492' title='bbox 2130 412 2342 507; x_wconf 78' lang='grc' dir='ltr'>Παῦλον</span> <span class='ocrx_word' id='word_1_493' title='bbox 2387 417 2750 507; x_wconf 68' lang='grc' dir='ltr'>έθαυμάζετε,</span> <span class='ocrx_word' id='word_1_494' title='bbox 2778 428 2875 481; x_wconf 74' lang='grc' dir='ltr'>καὶ</span> <span class='ocrx_word' id='word_1_495' title='bbox 2914 430 3014 501; x_wconf 84' lang='grc' dir='ltr'>τῆς</span> <span class='ocrx_word' id='word_1_496' title='bbox 3055 431 3370 503; x_wconf 72' lang='grc' dir='ltr'>παρρησίας</span> <span class='ocrx_word' id='word_1_497' title='bbox 3409 435 3572 491; x_wconf 71' lang='grc' dir='ltr'>αὐτὸν</span> <span class='ocrx_word' id='word_1_498' title='bbox 3617 439 3706 507; x_wconf 75' lang='grc' dir='ltr'>ἒξ-</span> 
     </span>
    </p>
   </div>
   <div class='ocr_carea' id='block_1_64' title="bbox 2130 501 3706 596">
    <p class='ocr_par' dir='ltr' id='par_1_64' title="bbox 2130 501 3706 596">
     <span class='ocr_line' id='line_1_64' title="bbox 2130 501 3706 596; baseline 0.018 -43"><span class='ocrx_word' id='word_1_499' title='bbox 2480 523 2518 596; x_wconf 41' lang='lat'>:</span> <span class='ocrx_word' id='word_1_500' title='bbox 2538 508 2653 562; x_wconf 85' lang='grc' dir='ltr'>ἀλλ’</span> <span class='ocrx_word' id='word_1_501' title='bbox 2685 510 2792 565; x_wconf 78' lang='grc' dir='ltr'>ίδοὺ</span> <span class='ocrx_word' id='word_1_502' title='bbox 2831 501 3155 589; x_wconf 78' lang='grc' dir='ltr'>περιέτρεψε</span> <span class='ocrx_word' id='word_1_503' title='bbox 3188 501 3291 591; x_wconf 63' lang='grc' dir='ltr'>τὴν</span> <span class='ocrx_word' id='word_1_504' title='bbox 3322 501 3706 596; x_wconf 29' lang='grc' dir='ltr'>κατηγορίαντό</span> 
     </span>
    </p>
   </div>
   <div class='ocr_carea' id='block_1_65' title="bbox 2128 585 3710 684">
    <p class='ocr_par' dir='ltr' id='par_1_65' title="bbox 2128 585 3710 684">
     <span class='ocr_line' id='line_1_65' title="bbox 2128 585 3710 684; baseline 0.018 -46"><span class='ocrx_word' id='word_1_505' title='bbox 2128 585 2304 684; x_wconf 72' lang='grc' dir='ltr'>λόγος.</span> <span class='ocrx_word' id='word_1_506' title='bbox 2324 590 2459 684; x_wconf 43' lang='grc' dir='ltr'>’ἀλλ’</span> <span class='ocrx_word' id='word_1_507' title='bbox 2485 593 2675 684; x_wconf 59' lang='grc' dir='ltr'>ῶσπερ</span> <span class='ocrx_word' id='word_1_508' title='bbox 2719 585 3038 672; x_wconf 65' lang='grc' dir='ltr'>ἀρχόμενος⁷</span> <span class='ocrx_word' id='word_1_509' title='bbox 3066 585 3270 676; x_wconf 73' lang='grc' dir='ltr'>ἔλεγον,</span> <span class='ocrx_word' id='word_1_510' title='bbox 3303 607 3384 661; x_wconf 76' lang='grc' dir='ltr'>ὅτι</span> <span class='ocrx_word' id='word_1_511' title='bbox 3435 585 3588 665; x_wconf 76' lang='grc' dir='ltr'>ούδέν</span> <span class='ocrx_word' id='word_1_512' title='bbox 3619 630 3710 684; x_wconf 86' lang='grc' dir='ltr'>μοι</span> 
     </span>
    </p>
   </div>
   <div class='ocr_carea' id='block_1_66' title="bbox 2129 671 3707 773">
    <p class='ocr_par' dir='ltr' id='par_1_66' title="bbox 2129 671 3707 773">
     <span class='ocr_line' id='line_1_66' title="bbox 2129 671 3707 773; baseline 0.018 -48"><span class='ocrx_word' id='word_1_513' title='bbox 2129 671 2461 773; x_wconf 48' lang='grc' dir='ltr'>ὄφελος,“ἑὰν</span> <span class='ocrx_word' id='word_1_514' title='bbox 2487 682 2702 773; x_wconf 74' lang='grc' dir='ltr'>Παύλου</span> <span class='ocrx_word' id='word_1_515' title='bbox 2724 687 2903 752; x_wconf 86' lang='grc' dir='ltr'>καλῶς</span> <span class='ocrx_word' id='word_1_516' title='bbox 2923 671 3223 757; x_wconf 79' lang='grc' dir='ltr'>ποιοῦντος,</span> <span class='ocrx_word' id='word_1_517' title='bbox 3243 697 3271 749; x_wconf 90' lang='lat'>6</span> <span class='ocrx_word' id='word_1_518' title='bbox 3292 695 3499 768; x_wconf 88' lang='grc' dir='ltr'>Πέτρος</span> <span class='ocrx_word' id='word_1_519' title='bbox 3521 671 3707 773; x_wconf 57' lang='grc' dir='ltr'>δειχθῇ</span> 
     </span>
    </p>
   </div>
   <div class='ocr_carea' id='block_1_67' title="bbox 2134 759 3710 858">
    <p class='ocr_par' dir='ltr' id='par_1_67' title="bbox 2134 759 3710 858">
     <span class='ocr_line' id='line_1_67' title="bbox 2134 759 3710 858; baseline 0.006 -27"><span class='ocrx_word' id='word_1_520' title='bbox 2134 759 2208 858; x_wconf 50' lang='grc' dir='ltr'>μὴ</span> <span class='ocrx_word' id='word_1_521' title='bbox 2234 763 2415 858; x_wconf 64' lang='grc' dir='ltr'>κίιλῶς</span> <span class='ocrx_word' id='word_1_522' title='bbox 2445 770 2614 858; x_wconf 54' lang='grc' dir='ltr'>τίοι-ὦν</span> <span class='ocrx_word' id='word_1_523' title='bbox 2641 771 2730 841; x_wconf 80' lang='grc' dir='ltr'>(τὰ</span> <span class='ocrx_word' id='word_1_524' title='bbox 2752 773 2861 858; x_wconf 66' lang='grc' dir='ltr'>γᾲρ</span> <span class='ocrx_word' id='word_1_525' title='bbox 2889 778 3208 850; x_wconf 73' lang='grc' dir='ltr'>ἐγκλήματα</span> <span class='ocrx_word' id='word_1_526' title='bbox 3232 783 3324 836; x_wconf 78' lang='grc' dir='ltr'>καὶ</span> <span class='ocrx_word' id='word_1_527' title='bbox 3354 759 3531 855; x_wconf 72' lang='grc' dir='ltr'>ήκαθ’</span> <span class='ocrx_word' id='word_1_528' title='bbox 3552 759 3710 858; x_wconf 59' lang='grc' dir='ltr'>ἡμῶν</span> 
     </span>
    </p>
   </div>
   <div class='ocr_carea' id='block_1_68' title="bbox 2129 849 3703 945">
    <p class='ocr_par' dir='ltr' id='par_1_68' title="bbox 2129 849 3703 945">
     <span class='ocr_line' id='line_1_68' title="bbox 2129 849 3703 945; baseline 0.017 -43"><span class='ocrx_word' id='word_1_529' title='bbox 2129 849 2358 945; x_wconf 76' lang='grc' dir='ltr'>αίσχύνη</span> <span class='ocrx_word' id='word_1_530' title='bbox 2397 854 2570 945; x_wconf 79' lang='grc' dir='ltr'>μένει,</span> <span class='ocrx_word' id='word_1_531' title='bbox 2600 858 2666 911; x_wconf 81' lang='grc' dir='ltr'>ἄν</span> <span class='ocrx_word' id='word_1_532' title='bbox 2691 877 2751 912; x_wconf 92' lang='grc' dir='ltr'>τε</span> <span class='ocrx_word' id='word_1_533' title='bbox 2778 856 2950 928; x_wconf 72' lang='grc' dir='ltr'>οὗτος,</span> <span class='ocrx_word' id='word_1_534' title='bbox 2984 849 3053 919; x_wconf 84' lang='grc' dir='ltr'>ἄν</span> <span class='ocrx_word' id='word_1_535' title='bbox 3070 885 3130 920; x_wconf 92' lang='grc' dir='ltr'>τε</span> <span class='ocrx_word' id='word_1_536' title='bbox 3159 849 3703 945; x_wconf 66' lang='grc' dir='ltr'>ἐκεῖνοςδιημαρτηα</span> 
     </span>
    </p>
   </div>
   <div class='ocr_carea' id='block_1_69' title="bbox 2130 935 3712 1026">
    <p class='ocr_par' dir='ltr' id='par_1_69' title="bbox 2130 935 3712 1026">
     <span class='ocr_line' id='line_1_69' title="bbox 2130 935 3712 1026; baseline 0.018 -39"><span class='ocrx_word' id='word_1_537' title='bbox 2130 935 2247 1026; x_wconf 72' lang='grc' dir='ltr'>κῶς</span> <span class='ocrx_word' id='word_1_538' title='bbox 2276 939 2410 1011; x_wconf 83' lang='grc' dir='ltr'>τύχῃ</span> <span class='ocrx_word' id='word_1_539' title='bbox 2432 943 2474 1009; x_wconf 85' lang='grc'>),</span> <span class='ocrx_word' id='word_1_540' title='bbox 2513 943 2656 1000; x_wconf 80' lang='grc' dir='ltr'>οὕτω</span> <span class='ocrx_word' id='word_1_541' title='bbox 2700 949 2794 1002; x_wconf 78' lang='grc' dir='ltr'>καὶ</span> <span class='ocrx_word' id='word_1_542' title='bbox 2840 949 2936 1005; x_wconf 80' lang='grc' dir='ltr'>νῦν</span> <span class='ocrx_word' id='word_1_543' title='bbox 2969 953 3030 1006; x_wconf 80' lang='grc' dir='ltr'>τὸ</span> <span class='ocrx_word' id='word_1_544' title='bbox 3060 955 3193 1008; x_wconf 75' lang='grc' dir='ltr'>αὐτὸ</span> <span class='ocrx_word' id='word_1_545' title='bbox 3234 956 3379 1026; x_wconf 88' lang='grc' dir='ltr'>λέγω</span> <span class='ocrx_word' id='word_1_546' title='bbox 3422 935 3606 1025; x_wconf 68' lang='grc' dir='ltr'>πάλιν,</span> <span class='ocrx_word' id='word_1_547' title='bbox 3634 935 3712 1024; x_wconf 76' lang='grc' dir='ltr'>ῶς</span> 
     </span>
    </p>
   </div>
   <div class='ocr_carea' id='block_1_70' title="bbox 2129 1024 3706 1117">
    <p class='ocr_par' dir='ltr' id='par_1_70' title="bbox 2129 1024 3706 1117">
     <span class='ocr_line' id='line_1_70' title="bbox 2129 1024 3706 1117; baseline 0.016 -42"><span class='ocrx_word' id='word_1_548' title='bbox 2129 1024 2281 1078; x_wconf 78' lang='grc' dir='ltr'>οὐδέν</span> <span class='ocrx_word' id='word_1_549' title='bbox 2324 1029 2666 1117; x_wconf 11' lang='grc' dir='ltr'>μοινὸφελος,</span> <span class='ocrx_word' id='word_1_550' title='bbox 2712 1034 2779 1088; x_wconf 85' lang='grc' dir='ltr'>ἂν</span> <span class='ocrx_word' id='word_1_551' title='bbox 2829 1038 3038 1110; x_wconf 84' lang='grc' dir='ltr'>Πέτρου</span> <span class='ocrx_word' id='word_1_552' title='bbox 3072 1041 3170 1113; x_wconf 79' lang='grc' dir='ltr'>τὴν</span> <span class='ocrx_word' id='word_1_553' title='bbox 3203 1024 3540 1117; x_wconf 84' lang='grc' dir='ltr'>κατηγορίαν</span> 
     </span>
    </p>
   </div>
   <div class='ocr_carea' id='block_1_71' title="bbox 2132 1116 3713 1202">
    <p class='ocr_par' dir='ltr' id='par_1_71' title="bbox 2132 1116 3713 1202">
     <span class='ocr_line' id='line_1_71' title="bbox 2132 1116 3713 1202; baseline 0.016 -39"><span class='ocrx_word' id='word_1_554' title='bbox 2132 1116 2559 1202; x_wconf 83' lang='grc' dir='ltr'>σκευασαμένου,</span> <span class='ocrx_word' id='word_1_555' title='bbox 2614 1122 2641 1172; x_wconf 91' lang='lat'>6</span> <span class='ocrx_word' id='word_1_556' title='bbox 2682 1123 2894 1188; x_wconf 85' lang='grc' dir='ltr'>Παῦλος</span> <span class='ocrx_word' id='word_1_557' title='bbox 2941 1127 3203 1198; x_wconf 84' lang='grc' dir='ltr'>φαίνηται</span> <span class='ocrx_word' id='word_1_558' title='bbox 3251 1116 3566 1202; x_wconf 82' lang='grc' dir='ltr'>θαρσαλέως</span> <span class='ocrx_word' id='word_1_559' title='bbox 3617 1135 3713 1189; x_wconf 75' lang='grc' dir='ltr'>καὶ</span> 
     </span>
    </p>
   </div>
   <div class='ocr_carea' id='block_1_72' title="bbox 2131 1198 3710 1294">
    <p class='ocr_par' dir='ltr' id='par_1_72' title="bbox 2131 1198 3710 1294">
     <span class='ocr_line' id='line_1_72' title="bbox 2131 1198 3710 1294; baseline 0.016 -42"><span class='ocrx_word' id='word_1_560' title='bbox 2131 1198 2550 1271; x_wconf 85' lang='grc' dir='ltr'>ἀπερισκέπτως</span> <span class='ocrx_word' id='word_1_561' title='bbox 2599 1209 2692 1260; x_wconf 84' lang='grc' dir='ltr'>τοῦ</span> <span class='ocrx_word' id='word_1_562' title='bbox 2740 1216 3140 1269; x_wconf 83' lang='grc' dir='ltr'>συναποστόλου</span> <span class='ocrx_word' id='word_1_563' title='bbox 3192 1198 3538 1291; x_wconf 83' lang='grc' dir='ltr'>κατηγορῶν.</span> <span class='ocrx_word' id='word_1_564' title='bbox 3574 1222 3710 1294; x_wconf 79' lang='grc' dir='ltr'>Φέρε</span> 
     </span>
    </p>
   </div>
   <div class='ocr_carea' id='block_1_73' title="bbox 2131 1283 3711 1380">
    <p class='ocr_par' dir='ltr' id='par_1_73' title="bbox 2131 1283 3711 1380">
     <span class='ocr_line' id='line_1_73' title="bbox 2131 1283 3711 1380; baseline 0.015 -42"><span class='ocrx_word' id='word_1_565' title='bbox 2131 1283 2247 1380; x_wconf 55' lang='grc' dir='ltr'>οῦν,</span> <span class='ocrx_word' id='word_1_566' title='bbox 2292 1290 2395 1380; x_wconf 27' lang='grc' dir='ltr'>καὶ.</span> <span class='ocrx_word' id='word_1_567' title='bbox 2420 1292 2609 1380; x_wconf 85' lang='grc' dir='ltr'>τοῦτον</span> <span class='ocrx_word' id='word_1_568' title='bbox 2652 1296 2758 1349; x_wconf 88' lang='grc' dir='ltr'>τῶν</span> <span class='ocrx_word' id='word_1_569' title='bbox 2814 1300 3177 1373; x_wconf 74' lang='grc' dir='ltr'>ἐγκλημάτων</span> <span class='ocrx_word' id='word_1_570' title='bbox 3225 1283 3607 1380; x_wconf 74' lang='grc' dir='ltr'>ἀπολύσωμεν.</span> <span class='ocrx_word' id='word_1_571' title='bbox 3644 1283 3711 1362; x_wconf 61' lang='grc' dir='ltr'>;Ῑ“ί</span> 
     </span>
    </p>
   </div>
   <div class='ocr_carea' id='block_1_74' title="bbox 2131 1368 3707 1461">
    <p class='ocr_par' dir='ltr' id='par_1_74' title="bbox 2131 1368 3707 1461">
     <span class='ocr_line' id='line_1_74' title="bbox 2131 1368 3707 1461; baseline 0.016 -35"><span class='ocrx_word' id='word_1_572' title='bbox 2131 1368 2257 1439; x_wconf 77' lang='grc' dir='ltr'>οῦνς</span> <span class='ocrx_word' id='word_1_573' title='bbox 2285 1378 2314 1428; x_wconf 89' lang='lat'>6</span> <span class='ocrx_word' id='word_1_574' title='bbox 2342 1376 2442 1446; x_wconf 73' lang='grc' dir='ltr'>μὲν</span> <span class='ocrx_word' id='word_1_575' title='bbox 2466 1379 2670 1452; x_wconf 82' lang='grc' dir='ltr'>Πέτρος</span> <span class='ocrx_word' id='word_1_576' title='bbox 2696 1368 3011 1452; x_wconf 39' lang='grc' dir='ltr'>τοιοῦτοςίό</span> <span class='ocrx_word' id='word_1_577' title='bbox 3037 1390 3093 1443; x_wconf 80' lang='grc' dir='ltr'>δὲ</span> <span class='ocrx_word' id='word_1_578' title='bbox 3118 1393 3328 1458; x_wconf 85' lang='grc' dir='ltr'>Παῦλος</span> <span class='ocrx_word' id='word_1_579' title='bbox 3349 1396 3409 1449; x_wconf 79' lang='grc' dir='ltr'>οὐ</span> <span class='ocrx_word' id='word_1_580' title='bbox 3436 1368 3707 1461; x_wconf 72' lang='grc' dir='ltr'>τόιοῦτος;</span> 
     </span>
    </p>
   </div>
   <div class='ocr_carea' id='block_1_75' title="bbox 2131 1461 3709 1552">
    <p class='ocr_par' dir='ltr' id='par_1_75' title="bbox 2131 1461 3709 1552">
     <span class='ocr_line' id='line_1_75' title="bbox 2131 1461 3709 1552; baseline 0.017 -40"><span class='ocrx_word' id='word_1_581' title='bbox 2131 1461 2300 1552; x_wconf 41' lang='grc' dir='ltr'>καὶ-τί</span> <span class='ocrx_word' id='word_1_582' title='bbox 2325 1464 2536 1520; x_wconf 86' lang='grc' dir='ltr'>Παύλου</span> <span class='ocrx_word' id='word_1_583' title='bbox 2562 1469 2890 1544; x_wconf 82' lang='grc' dir='ltr'>θερμότερον</span> <span class='ocrx_word' id='word_1_584' title='bbox 2923 1476 3118 1544; x_wconf 82' lang='grc' dir='ltr'>γένοιτ’</span> <span class='ocrx_word' id='word_1_585' title='bbox 3142 1479 3230 1543; x_wconf 81' lang='grc' dir='ltr'>ἂν,</span> <span class='ocrx_word' id='word_1_586' title='bbox 3253 1481 3312 1545; x_wconf 86' lang='lat'>6;</span> <span class='ocrx_word' id='word_1_587' title='bbox 3332 1482 3452 1535; x_wconf 81' lang='grc' dir='ltr'>καθ’</span> <span class='ocrx_word' id='word_1_588' title='bbox 3473 1483 3709 1552; x_wconf 81' lang='grc' dir='ltr'>ἑκάστην</span> 
     </span>
    </p>
   </div>
   <div class='ocr_carea' id='block_1_76' title="bbox 2133 1549 3710 1637">
    <p class='ocr_par' dir='ltr' id='par_1_76' title="bbox 2133 1549 3710 1637">
     <span class='ocr_line' id='line_1_76' title="bbox 2133 1549 3710 1637; baseline 0.016 -37"><span class='ocrx_word' id='word_1_589' title='bbox 2133 1549 2343 1637; x_wconf 74' lang='grc' dir='ltr'>ἡμέραν</span> <span class='ocrx_word' id='word_1_590' title='bbox 2390 1553 2698 1626; x_wconf 76' lang='grc' dir='ltr'>ἀπέθνησκε</span> <span class='ocrx_word' id='word_1_591' title='bbox 2742 1559 2830 1614; x_wconf 82' lang='grc' dir='ltr'>διὰ</span> <span class='ocrx_word' id='word_1_592' title='bbox 2875 1563 2965 1615; x_wconf 80' lang='grc' dir='ltr'>τὸν</span> <span class='ocrx_word' id='word_1_593' title='bbox 3015 1564 3280 1637; x_wconf 84' lang='grc' dir='ltr'>Χριστόν;</span> <span class='ocrx_word' id='word_1_594' title='bbox 3324 1568 3483 1624; x_wconf 81' lang='grc' dir='ltr'>Ἀλλά</span> <span class='ocrx_word' id='word_1_595' title='bbox 3511 1569 3606 1624; x_wconf 86' lang='grc' dir='ltr'>νῦν</span> <span class='ocrx_word' id='word_1_596' title='bbox 3648 1549 3710 1626; x_wconf 64' lang='grc' dir='ltr'>όν</span> 
     </span>
    </p>
   </div>
   <div class='ocr_carea' id='block_1_77' title="bbox 2132 1636 3711 1728">
    <p class='ocr_par' dir='ltr' id='par_1_77' title="bbox 2132 1636 3711 1728">
     <span class='ocr_line' id='line_1_77' title="bbox 2132 1636 3711 1728; baseline 0.016 -42"><span class='ocrx_word' id='word_1_597' title='bbox 2132 1636 2259 1707; x_wconf 78' lang='grc' dir='ltr'>περὶ</span> <span class='ocrx_word' id='word_1_598' title='bbox 2287 1639 2537 1728; x_wconf 81' lang='grc' dir='ltr'>ἀνδρείας</span> <span class='ocrx_word' id='word_1_599' title='bbox 2575 1645 2706 1714; x_wconf 79' lang='grc' dir='ltr'>ἡμῖν</span> <span class='ocrx_word' id='word_1_600' title='bbox 2736 1648 2765 1700; x_wconf 84' lang='grc' dir='ltr'>ὁ</span> <span class='ocrx_word' id='word_1_601' title='bbox 2788 1647 2969 1715; x_wconf 75' lang='grc' dir='ltr'>λόγος,</span> <span class='ocrx_word' id='word_1_602' title='bbox 2995 1636 3075 1722; x_wconf 89' lang='grc' dir='ltr'>(τί</span> <span class='ocrx_word' id='word_1_603' title='bbox 3094 1652 3202 1725; x_wconf 86' lang='grc' dir='ltr'>γὰρ</span> <span class='ocrx_word' id='word_1_604' title='bbox 3231 1655 3370 1728; x_wconf 85' lang='grc' dir='ltr'>πρὸς</span> <span class='ocrx_word' id='word_1_605' title='bbox 3394 1657 3455 1711; x_wconf 76' lang='grc' dir='ltr'>τὸ</span> <span class='ocrx_word' id='word_1_606' title='bbox 3489 1658 3711 1728; x_wconf 73' lang='grc' dir='ltr'>προκεί-</span> 
     </span>
    </p>
   </div>
   <div class='ocr_carea' id='block_1_78' title="bbox 2135 1726 3710 1812">
    <p class='ocr_par' dir='ltr' id='par_1_78' title="bbox 2135 1726 3710 1812">
     <span class='ocr_line' id='line_1_78' title="bbox 2135 1726 3710 1812; baseline 0.017 -38"><span class='ocrx_word' id='word_1_607' title='bbox 2135 1739 2293 1812; x_wconf 86' lang='grc' dir='ltr'>μενον</span> <span class='ocrx_word' id='word_1_608' title='bbox 2321 1726 2547 1799; x_wconf 87' lang='grc' dir='ltr'>τοῦτο;)</span> <span class='ocrx_word' id='word_1_609' title='bbox 2578 1731 2694 1783; x_wconf 84' lang='grc' dir='ltr'>ἀλλ’</span> <span class='ocrx_word' id='word_1_610' title='bbox 2728 1736 2777 1786; x_wconf 92' lang='grc' dir='ltr'>εί</span> <span class='ocrx_word' id='word_1_611' title='bbox 2817 1736 3074 1806; x_wconf 64' lang='grc' dir='ltr'>ἀπεχθῶς</span> <span class='ocrx_word' id='word_1_612' title='bbox 3111 1741 3249 1812; x_wconf 77' lang='grc' dir='ltr'>πρὸς</span> <span class='ocrx_word' id='word_1_613' title='bbox 3276 1726 3370 1796; x_wconf 79' lang='grc' dir='ltr'>τὸν</span> <span class='ocrx_word' id='word_1_614' title='bbox 3412 1726 3710 1800; x_wconf 79' lang='grc' dir='ltr'>ἀπόστολον</span> 
     </span>
    </p>
   </div>
   <div class='ocr_carea' id='block_1_79' title="bbox 2131 1810 3711 1905">
    <p class='ocr_par' dir='ltr' id='par_1_79' title="bbox 2131 1810 3711 1905">
     <span class='ocr_line' id='line_1_79' title="bbox 2131 1810 3711 1905; baseline 0.017 -43"><span class='ocrx_word' id='word_1_615' title='bbox 2131 1810 2428 1905; x_wconf 80' lang='grc' dir='ltr'>διέκειτο,</span> <span class='ocrx_word' id='word_1_616' title='bbox 2450 1819 2503 1905; x_wconf 78' lang='grc' dir='ltr'>εί</span> <span class='ocrx_word' id='word_1_617' title='bbox 2528 1818 2828 1887; x_wconf 75' lang='grc' dir='ltr'>κενοδοξίας</span> <span class='ocrx_word' id='word_1_618' title='bbox 2850 1824 2994 1888; x_wconf 80' lang='grc' dir='ltr'>τινὸς</span> <span class='ocrx_word' id='word_1_619' title='bbox 3015 1828 3109 1880; x_wconf 80' lang='grc' dir='ltr'>καὶ</span> <span class='ocrx_word' id='word_1_620' title='bbox 3128 1810 3459 1897; x_wconf 65' lang='grc' dir='ltr'>φιλονεικίας</span> <span class='ocrx_word' id='word_1_621' title='bbox 3483 1828 3552 1903; x_wconf 82' lang='grc' dir='ltr'>ἦν</span> <span class='ocrx_word' id='word_1_622' title='bbox 3570 1832 3711 1905; x_wconf 79' lang='grc' dir='ltr'>αῦτη</span> 
     </span>
    </p>
   </div>
   <div class='ocr_carea' id='block_1_80' title="bbox 2132 1899 3709 1990">
    <p class='ocr_par' dir='ltr' id='par_1_80' title="bbox 2132 1899 3709 1990">
     <span class='ocr_line' id='line_1_80' title="bbox 2132 1899 3709 1990; baseline 0.013 -36"><span class='ocrx_word' id='word_1_623' title='bbox 2388 1902 2527 1956; x_wconf 79' lang='grc' dir='ltr'>Ἀλλ’</span> <span class='ocrx_word' id='word_1_624' title='bbox 2549 1906 2672 1960; x_wconf 83' lang='grc' dir='ltr'>οὐδὲ</span> <span class='ocrx_word' id='word_1_625' title='bbox 2720 1908 2877 1963; x_wconf 89' lang='grc' dir='ltr'>τοῦτο</span> <span class='ocrx_word' id='word_1_626' title='bbox 2924 1912 3072 1967; x_wconf 79' lang='grc' dir='ltr'>ἔστιν</span> <span class='ocrx_word' id='word_1_627' title='bbox 3127 1916 3333 1970; x_wconf 74' lang='grc' dir='ltr'>εἰπεῖν·</span> <span class='ocrx_word' id='word_1_628' title='bbox 3372 1919 3449 1990; x_wconf 82' lang='grc' dir='ltr'>μὴ</span> <span class='ocrx_word' id='word_1_629' title='bbox 3477 1899 3709 1988; x_wconf 59' lang='grc' dir='ltr'>γένοιτοἐ</span> 
     </span>
    </p>
   </div>
   <div class='ocr_carea' id='block_1_81' title="bbox 2133 1986 3715 2074">
    <p class='ocr_par' dir='ltr' id='par_1_81' title="bbox 2133 1986 3715 2074">
     <span class='ocr_line' id='line_1_81' title="bbox 2133 1986 3715 2074; baseline 0.017 -37"><span class='ocrx_word' id='word_1_630' title='bbox 2133 1986 2268 2074; x_wconf 77' lang='grc' dir='ltr'>Ούδὲ</span> <span class='ocrx_word' id='word_1_631' title='bbox 2296 1987 2406 2060; x_wconf 84' lang='grc' dir='ltr'>γὰρ</span> <span class='ocrx_word' id='word_1_632' title='bbox 2435 1991 2643 2063; x_wconf 84' lang='grc' dir='ltr'>Πέτρου</span> <span class='ocrx_word' id='word_1_633' title='bbox 2673 1994 2768 2048; x_wconf 88' lang='grc' dir='ltr'>τοῦ</span> <span class='ocrx_word' id='word_1_634' title='bbox 2799 2000 3097 2070; x_wconf 79' lang='grc' dir='ltr'>κορυφαίου</span> <span class='ocrx_word' id='word_1_635' title='bbox 3142 1986 3460 2074; x_wconf 79' lang='grc' dir='ltr'>τῶνάγίων</span> <span class='ocrx_word' id='word_1_636' title='bbox 3488 1986 3715 2063; x_wconf 64' lang='grc' dir='ltr'>ἐκείνων</span> 
     </span>
    </p>
   </div>
   <div class='ocr_carea' id='block_1_82' title="bbox 2135 2072 3717 2161">
    <p class='ocr_par' dir='ltr' id='par_1_82' title="bbox 2135 2072 3717 2161">
     <span class='ocr_line' id='line_1_82' title="bbox 2135 2072 3717 2161; baseline 0.016 -37"><span class='ocrx_word' id='word_1_637' title='bbox 2135 2072 2314 2142; x_wconf 88' lang='grc' dir='ltr'>μόνον,</span> <span class='ocrx_word' id='word_1_638' title='bbox 2351 2076 2488 2130; x_wconf 84' lang='grc' dir='ltr'>ἀλλὰ</span> <span class='ocrx_word' id='word_1_639' title='bbox 2519 2081 2613 2133; x_wconf 77' lang='grc' dir='ltr'>καὶ</span> <span class='ocrx_word' id='word_1_640' title='bbox 2638 2082 2856 2139; x_wconf 87' lang='grc' dir='ltr'>πάντων</span> <span class='ocrx_word' id='word_1_641' title='bbox 2884 2086 3070 2153; x_wconf 82' lang='grc' dir='ltr'>δοῦλος</span> <span class='ocrx_word' id='word_1_642' title='bbox 3101 2085 3168 2161; x_wconf 73' lang='grc' dir='ltr'>ἦν</span> <span class='ocrx_word' id='word_1_643' title='bbox 3198 2072 3386 2156; x_wconf 69' lang='grc' dir='ltr'>ἁπλῶς</span> <span class='ocrx_word' id='word_1_644' title='bbox 3427 2094 3535 2147; x_wconf 87' lang='grc' dir='ltr'>τῶν</span> <span class='ocrx_word' id='word_1_645' title='bbox 3577 2096 3717 2149; x_wconf 85' lang='grc' dir='ltr'>ἀπο-</span> 
     </span>
    </p>
   </div>
   <div class='ocr_carea' id='block_1_83' title="bbox 2134 2161 3715 2236">
    <p class='ocr_par' dir='ltr' id='par_1_83' title="bbox 2134 2161 3715 2236">
     <span class='ocr_line' id='line_1_83' title="bbox 2134 2161 3715 2236; baseline 0.016 -24"><span class='ocrx_word' id='word_1_646' title='bbox 2134 2161 2336 2216; x_wconf 87' lang='grc' dir='ltr'>στόλων</span> <span class='ocrx_word' id='word_1_647' title='bbox 2382 2165 2410 2216; x_wconf 86' lang='grc' dir='ltr'>ό</span> <span class='ocrx_word' id='word_1_648' title='bbox 2456 2166 2687 2232; x_wconf 88' lang='grc' dir='ltr'>Παῦλος,</span> <span class='ocrx_word' id='word_1_649' title='bbox 2718 2172 2811 2225; x_wconf 78' lang='grc' dir='ltr'>καὶ</span> <span class='ocrx_word' id='word_1_650' title='bbox 2854 2173 3027 2229; x_wconf 88' lang='grc' dir='ltr'>ταῦτα</span> <span class='ocrx_word' id='word_1_651' title='bbox 3075 2177 3414 2233; x_wconf 89' lang='grc' dir='ltr'>πλεονεκτῶν</span> <span class='ocrx_word' id='word_1_652' title='bbox 3458 2181 3715 2236; x_wconf 85' lang='grc' dir='ltr'>ἁπάντων</span> 
     </span>
    </p>
   </div>
   <div class='ocr_carea' id='block_1_84' title="bbox 2134 2249 3714 2339">
    <p class='ocr_par' dir='ltr' id='par_1_84' title="bbox 2134 2249 3714 2339">
     <span class='ocr_line' id='line_1_84' title="bbox 2134 2249 3714 2339; baseline 0.014 -37"><span class='ocrx_word' id='word_1_653' title='bbox 2134 2249 2273 2304; x_wconf 86' lang='grc' dir='ltr'>κατά</span> <span class='ocrx_word' id='word_1_654' title='bbox 2289 2253 2443 2339; x_wconf 32' lang='grc' dir='ltr'>*τοὺς</span> <span class='ocrx_word' id='word_1_655' title='bbox 2476 2254 2676 2321; x_wconf 83' lang='grc' dir='ltr'>κόπους</span> <span class='ocrx_word' id='word_1_656' title='bbox 2694 2275 2707 2289; x_wconf 90' lang='grc'>·</span> <span class='ocrx_word' id='word_1_657' title='bbox 2747 2258 2862 2312; x_wconf 82' lang='grc' dir='ltr'>ἀλλ’</span> <span class='ocrx_word' id='word_1_658' title='bbox 2890 2262 3040 2332; x_wconf 89' lang='grc' dir='ltr'>ὅμως</span> <span class='ocrx_word' id='word_1_659' title='bbox 3079 2265 3296 2319; x_wconf 83' lang='grc' dir='ltr'>πάντων</span> <span class='ocrx_word' id='word_1_660' title='bbox 3324 2267 3516 2322; x_wconf 77' lang='grc' dir='ltr'>ἑαυτὸν</span> <span class='ocrx_word' id='word_1_661' title='bbox 3549 2269 3714 2339; x_wconf 76' lang='grc' dir='ltr'>ἔσχαο</span> 
     </span>
    </p>
   </div>
   <div class='ocr_carea' id='block_1_85' title="bbox 2130 2333 3713 2426">
    <p class='ocr_par' dir='ltr' id='par_1_85' title="bbox 2130 2333 3713 2426">
     <span class='ocr_line' id='line_1_85' title="bbox 2130 2333 3713 2426; baseline 0.011 -37"><span class='ocrx_word' id='word_1_662' title='bbox 2130 2352 2222 2390; x_wconf 87' lang='grc' dir='ltr'>τον</span> <span class='ocrx_word' id='word_1_663' title='bbox 2261 2333 2401 2392; x_wconf 82' lang='grc' dir='ltr'>εἶναι</span> <span class='ocrx_word' id='word_1_664' title='bbox 2442 2342 2708 2413; x_wconf 79' lang='grc' dir='ltr'>ἐνόμιζεν.</span> <span class='ocrx_word' id='word_1_665' title='bbox 2747 2347 2889 2416; x_wconf 80' lang='grc' dir='ltr'>Ἐγὼ</span> <span class='ocrx_word' id='word_1_666' title='bbox 2919 2349 3030 2418; x_wconf 80' lang='grc' dir='ltr'>γάρ</span> <span class='ocrx_word' id='word_1_667' title='bbox 3056 2353 3192 2420; x_wconf 69' lang='grc' dir='ltr'>ειμι,</span> <span class='ocrx_word' id='word_1_668' title='bbox 3224 2355 3410 2423; x_wconf 82' lang='grc' dir='ltr'>φησὶν,</span> <span class='ocrx_word' id='word_1_669' title='bbox 3441 2358 3475 2409; x_wconf 88' lang='grc' dir='ltr'>ό</span> <span class='ocrx_word' id='word_1_670' title='bbox 3510 2333 3713 2426; x_wconf 66' lang='grc' dir='ltr'>ἐλάχι-</span> 
     </span>
    </p>
   </div>
   <div class='ocr_carea' id='block_1_86' title="bbox 2132 2426 3715 2507">
    <p class='ocr_par' dir='ltr' id='par_1_86' title="bbox 2132 2426 3715 2507">
     <span class='ocr_line' id='line_1_86' title="bbox 2132 2426 3715 2507; baseline 0.013 -30"><span class='ocrx_word' id='word_1_671' title='bbox 2132 2437 2281 2492; x_wconf 86' lang='grc' dir='ltr'>στος</span> <span class='ocrx_word' id='word_1_672' title='bbox 2308 2426 2427 2481; x_wconf 89' lang='grc' dir='ltr'>τῶν</span> <span class='ocrx_word' id='word_1_673' title='bbox 2451 2430 2832 2501; x_wconf 74' lang='grc' dir='ltr'>ἀποστόλων,</span> <span class='ocrx_word' id='word_1_674' title='bbox 2865 2434 2934 2501; x_wconf 80' lang='grc' dir='ltr'>ὃς</span> <span class='ocrx_word' id='word_1_675' title='bbox 2959 2439 3072 2491; x_wconf 79' lang='grc' dir='ltr'>οὐκ</span> <span class='ocrx_word' id='word_1_676' title='bbox 3111 2440 3227 2506; x_wconf 81' lang='grc' dir='ltr'>ειμὶ</span> <span class='ocrx_word' id='word_1_677' title='bbox 3264 2440 3474 2507; x_wconf 74' lang='grc' dir='ltr'>ἱκανὸς</span> <span class='ocrx_word' id='word_1_678' title='bbox 3513 2443 3715 2496; x_wconf 76' lang='grc' dir='ltr'>καλεῖ-</span> 
     </span>
    </p>
   </div>
   <div class='ocr_carea' id='block_1_87' title="bbox 2130 2510 3716 2592">
    <p class='ocr_par' dir='ltr' id='par_1_87' title="bbox 2130 2510 3716 2592">
     <span class='ocr_line' id='line_1_87' title="bbox 2130 2510 3716 2592; baseline 0.013 -31"><span class='ocrx_word' id='word_1_679' title='bbox 2130 2510 2273 2563; x_wconf 86' lang='grc' dir='ltr'>σθαι</span> <span class='ocrx_word' id='word_1_680' title='bbox 2300 2511 2672 2582; x_wconf 73' lang='grc' dir='ltr'>ἀπόστολος·</span> <span class='ocrx_word' id='word_1_681' title='bbox 2712 2519 2774 2570; x_wconf 88' lang='grc' dir='ltr'>οὺ</span> <span class='ocrx_word' id='word_1_682' title='bbox 2805 2520 2965 2590; x_wconf 88' lang='grc' dir='ltr'>μόνον</span> <span class='ocrx_word' id='word_1_683' title='bbox 2990 2522 3049 2574; x_wconf 85' lang='grc' dir='ltr'>δὲ</span> <span class='ocrx_word' id='word_1_684' title='bbox 3082 2523 3191 2577; x_wconf 90' lang='grc' dir='ltr'>τῶν</span> <span class='ocrx_word' id='word_1_685' title='bbox 3219 2526 3555 2592; x_wconf 87' lang='grc' dir='ltr'>ἀποστόλων,</span> <span class='ocrx_word' id='word_1_686' title='bbox 3580 2528 3716 2582; x_wconf 82' lang='grc' dir='ltr'>ἀλλὰ</span> 
     </span>
    </p>
   </div>
   <div class='ocr_carea' id='block_1_88' title="bbox 2131 2596 3711 2686">
    <p class='ocr_par' dir='ltr' id='par_1_88' title="bbox 2131 2596 3711 2686">
     <span class='ocr_line' id='line_1_88' title="bbox 2131 2596 3711 2686; baseline 0.013 -39"><span class='ocrx_word' id='word_1_687' title='bbox 2131 2596 2226 2686; x_wconf 68' lang='grc' dir='ltr'>καὶ</span> <span class='ocrx_word' id='word_1_688' title='bbox 2256 2597 2375 2686; x_wconf 30' lang='grc' dir='ltr'>’τῶν</span> <span class='ocrx_word' id='word_1_689' title='bbox 2422 2601 2596 2669; x_wconf 80' lang='grc' dir='ltr'>ἁγίων</span> <span class='ocrx_word' id='word_1_690' title='bbox 2633 2604 2821 2669; x_wconf 83' lang='grc' dir='ltr'>ἅπλῶς</span> <span class='ocrx_word' id='word_1_691' title='bbox 2867 2608 3146 2663; x_wconf 85' lang='grc' dir='ltr'>ἁπάντων.</span> <span class='ocrx_word' id='word_1_692' title='bbox 3185 2611 3344 2681; x_wconf 82' lang='grc' dir='ltr'>Ἐμοί</span> <span class='ocrx_word' id='word_1_693' title='bbox 3393 2615 3523 2685; x_wconf 82' lang='grc' dir='ltr'>γὰρ,</span> <span class='ocrx_word' id='word_1_694' title='bbox 3557 2616 3711 2686; x_wconf 73' lang='grc' dir='ltr'>φησὶ,</span> 
     </span>
    </p>
   </div>
   <div class='ocr_carea' id='block_1_89' title="bbox 2129 2679 3713 2771">
    <p class='ocr_par' dir='ltr' id='par_1_89' title="bbox 2129 2679 3713 2771">
     <span class='ocr_line' id='line_1_89' title="bbox 2129 2679 3713 2771; baseline 0.013 -36"><span class='ocrx_word' id='word_1_695' title='bbox 2129 2679 2221 2771; x_wconf 55' lang='grc' dir='ltr'>τῷ,</span> <span class='ocrx_word' id='word_1_696' title='bbox 2243 2682 2589 2754; x_wconf 64' lang='grc' dir='ltr'>ι-Ξλαχίστῳι³</span> <span class='ocrx_word' id='word_1_697' title='bbox 2617 2691 2860 2746; x_wconf 80' lang='grc' dir='ltr'>πάντων</span> <span class='ocrx_word' id='word_1_698' title='bbox 2890 2694 3009 2748; x_wconf 89' lang='grc' dir='ltr'>τῶν</span> <span class='ocrx_word' id='word_1_699' title='bbox 3035 2696 3223 2767; x_wconf 73' lang='grc' dir='ltr'>ἁγίων</span> <span class='ocrx_word' id='word_1_700' title='bbox 3242 2679 3428 2769; x_wconf 55' lang='grc' dir='ltr'>ἐδόθη</span> <span class='ocrx_word' id='word_1_701' title='bbox 3538 2679 3713 2771; x_wconf 55' lang='grc' dir='ltr'>χάρις</span> 
     </span>
    </p>
   </div>
   <div class='ocr_carea' id='block_1_90' title="bbox 2134 2767 2309 2837">
    <p class='ocr_par' dir='ltr' id='par_1_90' title="bbox 2134 2767 2309 2837">
     <span class='ocr_line' id='line_1_90' title="bbox 2134 2767 2309 2837; baseline 0.011 -17"><span class='ocrx_word' id='word_1_702' title='bbox 2134 2767 2309 2837; x_wconf 82' lang='grc' dir='ltr'>αὕτη.</span> 
     </span>
    </p>
   </div>
   <div class='ocr_carea' id='block_1_91' title="bbox 2202 2897 3716 2980">
    <p class='ocr_par' dir='ltr' id='par_1_91' title="bbox 2202 2897 3716 2980">
     <span class='ocr_line' id='line_1_91' title="bbox 2202 2897 3716 2980; baseline 0.009 -25"><span class='ocrx_word' id='word_1_703' title='bbox 2202 2906 2271 2972; x_wconf 84' lang='grc' dir='ltr'>η’.</span> <span class='ocrx_word' id='word_1_704' title='bbox 2294 2897 2447 2966; x_wconf 78' lang='grc' dir='ltr'>Εἶδες</span> <span class='ocrx_word' id='word_1_705' title='bbox 2479 2906 2941 2979; x_wconf 84' lang='grc' dir='ltr'>συντετριμμένην</span> <span class='ocrx_word' id='word_1_706' title='bbox 2966 2907 3178 2980; x_wconf 74' lang='grc' dir='ltr'>ψυχήν;</span> <span class='ocrx_word' id='word_1_707' title='bbox 3211 2905 3352 2976; x_wconf 82' lang='grc' dir='ltr'>εἶδες</span> <span class='ocrx_word' id='word_1_708' title='bbox 3380 2912 3496 2978; x_wconf 84' lang='grc' dir='ltr'>πῶς</span> <span class='ocrx_word' id='word_1_709' title='bbox 3525 2915 3716 2969; x_wconf 74' lang='grc' dir='ltr'>ἑαυτὸν</span> 
     </span>
    </p>
   </div>
   <div class='ocr_carea' id='block_1_92' title="bbox 2131 2987 3715 3071">
    <p class='ocr_par' dir='ltr' id='par_1_92' title="bbox 2131 2987 3715 3071">
     <span class='ocr_line' id='line_1_92' title="bbox 2131 2987 3715 3071; baseline 0.011 -32"><span class='ocrx_word' id='word_1_710' title='bbox 2131 2987 2440 3059; x_wconf 87' lang='grc' dir='ltr'>κατώτερον</span> <span class='ocrx_word' id='word_1_711' title='bbox 2469 2990 2687 3045; x_wconf 89' lang='grc' dir='ltr'>πάντων</span> <span class='ocrx_word' id='word_1_712' title='bbox 2721 2993 2902 3065; x_wconf 78' lang='grc' dir='ltr'>ἵστησι</span> <span class='ocrx_word' id='word_1_713' title='bbox 2934 2994 3044 3048; x_wconf 89' lang='grc' dir='ltr'>τῶν</span> <span class='ocrx_word' id='word_1_714' title='bbox 3078 2997 3271 3066; x_wconf 83' lang='grc' dir='ltr'>ἁγίων,</span> <span class='ocrx_word' id='word_1_715' title='bbox 3298 3000 3419 3071; x_wconf 79' lang='grc' dir='ltr'>οὐχὶ</span> <span class='ocrx_word' id='word_1_716' title='bbox 3440 3001 3549 3054; x_wconf 90' lang='grc' dir='ltr'>τῶν</span> <span class='ocrx_word' id='word_1_717' title='bbox 3576 3002 3715 3056; x_wconf 81' lang='grc' dir='ltr'>ἀπο-</span> 
     </span>
    </p>
   </div>
   <div class='ocr_carea' id='block_1_93' title="bbox 2134 3077 3709 3162">
    <p class='ocr_par' dir='ltr' id='par_1_93' title="bbox 2134 3077 3709 3162">
     <span class='ocr_line' id='line_1_93' title="bbox 2134 3077 3709 3162; baseline 0.01 -33"><span class='ocrx_word' id='word_1_718' title='bbox 2134 3077 2335 3131; x_wconf 85' lang='grc' dir='ltr'>στόλων</span> <span class='ocrx_word' id='word_1_719' title='bbox 2370 3079 2564 3149; x_wconf 89' lang='grc' dir='ltr'>μόνον;</span> <span class='ocrx_word' id='word_1_720' title='bbox 2608 3079 2670 3136; x_wconf 83' lang='grc' dir='ltr'><strong>Ὀ</strong></span> <span class='ocrx_word' id='word_1_721' title='bbox 2696 3082 2752 3136; x_wconf 89' lang='grc' dir='ltr'>δε</span> <span class='ocrx_word' id='word_1_722' title='bbox 2784 3082 2929 3138; x_wconf 80' lang='grc' dir='ltr'>οὕτω</span> <span class='ocrx_word' id='word_1_723' title='bbox 2957 3087 3085 3159; x_wconf 76' lang='grc' dir='ltr'>περὶ</span> <span class='ocrx_word' id='word_1_724' title='bbox 3112 3087 3322 3153; x_wconf 87' lang='grc' dir='ltr'>πάντας</span> <span class='ocrx_word' id='word_1_725' title='bbox 3348 3089 3709 3162; x_wconf 83' lang='grc' dir='ltr'>διακείμενος,</span> 
     </span>
    </p>
   </div>
   <div class='ocr_carea' id='block_1_94' title="bbox 2132 3163 3713 3248">
    <p class='ocr_par' dir='ltr' id='par_1_94' title="bbox 2132 3163 3713 3248">
     <span class='ocr_line' id='line_1_94' title="bbox 2132 3163 3713 3248; baseline 0.011 -32"><span class='ocrx_word' id='word_1_726' title='bbox 2132 3163 2249 3235; x_wconf 58' lang='grc' dir='ltr'>⁴ἤδει</span> <span class='ocrx_word' id='word_1_727' title='bbox 2300 3166 2397 3218; x_wconf 60' lang='grc' dir='ltr'>καὶ⁵</span> <span class='ocrx_word' id='word_1_728' title='bbox 2448 3166 2620 3236; x_wconf 83' lang='grc' dir='ltr'>πόσης</span> <span class='ocrx_word' id='word_1_729' title='bbox 2666 3169 2758 3222; x_wconf 82' lang='grc' dir='ltr'>τὸν</span> <span class='ocrx_word' id='word_1_730' title='bbox 2807 3170 3015 3242; x_wconf 89' lang='grc' dir='ltr'>Πέτρον</span> <span class='ocrx_word' id='word_1_731' title='bbox 3074 3175 3363 3248; x_wconf 89' lang='grc' dir='ltr'>προεδρίας</span> <span class='ocrx_word' id='word_1_732' title='bbox 3418 3178 3713 3233; x_wconf 85' lang='grc' dir='ltr'>ἀπολαύειν</span> 
     </span>
    </p>
   </div>
   <div class='ocr_carea' id='block_1_95' title="bbox 2132 3252 3704 3339">
    <p class='ocr_par' dir='ltr' id='par_1_95' title="bbox 2132 3252 3704 3339">
     <span class='ocr_line' id='line_1_95' title="bbox 2132 3252 3704 3339; baseline 0.011 -35"><span class='ocrx_word' id='word_1_733' title='bbox 2132 3252 2320 3324; x_wconf 67' lang='grc' dir='ltr'>ἐχρῆν,</span> <span class='ocrx_word' id='word_1_734' title='bbox 2346 3256 2440 3307; x_wconf 78' lang='grc' dir='ltr'>καὶ</span> <span class='ocrx_word' id='word_1_735' title='bbox 2472 3257 2652 3339; x_wconf 72' lang='grc' dir='ltr'>ᾐδεῖτο</span> <span class='ocrx_word' id='word_1_736' title='bbox 2683 3259 2920 3329; x_wconf 87' lang='grc' dir='ltr'>μάλιστα</span> <span class='ocrx_word' id='word_1_737' title='bbox 2946 3263 3162 3317; x_wconf 84' lang='grc' dir='ltr'>πάντων</span> <span class='ocrx_word' id='word_1_738' title='bbox 3180 3265 3484 3339; x_wconf 86' lang='grc' dir='ltr'>ἀνθρώπων</span> <span class='ocrx_word' id='word_1_739' title='bbox 3501 3267 3704 3333; x_wconf 85' lang='grc' dir='ltr'>τοῦτον,</span> 
     </span>
    </p>
   </div>
   <div class='ocr_carea' id='block_1_96' title="bbox 2132 3338 3719 3419">
    <p class='ocr_par' dir='ltr' id='par_1_96' title="bbox 2132 3338 3719 3419">
     <span class='ocr_line' id='line_1_96' title="bbox 2132 3338 3719 3419; baseline 0.009 -28"><span class='ocrx_word' id='word_1_740' title='bbox 2132 3341 2228 3418; x_wconf 75' lang='grc' dir='ltr'>καὶ</span> <span class='ocrx_word' id='word_1_741' title='bbox 2244 3339 2320 3403; x_wconf 83' lang='grc' dir='ltr'>ὼς</span> <span class='ocrx_word' id='word_1_742' title='bbox 2346 3340 2496 3407; x_wconf 76' lang='grc' dir='ltr'>ἄξιος</span> <span class='ocrx_word' id='word_1_743' title='bbox 2514 3338 2604 3413; x_wconf 82' lang='grc' dir='ltr'>ἦν,</span> <span class='ocrx_word' id='word_1_744' title='bbox 2636 3343 2780 3398; x_wconf 81' lang='grc' dir='ltr'>οὕτω</span> <span class='ocrx_word' id='word_1_745' title='bbox 2802 3348 2929 3419; x_wconf 77' lang='grc' dir='ltr'>περὶ</span> <span class='ocrx_word' id='word_1_746' title='bbox 2956 3348 3120 3403; x_wconf 83' lang='grc' dir='ltr'>αὐτὸν</span> <span class='ocrx_word' id='word_1_747' title='bbox 3147 3338 3395 3405; x_wconf 86' lang='grc' dir='ltr'>διέκειτο.</span> <span class='ocrx_word' id='word_1_748' title='bbox 3425 3354 3534 3406; x_wconf 81' lang='grc' dir='ltr'>Καὶ</span> <span class='ocrx_word' id='word_1_749' title='bbox 3554 3350 3719 3405; x_wconf 86' lang='grc' dir='ltr'>τοῦτο</span> 
     </span>
    </p>
   </div>
   <div class='ocr_carea' id='block_1_97' title="bbox 2131 3425 3718 3508">
    <p class='ocr_par' dir='ltr' id='par_1_97' title="bbox 2131 3425 3718 3508">
     <span class='ocr_line' id='line_1_97' title="bbox 2131 3425 3718 3508; baseline 0.009 -31"><span class='ocrx_word' id='word_1_750' title='bbox 2131 3425 2343 3480; x_wconf 74' lang='grc' dir='ltr'>ἐκεῖθεν</span> <span class='ocrx_word' id='word_1_751' title='bbox 2378 3426 2556 3498; x_wconf 88' lang='grc' dir='ltr'>δῆλον.</span> <span class='ocrx_word' id='word_1_752' title='bbox 2575 3429 2640 3480; x_wconf 87' lang='grc' dir='ltr'>Ἡ</span> <span class='ocrx_word' id='word_1_753' title='bbox 2665 3430 2960 3504; x_wconf 86' lang='grc' dir='ltr'>οίκουμένη</span> <span class='ocrx_word' id='word_1_754' title='bbox 3009 3436 3161 3489; x_wconf 77' lang='grc' dir='ltr'>πᾶσα</span> <span class='ocrx_word' id='word_1_755' title='bbox 3206 3437 3341 3508; x_wconf 82' lang='grc' dir='ltr'>πρὸς</span> <span class='ocrx_word' id='word_1_756' title='bbox 3367 3438 3530 3491; x_wconf 80' lang='grc' dir='ltr'>αὑτὸν</span> <span class='ocrx_word' id='word_1_757' title='bbox 3560 3438 3718 3492; x_wconf 74' lang='grc' dir='ltr'>ἔϐλε-</span> 
     </span>
    </p>
   </div>
   <div class='ocr_carea' id='block_1_98' title="bbox 2134 3518 3715 3598">
    <p class='ocr_par' dir='ltr' id='par_1_98' title="bbox 2134 3518 3715 3598">
     <span class='ocr_line' id='line_1_98' title="bbox 2134 3518 3715 3598; baseline 0.008 -30"><span class='ocrx_word' id='word_1_758' title='bbox 2134 3530 2257 3582; x_wconf 88' lang='grc' dir='ltr'>πεν,</span> <span class='ocrx_word' id='word_1_759' title='bbox 2294 3518 2351 3571; x_wconf 85' lang='grc' dir='ltr'>αί</span> <span class='ocrx_word' id='word_1_760' title='bbox 2382 3519 2661 3589; x_wconf 82' lang='grc' dir='ltr'>φροντίδες</span> <span class='ocrx_word' id='word_1_761' title='bbox 2685 3521 2794 3575; x_wconf 88' lang='grc' dir='ltr'>τῶν</span> <span class='ocrx_word' id='word_1_762' title='bbox 2833 3524 3106 3595; x_wconf 87' lang='grc' dir='ltr'>πανταχοῦ</span> <span class='ocrx_word' id='word_1_763' title='bbox 3135 3525 3233 3597; x_wconf 84' lang='grc' dir='ltr'>τῆς</span> <span class='ocrx_word' id='word_1_764' title='bbox 3254 3527 3358 3597; x_wconf 84' lang='grc' dir='ltr'>γῆς</span> <span class='ocrx_word' id='word_1_765' title='bbox 3373 3526 3715 3598; x_wconf 85' lang='grc' dir='ltr'>Ἐκκλησιῶν</span> 
     </span>
    </p>
   </div>
   <div class='ocr_carea' id='block_1_99' title="bbox 2131 3602 3718 3686">
    <p class='ocr_par' dir='ltr' id='par_1_99' title="bbox 2131 3602 3718 3686">
     <span class='ocr_line' id='line_1_99' title="bbox 2131 3602 3718 3686; baseline 0.008 -32"><span class='ocrx_word' id='word_1_766' title='bbox 2131 3602 2234 3672; x_wconf 83' lang='grc' dir='ltr'>τῆς</span> <span class='ocrx_word' id='word_1_767' title='bbox 2265 3605 2470 3658; x_wconf 81' lang='grc' dir='ltr'>ἐκείνου</span> <span class='ocrx_word' id='word_1_768' title='bbox 2496 3605 2673 3678; x_wconf 81' lang='grc' dir='ltr'>ψυχῆς</span> <span class='ocrx_word' id='word_1_769' title='bbox 2709 3604 2850 3680; x_wconf 81' lang='grc' dir='ltr'>ἦσαν</span> <span class='ocrx_word' id='word_1_770' title='bbox 2879 3608 3269 3684; x_wconf 81' lang='grc' dir='ltr'>ὲξηρτημέναι,</span> <span class='ocrx_word' id='word_1_771' title='bbox 3317 3614 3487 3686; x_wconf 88' lang='grc' dir='ltr'>μυρία</span> <span class='ocrx_word' id='word_1_772' title='bbox 3529 3613 3718 3685; x_wconf 69' lang='grc' dir='ltr'>ἐμερί-</span> 
     </span>
    </p>
   </div>
   <div class='ocr_carea' id='block_1_100' title="bbox 2136 3690 3713 3769">
    <p class='ocr_par' dir='ltr' id='par_1_100' title="bbox 2136 3690 3713 3769">
     <span class='ocr_line' id='line_1_100' title="bbox 2136 3690 3713 3769; baseline 0.006 -27"><span class='ocrx_word' id='word_1_773' title='bbox 2136 3705 2243 3759; x_wconf 88' lang='grc' dir='ltr'>μνα</span> <span class='ocrx_word' id='word_1_774' title='bbox 2270 3690 2391 3744; x_wconf 84' lang='grc' dir='ltr'>καθ’</span> <span class='ocrx_word' id='word_1_775' title='bbox 2412 3692 2649 3760; x_wconf 77' lang='grc' dir='ltr'>ἑκάστην</span> <span class='ocrx_word' id='word_1_776' title='bbox 2669 3696 2885 3768; x_wconf 77' lang='grc' dir='ltr'>ἡμέραν</span> <span class='ocrx_word' id='word_1_777' title='bbox 2914 3701 3234 3769; x_wconf 85' lang='grc' dir='ltr'>πράγματα,</span> <span class='ocrx_word' id='word_1_778' title='bbox 3264 3701 3528 3755; x_wconf 89' lang='grc' dir='ltr'>πάντοθεν</span> <span class='ocrx_word' id='word_1_779' title='bbox 3550 3701 3713 3754; x_wconf 71' lang='grc' dir='ltr'>αὐτὸν</span> 
     </span>
    </p>
   </div>
   <div class='ocr_carea' id='block_1_101' title="bbox 2133 3776 3712 3860">
    <p class='ocr_par' dir='ltr' id='par_1_101' title="bbox 2133 3776 3712 3860">
     <span class='ocr_line' id='line_1_101' title="bbox 2133 3776 3712 3860; baseline 0.008 -31"><span class='ocrx_word' id='word_1_780' title='bbox 2133 3776 2396 3831; x_wconf 83' lang='grc' dir='ltr'>ὲκύκλουν</span> <span class='ocrx_word' id='word_1_781' title='bbox 2441 3779 2788 3852; x_wconf 81' lang='grc' dir='ltr'>κηδεμονίαι,</span> <span class='ocrx_word' id='word_1_782' title='bbox 2823 3787 3173 3856; x_wconf 88' lang='grc' dir='ltr'>προστασίαι,</span> <span class='ocrx_word' id='word_1_783' title='bbox 3207 3787 3539 3860; x_wconf 88' lang='grc' dir='ltr'>διορθώσεις,</span> <span class='ocrx_word' id='word_1_784' title='bbox 3575 3805 3712 3859; x_wconf 91' lang='grc' dir='ltr'>συμ-</span> 
     </span>
    </p>
   </div>
   <div class='ocr_carea' id='block_1_102' title="bbox 2134 3863 3710 3947">
    <p class='ocr_par' dir='ltr' id='par_1_102' title="bbox 2134 3863 3710 3947">
     <span class='ocr_line' id='line_1_102' title="bbox 2134 3863 3710 3947; baseline 0.008 -31"><span class='ocrx_word' id='word_1_785' title='bbox 2134 3863 2343 3929; x_wconf 76' lang='grc' dir='ltr'>ϐουλαὶ,</span> <span class='ocrx_word' id='word_1_786' title='bbox 2375 3868 2746 3938; x_wconf 85' lang='grc' dir='ltr'>παραινέσεις,</span> <span class='ocrx_word' id='word_1_787' title='bbox 2773 3870 3136 3937; x_wconf 87' lang='grc' dir='ltr'>διδασκαλίαι,</span> <span class='ocrx_word' id='word_1_788' title='bbox 3168 3874 3375 3947; x_wconf 89' lang='grc' dir='ltr'>μυρίων</span> <span class='ocrx_word' id='word_1_789' title='bbox 3402 3876 3710 3946; x_wconf 77' lang='grc' dir='ltr'>οἰκονομίαι</span> 
     </span>
    </p>
   </div>
   <div class='ocr_carea' id='block_1_103' title="bbox 2133 3951 3713 4032">
    <p class='ocr_par' dir='ltr' id='par_1_103' title="bbox 2133 3951 3713 4032">
     <span class='ocr_line' id='line_1_103' title="bbox 2133 3951 3713 4032; baseline 0.008 -29"><span class='ocrx_word' id='word_1_790' title='bbox 2133 3951 2504 4023; x_wconf 86' lang='grc' dir='ltr'>πραγμάτων·</span> <span class='ocrx_word' id='word_1_791' title='bbox 2542 3956 2636 4009; x_wconf 78' lang='grc' dir='ltr'>καὶ</span> <span class='ocrx_word' id='word_1_792' title='bbox 2686 3957 2863 4011; x_wconf 88' lang='grc' dir='ltr'>πάντα</span> <span class='ocrx_word' id='word_1_793' title='bbox 2914 3958 3098 4012; x_wconf 73' lang='grc' dir='ltr'>ἐκεῖνα</span> <span class='ocrx_word' id='word_1_794' title='bbox 3152 3961 3334 4029; x_wconf 80' lang='grc' dir='ltr'>ἀφεὶς,</span> <span class='ocrx_word' id='word_1_795' title='bbox 3360 3961 3601 4032; x_wconf 80' lang='grc' dir='ltr'>ἀπῆλθεν</span> <span class='ocrx_word' id='word_1_796' title='bbox 3631 3964 3713 4026; x_wconf 86' lang='grc' dir='ltr'>είς</span> 
     </span>
    </p>
   </div>
   <div class='ocr_carea' id='block_1_104' title="bbox 2144 4038 3715 4121">
    <p class='ocr_par' dir='ltr' id='par_1_104' title="bbox 2144 4038 3715 4121">
     <span class='ocr_line' id='line_1_104' title="bbox 2144 4038 3715 4121; baseline 0.008 -31"><span class='ocrx_word' id='word_1_797' title='bbox 2144 4038 2510 4121; x_wconf 65' lang='grc' dir='ltr'>Ἱεροσόλυμα,</span> <span class='ocrx_word' id='word_1_798' title='bbox 2542 4043 2634 4095; x_wconf 76' lang='grc' dir='ltr'>καὶ</span> <span class='ocrx_word' id='word_1_799' title='bbox 2662 4044 2934 4114; x_wconf 86' lang='grc' dir='ltr'>πρόφασις</span> <span class='ocrx_word' id='word_1_800' title='bbox 2965 4047 3066 4116; x_wconf 79' lang='grc' dir='ltr'>τῆς</span> <span class='ocrx_word' id='word_1_801' title='bbox 3114 4045 3234 4101; x_wconf 88' lang='grc' dir='ltr'>ὁδοῦ</span> <span class='ocrx_word' id='word_1_802' title='bbox 3280 4048 3506 4119; x_wconf 80' lang='grc' dir='ltr'>οὐδεμία</span> <span class='ocrx_word' id='word_1_803' title='bbox 3551 4049 3715 4121; x_wconf 82' lang='grc' dir='ltr'>ἑτέρα</span> 
     </span>
    </p>
   </div>
   <div class='ocr_carea' id='block_1_105' title="bbox 2131 4118 3712 4206">
    <p class='ocr_par' dir='ltr' id='par_1_105' title="bbox 2131 4118 3712 4206">
     <span class='ocr_line' id='line_1_105' title="bbox 2131 4118 3712 4206; baseline -0.001 -26"><span class='ocrx_word' id='word_1_804' title='bbox 2131 4118 2220 4195; x_wconf 75' lang='grc' dir='ltr'>ἦν,</span> <span class='ocrx_word' id='word_1_805' title='bbox 2248 4125 2417 4198; x_wconf 75' lang='grc' dir='ltr'>ἀλλ’ἢ</span> <span class='ocrx_word' id='word_1_806' title='bbox 2446 4126 2508 4180; x_wconf 85' lang='grc' dir='ltr'>τὸ</span> <span class='ocrx_word' id='word_1_807' title='bbox 2533 4128 2740 4201; x_wconf 83' lang='grc' dir='ltr'>Πέτρον</span> <span class='ocrx_word' id='word_1_808' title='bbox 2774 4132 2922 4199; x_wconf 86' lang='grc' dir='ltr'>ίδεῖν,</span> <span class='ocrx_word' id='word_1_809' title='bbox 2952 4133 3138 4195; x_wconf 86' lang='grc' dir='ltr'>καθὼς</span> <span class='ocrx_word' id='word_1_810' title='bbox 3161 4135 3322 4198; x_wconf 79' lang='grc' dir='ltr'>αὑτός</span> <span class='ocrx_word' id='word_1_811' title='bbox 3352 4118 3550 4206; x_wconf 85' lang='grc' dir='ltr'>φησιν·</span> <span class='ocrx_word' id='word_1_812' title='bbox 3587 4118 3712 4191; x_wconf 46' lang='grc' dir='ltr'>Ἆῤ-</span> 
     </span>
    </p>
   </div>
   <div class='ocr_carea' id='block_1_106' title="bbox 2131 4211 3713 4291">
    <p class='ocr_par' dir='ltr' id='par_1_106' title="bbox 2131 4211 3713 4291">
     <span class='ocr_line' id='line_1_106' title="bbox 2131 4211 3713 4291; baseline 0.008 -27"><span class='ocrx_word' id='word_1_813' title='bbox 2131 4211 2279 4280; x_wconf 81' lang='grc' dir='ltr'>έϐην</span> <span class='ocrx_word' id='word_1_814' title='bbox 2319 4216 2406 4280; x_wconf 83' lang='grc' dir='ltr'>εις</span> <span class='ocrx_word' id='word_1_815' title='bbox 2452 4215 2833 4289; x_wconf 80' lang='grc' dir='ltr'>Ἰεροσόλυμα</span> <span class='ocrx_word' id='word_1_816' title='bbox 2882 4221 3201 4291; x_wconf 74' lang='grc' dir='ltr'>ἱστορήσω</span> <span class='ocrx_word' id='word_1_817' title='bbox 3232 4224 3491 4291; x_wconf 84' lang='grc' dir='ltr'>Πέτρον·</span> <span class='ocrx_word' id='word_1_818' title='bbox 3539 4223 3713 4289; x_wconf 80' lang='grc' dir='ltr'>οὕτως</span> 
     </span>
    </p>
   </div>
   <div class='ocr_carea' id='block_1_107' title="bbox 2132 4298 3709 4380">
    <p class='ocr_par' dir='ltr' id='par_1_107' title="bbox 2132 4298 3709 4380">
     <span class='ocr_line' id='line_1_107' title="bbox 2132 4298 3709 4380; baseline 0.01 -30"><span class='ocrx_word' id='word_1_819' title='bbox 2132 4298 2294 4352; x_wconf 82' lang='grc' dir='ltr'>αὐτὸν</span> <span class='ocrx_word' id='word_1_820' title='bbox 2322 4300 2503 4373; x_wconf 86' lang='grc' dir='ltr'>έτίμα,</span> <span class='ocrx_word' id='word_1_821' title='bbox 2539 4304 2633 4358; x_wconf 76' lang='grc' dir='ltr'>καὶ</span> <span class='ocrx_word' id='word_1_822' title='bbox 2664 4305 2768 4377; x_wconf 84' lang='grc' dir='ltr'>πρὸ</span> <span class='ocrx_word' id='word_1_823' title='bbox 2795 4307 3013 4363; x_wconf 88' lang='grc' dir='ltr'>πάντων</span> <span class='ocrx_word' id='word_1_824' title='bbox 3046 4304 3169 4380; x_wconf 79' lang='grc' dir='ltr'>ἦγε.</span> <span class='ocrx_word' id='word_1_825' title='bbox 3205 4311 3271 4363; x_wconf 92' lang='grc' dir='ltr'>Τί</span> <span class='ocrx_word' id='word_1_826' title='bbox 3297 4307 3430 4379; x_wconf 83' lang='grc' dir='ltr'>οὖν;</span> <span class='ocrx_word' id='word_1_827' title='bbox 3463 4310 3586 4366; x_wconf 83' lang='grc' dir='ltr'>ίδῶν</span> <span class='ocrx_word' id='word_1_828' title='bbox 3608 4312 3709 4365; x_wconf 77' lang='grc' dir='ltr'>αὐ-</span> 
     </span>
    </p>
   </div>
   <div class='ocr_carea' id='block_1_108' title="bbox 2130 4384 3710 4468">
    <p class='ocr_par' dir='ltr' id='par_1_108' title="bbox 2130 4384 3710 4468">
     <span class='ocr_line' id='line_1_108' title="bbox 2130 4384 3710 4468; baseline 0.009 -31"><span class='ocrx_word' id='word_1_829' title='bbox 2130 4384 2222 4439; x_wconf 83' lang='grc' dir='ltr'>τὸν</span> <span class='ocrx_word' id='word_1_830' title='bbox 2274 4387 2476 4453; x_wconf 84' lang='grc' dir='ltr'>εὐθέως</span> <span class='ocrx_word' id='word_1_831' title='bbox 2528 4390 2904 4464; x_wconf 87' lang='grc' dir='ltr'>ἀνεχώρησεν;</span> <span class='ocrx_word' id='word_1_832' title='bbox 2956 4396 3252 4467; x_wconf 80' lang='grc' dir='ltr'>Οὐδαμῶς·</span> <span class='ocrx_word' id='word_1_833' title='bbox 3303 4397 3418 4450; x_wconf 87' lang='grc' dir='ltr'>ἀλλ’</span> <span class='ocrx_word' id='word_1_834' title='bbox 3454 4399 3710 4468; x_wconf 78' lang='grc' dir='ltr'>ἐπέμεινε</span> 
     </span>
    </p>
   </div>
   <div class='ocr_carea' id='block_1_109' title="bbox 2133 4475 3710 4559">
    <p class='ocr_par' dir='ltr' id='par_1_109' title="bbox 2133 4475 3710 4559">
     <span class='ocr_line' id='line_1_109' title="bbox 2133 4475 3710 4559; baseline 0.006 -28"><span class='ocrx_word' id='word_1_835' title='bbox 2133 4475 2268 4547; x_wconf 82' lang='grc' dir='ltr'>πρὸς</span> <span class='ocrx_word' id='word_1_836' title='bbox 2296 4477 2456 4532; x_wconf 78' lang='grc' dir='ltr'>αὐτὸν</span> <span class='ocrx_word' id='word_1_837' title='bbox 2490 4479 2702 4551; x_wconf 79' lang='grc' dir='ltr'>ἡμέρας</span> <span class='ocrx_word' id='word_1_838' title='bbox 2726 4482 3042 4539; x_wconf 85' lang='grc' dir='ltr'>δεκαπέντε.</span> <span class='ocrx_word' id='word_1_839' title='bbox 3075 4486 3143 4538; x_wconf 77' lang='grc' dir='ltr'>Εἴ</span> <span class='ocrx_word' id='word_1_840' title='bbox 3169 4502 3291 4540; x_wconf 89' lang='grc' dir='ltr'>τινα</span> <span class='ocrx_word' id='word_1_841' title='bbox 3334 4483 3427 4541; x_wconf 82' lang='grc' dir='ltr'>οὖν</span> <span class='ocrx_word' id='word_1_842' title='bbox 3472 4504 3710 4559; x_wconf 80' lang='grc' dir='ltr'>στρατη·-</span> 
     </span>
    </p>
   </div>
   <div class='ocr_carea' id='block_1_110' title="bbox 2130 4563 3709 4645">
    <p class='ocr_par' dir='ltr' id='par_1_110' title="bbox 2130 4563 3709 4645">
     <span class='ocr_line' id='line_1_110' title="bbox 2130 4563 3709 4645; baseline 0.009 -30"><span class='ocrx_word' id='word_1_843' title='bbox 2130 4563 2297 4635; x_wconf 87' lang='grc' dir='ltr'>λάτην</span> <span class='ocrx_word' id='word_1_844' title='bbox 2347 4564 2494 4630; x_wconf 79' lang='grc' dir='ltr'>ἴδοις,</span> <span class='ocrx_word' id='word_1_845' title='bbox 2527 4568 2647 4620; x_wconf 83' lang='grc' dir='ltr'>είπέ</span> <span class='ocrx_word' id='word_1_846' title='bbox 2690 4586 2801 4639; x_wconf 85' lang='grc' dir='ltr'>μοι,</span> <span class='ocrx_word' id='word_1_847' title='bbox 2830 4575 3074 4639; x_wconf 88' lang='grc' dir='ltr'>γενναῖον</span> <span class='ocrx_word' id='word_1_848' title='bbox 3108 4575 3203 4626; x_wconf 73' lang='grc' dir='ltr'>καὶ</span> <span class='ocrx_word' id='word_1_849' title='bbox 3233 4574 3563 4645; x_wconf 81' lang='grc' dir='ltr'>θαυμαστὸν,</span> <span class='ocrx_word' id='word_1_850' title='bbox 3612 4572 3709 4629; x_wconf 77' lang='grc' dir='ltr'>τοῦ</span> 
     </span>
    </p>
   </div>
   <div class='ocr_carea' id='block_1_111' title="bbox 2132 4650 3711 4730">
    <p class='ocr_par' dir='ltr' id='par_1_111' title="bbox 2132 4650 3711 4730">
     <span class='ocr_line' id='line_1_111' title="bbox 2132 4650 3711 4730; baseline 0.006 -27"><span class='ocrx_word' id='word_1_851' title='bbox 2132 4650 2365 4720; x_wconf 81' lang='grc' dir='ltr'>πολέμου</span> <span class='ocrx_word' id='word_1_852' title='bbox 2396 4669 2732 4726; x_wconf 86' lang='grc' dir='ltr'>συγκεγροτη</span> <span class='ocrx_word' id='word_1_853' title='bbox 2741 4657 2921 4727; x_wconf 89' lang='grc' dir='ltr'>μένου,</span> <span class='ocrx_word' id='word_1_854' title='bbox 2945 4659 3040 4729; x_wconf 82' lang='grc' dir='ltr'>τῆς</span> <span class='ocrx_word' id='word_1_855' title='bbox 3065 4662 3416 4730; x_wconf 77' lang='grc' dir='ltr'>παρατάξεως</span> <span class='ocrx_word' id='word_1_856' title='bbox 3441 4659 3711 4715; x_wconf 80' lang='grc' dir='ltr'>συνεστώ-</span> 
     </span>
    </p>
   </div>
   <div class='ocr_carea' id='block_1_112' title="bbox 2134 4737 3710 4817">
    <p class='ocr_par' dir='ltr' id='par_1_112' title="bbox 2134 4737 3710 4817">
     <span class='ocr_line' id='line_1_112' title="bbox 2134 4737 3710 4817; baseline 0.011 -30"><span class='ocrx_word' id='word_1_857' title='bbox 2134 4752 2251 4807; x_wconf 87' lang='grc' dir='ltr'>σης,</span> <span class='ocrx_word' id='word_1_858' title='bbox 2295 4737 2395 4808; x_wconf 82' lang='grc' dir='ltr'>τῆς</span> <span class='ocrx_word' id='word_1_859' title='bbox 2446 4739 2625 4812; x_wconf 86' lang='grc' dir='ltr'>μάχης</span> <span class='ocrx_word' id='word_1_860' title='bbox 2682 4742 2931 4814; x_wconf 80' lang='grc' dir='ltr'>ζεούσης,</span> <span class='ocrx_word' id='word_1_861' title='bbox 2983 4748 3194 4817; x_wconf 89' lang='grc' dir='ltr'>μυρίων</span> <span class='ocrx_word' id='word_1_862' title='bbox 3235 4749 3397 4803; x_wconf 82' lang='grc' dir='ltr'>αὑτὸν</span> <span class='ocrx_word' id='word_1_863' title='bbox 3443 4748 3710 4805; x_wconf 80' lang='grc' dir='ltr'>πάντοθεν</span> 
     </span>
    </p>
   </div>
   <div class='ocr_carea' id='block_1_113' title="bbox 2130 4823 3711 4908">
    <p class='ocr_par' dir='ltr' id='par_1_113' title="bbox 2130 4823 3711 4908">
     <span class='ocr_line' id='line_1_113' title="bbox 2130 4823 3711 4908; baseline 0.011 -33"><span class='ocrx_word' id='word_1_864' title='bbox 2130 4823 2438 4878; x_wconf 86' lang='grc' dir='ltr'>καλούντων</span> <span class='ocrx_word' id='word_1_865' title='bbox 2482 4829 2835 4897; x_wconf 87' lang='grc' dir='ltr'>πραγμάτων,</span> <span class='ocrx_word' id='word_1_866' title='bbox 2865 4832 3073 4901; x_wconf 87' lang='grc' dir='ltr'>ἀφέντα</span> <span class='ocrx_word' id='word_1_867' title='bbox 3117 4835 3217 4906; x_wconf 78' lang='grc' dir='ltr'>τὴν</span> <span class='ocrx_word' id='word_1_868' title='bbox 3257 4838 3583 4908; x_wconf 76' lang='grc' dir='ltr'>παράταξιν,</span> <span class='ocrx_word' id='word_1_869' title='bbox 3613 4840 3711 4891; x_wconf 74' lang='grc' dir='ltr'>καὶ</span> 
     </span>
    </p>
   </div>
   <div class='ocr_carea' id='block_1_114' title="bbox 2131 4914 3711 4998">
    <p class='ocr_par' dir='ltr' id='par_1_114' title="bbox 2131 4914 3711 4998">
     <span class='ocr_line' id='line_1_114' title="bbox 2131 4914 3711 4998; baseline 0.009 -34"><span class='ocrx_word' id='word_1_870' title='bbox 2131 4914 2267 4985; x_wconf 65' lang='grc' dir='ltr'>πρὸς</span> <span class='ocrx_word' id='word_1_871' title='bbox 2304 4915 2589 4986; x_wconf 79' lang='grc' dir='ltr'>ἐπίσκεψίν</span> <span class='ocrx_word' id='word_1_872' title='bbox 2629 4935 2773 4984; x_wconf 88' lang='grc' dir='ltr'>τινος</span> <span class='ocrx_word' id='word_1_873' title='bbox 2818 4921 3122 4977; x_wconf 86' lang='grc' dir='ltr'>ἀπελθόντα</span> <span class='ocrx_word' id='word_1_874' title='bbox 3151 4924 3330 4993; x_wconf 88' lang='grc' dir='ltr'>φίλου,</span> <span class='ocrx_word' id='word_1_875' title='bbox 3374 4922 3484 4998; x_wconf 86' lang='grc' dir='ltr'>ἆρα</span> <span class='ocrx_word' id='word_1_876' title='bbox 3516 4926 3711 4997; x_wconf 79' lang='grc' dir='ltr'>ἑτέραν</span> 
     </span>
    </p>
   </div>
   <div class='ocr_carea' id='block_1_115' title="bbox 2133 5003 3711 5089">
    <p class='ocr_par' dir='ltr' id='par_1_115' title="bbox 2133 5003 3711 5089">
     <span class='ocr_line' id='line_1_115' title="bbox 2133 5003 3711 5089; baseline 0.008 -33"><span class='ocrx_word' id='word_1_877' title='bbox 2133 5003 2354 5074; x_wconf 77' lang='grc' dir='ltr'>μείζονα</span> <span class='ocrx_word' id='word_1_878' title='bbox 2387 5004 2587 5078; x_wconf 85' lang='grc' dir='ltr'>ταύτης</span> <span class='ocrx_word' id='word_1_879' title='bbox 2625 5005 2807 5080; x_wconf 80' lang='grc' dir='ltr'>ζητεῖς</span> <span class='ocrx_word' id='word_1_880' title='bbox 2839 5011 3133 5079; x_wconf 76' lang='grc' dir='ltr'>ἀπόδειξιν,</span> <span class='ocrx_word' id='word_1_881' title='bbox 3165 5013 3286 5067; x_wconf 84' lang='grc' dir='ltr'>είπέ</span> <span class='ocrx_word' id='word_1_882' title='bbox 3315 5032 3425 5085; x_wconf 91' lang='grc' dir='ltr'>μοι,</span> <span class='ocrx_word' id='word_1_883' title='bbox 3451 5015 3548 5089; x_wconf 75' lang='grc' dir='ltr'>τῆς</span> <span class='ocrx_word' id='word_1_884' title='bbox 3572 5015 3711 5085; x_wconf 76' lang='grc' dir='ltr'>πρὸς</span> 
     </span>
    </p>
   </div>
   <div class='ocr_carea' id='block_1_116' title="bbox 2127 5093 3708 5172">
    <p class='ocr_par' dir='ltr' id='par_1_116' title="bbox 2127 5093 3708 5172">
     <span class='ocr_line' id='line_1_116' title="bbox 2127 5093 3708 5172; baseline 0.006 -27"><span class='ocrx_word' id='word_1_885' title='bbox 2127 5093 2219 5145; x_wconf 76' lang='grc' dir='ltr'>τὸν</span> <span class='ocrx_word' id='word_1_886' title='bbox 2265 5093 2548 5164; x_wconf 76' lang='grc' dir='ltr'>ἄνθρωπον</span> <span class='ocrx_word' id='word_1_887' title='bbox 2592 5096 2797 5150; x_wconf 82' lang='grc' dir='ltr'>ἐκεῖνον</span> <span class='ocrx_word' id='word_1_888' title='bbox 2843 5098 3088 5165; x_wconf 78' lang='grc' dir='ltr'>εὐνοίας;</span> <span class='ocrx_word' id='word_1_889' title='bbox 3140 5101 3253 5154; x_wconf 81' lang='grc' dir='ltr'>Οὐκ</span> <span class='ocrx_word' id='word_1_890' title='bbox 3308 5101 3485 5171; x_wconf 73' lang='grc' dir='ltr'>ἔγωγε</span> <span class='ocrx_word' id='word_1_891' title='bbox 3530 5096 3708 5172; x_wconf 78' lang='grc' dir='ltr'>οἶμαι.</span> 
     </span>
    </p>
   </div>
   <div class='ocr_carea' id='block_1_117' title="bbox 2129 5179 3711 5259">
    <p class='ocr_par' dir='ltr' id='par_1_117' title="bbox 2129 5179 3711 5259">
     <span class='ocr_line' id='line_1_117' title="bbox 2129 5179 3711 5259; baseline 0.005 -26"><span class='ocrx_word' id='word_1_892' title='bbox 2129 5179 2298 5233; x_wconf 86' lang='grc' dir='ltr'>Τοῦτο</span> <span class='ocrx_word' id='word_1_893' title='bbox 2318 5181 2497 5236; x_wconf 86' lang='grc' dir='ltr'>τοίνυν</span> <span class='ocrx_word' id='word_1_894' title='bbox 2517 5184 2611 5236; x_wconf 71' lang='grc' dir='ltr'>καὶ</span> <span class='ocrx_word' id='word_1_895' title='bbox 2636 5186 2727 5238; x_wconf 77' lang='grc' dir='ltr'>ἐπὶ</span> <span class='ocrx_word' id='word_1_896' title='bbox 2748 5186 2960 5239; x_wconf 89' lang='grc' dir='ltr'>Παύλου</span> <span class='ocrx_word' id='word_1_897' title='bbox 2989 5189 3084 5242; x_wconf 77' lang='grc' dir='ltr'>καὶ</span> <span class='ocrx_word' id='word_1_898' title='bbox 3105 5188 3311 5259; x_wconf 88' lang='grc' dir='ltr'>Πέτρου</span> <span class='ocrx_word' id='word_1_899' title='bbox 3337 5188 3575 5257; x_wconf 80' lang='grc' dir='ltr'>λογίζου.</span> <span class='ocrx_word' id='word_1_900' title='bbox 3599 5190 3711 5243; x_wconf 77' lang='grc' dir='ltr'>Καὶ</span> 
     </span>
    </p>
   </div>
   <div class='ocr_carea' id='block_1_118' title="bbox 2127 5268 3710 5346">
    <p class='ocr_par' dir='ltr' id='par_1_118' title="bbox 2127 5268 3710 5346">
     <span class='ocr_line' id='line_1_118' title="bbox 2127 5268 3710 5346; baseline 0.007 -26"><span class='ocrx_word' id='word_1_901' title='bbox 2127 5268 2234 5340; x_wconf 81' lang='grc' dir='ltr'>γὰρ</span> <span class='ocrx_word' id='word_1_902' title='bbox 2269 5269 2361 5323; x_wconf 54' lang='grc' dir='ltr'>καὶ⁵</span> <span class='ocrx_word' id='word_1_903' title='bbox 2408 5270 2639 5325; x_wconf 81' lang='grc' dir='ltr'>ἐνταῦθα</span> <span class='ocrx_word' id='word_1_904' title='bbox 2676 5273 2909 5344; x_wconf 82' lang='grc' dir='ltr'>πόλεμος</span> <span class='ocrx_word' id='word_1_905' title='bbox 2944 5277 3284 5346; x_wconf 77' lang='grc' dir='ltr'>συνειστήκει</span> <span class='ocrx_word' id='word_1_906' title='bbox 3328 5277 3582 5346; x_wconf 71' lang='grc' dir='ltr'>χαλεπὸς,</span> <span class='ocrx_word' id='word_1_907' title='bbox 3612 5277 3710 5331; x_wconf 78' lang='grc' dir='ltr'>καὶ</span> 
     </span>
    </p>
   </div>
   <div class='ocr_carea' id='block_1_119' title="bbox 2129 5355 3707 5437">
    <p class='ocr_par' dir='ltr' id='par_1_119' title="bbox 2129 5355 3707 5437">
     <span class='ocr_line' id='line_1_119' title="bbox 2129 5355 3707 5437; baseline 0.006 -27"><span class='ocrx_word' id='word_1_908' title='bbox 2129 5358 2430 5429; x_wconf 81' lang='grc' dir='ltr'>παράταξις</span> <span class='ocrx_word' id='word_1_909' title='bbox 2458 5355 2546 5430; x_wconf 85' lang='grc' dir='ltr'>ἦν.</span> <span class='ocrx_word' id='word_1_910' title='bbox 2578 5362 2671 5414; x_wconf 73' lang='grc' dir='ltr'>καὶ</span> <span class='ocrx_word' id='word_1_911' title='bbox 2701 5362 2872 5433; x_wconf 88' lang='grc' dir='ltr'>μάχη,</span> <span class='ocrx_word' id='word_1_912' title='bbox 2900 5363 2960 5416; x_wconf 78' lang='grc' dir='ltr'>οὐ</span> <span class='ocrx_word' id='word_1_913' title='bbox 2996 5363 3130 5435; x_wconf 86' lang='grc' dir='ltr'>πρὸς</span> <span class='ocrx_word' id='word_1_914' title='bbox 3162 5365 3482 5437; x_wconf 83' lang='grc' dir='ltr'>ἀνθρώπους</span> <span class='ocrx_word' id='word_1_915' title='bbox 3523 5367 3707 5436; x_wconf 85' lang='grc' dir='ltr'>μόνον,</span> 
     </span>
    </p>
   </div>
   <div class='ocr_carea' id='block_1_120' title="bbox 2128 5445 3709 5526">
    <p class='ocr_par' dir='ltr' id='par_1_120' title="bbox 2128 5445 3709 5526">
     <span class='ocr_line' id='line_1_120' title="bbox 2128 5445 3709 5526; baseline 0.006 -28"><span class='ocrx_word' id='word_1_916' title='bbox 2128 5445 2262 5499; x_wconf 85' lang='grc' dir='ltr'>ἀλλὰ</span> <span class='ocrx_word' id='word_1_917' title='bbox 2294 5446 2427 5517; x_wconf 80' lang='grc' dir='ltr'>πρὸς</span> <span class='ocrx_word' id='word_1_918' title='bbox 2457 5447 2557 5510; x_wconf 81' lang='grc' dir='ltr'>τὰς</span> <span class='ocrx_word' id='word_1_919' title='bbox 2592 5448 2785 5520; x_wconf 81' lang='grc' dir='ltr'>ἀρχὰς,</span> <span class='ocrx_word' id='word_1_920' title='bbox 2819 5450 2955 5522; x_wconf 81' lang='grc' dir='ltr'>πρὸς</span> <span class='ocrx_word' id='word_1_921' title='bbox 2979 5451 3078 5516; x_wconf 77' lang='grc' dir='ltr'>τὰς</span> <span class='ocrx_word' id='word_1_922' title='bbox 3105 5452 3376 5517; x_wconf 77' lang='grc' dir='ltr'>ἐξουσίας,</span> <span class='ocrx_word' id='word_1_923' title='bbox 3410 5454 3550 5526; x_wconf 77' lang='grc' dir='ltr'>πρὸς</span> <span class='ocrx_word' id='word_1_924' title='bbox 3579 5455 3709 5518; x_wconf 80' lang='grc' dir='ltr'>τοὺς</span> 
     </span>
    </p>
   </div>
   <div class='ocr_carea' id='block_1_121' title="bbox 2132 5534 3710 5608">
    <p class='ocr_par' dir='ltr' id='par_1_121' title="bbox 2132 5534 3710 5608">
     <span class='ocr_line' id='line_1_121' title="bbox 2132 5534 3710 5608; baseline 0.004 -18"><span class='ocrx_word' id='word_1_925' title='bbox 2132 5534 2284 5608; x_wconf 68' lang='lat'>[569]</span> <span class='ocrx_word' id='word_1_926' title='bbox 2308 5536 2862 5608; x_wconf 85' lang='grc' dir='ltr'>κοσμοκράτορας’τοῦ</span> <span class='ocrx_word' id='word_1_927' title='bbox 2890 5541 3119 5604; x_wconf 87' lang='grc' dir='ltr'>σκότους</span> <span class='ocrx_word' id='word_1_928' title='bbox 3146 5540 3241 5595; x_wconf 91' lang='grc' dir='ltr'>τοῦ</span> <span class='ocrx_word' id='word_1_929' title='bbox 3272 5540 3466 5606; x_wconf 80' lang='grc' dir='ltr'>αἰῶνος</span> <span class='ocrx_word' id='word_1_930' title='bbox 3490 5541 3710 5606; x_wconf 85' lang='grc' dir='ltr'>τούτου,</span> 
     </span>
    </p>
   </div>
   <div class='ocr_carea' id='block_1_122' title="bbox 2128 5623 3709 5700">
    <p class='ocr_par' dir='ltr' id='par_1_122' title="bbox 2128 5623 3709 5700">
     <span class='ocr_line' id='line_1_122' title="bbox 2128 5623 3709 5700; baseline 0.001 -24"><span class='ocrx_word' id='word_1_931' title='bbox 2128 5625 2222 5677; x_wconf 73' lang='grc' dir='ltr'>καὶ</span> <span class='ocrx_word' id='word_1_932' title='bbox 2262 5623 2408 5694; x_wconf 87' lang='grc' dir='ltr'>μάχη</span> <span class='ocrx_word' id='word_1_933' title='bbox 2456 5625 2584 5695; x_wconf 84' lang='grc' dir='ltr'>περὶ</span> <span class='ocrx_word' id='word_1_934' title='bbox 2627 5625 2729 5695; x_wconf 82' lang='grc' dir='ltr'>τῆς</span> <span class='ocrx_word' id='word_1_935' title='bbox 2769 5626 2877 5681; x_wconf 91' lang='grc' dir='ltr'>τῶν</span> <span class='ocrx_word' id='word_1_936' title='bbox 2910 5626 3212 5699; x_wconf 86' lang='grc' dir='ltr'>ἀνθρώπων</span> <span class='ocrx_word' id='word_1_937' title='bbox 3254 5628 3555 5700; x_wconf 86' lang='grc' dir='ltr'>σωτηρίας·</span> <span class='ocrx_word' id='word_1_938' title='bbox 3592 5623 3709 5681; x_wconf 84' lang='grc' dir='ltr'>ἀλλ’</span> 
     </span>
    </p>
   </div>
   <div class='ocr_carea' id='block_1_123' title="bbox 2189 5735 2721 5801">
    <p class='ocr_par' dir='ltr' id='par_1_123' title="bbox 2189 5735 2721 5801">
     <span class='ocr_line' id='line_1_123' title="bbox 2189 5735 2721 5801; baseline 0.006 -17"><span class='ocrx_word' id='word_1_939' title='bbox 2189 5735 2219 5777; x_wconf 66' lang='grc' dir='ltr'>δ</span> <span class='ocrx_word' id='word_1_940' title='bbox 2240 5735 2337 5784; x_wconf 76' lang='lat' dir='ltr'>Alii</span> <span class='ocrx_word' id='word_1_941' title='bbox 2361 5736 2721 5801; x_wconf 68' lang='grc' dir='ltr'>ἐλαχιστοτέρῳ.</span> 
     </span>
    </p>
   </div>
  </div>
