4060 6260
316 283 417 336 577

314 404 526 464 discere
570 402 878 472 nitebatur,
923 415 980 461 et
1037 404 1356 460 temerarius
1390 412 1446 459 et
1473 401 1900 458 ἰιιοοηςὶάρτειιιιε

317 511 427 551 non
455 497 648 553 videri.
686 497 804 565 Quo
837 508 989 566 pacto
1012 497 1171 567 igitur
1196 506 1251 552 et
1278 497 1620 565 cupiditatem
1647 495 1901 565 explevit,

316 596 370 641 et
397 596 553 643 caute
606 603 718 643 sua:
765 589 1038 643 securitati
1097 588 1374 658 providit?
1420 587 1490 644 Ut
1528 603 1595 644 eo
1622 589 1738 659 ipso
1762 585 1901 655 quod

316 678 525 735 discere
552 681 716 736 vellet
740 723 755 747 ,
784 682 1035 736 invictum
1090 696 1327 736 amorem
1375 680 1685 737 ostenderet
1723 678 1902 750 :quod

316 781 495 827 autem
525 773 625 827 hoc
672 774 785 843 ipse
813 789 907 843 per
931 789 991 828 se
1018 789 1122 827 non
1152 772 1375 840 faceret,
1402 772 1493 827 sed
1515 773 1741 827 alterum
1771 770 1905 840 obji-

317 874 466 919 ccrct
494 905 509 928 ,
534 866 785 933 pietatem
833 875 883 919 et
916 866 1232 919 modestiam
1257 880 1471 918 omnem
1496 879 1607 934 pm
1629 879 1689 918 se
1717 863 1897 917 ferret.

317 953 564 1025 Undique
600 957 740 1009 enim
770 956 897 1009 mihi
943 956 1222 1026 angustias,
1260 956 1469 1025 inquit:
1501 955 1568 1009 de
1602 954 1903 1024 proditione

321 1044 525 1101 Domini
555 1046 762 1117 agitur,
811 1048 995 1117 ingens
1042 1056 1125 1101 est
1169 1047 1459 1116 periculum
1488 1087 1504 1112 ,
1551 1046 1900 1115 praecipitium

319 1140 584 1207 utrinque.
617 1138 672 1192 Si
707 1148 947 1201 tacucro,
975 1137 1155 1192 exedit
1182 1137 1414 1190 animam
1451 1136 1758 1191 sollicitudo
1797 1153 1811 1189 :
1856 1135 1900 1188 si

313 1229 522 1296 dixem,
550 1245 742 1284 vereor
795 1245 864 1285 ne
895 1230 1034 1284 forte
1084 1244 1269 1283 rursus
1298 1228 1712 1296 increpatiouem
1758 1226 1903 1281 exci-

315 1320 476 1388 piam.
508 1319 733 1373 Mediam
765 1320 944 1390 itaque
972 1319 1109 1373 viam
1140 1319 1328 1385 tenuit,
1359 1327 1413 1372 et
1436 1318 1527 1387 qui
1556 1318 1749 1385 ubique
1779 1333 1903 1386 pro-

318 1409 531 1463 siliebat
555 1419 680 1464 ante
700 1420 949 1476 caeteros,
980 1420 1091 1464 tum
1131 1409 1321 1463 fiducia
1350 1408 1569 1463 Joannis
1591 1407 1860 1477 indigebat
1882 1448 1898 1474 ,

316 1508 374 1553 ut
398 1500 471 1566 id,
501 1501 565 1554 de
586 1516 693 1570 quo
722 1502 999 1572 agebatur,
1033 1510 1401 1571 cognosceret.
1431 1500 1569 1555 Nihil
1592 1501 1732 1555 enim
1754 1499 1899 1555 aliud

313 1591 572 1659 Spirabat,
601 1601 652 1646 et
700 1593 751 1645 in
789 1591 968 1646 animo
1005 1601 1265 1662 perpetuo
1306 1592 1570 1658 habebat,
1602 1606 1759 1662 quam
1790 1606 1902 1645 ma-

313 1682 540 1751 gistrum
592 1691 822 1736 tantum.
888 1682 1178 1753 Pmpterea
1230 1697 1475 1737 carceres
1519 1691 1574 1737 et
1623 1682 1900 1737 innumera

314 1769 508 1825 deinde
538 1773 725 1845 mortis
770 1788 966 1843 genera
1016 1774 1227 1829 subibat
1278 1773 1574 1839 audacter,
1626 1783 1901 1843 totamque

313 1862 476 1916 vitam
507 1872 826 1934 praesentem
865 1864 1170 1934 spernebat.
1219 1865 1447 1934 Pr0pter
1502 1865 1651 1919 illum
1697 1875 1751 1919 et
1778 1880 1897 1920 cum

315 1952 632 2009 verberibus
661 1970 835 2010 casus
867 1965 1029 2023 esset,
1058 1965 1115 2010 et
1146 1964 1352 2026 tergum
1381 1956 1604 2011 haberet
1640 1956 1900 2012 vibicibus

312 2056 619 2112 exaratum,
647 2047 723 2102 sic
753 2063 847 2103 eos
874 2063 905 2102 a
932 2049 1121 2117 quibus
1145 2062 1315 2102 cassus
1353 2048 1667 2103 verberibus
1695 2048 1897 2116 fuerat,

314 2135 684 2205 alloquebatur
708 2156 721 2192 :
750 2138 870 2192 Non
896 2156 1162 2207 possumus
1193 2156 1284 2193 nos
1303 2155 1417 2210 quia
1437 2140 1651 2194 vidimus
1674 2150 1721 2193 et
1746 2140 1899 2193 audi-

313 2227 476 2280 uimus
500 2244 599 2281 non
623 2227 759 2299 loqui
786 2229 805 2299 (
830 2229 946 2282 Act.
972 2231 1027 2284 4.
1056 2228 1180 2299 20).
1216 2229 1382 2284 Vides
1426 2230 1742 2284 indomitum
1779 2231 1898 2284 ani-

311 2332 457 2370 mum
482 2317 680 2373 ?vides
716 2319 962 2375 fiduciam
1002 2320 1298 2374 invictam?
1337 2320 1486 2375 vides
1525 2322 1756 2375 animam
1786 2335 1898 2375 cce-

312 2407 429 2461 lesti
482 2408 747 2466 desiderio
794 2421 850 2467 et
898 2428 1081 2468 amore
1130 2413 1562 2468 redundantem?
1619 2414 1904 2481 Quomodo

311 2514 440 2568 ergo
481 2500 660 2555 dicere
713 2501 879 2557 audes
924 2503 1071 2558 illum
1103 2544 1116 2568 ,
1158 2504 1297 2573 quod
1334 2512 1598 2559 metueret
1641 2519 1733 2558 eos
1759 2546 1774 2571 ,
1806 2504 1897 2571 qui

312 2602 376 2642 ex
405 2590 811 2646 circumcisione
828 2601 1001 2656 erant,
1022 2608 1081 2647 se
1112 2593 1457 2659 subtraxisse,
1474 2607 1538 2646 ac
1564 2593 1899 2662 segregassc?

312 2677 472 2732 Multa
502 2694 711 2748 quoque
737 2682 839 2734 alia
870 2683 937 2737 de
975 2684 1135 2737 Petro
1165 2683 1267 2736 dici
1302 2691 1567 2751 poterant,
1591 2684 1896 2753 quteipsius

313 2768 601 2835 ardorem,
632 2770 1020 2837 fortitudinem,
1056 2788 1295 2828 amorem
1322 2814 1336 2838 ,
1370 2789 1527 2843 quem
1570 2774 1800 2829 habebat
1842 2774 1901 2829 in

311 2856 580 2913 Christum
605 2900 619 2924 ,
651 2862 997 2916 ostenderent
1040 2863 1175 2918 :sed
1219 2879 1285 2917 ne
1331 2864 1541 2933 longius
1591 2879 1894 2920 sermonem

311 2960 369 3006 et
418 2952 721 3021 importune
764 2954 1121 3024 producamus
1146 2998 1162 3023 ,
1209 2956 1474 3013 sufﬁcient
1522 2973 1582 3012 ca
1613 2974 1732 3028 quae
1756 2958 1895 3014 dicta

315 3052 460 3097 sunt.
484 3043 669 3114 Neque
698 3047 841 3100 enim
869 3047 936 3101 de
960 3047 1204 3102 laudibus
1222 3048 1338 3118 ejus
1370 3050 1665 3104 orationem
1692 3049 1894 3105 habere

312 3134 468 3190 nobis
529 3138 863 3205 propositum
915 3146 1035 3203 est,
1094 3139 1186 3193 sed
1241 3140 1589 3209 quaestionem
1643 3142 1887 3208 solvere,

311 3240 431 3296 quae
471 3242 529 3281 se
558 3227 838 3283 videbatur
864 3229 1081 3293 offerre,
1112 3241 1272 3301 atque
1296 3232 1363 3286 ad
1392 3232 1551 3287 ﬁnem
1580 3233 1897 3302 perducere.

384 3319 437 3371 7.
477 3318 557 3373 Tu
590 3335 724 3375 vero
760 3321 976 3376 aliunde
1005 3337 1217 3393 quoque
1256 3325 1554 3393 perpende,
1609 3340 1765 3394 quam
1802 3340 1895 3393 pa-

308 3425 428 3465 rum
483 3411 770 3480 probabilis
795 3415 865 3467 sit
908 3416 1196 3468 accusatio.
1231 3415 1361 3467 Nam
1401 3424 1509 3467 tum
1560 3415 1772 3483 quidem
1795 3416 1894 3471 sub

309 3501 483 3569 ipsum
513 3501 850 3569 principium,
869 3503 1080 3571 quando
1097 3503 1325 3569 dicebat,
1348 3503 1499 3557 Hum:
1522 3503 1719 3571 Iesum,
1747 3522 1893 3575 quem

308 3605 396 3643 vos
422 3592 764 3659 cruciﬁxistis,
803 3594 1058 3646 suscitavit
1080 3594 1234 3659 Deus,
1267 3595 1445 3649 solutis
1470 3595 1726 3651 doloribus
1750 3614 1892 3650 mor-

304 3681 373 3733 tis
414 3682 550 3751 (Act.
580 3682 634 3734 2.
654 3682 769 3749 24),
813 3692 923 3736 tum
979 3685 1118 3739 inter
1147 3685 1391 3740 inimicos
1413 3696 1547 3752 erat,
1594 3688 1765 3743 adhuc
1788 3704 1893 3744 cce-

306 3771 429 3825 dem
458 3772 786 3836 anhelantes,
835 3774 1007 3828 adhuc
1057 3776 1133 3829 ira
1163 3774 1452 3842 ferventes,
1492 3778 1667 3833 adhuc
1718 3780 1891 3835 disci-

309 3862 466 3931 pulos
497 3863 736 3918 volentes
785 3863 1110 3933 discerpere.
1141 3865 1364 3936 Vigebat
1406 3868 1547 3922 enim
1578 3869 1751 3924 adhuc
1780 3871 1890 3925 illo~

305 3967 425 4007 rum
455 3955 801 4023 perturbatio,
832 3965 887 4009 et
906 3971 1057 4011 meus
1094 3957 1172 4010 ira
1212 3958 1465 4012 tumebat.
1504 3958 1655 4015 Nunc
1687 3969 1886 4027 autem,

305 4059 427 4098 cum
484 4044 682 4100 Paulus
714 4046 816 4100 ista
869 4047 1144 4111 scriberet,
1186 4048 1429 4103 decimus
1469 4052 1728 4119 septimus
1765 4068 1890 4122 age-

305 4134 462 4188 batur
515 4150 708 4199 aunus,
738 4150 809 4189 ex
842 4151 947 4200 quo
981 4146 1217 4205 cmperat
1238 4136 1567 4208 evangelium
1592 4142 1886 4209 praidicari.

304 4223 437 4278 Cum
488 4225 628 4278 enim
684 4225 927 4293 dixisset,
980 4226 1103 4281 Post
1140 4246 1300 4283 annos
1330 4240 1427 4283 tres
1454 4232 1655 4285 ascendi
1681 4231 1890 4288 Jeroso-

306 4315 494 4385 lymam
522 4314 660 4386 (Gal.
689 4320 740 4372 1.
768 4319 876 4387 18),
904 4320 979 4372 ait
1002 4335 1206 4383 rursus,
1232 4320 1359 4372 Post
1391 4338 1549 4374 annos
1577 4326 1888 4391 quatuordea

304 4410 399 4461 ciui
423 4410 625 4464 ascendi
653 4411 1021 4480 Jerosolymam
1050 4409 1189 4480 (Gal.
1208 4411 1262 4464 2.
1300 4413 1374 4479 1).
1406 4411 1503 4477 Qui
1531 4428 1656 4483 ergo
1681 4418 1730 4467 in
1750 4431 1884 4483 prae-

303 4497 583 4555 dicationis
644 4500 879 4555 exordiis
929 4516 1034 4555 non
1092 4500 1283 4567 timuit,
1332 4516 1471 4555 nunc
1516 4511 1632 4569 post
1680 4510 1881 4557 tantum

302 4590 541 4658 elapsum
584 4601 791 4662 tempus
826 4592 1011 4647 timet?
1059 4592 1150 4661 qui
1177 4606 1281 4645 non
1326 4590 1883 4663 metueratJerosoly-

302 4683 425 4745 mis,
468 4681 761 4738 Antiochia:
798 4684 1104 4739 metuebat?
1145 4682 1381 4752 quicum
1410 4682 1477 4737 ab
1515 4681 1757 4736 hostibus
1774 4683 1885 4737 cir-

302 4786 607 4829 cumsessus
655 4783 818 4837 esset,
852 4782 961 4826 tum
1001 4790 1106 4827 non
1159 4783 1240 4827 est
1292 4774 1545 4837 territus;
1581 4787 1720 4826 nunc
1760 4787 1880 4827 cum

303 4880 404 4921 nec
446 4863 540 4919 ulli
608 4862 790 4918 hostes
848 4864 1079 4929 adsunt,
1134 4864 1229 4920 sed
1268 4864 1450 4919 fideles
1508 4878 1572 4918 ac
1614 4863 1878 4933 discipuli,

303 4965 450 5011 metu
510 4957 720 5025 angitur
760 4964 816 5009 et
859 4955 1204 5022 reformidat,
1274 4971 1375 5011 nec
1418 4966 1563 5011 recte
1615 4956 1883 5010 ambulat?

301 5046 433 5113 Quis
472 5045 575 5101 hoc
618 5045 811 5101 rationi
830 5055 1246 5102 consentaneum
1268 5047 1570 5114 arbitretur,
1607 5047 1734 5102 dum
1756 5064 1878 5103 suc-

304 5135 553 5189 cenditur
598 5151 783 5205 rogus,
830 5138 966 5191 etin
1013 5137 1176 5190 altum
1225 5139 1480 5207 exsurgit,
1537 5139 1788 5194 audacter
1828 5141 1879 5195 in

300 5241 421 5282 eum
441 5242 679 5297 pergere,
696 5228 1013 5282 exstincturum
1031 5238 1207 5281 autem
1223 5238 1277 5283 et
1295 5230 1564 5284 redactum
1582 5232 1631 5283 in
1646 5231 1878 5285 cinerem

298 5314 648 5373 reformidare
685 5327 740 5373 et
802 5318 1247 5373 contremisccre?
1302 5319 1357 5375 Si
1408 5322 1626 5377 timidus
1695 5322 1880 5379 fuisset

299 5415 353 5461 et
382 5406 600 5464 minime
651 5420 899 5465 strenuus
946 5409 1156 5477 Petrus,
1185 5409 1334 5465 initio
1384 5413 1797 5481 prtedicationis,
1824 5416 1875 5470 in

298 5501 581 5568 uietrOpoli
614 5501 938 5569 Judaeorum,
988 5504 1076 5559 ubi
1121 5506 1302 5561 hostes
1332 5517 1484 5561 erant
1511 5524 1716 5576 omnes,
1752 5518 1878 5565 tunc

298 5588 717 5658 reformidasset,
746 5610 849 5649 non
889 5603 1011 5665 post
1042 5604 1241 5650 tantum
1272 5607 1475 5667 tempus
1498 5600 1547 5652 in
1577 5602 1705 5657 urbe
1726 5602 1878 5656 Chri-

299 5682 640 5751 stianissima,
667 5701 839 5756 neque
864 5689 1210 5757 prmutibus
1224 5689 1411 5746 amicis
1436 5702 1488 5748 ct
1505 5694 1866 5755 familiaribus.

1388 283 1459 341 ΙΝ
1493 282 1725 346 ILLUD.
1765 287 1834 341 IN
1874 280 2130 343 FAC!EM
2171 279 2239 335 El
2275 274 2575 333 RESTITI.

3423 345 3438 359 ,
3482 292 3583 345 δτδ

2012 399 2197 470 itaque
2246 417 2346 458 nec
2374 411 2603 472 tempus,
2645 416 2743 458 nec
2776 400 2945 470 locus,
2989 417 3163 473 neque
3209 401 3445 457 conditio
3471 418 3597 472 per-

2008 508 2258 549 sonarum
2333 511 2432 550 nos
2492 497 2563 551 ita
2624 495 2800 551 verbis
2846 495 2952 550 illis
2998 495 3158 550 ﬁnem
3209 496 3332 551 sivit
3371 496 3596 562 habere,

2010 593 2067 639 ut
2108 584 2306 641 dictum
2336 596 2439 653 est,
2469 595 2523 640 et
2544 586 2758 641 Petrum
2789 587 2996 640 timoris
3021 601 3292 640 accusare.
3318 584 3598 641 Laudastis

2008 692 2127 746 qua:
2166 677 2305 731 dicta
2349 678 2508 732 sunt?
2551 678 2708 746 Atqui
2758 677 2978 732 Paulum
3023 676 3169 730 initio
3210 675 3547 730 mirabamini
3574 717 3592 743 ,

2008 766 2233 836 ejusque
2285 767 2528 821 fiduciam
2580 767 3038 836 obstupescebatis
3072 776 3165 820 :at
3213 782 3341 821 ecce
3378 781 3600 821 accusa-

2009 861 2205 913 tionem
2256 860 2474 914 invertit
2519 862 2707 914 oratio.
2760 860 2861 915 Scd
2908 868 2964 913 ut
3009 859 3159 913 initio
3190 859 3431 913 dicebam
3466 858 3598 915 nihil

2009 950 2141 1003 mihi
2192 950 2467 1018 prodesse,
2497 951 2543 1005 si
2573 951 2741 1005 Paulo
2782 960 2925 1004 recte
2951 949 3197 1013 faciente,
3226 950 3440 1004 Petrum
3468 965 3598 1004 con-

2005 1051 2107 1097 stet
2144 1059 2247 1096 mm
2304 1052 2447 1097 recte
2472 1042 2667 1097 fecisse
2692 1042 2905 1114 (manet
2929 1044 3071 1095 enim
3093 1042 3319 1107 crimen,
3347 1050 3402 1095 et
3427 1042 3598 1110 pudor

2008 1135 2058 1188 in
2096 1150 2195 1190 nos
2243 1134 2524 1199 redundat,
2554 1137 2667 1189 sive
2694 1134 2778 1188 hic
2823 1134 2936 1187 sive
2982 1133 3073 1187 ille
3117 1134 3491 1203 peccaverit):
3523 1132 3596 1187 ita

2007 1228 2330 1281 nuncetiam
2376 1226 2513 1281 idem
2557 1241 2740 1281 rursus
2784 1224 2926 1290 dico,
2958 1225 3087 1278 nihil
3134 1225 3260 1277 mihi
3308 1224 3594 1293 prodesse,

2005 1320 2050 1374 si
2092 1320 2482 1374 accusationem
2522 1334 2552 1373 a
2583 1334 2641 1373 se
2662 1320 2948 1373 amoliente
2978 1318 3158 1383 Petro,
3184 1317 3407 1371 Paulum
3435 1331 3599 1386 appa-

2006 1422 2122 1466 reat
2173 1412 2426 1466 audacter
2479 1422 2533 1466 et
2589 1411 2978 1493 inconsiderate
3014 1409 3383 1480 coapostolum
3434 1423 3597 1462 accu-

2006 1519 2175 1559 sasse.
2209 1505 2320 1574 Age
2341 1504 2502 1575 igitur
2524 1504 2667 1560 hunc
2699 1504 2858 1559 etiam
2881 1504 3107 1559 crimine
3127 1503 3437 1558 liberemus.
3456 1502 3595 1571 Quid

2005 1595 2180 1663 ergo?
2212 1593 2357 1648 Talis
2404 1594 2617 1663 quidem
2669 1604 2788 1649 erat
2818 1593 3030 1661 Petrus,
3078 1593 3274 1648 Paulus
3317 1608 3447 1648 vero
3474 1593 3599 1647 talis

2005 1698 2113 1737 non
2156 1684 2304 1739 erat?
2332 1685 2397 1738 Et
2422 1684 2546 1754 quid
2569 1684 2735 1739 Paulo
2760 1684 3054 1748 ardentius,
3083 1684 3175 1753 qui
3205 1692 3421 1754 propter
3436 1682 3598 1737 Chri-

2004 1783 2148 1831 stum
2190 1776 2426 1843 quotidie
2473 1775 2834 1832 moriebatur?
2865 1776 3241 1830 Verumtamen
3288 1789 3392 1828 non
3420 1775 3597 1845 agitur

2004 1882 2146 1922 nunc
2196 1869 2335 1938 apud
2379 1882 2476 1921 nos
2506 1867 2574 1922 de
2602 1866 2931 1931 fortitudine,
2966 1865 3131 1939 (quid
3159 1867 3300 1920 enim
3338 1866 3441 1920 hoc
3471 1864 3597 1920 facit

2002 1957 2069 2011 ad
2092 1956 2494 2028 propositum?)
2523 1957 2616 2012 sed
2646 1972 2772 2011 num
2800 1956 2924 2012 odio
2948 1956 3198 2026 quopiam
3242 1969 3595 2025 prosequere-

2006 2055 2091 2101 tur
2117 2048 2438 2117 apostolum,
2472 2048 2551 2102 vel
2584 2064 2710 2102 unum
2754 2062 2906 2101 vanae
2938 2046 3125 2117 gloria:
3150 2061 3310 2100 causa
3354 2046 3435 2099 vel
3462 2059 3595 2099 con-

2005 2139 2259 2193 tentionis
2292 2149 2435 2193 esset
2458 2138 2546 2193 illa
2586 2154 2757 2208 pugna
2789 2146 2995 2193 exorta.
3024 2135 3129 2191 Sed
3156 2151 3226 2190 ne
3251 2136 3353 2190 hoc
3373 2135 3593 2206 quidem

2003 2228 2104 2285 dici
2123 2230 2506 2300 potest;absit.
2535 2229 2650 2284 Non
2677 2230 2821 2285 enim
2851 2230 2995 2284 Petri
3043 2240 3347 2283 sanctorum
3381 2228 3590 2282 illorum

2004 2321 2257 2391 principis
2283 2322 2479 2388 solum,
2510 2320 2605 2377 sed
2652 2330 2705 2375 et
2744 2322 2981 2375 omnium
3036 2321 3089 2374 in
3118 2321 3429 2374 universum
3458 2332 3595 2386 apo-

2000 2412 2260 2466 stolorum
2287 2428 2473 2468 servus
2502 2420 2617 2467 erat
2653 2411 2870 2479 Paulus,
2914 2411 3072 2481 idque
3119 2425 3241 2464 cum
3283 2424 3469 2463 omnes
3491 2424 3588 2463 ex-

2001 2501 2267 2557 antlandis
2318 2502 2591 2558 laboribus
2639 2509 2935 2571 superaret,
2991 2507 3227 2554 attamen
3267 2498 3592 2552 omniumse

2002 2593 2249 2649 ultimum
2294 2595 2592 2663 reputabat.
2624 2592 2737 2663 Ego
2777 2595 2931 2657 enim,
2961 2591 3161 2660 inquit,
3192 2606 3307 2643 sum
3351 2589 3591 2642 minimus

2001 2684 2369 2752 apostolorum,
2385 2686 2470 2753 qui
2493 2701 2591 2738 non
2606 2701 2717 2738 sum
2731 2684 2912 2754 dignus
2933 2682 3101 2736 vocari
3121 2679 3380 2750 apostolus
3398 2681 3444 2749 (1
3466 2678 3586 2733 Cor.

2005 2775 2089 2829 15.
2120 2774 2176 2846 9)
2203 2791 2218 2828 :
2252 2792 2356 2829 non
2406 2777 2577 2830 solum
2630 2785 2806 2830 autem
2829 2774 3215 2844 apostolorum,
3252 2772 3345 2826 sed
3373 2781 3428 2826 et
3460 2785 3593 2824 sau-

1999 2880 2205 2922 ctorum
2236 2869 2389 2937 plane
2437 2868 2697 2923 omnium.
2746 2868 2875 2920 Mihi
2903 2866 3042 2922 enim
3069 2904 3085 2930 ,
3110 2865 3279 2934 inquit
3298 2903 3315 2926 ,
3359 2863 3583 2916 omnium

1999 2969 2288 3015 sanctorum
2315 2960 2522 3013 minimo
2561 2959 2683 3012 data
2721 2968 2793 3013 est
2834 2960 2942 3012 lucc
2979 2958 3144 3027 gratia
3178 2955 3395 3024 (Ep/tes.
3422 2956 3474 3009 5.
3503 2953 3590 3022 8).

2070 3051 2123 3106 8.
2164 3049 2324 3107 Vides
2364 3051 2595 3103 animam
2634 3048 2922 3102 humilem?
2956 3046 3103 3099 vides
3149 3052 3209 3099 ut
3249 3059 3306 3097 se
3345 3043 3590 3097 omnium

1998 3154 2299 3198 sanctorum
2330 3141 2566 3196 inﬁmum
2594 3149 2809 3201 statuat,
2832 3154 2938 3193 non
2965 3137 3323 3209 apostolorum
3351 3135 3582 3190 tantum?

2000 3233 2167 3287 Porro
2213 3234 2304 3301 qui
2345 3232 2421 3286 sic
2472 3246 2597 3301 erga
2622 3243 2808 3285 omnes
2849 3227 3070 3283 allectus
3099 3235 3245 3289 erat,
3289 3226 3491 3280 sciebat
3529 3233 3588 3280 et.

1997 3332 2191 3393 quanta
2212 3321 2433 3376 honoris
2460 3321 2802 3391 prazrogativa
2826 3319 2987 3373 Petro
3011 3318 3316 3381 deberetur,
3352 3332 3584 3386 emnquc

1996 3430 2106 3485 prae
2133 3414 2342 3469 caeteris
2366 3411 2614 3466 omnibus
2641 3411 2850 3464 colebat
2876 3408 3199 3473 hominibus,
3223 3417 3278 3461 et
3302 3416 3363 3461 ut
3390 3407 3589 3476 dignus

1996 3514 2146 3570 erat,
2194 3504 2267 3558 ita
2312 3518 2436 3572 erga
2481 3501 2629 3556 illum
2667 3499 2889 3554 allectus
2913 3507 3048 3554 erat.
3094 3498 3267 3567 Atque
3312 3496 3413 3552 hoc
3457 3497 3584 3551 inde

1995 3604 2224 3651 constat.
2278 3594 2333 3647 In
2378 3592 2525 3646 illum
2585 3591 2745 3644 totius
2771 3588 2915 3643 orbis
2961 3596 3219 3642 terrarum
3250 3587 3386 3641 oeuli
3428 3594 3582 3641 erant

1994 3686 2275 3750 conversi,
2307 3684 2668 3740 Ecclesiarum
2714 3681 2974 3735 universae
3003 3688 3160 3733 terra:
3189 3693 3314 3733 cura
3344 3677 3411 3731 ab
3436 3677 3583 3731 illius

1994 3780 2167 3834 anima
2217 3777 2493 3848 pendebat,
2535 3774 2603 3830 de
2655 3774 2813 3829 rebus
2846 3771 3138 3826 innumeris
3166 3769 3401 3840 quotidie
3429 3769 3581 3823 solli-

1993 3880 2130 3925 eitus
2161 3878 2294 3935 erat,
2320 3868 2555 3936 undique
2582 3866 2727 3920 illum
2755 3861 3205 3918 circumsidebant
3245 3860 3578 3930 procuratio-

1994 3976 2111 4027 nes,
2125 3963 2475 4031 praefecturaz,
2492 3958 2871 4020 correctiones,
2887 3954 3127 4019 consilia,
3149 3953 3585 4018 cohortationes,

1991 4054 2271 4120 doctrinae,
2300 4054 2445 4108 mille
2465 4051 2797 4121 negotiorum
2822 4048 3191 4118 expeditiones
3221 4056 3309 4101 :et
3329 4045 3583 4100 omnibus

1992 4147 2095 4203 illis
2120 4147 2332 4201 omissis
2353 4145 2738 4215 Jerosolymam
2787 4157 2845 4197 se
2870 4140 3128 4207 contulit,
3158 4153 3257 4194 nec
3291 4139 3428 4193 illius
3455 4153 3576 4192 sus-

1991 4239 2127 4307 cepti
2173 4237 2379 4292 itineris
2417 4237 2521 4290 alia
2556 4235 2655 4290 fuit
2689 4234 2900 4288 occasio
2942 4232 3047 4285 ulla
3071 4272 3087 4297 ,
3123 4230 3223 4284 nisi
3247 4237 3305 4283 ut
3354 4227 3573 4283 Petrum

1989 4333 2216 4395 videret,
2267 4331 2402 4384 sicut
2452 4329 2524 4382 ait
2572 4329 2683 4396 ipse
2712 4344 2724 4379 :
2751 4325 2963 4380 Ascendi
3006 4322 3379 4394 Jerosolymam
3408 4319 3576 4374 uidere

1996 4420 2203 4473 Petrum
2230 4418 2373 4486 (Gal.
2397 4419 2445 4471 1.
2478 4414 2590 4488 18),
2616 4416 2693 4470 sic
2715 4416 2885 4485 ipsum
2915 4414 3228 4477 honorabat,
3252 4422 3303 4467 et
3329 4410 3575 4466 omnibus

1990 4509 2322 4577 prml'erebat.
2371 4508 2505 4574 Quid
2535 4524 2663 4577 ergo
2712 4508 2879 4563 ?cum
2910 4508 3083 4575 ipsum
3108 4504 3349 4569 vidisset,
3380 4502 3567 4558 confe-

1988 4601 2113 4653 stim
2145 4600 2369 4654 recessit
2403 4599 2427 4652 ?
2457 4598 2795 4669 Nequaquam
2830 4617 2843 4653 :
2876 4598 2969 4655 sed
2992 4596 3130 4667 apud
3172 4596 3349 4666 ipsum
3383 4593 3571 4649 diebus

1987 4689 2289 4759 quindecim
2313 4691 2527 4744 mansit.
2550 4689 2605 4744 Si
2633 4705 2793 4758 quem
2813 4689 2971 4760 igitur
3001 4690 3310 4758 magistrum
3339 4687 3570 4741 militum

1985 4782 2190 4846 videas,
2220 4781 2324 4845 dic,
2370 4781 2548 4845 sodes,
2596 4796 2914 4850 generosum
2947 4788 3002 4835 et
3040 4780 3315 4845 eximium,
3366 4779 3569 4834 indicto

1981 4874 2091 4944 jam
2135 4873 2299 4940 bello,
2354 4874 2581 4927 militum
2622 4874 2735 4928 acie
2771 4873 2879 4941 jam
2933 4873 3209 4942 disposita,
3242 4874 3349 4942 jam
3394 4887 3567 4941 pugna

1986 4966 2293 5028 commissa.
2348 4981 2467 5020 cum
2509 4966 2783 5020 innumera
2839 4965 2985 5018 illum
3030 4974 3283 5019 vocarent
3334 4966 3567 5033 negotia,

1986 5057 2170 5112 relicta
2197 5056 2311 5111 acie
2336 5057 2403 5110 ad
2430 5055 2757 5110 visitandum
2787 5055 3087 5125 quempiam
3116 5056 3348 5110 amicum
3381 5070 3439 5108 se
3466 5056 3571 5108 alio

1985 5146 2253 5212 conferre,
2285 5161 2410 5200 num
2438 5160 2600 5216 quam
2621 5145 2779 5199 aliam
2818 5145 3099 5213 majorem,
3127 5160 3326 5215 quaeso,
3348 5146 3572 5199 demon-

1986 5240 2299 5295 strationem
2332 5254 2602 5307 qumreres
2646 5241 2815 5308 ipsius
2840 5253 2963 5308 erga
2998 5238 3265 5292 hominem
3297 5240 3439 5292 illum
3470 5240 3566 5292 be-

1985 5330 2335 5387 nevolcutiac?
2355 5331 2469 5385 Non
2498 5331 2743 5401 equidem
2799 5331 3045 5385 arbitror.
3073 5329 3182 5384 Hoc
3222 5330 3379 5398 igitur
3402 5338 3455 5382 et
3498 5328 3565 5381 de

1984 5421 2147 5479 Paulo
2194 5422 2454 5492 Petroquc
2475 5424 2737 5477 existima.
2781 5422 3057 5490 Siquidem
3091 5420 3176 5475 hic
3220 5419 3561 5489 quoquchel-

1983 5515 2094 5570 lum
2122 5529 2282 5584 grave
2309 5513 2591 5569 conflatum
2622 5524 2756 5579 erat,
2782 5524 2835 5569 et
2862 5515 3004 5568 acies
3039 5524 3089 5568 et
3117 5528 3289 5583 pugna
3320 5521 3433 5565 erat
3455 5525 3560 5564 non

1983 5605 2238 5660 adversus
2262 5605 2502 5659 homines
2525 5614 2750 5671 tantum,
2780 5605 2872 5659 sed
2904 5612 2960 5659 et
2988 5603 3242 5658 adversus
3270 5602 3558 5671 principes,

1987 5704 2245 5759 adversus
2275 5710 2590 5773 potestates,
2632 5702 2887 5757 adversus
2929 5702 3108 5758 mundi
3152 5706 3557 5760 rcctorestcue-
