4060 6260
507 262 612 323 379

507 385 731 440 brarum
760 381 946 439 saeculi
972 381 1137 451 hujus
1160 381 1320 453 (Eph.
1343 384 1398 440 6.
1423 383 1534 455 12),
1555 383 1691 440 etde
1713 384 1890 440 salute
1906 382 2085 438 homi-

508 490 640 530 num
667 473 976 546 pugna:sic
998 483 1179 529 tamen
1213 461 1433 531 Petrum
1464 477 1837 542 reverebatur,
1864 483 1924 530 ut
1953 489 2081 530 cum

497 577 640 623 tanta
676 569 996 636 immineret,
1037 578 1354 640 urgeretque
1375 567 1690 634 necessitas,
1717 565 1786 622 ad
1817 566 1964 619 illum
1993 579 2083 620 ex-

493 668 736 714 curreret
757 659 1165 732 Jerosolymam,
1206 671 1260 716 et
1291 675 1413 714 cum
1459 659 1597 728 apud
1622 674 1744 714 eum
1776 656 2078 729 quindecim

489 747 606 804 dies
630 749 933 815 mansisset,
967 760 1078 804 tum
1105 750 1319 805 demum
1349 749 1566 805 rediret.
1591 747 1924 819 Cognovistis
1969 747 2083 802 for-

500 839 784 894 titudinetn
816 840 979 906 Petri,
1011 840 1274 896 didicistis
1296 841 1602 896 comitatem
1631 840 1774 894 Pauli
1801 853 1926 909 erga
1957 852 2082 892 om-

491 944 585 984 nes
615 931 909 1002 apostolos,
941 948 1063 1003 erga
1090 932 1262 1003 ipsum
1309 932 1521 988 Petrum
1555 949 1570 984 :
1611 932 1722 1001 jam
1751 945 1970 986 necesse
1999 936 2082 984 est

487 1019 552 1074 ad
589 1021 759 1092 ipsam
802 1025 1111 1092 quaestionis
1144 1022 1462 1078 solutionem
1513 1023 1806 1078 veniamus.
1833 1021 1890 1076 Si
1936 1021 2079 1076 enim

487 1120 542 1164 et
567 1111 654 1168 hic
675 1112 889 1167 Petrum
919 1115 1152 1180 alnabat,
1183 1122 1236 1168 et
1261 1114 1350 1168 ille
1371 1112 1584 1168 timidus
1608 1121 1698 1167 aut
1726 1127 1912 1183 parum
1937 1121 2078 1166 stre-

495 1219 634 1260 nuus
674 1220 780 1261 non
816 1215 950 1272 erat,
991 1215 1048 1262 et
1090 1207 1360 1262 contentio
1389 1221 1452 1262 ac
1493 1205 1840 1261 contradictio
1875 1205 1960 1260 illa
2013 1219 2080 1259 ex

494 1297 674 1352 animo
700 1308 944 1368 suscepta
966 1313 1072 1353 non
1100 1308 1236 1366 erat,
1265 1299 1389 1369 quid
1414 1299 1513 1354 sibi
1546 1299 1655 1353 vult
1676 1299 1773 1354 ista
1806 1297 2080 1352 narratio?

494 1397 586 1442 aut
622 1405 724 1459 qua
763 1390 830 1446 de
857 1405 1019 1446 causa
1043 1390 1158 1445 haec
1180 1391 1504 1462 dispensatio
1532 1390 1726 1446 ﬁebat?

566 1479 620 1533 9.
661 1480 773 1534 Hoc
803 1481 921 1536 loco
949 1481 1231 1548 advertite,
1276 1482 1588 1552 animosque
1631 1489 1840 1536 vestros
1867 1479 2075 1550 erigite,

494 1585 560 1626 ae
607 1573 889 1642 diligenter
935 1575 1228 1642 attendite,
1265 1584 1322 1630 ut
1349 1574 1684 1630 manifestam
1713 1573 2078 1630 defensionem

497 1664 821 1735 intelligatis.
872 1667 1078 1737 Quippe
1120 1668 1408 1723 absurdum
1440 1675 1584 1723 esset
1621 1683 1707 1722 me
1745 1667 1835 1738 qui
1881 1675 2077 1722 terram

493 1755 708 1821 eﬂ‘odio,
760 1766 962 1813 tantum
1002 1759 1238 1814 laborem
1289 1760 1594 1825 exantlare,
1635 1773 1732 1814 vos
1761 1767 1961 1824 autem,
1987 1755 2078 1827 qui

493 1847 643 1902 nullo
690 1849 900 1918 negotio
929 1847 1088 1905 visuri
1131 1851 1260 1906 estis
1310 1867 1521 1917 aurum,
1563 1866 1672 1920 prae
1713 1851 1876 1906 nimia
1905 1864 2080 1904 socor-

494 1937 582 1993 dia
603 1947 806 1994 tantum
835 1941 1042 1997 lucrum
1064 1943 1489 2013 praetermittere.
1518 1941 1749 1999 Necesse
1766 1951 1849 1997 est
1875 1950 2075 2007 autem,

497 2036 556 2083 ut
589 2031 846 2086 orationis
875 2031 1082 2087 initium
1111 2033 1272 2089 altius
1303 2041 1640 2103 repetamus,
1689 2041 1748 2088 ut
1794 2031 2076 2088 clariorem

495 2118 647 2174 vobis
670 2119 965 2177 doctrinam
993 2124 1298 2180 reddamus.
1347 2125 1635 2195 Postquam
1663 2124 1804 2180 enim
1830 2125 1884 2179 in
1917 2123 2078 2178 crelos

493 2209 651 2266 Jesus
700 2227 948 2268 reversus
993 2223 1108 2280 est,
1142 2215 1350 2285 expleta
1395 2231 1553 2286 quam
1577 2225 1759 2272 nostra
1804 2231 1960 2271 causa
1988 2230 2079 2270 su-

494 2312 740 2371 sceperat
786 2302 1202 2372 dispensatione,
1252 2305 1474 2360 verbum
1519 2305 1775 2362 doctrinae
1801 2307 1912 2362 suis
1948 2306 2078 2362 reli-

493 2391 608 2458 quit
631 2393 907 2460 apostolis,
941 2401 1000 2448 ut
1035 2396 1109 2449 ait
1157 2394 1368 2462 Paulus,
1405 2395 1472 2450 Et
1501 2397 1667 2468 posuit
1703 2397 1758 2451 in
1790 2398 1932 2452 nobis
1968 2414 2078 2451 ver-

493 2481 609 2533 bum
637 2483 1093 2550 reconciliationis;
1122 2497 1172 2543 et
1207 2503 1412 2556 rursus,
1447 2489 1552 2544 Pro
1597 2489 1796 2545 Christo
1827 2491 2077 2562 legatione

492 2572 774 2642 fungimur,
815 2585 1055 2645 tanquam
1080 2577 1189 2632 Deo
1216 2582 1512 2636 exhortante
1538 2597 1627 2648 per
1657 2598 1750 2635 nos
1771 2581 1847 2650 (2.
1872 2581 1990 2635 Cor.
2015 2583 2068 2636 5.

492 2660 580 2717 l9.
609 2661 736 2730 20):
777 2663 881 2720 hoc
917 2675 1018 2733 est,
1050 2669 1167 2724 vice
1207 2669 1427 2724 Christi.
1470 2671 1619 2726 Tunc
1645 2671 1804 2742 igitur
1832 2686 1952 2726 cum
1978 2687 2075 2742 per

491 2753 797 2810 universum
835 2760 1020 2814 orbem
1063 2771 1322 2818 terrarum
1377 2763 1463 2818 isti
1507 2764 1884 2835 pradicabant,
1931 2765 2072 2819 nulla

489 2852 606 2898 erat
633 2843 881 2913 haeresis;
927 2851 1022 2906 sed
1068 2861 1254 2908 natura
1311 2855 1485 2908 omnis
1549 2853 1780 2909 humana
1826 2854 1933 2909 duo
1977 2854 2075 2909 ha-

489 2933 648 2991 bebat
685 2938 799 2994 haec
839 2941 1107 3012 dogmata,
1147 2960 1310 3000 unum
1337 2955 1540 3000 rectum
1589 2954 1644 3001 et
1681 2959 1893 3013 sanum,
1938 2946 2074 3002 alte—

488 3038 604 3080 rum
625 3039 932 3100 corruptum
976 3043 1028 3087 et
1056 3049 1297 3105 pravum.
1330 3035 1436 3090 Aut
1467 3035 1609 3091 enim
1635 3037 1861 3106 gentiles
1885 3051 2072 3092 omnes

488 3126 642 3172 erant
699 3122 845 3177 orbis
874 3123 1084 3191 incolae,
1127 3137 1219 3182 aut
1249 3127 1417 3183 Judaei
1452 3145 1466 3182 :
1501 3144 1677 3199 neque
1723 3129 2066 3196 ManichmuS.

488 3221 660 3276 neque
705 3211 938 3268 Marcion
965 3257 979 3279 ,
1021 3233 1195 3287 neque
1240 3219 1551 3276 Valentinus
1576 3261 1592 3286 ,
1625 3235 1724 3276 nec
1771 3222 1906 3276 alius
1933 3222 2071 3277 ullus

487 3299 704 3352 omnino
728 3312 842 3356 erat
871 3320 884 3355 :
915 3305 1041 3374 quid
1067 3308 1208 3360 enim
1229 3311 1418 3363 attinet
1455 3325 1641 3364 omnes
1679 3310 1910 3367 hzereses
1934 3327 2070 3366 enu-

487 3389 738 3444 merare?
780 3392 1040 3464 siquidem
1080 3407 1202 3466 post
1249 3399 1481 3454 triticum
1533 3409 1659 3456 tunc
1707 3401 2070 3471 proseminata

484 3486 610 3533 sunt
643 3481 862 3551 zizania,
893 3487 1039 3541 varia
1063 3487 1310 3543 nimirum
1337 3488 1602 3547 hzeresum
1628 3492 1949 3563 corruptela.
1989 3495 2069 3550 Ac

483 3572 700 3628 Judaros
751 3575 964 3645 quidem
1014 3577 1175 3634 Petro
1195 3581 1497 3648 commisit,
1538 3583 1828 3652 gentilibus
1887 3595 2067 3639 autem

485 3664 704 3720 Paulum
735 3668 1242 3735 przefecitChristus.
1271 3674 1334 3727 Et
1353 3673 1454 3728 hoc
1479 3688 1509 3729 a
1545 3690 1633 3730 me
1659 3674 1776 3746 ipso
1799 3690 1904 3730 non
1923 3677 2063 3744 dico,
2094 3749 2106 3756 _

483 3757 577 3812 sed
609 3757 774 3828 ipsius
798 3759 944 3816 Pauli
985 3763 1145 3818 verba
1176 3765 1302 3821 licet
1328 3766 1514 3822 audire
1545 3784 1556 3820 :
1589 3766 1692 3832 Qui
1717 3768 1850 3822 enim
1878 3784 2064 3838 opera-

484 3858 566 3904 tus
583 3861 654 3904 est
675 3851 828 3907 Petro
849 3854 900 3908 in
916 3858 1254 3925 apostolatum
1296 3859 1707 3928 circumcisionis,
1739 3870 1974 3932 operatus
1991 3872 2066 3917 est

482 3949 530 3993 et
559 3941 702 4008 mihi,
727 3943 918 4014 inquit,
960 3945 1091 4001 inter
1135 3959 1303 4019 gentes
1328 3948 1471 4019 (Gal.
1487 3949 1544 4005 2.
1569 3951 1628 4020 8)
1657 3969 1672 4006 :
1699 3933 2064 4008 circumcisio-

482 4045 605 4086 nem
637 4031 738 4089 hoc
775 4035 893 4091 loco
919 4037 1087 4108 ipsam
1135 4042 1401 4096 nationem
1429 4043 1725 4113 appellans.
1766 4044 1917 4099 Unde
1937 4060 2065 4101 vero

481 4120 532 4175 id
560 4125 802 4178 constat?
849 4127 927 4180 Ex
966 4143 1031 4182 eo
1058 4131 1199 4198 quod
1237 4131 1466 4186 additur.
1507 4132 1639 4187 Cum
1675 4135 1818 4189 enim
1848 4135 2060 4200 dixerit,

484 4210 585 4278 Qui
630 4225 866 4281 operatus
889 4228 962 4270 est
996 4217 1150 4272 Petro
1186 4219 1240 4273 in
1267 4221 1604 4289 apostolatum
1639 4225 2058 4290 circumcisionis,

479 4311 713 4371 operatus
732 4315 804 4359 est
832 4307 975 4374 mihi,
999 4309 1186 4380 inquit,
1212 4312 1343 4366 inter
1357 4322 1544 4383 gentes,
1577 4313 1678 4371 hoc
1707 4317 1955 4372 nimirum
1980 4318 2060 4372 in-

478 4393 693 4464 dicavit,
717 4397 782 4452 ad
802 4397 1196 4458 distinctionem
1223 4406 1458 4475 gentium
1480 4407 1940 4464 circumcisionem
1972 4425 2062 4480 po-

476 4483 631 4540 sitam
660 4502 800 4544 esse.
843 4489 924 4544 Ad
969 4491 1361 4551 distinctionem
1402 4512 1529 4552 vero
1551 4502 1786 4569 gentium
1817 4517 1920 4556 non
1949 4503 2057 4558 cir-

475 4580 750 4646 cumcisio,
781 4583 875 4638 sed
902 4583 1071 4640 Judaei
1105 4598 1250 4655 sunt,
1303 4605 1438 4659 quos
1482 4607 1576 4661 per
1599 4575 2056 4651 circumcisionein

476 4671 829 4730 subindicavit
861 4693 875 4730 :
907 4679 1054 4747 quasi
1084 4680 1307 4749 diceret,
1361 4682 1463 4751 Qui
1489 4696 1741 4754 operatus
1775 4697 1857 4741 est
1895 4688 2057 4744 Petro

475 4761 528 4815 in
555 4766 904 4832 apostolatum
935 4769 1261 4839 Judreorum,
1289 4786 1538 4844 operatus
1557 4785 1640 4832 est
1667 4787 1722 4832 et
1758 4779 1886 4833 mihi
1918 4779 2057 4834 inter

473 4864 674 4923 gentes.
727 4857 796 4913 Ut
821 4861 964 4916 enim
1006 4878 1100 4917 rex
1138 4867 1382 4934 sapiens,
1415 4870 1502 4939 qui
1550 4868 1771 4926 idoneos
1812 4888 2054 4942 quosque

475 4947 639 5014 probe
664 4951 900 5015 noverit,
936 4952 1089 5008 alteri
1119 4957 1330 5025 quidem
1366 4960 1416 5013 in
1447 4961 1687 5030 equites,
1730 4963 1881 5018 alteri
1924 4979 2052 5019 vero

473 5034 524 5088 iu
553 5037 754 5105 pedites
778 5045 1059 5099 committit
1095 5046 1370 5115 imperium
1398 5065 1412 5103 :
1438 5050 1516 5106 sic
1542 5052 1789 5108 nimirum
1816 5063 1870 5108 et
1893 5054 2051 5110 Chri-

471 5137 584 5182 stus
600 5145 719 5185 cum
739 5131 1038 5189 iuhasduas
1059 5148 1233 5207 partes
1254 5154 1405 5195 suum
1423 5143 1714 5198 exercitum
1753 5145 2044 5214 divisisset,

469 5219 684 5278 Judaeos
729 5225 940 5294 quidem
969 5227 1144 5294 Petro,
1170 5233 1393 5300 gentiles
1417 5243 1594 5289 autem
1625 5235 1788 5290 Paulo
1823 5241 2050 5293 commi-

467 5315 554 5367 sit.
581 5318 656 5370 Ac
675 5317 796 5373 licet
815 5319 1011 5376 diversi
1027 5324 1132 5378 siut
1151 5326 1434 5389 exercitus.
1455 5327 1567 5383 Rex
1591 5337 1770 5384 tamen
1789 5339 1871 5385 est
1889 5347 2045 5387 unus.

469 5403 537 5459 Ut
584 5408 724 5464 enim
765 5410 871 5466 illic
914 5412 1199 5470 discrimen
1224 5418 1549 5473 exercituum
1576 5421 1626 5474 in
1657 5436 1924 5477 armorum
1947 5438 2044 5492 ap-

467 5506 672 5562 paratu,
703 5515 808 5556 non
836 5503 888 5558 in
929 5503 1203 5561 hominum
1248 5503 1433 5565 natura
1459 5513 1738 5567 consistit:
1767 5514 1844 5569 sic
1883 5516 2042 5570 nimi-

465 5597 585 5640 rum
603 5598 656 5642 et
677 5589 761 5646 hic
780 5593 1077 5652 differentia
1122 5599 1173 5652 in
1205 5601 1390 5672 exigua
1411 5603 1636 5672 quadam
1658 5605 1835 5662 carnis
1855 5607 2042 5679 ﬁgura,

465 5688 573 5730 non
600 5692 651 5732 In
681 5681 987 5742 substantiae
1008 5687 1312 5749 diversitate
1341 5694 1593 5752 cernitur.

1209 265 1270 323 S.
1307 264 1592 324 JOANNIS
1625 265 2122 325 CHRYSOSTOMI
2157 265 2478 324 ARCHIEP.
2519 266 3054 327 CONSTANTINOP.

3663 269 3768 328 580

2260 384 2345 441 i0.
2366 384 2468 441 Cur
2488 390 2754 458 praefectus
2779 389 2928 456 fuerit
2951 387 3149 441 Paulus
3162 386 3449 458 gentilibus,
3472 385 3655 442 Petrus
3670 387 3766 441 Ju-

2184 475 2330 532 dteis.
2346 478 2879 545 —Quemadmodum
2896 495 3025 549 ergo
3043 479 3306 542 dicebam,
3329 479 3487 534 ambo
3507 491 3660 536 erant
3684 480 3768 538 his

2185 569 2507 626 exercitibus
2543 570 2800 641 przefecti.
2840 573 2917 626 Ac
2943 571 3044 626 nisi
3086 571 3220 627 forte
3259 572 3518 642 prolixior
3557 573 3768 628 videtur

2183 659 2376 727 oratio,
2405 661 2449 715 si
2480 660 2674 717 defessi
2702 676 2806 716 non
2833 663 2982 727 estis,
3025 663 3247 718 alteram
3286 665 3444 718 etiam
3465 665 3619 721 vobis
3639 680 3768 721 cau-

2183 763 2298 803 sam
2323 750 2585 820 proferam
2607 794 2623 819 ,
2655 753 2724 808 ob
2743 768 2899 823 quam
2930 754 3014 808 isti
3053 753 3243 820 Judaei,
3277 755 3353 809 illi
3384 771 3513 812 vero
3543 758 3769 827 gentiles

2183 848 2308 895 sunt
2333 841 2543 897 crediti.
2567 842 2839 913 Siquidem
2861 845 3157 914 quastione
3179 861 3284 900 non
3304 845 3515 916 Indigna
3545 861 3634 902 res
3654 861 3756 914 est,

2183 947 2342 1001 quam
2385 933 2598 989 tandem
2620 935 2689 990 ob
2715 950 2954 1003 causam,
2985 937 3072 1006 qui
3104 945 3209 990 tam
3233 946 3418 993 exacte
3443 939 3668 1008 patriam
3693 941 3771 995 le-

2183 1038 2300 1093 gem
2342 1024 2619 1091 didicerat,
2651 1027 2740 1096 qui
2770 1027 2836 1082 ad
2868 1027 3030 1097 pedes
3057 1026 3361 1084 Gamaliclis
3409 1029 3499 1084 diu
3538 1030 3767 1098 vixerat,

2181 1113 2272 1183 qui
2317 1114 2608 1169 secundum
2629 1116 2910 1186 justitiam,
2941 1132 3062 1188 quae.
3103 1118 3155 1172 in
3188 1117 3303 1188 lege
3345 1127 3458 1185 est,
3497 1120 3615 1174 sine
3638 1135 3768 1189 que-

2183 1207 2293 1260 rela
2337 1217 2682 1263 conversatus
2724 1219 2873 1274 erat,
2916 1226 3021 1264 non
3054 1209 3124 1265 illi
3161 1209 3466 1266 Judteorum
3509 1227 3638 1266 cura
3666 1212 3765 1267 de-

2183 1301 2482 1370 mandatur,
2513 1304 2606 1358 sed
2624 1305 2931 1374 gentilium;
2961 1305 3208 1373 piscatori
3240 1315 3415 1361 autem
3443 1314 3497 1360 et
3516 1307 3765 1362 illiterate

2182 1393 2377 1459 Petro,
2419 1395 2506 1464 qui
2536 1395 2667 1450 nihil
2698 1396 2803 1451 tale
2831 1407 3070 1464 noverat,
3102 1397 3404 1452 Judzeorum
3436 1407 3519 1452 est
3563 1399 3762 1454 credita

2183 1483 2520 1553 prtefectura.
2553 1485 2770 1540 Confert
2812 1488 2954 1541 cnim
2987 1487 3256 1557 quidpiam
3276 1487 3430 1542 nobis
3461 1487 3528 1542 ad
3545 1489 3756 1543 solutio-

2183 1589 2305 1629 nem
2331 1575 2470 1645 quod
2497 1575 2710 1642 dicitur,
2735 1577 2780 1630 si
2822 1586 2967 1633 recte
3000 1576 3133 1632 illud
3164 1577 3428 1647 possimus
3455 1577 3624 1633 effari.
3652 1578 3758 1634 Ne-

2181 1680 2286 1734 que
2327 1665 2467 1720 enim
2504 1664 2606 1720 hoc
2629 1665 2836 1721 causari
2863 1666 3006 1732 licet,
3033 1681 3156 1721 eum
3181 1683 3302 1722 cum
3331 1676 3665 1723 cunctantem
3699 1684 3765 1724 ac

2181 1755 2569 1811 detrectantem
2615 1757 2838 1812 vidisset
2878 1757 3104 1815 Paulum
3153 1767 3501 1828 cognatorum
3537 1773 3754 1814 suorum

2183 1845 2548 1916 praefecmram
2570 1847 2841 1918 defugere,
2869 1849 3102 1904 noluisse
3118 1849 3194 1904 illi
3218 1851 3324 1904 vim
3342 1849 3540 1915 facere,
3564 1858 3618 1905 et
3636 1865 3761 1905 eum

2181 1953 2391 2010 cogere.
2411 1938 2522 1994 lmo
2537 1954 2664 1996 vero
2680 1941 3003 1995 contrarium
3032 1957 3142 2011 prae
3167 1955 3226 1996 se
3251 1941 3464 1998 tulerat.
3482 1941 3599 1997 Non
3617 1943 3760 1997 enim

2183 2039 2386 2085 tantum
2412 2030 2716 2086 Judaeorum
2737 2032 3104 2102 praefecturam
3128 2048 3234 2086 non
3263 2032 3483 2102 defugit,
3515 2033 3610 2087 sed
3631 2042 3685 2088 et
3702 2048 3765 2088 se

2181 2115 2384 2185 primus
2411 2114 2642 2180 obtulit,
2673 2122 2729 2170 et
2775 2130 2896 2170 cum
2929 2114 3174 2170 Christus
3227 2117 3543 2186 praeciperet
3588 2124 3644 2169 ut
3692 2116 3762 2169 ad

2178 2216 2364 2277 gentes
2385 2207 2574 2274 abiret,
2604 2207 2717 2276 ipse
2759 2209 2889 2277 petit
2915 2216 2974 2262 ut
2999 2207 3098 2263 sibi
3123 2207 3430 2264 Iudaeorum
3461 2223 3586 2264 cura
3609 2223 3762 2264 com-

2181 2300 2420 2353 mittatur
2447 2313 2460 2350 :
2488 2307 2544 2353 et
2570 2297 2845 2353 innumera
2871 2313 2991 2354 cum
3038 2299 3106 2354 ab
3139 2299 3218 2354 eis
3247 2299 3386 2354 illata
3412 2299 3549 2354 mala
3576 2308 3762 2368 pertu-

2179 2389 2366 2457 lisset,
2393 2390 2548 2460 eique
2576 2398 2760 2460 gentes
2786 2389 3010 2445 docendi
3042 2390 3313 2460 provincia
3362 2399 3506 2446 esset
3537 2389 3760 2458 credita,
3853 2457 3858 2460 _

2179 2497 2278 2552 pro
2298 2483 2403 2538 illis
2449 2482 2720 2554 deprecari
2752 2498 2858 2537 non
2888 2493 3094 2549 cessat,
3121 2482 3304 2538 dicens
3345 2498 3485 2538 nunc
3523 2483 3759 2553 quidem,

2182 2571 2433 2642 Optabam
2466 2589 2572 2626 esse
2611 2572 2881 2626 anathema
2921 2588 3015 2642 pro
3068 2572 3311 2641 fratribus
3353 2573 3497 2639 meis,
3538 2573 3762 2644 cognatis

2177 2666 2302 2720 meis
2320 2665 2591 2720 secundum
2611 2680 2812 2718 carnem
2835 2663 3008 2734 (Rom.
3032 2664 3085 2718 9.
3109 2665 3168 2734 3)
3189 2683 3202 2718 :
3231 2680 3372 2720 nunc
3391 2676 3566 2720 autem
3586 2709 3601 2731 ,
3625 2665 3764 2720 Fra-

2178 2767 2297 2821 tres,
2325 2757 2554 2811 voluntas
2583 2773 2714 2823 mea,
2744 2765 2791 2810 et
2809 2757 3084 2811 obsecratio
3111 2757 3178 2810 ad
3198 2756 3394 2823 Deum,
3435 2776 3528 2829 pro
3556 2759 3657 2812 illis
3685 2768 3765 2813 est

2175 2849 2228 2903 in
2253 2847 2658 2919 salutem(Rom.
2689 2847 2776 2902 l0.
2811 2849 2887 2918 1).
2917 2847 3023 2902 Cur
3044 2848 3202 2918 igitur
3244 2863 3365 2904 cum
3420 2849 3581 2904 vellet
3619 2850 3760 2918 ipse,

2175 2955 2240 2996 ac
2273 2950 2586 3011 percuperet
2607 2940 2726 2995 illos
2745 2939 2961 3006 docere,
2990 2955 3096 2994 non
3124 2940 3364 3010 permisit
3384 2950 3444 2995 ut
3468 2941 3596 3011 ipsis
3620 2956 3765 3009 prte-

2175 3031 2398 3098 dicaret,
2440 3030 2533 3084 sed
2571 3030 2688 3085 loco
2732 3029 2945 3084 illorum
2987 3028 3265 3086 doctorem
3306 3031 3475 3099 ipsum
3513 3031 3766 3100 gentibus

2175 3121 2352 3176 misit?
2392 3121 2683 3176 Audiamus
2707 3119 2977 3175 Christum
3006 3121 3177 3190 ipsum
3199 3120 3484 3185 dicentem,
3521 3131 3575 3176 et
3623 3121 3766 3176 Pau-

2175 3213 2285 3267 lum
2313 3227 2427 3268 rem
2446 3227 2660 3267 onmem
2682 3220 2984 3267 narrantem
3016 3227 3029 3264 :
3063 3210 3280 3266 Factum
3305 3223 3376 3268 est
3399 3213 3544 3278 mihi,
3569 3213 3764 3282 inquit,

2173 3305 2339 3358 oranti
2367 3305 2478 3373 ﬁeri
2499 3321 2577 3358 me
2601 3305 2655 3357 in
2677 3313 2884 3374 stupore
2911 3305 3113 3372 mentis,
3136 3315 3183 3358 et
3210 3305 3374 3360 uidere
3397 3305 3654 3361 Christum
3681 3307 3767 3359 di-

2171 3404 2364 3450 centem
2399 3395 2573 3449 mihi:
2597 3393 2828 3462 Festina,
2869 3405 2916 3450 et
2957 3397 3038 3450 exi
3065 3397 3326 3463 velociter,
3371 3398 3610 3467 quoniam
3654 3415 3764 3452 non
3863 3435 3870 3441 -

2172 3487 2414 3557 recipient
2438 3487 2776 3541 testimonium
2799 3497 2940 3541 tuum
2965 3487 3028 3542 de
3054 3503 3134 3542 me
3152 3487 3286 3558 (Act.
3309 3487 3402 3541 22.
3427 3489 3513 3543 Π.
3547 3489 3663 3558 l8).
3689 3489 3767 3544 Et

2172 3592 2387 3632 causam
2413 3576 2549 3632 dixit
2577 3575 2953 3647 profectionis;
2993 3577 3118 3633 odio
3163 3577 3434 3634 habebunt
3457 3587 3530 3646 te,
3563 3578 3762 3650 inquit,

2170 3682 2227 3726 et
2268 3669 2655 3725 aversabuntur
2686 3686 2701 3722 :
2729 3679 3006 3740 propterea
3042 3678 3095 3724 te
3121 3669 3400 3725 docentem
3428 3685 3533 3724 non
3561 3670 3759 3726 ferent.

2169 3761 2332 3832 Atqui
2354 3761 2455 3817 hoc
2479 3761 2652 3832 ipsum
2678 3761 2927 3818 idoneum
2971 3769 3088 3817 erat
3114 3761 3183 3816 ad
3208 3761 3366 3818 fidem
3395 3761 3468 3816 illi
3495 3762 3633 3832 apud
3659 3778 3762 3818 eos

2169 3850 2382 3908 docenti
2405 3852 2814 3918 conciliandam,
2844 3861 2900 3908 et
2925 3851 2991 3907 ad
3013 3853 3439 3923 persuadendum
3467 3853 3570 3908 illis
3607 3853 3759 3910 illam

2170 3946 2518 4002 mutationem
2547 3945 2835 4000 humanam
2879 3959 2987 4000 non
3029 3944 3214 4001 fuisse.
3242 3944 3424 4015 Neque
3448 3947 3589 4000 enim
3615 3945 3757 4001 adeo

2169 4036 2432 4094 furentem
2458 4045 2511 4092 et
2538 4037 2616 4092 ira
2643 4051 2978 4101 succensum,
2997 4051 3062 4091 ac
3086 4036 3287 4092 caedem
3305 4037 3617 4106 spirantem,
3649 4052 3756 4093 ne-

2167 4147 2270 4203 que
2294 4133 2546 4186 miracula
2570 4131 2782 4188 facienti
2803 4131 3016 4187 Christo
3037 4130 3365 4198 credentem,
3397 4147 3572 4202 neque
3619 4146 3753 4201 apo-

2167 4224 2322 4278 stolis
2337 4223 2471 4292 ejus,
2494 4233 2734 4278 mortuos
2750 4223 3144 4287 suscitantihus,
3166 4224 3423 4292 potuisset
3446 4222 3606 4276 homo
3632 4237 3756 4276 um-

2166 4331 2325 4386 quam
2352 4315 2405 4370 in
2445 4315 2623 4370 medio
2665 4316 2783 4386 ipso
2811 4315 2990 4371 furore
3015 4325 3240 4379 mutare,
3280 4323 3443 4386 atque
3481 4315 3627 4370 illum
3676 4315 3750 4370 ita

2165 4407 2403 4474 flectere,
2449 4416 2509 4462 ut
2531 4407 2898 4462 vehementem
2923 4407 3071 4461 illum
3123 4405 3405 4472 affectum,
3448 4419 3605 4475 quem
3649 4404 3750 4458 ad-

2165 4514 2353 4556 versus
2402 4500 2834 4570 praedicationem
2881 4500 3033 4555 verbi
3081 4514 3193 4569 pm
3239 4514 3299 4554 se
3329 4498 3551 4564 ferebat,
3579 4507 3745 4554 totum

2163 4604 2324 4664 atque
2368 4592 2504 4648 adeo
2558 4592 2816 4662 majorem
2847 4607 2944 4662 pro
2968 4591 3306 4646 confessione
3324 4589 3518 4646 Christi
3542 4605 3653 4661 prie
3689 4604 3748 4644 se

2163 4685 2362 4742 ferret:
2394 4685 2486 4740 sed
2511 4700 2634 4740 vere
2661 4684 2854 4739 divina:
2873 4684 3082 4739 virtutis
3109 4699 3246 4754 opus
3270 4682 3473 4739 exstitit
3502 4683 3589 4737 illa
3618 4697 3747 4738 con-

2163 4778 2340 4834 versio
2389 4792 2451 4832 ac
2505 4777 2750 4831 mutatio.

2233 4873 2321 4926 il.
2363 4871 2534 4940 Atque
2572 4869 2674 4926 hoc
2716 4871 2889 4941 ipsum
2928 4870 3086 4925 etiam
3116 4869 3314 4924 Paulus
3336 4911 3350 4930 .
3378 4884 3499 4924 cum
3529 4879 3748 4938 cuperet

2161 4964 2370 5018 illorum
2407 4962 2776 5033 prmfecturam
2803 4963 2902 5018 sibi
2929 4962 3146 5029 deferri,
3169 4960 3439 5016 Christum
3469 4960 3749 5031 alloquens

2160 5055 2446 5125 objiciebat
2477 5073 2490 5108 :
2521 5053 2752 5118 Domine,
2781 5054 2880 5124 ipsi
2907 5055 3093 5119 sciunt,
3115 5053 3235 5123 quia
3257 5068 3348 5122 ego
3373 5068 3514 5106 eram
3539 5051 3750 5105 conclu-

2159 5148 2282 5202 dens
2301 5148 2354 5201 in
2381 5163 2649 5212 carcerem,
2678 5155 2726 5201 et
2755 5147 2953 5202 eludens
2983 5162 3065 5200 eos
3085 5145 3170 5217 qui
3188 5143 3454 5198 credebant
3481 5144 3535 5196 in
3563 5159 3747 5196 nomen

2159 5251 2338 5305 tuum;
2380 5248 2428 5294 et
2470 5257 2584 5293 cum
2614 5239 2908 5310 funderetur
2935 5237 3141 5307 sanguis
3181 5235 3466 5305 Stephani,
3509 5235 3751 5304 martyris

2157 5333 2250 5398 tui,
2274 5347 2364 5401 ego
2391 5331 2755 5385 consentiebant
2774 5329 2901 5382 credi
2915 5330 3024 5398 ejus
3045 5327 3180 5401 (Act.
3212 5327 3303 5381 22.
3328 5326 3412 5382 19.
3432 5325 3549 5396 20).
3573 5326 3639 5379 Et
3665 5325 3750 5378 in-

2155 5438 2286 5494 gens
2329 5423 2417 5478 illa
2455 5422 2657 5477 insania
2690 5431 2795 5475 tam
2821 5420 2994 5476 subito
3031 5420 3222 5475 factam
3253 5420 3605 5474 mutationem
3635 5432 3746 5470 non

2156 5531 2275 5572 esse
2305 5515 2538 5570 ostendit
2565 5515 2870 5580 humanam,
2903 5514 2995 5568 sed
3023 5513 3253 5568 divinam
3273 5555 3290 5581 ,
3330 5521 3386 5567 et
3404 5528 3433 5566 a
3465 5510 3611 5566 caelis
3638 5511 3753 5564 ori-.

2155 5610 2331 5679 ginem
2360 5607 2574 5663 ducere.
2607 5607 2742 5676 Quid
2774 5621 2902 5676 ergo
2921 5605 3194 5661 Christus?
3220 5603 3381 5670 Vade,
3410 5603 3652 5674 quoniam
3673 5601 3747 5652 ad

2157 5709 2325 5772 gentes
2366 5701 2513 5772 longe
2551 5711 2596 5757 te
2629 5701 2823 5756 mittam
2863 5699 3011 5775 (Act.
3042 5698 3132 5753 22.
3163 5697 3296 5770 21).
3330 5695 3518 5752 Nonne
3561 5694 3744 5766 igitur,
