4060 6260
384 397 486 452 579

383 521 533 590 ὅμως
565 513 738 578 οὕτως
781 511 957 584 ᾐδεῖτο
998 509 1090 562 τὸν
1119 507 1346 576 Πέτρον,
1383 501 1524 555 ὥστε
1569 499 1664 552 xal
1694 496 1961 564 τοσαύτης

386 585 632 673 ἀνάγκης
664 597 1018 669 ἐπικειμένης
1045 597 1141 648 καὶ
1185 587 1634 658 κατεπειγούσης,
1671 585 1964 673 ἐκδραμεῖν

387 691 454 746 δι’
479 668 683 745 ἐκεῖνον
733 690 810 750 είς
844 668 1212 757 Ἰεροσόλυμα,
1245 679 1340 732 καὶ
1389 679 1567 748 μεῖναι
1612 673 1750 743 πρὸς
1801 668 1968 757 αύτδν

389 777 600 850 ἡμέρας
631 755 944 834 δεκαπέντε,
975 771 1069 824 καλ⁴
1097 767 1218 822 τότε
1252 755 1970 850 ἐπανελθεῖνκἙγνωτεῄτὴν

391 844 640 937 ἀνδρείαν
705 863 798 916 τοῦ
845 862 1050 930 Πέτρου
1079 899 1093 922 ,
1141 855 1371 926 ἐμάθετε
1421 853 1520 922 τὴν
1574 844 1970 937 φιλοφροσύνην

393 931 630 1016 Παύλου,
656 949 754 1020 τὴν
783 949 911 1019 περὶ
937 947 1062 1009 τοὺς
1089 943 1417 1004 ἀποστόλους
1448 939 1678 999 πάντας,
1704 934 1802 1004 τὴν
1842 931 1971 1020 περὶ

395 1041 558 1095 αὑτὸν
584 1040 674 1092 τὸν
706 1018 910 1108 Πέτρον
931 1052 944 1063 ·
977 1034 1192 1100 ἀνάγκη
1225 1030 1410 1083 λοιπὸν
1437 1027 1530 1108 ἐπ)⁸
1571 1023 1668 1094 τὴν
1699 1021 1850 1074 λύσιν
1886 1018 1971 1108 ἐλέ

395 1129 506 1181 θεῖν
550 1124 645 1178 τοῦ
691 1105 1024 1194 ζητήματος.
1057 1121 1121 1171 El
1169 1117 1278 1187 γὰρ
1325 1115 1418 1169 καὶ
1461 1107 1614 1174 οὗτος
1663 1108 1833 1178 ἐφίλει
1880 1105 1971 1194 τὸν

395 1211 622 1285 Πέτρον,
647 1193 894 1270 κάκεῖνος
925 1205 1096 1268 δειλὸς
1141 1204 1238 1256 ούκ
1271 1197 1338 1272 ἦν
1383 1201 1478 1254 καὶ
1503 1197 1782 1285 ἄνανδρος,
1814 1194 1906 1285 καὶ
1936 1193 1968 1260 ή

396 1279 694 1368 φιλονεικία
721 1295 814 1349 καὶ
858 1297 892 1364 ἡ
932 1292 1241 1352 ἀντίστασις
1273 1289 1372 1341 ούκ
1403 1285 1509 1340 ἀπὸ
1533 1283 1712 1354 ψυχῆς
1738 1279 1970 1368 ἐγένετο,

393 1387 448 1439 τί
481 1386 610 1438 ποτέ
639 1385 755 1437 ἐστι
793 1381 854 1435 τὸ
884 1380 1207 1449 λεγόμενον;
1245 1376 1341 1428 καὶ
1381 1373 1522 1434 τίνος
1572 1370 1754 1444 ἕνεκεν
1801 1365 1973 1420 ταῦτα

399 1474 728 1544 ᾠκονομεῖτο
746 1487 761 1538 ;

468 1559 534 1610 θ’.
551 1556 814 1612 Ἐνταῦθα
827 1553 1140 1625 προσέχετε,
1159 1551 1253 1603 καὶ
1268 1545 1587 1617 διανάστητέ
1611 1561 1720 1616 μοι,
1741 1543 1831 1595 καὶ
1849 1558 1971 1593 συν-

395 1645 606 1698 τείνατε
636 1644 878 1707 ἑαυτοὺς,
911 1641 1050 1694 ὥστε
1070 1637 1323 1703 δέξασθαι
1350 1635 1495 1703 σαφῆ
1523 1634 1620 1704 τὴν
1651 1630 1968 1698 ἀπολογίαν.

398 1732 510 1785 Kal
539 1731 649 1800 γὰρ
679 1731 878 1782 ἄτοπον
911 1728 1010 1798 ἐμὲ
1037 1727 1135 1797 μὲν
1165 1725 1256 1778 τὸν
1284 1723 1686 1776 διασκάπτοντα
1722 1717 1972 1771 τοσοῦτον

399 1821 560 1874 πόνον
587 1819 894 1890 ὑπομένειν,
919 1817 1064 1886 ὑμᾶς
1081 1816 1138 1869 δέ
1164 1815 1290 1877 τοὺς
1315 1813 1376 1876 ἐξ
1405 1810 1652 1872 εὐκολίας
1682 1807 1975 1878 μέλλοντας

397 1907 460 1961 τὸ
484 1905 703 1980 χρύσίον
735 1909 886 1977 όρᾷν,
921 1907 987 1976 τῇ
1022 1903 1264 1976 ῥᾳθυμίᾳ
1288 1899 1349 1953 τὸ
1377 1899 1566 1971 κέρδος
1597 1897 1754 1950 τοῦτο
1794 1912 1974 1966 παρα-

397 1994 896 2067 δραμεῖν.Ἀνάγκη
927 1992 982 2046 δέ
1015 1991 1208 2063 μικρὸν
1243 1988 1500 2059 ἀνωτέρω
1523 1985 1614 2041 τὸν
1653 1984 1808 2052 λόγον
1838 1984 1977 2049 ἀγα-

397 2085 534 2150 γεῖν,
558 2081 698 2134 ὥστε
719 2079 1056 2150 σαφεστέραν
1085 2080 1212 2149 ὑμῖν
1245 2077 1466 2146 ποιῆσαι
1487 2073 1584 2144 τὴν
1605 2070 1972 2125 διδασκαλίαν.

410 2169 630 2239 Ἐπειδὴ
662 2170 770 2239 γὰρ
816 2168 1046 2239 ἀνῆλθεν
1086 2167 1166 2230 είς
1208 2165 1335 2226 τοὺς
1377 2161 1641 2232 οὐρανοὺς
1681 2161 1708 2212 6
1749 2157 1973 2229 Ἰησοῦς,

397 2256 498 2328 τὴν
532 2257 668 2325 ὺπέρ
693 2255 848 2325 ήμῶν
889 2253 1201 2323 οἰκονομίαν
1236 2249 1550 2321 πληρώσας,
1577 2247 1666 2301 τὸν
1692 2245 1848 2313 λόγον
1877 2246 1974 2314 τῆς

397 2343 742 2406 διδασκαλίας
770 2342 1027 2396 κατέλιπε
1059 2343 1170 2404 τοῖς
1198 2337 1391 2392 ἐαυτοῦ
1423 2335 1758 2400 ἀποστόλοις,
1795 2333 1978 2396 καθὼς

398 2429 609 2494 Παῦλός
639 2445 798 2502 φησι·
834 2428 1088 2498 Θέμενος
1112 2428 1181 2481 ἐν
1202 2425 1346 2495 ἡμῖν
1365 2425 1472 2478 τὸν
1498 2425 1684 2492 λόγον
1701 2423 1811 2492 τῆς
1839 2439 1978 2475 κατ-

296 2587 298 2590 ’
397 2515 708 2587 αλλαγῆςο
760 2517 853 2570 καὶ
888 2515 1084 2570 πάλιν·
1139 2514 1306 2580 ’Υπὲρ
1352 2510 1612 2580 Χριστοῦ
1658 2510 1978 2579 πρεσϐεύο-

395 2621 528 2673 μεν,
559 2605 639 2669 ὡς
666 2603 773 2657 τοῦ
801 2603 950 2658 Θεοῦ
979 2600 1476 2670 παρακαλοῦντος
1503 2599 1578 2651 δι’
1603 2597 1792 2667 ἡμῶν,
1821 2615 1978 2650 τουτ-

401 2687 570 2754 έστιν,
605 2689 725 2741 ἀντὶ
753 2687 1013 2758 Χριστοῦ.
1057 2689 1192 2738 Τὸτε
1235 2686 1433 2749 τοίνυν,
1475 2684 1639 2755 ήνίκα
1680 2687 1979 2755 ἐκήρυττον

400 2771 544 2830 οὗτοι
574 2775 712 2828 κατά
743 2776 840 2845 τὴν
871 2774 1196 2844 οἰκουμένην
1228 2772 1466 2839 ἅπασαν,
1504 2773 1719 2844 αἵρεσις
1755 2774 1980 2843 οὐδεμία

401 2859 504 2934 ἦν·
537 2865 684 2917 πᾶσα
710 2863 768 2916 δὲ
808 2865 841 2934 ή
879 2862 1039 2932 φύσις
1079 2861 1188 2916 τῶν
1225 2861 1527 2932 ἀνθρώπων
1558 2859 1650 2913 δύο
1691 2860 1864 2914 ταῦτα
1894 2859 1978 2912 δό-

402 2967 590 3021 γματα
637 2945 772 3020 εἶχε,
807 2949 865 3002 τὸ
916 2951 1016 3020 μὲν
1069 2949 1236 3017 ὑγιὲς,
1269 2949 1333 3002 τὸ
1377 2948 1434 3002 δέ
1479 2947 1982 3019 διεφθαρμένον.“Η

402 3039 512 3110 γὰρ
537 3038 816 3109 Ἕλληνες,
847 3039 880 3110 ἢ
921 3038 1240 3098 Ἰουδαῖοι,οί
1265 3037 1362 3110 τὴν
1393 3037 1495 3106 γῆν
1519 3037 1791 3100 οἰκοῦντες
1811 3036 1981 3090 ἀπαν-

400 3145 494 3192 τες
517 3124 655 3199 ἦσαν
678 3145 691 3158 ·
722 3125 845 3180 οὔτε
869 3128 926 3180 δέ
949 3128 1265 3196 Μανιχαῖος,
1303 3125 1426 3186 οὔτε
1456 3125 1741 3198 Μαρκίων,
1777 3125 1900 3180 οὔτε
1923 3126 1980 3178 δὲ

403 3217 778 3281 Οὐαλεντῐνος,
802 3216 902 3270 οὐκ
927 3215 1084 3279 ἄλλος
1114 3215 1290 3279 οὐδεὶς
1322 3216 1506 3279 ἁπλῶς
1521 3232 1535 3246 ·
1566 3215 1619 3267 τί
1642 3215 1750 3286 γὰρ
1773 3217 1853 3270 δεῖ
1877 3215 1982 3268 πά-

405 3324 506 3371 σας
537 3306 854 3376 καταλέγειν
879 3305 978 3369 τάς
1001 3305 1270 3376 αίρέσεις;
1303 3307 1396 3360 καὶ¹
1419 3306 1527 3378 γὰρ
1559 3307 1696 3377 μετὰ
1720 3306 1809 3359 τὸν
1837 3307 1982 3358 σῖτον

402 3395 525 3448 τότε
557 3393 627 3448 τά
658 3393 873 3458 ζιζάνια
917 3393 1153 3464 ἐσπάρη,
1179 3395 1214 3464 ή
1245 3393 1557 3462 παντοδαπὴ
1587 3392 1694 3444 τῶν
1720 3392 1982 3462 αἱρέσεων

404 3481 688 3550 διαφθορά.
722 3481 860 3542 Τοὺς
890 3479 987 3548 μὲν
1023 3475 1116 3531 οὖν
1157 3479 1441 3541 Ἰουδαίους
1471 3478 1735 3548 ἐπέτρεψε
1768 3477 1846 3547 τῷ
1881 3477 1984 3530 Πέ-

403 3583 538 3637 τρῳ,
576 3567 688 3628 τοῖς
728 3564 784 3618 δέ
807 3563 1030 3634 Ἕλλησι
1068 3564 1159 3616 τὸν
1197 3563 1410 3618 Παῦλον
1456 3564 1754 3633 ἐπέστησεν
1787 3566 1814 3616 6
1851 3565 1985 3634 Χρι-

407 3651 548 3715 στός.
577 3651 689 3706 Kal
730 3649 888 3704 τοῦτο
932 3651 1032 3703 ούκ
1083 3653 1173 3718 ἀφ’
1193 3648 1430 3704 ἐαυτοῦι
1465 3649 1635 3718 λέγω,
1675 3650 1790 3702 ἀλλ’
1820 3648 1982 3702 αὑτοῦ

404 3737 499 3792 τοῦ
541 3737 756 3791 Παύλου
800 3737 1048 3804 λέγοντος
1098 3735 1238 3790 ἐστιν
1271 3735 1535 3790 ἀκοῦσαι·
1575 3737 1628 3790 Ὁ
1667 3735 1776 3806 γὰρ
1818 3737 1982 3804 ἐνερ-

405 3826 603 3896 τήσας
632 3823 828 3891 Πέτρῳ
859 3825 946 3887 είς
979 3823 1334 3892 ἀποστολὴν
1365 3822 1476 3891 τῆς
1515 3822 1856 3892 περιτομῆς,
1885 3822 1984 3876 ἐν·

404 3911 634 3984 ἤργησε
673 3911 872 3980 κάμοὶ,
899 3911 1082 3980 φησὶν,
1116 3912 1203 3976 είς
1237 3911 1312 3964 τὰ
1341 3910 1485 3978 ἔθνη
1505 3929 1518 3942 ·
1568 3911 1867 3982 περιτομὴν
1901 3912 1984 3963 ἐν·

404 3997 582 4053 ταῦθα
630 3998 762 4052 αὐτὸ
805 3997 867 4050 τὸ
904 3996 1055 4060 ἔθνος
1087 3996 1286 4052 καλῶν.
1317 3998 1428 4051 Kal
1458 3997 1620 4050 πόθεν
1645 3997 1835 4068 δῆλονς
1891 3997 1984 4050 Ἐκ

405 4085 508 4155 τῆς
553 4085 864 4154 ἐπαγωγῆς.
912 4082 1096 4138 Είπὼν
1151 4083 1280 4155 γάρ,
1313 4084 1368 4136 '0
1411 4084 1746 4154 ἐνεργήσας
1788 4084 1985 4151 Πέτρῳ

405 4173 494 4238 είς
523 4171 880 4239 ἀποστολὴν
918 4170 1030 4240 τῆς
1070 4169 1413 4240 περιτομῆς,
1448 4171 1750 4241 ἐνήργησε
1783 4171 1980 4240 κάμοὶ,

407 4261 570 4330 φησὶν
586 4259 636 4324 δ,
662 4261 750 4325 είς
782 4258 854 4311 τὰ
886 4257 1052 4326 ἔθνη,
1082 4257 1388 4322 δεικνύντος
1426 4261 1590 4324 ἐστὶν,
1620 4261 1700 4312 ὅτι
1731 4259 1863 4328 πρὸς
1886 4259 1983 4311 ἀν-

405 4346 741 4418 τιδιαστολὴν
762 4347 868 4400 τῶν
897 4345 1066 4399 ἐθνῶν
1091 4345 1391 4416 περιτομὴν
1415 4343 1554 4399 εἷπε.
1587 4345 1728 4416 Πρὸς
1753 4346 1808 4398 δὲ
1839 4347 1985 4402 ἀντι-

405 4433 688 4506 διαστολὴν
719 4432 828 4486 τῶν
869 4432 1059 4497 ἐθνῶν,
1109 4433 1227 4502 οὐχὶ
1260 4431 1548 4502 περιτομή,
1589 4432 1704 4484 ἀλλ’
1743 4433 1983 4486 Ἰουδαῖοί

405 4523 563 4585 εἰσιν,
595 4519 686 4584 οὓς
711 4520 797 4574 διὰ
827 4521 928 4590 τῆς
956 4521 1255 4593 περιτομῆς
1281 4520 1498 4590 ᾐνίξατο
1519 4537 1530 4548 ·
1558 4520 1756 4572 ὡσανεὶ
1775 4519 1978 4588 ἔλεγεν,

420 4607 478 4663 Ὀ
513 4609 807 4682 ἐνεργήσας
833 4609 1026 4680 Πέτρῳ
1072 4610 1151 4670 είς
1204 4606 1504 4676 ἀποστολὴν
1549 4605 1657 4659 τῶν
1692 4608 1978 4674 Ἰουδαίων,

408 4695 681 4764 ἐνήργησε
709 4697 878 4762 κάμοὶ
901 4698 979 4757 εἰς
1012 4695 1080 4747 τὰ
1113 4695 1260 4765 ἔθνη.
1294 4693 1561 4764 Καθάπερ
1585 4694 1690 4763 γάρ
1719 4711 1804 4758 τις
1837 4695 1983 4764 βασι-

409 4781 534 4843 λεὺς
583 4779 766 4848 σοφὸς,
804 4780 894 4831 τὸν
943 4781 1246 4851 ἐπιτήδειον
1295 4780 1430 4851 μετά
1473 4780 1754 4851 ἀκριϐείας
1805 4782 1978 4846 εἰδὼς,

408 4868 580 4938 ἑτέρῳ
614 4865 714 4937 μὲν
739 4864 866 4926 τοὺς
896 4867 1100 4930 ἱππεῖς,
1125 4867 1296 4937 ἑτέρῳ
1320 4867 1376 4919 δέ
1403 4867 1512 4920 τῶν
1546 4867 1725 4932 πεζῶν
1746 4869 1981 4940 ἐγχειρί-

408 4950 490 5014 ζει
510 4949 608 5020 τὴν
629 4949 962 5020 προστασίαν
984 4965 997 4982 ⁸
1023 4949 1166 5003 οὕτω
1190 4950 1254 5022 δὴ
1276 4952 1370 5003 καὶ
1394 4952 1422 5004 6
1447 4953 1701 5023 Χριστὸς,
1733 4952 1794 5006 τὸ
1820 4971 1984 5025 στρα-

406 5032 628 5086 τόπεδον
659 5032 721 5085 τὸ
755 5034 946 5088 ἐαυτοῦ
984 5034 1169 5087 διελὼν
1216 5039 1296 5100 εἰς
1325 5036 1416 5090 δύο
1446 5037 1622 5092 ταῦτα
1665 5039 1830 5110 μέρη,
1856 5041 1982 5104 τοὺς

410 5116 510 5186 μὲν
548 5116 834 5181 Ἰουδαίους
875 5119 1096 5190 Πέτρῳ,
1145 5122 1271 5185 τοὺς
1314 5123 1372 5176 δέ
1395 5123 1663 5195 Ἕλληνας
1715 5125 1980 5196 ἐπέτρεψε

403 5203 622 5275 Παύλῳ.
649 5206 712 5259 El
742 5205 798 5259 δὲ
827 5205 1057 5278 διάφορα
1084 5206 1154 5260 τὰ
1184 5209 1536 5277 στρατόπεδα,
1582 5209 1730 5283 [570]
1767 5211 1879 5270 ἀλλ’
1902 5209 1981 5278 εἷς

409 5290 439 5343 6
467 5285 954 5364 βασιλεύς.“¹Ωσπερ
979 5290 1082 5363 γὰρ
1104 5293 1215 5342 ἐκεῖ
1239 5290 1271 5361 ή
1294 5290 1523 5364 διαφορά
1542 5293 1646 5348 τῶν
1679 5295 1979 5366 στρατοπέ-

405 5368 510 5422 δων
559 5371 618 5423 ἐν
647 5373 712 5442 τῇ
745 5377 1056 5444 κατασκευῇ
1090 5373 1196 5427 τῶν
1226 5376 1425 5442 ὅπλων,
1450 5379 1551 5431 οὐκ
1596 5379 1654 5430 ἐν
1704 5381 1771 5449 τῇ
1825 5379 1980 5449 φύσει

404 5451 513 5536 τῶν
535 5453 833 5524 ἀνθρώπων
859 5457 1004 5510 ἐστίν
1029 5475 1040 5488 ·
1067 5457 1208 5512 οὕτω
1231 5459 1292 5530 δὴ
1313 5463 1406 5514 καὶ
1427 5461 1661 5515 ἐνταῦθα
1690 5465 1722 5534 ἡ
1747 5463 1983 5536 διαφορά

405 5535 465 5588 ἐν
501 5537 738 5606 σχήματι
773 5539 953 5610 μικρῷ
991 5558 1096 5594 τινι
1127 5543 1226 5614 τῆς
1271 5545 1492 5614 σαρκὸς,
1523 5547 1622 5599 οὐκ
1670 5549 1727 5600 ὲν
1767 5551 1831 5618 τῇ
1883 5535 1983 5619 τῆς

405 5619 593 5682 οὐσίας
625 5620 888 5693 ἐναλλαγῇ
923 5625 1192 5691 φαίνεται.

466 5739 492 5799 ξ
658 5736 748 5784 748
765 5738 846 5785 ἀπ’
867 5738 1094 5799 ἐμαυτοῦ.

473 5795 500 5837 ι
531 5795 639 5848 Hoc
661 5799 800 5863 φησίν
821 5795 1006 5851 omittit
1029 5801 1144 5854 Cod.
1166 5803 1274 5864 748,
1301 5803 1382 5867 qui
1411 5818 1518 5855 mox
1542 5805 1774 5856 δείκνυσιν
1793 5807 1881 5858 ὅτι.

749 5897 1030 5962 ΡΔτιιοι.
1078 5900 1196 5961 Gn.
1251 5901 1344 5960 LI.

1447 388 1513 444 IN
1553 387 1778 452 ILLUD,
1820 383 1889 436 IN
1927 379 2184 434 FACIEM
2219 372 2284 426 EI
2335 371 2630 426 IUESTITI.

3530 351 3562 402 5
3573 351 3636 400 Si)

2147 487 2416 558 ι’.Ὤσπερ
2431 479 2522 538 οῦν
2540 482 2742 548 ἔλεγον,
2755 473 2893 547 ἦσαν
2908 473 3202 546 ἀμφότεροι
3221 469 3286 523 τὰ
3305 461 3644 538 στρατόπεδα

2067 575 2240 630 ταῦτα
2263 553 2746 644 ἐγκεχειρισμένα.
2779 564 2888 620 Kal
2914 565 2962 616 εί
2989 562 3062 634 μὴ
3098 557 3324 630 μηκύνω
3347 556 3440 644 τδν
3461 553 3640 644 λόγον,

2070 665 2117 715 εί
2168 663 2242 733 μὴ
2287 639 2623 729 ἀπεκάμετέ,
2659 653 2768 724 ἐρῶ
2815 652 2909 704 καὶ
2951 649 3049 720 τὴν
3098 644 3282 733 αἰτίαν
3306 643 3454 733 ὑμῖν,
3479 641 3554 733 ’δι’
3577 639 3644 733 ήν

2069 727 2357 818 οὗτος-μὲν
2393 727 2520 808 τοῦς
2559 742 2865 802 Ἰουδαίους,
2895 739 3098 798 ἐκεῖνος
3127 735 3182 786 δὲ
3211 731 3336 794 τοῦς
3375 728 3434 792 ἐξ
3476 727 3646 779 ἐθνῶν

2071 814 2485 903 ἐπιστεύθησαν.
2519 830 2631 883 Kal
2678 827 2785 899 γὰρ
2835 825 2982 888 ἄξιον
3019 822 3317 890 ζητήσεως,
3346 815 3398 868 τί
3446 814 3646 903 δήποτε

2072 923 2282 985 Παῦλος
2330 901 2446 990 μὲν,
2475 922 2502 972 ὁ
2536 916 2672 989 μετὰ
2715 912 2998 986 ἀκριϐείας
3045 909 3138 962 τὸν
3185 903 3436 977 πατρῷον
3483 901 3646 990 νόμον

2072 989 2400 1070 παιδευθείς,
2440 1009 2468 1060 6
2497 1004 2648 1075 παρά
2679 1004 2806 1066 τοὺς
2835 1000 3001 1062 πόδας
3025 997 3065 1050 Γ
3067 992 3305 1067 αμαλιὴλ
3333 989 3642 1061 διατρίϐων,

2071 1101 2098 1151 6
2125 1097 2263 1151 κατά
2303 1093 2648 1163 δικαιοσύνην
2692 1091 2788 1162 τὴν
2839 1091 2897 1143 ἐν
2947 1089 3094 1156 νόμῳ
3139 1083 3427 1153 γενόμενος
3475 1078 3650 1148 ἄμεμ-

2073 1203 2224 1248 πτος,
2251 1185 2352 1236 οὐκ
2405 1179 2767 1252 ἐγχειρίζεται
2823 1178 2948 1239 τοὺς
2983 1173 3291 1237 Ἰουδαίους,
3339 1168 3476 1222 ἀλλά
3521 1165 3648 1227 τοὺς

2074 1275 2366 1344 Ἕλληνας·
2397 1273 2426 1324 ό
2459 1271 2515 1323 δέ
2548 1271 2751 1332 ἁλιεὺς,
2793 1268 2886 1320 καὶ
2935 1265 3315 1336 ἀγράμματος,
3347 1260 3439 1311 καὶ
3481 1256 3649 1328 μηδὲν

2071 1362 2318 1416 τοσοῦτον
2341 1359 2493 1422 εἰδὼς
2513 1359 2735 1429 Πέτρος,
2750 1357 2847 1428 τὴν
2870 1354 2976 1407 τῶν
3006 1351 3270 1406 Ἰουδαίων
3295 1346 3647 1414 ἐνεπιστεύθη

2074 1450 2431 1523 προστασίαν.
2455 1447 2704 1501 Συντελεῖ
2729 1447 2835 1516 γάρ
2867 1461 2919 1497 τι
2949 1443 3042 1495 καὶ
3070 1440 3204 1511 πρὸς
3227 1439 3324 1510 τὴν
3345 1437 3495 1490 λύσιν
3517 1438 3649 1506 ἡμῖν

2074 1539 2134 1592 τὸ
2165 1538 2479 1606 λεγόμενον,
2516 1535 2582 1588 ἂν
2617 1533 2748 1586 αὐτὸ
2772 1529 3088 1601 δυνηθῶμεν
3122 1526 3325 1598 φράσαι
3352 1523 3550 1584 καλῶς.
3573 1523 3646 1574 06

2074 1626 2184 1698 γάρ
2213 1623 2454 1696 δήτοῦτο
2487 1621 2628 1676 ἐστιν
2663 1622 2834 1674 εἰπεῖν
2864 1621 2945 1672 ὅτι
2978 1615 3238 1670 ὀκνοῦντα
3283 1615 3377 1667 καὶ
3421 1612 3650 1665 ἀναδυό-

2079 1734 2238 1788 μενον
2275 1713 2398 1768 ίδὼν
2427 1713 2520 1766 τὸν
2543 1711 2752 1766 Παῦλον
2776 1709 2868 1764 καὶ
2898 1708 3164 1778 φεύγοντα
3185 1704 3291 1758 τῶν
3316 1703 3531 1756 οίκείων
3551 1701 3654 1770 τὴν

2077 1802 2429 1875 προστασίαν,
2461 1801 2560 1853 06x
2598 1798 2828 1869 ἠθέλησε
2857 1793 3145 1866 βιάσασθαι
3186 1793 3279 1844 καί
3321 1791 3650 1875 ἀναγκάσαι.

2078 1873 2396 1944 Τούναντίον
2439 1888 2536 1959 μέν
2569 1884 2660 1941 οῦν
2693 1886 2838 1940 ἅπαν
2873 1882 3202 1946 ἐπεδείξατο.
3234 1879 3308 1932 Οὐ
3333 1879 3440 1948 γὰρ
3466 1873 3528 1947 δὴ
3558 1877 3653 1947 μό-

2077 1995 2165 2032 νον
2211 1977 2313 2031 ούκ
2346 1977 2514 2046 ἔφυγε
2542 1973 2651 2027 τῶν
2681 1972 2945 2026 Ἰουδαίων
2982 1970 3079 2040 τὴν
3127 1966 3470 2030 ἐπιστασίαν,
3519 1963 3654 2017 ἀλλά

2077 2067 2170 2118 καὶ
2194 2063 2407 2134 πρῶτος
2439 2062 2768 2132 ἐπεπήδησε,
2807 2059 2902 2112 καὶ
2940 2057 3033 2110 τοῦ
3077 2054 3312 2128 Χριστοῦ
3343 2052 3654 2112 κελεύοντος

2078 2152 2331 2207 ἀπελθεῖν
2364 2153 2444 2215 είς
2464 2151 2534 2203 τὰ
2558 2149 2706 2220 ἐθνη,
2741 2147 2902 2210 αὐτὸς
2935 2145 3075 2210 ἀξιοῖ
3109 2145 3207 2213 τὴν
3246 2141 3352 2195 τῶν
3387 2140 3654 2194 Ἰουδαίων

2078 2239 2388 2308 οἰκονομίαν
2439 2235 2875 2306 ἐγχειρισθῆναι·
2916 2233 3010 2286 καὶ
3041 2231 3207 2302 μυρία
3240 2227 3505 2297 πολλαχοῦ
3552 2227 3655 2278 πά-

2081 2343 2224 2396 σχων
2249 2325 2379 2396 παρ’
2401 2325 2578 2377 αὐτῶν
2603 2322 2774 2385 δεινά,
2804 2321 2898 2375 καὶ
2929 2319 3039 2373 τῶν
3077 2317 3246 2370 ἐθνῶν
3273 2315 3368 2386 τὴν
3397 2315 3651 2378 διδασκα-

2079 2416 2198 2468 λίαν
2251 2417 2700 2484 πεπιστευμένος,
2747 2412 2807 2464 ού
2853 2409 3081 2463 παύεται
3134 2404 3466 2477 παρακαλῶν
3514 2403 3654 2471 ὑπὲρ

2080 2506 2321 2566 ἐκείνων,
2357 2503 2451 2557 καὶ
2493 2503 2686 2571 λέγων,
2734 2501 2830 2553 νῦν
2882 2500 3010 2570 μέν’
3055 2497 3345 2564 Ηύχόμην
3389 2491 3656 2559 ἀνάθεμα

2080 2591 2232 2649 εἶναι
2258 2593 2413 2661 ὑπὲρ
2445 2592 2564 2646 τῶν
2589 2587 2867 2658 ἀδελφῶν
2891 2606 3031 2657 μου,
3061 2585 3182 2640 τῶν
3203 2580 3515 2654 συγγενῶν
3535 2599 3656 2649 μου

2083 2681 2232 2736 κατὰ
2281 2679 2508 2749 σάρκα·
2543 2678 2638 2731 νῦν
2687 2677 2744 2730 δέ
2764 2694 2778 2706 ·
2820 2675 3087 2744 Ἀδελφοί
3109 2691 3250 2743 μου,
3277 2672 3316 2738 ἠ
3342 2671 3459 2740 μὲν
3486 2669 3658 2723 εὐδο-

2083 2771 2184 2824 κία
2226 2787 2368 2840 μου,
2410 2767 2508 2820 καὶ
2544 2769 2582 2835 ἡ
2625 2765 2834 2832 δέησις
2877 2765 2917 2832 ή
2962 2762 3109 2831 πρὸς
3148 2761 3256 2814 τὸν
3300 2759 3468 2824 Θεὸν,
3505 2757 3658 2824 ὑπὲρ

2081 2855 2280 2911 αὐτῶν
2317 2856 2488 2908 ἐστιν
2518 2859 2604 2919 εὶς
2641 2853 2960 2918 σωτηρίαν.
2998 2851 3155 2912 Τίνος
3187 2843 3280 2900 οὖν
3308 2847 3494 2899 ἐνεκεν
3537 2845 3660 2914 βου-

2082 2944 2304 3014 λόμενον
2333 2942 2495 2995 αὐτὸν
2538 2940 2632 2994 καὶ
2670 2937 3040 3007 ἐπιθυμοῦντα
3082 2933 3352 2988 διδάσκειν
3395 2932 3657 2997 ἐκείνους,

2081 3031 2182 3084 οὐκ
2208 3031 2386 3084 εἴασεν
2411 3029 2594 3090 αὐτοῖς
2624 3025 2940 3098 κηρύσσειν,
2966 3022 3080 3076 ἀλλ’
3107 3022 3222 3074 ἀντ’
3249 3020 3474 3074 ἐκείνων
3511 3017 3658 3071 διδά-

2085 3117 2282 3170 σκαλον
2329 3113 2491 3168 αὐτὸν
2539 3115 2650 3175 τοῖς
2702 3111 2910 3164 ἔθνεσιν
2957 3109 3247 3179 ἐπεμπεν;
3312 3105 3660 3175 ’Λκούσωμεν

2084 3203 2247 3260 αὑτοῦ
2279 3203 2374 3256 τοῦ
2401 3201 2636 3274 Χριστοῦ
2669 3201 2938 3268 λέγοντος,
2981 3198 3074 3250 καὶ
3103 3195 3314 3250 Παύλου
3348 3195 3408 3249 τὸ
3435 3196 3544 3247 πᾶν
3583 3195 3662 3244 διο

2084 3290 2384 3361 ηγουμένου
2408 3307 2422 3322 ο
2473 3287 2733 3356 Ἐγένετο
2762 3285 2828 3338 δέ
2863 3302 2964 3353 μοι
2992 3280 3477 3350 προσευχομένη),
3505 3279 3660 3350 φησὶ.

2084 3376 2360 3446 γενέσθαι
2385 3392 2461 3444 με
2487 3375 2556 3426 ἐν
2570 3371 2876 3436 ἐκστάσει,
2909 3370 3010 3423 καί
3037 3369 3257 3422 ειδέναι
3274 3369 3380 3421 τόν
3403 3367 3663 3434 Χριστὸν

2083 3463 2338 3533 λέγοντά
2377 3479 2480 3531 μοι
2500 3478 2514 3492 ο
2545 3460 2826 3514 Σπεῦσον
2861 3458 2959 3511 καὶ
2993 3457 3202 3520 ἔξελθε
3234 3455 3304 3509 ἐν
3338 3455 3525 3522 τάχει,
3572 3454 3663 3506 ὅτι

2085 3553 2156 3604 οὐ
2182 3547 2622 3617 παραδέξονταί
2649 3563 2764 3600 σου
2793 3544 2908 3614 τὴν
2939 3543 3274 3614 μαρτυρίαν
3316 3542 3447 3610 περὶ
3491 3541 3658 3606 ἐμοῦ.

2087 3640 2196 3692 Kal
2223 3639 2320 3709 τὴν
2349 3637 2527 3692 αἰτίαν
2561 3633 2681 3688 εἷπε
2722 3635 2822 3705 τῆς
2868 3633 3204 3704 ἀποδημίας·
3239 3631 3548 3702 Μισήσουσί
3578 3647 3658 3694 σε,

2059 3726 2355 3797 ’φησὶ,καὶ
2387 3723 2896 3795 ἀποστραφήσονται
2917 3738 2931 3752 ·
2963 3719 3050 3773 διὰ
3077 3719 3232 3772 τοῦτό
3259 3735 3351 3771 σου
3382 3717 3662 3772 διδάσκον-

2087 3831 2178 3877 τος
2218 3813 2319 3866 οὑκ
2366 3811 2664 3876 ἀνέξονται.
2701 3811 2810 3866 Καὶ
2847 3811 2952 3880 μὴν
2980 3807 3111 3862 αὐτὸ
3142 3807 3298 3860 τοῦτο
3337 3801 3404 3876 ἦν
3457 3803 3660 3871 ἱκανὸν,

2089 3900 2397 3965 ἀξιόπιστον
2449 3898 2612 3952 αὐτὸν
2665 3897 2890 3968 ποιῆσαι
2943 3894 3277 3957 διδάσκαλον,
3327 3893 3422 3946 καὶ
3476 3895 3662 3944 πεῖσαι

2087 3989 2349 4053 ἐκείνους,
2371 3989 2453 4041 ὄτι
2485 3987 2586 4040 οὐκ
2608 3984 2920 4055 ἀνθρωπίνη
2947 3985 2980 4054 ἡ
3011 3983 3297 4054 μετάθεσις
3325 3981 3562 4048 ἐγένετο.
3587 3982 3662 4032 06

2087 4077 2196 4149 γὰρ
2230 4077 2296 4130 ἂν
2335 4076 2425 4130 τὸν
2467 4073 2611 4127 οὕτω
2637 4075 2983 4144 φαινόμενον,
3007 4073 3102 4126 καὶ
3131 4071 3289 4141 θυμῷ
3321 4070 3534 4134 ζέοντα,
3573 4069 3663 4121 καὶ

2088 4165 2248 4234 φόνου
2295 4163 2544 4229 πνέοντα,
2576 4163 2670 4216 καὶ
2709 4159 3208 4231 θαυματουργοῦντι
3255 4157 3327 4229 μὴ
3377 4157 3663 4210 πεισθέντα

2085 4251 2163 4322 τῷ
2201 4249 2442 4322 Χριστῷ,
2480 4249 2618 4320 μηδὲ
2656 4251 2770 4312 τοῖς
2797 4247 3114 4312 ἀποστόλοις
3147 4249 3260 4309 τοῖς
3297 4245 3527 4310 ἐκείνου,
3573 4261 3662 4296 νε-

2085 4340 2252 4409 κροὺς
2294 4338 2591 4409 ἐγείρασιν,
2625 4337 2840 4406 ἴσχυσεν
2869 4337 2934 4389 ἄν
2963 4351 3090 4388 ποτε
3119 4334 3402 4404 ἅνθρωπος
3435 4333 3494 4384 ἐν
3523 4332 3662 4402 αύτῇ

2089 4427 2234 4499 μέσῃ
2279 4429 2347 4497 τῇ
2383 4427 2553 4497 μανία
2589 4425 2919 4496 μεταθεῖναι,
2969 4425 3061 4477 καὶ
3089 4423 3188 4493 τὴν
3223 4421 3549 4492 ὑπερϐολὴν,
3595 4421 3662 4490 ῆν

2087 4515 2229 4568 κατὰ
2267 4512 2362 4566 τοῦ
2393 4512 2749 4584 κηρύγματος
2779 4511 3146 4574 ἐπεδείκνυτο,
3181 4508 3384 4574 ταύτην
3435 4505 3660 4574 ὁλόκλη-

2089 4621 2180 4675 ρον
2217 4603 2312 4656 καῖ¹
2351 4601 2530 4672 πολλῷ
2567 4601 2788 4662 πλείονα
2835 4603 3020 4652 πεῖσαι
3071 4597 3230 4651 πάλιν
3269 4597 3408 4663 ύπέρ
3444 4595 3545 4664 τῆς
3579 4595 3662 4657 είς

2085 4691 2322 4761 Χριστὸν
2358 4689 2646 4760 ὁμολογίας
2685 4686 3056 4751 ἐπιδείξασθαι
3081 4702 3092 4715 ·
3136 4684 3270 4738 ἀλλά
3305 4683 3454 4744 θείας
3491 4683 3660 4743 ὅντως

2085 4779 2369 4850 δυνάμεως
2407 4777 2566 4848 ἔργον
2599 4773 2667 4849 ἦν
2706 4778 2739 4848 ή
2781 4777 3104 4848 μετάστασις
3141 4773 3276 4842 αῦτη
3317 4771 3467 4841 καὶὴ
3498 4785 3662 4839 μετα·

2085 4867 2232 4938 δολή.

2157 4953 2248 5007 ια’.
2284 4954 2462 5024 Ὅπερ
2495 4947 2588 5004 οὖν
2623 4951 2715 5006 καὶ
2741 4951 2769 5004 6
2791 4949 3020 5015 Παῦλος,
3047 4946 3328 5018 ἐπιθυμῶν
3355 4945 3534 4998 αὐτῶν
3559 4943 3659 5014 τὴν

2087 5037 2424 5111 προστασίαν
2467 5036 2672 5102 λαϐεῖν,
2723 5036 2858 5106 πρὸς
2899 5035 2990 5088 τὸν
3048 5031 3252 5104 Ἰησοῦν
3297 5029 3658 5102 προεϐάλλετο

2083 5123 2255 5194 λέγων
2275 5142 2288 5156 ·
2315 5124 2513 5192 Κύριε,
2535 5121 2704 5176 αὐτοὶ
2723 5120 3092 5184 ἐπίστανται,
3117 5116 3206 5170 ὅτι
3231 5116 3344 5187 ἐγὼ
3371 5115 3533 5184 ἤμην
3553 5132 3659 5183 9w-

2082 5209 2369 5275 λακίζων,
2409 5208 2510 5262 καὶ
2571 5205 2758 5274 δέρων
2812 5204 2952 5270 τοὺς
3007 5201 3404 5264 πιστεύοντας
3452 5201 3538 5262 είς
3588 5197 3658 5250 τό

2085 5291 2273 5362 ὄνομά
2294 5306 2410 5346 σου
2428 5306 2443 5321 ·
2475 5290 2573 5344 καὶ
2600 5289 2698 5342 ὅτε
2723 5289 3040 5358 ὲξεχύνετο
3067 5284 3134 5338 τὸ
3156 5277 3299 5352 αζιια
3325 5279 3654 5362 Στεφάνοῦ,

2083 5359 2200 5432 τοῦ.
2227 5375 2523 5446 μάρτυρός
2559 5373 2710 5446 [571]
2743 5387 2880 5438 σου,
2934 5369 3046 5440 ἐγὼ
3076 5367 3239 5438 ἤμην
3267 5359 3658 5446 συνευδοκῶν

2083 5461 2158 5530 τῇ
2186 5445 2490 5528 ἀναιρέσει
2514 5445 2722 5511 αὐτοῦ.
2755 5455 2864 5508 Kal
2893 5452 3115 5524 ήπολλὴ
3148 5449 3312 5520 μανία
3341 5449 3440 5519 τὴν
3460 5445 3656 5517 ἀθρόον

2083 5543 2460 5616 γεγενημένην
2490 5543 2753 5610 ἐγγυᾶται
2790 5536 3110 5609 μεταϐολὴν,
3142 5536 3217 5598 ὡς
3246 5535 3347 5588 οὐκ
3380 5532 3526 5616 ἐστιν
3557 5531 3655 5616 ἀν-

2084 5615 2330 5703 θρωπίνη
2358 5645 2463 5690 τις.
2495 5625 2608 5678 ἀλλ’
2637 5623 2863 5689 ἀνωθεν,
2887 5623 2979 5676 καὶ
3005 5623 3068 5676 ἐκ
3095 5619 3204 5675 τῶν
3227 5616 3470 5690 ούρανῶν
3495 5615 3656 5703 ἔλασε

2084 5701 2181 5788 τήν
2203 5715 2397 5786 ἀρχήν.
2420 5711 2485 5764 Τί
2509 5707 2602 5766 οὖν
2629 5711 2658 5764 6
2683 5708 2946 5783 Χριστὸς;
2978 5708 3260 5777 Πορεύου,
3286 5705 3372 5758 ὅτι
3393 5705 3482 5770 είς
3509 5701 3656 5788 ἔθνη

2077 5785 2316 5872 μακρὰν
2335 5785 2723 5867 ἐξαποστελῶ
2742 5811 2836 5852 σε.
2864 5793 3029 5849 Ταῦτ’
3049 5788 3142 5850 οὗν
3170 5793 3268 5862 οὐχ
3293 5788 3476 5853 ίκανά,
3500 5785 3656 5857 φησι,

3280 5897 3357 5957 ΞΕ
