4060 6260
474 426 475 429 η
538 393 634 450 581

536 511 724 567 πεῖσαι
775 510 871 568 καὶ
913 512 1041 577 τοὺς
1080 511 1284 586 σφόδρα
1338 514 1801 588 ἀναισθητοῦντας
1822 555 1839 578 .
1883 516 1967 571 δτι
2015 515 2117 569 οὐκ

535 598 683 651 ἔστιν
712 595 1054 668 ἀνθρώπινον
1085 596 1243 652 τοῦτο
1274 599 1336 653 τὸ
1367 601 1661 673 κήρυγμα,
1692 600 1809 655 ἀλλ’
1839 601 1982 667 ὑπὲρ
2015 598 2116 668 φύ⁸

534 696 620 735 σιν
645 680 991 754 ἀνθρωπίνην
1017 681 1238 737 ἅπαντα
1261 683 1329 737 τὰ
1355 684 1715 756 γεγενημένα,
1746 685 1842 739 καὶ
1868 684 2002 748 Θεὸς
2023 684 2113 737 ὅν-

529 781 639 828 τως
668 765 817 818 ἐστὶν
855 766 885 818 ὁ
929 765 1181 837 μεταθεὶς
1231 768 1326 822 καὶ
1378 767 1731 841 μεταϐαλώνς
1781 767 1963 824 Ἱκανὰ
2013 767 2112 839 μὲν

528 843 656 913 οἷν,
700 841 746 901 ὧ
780 850 1017 922 μακάριε
1060 850 1261 916 Παῦλε,
1309 851 1377 907 ἂν
1422 852 1593 925 αὐτὴν
1623 853 1732 909 τῶν
1769 853 2112 925 πραγμάτων

529 932 792 1007 ἐξετάσῃς
839 933 941 1005 τὴν
984 933 1181 1004 φύσινο
1229 934 1346 990 ἀλλ’
1408 936 1650 990 Ἰουδαῖοι
1703 937 1923 990 πάντων
1971 934 2110 989 εἰσὶν

528 1016 998 1090 ἀγνωμονέστεροι
1021 1035 1035 1048 ·
1065 1018 1126 1071 ού
1162 1016 1324 1087 φύσιν
1360 1019 1704 1090 πραγμάτων
1742 1016 2105 1084 ἐξετάζοντες,

527 1099 588 1152 οὐ
622 1099 684 1151 τὸ
710 1100 859 1163 είκὸς
894 1103 989 1154 καὶ
1029 1101 1091 1154 τὸ
1129 1100 1351 1169 εῦλογον
1394 1103 1488 1156 καὶ
1530 1102 1592 1155 τὸ
1635 1101 1934 1172 ἀναγκαῖον
1985 1117 2106 1153 σκο-

527 1180 780 1245 ποῦντες,
825 1180 940 1236 ἀλλ’
970 1196 995 1223 ⁸
1031 1185 1112 1248 εἰς
1148 1183 1207 1238 ἓν
1242 1185 1401 1255 μόνον
1447 1183 1769 1256 βλέποντες,
1821 1184 1968 1247 ὅπως
2010 1182 2108 1255 τὴν

527 1263 859 1333 φιλονεικίαν
887 1265 986 1335 τὴν
1012 1266 1220 1320 ἑαυτῶν
1245 1267 1586 1339 ἐμπλήσωσι.
1616 1269 1730 1321 Καὶ
1753 1267 1817 1320 σὺ
1848 1266 1946 1337 μὲν
1971 1265 2107 1336 πρὸς

524 1350 625 1420 τὴν
650 1349 758 1403 τῶν
798 1351 1140 1422 πραγμάτων
1176 1351 1499 1406 ἀκολουθίαν
1538 1351 1755 1423 βλέπεις
1777 1367 1791 1381 ·
1823 1353 1852 1403 6
1880 1350 1937 1403 δὲ
1973 1349 2106 1413 Θεὸς

523 1433 595 1486 τὰ
638 1433 930 1506 ἀπόρρητα
969 1437 1071 1507 τῆς
1116 1435 1357 1501 διανοίας
1409 1435 1587 1490 αὐτῶν
1634 1430 1762 1489 οἶδε.
1803 1434 1903 1488 Διά
1949 1433 2105 1488 τοῦτό

523 1529 677 1586 φησι,
708 1518 996 1586 Πορεύου,
1032 1517 1121 1571 ὅτι
1156 1520 1246 1586 είς
1277 1518 1423 1587 ἔθνη
1453 1517 1691 1588 μακρὰν
1718 1517 2106 1582 ἐξαποστελῶ

522 1613 619 1663 σε,
676 1599 818 1654 ὥστε
865 1601 959 1655 καὶ.
1001 1600 1081 1672 τῷ
1128 1600 1457 1674 διαστήματι
1504 1601 2003 1674 παραμυθήσασθαι
2042 1601 2104 1654 τὸ

524 1684 703 1754 μῖσος.

589 1765 691 1820 Διά
714 1766 874 1821 τοῦτο
902 1771 1014 1832 τοῖς
1044 1768 1143 1841 μὲν
1166 1767 1346 1833 ἄλλοις
1371 1767 1543 1822 ἅπασι
1569 1767 1816 1840 γράφων,
1847 1767 1908 1821 τὸ
1932 1771 2104 1837 ὸνομα

516 1847 685 1903 αὐτοῦ
732 1850 1089 1923 προστίθησιν
1135 1853 1193 1905 ἐν
1222 1851 1301 1924 τῷ
1344 1851 1616 1925 προοιμίῳ
1643 1851 1752 1907 τῶν
1780 1849 2098 1916 ἐπιστολῶν,

530 1931 802 2005 Ἑϐραίοις
852 1934 910 1987 δὲ
956 1935 1309 1999 ἐπιστέλλων,
1361 1935 1513 1991 οὐδὲν
1550 1936 1790 1990 τοιοῦτον
1821 1935 2096 2005 ἐποίησεν,

516 2015 631 2069 ἀλλ’
656 2016 863 2082 ἁπλῶς,
896 2017 996 2072 οὐκ
1025 2017 1194 2072 εἰπὼν
1225 2019 1310 2083 τίς
1337 2014 1430 2090 ἦν,
1463 2019 1497 2090 ἡ
1536 2019 1673 2092 πρὸς
1702 2020 1878 2083 τίνας,
1911 2018 2101 2087 ῶσπερ

516 2100 639 2163 ἐθος
679 2097 792 2171 εἶχε
857 2103 1054 2165 ποιεῖν,
1096 2101 1239 2154 οὕτω
1279 2116 1395 2166 πως
1463 2101 1698 2173 ἤρξατο·
1741 2098 2101 2171 Πολυμερῶς

514 2183 615 2243 καὶ
676 2185 1074 2252 πολυτρόπως
1129 2184 1316 2239 πάλαι
1368 2187 1403 2239 ό
1454 2185 1601 2252 Θεὸς
1644 2185 1930 2254 λαλήσας
1973 2181 2100 2248 τοῖς

513 2267 818 2339 πατράσιν
844 2268 1035 2338 ἡμῶν.
1072 2269 1183 2322 Καὶ
1218 2266 1377 2324 τοῦτο
1402 2269 1468 2340 δὴ
1502 2269 1605 2341 τῆς
1636 2269 1729 2324 τοῦ
1762 2268 1977 2324 Παύλου
2011 2285 2100 2322 σο-

513 2353 663 2423 φίας.
696 2353 815 2407 Ἵνα
841 2352 953 2422 γάρ
977 2351 1052 2423 μὴ
1084 2353 1327 2423 μετασχῇ
1347 2349 1443 2404 τοῦ
1472 2351 1748 2422 μίσουςτά
1771 2351 2094 2423 γράμματα,

511 2432 765 2509 καθάπερ
795 2434 1126 2506 προσωπείῳ
1144 2434 1276 2500 τινὶ,
1303 2436 1369 2505 τῇ
1394 2432 1490 2488 τοῦ
1511 2434 1777 2506 ὀνόματος
1809 2433 2096 2506 ἀφαιρέσει

509 2520 726 2590 κρύψας
775 2519 988 2583 ἐαυτὸν,
1025 2518 1200 2583 οὕτως
1247 2519 1432 2582 αὐτοῖς
1471 2517 1839 2582 λανθανόντως
1888 2517 1951 2570 τὸ
1997 2516 2096 2587 τῆς

509 2601 886 2674 παραινέσεως
917 2600 1194 2672 ἐπιτίθησι
1234 2601 1549 2673 φάρμακον.
1606 2600 1775 2655 Ὅταν
1815 2599 1925 2669 γὰρ
1955 2598 2094 2669 πρός

505 2701 630 2739 τινα
657 2683 838 2756 ἀηδῶς
860 2682 1094 2754 ἔχωμεν,
1124 2682 1227 2737 κάν
1251 2682 1403 2751 ὑγιές
1426 2699 1480 2738 τι
1504 2682 1657 2754 λέγῃ,
1682 2683 1742 2735 οὐ
1774 2680 2089 2753 προθύμως,

506 2768 629 2823 οὐδὲ
663 2766 784 2839 μεθ’
811 2765 1008 2837 ἡδονῆς
1033 2765 1302 2837 δεχόμεθα
1344 2764 1415 2818 τά
1457 2765 1759 2837 λεγόμενα·
1799 2764 1936 2835 ὅπερ
1975 2760 2089 2831 οῦν,

507 2853 596 2906 ἵνα
641 2849 719 2922 μὴ
750 2849 846 2904 καὶ
872 2848 993 2902 τότε
1038 2850 1242 2924 συμδῇ,
1279 2848 1467 2919 ἀφεῖλε
1506 2848 1607 2920 τὴν
1653 2847 1789 2903 ίδίαν
1821 2864 2095 2920 προσηγο-

507 2937 631 3009 ρίαν
683 2935 785 3005 τῆς
841 2933 1152 3005 ἐπιστολῆς,
1198 2932 1340 2986 ὥστε
1405 2932 1570 3006 μηδὲν
1627 2932 1787 2985 τοῦτο
1838 2932 2090 3002 γενέσθαι

506 3018 736 3091 κώλυμα
783 3019 852 3089 τῇ
895 3017 995 3087 τῆς
1041 3015 1337 3087 ἐπιπολῆς
1384 3016 1667 3088 ἀκροάσει.
1705 3015 1837 3070 Οὐδὲ
1886 3014 1996 3086 γὰρ
2040 3016 2090 3070 οἱ

505 3105 726 3160 ἄπιστοι
777 3102 937 3173 μόνον
992 3100 1259 3166 Ἰουδαῖοι,
1295 3100 1432 3155 ἀλλά
1471 3101 1567 3155 καὶ
1609 3102 1660 3154 οί
1705 3100 2093 3164 πιστεύσαντες

507 3188 662 3243 αὐτοὶ
705 3187 932 3259 ἐμίσουν
977 3185 1141 3238 αὐτὸν
1182 3185 1278 3238 καὶ
1327 3184 1753 3257 ἀπεστρέφοντο.
1791 3185 1919 3238 Ὅτε
1961 3182 2092 3252 γοῦν

507 3270 736 3340 ἀνῆλθεν
758 3270 839 3332 είς
874 3267 1245 3339 Ἰεροσόλυμα,
1273 3267 1504 3322 ἄκουσον
1527 3268 1580 3319 τί
1608 3283 1741 3337 φησι
1770 3266 1908 3336 πρὸς
1928 3267 2090 3319 αὑτὸν

505 3356 536 3408 6
568 3349 845 3415 Ἰάκωϐος,
866 3349 962 3402 καὶ
985 3350 1035 3402 οἱ
1062 3349 1242 3402 λοιποί⁵
1266 3349 1524 3411 ἅπαντες·
1550 3346 1814 3414 Θεωρεῖς,
1839 3346 2087 3415 ἀδελφέ,

506 3436 694 3492 πόσαι
728 3429 1019 3503 μυριάδες
1056 3430 1223 3486 εἰσιν
1266 3430 1572 3486 Ἰουδαίων
1594 3428 1714 3483 τῶν
1742 3432 2090 3496 συνεληλυε

506 3520 696 3574 θότων
715 3532 729 3548 ·
791 3515 892 3569 καί
957 3509 1124 3570 οὗτοι
1172 3513 1396 3581 πάντες
1444 3511 1696 3581 ζηλωταὶ
1745 3513 1852 3567 τοῦ
1901 3513 2090 3581 νόμου

503 3602 875 3672 ὑπάρχουσι,
917 3596 1016 3652 καὶ
1059 3596 1429 3667 κατήχηνται
1465 3595 1598 3665 περὶ
1635 3595 1777 3661 σοῦ,
1807 3595 1898 3649 ὅτι
1943 3595 2091 3649 ἁπο-

505 3685 772 3742 στασίαν
796 3682 916 3738 ἀπὸ
951 3681 1060 3737 τοῦ
1092 3682 1282 3751 νόμου
1313 3678 1641 3745 διδάσκεις.
1672 3678 1772 3733 Διά
1799 3678 1958 3733 τοῦτο
1988 3679 2089 3732 0.6—
2138 3752 2140 3755 λ

502 3774 598 3828 τὸν
629 3769 864 3842 μάλιστα
897 3768 1120 3838 ἐμίσουν
1153 3766 1246 3820 καὶ
1280 3766 1706 3837 ἀπεστρέφοντο.

577 3858 666 3927 ιβ’.
684 3855 750 3908 Ἦ
775 3853 874 3924 μὲν
898 3847 991 3906 οῦν
1015 3852 1183 3916 αἰτία,
1200 3850 1268 3904 δι’
1289 3851 1355 3921 ἡν
1381 3850 1482 3904 οὐκ
1506 3847 1799 3917 ἐπιστεύθη
1818 3849 1943 3913 τοὺς
1956 3848 2088 3903 Ἰου-

501 3938 687 4000 δαίους
708 3979 726 4000 .
761 3934 901 3990 ἀλλά
928 3935 1057 3999 τοὺς
1089 3934 1150 3999 ἐξ
1178 3932 1368 3999 ἐθνῶν,
1400 3932 1547 3987 ἐστὶν
1574 3931 1737 4005 αῦτη.
1771 3932 2089 3998 Πιστευθεὶς

501 4022 559 4076 δὲ
593 4021 777 4076 λοιπὸν
812 4019 1079 4083 ἐκείνους,
1114 4019 1211 4090 οὐχ
1256 4018 1461 4090 ὁμοίως
1492 4017 1569 4089 τῷ
1604 4017 1818 4090 Πέτρῳ,
1849 4018 1969 4072 οὐδὲ
1999 4017 2089 4073 διὰ

502 4108 601 4178 τῆς
622 4106 795 4176 αὐτῆς
820 4103 943 4159 ὁδοῦ
974 4105 1112 4175 πρὸς
1141 4104 1244 4174 τὴν
1273 4104 1457 4158 πίστιν
1486 4103 1687 4166 αὐτοὺς
1715 4103 1928 4174 ἐνῆγεν,
1952 4102 2087 4158 ἀλλά

501 4193 569 4246 δι’
596 4190 807 4261 ἐτέρας.
846 4188 1071 4259 Ἐτέρας
1096 4188 1154 4240 δέ
1179 4189 1308 4242 ὅταν
1339 4187 1599 4259 ἀκούσῃς,
1630 4187 1706 4259 μὴ
1736 4187 2003 4257 διαφοράν
2027 4187 2086 4240 ἐν

500 4274 580 4344 τῷ
617 4270 934 4343 κηρύγματι
967 4268 1195 4341 νομίσῃς
1229 4265 1388 4323 εῖναι.
1419 4269 1502 4324 Τά
1533 4268 1643 4342 γὰρ
1671 4269 1812 4325 αὑτά
1842 4269 2086 4342 ἀμφότε-

505 4374 588 4430 ροι
618 4356 713 4409 καὶ
756 4353 1033 4417 Ἰουδαίοις
1069 4353 1163 4410 καὶ
1190 4352 1446 4424 Ἕλλησιν
1480 4355 1778 4426 ἐκήρυττον
1800 4372 1813 4386 ο
1841 4352 1970 4415 οἷον,
2002 4354 2084 4410 ὅτι

500 4440 635 4504 Θεὸς
652 4441 681 4493 6
699 4436 955 4510 Χριστὸς,
973 4438 1055 4492 ὅτι
1077 4435 1397 4509 ἐσταυρώθη
1415 4438 1510 4492 καὶ
1529 4436 1726 4509 ἐτάφη,
1745 4439 1840 4493 καὶ
1861 4437 2083 4510 ἀνέστη,

501 4534 597 4589 καὶ
632 4533 779 4587 ἐστιν
822 4532 882 4585 ἐν
923 4529 1072 4603 δεξιᾷ
1101 4529 1197 4583 τοῦ
1239 4530 1474 4601 Πατρὸς,
1518 4531 1602 4583 ὅτι
1656 4530 1839 4601 μέλλει
1878 4532 2084 4603 κρίνειν

500 4619 710 4684 ζῶντας
738 4617 834 4672 καὶ
856 4616 1106 4686 νεκροὺς,
1133 4614 1229 4670 καὶ
1256 4614 1358 4668 ὅσα
1385 4613 1609 4668 τοιαῦτα
1640 4610 1729 4686 ἦν,
1760 4615 1963 4686 ὁμοίως
1989 4614 2086 4669 καὶ

500 4702 713 4766 Παῦλος
748 4701 845 4755 καὶ
889 4700 1096 4772 Πέτρος
1140 4700 1460 4771 ἐκήρυττον,
1505 4698 1593 4752 Ἐν
1635 4698 1778 4753 τίσιν
1812 4694 1906 4752 οὖν
1946 4692 2082 4772 ἦνή

498 4787 769 4859 διαφορά;
803 4784 893 4840 Ἐν
934 4787 1002 4856 τῇ
1031 4784 1413 4857 παρατηρήσει
1454 4782 1562 4837 τῶν
1587 4782 1913 4855 βρωμάτων,
1939 4783 1996 4836 ἐν
2016 4785 2083 4854 τῇ

502 4873 803 4945 περιτομῇ,
831 4871 890 4922 ἐν
915 4871 1028 4933 τοῖς
1057 4867 1239 4931 ἀλλοις
1276 4870 1390 4931 τοῖς
1428 4866 1740 4930 Ἰουδαϊκοῖς
1778 4865 1976 4921 ἔθεσιν.
2027 4865 2084 4919 '0

504 4957 605 5030 μὲν
640 4957 748 5027 γάρ
787 4955 995 5026 Πέτρος
1041 4953 1143 5006 οὐκ
1187 4951 1392 5022 ἐτόλμα
1419 4954 1532 5016 τοῖς
1575 4949 1768 5005 ἐαυτοῦ
1817 4949 2085 5021 μαθηταῖς

503 5039 754 5112 φανερῶς
780 5039 960 5107 λέγειν
994 5037 1089 5092 καὶ
1132 5037 1429 5110 διαρρήδην
1448 5076 1462 5100 ,
1495 5038 1578 5090 ὅτι
1608 5035 1690 5090 δεῖ
1714 5034 1919 5089 τούτων
1951 5035 2086 5089 ἀπο-

504 5126 696 5197 στῆναι
729 5120 881 5196 [572]
918 5120 1193 5186 καθάπαξ.
1242 5120 1529 5174 Ἑδεδοίκει
1566 5119 1696 5191 γὰρ,
1730 5119 1941 5191 μήποτε
1979 5116 2086 5189 πρὸ

501 5207 697 5283 καιροῦ
724 5207 823 5280 τὴν
849 5205 1135 5280 συνήθειαν
1162 5205 1367 5277 ταύτην
1394 5204 1703 5259 ἀνασπάσαι
1737 5200 2081 5274 βουλόμενος,

501 5295 596 5349 καὶ
644 5293 741 5365 τὴν
786 5292 868 5356 είς
896 5290 990 5345 τὸν
1033 5289 1269 5362 Χριστὸν
1302 5288 1484 5343 πίστιν
1535 5287 1930 5362 συνανασπάσῃ
1966 5287 2083 5356 μετ’

500 5379 758 5442 ἐκείνων,
797 5376 899 5447 τῆς
928 5374 1108 5447 ψυχῆς
1150 5373 1261 5427 τῶν
1315 5372 1584 5445 Ἰουδαίων
1623 5372 1724 5425 οὐκ
1752 5371 2085 5442 ἀνεχομένης

500 5463 734 5526 οὐδέπω,
754 5459 845 5515 διά
862 5459 962 5532 τὴν
984 5458 1204 5530 χρονίαν
1222 5456 1320 5527 τὴν
1346 5473 1414 5509 πε
1423 5455 1476 5528 ρὶ
1493 5455 1584 5508 τὸν
1601 5455 1765 5524 νόμον
1792 5455 2080 5526 πρόληψιν,

416 5560 421 5569 ‘
500 5544 612 5598 τῶν
648 5542 910 5616 ῥημάτων
943 5543 1163 5598 ἀκούειν
1191 5540 1420 5595 τούτων.
1458 5539 1558 5593 Διά
1596 5539 1755 5593 τοῦτο
1779 5539 2026 5609 ἡνείχετο
2056 5540 2085 5591 6

508 5628 777 5697 μακάριος
808 5625 1014 5696 Πέτρος
1036 5625 1414 5690 ίαυδαῖζόντων
1447 5622 1647 5677 αὐτῶν.
1681 5623 1793 5677 Καὶ
1829 5622 2081 5694 καθάπερ

504 5724 589 5775 ¹τις
621 5709 867 5779 γεωργὸς
900 5710 1121 5781 ἀριστος
1154 5709 1325 5780 φυτὸν
1355 5709 1563 5764 ἁπαλὸν
1613 5708 1836 5779 πλησίον
1866 5708 2083 5781 δένδρου

577 5855 603 5885 ⁸
629 5849 857 5903 Additum
875 5853 977 5902 ἀλλ’
1002 5868 1032 5904 e
1048 5854 1229 5904 Morel.
1253 5856 1481 5906 et'Savll;
1501 5855 1681 5906 et'cod.
1702 5854 1814 5905 7-58.
1859 5855 1994 5904 Ευιτ.

1238 413 1297 469 S.
1334 411 1616 473 JOANNIS
1647 416 2142 480 CHRYSOSTOMI
2181 423 2503 483 ARCHIEP.
2542 425 3087 490 CONSTANTINOP.

3681 418 3786 480 582

2218 519 2585 603 γεγηρακότος
2622 523 3008 596 καταθέμενος.
3048 526 3110 581 ού
3139 524 3337 599 τολμᾷ,
3373 524 3494 581 οὐδὲ
3531 525 3789 601 ὑπομένει

2214 601 2277 654 τὸ
2303 601 2613 675 γεγηρακὸς
2638 605 2951 663 ἀνασπάσαι
2982 608 3217 681 δένδρον,
3251 607 3504 673 δεδοικὼς
3539 609 3636 681 μὴ,
3677 610 3787 666 τῶν

2215 684 2381 755 ῥιζῶν
2421 688 2645 742 ἐκείνων
2671 690 3070 763 ἀνελκομένων,
3108 693 3206 746 καὶ
3237 693 3297 746 τὸ
3325 691 3582 763 νεόφυτον
3626 710 3786 748 συναο

2212 768 2498 843 νελκυσθῇ,
2548 772 2663 827 ἀλλ’
2712 774 2974 846 ἀναμένει
3021 775 3288 848 πρότερον
3326 779 3565 848 παγῆναι
3609 776 3787 830 ἐκεῖνο

2211 851 2410 917 καλῶς,
2448 857 2541 908 καὶ
2578 857 2638 909 ἐν
2675 856 2857 922 αὐτοῖς
2900 857 3053 912 κάτω
3088 857 3382 930 ριζωθῆναι
3411 861 3526 922 τοῖς
3563 858 3785 922 κόλποις

2208 935 2307 1005 τῆς
2327 935 2448 1007 γῆς,
2475 937 2570 991 καὶ
2592 939 2716 994 τότε
2737 940 3132 1007 τὸ,παλαιωθέν
3170 941 3307 1013 μετά
3329 940 3512 1005 ἁδείας
3545 941 3781 1007 ἀνέλκει,

2208 1018 2360 1072 οὐδὲν
2387 1019 2466 1074 ἔτι
2496 1020 2746 1087 δεδοικὼς
2774 1022 3018 1096 περὶτοῦ
3048 1024 3308 1094 νεοφύτου
3329 1040 3343 1056 ο
3373 1023 3516 1078 οὕτω
3538 1023 3602 1096 δὴ
3630 1024 3724 1077 καὶ
3755 1027 3785 1077 6

2212 1101 2480 1173 μακάριος
2512 1104 2721 1178 Πέτρος
2750 1105 2922 1159 ἐποίει
2944 1123 2959 1140 ⁸
2989 1106 3089 1178 τὴν
3114 1106 3298 1160 πίστιν
3338 1108 3595 1176 νεόφυτον
3617 1103 3784 1159 οὖσαν

2208 1180 2366 1251 ἔμενε
2393 1185 2634 1256 παγῆναι
2659 1187 2840 1251 καλῶς
2861 1189 2920 1242 ἐν
2942 1191 3062 1250 ταῖς
3090 1188 3201 1242 τῶν
3229 1188 3537 1243 ἀκουόντων
3562 1186 3778 1258 ψυχαῖς,

2210 1264 2295 1318 ἵνα
2326 1266 2650 1340 ῥιζωθείσης
2680 1272 2892 1343 ἐκείνης
2924 1272 3063 1343 μετά
3090 1272 3273 1337 ἀδείας
3299 1272 3484 1326 λοιπὸν
3512 1271 3605 1343 τὴν
3648 1274 3779 1326 Ἰου-

2205 1346 2396 1420 δαῖκὴν
2422 1351 2583 1424 ἀνέλῃ
2617 1354 2886 1426 πρόληψιν
2923 1355 3161 1409 ἃπασαν.
3208 1354 3349 1408 Ἀλλ’
3370 1355 3469 1425 οὐχ
3501 1356 3532 1407 6
3570 1354 3780 1417 Παῦλος

2204 1432 2381 1486 οὖτωο
2437 1435 2620 1506 πάσης
2674 1437 2781 1509 γὰρ
2836 1437 3042 1510 ταύτης
3093 1437 3512 1510 ἀπηλλαγμένος
3554 1433 3623 1508 ἦν
3677 1437 3779 1507 τῆς

2204 1516 2469 1588 ἀνάγκης,
2500 1519 2726 1591 Ἕλλησι
2752 1521 3060 1593 κηρύττων,
3085 1524 3200 1585 τοῖς
3237 1521 3488 1575 οὐδέποτε
3517 1536 3781 1592 μετεσχη-

2204 1599 2326 1652 κὸσι
2371 1601 2558 1671 νόμου,
2602 1603 2723 1657 οὐδὲ
2779 1604 3083 1658 Ἰουδαϊκῶν
3145 1607 3580 1677 παρατηρήσεων
3636 1604 3777 1674 ἀκη-

2204 1682 2407 1739 κοόσιν.
2445 1685 2569 1739 Ὅτι
2595 1686 2702 1756 γάρ
2730 1688 2831 1741 οὐκ
2863 1688 3114 1759 ἀλλήλοις
3155 1687 3556 1758 ἐναντιούμενοι
3604 1685 3778 1741 ταῦτα

2202 1765 2438 1834 ἐποίουν,
2464 1768 2599 1823 ἀλλά
2629 1774 2695 1842 τῇ
2718 1770 2829 1825 τῶν
2855 1771 3114 1843 μαθητῶν
3139 1771 3394 1845 ἀσθενείᾳ
3413 1770 3780 1840 συγκαταϐαί-

2202 1864 2412 1915 νοντες,
2445 1851 2593 1906 ἐστιν
2628 1853 2754 1906 ἰδεῖν
2783 1853 2878 1909 καὶ
2913 1853 3126 1910 Παῦλον
3151 1855 3352 1927 ὁμοίως
3382 1856 3576 1926 Πέτρῳ
3603 1853 3777 1907 ταῦτα

2202 1932 2343 1987 αὑτά
2368 1934 2773 2007 συγχωροῦντα,
2804 1938 2898 1991 καὶ
2922 1938 2981 1991 οὐ
3017 1935 3405 2010 συγχωροῦντα
3434 1938 3618 2008 μόνον,
3640 1936 3777 1991 ἀλλά
3840 1984 3845 1987 .

2200 2015 2296 2068 καὶ
2315 2015 2479 2069 αὐτὸν
2508 2018 2890 2091 συνεργοῦντα,
2922 2022 3015 2075 καὶ
3043 2022 3251 2094 Πέτρον
3278 2021 3440 2076 πάλιν
3473 2020 3572 2092 τὴν
3605 2020 3776 2091 αὐτὴν

2200 2097 2511 2171 ἐλευθερίαν
2534 2103 2950 2174 νομοθετοῦντα,
2972 2105 3040 2177 ἡν
3074 2106 3169 2160 καί¹
3198 2104 3411 2169 Παῦλος
3447 2107 3562 2169 τοῖς
3598 2102 3774 2158 ἔθνεσι

2198 2183 2366 2235 πᾶσιν
2406 2184 2692 2257 ἐκήρυττε.
2730 2187 2840 2241 Καὶ
2878 2188 2983 2240 ποῦ
3026 2187 3221 2253 ταῦτα,
3257 2187 3445 2259 φησὶν,
3489 2186 3776 2258 ἀμφότερα

2202 2262 2346 2320 ἐστιν
2373 2265 2528 2332 ίδεῖν;
2570 2269 2658 2323 Ἐν
2686 2270 2868 2333 αὐτοῖς
2890 2272 3004 2333 τοῖς
3038 2270 3449 2343 Ἰεροσολύμοις.
3480 2265 3649 2333 οὗτος
3673 2268 3774 2341 μὲν

2196 2346 2306 2419 γὰρ
2331 2348 2424 2401 καὶ⁹
2448 2347 2697 2421 ἐξύρατο,
2730 2350 2825 2405 καὶ
2859 2352 3048 2417 ἔθυσε,
3087 2354 3181 2407 καὶ
3219 2352 3485 2424 ἀγνισμὸν
3523 2351 3774 2406 ἐπετέλεν-

2153 2442 2159 2448 '
2197 2448 2310 2495 σεν,
2334 2434 2364 2486 6
2381 2432 2489 2488 τῶν
2520 2434 2689 2490 ἐθνῶν
2710 2435 3050 2502 διδάσκαλος,
3079 2436 3251 2492 Τοῦτο
3281 2436 3392 2510 γάρ
3412 2435 3503 2490 καὶ
3528 2437 3557 2490 6
3579 2433 3771 2506 καιρὸς

2194 2514 2414 2585 ἀπῄτει,
2451 2516 2546 2571 καὶ
2564 2517 2625 2570 τὸ
2647 2522 2903 2590 παρεῖναι
2923 2519 3152 2584 πολλοὺς
3186 2519 3494 2582 Ἰουδαίους.
3525 2516 3773 2585 Θεωρεῖς

2194 2598 2337 2668 γὰρ,
2383 2600 2581 2670 φησὶν,
2621 2599 2867 2670 ἀδελφέ,
2900 2603 3084 2655 πόσαι
3107 2602 3398 2671 μυριάδες
3423 2601 3580 2656 εισίν
3619 2599 3769 2656 Ἰου-

2192 2679 2377 2734 δαίων
2404 2683 2523 2738 τῶν
2553 2685 3079 2753 συνεληλυθότων,
3114 2684 3213 2738 καὶ
3239 2685 3607 2754 κατήχηνται
3634 2684 3769 2752 περὶ

2192 2765 2331 2829 σοῦ,
2363 2764 2453 2818 ὄτι
2485 2767 2871 2821 ἀποστασίαν
2901 2766 3020 2822 ἀπὸ
3048 2765 3155 2821 τοῦ
3181 2769 3370 2837 νόμου
3402 2767 3729 2833 διδάσκεις.

2266 2847 2353 2916 ιγ’.
2400 2848 2636 2913 Ἐκεῖνος
2666 2848 2844 2903 τοίνυν
2888 2849 3297 2919 συγκαταϐῆναι
3328 2848 3772 2921 ἀναγκαζόμενος

2195 2930 2479 2995 ίουδάῖζεψ
2496 2932 2614 2986 ἀλλ’
2628 2933 2746 3003 οὐχὶ
2766 2933 2866 3004 τῆς
2892 2932 3141 3004 γνώμης,
3172 2933 3310 2987 ἀλλά
3338 2932 3437 3004 τῆς
3459 2932 3773 3004 οἰκονομίας

2191 3015 2252 3070 τὸ
2289 3015 2571 3086 γινόμενον
2608 3013 2696 3087 ἦν.
2746 3016 2915 3070 Πάλιν
2943 3016 2973 3068 6
3018 3016 3243 3087 Πέτρος,
3280 3019 3308 3070 6
3344 3016 3454 3070 τῶν
3499 3015 3770 3070 Ἰουδαίων

2191 3098 2530 3163 διδάσκαλος,
2569 3100 2663 3153 καὶ
2699 3097 2976 3171 πανταχοῦ
3005 3100 3303 3173 συγχωρῶν
3339 3099 3641 3172 περιτομὴν
3666 3100 3769 3161 ικαὶ

2204 3181 2502 3247 Ἰουδαῖκάς
2551 3183 2985 3254 παρατηρήσεις,
3040 3182 3128 3237 διά
3179 3182 3275 3254 τὴν
3330 3183 3615 3236 ἀσθένειαν
3658 3181 3772 3235 τῶν

2195 3265 2482 3336 μαθητῶν,
2517 3267 2705 3338 ἐπειδὴ
2743 3267 2934 3339 καιρὸν
2975 3262 3115 3321 εἶδεν
3152 3266 3572 3322 ἀπαλλάττοντα
3605 3266 3772 3320 αὑτὸν

2190 3349 2288 3419 τῆς
2325 3349 2573 3422 ἀνάγκης
2598 3350 2824 3422 ταύτης,
2865 3351 2959 3404 καὶ
2997 3350 3098 3403 οὐκ
3126 3345 3196 3422 ἦν
3222 3350 3464 3421 ἀσφαλὲς
3492 3350 3654 3421 μέχρι
3679 3366 3774 3403 το·-

2192 3431 2382 3486 σούτου
2420 3432 2722 3505 κεχρῆσθαι
2754 3436 2822 3505 τῇ
2860 3431 3284 3503 συγκαταδάσει,
3318 3431 3455 3488 ἀλλά
3477 3430 3770 3505 δογμάτων

2188 3509 2257 3586 ἦν
2287 3516 2478 3587 καιρὸς
2505 3519 2599 3570 καὶ
2620 3516 2821 3586 νόμων,
2844 3516 3076 3571 ἄκουσον
3103 3515 3156 3567 τί
3182 3530 3365 3585 φησιν.
3409 3511 3629 3582 Ἐπειδὴ
3656 3513 3769 3584 γὰρ

2188 3597 2463 3669 ἀνέϐησαν
2492 3598 2551 3666 ἐξ
2591 3598 2921 3671 Ἀντιοχείας
2957 3600 3008 3652 οἱ
3034 3598 3164 3670 περὶ
3185 3597 3396 3653 Παῦλον
3421 3597 3517 3650 καὶ
3551 3595 3769 3667 Βαρνά-

2190 3681 2312 3747 ϐαν,
2348 3682 2476 3755 περὶ
2503 3681 2707 3737 τούτων
2737 3682 2914 3736 αὐτῶν
2942 3681 3310 3754 μαθησόμενοι
3335 3680 3398 3734 τὸ
3429 3680 3617 3749 σαφὲς,
3641 3676 3771 3732 πολ-

2188 3764 2289 3836 λῆς
2321 3763 2601 3836 ζητήσεως
2627 3766 2950 3837 γενομένης,
2985 3764 3223 3829 ἀναστάς
3246 3765 3275 3817 6
3309 3763 3514 3835 Πέτρος
3543 3761 3730 3829 ἔλεγεν
3748 3778 3765 3793 ·

2193 3848 2436 3917 Ἄνδρες
2476 3848 2761 3918 ἀδελφοὶ,
2798 3848 2969 3917 ὑμεῖς
3011 3849 3344 3902 ἐπίστασθε
3387 3846 3486 3915 ἀφ’
3529 3843 3767 3914 ἡμερῶν

2187 3932 2471 4002 ἀρχαίων,
2507 3933 2588 3999 ὡς
2619 3933 2689 3987 ἐν
2716 3931 2864 4001 ’ἡμῖν
2902 3931 3225 3996 ἐξελέξατο
3255 3935 3288 3986 ὁ
3329 3931 3474 3997 Θεὸς
3508 3928 3765 3985 ἀκοῦσαι

2187 4013 2261 4069 τὰ
2301 4015 2446 4084 ἔθνη
2492 4014 2591 4070 διὰ
2634 4014 2742 4070 τοῦ
2791 4013 3091 4084 στόματός
3125 4030 3245 4085 μου
3282 4014 3388 4068 τὸν
3435 4013 3623 4082 λόγον
3656 4010 3767 4066 τοῦ

2183 4097 2567 4169 Εὑαπγελίου,
2595 4096 2692 4153 καί
2726 4094 3062 4152 πιστεῦσαι.
3098 4094 3231 4152 Εἶτα
3256 4097 3420 4168 ἕτερά
3447 4113 3568 4152 τινα
3597 4093 3768 4148 εἰπὼν

2190 4182 2691 4254 μεταξὺ,.ἐπήγαγε
2712 4181 2907 4251 λέγων·
2943 4180 3005 4237 Τί
3024 4175 3141 4237 οὖν
3159 4179 3461 4250 πειράζετε
3484 4178 3591 4232 τὸν
3611 4177 3769 4231 Θεὸν

2186 4265 2476 4321 ἐπιθεῖναι
2509 4264 2686 4334 ζυγὸν
2709 4265 2810 4318 ἐπὶ
2835 4263 2943 4318 τὸν
2970 4263 3277 4335 τράχηλον
3311 4263 3432 4317 τῶν
3465 4260 3671 4322 ἐνθῶν,
3694 4260 3772 4314 δν

2187 4350 2327 4404 οὔτε
2352 4353 2407 4405 οι
2429 4347 2679 4418 πατέρες
2698 4347 2891 4418 ἡμῶν,
2920 4349 3059 4403 οὔτε
3085 4345 3257 4417 ἡμεῖς
3281 4346 3626 4416 ἰσχύσαμεν
3650 4343 3770 4407 ,βα-

2185 4433 2432 4499 στάσαι;
2477 4432 2638 4486 ἀλλὰ
2685 4431 2783 4486 διὰ
2825 4432 3085 4497 πίστεως
3133 4428 3331 4498 Ἰησοῦ
3374 4425 3633 4495 Χριστοῦ
3665 4439 3765 4479 πι-

2186 4512 2482 4586 στεύομεν
2507 4512 2798 4584 σωθῆναι,
2822 4514 2897 4568 ὃν
2920 4514 3148 4581 τρόπον
3169 4509 3454 4565 κάκεῖνοι.
3478 4508 3651 4579 ’Ὁρᾷς
3678 4506 3764 4558 ὄτι

2184 4598 2350 4671 ἡνίκα
2402 4598 2500 4670 μὲν
2544 4596 2738 4669 καιρὸς
2778 4594 3245 4663 συγκαταϐάσεως
3288 4587 3378 4664 ῆν,
3417 4590 3511 4645 καὶ
3541 4587 3765 4671 Παῦλος

2188 4669 2476 4745 ἰουδάῖζενο
2498 4680 2664 4753 ἡνίκα
2685 4679 2744 4733 δὲ
2769 4678 2892 4749 οὐχὶ
2916 4675 3382 4746 συγκαταϐἀσεως
3404 4671 3595 4744 καιρὸς
3609 4669 3760 4743 [375]

2182 4759 2272 4836 ἡν,
2296 4762 2433 4819 ἀλλά
2455 4762 2805 4835 δογματίζειν
2828 4762 2936 4814 ἔδει
2960 4760 3056 4816 καὶ
3079 4759 3411 4832 νομοθετεῖν,
3439 4758 3531 4812 καὶ
3555 4755 3766 4826 Πέτρος

2184 4846 2401 4918 ἐκείνης
2441 4846 2543 4916 τῆς
2579 4844 3047 4916 συγκατασάσεως
3087 4841 3422 4909 ἀπαλλαγεὶς
3441 4878 3456 4903 ,
3491 4836 3764 4907 εἰλικρινῆ

2184 4931 2279 4985 καὶ
2322 4929 2544 5001 καθαρὰ
2592 4928 2664 4983 τὰ
2711 4928 2961 5000 δόγματα
3006 4927 3373 4999 παραδίδωσι’
3417 4921 3513 4978 καὶ
3555 4919 3768 4975 τούτων

2183 5013 2491 5085 λεγομένων
2533 5015 2562 5067 6
2608 5010 2823 5076 Παῦλος
2870 5011 3087 5084 παρῆν,
3131 5011 3226 5063 καὶ
3270 5008 3470 5078 ηὴκουε,
3522 5004 3618 5060 καὶ
3662 5003 3767 5074 τὴν

2184 5097 2477 5169 ἐπιστολὴν
2501 5096 2665 5160 αὐτὸς
2694 5095 3009 5166 δεξάμενος,
3040 5090 3320 5161 πανταχοῦ
3337 5089 3636 5159 διεκόμισε,
3666 5088 3766 5169 καί⁵

2184 5184 2286 5237 οὐκ
2312 5168 2459 5234 ἐστιν
2488 5181 2682 5245 εἰπεῖν,
2702 5179 2786 5242 ὡς
2812 5179 3000 5249 ἡγνόει
3028 5177 3129 5248 τὴν
3156 5174 3252 5229 τοῦ
3294 5171 3595 5230 ἀποστόλου
3618 5168 3764 5239 γνώ-

2188 5283 2316 5337 μην.
2361 5263 2519 5327 Τίνος
2546 5258 2640 5317 οὖν
2668 5262 2857 5316 ἕνεκεν
2888 5259 3117 5315 τοιαῦτα
3145 5256 3369 5328 ἐγκαλεῖ
3398 5255 3529 5320 νῦν,
3558 5253 3761 5323 λέγων,

2182 5346 2628 5419 ὅτιψοδούμενος
2654 5346 2782 5411 τοὺς
2811 5348 2876 5400 ἐκ
2902 5342 3242 5416 περιτομῆςς
3620 5358 3631 5365 “

2257 5435 2318 5488 ιδ’
2322 5434 2462 5489 ,Ἵνα
2484 5434 2541 5487 δὲ
2569 5432 2665 5486 καὶ
2690 5431 2790 5503 τὴν
2822 5428 3065 5500 ἱστορίαν
3083 5426 3255 5497 αὐτὴν
3276 5423 3425 5495 ῐδητε
3438 5418 3469 5460 δ
3483 5419 3594 5503 τῶν
3608 5419 3767 5488 λεγο-

2187 5518 2387 5589 μένων,
2414 5515 2612 5587 μικρὸν
2640 5501 2850 5568 ἀνωθεν
2876 5512 3004 5583 ὑμῖν
3031 5510 3396 5579 διηγήσομαιο
3429 5501 3766 5589 ἀλλάμπροσ-
3839 5527 3853 5536 ~

2184 5582 2357 5673 έχετε,
2393 5582 2732 5671 παρακαλῶο
2763 5582 3045 5668 πρὸςίγάρ
3070 5592 3206 5647 αὐτὸ
3235 5591 3299 5644 τὸ
3326 5585 3628 5673 βάθοςῌτῆς
3669 5582 3767 5673 λύ’

2185 5665 2323 5749 σεως
2346 5665 3087 5754 κατηντήσαμενξἸάκωὸος
3112 5677 3144 5730 6
3170 5669 3522 5744 ἀδελφὸςκοῦ
3552 5665 3765 5739 Κυρίου

2241 5789 2269 5830 δ
2293 5792 2476 5841 Fronto
2500 5789 2656 5848 είδῆτε
2695 5785 2880 5851 legisse
2908 5786 3115 5837 videtur.
3156 5781 3417 5835 Edidones
3451 5784 3506 5830 et
3535 5776 3643 5828 cod.
3670 5772 3766 5824 ἨΒ

2181 5857 2317 5915 tam
2334 5851 2534 5904 habent.
