4060 6260
343 434 442 490 38!

344 548 533 619 inquit,
564 545 680 601 hmo
699 542 966 600 sufﬁciunt
987 537 1052 593 ad
1073 534 1285 607 quosvis
1311 531 1470 587 etiam
1500 530 1653 619 plane
1670 524 1911 619 stupidos

343 616 779 701 commovendos,
803 643 861 687 ut
877 631 1158 685 humanam
1178 638 1297 680 esse
1312 618 1740 692 prmdicationem
1762 616 1917 670 istam

347 745 451 785 non
478 728 823 791 arbitrentur,
866 721 964 779 sed
992 721 1233 774 humanae
1257 722 1458 768 natura:
1488 711 1626 763 vires
1655 708 1769 762 hcec
1797 720 1916 758 om-

346 822 432 878 nia
456 819 735 883 excedere,
761 816 1030 882 Deumque
1050 823 1176 864 vere
1200 802 1501 860 mutationis
1532 798 1693 853 fuisse
1719 803 1774 850 et
1792 810 1921 849 con-

347 911 604 967 versionis
650 903 956 962 auctorem?
1000 899 1278 958 Sufficiunt
1321 895 1409 949 illa
1437 891 1671 961 quidem,
1705 903 1738 940 ο
1766 887 1918 940 beate

346 1004 530 1068 Paule,
559 1002 603 1056 si
634 1001 804 1070 ipsam
823 1011 1001 1051 rerum
1029 1002 1269 1047 naturam
1295 987 1598 1047 examines;
1630 981 1724 1036 sed
1750 978 1919 1033 Judmi

344 1094 583 1149 omnium
609 1098 734 1146 sunt
760 1085 1072 1157 iniquissimi
1094 1102 1108 1138 :
1127 1094 1297 1151 neque
1320 1090 1497 1132 rerum
1523 1080 1765 1127 naturam
1791 1082 1922 1123 exa-

345 1186 585 1249 minant,
614 1196 719 1238 non
757 1178 899 1251 quod
932 1190 1140 1246 mquum
1179 1181 1233 1227 et
1276 1168 1468 1224 rationi
1506 1172 1917 1219 consentaneum

345 1274 752 1332 commodumve
791 1266 1151 1329 censiderant,
1180 1260 1272 1316 sed
1304 1258 1356 1313 id
1383 1271 1543 1312 unum
1570 1261 1832 1323 spectant,
1860 1257 1921 1303 ut

346 1364 703 1423 contentionis
726 1358 1044 1418 desiderium
1070 1368 1220 1409 suum
1242 1350 1508 1418 expleant.
1534 1348 1683 1401 Actu
1706 1342 1921 1414 quidem

346 1462 415 1521 ad
452 1477 632 1519 rerum
673 1457 915 1515 ordinem
947 1451 1197 1521 respicis;
1231 1448 1370 1501 Deus
1398 1452 1573 1497 autem
1602 1438 1795 1494 mentis
1822 1450 1919 1492 eo-

347 1570 465 1610 rum
503 1552 651 1620 novit
696 1560 907 1603 arcana.
942 1543 1141 1599 Idcirco
1166 1538 1294 1593 dicit
1334 1552 1347 1588 :
1389 1533 1556 1595 Vade,
1586 1525 1921 1620 quoniamut!

345 1655 517 1717 gentes
543 1643 693 1712 longe
715 1648 763 1694 te
782 1637 995 1702 mittam,
1017 1642 1076 1687 ut
1097 1631 1257 1686 etiam
1293 1626 1471 1683 odium
1507 1622 1755 1679 distantia
1781 1619 1923 1674 miti-

345 1746 521 1807 getur.

416 1824 521 1880 Cur
535 1839 635 1878 non
661 1819 888 1891 praeﬁgat
908 1831 1086 1871 nomen
1106 1828 1254 1867 suum
1277 1808 1470 1863 Paulus
1489 1804 1711 1876 epistola:
1723 1801 1791 1855 ad
1810 1799 1918 1854 Ile-

343 1917 523 1971 brazos.
543 1943 617 1955 --
638 1912 928 1981 Propterea
954 1922 1074 1962 cum
1101 1903 1167 1958 ad
1192 1903 1324 1957 alios
1342 1898 1555 1969 quidem
1579 1910 1765 1951 omnes
1789 1892 1921 1949 scri-

344 2008 442 2074 bit,
470 2019 662 2060 nomen
702 2016 856 2057 suum
902 1996 1243 2068 epistolarum
1284 1989 1502 2047 exordio
1532 1986 1755 2057 prteligit
1793 2000 1809 2038 :
1853 1981 1921 2074 ad

344 2072 600 2154 Hebrmos
641 2101 819 2148 autem
862 2090 1077 2144 mittens
1118 2086 1318 2149 literas,
1359 2080 1491 2135 nihil
1520 2078 1624 2132 tale
1651 2075 1798 2139 fecit,
1826 2072 1921 2129 sed

345 2189 675 2260 simpliciter,
724 2200 830 2241 non
856 2183 1158 2253 exprimens
1204 2176 1324 2248 quis
1369 2181 1533 2239 esset,
1560 2170 1645 2226 vel
1674 2168 1741 2222 ad
1787 2179 1922 2260 quos

344 2258 633 2346 scriberet,
684 2286 743 2333 ut
769 2291 886 2331 mos
937 2272 1075 2328 illius
1119 2277 1267 2334 erat,
1318 2267 1390 2320 ita
1435 2264 1647 2318 demum
1676 2258 1919 2328 incepit:

345 2374 685 2446 Multifariam
706 2370 973 2438 multisque
999 2363 1160 2418 modis
1188 2361 1305 2415 olim
1334 2357 1473 2411 Deus
1514 2358 1743 2446 loquens
1762 2350 1922 2446 patri-

343 2466 433 2523 bus
459 2442 646 2520 nostris
675 2460 696 2534 (
726 2460 879 2514 Hebr.
908 2458 960 2512 1.
992 2454 1080 2527 1).
1112 2452 1179 2509 Et
1201 2466 1326 2505 vero
1351 2448 1496 2505 Pauli
1523 2444 1796 2515 sapientia:
1821 2442 1923 2496 hoc

341 2555 460 2615 fuit.
492 2554 571 2610 Ne
595 2552 737 2610 enim
763 2551 816 2606 in
836 2547 1163 2605 consortium
1181 2541 1287 2597 odii
1311 2540 1478 2595 litera:
1504 2536 1762 2598 venirent,
1789 2542 1923 2587 tam-

341 2661 503 2717 quam
532 2644 677 2698 larva
709 2640 936 2712 quadam
958 2681 973 2705 ,
1002 2635 1232 2693 nominis
1273 2628 1650 2701 suppressione
1686 2624 1921 2693 seipsum

342 2712 616 2793 occultans
633 2774 650 2799 ,
680 2733 753 2787 ita
780 2732 917 2786 clam
941 2722 1322 2783 cohortationis
1351 2720 1480 2790 ipsis
1503 2717 1719 2774 adhibet
1748 2712 1919 2769 inedi-

341 2828 538 2885 cinam.
555 2824 687 2879 Cum
706 2821 848 2877 enim
868 2818 991 2874 odio
1011 2814 1379 2887 prosequimur
1393 2808 1713 2879 quempiam,
1736 2819 1923 2873 quam-

344 2919 427 2977 vis
451 2914 649 2986 aliquid
673 2921 879 2970 rectum
905 2909 1080 2974 dicat,
1120 2921 1226 2961 non
1256 2915 1518 2972 propenso
1546 2898 1723 2952 animo
1748 2908 1920 2986 neque

340 3023 462 3065 cum
488 2982 756 3075 voluptate
784 3015 903 3072 quae
928 2998 997 3053 ab
1035 3011 1101 3052 eo
1133 2995 1381 3050 dicuntur
1412 2989 1705 3058 excipimus
1732 3001 1747 3037 :
1778 2982 1920 3075 quod

343 3099 514 3169 ipsum
543 3074 624 3151 ne,
640 3104 749 3147 tum
774 3103 986 3161 quoque
1010 3085 1299 3149 accideret,
1329 3094 1483 3137 suum
1505 3092 1696 3133 nomen
1716 3090 1784 3131 ex
1808 3074 1922 3143 epi-

341 3167 479 3247 stola
503 3186 732 3251 sustulit,
764 3193 821 3240 ut
847 3182 1051 3241 nullum
1076 3177 1317 3249 epistolae
1341 3174 1663 3243 objiceretur
1689 3167 1918 3239 impedi-

342 3383 546 3432 tantum
572 3372 662 3443 qui
684 3377 836 3426 erant
855 3364 1133 3429 increduli,
1156 3360 1251 3416 sed
1275 3368 1331 3415 et
1355 3358 1430 3412 illi
1445 3356 1534 3427 qui
1560 3352 1916 3443 crediderant,

340 3466 565 3522 «ierant
587 3440 708 3518 eum
728 3501 744 3527 ,
775 3468 830 3515 et
853 3454 1254 3512 aversabantur.
1284 3448 1417 3504 Cum
1459 3444 1620 3517 igitur
1642 3440 1917 3497 ascendis-

340 3565 424 3615 set
452 3551 856 3622 Jerosolymam,
880 3545 1001 3603 audi
1029 3542 1153 3614 quid
1180 3540 1255 3597 illi
1292 3536 1522 3595 Iacobus
1549 3534 1720 3599 dicat,
1748 3541 1803 3587 et
1828 3530 1917 3585 alii

340 3659 549 3703 omnes.
580 3640 750 3707 Vides,
794 3640 968 3710 frater,
995 3643 1112 3705 quot
1149 3630 1310 3685 millia
1346 3635 1462 3682 sunt
1485 3625 1803 3690 Iudaeorum,
1834 3622 1918 3692 qui

340 3741 696 3798 convenerunt,
736 3738 784 3786 et
811 3729 863 3783 hi
890 3743 1058 3781 omnes
1095 3723 1411 3778 wtnulatores
1435 3727 1549 3773 sunt
1576 3718 1716 3788 legis,
1748 3725 1795 3770 et
1826 3731 1917 3768 auo

342 3827 544 3883 dierunt
563 3824 625 3876 de
649 3830 718 3888 te,
747 3819 866 3889 quia
886 3817 1239 3870 discessionem
1264 3811 1446 3863 doceas
1464 3825 1497 3860 a
1528 3808 1635 3877 lege
1659 3806 1793 3878 (Act.
1822 3805 1914 3860 21.

340 3915 431 3975 20.
458 3914 572 3982 ‘21).
601 3911 803 3969 Idcirco
831 3908 976 3963 illum
997 3904 1221 3960 oderant
1243 3909 1296 3957 et
1319 3897 1717 3954 aversabantur.

413 4006 503 4062 12.
545 4005 668 4059 [huc
692 4002 850 4073 igitur
887 4013 1044 4055 causa
1072 4005 1154 4051 est
1187 4002 1403 4065 propter
1427 4007 1583 4063 quam
1613 4006 1718 4045 non
1748 3986 1916 4043 Judaei

342 4098 464 4159 ﬁdei
493 4098 608 4166 cjus
645 4094 833 4153 crediti
859 4100 1003 4156 sunt,
1033 4088 1126 4145 sed
1151 4087 1393 4157 gentiles.
1421 4084 1553 4138 Cum
1581 4097 1707 4137 vero
1731 4079 1918 4135 crediti

342 4189 567 4246 fuissent
594 4186 728 4257 ipsi,
761 4199 866 4239 non
891 4182 999 4253 jam
1031 4180 1144 4252 pari
1171 4179 1374 4232 ratione
1398 4190 1461 4230 ac
1490 4175 1679 4230 Petrus
1702 4213 1717 4238 ,
1750 4185 1919 4242 neque

341 4279 528 4337 eadem
556 4278 638 4331 via
657 4273 953 4333 deducebat
975 4271 1096 4326 illos
1119 4271 1186 4325 ad
1209 4267 1386 4333 fidem,
1405 4266 1499 4322 sed
1519 4266 1641 4323 alia.
1663 4264 1796 4319 Cum
1824 4279 1923 4319 au-

343 4378 451 4429 tem
477 4369 634 4423 aliain
677 4366 827 4421 audis
846 4405 862 4430 ,
891 4378 960 4417 ne
984 4360 1269 4416 discrimen
1299 4358 1352 4412 in
1383 4356 1759 4424 prmdicatione
1799 4369 1920 4408 esse

341 4458 637 4519 arbitreris.
661 4455 860 4515 Eadem
879 4452 1075 4525 quippe
1094 4458 1314 4518 uterque
1336 4446 1534 4501 Iudaeis
1561 4454 1616 4500 et
1633 4444 1922 4514 gentilibus

343 4548 666 4622 prmdieabat
711 4562 726 4599 :
767 4541 999 4613 exempli
1030 4554 1188 4597 causa
1209 4578 1225 4604 ,
1260 4538 1424 4592 Deum
1463 4550 1583 4591 esse
1610 4533 1915 4598 Christum,

342 4639 649 4697 crucifixum
678 4636 839 4695 fuisse
858 4649 922 4690 ac
947 4633 1231 4704 sepultum,
1278 4638 1333 4683 et
1360 4626 1735 4690 resurrexisse,
1761 4633 1921 4694 atque

342 4731 397 4786 in
427 4730 645 4784 dextera
672 4728 849 4785 Patris
874 4726 1097 4790 sedere,
1129 4732 1241 4779 tum
1274 4719 1632 4791 iudicaturum
1669 4716 1820 4771 vivos
1865 4723 1922 4771 et

344 4831 584 4879 mortuos
602 4860 619 4887 ,
659 4825 714 4877 et
739 4831 1087 4889 quzecumque
1132 4814 1257 4870 talia
1286 4812 1485 4883 pariter
1510 4809 1706 4866 Paulus
1734 4817 1789 4863 et
1818 4808 1918 4864 Pe-

345 4922 458 4971 trus
485 4909 862 4983 praedicabant.
885 4906 942 4963 In
967 4922 1073 4979 quo
1096 4906 1254 4977 igitur
1278 4905 1561 4961 discrimen
1588 4902 1725 4958 fuit?
1746 4901 1800 4960 ln
1825 4902 1923 4957 ob—

344 5005 646 5064 servatione
669 5003 940 5067 cibOrum,
969 5002 1021 5055 in
1062 4997 1485 5062 circumcisione,
1515 4997 1569 5054 in
1597 4996 1716 5054 aliis
1740 4993 1924 5050 Judaiv

345 5098 423 5153 eis
443 5095 652 5152 ritibus.
678 5094 810 5151 Nam
850 5093 1037 5150 Petrus
1073 5091 1286 5165 quidem
1314 5088 1586 5159 discipulis
1611 5087 1723 5141 suis
1748 5085 1923 5155 palam

348 5198 403 5245 et
420 5199 603 5261 aperte
628 5186 806 5243 dicere
831 5200 934 5241 non
958 5182 1185 5242 audebat
1211 5182 1280 5235 ab
1305 5181 1389 5238 his
1417 5180 1626 5249 penitus
1654 5178 1927 5233 abstinen-

347 5281 474 5338 dum
504 5296 642 5337 esse.
674 5278 944 5335 Metuebat
965 5276 1109 5332 enim
1138 5290 1206 5330 ne
1230 5272 1388 5341 forte,
1415 5272 1459 5327 si
1487 5269 1923 5326 consuetudinem

348 5374 507 5433 istam
545 5382 670 5428 ante
700 5380 909 5441 tempus
947 5368 1104 5424 vellet
1133 5366 1400 5430 evellere,
1432 5363 1587 5419 simul
1616 5362 1775 5418 etiam
1804 5376 1926 5416 cum

349 5463 453 5520 illis
469 5462 664 5518 Christi
686 5461 842 5517 fidem
867 5459 1134 5524 evelleret,
1153 5472 1272 5512 cum
1295 5453 1529 5509 nondum
1549 5467 1703 5508 mens
1719 5451 1930 5506 Iudaeo-

346 5568 469 5610 rum
491 5554 560 5609 ob
574 5553 875 5608 diuturnam
895 5551 1232 5619 anticipatam
1256 5545 1558 5616 opinionem
1586 5542 1727 5597 circa
1753 5542 1925 5611 legem

344 5647 466 5704 haec
485 5646 644 5702 verba
677 5654 858 5716 posset
883 5644 1086 5699 audire.
1117 5641 1401 5711 Propterea
1432 5636 1640 5691 sinebat
1674 5649 1770 5688 eos
1808 5634 1935 5688 bea-

345 5748 435 5794 tus
463 5737 651 5792 Petrus
670 5734 959 5806 judaizare.
988 5736 1052 5789 Et
1067 5728 1514 5804 quemadmodum
1541 5726 1773 5796 optimus
1792 5724 1932 5795 agri-

341 5826 465 5887 cola
493 5842 612 5886 cum
652 5827 803 5898 juxta
849 5835 1082 5884 veterem
1127 5824 1373 5880 arborem
1403 5830 1638 5877 teneram
1690 5821 1923 5888 plantam

1421 406 1492 464 IN
1530 408 1756 473 ILLUD,
1796 410 1864 465 IN
1905 410 2157 466 FACIEM
2197 409 2263 463 El
2311 409 2603 464 RESTITI.

3499 404 3603 460 582

2034 521 2352 587 conseverit,
2380 535 2487 574 non
2511 519 2670 573 audet
2690 527 2923 575 veterem
2944 520 3171 576 eveilere
3194 521 3460 589 arborem,
3487 536 3603 576 meo

2027 620 2181 666 tuens
2223 624 2324 675 ne,
2365 608 2631 663 radicibus
2661 609 2762 664 illis
2794 608 2990 662 avulsis
3014 649 3029 675 ,
3057 625 3192 664 nova
3222 609 3402 679 planta
3444 611 3602 666 simul

2023 702 2305 766 avellatur,
2332 700 2426 756 sed
2449 709 2723 770 exSpeetat
2746 702 2889 770 prius
2916 700 3059 754 illam
3086 711 3230 755 recte
3257 702 3434 770 deligi,
3468 710 3523 755 ct
3552 704 3604 759 in

2029 802 2187 846 terrm
2234 790 2524 844 visceribus
2562 789 2770 844 radices
2793 804 2951 859 agere
2969 830 2985 856 ,
3017 797 3127 843 tum
3153 789 3345 845 deinde
3370 799 3605 846 veterem

2026 883 2359 939 confidenter
2376 881 2572 946 evellit,
2603 882 2899 951 nequejam
2925 881 2992 937 de
3015 882 3188 951 planta
3217 881 3428 937 novella
3454 885 3605 953 quid-

2028 992 2185 1045 quam
2214 975 2365 1028 timet
2403 989 2415 1026 :
2448 975 2528 1029 sic
2557 974 2804 1027 nimirum
2836 982 2892 1029 et
2926 974 3112 1028 beatus
3147 973 3334 1028 Petrus
3368 975 3553 1043 agebat
3587 992 3601 1028 :

2025 1075 2213 1117 recens
2239 1064 2522 1132 plantatam
2540 1064 2697 1119 fidem
2720 1072 2863 1119 recte
2880 1063 3036 1135 defigi
3060 1065 3113 1122 in
3131 1065 3429 1120 auditorum
3452 1081 3610 1119 men-

2027 1152 2169 1208 tibus
2194 1154 2432 1221 sinebat,
2465 1163 2523 1209 ut
2543 1170 2663 1209 cum
2692 1155 2826 1210 altas
2860 1155 3064 1210 radices
3092 1157 3309 1226 egisset,
3336 1158 3606 1212 conliden-

2029 1250 2111 1298 ter
2148 1244 2340 1300 deinde
2368 1245 2639 1300 Judaicam
2674 1261 2888 1300 omnem
2915 1247 3255 1316 anticipatam
3299 1248 3603 1317 Opinionem
3658 1258 3663 1261 '

2026 1332 2363 1402 exstirparet.
2410 1334 2513 1390 Sed
2539 1350 2644 1389 non
2676 1336 2744 1389 ita
2776 1335 2990 1403 Paulus,
3042 1336 3131 1406 qui
3171 1338 3317 1393 omni
3345 1337 3603 1406 ejusmodi

2026 1423 2341 1478 necessitate
2366 1424 2621 1479 liberatus
2644 1435 2778 1492 erat,
2809 1426 2934 1480 dum
2963 1428 3245 1497 gentilibus
3272 1428 3604 1496 praedicaret,

2026 1513 2116 1583 qui
2145 1513 2275 1583 legis
2300 1514 2527 1569 necdum
2554 1515 2843 1586 participes
2875 1515 2995 1571 facti
3032 1527 3205 1581 erant,
3240 1518 3607 1588 nequeJudai-

2026 1618 2119 1661 cas
2164 1605 2563 1660 observationes
2604 1605 2933 1661 audiverant.
2984 1606 3100 1662 Non
3141 1608 3282 1665 enim
3326 1609 3448 1664 illos
3491 1610 3608 1665 hanc

2027 1696 2220 1765 egisse,
2246 1698 2386 1766 quod
2415 1698 2515 1752 sibi
2557 1698 2778 1753 invicem
2818 1707 3000 1754 essent
3027 1700 3314 1768 contrarii,
3343 1701 3437 1757 sed
3466 1702 3606 1771 quod

2027 1788 2407 1858 discipulorum
2452 1790 2801 1845 imbecillitati
2841 1806 2901 1846 se
2951 1800 3386 1861 attemperarcut,
3431 1808 3495 1847 ex
3542 1809 3607 1847 en

2027 1879 2279 1949 colligere
2309 1880 2452 1946 licet,
2476 1881 2618 1952 quod
2638 1881 2858 1935 Paulum
2881 1882 2977 1936 ista
2999 1898 3104 1936 non
3130 1884 3283 1937 aliter
3301 1898 3363 1937 ac
3390 1883 3604 1939 Petrmn

2027 1970 2333 2040 permittere
2360 1972 2661 2038 videamus,
2696 1988 2868 2043 neque
2898 1975 3204 2042 permittere
3232 1983 3432 2031 tantum
3454 2016 3468 2039 ,
3510 1976 3606 2030 sed

2027 2059 2187 2115 etiam
2215 2062 2383 2131 ipsum
2405 2064 2697 2132 cooperari,
2723 2078 2786 2118 ac
2809 2064 3025 2122 Petrum
3052 2080 3235 2119 rursus
3261 2066 3500 2121 eamdem
3535 2067 3603 2120 li-

2028 2152 2287 2211 bertatem
2331 2155 2575 2220 sancire,
2624 2172 2781 2225 quam
2832 2157 3026 2212 Paulus
3072 2159 3317 2214 oumibns
3363 2160 3607 2229 gentibus

2027 2243 2370 2313 prredicabat.
2398 2244 2503 2300 Sed
2541 2246 2630 2300 ubi
2659 2246 2899 2309 tandem,
2930 2247 3131 2316 inquit,
3160 2248 3296 2302 istud
3325 2259 3606 2319 utrumque

2026 2334 2151 2389 licet
2176 2334 2399 2390 videre?
2431 2335 2485 2390 ln
2517 2336 2645 2405 ipsis
2670 2335 3037 2408 Jerosolymis.
3068 2337 3166 2393 llic
3199 2338 3342 2393 enim
3373 2348 3427 2394 et
3448 2352 3606 2410 caput

2030 2425 2182 2492 rasit,
2215 2436 2269 2481 et
2295 2426 2628 2491 sacriﬁcavit,
2657 2436 2711 2483 et
2734 2428 3205 2485 sanetilicationem
3230 2432 3449 2501 perfecit
3474 2448 3604 2503 gen.

2029 2516 2158 2571 tium
2197 2517 2400 2574 doctor.
2435 2518 2545 2574 Hoc
2568 2519 2817 2575 nimirum
2849 2528 3055 2591 tempus
3087 2521 3350 2591 exigebat,
3383 2532 3437 2578 et
3464 2526 3605 2594 quod

2028 2610 2178 2666 multi
2204 2610 2454 2666 adessent
2479 2611 2668 2666 Judaei.
2707 2610 2857 2673 Vides
2869 2613 3041 2678 enim,
3062 2612 3252 2683 inquit,
3276 2617 3454 2683 frater,
3484 2628 3606 2685 quot

2027 2700 2189 2754 millia
2206 2708 2325 2755 sunt
2351 2699 2648 2755 Judazorum
2676 2702 2764 2769 qui
2789 2710 3150 2769 conuenerunt,
3171 2711 3218 2756 et
3244 2704 3514 2757 audierunt
3544 2705 3607 2758 de

2027 2799 2095 2858 te,
2127 2791 2245 2860 quia
2277 2791 2827 2849 discassiouemdoceas
2846 2809 2880 2849 α
2899 2790 3153 2866 lege(Act.
3175 2790 3266 2847 2!.
3296 2792 3387 2849 20.
3415 2794 3529 2865 2f).

2099 2881 2187 2936 15.
2228 2879 2323 2935 llle
2364 2880 2543 2951 itaque
2566 2895 2687 2936 cum
2724 2881 3154 2937 condescendere
3189 2893 3487 2952 cogeretur,
3514 2885 3603 2953 ju-

2025 2967 2268 3026 daizabat
2304 2986 2318 3021 :
2362 2969 2456 3024 sed
2500 2985 2605 3024 non
2628 2968 2739 3038 jam
2775 2985 2843 3025 ex
2873 2970 3034 3024 animi
3062 2971 3143 3025 sui
3172 2973 3467 3040 sententia,
3510 2977 3603 3032 sed

2026 3058 2316 3114 secundum
2355 3058 2802 3130 dispensationem
2850 3060 2902 3114 id
2945 3061 3153 3131 agebat.
3184 3062 3372 3118 Petrus
3420 3082 3605 3121 rursus

2025 3152 2330 3209 Judazorum
2360 3154 2565 3221 doctor,
2609 3164 2664 3211 et
2700 3154 2791 3227 qui
2820 3156 3278 3213 circumcisionem
3321 3160 3515 3230 ubique
3542 3177 3606 3219 ac

2026 3246 2270 3304 Judaicas
2295 3248 2692 3305 observationes
2732 3248 3101 3319 permittebat,
3129 3262 3346 3321 propter
3371 3252 3605 3323 discipu-

2026 3338 2198 3395 lorum
2223 3340 2581 3395 inﬁrmitatem
2605 3381 2621 3408 ,
2651 3341 2902 3411 quoniam
2951 3352 3157 3411 tempus
3198 3343 3410 3399 videbat
3435 3359 3492 3399 se
3536 3348 3605 3399 ab

2027 3431 2127 3488 hac
2148 3432 2465 3487 necessitate
2494 3431 2767 3497 liberasse,
2817 3447 2991 3500 neque
3032 3441 3201 3487 tutum
3245 3443 3360 3488 erat
3402 3437 3601 3491 tamdiu

2025 3524 2100 3579 illi
2131 3522 2566 3578 condescensioni
2595 3522 2903 3592 indulgere,
2934 3523 3030 3577 sed
3059 3522 3366 3593 dogmatnm
3398 3534 3604 3596 tempus

2025 3621 2140 3668 erat
2158 3621 2212 3669 et
2226 3613 2398 3683 legum
2432 3631 2444 3670 :
2467 3612 2586 3667 audi
2613 3612 2738 3683 quid
2757 3614 2968 3673 dixerit.
2995 3612 3123 3666 Nam
3150 3616 3396 3685 quoniam
3420 3632 3605 3672 ascen.

2025 3705 2216 3761 derant
2241 3721 2306 3760 ex
2337 3705 2617 3763 Antiochia
2648 3705 2841 3761 Paulus
2860 3714 2914 3759 et
2940 3705 3226 3770 Barnabas,
3262 3718 3318 3760 ut
3343 3708 3466 3777 quid
3489 3725 3605 3764 eer-

2028 3806 2137 3853 tum
2167 3807 2309 3853 esset
2337 3797 2636 3854 ediseerent
2662 3815 2676 3851 :
2708 3813 2829 3853 cum
2858 3799 3018 3851 multa
3045 3808 3190 3853 esset
3214 3809 3331 3853 orta
3358 3803 3604 3869 quaestio,

2026 3906 2246 3960 surgens
2289 3890 2479 3946 Petrus
2501 3890 2635 3945 dixit
2662 3907 2675 3941 :
2717 3889 2826 3943 Viri
2853 3892 3054 3959 fratres,
3088 3906 3172 3943 ros
3190 3891 3348 3957 scitis,
3370 3894 3607 3960 quoniam

2027 3983 2093 4034 ab
2134 3981 2353 4052 antiquis
2386 3980 2561 4035 diebus
2594 3980 2729 4035 Deus
2758 3981 2811 4033 in
2855 3980 2998 4035 nobis
3026 3981 3193 4051 elegit,
3225 3999 3313 4049 per
3344 3999 3398 4038 os
3443 4000 3607 4036 meum

2026 4072 2206 4125 audire
2228 4080 2400 4142 gentes
2427 4070 2628 4126 verbum
2653 4071 2919 4141 evangelii,
2947 4080 2993 4124 et
3012 4071 3213 4125 credere
3244 4072 3382 4142 (Act.
3412 4073 3499 4126 15.
3529 4074 3605 4142 7).

2030 4162 2229 4217 Deinde
2250 4177 2370 4217 cum
2405 4162 2507 4217 alia
2548 4160 2824 4231 interjecta
2861 4161 3103 4229 dixisset,
3150 4161 3391 4232 adiunxit
3424 4180 3438 4217 :
3474 4163 3608 4229 Quid

2029 4270 2147 4325 ergo
2168 4254 2369 4309 tentatis
2390 4253 2552 4309 Deum
2571 4255 2829 4324 imponere
2845 4255 3032 4325 jugum
3054 4271 3205 4325 super
3244 4256 3455 4309 cervices
3488 4273 3609 4326 geu—

2029 4349 2173 4411 tium,
2195 4347 2331 4416 quod
2355 4363 2514 4415 neque
2534 4358 2700 4415 patres
2726 4348 2905 4412 nostri,
2932 4364 3088 4417 neque
3110 4364 3200 4402 nos
3228 4359 3429 4417 portare
3443 4350 3583 4419 potui
3591 4376 3610 4389 -

2030 4454 2143 4492 mus
2163 4439 2188 4490 ?
2233 4437 2323 4492 sed
2378 4453 2467 4505 per
2506 4436 2660 4505 ﬁdem
2702 4436 2828 4491 Jesu
2873 4436 3060 4491 Christi
3104 4439 3353 4493 credimus
3401 4439 3607 4505 salvari,

2028 4527 2452 4597 quemadmodum
2484 4537 2531 4580 et
2559 4528 2637 4580 illi
2665 4525 2773 4596 (Ib.
2807 4543 2856 4579 υ.
2889 4525 2979 4582 10.
3025 4527 3137 4596 il).
3166 4526 3322 4581 Vides
3352 4535 3462 4582 tum
3488 4528 3608 4598 qui.

2030 4620 2152 4677 dem
2176 4635 2299 4676 cum
2326 4629 2534 4690 tempus
2561 4627 2704 4676 esset
2728 4618 3090 4689 indulgentia,
3121 4626 3176 4673 et
3200 4618 3608 4688 Paulumjndai-

2031 4728 2214 4779 zasse,
2245 4727 2368 4767 cum
2397 4727 2523 4767 vero
2551 4720 2758 4780 tempus
2799 4710 3268 4766 condescensionis
3297 4726 3401 4766 non
3431 4724 3606 4776 esset,

2032 4818 2215 4860 verum
2245 4803 2488 4874 dogmata
2518 4800 2811 4872 Spargenda
2842 4810 3042 4866 essent,
3068 4810 3124 4856 et
3146 4800 3432 4856 sancienda
3454 4817 3607 4855 man-

2041 4893 2186 4959 data,
2213 4891 2436 4948 Petrum
2461 4890 2532 4947 ab
2564 4890 2657 4945 illa
2687 4885 3153 4947 condescensione
3182 4886 3474 4942 liberatum
3498 4886 3613 4941 sino

2038 4996 2165 5036 cera
2200 4994 2447 5052 puraque
2491 4979 2744 5052 dogmata
2774 4976 3083 5033 tradidisse.
3117 4977 3295 5047 Atque
3335 4977 3451 5033 hate
3484 4991 3609 5032 cum

2039 5071 2374 5138 dicerentur,
2406 5070 2606 5127 Paulus
2640 5072 2933 5132 intererat,
2977 5077 3033 5124 et
3062 5067 3335 5132 audiebat,
3373 5076 3427 5124 et
3454 5084 3612 5124 acce-

2039 5166 2185 5230 ptam
2235 5160 2521 5231 epistolam
2571 5160 2767 5231 quovis
2809 5159 3049 5230 gentium
3097 5158 3397 5222 deferebat,
3431 5175 3609 5227 neque

2032 5249 2140 5305 dici
2173 5258 2351 5321 potest
2377 5266 2502 5306 eum
2525 5252 2757 5322 apostoli
2779 5261 3011 5306 mentem
3041 5250 3343 5320 ignorasse.
3371 5250 3485 5305 Cur
3516 5251 3618 5319 ἱεὶς

2037 5344 2128 5392 tnr
2175 5353 2321 5393 nunc
2360 5353 2486 5394 eum
2531 5339 3151 5412 reprehendit,'dicens
3190 5354 3314 5393 eum
3366 5340 3614 5396 timuisse

2036 5428 2158 5485 illos
2192 5428 2285 5500 qui
2314 5444 2378 5483 ex
2414 5424 2835 5487 circumcisione
2857 5435 3013 5485 erant
3040 5425 3185 5498 (Gal.
3216 5428 3271 5485 2.
3307 5428 3435 5499 12)?

2102 5518 2190 5575 14.
2223 5518 2519 5575 Historiam
2538 5521 2697 5588 paulo
2722 5521 2885 5576 altius
2915 5521 3118 5588 repetit.
3148 5517 3426 5576 Centiliter
3446 5522 3612 5577 vivere

2039 5624 2162 5697 quid
2186 5624 2272 5678 sit.
2298 5651 2372 5667 -—
2398 5620 2469 5677 Ut
2491 5629 2668 5675 autem
2713 5634 2900 5674 eorum
2927 5631 3053 5688 qum
3070 5614 3620 5673 dicunturhistoriatu

2041 5713 2394 5787 cognoscatis,
2418 5711 2763 5782 paulo'altius
2803 5709 2945 5764 illam
2971 5723 3195 5763 exorsus
3221 5707 3485 5774 narrabo;
3527 5709 3620 5762 sed

2044 5809 2336 5875 attendite,
2371 5818 2554 5877 quicso
2587 5822 2598 5858 :
2643 5804 2754 5874 jam
2779 5801 2921 5859 enim
2965 5801 3028 5857 ad
3060 5800 3421 5872 penitissimas
3448 5813 3621 5872 partes
