4060 6260
421 511 760 581 pervenimus
805 507 1132 581 qumstionis.
1179 506 1408 562 iacebas
1447 504 1610 558 frater
1642 501 1847 556 Domini
1886 509 1997 554 tum

421 605 571 659 initio
594 602 854 659 Ecclesia:
883 599 1342 668 Jerosolymitana:
1367 603 1481 650 erat
1506 595 1806 663 episcopus,
1834 601 1887 645 et
1909 591 2004 646 Ju-

418 695 549 749 daeis
571 703 797 764 praeerat
818 692 1064 745 omnibus
1088 688 1175 758 qui
1197 686 1554 742 crediderant.
1578 684 1780 741 Accidit
1805 693 2002 751 autem,

417 793 474 838 ut
502 791 680 836 essent
710 781 1007 838 Antiochia:
1033 795 1245 849 quoque
1271 777 1440 833 Judtei
1462 819 1477 843 ,
1523 777 1614 846 qui
1642 792 1764 830 eum
1793 775 2003 831 Christo

415 873 789 940 credidissent,
817 888 881 926 eo
911 871 1051 940 quod
1076 869 1257 939 procul
1286 870 1531 922 abessent
1557 867 1625 920 ab
1647 866 1998 936 Jerosolyma,

416 965 762 1034 viderentque
789 964 985 1017 mullos
1011 962 1100 1031 qui
1128 959 1466 1015 crediderant
1503 973 1572 1012 ex
1601 957 1845 1027 gentibus
1871 970 2001 1008 cou-

415 1053 645 1109 l'ideuter
691 1063 747 1108 et
783 1053 982 1122 absque
1028 1051 1266 1107 .iudaicis
1308 1049 1770 1104 observationibus
1795 1046 1997 1108 vivere,

412 1144 614 1199 sensim
643 1157 707 1198 ac
739 1142 990 1214 paulatim
1031 1141 1428 1205 inducerentur,
1471 1148 1581 1193 uta
1611 1137 1827 1192 Judaica
1869 1150 2000 1189 cou-

409 1235 696 1289 snetudine
719 1234 1065 1298 abstinerent,
1098 1242 1152 1287 et
1178 1248 1361 1301 puram
1389 1231 1710 1300 minimeque
1735 1229 2004 1283 adultera.

410 1337 516 1380 tam
553 1326 672 1380 fidei
699 1325 995 1380 doctrinam
1026 1325 1338 1380 retinerent.
1381 1323 1512 1377 Cum
1544 1336 1670 1390 ergo
1697 1320 2004 1375 descendis-

408 1427 491 1472 set
525 1417 734 1483 Petrus,
764 1429 817 1472 et
847 1416 1045 1470 nullam
1079 1430 1200 1470 esse
1221 1412 1686 1469 condescensionis
1714 1412 2002 1465 necessita-

411 1519 519 1562 tem
562 1507 801 1572 videret,
842 1507 1112 1577 gentiliter
1139 1505 1391 1569 deinceps
1420 1503 1648 1556 vivebat.
1687 1501 1798 1555 lloc
1824 1509 2000 1554 autem

413 1599 649 1668 appellat
671 1597 942 1668 gentiliter
973 1599 1154 1651 vivere
1185 1595 1407 1659 Paulus,
1453 1593 1652 1662 absque
1679 1591 1894 1646 Judaica
1923 1592 2001 1643 vi-

413 1707 539 1746 vere
559 1691 964 1756 observatione,
988 1689 1117 1743 nihil
1140 1705 1203 1744 ex
1224 1689 1328 1742 illis
1348 1687 1480 1757 legis
1498 1686 1686 1741 ritibus
1706 1685 1995 1751 custodire,

411 1785 638 1853 exempli
665 1798 822 1838 causa
845 1825 859 1849 ,
882 1783 1340 1839 circumcisionem
1361 1821 1376 1846 ,
1403 1779 1678 1835 sabbatum
1701 1820 1715 1844 ,
1739 1779 1820 1833 vel
1843 1778 1999 1848 quid-

415 1876 554 1945 piam
595 1875 877 1946 ejusmodi.
921 1873 1052 1929 Cum
1099 1873 1257 1944 igitur
1302 1873 1490 1926 Petrus
1537 1872 1606 1924 ita
1655 1870 1877 1936 viveret,
1908 1869 2002 1924 de-

409 1966 732 2021 scenderunt
757 1966 968 2036 quidam
994 1981 1023 2018 a
1049 1964 1249 2020 Jacobo
1278 1962 1469 2029 Judwi,
1501 1961 1602 2016 hoc
1630 1971 1712 2016 est
1739 1977 1806 2016 ex
1839 1960 1998 2015 Jcro-

409 2055 637 2126 solyma,
665 2057 775 2126 qui,
809 2055 948 2125 quod
970 2056 1019 2108 in
1044 2053 1324 2122 metropoli
1344 2067 1557 2120 semper
1575 2051 1770 2107 versati
1794 2060 1995 2117 essent,

414 2159 586 2214 neque
613 2161 930 2213 quemquam
957 2144 1213 2199 vidissent
1241 2143 1312 2196 ita
1343 2143 1630 2206 viventem,
1652 2141 1826 2195 adhuc
1854 2141 1997 2195 anti-

411 2234 639 2303 cipatam
661 2233 805 2288 illam
823 2233 1096 2288 Judaicam
1119 2232 1422 2302 opinionem
1441 2231 1756 2295 retinebant,
1780 2231 1999 2284 multas-

413 2343 518 2396 que
534 2341 598 2381 ex
621 2325 1086 2380 observationibus
1106 2324 1208 2377 illis
1228 2339 1408 2378 secum
1431 2323 1726 2378 trahebant.
1750 2321 1860 2377 Hos
1875 2337 1995 2376 cum

413 2418 633 2473 vidisset
651 2417 876 2482 Petrus,
904 2416 993 2486 qui
1042 2433 1071 2471 a
1116 2415 1314 2471 Jacobo
1341 2423 1394 2470 et
1421 2415 1750 2486 Jerosolyma
1776 2414 1998 2469 descen-

407 2510 617 2577 derant,
646 2511 735 2579 qui
765 2510 939 2565 adhuc
974 2510 1171 2564 infirmi
1198 2519 1369 2576 erant,
1403 2510 1719 2577 timeretque
1744 2523 1812 2563 ne
1838 2523 1996 2562 scau-

409 2601 590 2656 dalum
624 2601 765 2671 passi
792 2616 822 2654 a
854 2601 957 2654 lide
995 2601 1298 2665 resilirent,
1337 2610 1567 2654 mutatus
1593 2609 1673 2654 est
1699 2613 1900 2663 rursus,
1942 2607 1994 2653 et

407 2695 608 2748 omissa
648 2693 835 2763 gentili
861 2692 981 2747 vita:
1012 2693 1235 2756 ratione,
1277 2692 1342 2746 ad
1375 2693 1604 2762 priorem
1637 2691 1795 2745 rediit
1823 2689 1994 2744 indul-

403 2787 636 2856 gentiam
663 2827 679 2852 ,
711 2795 765 2841 et
802 2786 1041 2840 ciborum
1073 2784 1470 2839 observationes
1499 2783 1806 2838 custodivit.
1837 2781 1988 2835 Illum

406 2895 536 2950 ergo
555 2878 722 2934 ,1υάευί
749 2895 870 2934 cum
894 2879 1164 2944 vidissent,
1195 2879 1284 2949 qui
1307 2879 1601 2934 Antiochia:
1622 2877 1991 2943 versabantur,

408 2970 459 3024 id
485 2979 748 3040 agentem,
773 2985 944 3040 neque
965 2979 1195 3025 mentem
1210 2971 1336 3040 ejus
1356 2978 1687 3040 perspectam
1710 2968 1990 3035 haberent,

408 3075 512 3131 qua
543 3061 592 3115 id
621 3062 828 3132 agebat,
861 3062 1072 3116 abducti
1101 3071 1224 3116 sunt
1250 3070 1305 3116 et
1334 3062 1453 3131 ipsi,
1483 3077 1546 3117 ac
1575 3069 1791 3131 pr0pter
1820 3060 1990 3130 magi-

405 3160 575 3204 strum
601 3152 873 3221 judaizare
890 3152 1234 3221 cogebantur.
1259 3153 1431 3221 Atque
1471 3151 1572 3206 hoc
1601 3162 1702 3216 est,
1732 3150 1874 3221 quod
1899 3166 1989 3205 re-

405 3241 687 3310 prehendit
713 3242 905 3296 Paulus
929 3261 942 3296 :
968 3253 1023 3296 ut
1043 3251 1222 3298 autem
1249 3243 1442 3296 clarius
1471 3243 1560 3296 fiat
1580 3243 1721 3311 quod
1741 3243 1992 3309 dicimus,

405 3333 521 3402 ipsa
552 3331 702 3386 vobis
729 3333 1020 3401 apostolica
1047 3333 1206 3385 verba
1234 3331 1469 3385 recitabo
1501 3347 1515 3384 :
1545 3330 1670 3384 Cum
1707 3341 1875 3384 autem
1909 3348 1992 3385 ve-

403 3423 554 3477 nisset
609 3420 791 3476 Petrus
840 3421 1194 3485 Antiochiam,
1248 3423 1302 3476 in
1351 3422 1533 3492 facient
1563 3423 1606 3475 ei
1644 3424 1823 3488 restiti,
1870 3425 1990 3494 quia

402 3515 803 3586 reprehensibilis
855 3526 982 3570 erat.
1035 3514 1187 3569 Prius
1229 3517 1361 3569 enim
1413 3532 1564 3584 quant
1605 3519 1827 3571 venirent
1880 3517 1991 3586 qui-

401 3609 518 3662 dam
568 3624 600 3660 a
647 3607 875 3673 Jacobo,
924 3607 1026 3661 hoc
1063 3615 1146 3661 est
1185 3605 1566 3678 Jerosolymis,
1591 3623 1712 3660 cum
1761 3607 1991 3677 gentibus

401 3699 594 3764 edebat,
634 3698 736 3753 hoc
758 3708 839 3753 est
863 3713 982 3753 cum
1011 3699 1075 3753 iis
1103 3701 1190 3768 qui
1215 3708 1367 3754 erant
1393 3699 1707 3753 Antiochiae.
1737 3699 1863 3753 Cum
1894 3717 1991 3753 au-

402 3802 498 3846 tem
528 3791 776 3847 venissent
803 3791 1013 3861 quidam
1038 3789 1393 3862 Jerosolymis,
1417 3791 1570 3860 periti
1596 3790 1726 3861 legis
1750 3832 1765 3857 ,
1791 3792 1992 3845 subtra-

401 3883 549 3937 hebat
574 3893 620 3937 et
645 3881 940 3954 segregabat
960 3899 1013 3936 se
1038 3881 1246 3942 Petrus,
1288 3885 1467 3936 timens
1489 3899 1570 3936 eos
1590 3884 1674 3953 qui
1696 3899 1758 3936 ex
1775 3883 1992 3936 circuat-

400 3975 590 4028 cisione
628 3983 793 4028 erant.
825 3973 1132 4041 Quasnam?
1171 3974 1276 4029 Eos
1305 3974 1393 4043 qui
1422 3989 1451 4026 a
1476 3973 1674 4028 Jacobo
1698 3973 1990 4029 descende-

401 4074 555 4130 rant;
602 4063 672 4119 Et
709 4065 1085 4118 abducebantur
1126 4081 1241 4118 cum
1256 4081 1326 4118 leo
1353 4065 1518 4118 caeteri
1545 4063 1736 4118 Judazi.
1764 4064 1988 4132 Quinam

400 4155 572 4210 Jutlwi
592 4154 618 4208 ‘t
639 4154 760 4221 Qui,
780 4156 1084 4223 priusquam
1107 4153 1541 4222 Jerosolymitani
1563 4153 1985 4220 descendissent,

400 4247 698 4302 Antiochia:
725 4246 1005 4315 degebant,
1035 4259 1134 4299 nec
1161 4246 1320 4298 ullam
1349 4245 1773 4299 observationem
1801 4246 1988 4300 Judai-

403 4355 519 4392 cam
549 4337 923 4392 custodiebant
950 4353 965 4389 :
999 4336 1083 4390 Ita
1101 4345 1152 4390 ut
1174 4346 1219 4391 et
1258 4335 1520 4391 Barnabas
1549 4335 1814 4390 duceretur
1836 4337 1896 4390 ab
1919 4338 1990 4391 eis

399 4437 451 4488 in
479 4434 624 4488 illaut
644 4431 1037 4487 simulationem.
1061 4433 1234 4504 Atque
1258 4431 1372 4486 lucc
1391 4431 1604 4502 quidem
1631 4441 1730 4498 est,
1754 4449 1870 4503 qua:
1893 4447 1988 4502 ap-

402 4537 560 4598 paret
586 4527 956 4598 reprehensio.

471 4621 560 4675 15.
603 4620 828 4683 Aliorum
882 4620 1216 4691 quorumdam
1251 4617 1548 4674 solutionem
1601 4618 1875 4688 prtemittit.
1918 4646 1988 4657 —

400 4713 569 4767 Porro
596 4713 640 4766 si
665 4711 809 4767 lubet
835 4751 850 4777 ,
881 4706 1207 4781 excogitatas
1233 4712 1392 4767 etiam
1415 4711 1482 4765 ab
1504 4710 1625 4765 aliis
1652 4708 1990 4764 defensiones

402 4803 490 4858 ubi
521 4803 693 4872 primo
720 4803 837 4858 loco
866 4817 1094 4874 posuero
1117 4844 1131 4867 ,
1162 4812 1272 4858 tum
1305 4818 1476 4857 meam
1519 4818 1732 4872 quoque
1770 4811 1987 4856 senten-

402 4897 530 4949 tiam
559 4894 795 4950 conabor
815 4910 1130 4965 expromere
1157 4935 1173 4962 ,
1197 4895 1454 4965 vobisque
1466 4893 1655 4949 faciam
1681 4893 1950 4963 optionem
1972 4932 1986 4955 ,

402 4997 461 5043 ut
489 5001 552 5041 ex
582 4986 665 5053 iis,
698 5002 815 5056 qua:
844 4985 984 5042 dicta
1015 4985 1230 5053 fuerint,
1251 4986 1390 5056 quod
1416 4985 1745 5055 potissimum
1766 4986 1986 5054 placeat,

402 5077 630 5147 eligatis.
671 5076 786 5142 Quo
811 5075 967 5145 igitur
1004 5085 1158 5146 pacto
1194 5076 1434 5130 nonnulli
1477 5075 1616 5129 hanc
1642 5075 1988 5144 quaestionem

410 5169 721 5223 solverunt?
749 5167 865 5222 Non
893 5178 1010 5223 erat
1037 5168 1121 5222 hic
1148 5169 1357 5235 Petrus,
1385 5167 1648 5238 inquiunt,
1673 5167 1763 5220 ille
1788 5167 1990 5237 primus

403 5261 788 5336 apostolorum,
816 5261 899 5315 cui
933 5260 1144 5314 fuerunt
1180 5275 1308 5315 oves
1331 5274 1361 5313 a
1382 5258 1591 5313 Christo
1616 5257 1832 5313 creditae
1851 5297 1866 5322 ,
1895 5255 1990 5311 sed

407 5353 544 5407 alius
585 5352 847 5424 quispiam
903 5352 1024 5406 vilis
1064 5360 1118 5405 et
1145 5351 1406 5421 abjectus,
1449 5359 1504 5405 et
1548 5365 1685 5405 unus
1732 5364 1765 5404 e
1809 5349 1985 5417 vulgo.

409 5443 562 5504 Unde
592 5443 642 5498 id
663 5443 910 5498 constat?
940 5444 1070 5498 Cum
1085 5451 1306 5498 caeteros
1320 5441 1534 5498 Judaeos
1553 5439 1808 5496 abductos
1831 5439 1992 5492 fuisse

404 5550 526 5589 cum
559 5535 651 5590 illo
689 5535 929 5601 dixisset,
957 5533 1190 5603 adjecit,
1232 5533 1496 5603 inquiunt,
1523 5531 1611 5586 Ita
1637 5539 1690 5584 ut
1721 5539 1766 5584 et
1794 5528 1994 5583 Barna-

407 5631 493 5681 bas
536 5627 798 5682 duceretur
841 5645 954 5681 cum
999 5627 1069 5680 eis
1110 5627 1164 5680 in
1213 5626 1356 5679 illam
1407 5624 1799 5679 simulationem.
1840 5621 1992 5691 Quod

411 5729 586 5772 autem
614 5717 765 5783 dixit,
797 5717 881 5771 Ita
916 5729 968 5771 ut
995 5729 1039 5772 et
1065 5717 1356 5780 Barnabas,
1390 5715 1588 5771 indicat
1617 5715 1782 5770 multo
1825 5714 1991 5770 fuisse

407 5807 698 5869 mirabilius
742 5807 893 5876 illud,
945 5822 1100 5876 quam
1141 5808 1356 5863 Petrum
1403 5808 1686 5863 abductum
1727 5821 1863 5861 esse.
1905 5805 1993 5859 Sic

1187 390 1242 446 S.
1286 390 1562 446 JOANNIS
1600 383 2068 444 CHRYSOSTOMI
2107 385 2423 441 ARCIIIEP.
2465 385 2997 442 CONSTANTINOP.
3600 389 3694 456 584

2111 500 2254 553 enim
2283 500 2532 570 loquutus
2559 511 2661 567 est,
2694 513 2751 556 ut
2772 502 3187 573 majoremillum
3205 516 3425 559 censere
3441 503 3697 567 videatur,

2109 589 2223 644 Non
2255 591 2412 645 modo
2441 592 2656 658 Petrus,
2684 594 2925 663 inquiens
2949 636 2964 660 ,
2993 595 3086 648 sed
3129 604 3182 649 ct
3213 595 3482 649 Barnabas
3515 614 3529 650 :
3557 600 3699 665 atqui

2110 683 2381 739 Barnabas
2435 685 2592 740 Petro
2638 685 2728 740 illo
2780 687 2949 754 major
3000 703 3105 741 non
3135 696 3265 742 erat.
3312 688 3688 742 Verumtamen

2110 791 2214 830 non
2245 777 2312 829 ita
2342 792 2400 830 se
2429 793 2515 831 res
2547 777 2705 831 habet
2726 819 2739 839 ,
2773 778 2928 847 plane
2958 779 3026 832 ita
3072 795 3131 833 se
3159 795 3262 834 non
3292 781 3473 836 habet.
3512 781 3696 851 Neque

2108 868 2249 921 enim
2296 884 2359 921 eo
2388 868 2528 937 quod
2562 869 2830 923 Barnabas
2871 869 3040 936 major
3067 882 3245 935 esset,
3301 871 3420 926 ideo
3468 871 3691 925 miratur

2109 957 2274 1027 magis
2305 973 2319 1010 :
2350 958 2442 1012 sed
2497 974 2654 1028 quam
2699 960 2769 1013 ob
2815 960 3254 1028 causam?Quod
3306 963 3553 1017 nimirum
3605 965 3695 1018 ille

2107 1049 2322 1118 quidem
2351 1051 2402 1104 in
2428 1051 2886 1106 circumcisionem
2918 1053 3112 1107 missus
3142 1063 3302 1118 esset,
3335 1062 3387 1106 at
3428 1054 3697 1107 Barnabas

2108 1157 2230 1196 cum
2263 1142 2426 1197 Paulo
2452 1144 2695 1212 gentibus
2721 1144 3055 1213 pnedicaret,
3085 1155 3139 1199 et
3162 1145 3354 1214 ubique
3381 1161 3500 1200 cum
3534 1147 3696 1200 Paulo

2107 1233 2447 1302 copularetur
2478 1250 2489 1284 :
2518 1234 2962 1303 quemadmodum
3012 1236 3170 1306 igitur
3213 1236 3337 1291 alibi
3394 1237 3543 1303 dicit,
3594 1239 3694 1291 Aut

2105 1340 2194 1394 ego
2224 1325 2360 1377 solus
2387 1334 2433 1377 et
2457 1323 2720 1378 Barnabas
2749 1342 2848 1378 non
2874 1326 3112 1380 habemus
3145 1337 3435 1396 potestatem
3465 1345 3563 1381 non
3585 1346 3696 1398 ope-

2104 1416 2254 1468 randi
2293 1417 2367 1486 (l.
2399 1413 2517 1469 Cor.
2549 1415 2606 1470 9.
2631 1415 2722 1484 6)?
2765 1427 2816 1470 ct
2845 1432 3049 1479 rursus,
3075 1417 3290 1471 Ascendi
3315 1416 3686 1490 Jerosolymant

2105 1523 2217 1558 cum
2242 1505 2482 1560 Barnaba
2515 1506 2657 1577 (Gal.
2685 1507 2750 1562 2.
2779 1509 2833 1576 l)
2866 1524 2880 1560 :
2915 1517 2968 1562 et
2997 1509 3191 1578 ubique
3217 1509 3364 1563 vich
3401 1509 3545 1564 illum
3571 1525 3691 1564 cum

2106 1595 2268 1650 Paulo
2296 1598 2510 1651 docere.
2553 1596 2667 1652 Non
2697 1613 2824 1668 ergo
2851 1599 2990 1668 quod
3020 1601 3178 1654 Petro
3215 1600 3385 1670 major
3408 1609 3579 1665 esset,
3609 1601 3692 1655 id-

2103 1689 2246 1742 circo
2273 1704 2393 1742 eum
2424 1703 2634 1758 quoque
2667 1689 2951 1744 abductum
2974 1705 3092 1744 esse
3133 1689 3354 1744 miratur
3388 1708 3401 1743 :
3440 1691 3532 1744 sed
3553 1692 3692 1760 quod

2104 1781 2150 1834 is
2173 1780 2260 1849 qui
2307 1795 2486 1834 secum
2518 1795 2731 1848 semper
2756 1780 3113 1849 praedicabat,
3147 1785 3338 1850 cuique
3396 1782 3527 1836 nihil
3577 1792 3691 1836 erat

2104 1884 2387 1925 commune
2411 1886 2530 1925 cum
2558 1870 2788 1936 Judaiis,
2826 1887 3008 1926 verum
3047 1872 3184 1926 inter
3223 1880 3406 1942 gentes
3434 1871 3692 1938 docebat,

2105 1966 2218 2037 ipse
2246 1983 2458 2037 quoque
2485 1977 2628 2022 esset
2666 1968 2942 2022 abductos.
2986 1967 3246 2022 Cmterum
3292 1968 3506 2022 Petrum
3547 1968 3690 2020 illum

2105 2073 2225 2112 esse
2249 2058 2314 2112 de
2348 2077 2450 2128 quo
2483 2060 2598 2114 ha-c
2627 2061 2804 2114 omnia
2848 2062 2993 2123 dicit,
3021 2076 3140 2114 eum
3177 2076 3242 2114 ex
3273 2060 3337 2114 iis
3386 2075 3505 2130 quzn
3551 2075 3690 2129 pra:-

2102 2160 2397 2214 cesserunt,
2433 2159 2541 2204 tum
2569 2167 2632 2204 ex
2658 2152 2719 2205 iis
2746 2163 2863 2221 qua:
2893 2161 3207 2221 sequuntur,
3229 2150 3565 2206 manifestum
3587 2158 3688 2205 est.

2103 2239 2252 2306 Quod
2283 2241 2422 2294 enim
2461 2255 2519 2294 se
2563 2241 2614 2293 in
2656 2241 2846 2294 faciem
2889 2242 3147 2295 restitisse
3192 2242 3262 2294 illi
3289 2241 3446 2307 dicit,
3479 2256 3540 2294 ac
3595 2256 3693 2309 pro

2106 2345 2297 2401 magno
2328 2331 2456 2384 illud
2489 2331 2681 2396 habet,
2713 2331 2845 2385 nihil
2873 2331 3014 2385 aliud
3044 2332 3272 2398 indicat,
3297 2331 3396 2384 nisi
3424 2347 3482 2385 se
3523 2331 3692 2400 digni-

2104 2431 2263 2477 tatem
2285 2422 2504 2477 minime
2532 2423 2817 2478 reveritum
2844 2438 2963 2477 esse
3004 2438 3247 2491 personzn
3278 2436 3292 2475 :
3325 2437 3481 2490 porro
3527 2422 3592 2474 de
3616 2422 3691 2474 al-

2102 2521 2216 2567 tero
2246 2515 2492 2583 qu0piam
2533 2515 2576 2568 si
2601 2513 2855 2578 dixisset,
2887 2530 2946 2569 se
2975 2514 3028 2568 in
3061 2514 3248 2568 faciem
3277 2513 3353 2567 illi
3395 2513 3688 2576 restitisse,

2102 2621 2435 2676 nequaquam
2483 2606 2584 2659 hoc
2614 2621 2709 2676 pro
2759 2622 2951 2675 magno
2982 2606 3275 2660 habuisset.
3333 2606 3592 2659 Praeterea
3645 2605 3690 2658 si

2101 2697 2359 2766 quispiam
2390 2697 2526 2750 alius
2571 2696 2757 2750 Petrus
2785 2695 3003 2761 fuisset,
3035 2711 3141 2748 non
3180 2703 3384 2749 tantum
3433 2695 3683 2749 valuisset

2100 2786 2217 2854 ejus
2259 2787 2503 2851 mutatio,
2551 2794 2608 2840 ut
2635 2795 2858 2840 caeteros
2905 2786 3064 2839 etiam
3110 2785 3327 2839 Judaeos
3379 2785 3684 2839 attraheret.

2100 2875 2282 2947 Neque
2335 2877 2476 2932 enim
2519 2876 2827 2930 adhortatus
2871 2886 2969 2939 est,
3020 2891 3192 2946 neque
3246 2875 3554 2929 consuluit:
3595 2875 3687 2930 sed

2110 2979 2312 3024 tantum
2343 2969 2687 3024 subtrahebat
2711 2976 2766 3022 et
2789 2967 3098 3038 segregabat
3126 2982 3184 3021 se
3217 2985 3229 3019 :
3257 2977 3415 3036 atque
3450 2968 3533 3021 illa
3565 2969 3692 3020 Sui)—

2105 3062 2292 3116 tractio
2373 3073 2428 3116 et
2490 3063 2785 3131 segregatio
2849 3069 3072 3114 carteros
3132 3074 3320 3113 omnes
3397 3059 3685 3128 discipulos

2099 3154 2366 3209 attrahere
2393 3155 2561 3223 potuit
2591 3163 2803 3222 propter
2822 3168 3062 3222 persona:
3104 3151 3436 3219 dignitatem.

2169 3245 2256 3300 16.
2299 3245 2472 3299 Altera
2518 3245 2700 3298 solutio
2749 3244 3059 3314 quwstionis,
3109 3260 3198 3295 cur
3248 3243 3579 3312 reprehensus
3622 3244 3687 3296 sit

2098 3336 2303 3402 Petrus,
2326 3353 2424 3404 quo
2449 3337 2657 3390 consilio
2685 3333 2883 3389 Paulus
2912 3332 3117 3388 Petrum
3136 3343 3385 3404 argueret.
3414 3363 3484 3372 —
3504 3331 3686 3402 itaque

2098 3429 2315 3483 Petrum
2344 3428 2507 3482 fuisse
2538 3428 2667 3481 satis
2697 3442 2760 3481 ex
2815 3426 2898 3480 his
2942 3434 3190 3481 constat:
3217 3434 3466 3479 caeterum
3520 3425 3683 3478 aliaat

2097 3521 2434 3584 solutionem,
2479 3519 2524 3573 si
2556 3519 2760 3584 velitis,
2794 3518 3058 3573 dicemus.
3099 3518 3350 3584 Quantam
3391 3517 3547 3586 igitur
3600 3528 3686 3572 est

2097 3611 2297 3666 altera?
2351 3610 2515 3665 Recte
2565 3609 2779 3664 Petrum
2825 3609 3253 3679 reprehendebat
3296 3608 3507 3672 Paulus,
3539 3609 3684 3678 quod

2099 3702 2233 3756 ultra
2260 3701 2475 3756 modum
2515 3700 2843 3770 indulgentia
2887 3709 3146 3754 uteretur.
3188 3698 3319 3752 Nam
3349 3713 3451 3768 qua
3478 3699 3685 3754 ratione

2096 3792 2209 3862 ipse
2231 3833 2244 3856 ,
2277 3807 2396 3846 cum
2427 3789 2951 3860 essethrosolymis,
2986 3787 3444 3842 condescendebat
3463 3786 3682 3854 Judaeis,

2096 3885 2282 3938 eadem
2312 3899 2521 3954 quoque
2570 3883 2718 3937 illum
2760 3882 3023 3951 oportuit,
3058 3897 3179 3936 cum
3223 3879 3560 3934 Antiochiam
3592 3894 3686 3933 ve-

2099 3977 2282 4041 nisset,
2318 3991 2423 4030 non
2457 3975 2521 4030 ad
2546 3975 2759 4029 Judceos
2777 3973 3043 4043 respicere
3068 4013 3082 4038 ,
3111 3973 3202 4027 sed
3244 3971 3310 4026 ad
3331 3985 3425 4026 eos
3447 3971 3535 4041 qui
3562 3985 3684 4026 cre-

2096 4069 2432 4123 dideranth
2475 4068 2740 4138 gentibus.
2783 4065 2852 4121 Ut
2899 4065 3062 4132 enim,
3117 4079 3237 4118 cum
3292 4078 3480 4117 omnes
3532 4070 3688 4117 erant

2097 4159 2288 4222 Judaei,
2320 4159 2479 4212 etiam
2511 4159 2704 4212 Paulus
2749 4156 3019 4226 judaizare
3059 4165 3271 4210 coactus
3298 4163 3382 4208 est
3410 4169 3423 4205 :
3453 4154 3526 4206 ita
3550 4166 3672 4206 cum

2099 4251 2278 4320 plures
2299 4259 2538 4304 erantex
2563 4251 2831 4319 gentibus,
2860 4263 2958 4303 nec
2983 4247 3142 4301 ullam
3172 4247 3358 4299 civitas
3389 4245 3684 4299 necessita-

2102 4350 2206 4395 tem
2255 4339 2598 4410 indulgeutia:
2651 4339 2927 4404 aiferebat,
2983 4354 3086 4392 non
3139 4336 3423 4405 oportebat
3469 4345 3686 4406 propter

2100 4447 2295 4502 paucos
2321 4432 2534 4488 Judaeos
2560 4431 2813 4487 seandalo
2839 4445 2958 4486 esse
2999 4440 3074 4484 tot
3102 4427 3408 4498 gentilibus.
3451 4427 3518 4481 At
3544 4427 3682 4480 enim

2099 4523 2202 4579 hoc
2232 4539 2336 4579 non
2369 4523 2480 4593 jam
2508 4521 2702 4577 solutio
2729 4529 2830 4587 est,
2862 4519 2957 4575 sed
2984 4519 3326 4588 amplificatio
3354 4516 3682 4587 quaestionis.

2096 4613 2249 4682 Quod
2301 4613 2443 4668 enim
2493 4613 2546 4667 in
2567 4611 2786 4668 exordio
2811 4611 2920 4666 dixi
2945 4609 3242 4674 orationis,
3272 4621 3374 4662 non
3420 4605 3472 4659 id
3521 4605 3677 4661 nobis

2102 4707 2430 4778 propositum
2459 4714 2577 4770 est,
2607 4715 2666 4760 ut
2703 4704 3045 4760 ostendamus
3089 4710 3235 4758 recte
3281 4699 3688 4772 reprehendisse

2098 4800 2355 4865 Paulum;
2409 4800 2488 4854 sic
2539 4798 2680 4854 enim
2728 4797 2900 4851 adhuc
2950 4796 3173 4852 restabit
3215 4795 3457 4866 quaestio.
3499 4794 3690 4848 Petrus

2097 4891 2240 4947 enim
2269 4890 2529 4945 obnoxius
2567 4888 2920 4944 criminationi
2967 4887 3266 4954 videbitur;
3295 4885 3391 4940 sed
3428 4884 3482 4940 id
3513 4886 3683 4954 potis-

2098 4983 2290 5036 simum
2319 4982 2628 5051 qua-rimus,
2654 4996 2760 5051 quo
2791 4988 2944 5051 pacto
2972 4988 3026 5035 et
3053 4979 3216 5045 hunc,
3237 4988 3292 5035 et
3319 4978 3469 5034 illum
3501 4992 3687 5046 repre-

2098 5071 2357 5126 hensione
2397 5072 2699 5128 liberemus.
2743 5071 2984 5138 Quonam
3022 5070 3180 5140 igitur
3200 5078 3357 5139 pacto
3391 5068 3444 5123 id
3474 5066 3605 5122 fiet?
3633 5065 3688 5121 Si

2097 5178 2199 5234 qua
2227 5171 2404 5218 mente
2432 5177 2568 5216 unus
2594 5162 2903 5231 increparit,
2935 5171 2988 5216 et
3017 5162 3152 5216 alter
3180 5160 3339 5215 fuerit
3363 5159 3691 5227 inerepatus,

2100 5253 2396 5317 discamus,
2429 5262 2483 5308 et
2507 5253 2824 5308 sententiam
2847 5253 2987 5307 illam
3012 5252 3360 5322 explicemus.
3401 5250 3532 5316 Qua:
3569 5257 3693 5301 tan-

2099 5346 2219 5401 dem
2271 5346 2429 5416 igitur
2457 5354 2539 5400 est
2580 5345 2666 5399 illa
2713 5345 3015 5400 sententia?
3066 5343 3425 5398 Vehementer
3474 5339 3694 5408 optabat

2101 5439 2322 5502 Petrus,
2365 5453 2458 5492 eos
2482 5438 2574 5508 qui
2603 5437 2989 5492 descenderant
3027 5435 3360 5506 Jerosolyma
3410 5448 3440 5486 a
3489 5429 3694 5486 Jacobo

2109 5526 2354 5597 profecti,
2378 5526 2596 5582 Judaica
2623 5527 3000 5582 observatione
3027 5525 3275 5580 liberare.
3315 5521 3468 5590 Quod
3489 5520 3532 5574 si
3557 5519 3696 5573 hanc

2103 5623 2215 5691 ipse
2241 5621 2558 5676 sententiam
2586 5618 2984 5682 introduxisset,
3012 5627 3066 5672 et
3091 5618 3141 5671 in
3169 5615 3403 5671 medium
3447 5624 3697 5682 prOgres-

2103 5725 2193 5766 sus
2211 5711 2463 5778 dixisset,
2496 5709 2730 5765 .iudaicis
2759 5708 2949 5762 ritibus
2977 5707 3052 5762 uti
3095 5706 3324 5762 desinite
3344 5745 3363 5772 ,
3391 5703 3542 5774 quasi
3566 5715 3698 5755 eon-

2106 5802 2265 5858 traria
2307 5801 2407 5858 sibi
2456 5801 2597 5871 ipsi,
2627 5809 2682 5856 et
2711 5801 2776 5856 iis
2801 5798 3067 5866 onmibus,
3099 5813 3218 5871 qua:
3247 5797 3314 5852 ab
3344 5797 3458 5867 ipso
3482 5793 3702 5846 fuerant
