  <div class='ocr_page' id='page_1' title='image "/cluster/home/n/w/nwhite01/storage/ocr_20150623/51/mdp.39015052813998/380.png"; bbox 0 0 4060 6260; ppageno 0'>
   <div class='ocr_carea' id='block_1_1' title="bbox 468 399 567 452">
    <p class='ocr_par' dir='ltr' id='par_1_1' title="bbox 468 399 567 452">
     <span class='ocr_line' id='line_1_1' title="bbox 468 399 567 452; baseline -0.02 -1"><span class='ocrx_word' id='word_1_1' title='bbox 468 399 567 452; x_wconf 58' lang='grc' dir='ltr'>5ἓῖ</span> 
     </span>
    </p>
   </div>
   <div class='ocr_carea' id='block_1_2' title="bbox 461 491 2032 576">
    <p class='ocr_par' dir='ltr' id='par_1_2' title="bbox 461 491 2032 576">
     <span class='ocr_line' id='line_1_2' title="bbox 461 491 2032 576; baseline -0.013 -13"><span class='ocrx_word' id='word_1_2' title='bbox 461 507 562 574; x_wconf 85' lang='grc' dir='ltr'>τὴν</span> <span class='ocrx_word' id='word_1_3' title='bbox 599 503 922 576; x_wconf 73' lang='grc' dir='ltr'>Ἐκκλησίαν</span> <span class='ocrx_word' id='word_1_4' title='bbox 958 502 1079 553; x_wconf 85' lang='grc' dir='ltr'>τότε</span> <span class='ocrx_word' id='word_1_5' title='bbox 1113 497 1482 551; x_wconf 82' lang='grc' dir='ltr'>ἐπεσκόπευεν</span> <span class='ocrx_word' id='word_1_6' title='bbox 1526 499 1582 549; x_wconf 85' lang='grc' dir='ltr'>ἐν</span> <span class='ocrx_word' id='word_1_7' title='bbox 1618 497 1782 565; x_wconf 83' lang='grc' dir='ltr'>ἀρχῇ,</span> <span class='ocrx_word' id='word_1_8' title='bbox 1832 493 1930 564; x_wconf 78' lang='grc' dir='ltr'>τὴν</span> <span class='ocrx_word' id='word_1_9' title='bbox 1977 491 2032 542; x_wconf 84' lang='grc' dir='ltr'>ἐν</span> 
     </span>
    </p>
   </div>
   <div class='ocr_carea' id='block_1_3' title="bbox 471 579 2033 664">
    <p class='ocr_par' dir='ltr' id='par_1_3' title="bbox 471 579 2033 664">
     <span class='ocr_line' id='line_1_3' title="bbox 471 579 2033 664; baseline -0.01 -17"><span class='ocrx_word' id='word_1_10' title='bbox 471 592 885 664; x_wconf 87' lang='grc' dir='ltr'>Ἰεροσολύμοις,</span> <span class='ocrx_word' id='word_1_11' title='bbox 933 589 1025 642; x_wconf 59' lang='grc' dir='ltr'>καὶ¹</span> <span class='ocrx_word' id='word_1_12' title='bbox 1059 587 1168 640; x_wconf 89' lang='grc' dir='ltr'>τῶν</span> <span class='ocrx_word' id='word_1_13' title='bbox 1203 585 1262 649; x_wconf 83' lang='grc' dir='ltr'>ἐξ</span> <span class='ocrx_word' id='word_1_14' title='bbox 1311 583 1582 638; x_wconf 83' lang='grc' dir='ltr'>Ἰουδαίων</span> <span class='ocrx_word' id='word_1_15' title='bbox 1625 579 2033 636; x_wconf 80' lang='grc' dir='ltr'>πιστευσάντων</span> 
     </span>
    </p>
   </div>
   <div class='ocr_carea' id='block_1_4' title="bbox 409 667 2034 752">
    <p class='ocr_par' dir='ltr' id='par_1_4' title="bbox 409 667 2034 752">
     <span class='ocr_line' id='line_1_4' title="bbox 409 667 2034 752; baseline -0.009 -20"><span class='ocrx_word' id='word_1_16' title='bbox 409 723 420 732; x_wconf 92' lang='grc'>.</span> <span class='ocrx_word' id='word_1_17' title='bbox 462 682 812 752; x_wconf 81' lang='grc' dir='ltr'>προειστήκει</span> <span class='ocrx_word' id='word_1_18' title='bbox 845 677 1084 730; x_wconf 82' lang='grc' dir='ltr'>πάντων.</span> <span class='ocrx_word' id='word_1_19' title='bbox 1117 673 1407 727; x_wconf 87' lang='grc' dir='ltr'>Συνέϐαινε</span> <span class='ocrx_word' id='word_1_20' title='bbox 1436 671 1492 724; x_wconf 87' lang='grc' dir='ltr'>δέ</span> <span class='ocrx_word' id='word_1_21' title='bbox 1523 667 1665 724; x_wconf 81' lang='grc' dir='ltr'>εἶναι</span> <span class='ocrx_word' id='word_1_22' title='bbox 1693 667 1788 722; x_wconf 73' lang='grc' dir='ltr'>καὶ</span> <span class='ocrx_word' id='word_1_23' title='bbox 1815 668 1873 720; x_wconf 91' lang='grc' dir='ltr'>ἐν</span> <span class='ocrx_word' id='word_1_24' title='bbox 1915 667 2034 718; x_wconf 82' lang='grc' dir='ltr'>Ἀν-</span> 
     </span>
    </p>
   </div>
   <div class='ocr_carea' id='block_1_5' title="bbox 456 751 2030 836">
    <p class='ocr_par' dir='ltr' id='par_1_5' title="bbox 456 751 2030 836">
     <span class='ocr_line' id='line_1_5' title="bbox 456 751 2030 836; baseline -0.01 -16"><span class='ocrx_word' id='word_1_25' title='bbox 456 751 668 836; x_wconf 73' lang='grc' dir='ltr'>τιοχείᾳ⁹</span> <span class='ocrx_word' id='word_1_26' title='bbox 699 765 1006 830; x_wconf 81' lang='grc' dir='ltr'>Ἰουδαίους,</span> <span class='ocrx_word' id='word_1_27' title='bbox 1037 763 1230 826; x_wconf 81' lang='grc' dir='ltr'>οἵτινες</span> <span class='ocrx_word' id='word_1_28' title='bbox 1262 758 1657 821; x_wconf 82' lang='grc' dir='ltr'>πιστεύσαντες</span> <span class='ocrx_word' id='word_1_29' title='bbox 1679 757 1756 826; x_wconf 85' lang='grc' dir='ltr'>τῷ</span> <span class='ocrx_word' id='word_1_30' title='bbox 1787 751 2030 825; x_wconf 82' lang='grc' dir='ltr'>Χριστῷ,</span> 
     </span>
    </p>
   </div>
   <div class='ocr_carea' id='block_1_6' title="bbox 456 841 2030 921">
    <p class='ocr_par' dir='ltr' id='par_1_6' title="bbox 456 841 2030 921">
     <span class='ocr_line' id='line_1_6' title="bbox 456 841 2030 921; baseline -0.008 -14"><span class='ocrx_word' id='word_1_31' title='bbox 456 853 545 906; x_wconf 84' lang='grc' dir='ltr'>διὰ</span> <span class='ocrx_word' id='word_1_32' title='bbox 583 854 646 906; x_wconf 75' lang='grc' dir='ltr'>τὸ</span> <span class='ocrx_word' id='word_1_33' title='bbox 667 851 774 905; x_wconf 89' lang='grc' dir='ltr'>τῶν</span> <span class='ocrx_word' id='word_1_34' title='bbox 817 849 1211 921; x_wconf 87' lang='grc' dir='ltr'>Ἰεροσολύμων</span> <span class='ocrx_word' id='word_1_35' title='bbox 1251 845 1392 901; x_wconf 75' lang='grc' dir='ltr'>εἶναι</span> <span class='ocrx_word' id='word_1_36' title='bbox 1433 847 1642 917; x_wconf 77' lang='grc' dir='ltr'>πόῤῥω,</span> <span class='ocrx_word' id='word_1_37' title='bbox 1676 843 1768 897; x_wconf 71' lang='grc' dir='ltr'>καὶ</span> <span class='ocrx_word' id='word_1_38' title='bbox 1801 841 2030 904; x_wconf 78' lang='grc' dir='ltr'>πολλοὺς</span> 
     </span>
    </p>
   </div>
   <div class='ocr_carea' id='block_1_7' title="bbox 456 929 2032 1010">
    <p class='ocr_par' dir='ltr' id='par_1_7' title="bbox 456 929 2032 1010">
     <span class='ocr_line' id='line_1_7' title="bbox 456 929 2032 1010; baseline -0.007 -20"><span class='ocrx_word' id='word_1_39' title='bbox 456 939 586 1010; x_wconf 82' lang='grc' dir='ltr'>ὁρᾷν</span> <span class='ocrx_word' id='word_1_40' title='bbox 618 940 744 1002; x_wconf 66' lang='grc' dir='ltr'>τοὺς</span> <span class='ocrx_word' id='word_1_41' title='bbox 771 939 832 1002; x_wconf 83' lang='grc' dir='ltr'>ἐξ</span> <span class='ocrx_word' id='word_1_42' title='bbox 860 938 1030 991; x_wconf 92' lang='grc' dir='ltr'>ἐθνῶν</span> <span class='ocrx_word' id='word_1_43' title='bbox 1059 933 1492 995; x_wconf 82' lang='grc' dir='ltr'>πεπιστευκότας</span> <span class='ocrx_word' id='word_1_44' title='bbox 1519 931 1692 992; x_wconf 84' lang='grc' dir='ltr'>ἀδεῶς</span> <span class='ocrx_word' id='word_1_45' title='bbox 1733 929 1828 982; x_wconf 73' lang='grc' dir='ltr'>καὶ</span> <span class='ocrx_word' id='word_1_46' title='bbox 1863 929 2032 1000; x_wconf 77' lang='grc' dir='ltr'>χωρὶς</span> 
     </span>
    </p>
   </div>
   <div class='ocr_carea' id='block_1_8' title="bbox 469 1013 2031 1095">
    <p class='ocr_par' dir='ltr' id='par_1_8' title="bbox 469 1013 2031 1095">
     <span class='ocr_line' id='line_1_8' title="bbox 469 1013 2031 1095; baseline -0.007 -17"><span class='ocrx_word' id='word_1_47' title='bbox 469 1025 772 1078; x_wconf 78' lang='grc' dir='ltr'>Ἰουδαϊκῶν</span> <span class='ocrx_word' id='word_1_48' title='bbox 802 1024 1237 1095; x_wconf 86' lang='grc' dir='ltr'>παρατηρήσεων</span> <span class='ocrx_word' id='word_1_49' title='bbox 1266 1020 1530 1090; x_wconf 82' lang='grc' dir='ltr'>βιοῦντας,</span> <span class='ocrx_word' id='word_1_50' title='bbox 1559 1017 1742 1087; x_wconf 70' lang='grc' dir='ltr'>ἡρέμα</span> <span class='ocrx_word' id='word_1_51' title='bbox 1765 1019 1859 1070; x_wconf 74' lang='grc' dir='ltr'>καὶ</span> <span class='ocrx_word' id='word_1_52' title='bbox 1890 1013 2031 1068; x_wconf 86' lang='grc' dir='ltr'>κατὰ</span> 
     </span>
    </p>
   </div>
   <div class='ocr_carea' id='block_1_9' title="bbox 459 1102 2033 1182">
    <p class='ocr_par' dir='ltr' id='par_1_9' title="bbox 459 1102 2033 1182">
     <span class='ocr_line' id='line_1_9' title="bbox 459 1102 2033 1182; baseline -0.006 -18"><span class='ocrx_word' id='word_1_53' title='bbox 459 1111 653 1182; x_wconf 85' lang='grc' dir='ltr'>μικρὸν</span> <span class='ocrx_word' id='word_1_54' title='bbox 701 1111 954 1180; x_wconf 87' lang='grc' dir='ltr'>ἐνήγοντο</span> <span class='ocrx_word' id='word_1_55' title='bbox 997 1109 1090 1160; x_wconf 76' lang='grc' dir='ltr'>καὶ</span> <span class='ocrx_word' id='word_1_56' title='bbox 1127 1108 1275 1162; x_wconf 79' lang='grc' dir='ltr'>αὐτοὶ</span> <span class='ocrx_word' id='word_1_57' title='bbox 1321 1106 1418 1175; x_wconf 90' lang='grc' dir='ltr'>τῆς</span> <span class='ocrx_word' id='word_1_58' title='bbox 1462 1103 1761 1172; x_wconf 78' lang='grc' dir='ltr'>Ἰουδαϊκῆς</span> <span class='ocrx_word' id='word_1_59' title='bbox 1809 1102 2033 1170; x_wconf 72' lang='grc' dir='ltr'>ἀφίστα-</span> 
     </span>
    </p>
   </div>
   <div class='ocr_carea' id='block_1_10' title="bbox 455 1186 2028 1267">
    <p class='ocr_par' dir='ltr' id='par_1_10' title="bbox 455 1186 2028 1267">
     <span class='ocr_line' id='line_1_10' title="bbox 455 1186 2028 1267; baseline -0.005 -19"><span class='ocrx_word' id='word_1_60' title='bbox 455 1197 580 1249; x_wconf 86' lang='grc' dir='ltr'>σθαι</span> <span class='ocrx_word' id='word_1_61' title='bbox 607 1196 917 1267; x_wconf 80' lang='grc' dir='ltr'>συνηθείας,</span> <span class='ocrx_word' id='word_1_62' title='bbox 941 1195 1033 1247; x_wconf 78' lang='grc' dir='ltr'>καὶ</span> <span class='ocrx_word' id='word_1_63' title='bbox 1055 1193 1301 1263; x_wconf 80' lang='grc' dir='ltr'>καθαρὰν</span> <span class='ocrx_word' id='word_1_64' title='bbox 1324 1193 1417 1246; x_wconf 71' lang='grc' dir='ltr'>καὶ</span> <span class='ocrx_word' id='word_1_65' title='bbox 1443 1191 1728 1243; x_wconf 86' lang='grc' dir='ltr'>ἀνόθευτον</span> <span class='ocrx_word' id='word_1_66' title='bbox 1758 1188 1846 1257; x_wconf 76' lang='grc' dir='ltr'>ἔχε</span> <span class='ocrx_word' id='word_1_67' title='bbox 1858 1205 1904 1239; x_wconf 92' lang='grc' dir='ltr'>ιν</span> <span class='ocrx_word' id='word_1_68' title='bbox 1933 1186 2028 1256; x_wconf 87' lang='grc' dir='ltr'>τὴν</span> 
     </span>
    </p>
   </div>
   <div class='ocr_carea' id='block_1_11' title="bbox 451 1277 2027 1352">
    <p class='ocr_par' dir='ltr' id='par_1_11' title="bbox 451 1277 2027 1352">
     <span class='ocr_line' id='line_1_11' title="bbox 451 1277 2027 1352; baseline -0.004 -18"><span class='ocrx_word' id='word_1_69' title='bbox 451 1285 554 1352; x_wconf 86' lang='grc' dir='ltr'>τῆς</span> <span class='ocrx_word' id='word_1_70' title='bbox 605 1284 840 1346; x_wconf 87' lang='grc' dir='ltr'>πίστεως</span> <span class='ocrx_word' id='word_1_71' title='bbox 891 1281 1263 1336; x_wconf 81' lang='grc' dir='ltr'>διδασκαλίαν.</span> <span class='ocrx_word' id='word_1_72' title='bbox 1311 1279 1604 1334; x_wconf 84' lang='grc' dir='ltr'>Κατελθὼν</span> <span class='ocrx_word' id='word_1_73' title='bbox 1637 1279 1815 1331; x_wconf 90' lang='grc' dir='ltr'>τοίνυν</span> <span class='ocrx_word' id='word_1_74' title='bbox 1846 1280 1874 1330; x_wconf 99' lang='lat'>6</span> <span class='ocrx_word' id='word_1_75' title='bbox 1923 1277 2027 1328; x_wconf 90' lang='grc' dir='ltr'>Πέ-</span> 
     </span>
    </p>
   </div>
   <div class='ocr_carea' id='block_1_12' title="bbox 450 1365 2030 1441">
    <p class='ocr_par' dir='ltr' id='par_1_12' title="bbox 450 1365 2030 1441">
     <span class='ocr_line' id='line_1_12' title="bbox 450 1365 2030 1441; baseline -0.005 -18"><span class='ocrx_word' id='word_1_76' title='bbox 450 1388 600 1441; x_wconf 88' lang='grc' dir='ltr'>τρος,</span> <span class='ocrx_word' id='word_1_77' title='bbox 634 1371 726 1422; x_wconf 72' lang='grc' dir='ltr'>καὶ</span> <span class='ocrx_word' id='word_1_78' title='bbox 758 1370 879 1423; x_wconf 81' lang='grc' dir='ltr'>ἰδὼν</span> <span class='ocrx_word' id='word_1_79' title='bbox 919 1371 1019 1422; x_wconf 81' lang='grc' dir='ltr'>οὐκ</span> <span class='ocrx_word' id='word_1_80' title='bbox 1048 1365 1209 1422; x_wconf 85' lang='grc' dir='ltr'>οὖσαν</span> <span class='ocrx_word' id='word_1_81' title='bbox 1246 1368 1492 1436; x_wconf 81' lang='grc' dir='ltr'>ἀνάγκην</span> <span class='ocrx_word' id='word_1_82' title='bbox 1522 1366 1781 1434; x_wconf 78' lang='grc' dir='ltr'>οὐδεμίαν</span> <span class='ocrx_word' id='word_1_83' title='bbox 1828 1380 2030 1430; x_wconf 81' lang='grc' dir='ltr'>συγκα-</span> 
     </span>
    </p>
   </div>
   <div class='ocr_carea' id='block_1_13' title="bbox 406 1451 2025 1526">
    <p class='ocr_par' dir='ltr' id='par_1_13' title="bbox 406 1451 2025 1526">
     <span class='ocr_line' id='line_1_13' title="bbox 406 1451 2025 1526; baseline -0.006 -16"><span class='ocrx_word' id='word_1_84' title='bbox 406 1482 412 1488; x_wconf 92' lang='grc'>·</span> <span class='ocrx_word' id='word_1_85' title='bbox 448 1457 750 1520; x_wconf 85' lang='grc' dir='ltr'>ταϐἀσεως,</span> <span class='ocrx_word' id='word_1_86' title='bbox 789 1457 1016 1518; x_wconf 90' lang='grc' dir='ltr'>ἐθνικῶς</span> <span class='ocrx_word' id='word_1_87' title='bbox 1053 1455 1148 1526; x_wconf 82' lang='grc' dir='ltr'>έζη</span> <span class='ocrx_word' id='word_1_88' title='bbox 1185 1453 1389 1508; x_wconf 87' lang='grc' dir='ltr'>λοιπόν.</span> <span class='ocrx_word' id='word_1_89' title='bbox 1425 1454 1498 1505; x_wconf 87' lang='grc' dir='ltr'>Τὸ</span> <span class='ocrx_word' id='word_1_90' title='bbox 1525 1452 1600 1513; x_wconf 83' lang='grc' dir='ltr'>δὲ,</span> <span class='ocrx_word' id='word_1_91' title='bbox 1637 1451 1866 1514; x_wconf 79' lang='grc' dir='ltr'>ἐθνικῶς</span> <span class='ocrx_word' id='word_1_92' title='bbox 1903 1453 2025 1522; x_wconf 79' lang='grc' dir='ltr'>ζῇν,</span> 
     </span>
    </p>
   </div>
   <div class='ocr_carea' id='block_1_14' title="bbox 449 1539 2022 1618">
    <p class='ocr_par' dir='ltr' id='par_1_14' title="bbox 449 1539 2022 1618">
     <span class='ocr_line' id='line_1_14' title="bbox 449 1539 2022 1618; baseline -0.004 -21"><span class='ocrx_word' id='word_1_93' title='bbox 449 1543 604 1596; x_wconf 85' lang='grc' dir='ltr'>τοῦτό</span> <span class='ocrx_word' id='word_1_94' title='bbox 629 1561 792 1618; x_wconf 82' lang='grc' dir='ltr'>φησιν</span> <span class='ocrx_word' id='word_1_95' title='bbox 819 1545 847 1596; x_wconf 93' lang='lat'>6</span> <span class='ocrx_word' id='word_1_96' title='bbox 877 1542 1110 1605; x_wconf 86' lang='grc' dir='ltr'>Παῦλος,</span> <span class='ocrx_word' id='word_1_97' title='bbox 1139 1542 1200 1593; x_wconf 83' lang='grc' dir='ltr'>τὸ</span> <span class='ocrx_word' id='word_1_98' title='bbox 1231 1541 1398 1610; x_wconf 77' lang='grc' dir='ltr'>χωρὶς</span> <span class='ocrx_word' id='word_1_99' title='bbox 1440 1539 1736 1608; x_wconf 81' lang='grc' dir='ltr'>Ἰουδαϊκῆς</span> <span class='ocrx_word' id='word_1_100' title='bbox 1770 1555 2022 1610; x_wconf 88' lang='grc' dir='ltr'>παρατη-</span> 
     </span>
    </p>
   </div>
   <div class='ocr_carea' id='block_1_15' title="bbox 453 1627 2024 1702">
    <p class='ocr_par' dir='ltr' id='par_1_15' title="bbox 453 1627 2024 1702">
     <span class='ocr_line' id='line_1_15' title="bbox 453 1627 2024 1702; baseline -0.003 -18"><span class='ocrx_word' id='word_1_101' title='bbox 453 1634 677 1702; x_wconf 87' lang='grc' dir='ltr'>ρήσεως,</span> <span class='ocrx_word' id='word_1_102' title='bbox 707 1633 767 1685; x_wconf 85' lang='grc' dir='ltr'>τὺ</span> <span class='ocrx_word' id='word_1_103' title='bbox 801 1632 965 1701; x_wconf 84' lang='grc' dir='ltr'>μηδὲν</span> <span class='ocrx_word' id='word_1_104' title='bbox 994 1630 1102 1684; x_wconf 90' lang='grc' dir='ltr'>τῶν</span> <span class='ocrx_word' id='word_1_105' title='bbox 1135 1630 1380 1699; x_wconf 85' lang='grc' dir='ltr'>νομίμων</span> <span class='ocrx_word' id='word_1_106' title='bbox 1411 1629 1636 1682; x_wconf 82' lang='grc' dir='ltr'>ἐκείνων</span> <span class='ocrx_word' id='word_1_107' title='bbox 1665 1627 2024 1698; x_wconf 83' lang='grc' dir='ltr'>παραφυλάτ-</span> 
     </span>
    </p>
   </div>
   <div class='ocr_carea' id='block_1_16' title="bbox 447 1715 2018 1789">
    <p class='ocr_par' dir='ltr' id='par_1_16' title="bbox 447 1715 2018 1789">
     <span class='ocr_line' id='line_1_16' title="bbox 447 1715 2018 1789; baseline -0.003 -16"><span class='ocrx_word' id='word_1_108' title='bbox 447 1737 583 1780; x_wconf 87' lang='grc' dir='ltr'>τειν,</span> <span class='ocrx_word' id='word_1_109' title='bbox 606 1716 738 1779; x_wconf 79' lang='grc' dir='ltr'>οἷον,</span> <span class='ocrx_word' id='word_1_110' title='bbox 763 1719 1086 1789; x_wconf 83' lang='grc' dir='ltr'>περιτομὴν,</span> <span class='ocrx_word' id='word_1_111' title='bbox 1107 1719 1141 1788; x_wconf 81' lang='grc' dir='ltr'>ἢ</span> <span class='ocrx_word' id='word_1_112' title='bbox 1169 1717 1456 1780; x_wconf 87' lang='grc' dir='ltr'>σάϐϐατον,</span> <span class='ocrx_word' id='word_1_113' title='bbox 1481 1716 1514 1786; x_wconf 78' lang='grc' dir='ltr'>ή</span> <span class='ocrx_word' id='word_1_114' title='bbox 1537 1733 1592 1768; x_wconf 91' lang='grc' dir='ltr'>τι</span> <span class='ocrx_word' id='word_1_115' title='bbox 1611 1716 1720 1767; x_wconf 88' lang='grc' dir='ltr'>τῶν</span> <span class='ocrx_word' id='word_1_116' title='bbox 1743 1715 2018 1768; x_wconf 82' lang='grc' dir='ltr'>τοιούτων.</span> 
     </span>
    </p>
   </div>
   <div class='ocr_carea' id='block_1_17' title="bbox 448 1803 2024 1873">
    <p class='ocr_par' dir='ltr' id='par_1_17' title="bbox 448 1803 2024 1873">
     <span class='ocr_line' id='line_1_17' title="bbox 448 1803 2024 1873; baseline -0.004 -14"><span class='ocrx_word' id='word_1_117' title='bbox 448 1806 660 1868; x_wconf 88' lang='grc' dir='ltr'>Ζῶντος</span> <span class='ocrx_word' id='word_1_118' title='bbox 707 1806 896 1858; x_wconf 81' lang='grc' dir='ltr'>τοίνυν</span> <span class='ocrx_word' id='word_1_119' title='bbox 939 1805 1083 1858; x_wconf 77' lang='grc' dir='ltr'>οὕτω</span> <span class='ocrx_word' id='word_1_120' title='bbox 1129 1805 1222 1858; x_wconf 90' lang='grc' dir='ltr'>τοῦ</span> <span class='ocrx_word' id='word_1_121' title='bbox 1279 1804 1512 1873; x_wconf 79' lang='grc' dir='ltr'>Πέτρου,</span> <span class='ocrx_word' id='word_1_122' title='bbox 1562 1803 1830 1872; x_wconf 88' lang='grc' dir='ltr'>κατῆλθόν</span> <span class='ocrx_word' id='word_1_123' title='bbox 1879 1818 2024 1864; x_wconf 89' lang='grc' dir='ltr'>τινες</span> 
     </span>
    </p>
   </div>
   <div class='ocr_carea' id='block_1_18' title="bbox 460 1888 2012 1958">
    <p class='ocr_par' dir='ltr' id='par_1_18' title="bbox 460 1888 2012 1958">
     <span class='ocr_line' id='line_1_18' title="bbox 460 1888 2012 1958; baseline -0.003 -14"><span class='ocrx_word' id='word_1_124' title='bbox 460 1893 703 1945; x_wconf 79' lang='grc' dir='ltr'>Ἰουδαῖοι</span> <span class='ocrx_word' id='word_1_125' title='bbox 730 1893 838 1945; x_wconf 82' lang='grc' dir='ltr'>ἀπὸ</span> <span class='ocrx_word' id='word_1_126' title='bbox 871 1891 1148 1958; x_wconf 88' lang='grc' dir='ltr'>Ἰακώϐου,</span> <span class='ocrx_word' id='word_1_127' title='bbox 1178 1891 1476 1953; x_wconf 82' lang='grc' dir='ltr'>τουτέστιν,</span> <span class='ocrx_word' id='word_1_128' title='bbox 1505 1889 1565 1953; x_wconf 81' lang='grc' dir='ltr'>ἐξ</span> <span class='ocrx_word' id='word_1_129' title='bbox 1601 1888 2012 1958; x_wconf 83' lang='grc' dir='ltr'>Ἰεροσολύμων,</span> 
     </span>
    </p>
   </div>
   <div class='ocr_carea' id='block_1_19' title="bbox 446 1975 2024 2048">
    <p class='ocr_par' dir='ltr' id='par_1_19' title="bbox 446 1975 2024 2048">
     <span class='ocr_line' id='line_1_19' title="bbox 446 1975 2024 2048; baseline -0.003 -17"><span class='ocrx_word' id='word_1_130' title='bbox 446 1977 516 2042; x_wconf 81' lang='grc' dir='ltr'>οἳ,</span> <span class='ocrx_word' id='word_1_131' title='bbox 553 1979 640 2031; x_wconf 78' lang='grc' dir='ltr'>διὰ</span> <span class='ocrx_word' id='word_1_132' title='bbox 683 1978 741 2030; x_wconf 82' lang='grc' dir='ltr'>τὸ</span> <span class='ocrx_word' id='word_1_133' title='bbox 786 1979 1078 2040; x_wconf 83' lang='grc' dir='ltr'>διαπαντὸς</span> <span class='ocrx_word' id='word_1_134' title='bbox 1125 1978 1218 2030; x_wconf 75' lang='grc' dir='ltr'>ἐπὶ</span> <span class='ocrx_word' id='word_1_135' title='bbox 1255 1979 1350 2048; x_wconf 88' lang='grc' dir='ltr'>τῆς</span> <span class='ocrx_word' id='word_1_136' title='bbox 1386 1977 1775 2048; x_wconf 82' lang='grc' dir='ltr'>μητροπόλεως</span> <span class='ocrx_word' id='word_1_137' title='bbox 1819 1975 2024 2046; x_wconf 88' lang='grc' dir='ltr'>διατρί-</span> 
     </span>
    </p>
   </div>
   <div class='ocr_carea' id='block_1_20' title="bbox 445 2061 2022 2134">
    <p class='ocr_par' dir='ltr' id='par_1_20' title="bbox 445 2061 2022 2134">
     <span class='ocr_line' id='line_1_20' title="bbox 445 2061 2022 2134; baseline -0.001 -19"><span class='ocrx_word' id='word_1_138' title='bbox 445 2063 581 2130; x_wconf 86' lang='grc' dir='ltr'>ϐειν,</span> <span class='ocrx_word' id='word_1_139' title='bbox 633 2064 726 2116; x_wconf 75' lang='grc' dir='ltr'>καὶ</span> <span class='ocrx_word' id='word_1_140' title='bbox 779 2063 983 2134; x_wconf 79' lang='grc' dir='ltr'>μηδένα</span> <span class='ocrx_word' id='word_1_141' title='bbox 1032 2065 1164 2132; x_wconf 83' lang='grc' dir='ltr'>ὁρᾷν</span> <span class='ocrx_word' id='word_1_142' title='bbox 1211 2063 1416 2132; x_wconf 82' lang='grc' dir='ltr'>ἑτέρως</span> <span class='ocrx_word' id='word_1_143' title='bbox 1455 2063 1900 2131; x_wconf 79' lang='grc' dir='ltr'>πολιτευόμενον,</span> <span class='ocrx_word' id='word_1_144' title='bbox 1942 2061 2022 2114; x_wconf 75' lang='grc' dir='ltr'>ἔτι</span> 
     </span>
    </p>
   </div>
   <div class='ocr_carea' id='block_1_21' title="bbox 443 2149 2020 2224">
    <p class='ocr_par' dir='ltr' id='par_1_21' title="bbox 443 2149 2020 2224">
     <span class='ocr_line' id='line_1_21' title="bbox 443 2149 2020 2224; baseline 0.001 -20"><span class='ocrx_word' id='word_1_145' title='bbox 443 2153 541 2223; x_wconf 82' lang='grc' dir='ltr'>τὴν</span> <span class='ocrx_word' id='word_1_146' title='bbox 572 2151 840 2223; x_wconf 79' lang='grc' dir='ltr'>πρόληψιν</span> <span class='ocrx_word' id='word_1_147' title='bbox 873 2149 1015 2223; x_wconf 81' lang='grc' dir='ltr'>εἶχον</span> <span class='ocrx_word' id='word_1_148' title='bbox 1043 2155 1144 2224; x_wconf 77' lang='grc' dir='ltr'>τὴν</span> <span class='ocrx_word' id='word_1_149' title='bbox 1189 2153 1507 2223; x_wconf 84' lang='grc' dir='ltr'>Ἰουδαῖκὴν,</span> <span class='ocrx_word' id='word_1_150' title='bbox 1543 2155 1636 2205; x_wconf 74' lang='grc' dir='ltr'>καὶ</span> <span class='ocrx_word' id='word_1_151' title='bbox 1671 2152 1876 2215; x_wconf 84' lang='grc' dir='ltr'>πολλὰς</span> <span class='ocrx_word' id='word_1_152' title='bbox 1911 2153 2020 2206; x_wconf 88' lang='grc' dir='ltr'>τῶν</span> 
     </span>
    </p>
   </div>
   <div class='ocr_carea' id='block_1_22' title="bbox 446 2237 2021 2309">
    <p class='ocr_par' dir='ltr' id='par_1_22' title="bbox 446 2237 2021 2309">
     <span class='ocr_line' id='line_1_22' title="bbox 446 2237 2021 2309; baseline 0.001 -19"><span class='ocrx_word' id='word_1_153' title='bbox 446 2240 879 2309; x_wconf 85' lang='grc' dir='ltr'>παρατηρήσεων</span> <span class='ocrx_word' id='word_1_154' title='bbox 909 2240 1134 2291; x_wconf 79' lang='grc' dir='ltr'>ἐκείνων</span> <span class='ocrx_word' id='word_1_155' title='bbox 1176 2239 1526 2308; x_wconf 86' lang='grc' dir='ltr'>ἐπεσύροντο.</span> <span class='ocrx_word' id='word_1_156' title='bbox 1566 2237 1801 2301; x_wconf 87' lang='grc' dir='ltr'>Τούτους</span> <span class='ocrx_word' id='word_1_157' title='bbox 1838 2237 1961 2292; x_wconf 85' lang='grc' dir='ltr'>ἰδὼν</span> <span class='ocrx_word' id='word_1_158' title='bbox 1993 2241 2021 2292; x_wconf 87' lang='lat'>6</span> 
     </span>
    </p>
   </div>
   <div class='ocr_carea' id='block_1_23' title="bbox 444 2325 2018 2397">
    <p class='ocr_par' dir='ltr' id='par_1_23' title="bbox 444 2325 2018 2397">
     <span class='ocr_line' id='line_1_23' title="bbox 444 2325 2018 2397; baseline 0 -18"><span class='ocrx_word' id='word_1_159' title='bbox 444 2327 670 2397; x_wconf 82' lang='grc' dir='ltr'>Πέτρος,</span> <span class='ocrx_word' id='word_1_160' title='bbox 713 2327 840 2389; x_wconf 78' lang='grc' dir='ltr'>τοὺς</span> <span class='ocrx_word' id='word_1_161' title='bbox 885 2327 992 2378; x_wconf 82' lang='grc' dir='ltr'>ἀπὺ</span> <span class='ocrx_word' id='word_1_162' title='bbox 1055 2325 1310 2379; x_wconf 90' lang='grc' dir='ltr'>Ἰακώϐου</span> <span class='ocrx_word' id='word_1_163' title='bbox 1365 2327 1459 2378; x_wconf 74' lang='grc' dir='ltr'>καὶ</span> <span class='ocrx_word' id='word_1_164' title='bbox 1507 2325 1565 2392; x_wconf 81' lang='grc' dir='ltr'>ἐξ</span> <span class='ocrx_word' id='word_1_165' title='bbox 1629 2325 2018 2396; x_wconf 89' lang='grc' dir='ltr'>Ἰεροσολύμων</span> 
     </span>
    </p>
   </div>
   <div class='ocr_carea' id='block_1_24' title="bbox 441 2411 2016 2482">
    <p class='ocr_par' dir='ltr' id='par_1_24' title="bbox 441 2411 2016 2482">
     <span class='ocr_line' id='line_1_24' title="bbox 441 2411 2016 2482; baseline 0.001 -17"><span class='ocrx_word' id='word_1_166' title='bbox 441 2414 839 2478; x_wconf 83' lang='grc' dir='ltr'>κατελθόντας,</span> <span class='ocrx_word' id='word_1_167' title='bbox 902 2411 1290 2482; x_wconf 86' lang='grc' dir='ltr'>ἀσθενέστερον</span> <span class='ocrx_word' id='word_1_168' title='bbox 1337 2411 1717 2482; x_wconf 77' lang='grc' dir='ltr'>διακειμένους</span> <span class='ocrx_word' id='word_1_169' title='bbox 1769 2413 1870 2478; x_wconf 83' lang='grc' dir='ltr'>ἔτι,</span> <span class='ocrx_word' id='word_1_170' title='bbox 1924 2415 2016 2467; x_wconf 81' lang='grc' dir='ltr'>καὶ</span> 
     </span>
    </p>
   </div>
   <div class='ocr_carea' id='block_1_25' title="bbox 443 2497 2019 2572">
    <p class='ocr_par' dir='ltr' id='par_1_25' title="bbox 443 2497 2019 2572">
     <span class='ocr_line' id='line_1_25' title="bbox 443 2497 2019 2572; baseline 0.002 -21"><span class='ocrx_word' id='word_1_171' title='bbox 443 2497 698 2568; x_wconf 73' lang='grc' dir='ltr'>φοϐηθεὶς</span> <span class='ocrx_word' id='word_1_172' title='bbox 738 2500 812 2570; x_wconf 83' lang='grc' dir='ltr'>μὴ</span> <span class='ocrx_word' id='word_1_173' title='bbox 857 2498 1337 2563; x_wconf 85' lang='grc' dir='ltr'>σκανδαλισθέντες</span> <span class='ocrx_word' id='word_1_174' title='bbox 1381 2499 1478 2568; x_wconf 76' lang='grc' dir='ltr'>τῆς</span> <span class='ocrx_word' id='word_1_175' title='bbox 1523 2500 1764 2562; x_wconf 87' lang='grc' dir='ltr'>πίστεως</span> <span class='ocrx_word' id='word_1_176' title='bbox 1801 2501 2019 2572; x_wconf 85' lang='grc' dir='ltr'>ἀποπη-</span> 
     </span>
    </p>
   </div>
   <div class='ocr_carea' id='block_1_26' title="bbox 440 2583 2015 2656">
    <p class='ocr_par' dir='ltr' id='par_1_26' title="bbox 440 2583 2015 2656">
     <span class='ocr_line' id='line_1_26' title="bbox 440 2583 2015 2656; baseline 0.003 -20"><span class='ocrx_word' id='word_1_177' title='bbox 440 2586 666 2655; x_wconf 87' lang='grc' dir='ltr'>δήσωσι,</span> <span class='ocrx_word' id='word_1_178' title='bbox 693 2585 1023 2655; x_wconf 81' lang='grc' dir='ltr'>μετετάξατο</span> <span class='ocrx_word' id='word_1_179' title='bbox 1049 2586 1230 2648; x_wconf 88' lang='grc' dir='ltr'>πάλιν,</span> <span class='ocrx_word' id='word_1_180' title='bbox 1258 2586 1354 2638; x_wconf 73' lang='grc' dir='ltr'>καὶ</span> <span class='ocrx_word' id='word_1_181' title='bbox 1379 2587 1440 2638; x_wconf 89' lang='grc' dir='ltr'>τὸ</span> <span class='ocrx_word' id='word_1_182' title='bbox 1459 2583 1558 2656; x_wconf 79' lang='grc' dir='ltr'>ζῇν</span> <span class='ocrx_word' id='word_1_183' title='bbox 1577 2587 1805 2650; x_wconf 83' lang='grc' dir='ltr'>ἐθνικῶς</span> <span class='ocrx_word' id='word_1_184' title='bbox 1833 2590 2015 2656; x_wconf 74' lang='grc' dir='ltr'>ἀφεὶς,</span> 
     </span>
    </p>
   </div>
   <div class='ocr_carea' id='block_1_27' title="bbox 441 2673 2018 2748">
    <p class='ocr_par' dir='ltr' id='par_1_27' title="bbox 441 2673 2018 2748">
     <span class='ocr_line' id='line_1_27' title="bbox 441 2673 2018 2748; baseline 0.003 -21"><span class='ocrx_word' id='word_1_185' title='bbox 441 2675 535 2728; x_wconf 74' lang='grc' dir='ltr'>ἐπὶ</span> <span class='ocrx_word' id='word_1_186' title='bbox 583 2677 680 2746; x_wconf 80' lang='grc' dir='ltr'>τὴν</span> <span class='ocrx_word' id='word_1_187' title='bbox 729 2680 999 2747; x_wconf 87' lang='grc' dir='ltr'>προτέραν</span> <span class='ocrx_word' id='word_1_188' title='bbox 1051 2676 1458 2743; x_wconf 85' lang='grc' dir='ltr'>συγκατάϐασιν</span> <span class='ocrx_word' id='word_1_189' title='bbox 1501 2673 1668 2748; x_wconf 81' lang='grc' dir='ltr'>ἦλθε,</span> <span class='ocrx_word' id='word_1_190' title='bbox 1711 2679 2018 2748; x_wconf 84' lang='grc' dir='ltr'>βρωμάτων</span> 
     </span>
    </p>
   </div>
   <div class='ocr_carea' id='block_1_28' title="bbox 441 2765 2016 2836">
    <p class='ocr_par' dir='ltr' id='par_1_28' title="bbox 441 2765 2016 2836">
     <span class='ocr_line' id='line_1_28' title="bbox 441 2765 2016 2836; baseline 0.003 -18"><span class='ocrx_word' id='word_1_191' title='bbox 441 2767 854 2836; x_wconf 81' lang='grc' dir='ltr'>παρατηρήσεις</span> <span class='ocrx_word' id='word_1_192' title='bbox 888 2767 1187 2835; x_wconf 85' lang='grc' dir='ltr'>φυλάττων.</span> <span class='ocrx_word' id='word_1_193' title='bbox 1234 2767 1452 2828; x_wconf 82' lang='grc' dir='ltr'>Ἰδόντες</span> <span class='ocrx_word' id='word_1_194' title='bbox 1481 2765 1573 2821; x_wconf 72' lang='grc' dir='ltr'>οὖν</span> <span class='ocrx_word' id='word_1_195' title='bbox 1607 2769 1769 2822; x_wconf 80' lang='grc' dir='ltr'>αὑτὸν</span> <span class='ocrx_word' id='word_1_196' title='bbox 1799 2773 1846 2823; x_wconf 91' lang='grc' dir='ltr'>οἰ</span> <span class='ocrx_word' id='word_1_197' title='bbox 1885 2772 2016 2822; x_wconf 94' lang='grc' dir='ltr'>Ἰου-</span> 
     </span>
    </p>
   </div>
   <div class='ocr_carea' id='block_1_29' title="bbox 440 2854 2014 2926">
    <p class='ocr_par' dir='ltr' id='par_1_29' title="bbox 440 2854 2014 2926">
     <span class='ocr_line' id='line_1_29' title="bbox 440 2854 2014 2926; baseline 0.003 -20"><span class='ocrx_word' id='word_1_198' title='bbox 440 2854 597 2916; x_wconf 83' lang='grc' dir='ltr'>δαῖοι,</span> <span class='ocrx_word' id='word_1_199' title='bbox 627 2858 676 2910; x_wconf 87' lang='grc' dir='ltr'>οἰ</span> <span class='ocrx_word' id='word_1_200' title='bbox 704 2859 759 2908; x_wconf 85' lang='grc' dir='ltr'>ἐν</span> <span class='ocrx_word' id='word_1_201' title='bbox 807 2857 1106 2926; x_wconf 67' lang='grc' dir='ltr'>Ἀντιοχείᾳ</span> <span class='ocrx_word' id='word_1_202' title='bbox 1137 2857 1522 2926; x_wconf 88' lang='grc' dir='ltr'>διατρίϐοντες,</span> <span class='ocrx_word' id='word_1_203' title='bbox 1548 2857 1708 2911; x_wconf 90' lang='grc' dir='ltr'>τοῦτο</span> <span class='ocrx_word' id='word_1_204' title='bbox 1734 2859 2014 2922; x_wconf 87' lang='grc' dir='ltr'>ποιοῦντα,</span> 
     </span>
    </p>
   </div>
   <div class='ocr_carea' id='block_1_30' title="bbox 440 2945 2016 3020">
    <p class='ocr_par' dir='ltr' id='par_1_30' title="bbox 440 2945 2016 3020">
     <span class='ocr_line' id='line_1_30' title="bbox 440 2945 2016 3020; baseline 0.003 -22"><span class='ocrx_word' id='word_1_205' title='bbox 440 2947 534 2998; x_wconf 76' lang='grc' dir='ltr'>καὶ</span> <span class='ocrx_word' id='word_1_206' title='bbox 561 2947 660 2998; x_wconf 77' lang='grc' dir='ltr'>οὐκ</span> <span class='ocrx_word' id='word_1_207' title='bbox 705 2947 902 3009; x_wconf 88' lang='grc' dir='ltr'>εἰδότες</span> <span class='ocrx_word' id='word_1_208' title='bbox 940 2947 1106 3001; x_wconf 77' lang='grc' dir='ltr'>αὐτοῦ</span> <span class='ocrx_word' id='word_1_209' title='bbox 1144 2949 1240 3020; x_wconf 87' lang='grc' dir='ltr'>τὴν</span> <span class='ocrx_word' id='word_1_210' title='bbox 1280 2948 1539 3019; x_wconf 82' lang='grc' dir='ltr'>γνώμην,</span> <span class='ocrx_word' id='word_1_211' title='bbox 1589 2950 1709 3020; x_wconf 79' lang='grc' dir='ltr'>μεθ’</span> <span class='ocrx_word' id='word_1_212' title='bbox 1741 2945 1808 3020; x_wconf 88' lang='grc' dir='ltr'>ἦς</span> <span class='ocrx_word' id='word_1_213' title='bbox 1845 2951 2016 3003; x_wconf 91' lang='grc' dir='ltr'>ταῦτα</span> 
     </span>
    </p>
   </div>
   <div class='ocr_carea' id='block_1_31' title="bbox 441 3036 2008 3112">
    <p class='ocr_par' dir='ltr' id='par_1_31' title="bbox 441 3036 2008 3112">
     <span class='ocr_line' id='line_1_31' title="bbox 441 3036 2008 3112; baseline 0.006 -25"><span class='ocrx_word' id='word_1_214' title='bbox 441 3036 696 3106; x_wconf 76' lang='grc' dir='ltr'>ἔπραττε,</span> <span class='ocrx_word' id='word_1_215' title='bbox 735 3039 1159 3109; x_wconf 82' lang='grc' dir='ltr'>συναπήχθησαν</span> <span class='ocrx_word' id='word_1_216' title='bbox 1183 3040 1278 3092; x_wconf 76' lang='grc' dir='ltr'>καὶ</span> <span class='ocrx_word' id='word_1_217' title='bbox 1307 3042 1480 3106; x_wconf 78' lang='grc' dir='ltr'>αὐτοὶ,</span> <span class='ocrx_word' id='word_1_218' title='bbox 1513 3044 1606 3096; x_wconf 71' lang='grc' dir='ltr'>καὶ</span> <span class='ocrx_word' id='word_1_219' title='bbox 1633 3043 2008 3112; x_wconf 75' lang='grc' dir='ltr'>ἠναγκάζοντο</span> 
     </span>
    </p>
   </div>
   <div class='ocr_carea' id='block_1_32' title="bbox 444 3117 2009 3204">
    <p class='ocr_par' dir='ltr' id='par_1_32' title="bbox 444 3117 2009 3204">
     <span class='ocr_line' id='line_1_32' title="bbox 444 3117 2009 3204; baseline 0.004 -26"><span class='ocrx_word' id='word_1_220' title='bbox 444 3125 729 3189; x_wconf 72' lang='grc' dir='ltr'>ἰουδαΐζειν</span> <span class='ocrx_word' id='word_1_221' title='bbox 758 3127 848 3180; x_wconf 84' lang='grc' dir='ltr'>διὰ</span> <span class='ocrx_word' id='word_1_222' title='bbox 867 3128 957 3181; x_wconf 83' lang='grc' dir='ltr'>τὸν</span> <span class='ocrx_word' id='word_1_223' title='bbox 985 3129 1322 3185; x_wconf 87' lang='grc' dir='ltr'>διδάσκαλον.</span> <span class='ocrx_word' id='word_1_224' title='bbox 1349 3132 1457 3184; x_wconf 75' lang='grc' dir='ltr'>Καὶ</span> <span class='ocrx_word' id='word_1_225' title='bbox 1489 3117 1646 3185; x_wconf 78' lang='grc' dir='ltr'>τοῦτό</span> <span class='ocrx_word' id='word_1_226' title='bbox 1675 3136 1844 3196; x_wconf 91' lang='grc' dir='ltr'>ἐστιν,</span> <span class='ocrx_word' id='word_1_227' title='bbox 1873 3133 2009 3204; x_wconf 84' lang='grc' dir='ltr'>ὅπερ</span> 
     </span>
    </p>
   </div>
   <div class='ocr_carea' id='block_1_33' title="bbox 439 3219 2016 3295">
    <p class='ocr_par' dir='ltr' id='par_1_33' title="bbox 439 3219 2016 3295">
     <span class='ocr_line' id='line_1_33' title="bbox 439 3219 2016 3295; baseline 0.004 -25"><span class='ocrx_word' id='word_1_228' title='bbox 439 3220 468 3270; x_wconf 91' lang='lat'>6</span> <span class='ocrx_word' id='word_1_229' title='bbox 507 3219 719 3282; x_wconf 81' lang='grc' dir='ltr'>Παῦλος</span> <span class='ocrx_word' id='word_1_230' title='bbox 763 3219 1014 3287; x_wconf 87' lang='grc' dir='ltr'>ἐγκαλεῖ·</span> <span class='ocrx_word' id='word_1_231' title='bbox 1055 3221 1149 3273; x_wconf 91' lang='grc' dir='ltr'><strong>καί</strong></span> <span class='ocrx_word' id='word_1_232' title='bbox 1183 3221 1271 3274; x_wconf 82' lang='grc' dir='ltr'>ἵνα</span> <span class='ocrx_word' id='word_1_233' title='bbox 1319 3222 1651 3295; x_wconf 71' lang='grc' dir='ltr'>σαφέστερον</span> <span class='ocrx_word' id='word_1_234' title='bbox 1697 3224 1922 3293; x_wconf 87' lang='grc' dir='ltr'>γένηται</span> <span class='ocrx_word' id='word_1_235' title='bbox 1955 3225 2016 3276; x_wconf 80' lang='grc' dir='ltr'>τὸ</span> 
     </span>
    </p>
   </div>
   <div class='ocr_carea' id='block_1_34' title="bbox 440 3307 2017 3383">
    <p class='ocr_par' dir='ltr' id='par_1_34' title="bbox 440 3307 2017 3383">
     <span class='ocr_line' id='line_1_34' title="bbox 440 3307 2017 3383; baseline 0.004 -23"><span class='ocrx_word' id='word_1_236' title='bbox 440 3307 756 3380; x_wconf 87' lang='grc' dir='ltr'>λεγόμενον.</span> <span class='ocrx_word' id='word_1_237' title='bbox 798 3311 938 3364; x_wconf 87' lang='grc' dir='ltr'>αὐτά</span> <span class='ocrx_word' id='word_1_238' title='bbox 972 3311 1100 3380; x_wconf 87' lang='grc' dir='ltr'>ύμῖν</span> <span class='ocrx_word' id='word_1_239' title='bbox 1130 3312 1314 3364; x_wconf 83' lang='grc' dir='ltr'>λοιπὸν</span> <span class='ocrx_word' id='word_1_240' title='bbox 1350 3313 1738 3383; x_wconf 78' lang='grc' dir='ltr'>ἀναγνώσομαι</span> <span class='ocrx_word' id='word_1_241' title='bbox 1786 3313 1856 3366; x_wconf 86' lang='grc' dir='ltr'>τά</span> <span class='ocrx_word' id='word_1_242' title='bbox 1889 3317 2017 3366; x_wconf 74' lang='grc' dir='ltr'>ἀπο·</span> 
     </span>
    </p>
   </div>
   <div class='ocr_carea' id='block_1_35' title="bbox 441 3399 2011 3471">
    <p class='ocr_par' dir='ltr' id='par_1_35' title="bbox 441 3399 2011 3471">
     <span class='ocr_line' id='line_1_35' title="bbox 441 3399 2011 3471; baseline 0.001 -18"><span class='ocrx_word' id='word_1_243' title='bbox 441 3400 662 3454; x_wconf 83' lang='grc' dir='ltr'>στολικὰ</span> <span class='ocrx_word' id='word_1_244' title='bbox 703 3403 942 3471; x_wconf 77' lang='grc' dir='ltr'>ῥήματα.</span> <span class='ocrx_word' id='word_1_245' title='bbox 973 3402 1110 3455; x_wconf 86' lang='grc' dir='ltr'>Ὅτε</span> <span class='ocrx_word' id='word_1_246' title='bbox 1136 3402 1204 3453; x_wconf 83' lang='grc' dir='ltr'>δὲ</span> <span class='ocrx_word' id='word_1_247' title='bbox 1237 3399 1384 3470; x_wconf 74' lang='grc' dir='ltr'>ἦλθε</span> <span class='ocrx_word' id='word_1_248' title='bbox 1418 3404 1636 3468; x_wconf 84' lang='grc' dir='ltr'>Πέτρος</span> <span class='ocrx_word' id='word_1_249' title='bbox 1672 3405 1757 3467; x_wconf 82' lang='grc' dir='ltr'>εἰς</span> <span class='ocrx_word' id='word_1_250' title='bbox 1805 3403 2011 3455; x_wconf 79' lang='grc' dir='ltr'>Ἀντιό-</span> 
     </span>
    </p>
   </div>
   <div class='ocr_carea' id='block_1_36' title="bbox 437 3491 2014 3560">
    <p class='ocr_par' dir='ltr' id='par_1_36' title="bbox 437 3491 2014 3560">
     <span class='ocr_line' id='line_1_36' title="bbox 437 3491 2014 3560; baseline 0.001 -15"><span class='ocrx_word' id='word_1_251' title='bbox 437 3509 629 3560; x_wconf 86' lang='grc' dir='ltr'>χειαν,</span> <span class='ocrx_word' id='word_1_252' title='bbox 665 3491 812 3544; x_wconf 84' lang='grc' dir='ltr'>κατὰ</span> <span class='ocrx_word' id='word_1_253' title='bbox 844 3491 1343 3558; x_wconf 80' lang='grc' dir='ltr'>πρόσωποναὺτῷ</span> <span class='ocrx_word' id='word_1_254' title='bbox 1371 3491 1693 3560; x_wconf 74' lang='grc' dir='ltr'>ἀντέστην,</span> <span class='ocrx_word' id='word_1_255' title='bbox 1723 3493 1810 3545; x_wconf 84' lang='grc' dir='ltr'>ὅτι</span> <span class='ocrx_word' id='word_1_256' title='bbox 1842 3511 2014 3547; x_wconf 79' lang='grc' dir='ltr'>κατε-</span> 
     </span>
    </p>
   </div>
   <div class='ocr_carea' id='block_1_37' title="bbox 436 3578 2008 3652">
    <p class='ocr_par' dir='ltr' id='par_1_37' title="bbox 436 3578 2008 3652">
     <span class='ocr_line' id='line_1_37' title="bbox 436 3578 2008 3652; baseline 0.004 -19"><span class='ocrx_word' id='word_1_257' title='bbox 436 3581 779 3652; x_wconf 74' lang='grc' dir='ltr'>γνωσμένος</span> <span class='ocrx_word' id='word_1_258' title='bbox 817 3578 914 3652; x_wconf 78' lang='grc' dir='ltr'>ἦν.</span> <span class='ocrx_word' id='word_1_259' title='bbox 968 3582 1087 3650; x_wconf 85' lang='grc' dir='ltr'>Πρὸ</span> <span class='ocrx_word' id='word_1_260' title='bbox 1125 3583 1230 3636; x_wconf 88' lang='grc' dir='ltr'>τοῦ</span> <span class='ocrx_word' id='word_1_261' title='bbox 1274 3583 1384 3651; x_wconf 76' lang='grc' dir='ltr'>γὰρ</span> <span class='ocrx_word' id='word_1_262' title='bbox 1432 3583 1631 3637; x_wconf 72' lang='grc' dir='ltr'>ἐλθεῖν</span> <span class='ocrx_word' id='word_1_263' title='bbox 1679 3601 1846 3650; x_wconf 86' lang='grc' dir='ltr'>τινας</span> <span class='ocrx_word' id='word_1_264' title='bbox 1891 3585 2008 3639; x_wconf 82' lang='grc' dir='ltr'>ἀπὸ</span> 
     </span>
    </p>
   </div>
   <div class='ocr_carea' id='block_1_38' title="bbox 449 3671 2011 3744">
    <p class='ocr_par' dir='ltr' id='par_1_38' title="bbox 449 3671 2011 3744">
     <span class='ocr_line' id='line_1_38' title="bbox 449 3671 2011 3744; baseline 0.003 -19"><span class='ocrx_word' id='word_1_265' title='bbox 449 3671 750 3734; x_wconf 81' lang='grc' dir='ltr'>Ἰακώϐου,</span> <span class='ocrx_word' id='word_1_266' title='bbox 791 3671 1088 3735; x_wconf 84' lang='grc' dir='ltr'>τουτέστιν,</span> <span class='ocrx_word' id='word_1_267' title='bbox 1125 3672 1183 3736; x_wconf 82' lang='grc' dir='ltr'>ἐξ</span> <span class='ocrx_word' id='word_1_268' title='bbox 1237 3673 1660 3744; x_wconf 87' lang='grc' dir='ltr'>Ἰεροσολύμων,</span> <span class='ocrx_word' id='word_1_269' title='bbox 1707 3675 1859 3742; x_wconf 81' lang='grc' dir='ltr'>μετὰ</span> <span class='ocrx_word' id='word_1_270' title='bbox 1893 3674 2011 3729; x_wconf 84' lang='grc' dir='ltr'>τῶν</span> 
     </span>
    </p>
   </div>
   <div class='ocr_carea' id='block_1_39' title="bbox 433 3761 2058 3835">
    <p class='ocr_par' dir='ltr' id='par_1_39' title="bbox 433 3761 2058 3835">
     <span class='ocr_line' id='line_1_39' title="bbox 433 3761 2058 3835; baseline 0.003 -21"><span class='ocrx_word' id='word_1_271' title='bbox 433 3761 622 3818; x_wconf 77' lang='grc' dir='ltr'>ἐθνῶν</span> <span class='ocrx_word' id='word_1_272' title='bbox 644 3761 960 3829; x_wconf 82' lang='grc' dir='ltr'>συνήσθιε,</span> <span class='ocrx_word' id='word_1_273' title='bbox 991 3764 1256 3829; x_wconf 83' lang='grc' dir='ltr'>τουτέστι,</span> <span class='ocrx_word' id='word_1_274' title='bbox 1285 3765 1391 3816; x_wconf 82' lang='grc' dir='ltr'>τῶν</span> <span class='ocrx_word' id='word_1_275' title='bbox 1423 3764 1482 3816; x_wconf 91' lang='grc' dir='ltr'>ἐν</span> <span class='ocrx_word' id='word_1_276' title='bbox 1523 3765 1840 3835; x_wconf 75' lang='grc' dir='ltr'>Ἀντιοχείᾳ.</span> <span class='ocrx_word' id='word_1_277' title='bbox 1872 3765 2008 3819; x_wconf 80' lang='grc' dir='ltr'>Ὅτε</span> <span class='ocrx_word' id='word_1_278' title='bbox 2049 3773 2058 3780; x_wconf 90' lang='grc'><strong><em>“</em></strong></span> 
     </span>
    </p>
   </div>
   <div class='ocr_carea' id='block_1_40' title="bbox 433 3849 2004 3924">
    <p class='ocr_par' dir='ltr' id='par_1_40' title="bbox 433 3849 2004 3924">
     <span class='ocr_line' id='line_1_40' title="bbox 433 3849 2004 3924; baseline 0.002 -20"><span class='ocrx_word' id='word_1_279' title='bbox 433 3851 500 3904; x_wconf 75' lang='grc' dir='ltr'>δὲ</span> <span class='ocrx_word' id='word_1_280' title='bbox 545 3849 736 3922; x_wconf 72' lang='grc' dir='ltr'>ἦλθόν</span> <span class='ocrx_word' id='word_1_281' title='bbox 791 3871 950 3919; x_wconf 82' lang='grc' dir='ltr'>τινες</span> <span class='ocrx_word' id='word_1_282' title='bbox 997 3853 1065 3917; x_wconf 81' lang='grc' dir='ltr'>ἐξ</span> <span class='ocrx_word' id='word_1_283' title='bbox 1128 3853 1594 3923; x_wconf 70' lang='grc' dir='ltr'>Ἱεροσολύμων,</span> <span class='ocrx_word' id='word_1_284' title='bbox 1655 3855 2004 3924; x_wconf 88' lang='grc' dir='ltr'>νομομαθεῖς,</span> 
     </span>
    </p>
   </div>
   <div class='ocr_carea' id='block_1_41' title="bbox 431 3940 2006 4013">
    <p class='ocr_par' dir='ltr' id='par_1_41' title="bbox 431 3940 2006 4013">
     <span class='ocr_line' id='line_1_41' title="bbox 431 3940 2006 4013; baseline 0.001 -17"><span class='ocrx_word' id='word_1_285' title='bbox 431 3940 790 4005; x_wconf 75' lang='grc' dir='ltr'>ὑπέστελλε,</span> <span class='ocrx_word' id='word_1_286' title='bbox 817 3943 912 3997; x_wconf 80' lang='grc' dir='ltr'>καὶ</span> <span class='ocrx_word' id='word_1_287' title='bbox 935 3942 1237 4011; x_wconf 70' lang='grc' dir='ltr'>ἀφώρισεν</span> <span class='ocrx_word' id='word_1_288' title='bbox 1255 3943 1470 3996; x_wconf 81' lang='grc' dir='ltr'>ἑαυτὸν</span> <span class='ocrx_word' id='word_1_289' title='bbox 1491 3948 1523 3998; x_wconf 85' lang='grc' dir='ltr'><em>ὁ</em></span> <span class='ocrx_word' id='word_1_290' title='bbox 1545 3944 1764 4012; x_wconf 85' lang='grc' dir='ltr'>Πέτρος</span> <span class='ocrx_word' id='word_1_291' title='bbox 1789 3947 2006 4013; x_wconf 73' lang='grc' dir='ltr'>,φοϐού-</span> 
     </span>
    </p>
   </div>
   <div class='ocr_carea' id='block_1_42' title="bbox 429 4031 2006 4101">
    <p class='ocr_par' dir='ltr' id='par_1_42' title="bbox 429 4031 2006 4101">
     <span class='ocr_line' id='line_1_42' title="bbox 429 4031 2006 4101; baseline 0.001 -15"><span class='ocrx_word' id='word_1_292' title='bbox 429 4049 610 4101; x_wconf 86' lang='grc' dir='ltr'>μενος</span> <span class='ocrx_word' id='word_1_293' title='bbox 637 4032 776 4097; x_wconf 85' lang='grc' dir='ltr'>τοὺς</span> <span class='ocrx_word' id='word_1_294' title='bbox 813 4033 880 4086; x_wconf 82' lang='grc' dir='ltr'>ἐκ</span> <span class='ocrx_word' id='word_1_295' title='bbox 919 4031 1260 4100; x_wconf 80' lang='grc' dir='ltr'>περιτομῆς.</span> <span class='ocrx_word' id='word_1_296' title='bbox 1295 4032 1708 4098; x_wconf 46' lang='grc' dir='ltr'>ΠοίουςχΤοὺς</span> <span class='ocrx_word' id='word_1_297' title='bbox 1740 4036 1850 4086; x_wconf 85' lang='grc' dir='ltr'>ἀπὸ</span> <span class='ocrx_word' id='word_1_298' title='bbox 1901 4036 2006 4088; x_wconf 86' lang='grc' dir='ltr'>Ἰα-</span> 
     </span>
    </p>
   </div>
   <div class='ocr_carea' id='block_1_43' title="bbox 431 4123 2004 4195">
    <p class='ocr_par' dir='ltr' id='par_1_43' title="bbox 431 4123 2004 4195">
     <span class='ocr_line' id='line_1_43' title="bbox 431 4123 2004 4195; baseline 0.003 -18"><span class='ocrx_word' id='word_1_299' title='bbox 431 4123 608 4177; x_wconf 85' lang='grc' dir='ltr'>κώϐου</span> <span class='ocrx_word' id='word_1_300' title='bbox 641 4123 996 4187; x_wconf 85' lang='grc' dir='ltr'>κατελθόντας</span> <span class='ocrx_word' id='word_1_301' title='bbox 1013 4141 1028 4154; x_wconf 93' lang='grc'>·</span> <span class='ocrx_word' id='word_1_302' title='bbox 1059 4125 1166 4177; x_wconf 76' lang='grc' dir='ltr'>Καὶ</span> <span class='ocrx_word' id='word_1_303' title='bbox 1195 4124 1686 4195; x_wconf 81' lang='grc' dir='ltr'>συναπήχθησαν</span> <span class='ocrx_word' id='word_1_304' title='bbox 1715 4125 1875 4191; x_wconf 86' lang='grc' dir='ltr'>αὐτῷ</span> <span class='ocrx_word' id='word_1_305' title='bbox 1904 4128 2004 4181; x_wconf 81' lang='grc' dir='ltr'>καί</span> 
     </span>
    </p>
   </div>
   <div class='ocr_carea' id='block_1_44' title="bbox 430 4201 2004 4290">
    <p class='ocr_par' dir='ltr' id='par_1_44' title="bbox 430 4201 2004 4290">
     <span class='ocr_line' id='line_1_44' title="bbox 430 4201 2004 4290; baseline 0.003 -22"><span class='ocrx_word' id='word_1_306' title='bbox 430 4218 486 4268; x_wconf 87' lang='grc' dir='ltr'>οἰ</span> <span class='ocrx_word' id='word_1_307' title='bbox 524 4214 722 4268; x_wconf 75' lang='grc' dir='ltr'>λοιποὶ</span> <span class='ocrx_word' id='word_1_308' title='bbox 769 4215 1062 4270; x_wconf 78' lang='grc' dir='ltr'>Ἰουδαῖοι.</span> <span class='ocrx_word' id='word_1_309' title='bbox 1103 4217 1251 4269; x_wconf 91' lang='grc' dir='ltr'>Ποῖοι</span> <span class='ocrx_word' id='word_1_310' title='bbox 1297 4201 1571 4283; x_wconf 74' lang='grc' dir='ltr'>Ἰουδαῖοις</span> <span class='ocrx_word' id='word_1_311' title='bbox 1622 4219 1686 4272; x_wconf 73' lang='lat' dir='ltr'>Ol</span> <span class='ocrx_word' id='word_1_312' title='bbox 1721 4219 1854 4290; x_wconf 74' lang='grc' dir='ltr'>πρὶν</span> <span class='ocrx_word' id='word_1_313' title='bbox 1877 4221 2004 4282; x_wconf 74' lang='grc' dir='ltr'>τοὺς</span> 
     </span>
    </p>
   </div>
   <div class='ocr_carea' id='block_1_45' title="bbox 429 4305 2004 4380">
    <p class='ocr_par' dir='ltr' id='par_1_45' title="bbox 429 4305 2004 4380">
     <span class='ocr_line' id='line_1_45' title="bbox 429 4305 2004 4380; baseline 0.003 -20"><span class='ocrx_word' id='word_1_314' title='bbox 429 4305 490 4372; x_wconf 77' lang='grc' dir='ltr'>ἐξ</span> <span class='ocrx_word' id='word_1_315' title='bbox 527 4306 920 4377; x_wconf 84' lang='grc' dir='ltr'>Ἰεροσολύμων</span> <span class='ocrx_word' id='word_1_316' title='bbox 947 4307 1252 4375; x_wconf 84' lang='grc' dir='ltr'>καταϐῆναι</span> <span class='ocrx_word' id='word_1_317' title='bbox 1285 4309 1342 4359; x_wconf 89' lang='grc' dir='ltr'>ἐν</span> <span class='ocrx_word' id='word_1_318' title='bbox 1379 4307 1678 4380; x_wconf 81' lang='grc' dir='ltr'>Ἀντιοχείᾳ</span> <span class='ocrx_word' id='word_1_319' title='bbox 1714 4309 2004 4380; x_wconf 86' lang='grc' dir='ltr'>διατρίϐον-</span> 
     </span>
    </p>
   </div>
   <div class='ocr_carea' id='block_1_46' title="bbox 426 4397 2004 4472">
    <p class='ocr_par' dir='ltr' id='par_1_46' title="bbox 426 4397 2004 4472">
     <span class='ocr_line' id='line_1_46' title="bbox 426 4397 2004 4472; baseline 0.004 -25"><span class='ocrx_word' id='word_1_320' title='bbox 426 4409 532 4456; x_wconf 77' lang='grc' dir='ltr'>τες,</span> <span class='ocrx_word' id='word_1_321' title='bbox 591 4398 684 4450; x_wconf 75' lang='grc' dir='ltr'>καὶ</span> <span class='ocrx_word' id='word_1_322' title='bbox 728 4397 996 4467; x_wconf 88' lang='grc' dir='ltr'>μηδεμίαν</span> <span class='ocrx_word' id='word_1_323' title='bbox 1057 4397 1350 4466; x_wconf 72' lang='grc' dir='ltr'>Ἰουδαῖκην</span> <span class='ocrx_word' id='word_1_324' title='bbox 1388 4401 1769 4472; x_wconf 84' lang='grc' dir='ltr'>παρατήρησιν</span> <span class='ocrx_word' id='word_1_325' title='bbox 1809 4400 2004 4469; x_wconf 86' lang='grc' dir='ltr'>φυλάτ-</span> 
     </span>
    </p>
   </div>
   <div class='ocr_carea' id='block_1_47' title="bbox 425 4486 2002 4559">
    <p class='ocr_par' dir='ltr' id='par_1_47' title="bbox 425 4486 2002 4559">
     <span class='ocr_line' id='line_1_47' title="bbox 425 4486 2002 4559; baseline 0.003 -19"><span class='ocrx_word' id='word_1_326' title='bbox 425 4505 609 4552; x_wconf 89' lang='grc' dir='ltr'>τοντες</span> <span class='ocrx_word' id='word_1_327' title='bbox 633 4507 645 4519; x_wconf 90' lang='grc'>·</span> <span class='ocrx_word' id='word_1_328' title='bbox 681 4489 864 4542; x_wconf 83' lang='grc' dir='ltr'>Ὥστε</span> <span class='ocrx_word' id='word_1_329' title='bbox 903 4486 1000 4541; x_wconf 80' lang='grc' dir='ltr'>καὶ</span> <span class='ocrx_word' id='word_1_330' title='bbox 1043 4487 1354 4556; x_wconf 81' lang='grc' dir='ltr'>Βαρνάϐας</span> <span class='ocrx_word' id='word_1_331' title='bbox 1393 4489 1757 4559; x_wconf 80' lang='grc' dir='ltr'>συναπήχθη</span> <span class='ocrx_word' id='word_1_332' title='bbox 1802 4491 2002 4546; x_wconf 81' lang='grc' dir='ltr'>αὐτῶν</span> 
     </span>
    </p>
   </div>
   <div class='ocr_carea' id='block_1_48' title="bbox 428 4577 1999 4654">
    <p class='ocr_par' dir='ltr' id='par_1_48' title="bbox 428 4577 1999 4654">
     <span class='ocr_line' id='line_1_48' title="bbox 428 4577 1999 4654; baseline 0.004 -24"><span class='ocrx_word' id='word_1_333' title='bbox 428 4577 503 4647; x_wconf 77' lang='grc' dir='ltr'>τῇ</span> <span class='ocrx_word' id='word_1_334' title='bbox 541 4581 876 4649; x_wconf 78' lang='grc' dir='ltr'>ὑποκρίσει.</span> <span class='ocrx_word' id='word_1_335' title='bbox 920 4579 1069 4652; x_wconf 70' lang='grc'>[574]</span> <span class='ocrx_word' id='word_1_336' title='bbox 1115 4580 1225 4632; x_wconf 74' lang='grc' dir='ltr'>Καὶ</span> <span class='ocrx_word' id='word_1_337' title='bbox 1281 4579 1337 4634; x_wconf 81' lang='grc' dir='ltr'>τὸ</span> <span class='ocrx_word' id='word_1_338' title='bbox 1377 4579 1474 4650; x_wconf 84' lang='grc' dir='ltr'>μὲν</span> <span class='ocrx_word' id='word_1_339' title='bbox 1507 4579 1696 4634; x_wconf 84' lang='grc' dir='ltr'>δοκοῦν</span> <span class='ocrx_word' id='word_1_340' title='bbox 1746 4581 1999 4654; x_wconf 81' lang='grc' dir='ltr'>ἔγκλημα</span> 
     </span>
    </p>
   </div>
   <div class='ocr_carea' id='block_1_49' title="bbox 427 4667 784 4736">
    <p class='ocr_par' dir='ltr' id='par_1_49' title="bbox 427 4667 784 4736">
     <span class='ocr_line' id='line_1_49' title="bbox 427 4667 784 4736; baseline 0.003 -13"><span class='ocrx_word' id='word_1_341' title='bbox 427 4667 586 4736; x_wconf 78' lang='grc' dir='ltr'>εἶναι,</span> <span class='ocrx_word' id='word_1_342' title='bbox 609 4671 784 4724; x_wconf 89' lang='grc' dir='ltr'>τοῦτο.</span> 
     </span>
    </p>
   </div>
   <div class='ocr_carea' id='block_1_50' title="bbox 504 4760 1998 4835">
    <p class='ocr_par' dir='ltr' id='par_1_50' title="bbox 504 4760 1998 4835">
     <span class='ocr_line' id='line_1_50' title="bbox 504 4760 1998 4835; baseline 0.005 -21"><span class='ocrx_word' id='word_1_343' title='bbox 504 4760 586 4814; x_wconf 83' lang='grc' dir='ltr'>ιε’.</span> <span class='ocrx_word' id='word_1_344' title='bbox 613 4760 754 4814; x_wconf 83' lang='grc' dir='ltr'>Εἰδέ</span> <span class='ocrx_word' id='word_1_345' title='bbox 777 4760 1058 4830; x_wconf 84' lang='grc' dir='ltr'>βούλεσθε,</span> <span class='ocrx_word' id='word_1_346' title='bbox 1083 4763 1180 4815; x_wconf 77' lang='grc' dir='ltr'>καὶ</span> <span class='ocrx_word' id='word_1_347' title='bbox 1200 4763 1301 4826; x_wconf 85' lang='grc' dir='ltr'>τὰς</span> <span class='ocrx_word' id='word_1_348' title='bbox 1331 4762 1459 4832; x_wconf 79' lang='grc' dir='ltr'>παρ’</span> <span class='ocrx_word' id='word_1_349' title='bbox 1483 4763 1690 4835; x_wconf 73' lang='grc' dir='ltr'>ἐτέρων</span> <span class='ocrx_word' id='word_1_350' title='bbox 1702 4766 1998 4832; x_wconf 83' lang='grc' dir='ltr'>ἀπολογίας</span> 
     </span>
    </p>
   </div>
   <div class='ocr_carea' id='block_1_51' title="bbox 428 4853 1998 4930">
    <p class='ocr_par' dir='ltr' id='par_1_51' title="bbox 428 4853 1998 4930">
     <span class='ocr_line' id='line_1_51' title="bbox 428 4853 1998 4930; baseline 0.005 -24"><span class='ocrx_word' id='word_1_351' title='bbox 428 4853 852 4924; x_wconf 88' lang='grc' dir='ltr'>ἐπινενοημένας</span> <span class='ocrx_word' id='word_1_352' title='bbox 893 4854 1158 4927; x_wconf 86' lang='grc' dir='ltr'>πρότερον</span> <span class='ocrx_word' id='word_1_353' title='bbox 1187 4855 1319 4920; x_wconf 78' lang='grc' dir='ltr'>θεὶς,</span> <span class='ocrx_word' id='word_1_354' title='bbox 1351 4858 1474 4912; x_wconf 83' lang='grc' dir='ltr'>τότε</span> <span class='ocrx_word' id='word_1_355' title='bbox 1505 4859 1600 4911; x_wconf 76' lang='grc' dir='ltr'>καὶ</span> <span class='ocrx_word' id='word_1_356' title='bbox 1631 4859 1722 4912; x_wconf 84' lang='grc' dir='ltr'>τὸν</span> <span class='ocrx_word' id='word_1_357' title='bbox 1759 4861 1998 4930; x_wconf 81' lang='grc' dir='ltr'>ἐμαυτοῦ</span> 
     </span>
    </p>
   </div>
   <div class='ocr_carea' id='block_1_52' title="bbox 428 4945 1998 5024">
    <p class='ocr_par' dir='ltr' id='par_1_52' title="bbox 428 4945 1998 5024">
     <span class='ocr_line' id='line_1_52' title="bbox 428 4945 1998 5024; baseline 0.008 -27"><span class='ocrx_word' id='word_1_358' title='bbox 428 4945 583 5012; x_wconf 71' lang='grc' dir='ltr'>λόγον</span> <span class='ocrx_word' id='word_1_359' title='bbox 605 4947 916 5014; x_wconf 80' lang='grc' dir='ltr'>εἰσαγαγεῖν</span> <span class='ocrx_word' id='word_1_360' title='bbox 941 4947 1290 5018; x_wconf 88' lang='grc' dir='ltr'>πειράσομαι,</span> <span class='ocrx_word' id='word_1_361' title='bbox 1309 4950 1395 5019; x_wconf 82' lang='grc' dir='ltr'>ἐφ’</span> <span class='ocrx_word' id='word_1_362' title='bbox 1413 4950 1542 5021; x_wconf 84' lang='grc' dir='ltr'>ὑμῖν</span> <span class='ocrx_word' id='word_1_363' title='bbox 1561 4950 1668 5006; x_wconf 88' lang='grc' dir='ltr'>τῶν</span> <span class='ocrx_word' id='word_1_364' title='bbox 1691 4952 1998 5024; x_wconf 83' lang='grc' dir='ltr'>λεγομένων</span> 
     </span>
    </p>
   </div>
   <div class='ocr_carea' id='block_1_53' title="bbox 427 5037 1998 5116">
    <p class='ocr_par' dir='ltr' id='par_1_53' title="bbox 427 5037 1998 5116">
     <span class='ocr_line' id='line_1_53' title="bbox 427 5037 1998 5116; baseline 0.006 -26"><span class='ocrx_word' id='word_1_365' title='bbox 427 5037 526 5107; x_wconf 81' lang='grc' dir='ltr'>τὴν</span> <span class='ocrx_word' id='word_1_366' title='bbox 549 5037 756 5106; x_wconf 78' lang='grc' dir='ltr'>αἵρεσιν</span> <span class='ocrx_word' id='word_1_367' title='bbox 780 5037 1164 5108; x_wconf 88' lang='grc' dir='ltr'>ποιησάμενος.</span> <span class='ocrx_word' id='word_1_368' title='bbox 1197 5039 1321 5104; x_wconf 90' lang='grc' dir='ltr'>Πῶς</span> <span class='ocrx_word' id='word_1_369' title='bbox 1347 5037 1438 5094; x_wconf 75' lang='grc' dir='ltr'>οὖν</span> <span class='ocrx_word' id='word_1_370' title='bbox 1465 5059 1610 5105; x_wconf 88' lang='grc' dir='ltr'>τινες</span> <span class='ocrx_word' id='word_1_371' title='bbox 1637 5044 1737 5115; x_wconf 84' lang='grc' dir='ltr'>τὴν</span> <span class='ocrx_word' id='word_1_372' title='bbox 1769 5043 1998 5116; x_wconf 84' lang='grc' dir='ltr'>ζήτησιν</span> 
     </span>
    </p>
   </div>
   <div class='ocr_carea' id='block_1_54' title="bbox 427 5123 2000 5206">
    <p class='ocr_par' dir='ltr' id='par_1_54' title="bbox 427 5123 2000 5206">
     <span class='ocr_line' id='line_1_54' title="bbox 427 5123 2000 5206; baseline 0.006 -25"><span class='ocrx_word' id='word_1_373' title='bbox 427 5127 630 5197; x_wconf 87' lang='grc' dir='ltr'>ταύτην</span> <span class='ocrx_word' id='word_1_374' title='bbox 656 5125 886 5192; x_wconf 80' lang='grc' dir='ltr'>ἐλυσαν;</span> <span class='ocrx_word' id='word_1_375' title='bbox 923 5127 1037 5180; x_wconf 80' lang='grc' dir='ltr'>Οὐκ</span> <span class='ocrx_word' id='word_1_376' title='bbox 1067 5123 1136 5198; x_wconf 78' lang='grc' dir='ltr'>ἦν</span> <span class='ocrx_word' id='word_1_377' title='bbox 1167 5123 1320 5193; x_wconf 69' lang='grc' dir='ltr'>οὗτος</span> <span class='ocrx_word' id='word_1_378' title='bbox 1363 5132 1589 5204; x_wconf 84' lang='grc' dir='ltr'>Πέτρος,</span> <span class='ocrx_word' id='word_1_379' title='bbox 1623 5135 1817 5206; x_wconf 79' lang='grc' dir='ltr'>φησὶν,</span> <span class='ocrx_word' id='word_1_380' title='bbox 1857 5137 2000 5190; x_wconf 85' lang='grc' dir='ltr'>ἐκεῖ-</span> 
     </span>
    </p>
   </div>
   <div class='ocr_carea' id='block_1_55' title="bbox 425 5211 1994 5302">
    <p class='ocr_par' dir='ltr' id='par_1_55' title="bbox 425 5211 1994 5302">
     <span class='ocr_line' id='line_1_55' title="bbox 425 5211 1994 5302; baseline 0.006 -29"><span class='ocrx_word' id='word_1_381' title='bbox 425 5237 534 5288; x_wconf 90' lang='grc' dir='ltr'>νος,</span> <span class='ocrx_word' id='word_1_382' title='bbox 575 5223 604 5274; x_wconf 92' lang='lat'>6</span> <span class='ocrx_word' id='word_1_383' title='bbox 629 5211 740 5272; x_wconf 82' lang='grc' dir='ltr'>τῶν</span> <span class='ocrx_word' id='word_1_384' title='bbox 778 5219 1092 5273; x_wconf 84' lang='grc' dir='ltr'>ἀποστόλων</span> <span class='ocrx_word' id='word_1_385' title='bbox 1121 5221 1357 5292; x_wconf 89' lang='grc' dir='ltr'>πρῶτος,</span> <span class='ocrx_word' id='word_1_386' title='bbox 1399 5225 1428 5277; x_wconf 92' lang='lat'>6</span> <span class='ocrx_word' id='word_1_387' title='bbox 1469 5227 1621 5296; x_wconf 88' lang='grc' dir='ltr'>παρά</span> <span class='ocrx_word' id='word_1_388' title='bbox 1649 5227 1743 5280; x_wconf 90' lang='grc' dir='ltr'>τοῦ</span> <span class='ocrx_word' id='word_1_389' title='bbox 1789 5229 1994 5302; x_wconf 82' lang='grc' dir='ltr'>Κυρίου</span> 
     </span>
    </p>
   </div>
   <div class='ocr_carea' id='block_1_56' title="bbox 423 5310 1994 5388">
    <p class='ocr_par' dir='ltr' id='par_1_56' title="bbox 423 5310 1994 5388">
     <span class='ocr_line' id='line_1_56' title="bbox 423 5310 1994 5388; baseline 0.008 -24"><span class='ocrx_word' id='word_1_390' title='bbox 423 5312 488 5365; x_wconf 76' lang='grc' dir='ltr'>τὰ</span> <span class='ocrx_word' id='word_1_391' title='bbox 518 5310 766 5384; x_wconf 87' lang='grc' dir='ltr'>πρόϐατα</span> <span class='ocrx_word' id='word_1_392' title='bbox 791 5312 1116 5378; x_wconf 76' lang='grc' dir='ltr'>πιστευθεὶς,</span> <span class='ocrx_word' id='word_1_393' title='bbox 1147 5313 1260 5366; x_wconf 86' lang='grc' dir='ltr'>ἀλλ’</span> <span class='ocrx_word' id='word_1_394' title='bbox 1294 5313 1478 5388; x_wconf 73' lang='grc' dir='ltr'>ἕτερός</span> <span class='ocrx_word' id='word_1_395' title='bbox 1519 5335 1604 5382; x_wconf 88' lang='grc' dir='ltr'>τις</span> <span class='ocrx_word' id='word_1_396' title='bbox 1639 5319 1860 5388; x_wconf 81' lang='grc' dir='ltr'>εὐτελὴς</span> <span class='ocrx_word' id='word_1_397' title='bbox 1901 5323 1994 5376; x_wconf 84' lang='grc' dir='ltr'>καὶ</span> 
     </span>
    </p>
   </div>
   <div class='ocr_carea' id='block_1_57' title="bbox 424 5401 1994 5484">
    <p class='ocr_par' dir='ltr' id='par_1_57' title="bbox 424 5401 1994 5484">
     <span class='ocr_line' id='line_1_57' title="bbox 424 5401 1994 5484; baseline 0.008 -30"><span class='ocrx_word' id='word_1_398' title='bbox 424 5401 858 5474; x_wconf 82' lang='grc' dir='ltr'>ἀπεῤῥιμμένος,</span> <span class='ocrx_word' id='word_1_399' title='bbox 885 5405 978 5458; x_wconf 79' lang='grc' dir='ltr'>καὶ</span> <span class='ocrx_word' id='word_1_400' title='bbox 1003 5403 1112 5458; x_wconf 90' lang='grc' dir='ltr'>τῶν</span> <span class='ocrx_word' id='word_1_401' title='bbox 1145 5405 1356 5459; x_wconf 85' lang='grc' dir='ltr'>πολλῶν</span> <span class='ocrx_word' id='word_1_402' title='bbox 1389 5401 1490 5471; x_wconf 76' lang='grc' dir='ltr'>εἷς.</span> <span class='ocrx_word' id='word_1_403' title='bbox 1523 5410 1696 5464; x_wconf 87' lang='grc' dir='ltr'>Πόθεν</span> <span class='ocrx_word' id='word_1_404' title='bbox 1720 5411 1878 5466; x_wconf 88' lang='grc' dir='ltr'>τοῦτο</span> <span class='ocrx_word' id='word_1_405' title='bbox 1901 5413 1994 5484; x_wconf 82' lang='grc' dir='ltr'>δῆ-</span> 
     </span>
    </p>
   </div>
   <div class='ocr_carea' id='block_1_58' title="bbox 421 5488 1992 5572">
    <p class='ocr_par' dir='ltr' id='par_1_58' title="bbox 421 5488 1992 5572">
     <span class='ocr_line' id='line_1_58' title="bbox 421 5488 1992 5572; baseline 0.009 -30"><span class='ocrx_word' id='word_1_406' title='bbox 421 5488 546 5555; x_wconf 86' lang='grc' dir='ltr'>λον;</span> <span class='ocrx_word' id='word_1_407' title='bbox 577 5491 758 5546; x_wconf 82' lang='grc' dir='ltr'>Εἰπὼν</span> <span class='ocrx_word' id='word_1_408' title='bbox 791 5495 819 5545; x_wconf 92' lang='lat'>6</span> <span class='ocrx_word' id='word_1_409' title='bbox 859 5493 1091 5559; x_wconf 88' lang='grc' dir='ltr'>Παῦλος,</span> <span class='ocrx_word' id='word_1_410' title='bbox 1132 5497 1212 5548; x_wconf 84' lang='grc' dir='ltr'>ὅτι</span> <span class='ocrx_word' id='word_1_411' title='bbox 1247 5498 1668 5569; x_wconf 90' lang='grc' dir='ltr'>συναπήχθησαν</span> <span class='ocrx_word' id='word_1_412' title='bbox 1703 5501 1853 5572; x_wconf 85' lang='grc' dir='ltr'>αύτῷ</span> <span class='ocrx_word' id='word_1_413' title='bbox 1897 5502 1992 5556; x_wconf 80' lang='grc' dir='ltr'>καί</span> 
     </span>
    </p>
   </div>
   <div class='ocr_carea' id='block_1_59' title="bbox 420 5581 1992 5662">
    <p class='ocr_par' dir='ltr' id='par_1_59' title="bbox 420 5581 1992 5662">
     <span class='ocr_line' id='line_1_59' title="bbox 420 5581 1992 5662; baseline 0.006 -27"><span class='ocrx_word' id='word_1_414' title='bbox 420 5585 468 5635; x_wconf 83' lang='grc' dir='ltr'>οἰ</span> <span class='ocrx_word' id='word_1_415' title='bbox 493 5581 668 5636; x_wconf 75' lang='grc' dir='ltr'>λοιποὶ</span> <span class='ocrx_word' id='word_1_416' title='bbox 707 5584 970 5650; x_wconf 87' lang='grc' dir='ltr'>Ἰουδαῖοι,</span> <span class='ocrx_word' id='word_1_417' title='bbox 1005 5587 1272 5658; x_wconf 86' lang='grc' dir='ltr'>ἐπήγαγε,</span> <span class='ocrx_word' id='word_1_418' title='bbox 1303 5589 1488 5658; x_wconf 70' lang='grc' dir='ltr'>φησὶν,</span> <span class='ocrx_word' id='word_1_419' title='bbox 1521 5589 1701 5644; x_wconf 82' lang='grc' dir='ltr'>’Ὥστε</span> <span class='ocrx_word' id='word_1_420' title='bbox 1725 5591 1823 5646; x_wconf 79' lang='grc' dir='ltr'>καὶ</span> <span class='ocrx_word' id='word_1_421' title='bbox 1848 5595 1992 5662; x_wconf 84' lang='grc' dir='ltr'>Βαρ-</span> 
     </span>
    </p>
   </div>
   <div class='ocr_carea' id='block_1_60' title="bbox 420 5673 1990 5750">
    <p class='ocr_par' dir='ltr' id='par_1_60' title="bbox 420 5673 1990 5750">
     <span class='ocr_line' id='line_1_60' title="bbox 420 5673 1990 5750; baseline 0.008 -24"><span class='ocrx_word' id='word_1_422' title='bbox 420 5673 604 5740; x_wconf 80' lang='grc' dir='ltr'>νάϐας</span> <span class='ocrx_word' id='word_1_423' title='bbox 643 5675 1006 5746; x_wconf 78' lang='grc' dir='ltr'>συναπήχθη</span> <span class='ocrx_word' id='word_1_424' title='bbox 1036 5677 1234 5733; x_wconf 81' lang='grc' dir='ltr'>αὐτῶν</span> <span class='ocrx_word' id='word_1_425' title='bbox 1263 5679 1340 5750; x_wconf 78' lang='grc' dir='ltr'>τῇ</span> <span class='ocrx_word' id='word_1_426' title='bbox 1367 5683 1702 5750; x_wconf 82' lang='grc' dir='ltr'>ὑποκρίσει.</span> <span class='ocrx_word' id='word_1_427' title='bbox 1734 5685 1808 5738; x_wconf 83' lang='grc' dir='ltr'>Τὸ</span> <span class='ocrx_word' id='word_1_428' title='bbox 1839 5685 1896 5738; x_wconf 83' lang='grc' dir='ltr'>δὲ</span> <span class='ocrx_word' id='word_1_429' title='bbox 1922 5689 1990 5740; x_wconf 86' lang='grc' dir='ltr'>εἰ·</span> 
     </span>
    </p>
   </div>
   <div class='ocr_carea' id='block_1_61' title="bbox 419 5761 1984 5845">
    <p class='ocr_par' dir='ltr' id='par_1_61' title="bbox 419 5761 1984 5845">
     <span class='ocr_line' id='line_1_61' title="bbox 419 5761 1984 5845; baseline 0.012 -31"><span class='ocrx_word' id='word_1_430' title='bbox 419 5761 744 5829; x_wconf 77' lang='grc' dir='ltr'>πεῖν,Ὦσ-τε</span> <span class='ocrx_word' id='word_1_431' title='bbox 763 5762 858 5818; x_wconf 74' lang='grc' dir='ltr'>καί</span> <span class='ocrx_word' id='word_1_432' title='bbox 883 5765 1206 5836; x_wconf 79' lang='grc' dir='ltr'>Βαρνάϐας,</span> <span class='ocrx_word' id='word_1_433' title='bbox 1233 5771 1521 5845; x_wconf 86' lang='grc' dir='ltr'>δηλοῦντός</span> <span class='ocrx_word' id='word_1_434' title='bbox 1546 5777 1714 5844; x_wconf 86' lang='grc' dir='ltr'>ἐστιν,</span> <span class='ocrx_word' id='word_1_435' title='bbox 1743 5777 1832 5831; x_wconf 79' lang='grc' dir='ltr'>ὅτι</span> <span class='ocrx_word' id='word_1_436' title='bbox 1853 5777 1984 5833; x_wconf 81' lang='grc' dir='ltr'>πολὺ</span> 
     </span>
    </p>
   </div>
   <div class='ocr_carea' id='block_1_62' title="bbox 1473 369 2661 445">
    <p class='ocr_par' dir='ltr' id='par_1_62' title="bbox 1473 369 2661 445">
     <span class='ocr_line' id='line_1_62' title="bbox 1473 369 2661 445; baseline -0.007 -9"><span class='ocrx_word' id='word_1_437' title='bbox 1473 383 1550 436; x_wconf 74' lang='grc' dir='ltr'>ἰΝ</span> <span class='ocrx_word' id='word_1_438' title='bbox 1589 380 1818 445; x_wconf 84' lang='lat' dir='ltr'>ILLUD,</span> <span class='ocrx_word' id='word_1_439' title='bbox 1855 377 1918 432; x_wconf 73' lang='lat' dir='ltr'>IN</span> <span class='ocrx_word' id='word_1_440' title='bbox 1964 375 2214 430; x_wconf 60' lang='lat' dir='ltr'>FACII&#39;ZM</span> <span class='ocrx_word' id='word_1_441' title='bbox 2253 369 2320 426; x_wconf 74' lang='grc' dir='ltr'>Εἰ</span> <span class='ocrx_word' id='word_1_442' title='bbox 2359 373 2661 429; x_wconf 79' lang='lat' dir='ltr'>IIESTI&#39;U.</span> 
     </span>
    </p>
   </div>
   <div class='ocr_carea' id='block_1_63' title="bbox 3607 353 3710 412">
    <p class='ocr_par' dir='ltr' id='par_1_63' title="bbox 3607 353 3710 412">
     <span class='ocr_line' id='line_1_63' title="bbox 3607 353 3710 412; baseline -0.019 0"><span class='ocrx_word' id='word_1_443' title='bbox 3607 353 3710 412; x_wconf 66' lang='lat' dir='ltr'>58F</span> 
     </span>
    </p>
   </div>
   <div class='ocr_carea' id='block_1_64' title="bbox 2140 475 3712 555">
    <p class='ocr_par' dir='ltr' id='par_1_64' title="bbox 2140 475 3712 555">
     <span class='ocr_line' id='line_1_64' title="bbox 2140 475 3712 555; baseline -0.007 -15"><span class='ocrx_word' id='word_1_444' title='bbox 2140 485 2299 540; x_wconf 88' lang='grc' dir='ltr'>τοῦτο</span> <span class='ocrx_word' id='word_1_445' title='bbox 2331 485 2768 555; x_wconf 84' lang='grc' dir='ltr'>θαυμαστότερον</span> <span class='ocrx_word' id='word_1_446' title='bbox 2797 475 2863 550; x_wconf 81' lang='grc' dir='ltr'>ἦν</span> <span class='ocrx_word' id='word_1_447' title='bbox 2893 478 2985 532; x_wconf 91' lang='grc' dir='ltr'>τοῦ</span> <span class='ocrx_word' id='word_1_448' title='bbox 3023 477 3227 550; x_wconf 86' lang='grc' dir='ltr'>Πέτρον</span> <span class='ocrx_word' id='word_1_449' title='bbox 3255 475 3584 546; x_wconf 84' lang='grc' dir='ltr'>ἀπαχθῆναι.</span> <span class='ocrx_word' id='word_1_450' title='bbox 3626 476 3712 540; x_wconf 76' lang='grc' dir='ltr'>Ὠς</span> 
     </span>
    </p>
   </div>
   <div class='ocr_carea' id='block_1_65' title="bbox 2141 564 3715 648">
    <p class='ocr_par' dir='ltr' id='par_1_65' title="bbox 2141 564 3715 648">
     <span class='ocr_line' id='line_1_65' title="bbox 2141 564 3715 648; baseline -0.005 -20"><span class='ocrx_word' id='word_1_451' title='bbox 2141 577 2250 648; x_wconf 86' lang='grc' dir='ltr'>γὰρ</span> <span class='ocrx_word' id='word_1_452' title='bbox 2285 575 2506 648; x_wconf 85' lang='grc' dir='ltr'>μείζονα</span> <span class='ocrx_word' id='word_1_453' title='bbox 2535 573 2696 627; x_wconf 79' lang='grc' dir='ltr'>αὑτὸν</span> <span class='ocrx_word' id='word_1_454' title='bbox 2723 571 2911 634; x_wconf 75' lang='grc' dir='ltr'>τιθεὶς,</span> <span class='ocrx_word' id='word_1_455' title='bbox 2943 569 3116 633; x_wconf 77' lang='grc' dir='ltr'>οὕτως</span> <span class='ocrx_word' id='word_1_456' title='bbox 3144 564 3318 634; x_wconf 73' lang='grc' dir='ltr'>εἶπεν,</span> <span class='ocrx_word' id='word_1_457' title='bbox 3347 567 3426 621; x_wconf 85' lang='grc' dir='ltr'>ὅτι</span> <span class='ocrx_word' id='word_1_458' title='bbox 3457 567 3518 620; x_wconf 83' lang='grc' dir='ltr'>οὐ</span> <span class='ocrx_word' id='word_1_459' title='bbox 3553 565 3715 638; x_wconf 88' lang='grc' dir='ltr'>μόνον</span> 
     </span>
    </p>
   </div>
   <div class='ocr_carea' id='block_1_66' title="bbox 2141 660 3712 738">
    <p class='ocr_par' dir='ltr' id='par_1_66' title="bbox 2141 660 3712 738">
     <span class='ocr_line' id='line_1_66' title="bbox 2141 660 3712 738; baseline -0.004 -18"><span class='ocrx_word' id='word_1_460' title='bbox 2141 668 2368 738; x_wconf 88' lang='grc' dir='ltr'>Πέτρος,</span> <span class='ocrx_word' id='word_1_461' title='bbox 2423 665 2557 721; x_wconf 86' lang='grc' dir='ltr'>ἀλλά</span> <span class='ocrx_word' id='word_1_462' title='bbox 2609 664 2703 719; x_wconf 74' lang='grc' dir='ltr'>καὶ</span> <span class='ocrx_word' id='word_1_463' title='bbox 2755 663 3073 735; x_wconf 85' lang='grc' dir='ltr'>Βαρνάϐας·</span> <span class='ocrx_word' id='word_1_464' title='bbox 3133 661 3342 732; x_wconf 89' lang='grc' dir='ltr'>Πέτρου</span> <span class='ocrx_word' id='word_1_465' title='bbox 3391 660 3450 714; x_wconf 83' lang='grc' dir='ltr'>δὲ</span> <span class='ocrx_word' id='word_1_466' title='bbox 3503 660 3712 714; x_wconf 86' lang='grc' dir='ltr'>ἐκείνου</span> 
     </span>
    </p>
   </div>
   <div class='ocr_carea' id='block_1_67' title="bbox 2147 750 3714 830">
    <p class='ocr_par' dir='ltr' id='par_1_67' title="bbox 2147 750 3714 830">
     <span class='ocr_line' id='line_1_67' title="bbox 2147 750 3714 830; baseline -0.003 -20"><span class='ocrx_word' id='word_1_467' title='bbox 2147 759 2347 830; x_wconf 88' lang='grc' dir='ltr'>μείζων</span> <span class='ocrx_word' id='word_1_468' title='bbox 2387 755 2666 828; x_wconf 87' lang='grc' dir='ltr'>Βαρνάϐας</span> <span class='ocrx_word' id='word_1_469' title='bbox 2689 755 2790 810; x_wconf 74' lang='grc' dir='ltr'>οὐκ</span> <span class='ocrx_word' id='word_1_470' title='bbox 2823 750 3074 826; x_wconf 81' lang='grc' dir='ltr'>ἦν.Ἀλλ’</span> <span class='ocrx_word' id='word_1_471' title='bbox 3111 754 3211 807; x_wconf 84' lang='grc' dir='ltr'>οὐκ</span> <span class='ocrx_word' id='word_1_472' title='bbox 3245 753 3361 806; x_wconf 85' lang='grc' dir='ltr'>ἐστι</span> <span class='ocrx_word' id='word_1_473' title='bbox 3389 751 3582 818; x_wconf 90' lang='grc' dir='ltr'>ταῦτα,</span> <span class='ocrx_word' id='word_1_474' title='bbox 3611 753 3714 806; x_wconf 81' lang='grc' dir='ltr'>οὐκ</span> 
     </span>
    </p>
   </div>
   <div class='ocr_carea' id='block_1_68' title="bbox 2142 841 3715 919">
    <p class='ocr_par' dir='ltr' id='par_1_68' title="bbox 2142 841 3715 919">
     <span class='ocr_line' id='line_1_68' title="bbox 2142 841 3715 919; baseline -0.002 -18"><span class='ocrx_word' id='word_1_475' title='bbox 2142 848 2308 902; x_wconf 75' lang='grc' dir='ltr'>εστιν.</span> <span class='ocrx_word' id='word_1_476' title='bbox 2351 849 2426 903; x_wconf 88' lang='grc' dir='ltr'>Οὐ</span> <span class='ocrx_word' id='word_1_477' title='bbox 2460 848 2588 919; x_wconf 84' lang='grc' dir='ltr'>γὰρ,</span> <span class='ocrx_word' id='word_1_478' title='bbox 2631 847 2820 914; x_wconf 83' lang='grc' dir='ltr'>ἐπειδὴ</span> <span class='ocrx_word' id='word_1_479' title='bbox 2866 845 3066 916; x_wconf 83' lang='grc' dir='ltr'>μείζων</span> <span class='ocrx_word' id='word_1_480' title='bbox 3094 841 3162 916; x_wconf 81' lang='grc' dir='ltr'>ἦν</span> <span class='ocrx_word' id='word_1_481' title='bbox 3206 847 3234 899; x_wconf 90' lang='lat'>6</span> <span class='ocrx_word' id='word_1_482' title='bbox 3273 844 3590 916; x_wconf 87' lang='grc' dir='ltr'>Βαρνάϐας,</span> <span class='ocrx_word' id='word_1_483' title='bbox 3623 843 3715 898; x_wconf 81' lang='grc' dir='ltr'>διὰ</span> 
     </span>
    </p>
   </div>
   <div class='ocr_carea' id='block_1_69' title="bbox 2139 925 3714 1008">
    <p class='ocr_par' dir='ltr' id='par_1_69' title="bbox 2139 925 3714 1008">
     <span class='ocr_line' id='line_1_69' title="bbox 2139 925 3714 1008; baseline -0.003 -17"><span class='ocrx_word' id='word_1_484' title='bbox 2139 938 2296 992; x_wconf 87' lang='grc' dir='ltr'>τοῦτο</span> <span class='ocrx_word' id='word_1_485' title='bbox 2333 939 2427 991; x_wconf 74' lang='grc' dir='ltr'>ἐπὶ</span> <span class='ocrx_word' id='word_1_486' title='bbox 2471 938 2644 1008; x_wconf 85' lang='grc' dir='ltr'>τούτῳ</span> <span class='ocrx_word' id='word_1_487' title='bbox 2673 935 2943 1006; x_wconf 79' lang='grc' dir='ltr'>θαυμάζει</span> <span class='ocrx_word' id='word_1_488' title='bbox 2985 935 3204 1006; x_wconf 85' lang='grc' dir='ltr'>μᾶλλον,</span> <span class='ocrx_word' id='word_1_489' title='bbox 3249 925 3386 989; x_wconf 82' lang='grc' dir='ltr'>ἀλλὰ</span> <span class='ocrx_word' id='word_1_490' title='bbox 3419 935 3562 999; x_wconf 89' lang='grc' dir='ltr'>τίνος</span> <span class='ocrx_word' id='word_1_491' title='bbox 3597 935 3714 988; x_wconf 81' lang='grc' dir='ltr'>ἐνε-</span> 
     </span>
    </p>
   </div>
   <div class='ocr_carea' id='block_1_70' title="bbox 2139 1025 3710 1096">
    <p class='ocr_par' dir='ltr' id='par_1_70' title="bbox 2139 1025 3710 1096">
     <span class='ocr_line' id='line_1_70' title="bbox 2139 1025 3710 1096; baseline -0.003 -16"><span class='ocrx_word' id='word_1_492' title='bbox 2139 1045 2269 1093; x_wconf 89' lang='grc' dir='ltr'>κεν;</span> <span class='ocrx_word' id='word_1_493' title='bbox 2301 1028 2420 1080; x_wconf 88' lang='grc' dir='ltr'>Ὅτι</span> <span class='ocrx_word' id='word_1_494' title='bbox 2453 1030 2659 1087; x_wconf 84' lang='grc' dir='ltr'>ἐκεῖνος</span> <span class='ocrx_word' id='word_1_495' title='bbox 2703 1028 2906 1096; x_wconf 81' lang='grc' dir='ltr'>μένείς</span> <span class='ocrx_word' id='word_1_496' title='bbox 2937 1028 3036 1094; x_wconf 80' lang='grc' dir='ltr'>τὴν</span> <span class='ocrx_word' id='word_1_497' title='bbox 3074 1025 3374 1096; x_wconf 79' lang='grc' dir='ltr'>περιτομὴν</span> <span class='ocrx_word' id='word_1_498' title='bbox 3405 1025 3710 1095; x_wconf 82' lang='grc' dir='ltr'>ἀπεστάλη,</span> 
     </span>
    </p>
   </div>
   <div class='ocr_carea' id='block_1_71' title="bbox 2139 1117 3711 1190">
    <p class='ocr_par' dir='ltr' id='par_1_71' title="bbox 2139 1117 3711 1190">
     <span class='ocr_line' id='line_1_71' title="bbox 2139 1117 3711 1190; baseline -0.001 -20"><span class='ocrx_word' id='word_1_499' title='bbox 2139 1119 2423 1190; x_wconf 83' lang='grc' dir='ltr'>Βαρνάϐας</span> <span class='ocrx_word' id='word_1_500' title='bbox 2443 1119 2498 1171; x_wconf 85' lang='grc' dir='ltr'>δέ</span> <span class='ocrx_word' id='word_1_501' title='bbox 2533 1120 2669 1189; x_wconf 84' lang='grc' dir='ltr'>μετά</span> <span class='ocrx_word' id='word_1_502' title='bbox 2700 1117 2911 1171; x_wconf 86' lang='grc' dir='ltr'>Παύλου</span> <span class='ocrx_word' id='word_1_503' title='bbox 2932 1119 3042 1179; x_wconf 89' lang='grc' dir='ltr'>τοῖς</span> <span class='ocrx_word' id='word_1_504' title='bbox 3067 1117 3276 1169; x_wconf 71' lang='grc' dir='ltr'>ἔθνεσιν</span> <span class='ocrx_word' id='word_1_505' title='bbox 3306 1119 3589 1187; x_wconf 84' lang='grc' dir='ltr'>ἐκήρυττε,</span> <span class='ocrx_word' id='word_1_506' title='bbox 3615 1117 3711 1169; x_wconf 72' lang='grc' dir='ltr'>καὶ</span> 
     </span>
    </p>
   </div>
   <div class='ocr_carea' id='block_1_72' title="bbox 2139 1203 3712 1278">
    <p class='ocr_par' dir='ltr' id='par_1_72' title="bbox 2139 1203 3712 1278">
     <span class='ocr_line' id='line_1_72' title="bbox 2139 1203 3712 1278; baseline -0.001 -19"><span class='ocrx_word' id='word_1_507' title='bbox 2139 1208 2411 1278; x_wconf 84' lang='grc' dir='ltr'>πανταχοῦ</span> <span class='ocrx_word' id='word_1_508' title='bbox 2439 1209 2519 1278; x_wconf 82' lang='grc' dir='ltr'>τῷ</span> <span class='ocrx_word' id='word_1_509' title='bbox 2559 1208 2754 1277; x_wconf 85' lang='grc' dir='ltr'>Παύλῳ</span> <span class='ocrx_word' id='word_1_510' title='bbox 2791 1208 3174 1272; x_wconf 82' lang='grc' dir='ltr'>συνέζευκται·</span> <span class='ocrx_word' id='word_1_511' title='bbox 3213 1206 3404 1278; x_wconf 85' lang='grc' dir='ltr'>ῶσπερ</span> <span class='ocrx_word' id='word_1_512' title='bbox 3427 1203 3520 1260; x_wconf 84' lang='grc' dir='ltr'>οὖν</span> <span class='ocrx_word' id='word_1_513' title='bbox 3545 1206 3712 1260; x_wconf 86' lang='grc' dir='ltr'>ἀλλα-</span> 
     </span>
    </p>
   </div>
   <div class='ocr_carea' id='block_1_73' title="bbox 2135 1298 3714 1370">
    <p class='ocr_par' dir='ltr' id='par_1_73' title="bbox 2135 1298 3714 1370">
     <span class='ocr_line' id='line_1_73' title="bbox 2135 1298 3714 1370; baseline -0.001 -18"><span class='ocrx_word' id='word_1_514' title='bbox 2135 1301 2233 1369; x_wconf 81' lang='grc' dir='ltr'>χοῦ</span> <span class='ocrx_word' id='word_1_515' title='bbox 2265 1317 2448 1370; x_wconf 86' lang='grc' dir='ltr'>φησιν,</span> <span class='ocrx_word' id='word_1_516' title='bbox 2479 1301 2546 1354; x_wconf 82' lang='grc' dir='ltr'><strong><em>Ἦ</em></strong></span> <span class='ocrx_word' id='word_1_517' title='bbox 2563 1301 2747 1370; x_wconf 82' lang='grc' dir='ltr'>μόνος</span> <span class='ocrx_word' id='word_1_518' title='bbox 2775 1299 2888 1368; x_wconf 70' lang='grc' dir='ltr'>ἐγὼ</span> <span class='ocrx_word' id='word_1_519' title='bbox 2915 1300 3013 1352; x_wconf 79' lang='grc' dir='ltr'>καὶ</span> <span class='ocrx_word' id='word_1_520' title='bbox 3034 1298 3342 1366; x_wconf 79' lang='grc' dir='ltr'>Βαρνάϐας</span> <span class='ocrx_word' id='word_1_521' title='bbox 3361 1301 3472 1353; x_wconf 84' lang='grc' dir='ltr'>οὐκ</span> <span class='ocrx_word' id='word_1_522' title='bbox 3493 1299 3714 1369; x_wconf 73' lang='grc' dir='ltr'>ἔχομεν</span> 
     </span>
    </p>
   </div>
   <div class='ocr_carea' id='block_1_74' title="bbox 2136 1390 3713 1460">
    <p class='ocr_par' dir='ltr' id='par_1_74' title="bbox 2136 1390 3713 1460">
     <span class='ocr_line' id='line_1_74' title="bbox 2136 1390 3713 1460; baseline 0 -16"><span class='ocrx_word' id='word_1_523' title='bbox 2136 1393 2429 1455; x_wconf 76' lang='grc' dir='ltr'>ἐξουσίαν</span> <span class='ocrx_word' id='word_1_524' title='bbox 2458 1393 2565 1444; x_wconf 84' lang='grc' dir='ltr'>τοῦ</span> <span class='ocrx_word' id='word_1_525' title='bbox 2589 1391 2672 1460; x_wconf 78' lang='grc' dir='ltr'>μὴ</span> <span class='ocrx_word' id='word_1_526' title='bbox 2711 1391 3087 1460; x_wconf 55' lang='grc' dir='ltr'>ἐργάζεσθακ</span> <span class='ocrx_word' id='word_1_527' title='bbox 3120 1393 3213 1442; x_wconf 81' lang='grc' dir='ltr'>καὶ</span> <span class='ocrx_word' id='word_1_528' title='bbox 3245 1391 3427 1456; x_wconf 85' lang='grc' dir='ltr'>πάλιν,</span> <span class='ocrx_word' id='word_1_529' title='bbox 3475 1390 3713 1458; x_wconf 78' lang='grc' dir='ltr'>Ἀνέϐην</span> 
     </span>
    </p>
   </div>
   <div class='ocr_carea' id='block_1_75' title="bbox 2136 1480 3712 1552">
    <p class='ocr_par' dir='ltr' id='par_1_75' title="bbox 2136 1480 3712 1552">
     <span class='ocr_line' id='line_1_75' title="bbox 2136 1480 3712 1552; baseline 0 -17"><span class='ocrx_word' id='word_1_530' title='bbox 2136 1485 2223 1547; x_wconf 81' lang='grc' dir='ltr'>εἰς</span> <span class='ocrx_word' id='word_1_531' title='bbox 2261 1483 2640 1550; x_wconf 76' lang='grc' dir='ltr'>Ἰεροσόλυμα</span> <span class='ocrx_word' id='word_1_532' title='bbox 2655 1483 2804 1549; x_wconf 79' lang='grc' dir='ltr'>μετὰ</span> <span class='ocrx_word' id='word_1_533' title='bbox 2829 1480 3118 1550; x_wconf 83' lang='grc' dir='ltr'>Βαρνάϐα,</span> <span class='ocrx_word' id='word_1_534' title='bbox 3143 1483 3236 1534; x_wconf 75' lang='grc' dir='ltr'>καὶ</span> <span class='ocrx_word' id='word_1_535' title='bbox 3269 1482 3539 1552; x_wconf 80' lang='grc' dir='ltr'>πανταχοῦ</span> <span class='ocrx_word' id='word_1_536' title='bbox 3572 1485 3712 1552; x_wconf 80' lang='grc' dir='ltr'>μετά</span> 
     </span>
    </p>
   </div>
   <div class='ocr_carea' id='block_1_76' title="bbox 2135 1571 3710 1646">
    <p class='ocr_par' dir='ltr' id='par_1_76' title="bbox 2135 1571 3710 1646">
     <span class='ocr_line' id='line_1_76' title="bbox 2135 1571 3710 1646; baseline 0.001 -19"><span class='ocrx_word' id='word_1_537' title='bbox 2135 1575 2228 1627; x_wconf 88' lang='grc' dir='ltr'>τοῦ</span> <span class='ocrx_word' id='word_1_538' title='bbox 2265 1575 2478 1627; x_wconf 84' lang='grc' dir='ltr'>Παύλου</span> <span class='ocrx_word' id='word_1_539' title='bbox 2521 1575 2836 1627; x_wconf 78' lang='grc' dir='ltr'>διδάσκοντα</span> <span class='ocrx_word' id='word_1_540' title='bbox 2869 1577 3028 1628; x_wconf 78' lang='grc' dir='ltr'>αὐτὸν</span> <span class='ocrx_word' id='word_1_541' title='bbox 3057 1577 3208 1646; x_wconf 78' lang='grc' dir='ltr'>ὁρᾷς.</span> <span class='ocrx_word' id='word_1_542' title='bbox 3245 1577 3360 1628; x_wconf 84' lang='grc' dir='ltr'>υύκ</span> <span class='ocrx_word' id='word_1_543' title='bbox 3397 1575 3581 1646; x_wconf 81' lang='grc' dir='ltr'>ἐπειδὴ</span> <span class='ocrx_word' id='word_1_544' title='bbox 3617 1571 3710 1628; x_wconf 84' lang='grc' dir='ltr'>οὖν</span> 
     </span>
    </p>
   </div>
   <div class='ocr_carea' id='block_1_77' title="bbox 2138 1664 3711 1737">
    <p class='ocr_par' dir='ltr' id='par_1_77' title="bbox 2138 1664 3711 1737">
     <span class='ocr_line' id='line_1_77' title="bbox 2138 1664 3711 1737; baseline 0.001 -19"><span class='ocrx_word' id='word_1_545' title='bbox 2138 1666 2338 1737; x_wconf 76' lang='grc' dir='ltr'>μείζων</span> <span class='ocrx_word' id='word_1_546' title='bbox 2361 1664 2428 1736; x_wconf 78' lang='grc' dir='ltr'>ἦν</span> <span class='ocrx_word' id='word_1_547' title='bbox 2455 1667 2686 1736; x_wconf 83' lang='grc' dir='ltr'>Πέτρου,</span> <span class='ocrx_word' id='word_1_548' title='bbox 2709 1667 2795 1719; x_wconf 80' lang='grc' dir='ltr'>διὰ</span> <span class='ocrx_word' id='word_1_549' title='bbox 2820 1666 2976 1718; x_wconf 85' lang='grc' dir='ltr'>τοῦτο</span> <span class='ocrx_word' id='word_1_550' title='bbox 2997 1665 3292 1735; x_wconf 78' lang='grc' dir='ltr'>θαυμάζει,</span> <span class='ocrx_word' id='word_1_551' title='bbox 3319 1667 3402 1720; x_wconf 79' lang='grc' dir='ltr'>ὅτι</span> <span class='ocrx_word' id='word_1_552' title='bbox 3433 1667 3527 1718; x_wconf 64' lang='grc' dir='ltr'>καί¹</span> <span class='ocrx_word' id='word_1_553' title='bbox 3549 1666 3711 1730; x_wconf 75' lang='grc' dir='ltr'>αύτδς</span> 
     </span>
    </p>
   </div>
   <div class='ocr_carea' id='block_1_78' title="bbox 2136 1758 3708 1830">
    <p class='ocr_par' dir='ltr' id='par_1_78' title="bbox 2136 1758 3708 1830">
     <span class='ocr_line' id='line_1_78' title="bbox 2136 1758 3708 1830; baseline -0.001 -18"><span class='ocrx_word' id='word_1_554' title='bbox 2136 1759 2484 1830; x_wconf 84' lang='grc' dir='ltr'>συναπήχθη·</span> <span class='ocrx_word' id='word_1_555' title='bbox 2517 1759 2632 1812; x_wconf 84' lang='grc' dir='ltr'>ἀλλ’</span> <span class='ocrx_word' id='word_1_556' title='bbox 2673 1759 2860 1825; x_wconf 83' lang='grc' dir='ltr'>ἐπειδὴ</span> <span class='ocrx_word' id='word_1_557' title='bbox 2905 1759 3021 1829; x_wconf 80' lang='grc' dir='ltr'>μετ’</span> <span class='ocrx_word' id='word_1_558' title='bbox 3062 1759 3226 1812; x_wconf 83' lang='grc' dir='ltr'>αὐτοῦ</span> <span class='ocrx_word' id='word_1_559' title='bbox 3261 1758 3549 1829; x_wconf 88' lang='grc' dir='ltr'>κηρύττων</span> <span class='ocrx_word' id='word_1_560' title='bbox 3599 1758 3708 1824; x_wconf 73' lang='grc' dir='ltr'>ἀεὶ,</span> 
     </span>
    </p>
   </div>
   <div class='ocr_carea' id='block_1_79' title="bbox 2133 1833 3710 1922">
    <p class='ocr_par' dir='ltr' id='par_1_79' title="bbox 2133 1850 3710 1922">
     <span class='ocr_line' id='line_1_79' title="bbox 2133 1850 3710 1922; baseline -0.001 -18"><span class='ocrx_word' id='word_1_561' title='bbox 2133 1851 2228 1904; x_wconf 76' lang='grc' dir='ltr'>καὶ</span> <span class='ocrx_word' id='word_1_562' title='bbox 2256 1853 2409 1904; x_wconf 79' lang='grc' dir='ltr'>οὐδὲν</span> <span class='ocrx_word' id='word_1_563' title='bbox 2443 1852 2620 1904; x_wconf 75' lang='grc' dir='ltr'>κοινὸν</span> <span class='ocrx_word' id='word_1_564' title='bbox 2649 1850 2784 1922; x_wconf 80' lang='grc' dir='ltr'>πρὸς</span> <span class='ocrx_word' id='word_1_565' title='bbox 2835 1851 3124 1914; x_wconf 85' lang='grc' dir='ltr'>Ἰουδαίους</span> <span class='ocrx_word' id='word_1_566' title='bbox 3165 1851 3324 1920; x_wconf 76' lang='grc' dir='ltr'>ἔχων,</span> <span class='ocrx_word' id='word_1_567' title='bbox 3352 1851 3468 1903; x_wconf 75' lang='grc' dir='ltr'>ἀλλ’</span> <span class='ocrx_word' id='word_1_568' title='bbox 3501 1853 3557 1904; x_wconf 86' lang='grc' dir='ltr'>ἐν</span> <span class='ocrx_word' id='word_1_569' title='bbox 3595 1853 3710 1914; x_wconf 85' lang='grc' dir='ltr'>τοῖς</span> 
     </span>
    </p>
   </div>
   <div class='ocr_carea' id='block_1_80' title="bbox 2132 1941 3709 2014">
    <p class='ocr_par' dir='ltr' id='par_1_80' title="bbox 2132 1941 3709 2014">
     <span class='ocr_line' id='line_1_80' title="bbox 2132 1941 3709 2014; baseline 0.002 -20"><span class='ocrx_word' id='word_1_570' title='bbox 2132 1941 2310 1996; x_wconf 77' lang='grc' dir='ltr'>ἔθνεσι</span> <span class='ocrx_word' id='word_1_571' title='bbox 2342 1943 2630 2000; x_wconf 86' lang='grc' dir='ltr'>διδάσκων,</span> <span class='ocrx_word' id='word_1_572' title='bbox 2661 1945 2756 1995; x_wconf 71' lang='grc' dir='ltr'>καὶ</span> <span class='ocrx_word' id='word_1_573' title='bbox 2781 1943 2942 2005; x_wconf 80' lang='grc' dir='ltr'>αὐτὸς</span> <span class='ocrx_word' id='word_1_574' title='bbox 2981 1943 3317 2014; x_wconf 80' lang='grc' dir='ltr'>συναπήχθη.</span> <span class='ocrx_word' id='word_1_575' title='bbox 3357 1945 3477 1996; x_wconf 86' lang='grc' dir='ltr'>’Ὁτι</span> <span class='ocrx_word' id='word_1_576' title='bbox 3511 1943 3568 1996; x_wconf 85' lang='grc' dir='ltr'>δέ</span> <span class='ocrx_word' id='word_1_577' title='bbox 3601 1941 3709 1997; x_wconf 72' lang='grc' dir='ltr'>Πά-</span> 
     </span>
    </p>
   </div>
   <div class='ocr_carea' id='block_1_81' title="bbox 2130 2028 3708 2106">
    <p class='ocr_par' dir='ltr' id='par_1_81' title="bbox 2130 2028 3708 2106">
     <span class='ocr_line' id='line_1_81' title="bbox 2130 2028 3708 2106; baseline -0.001 -19"><span class='ocrx_word' id='word_1_578' title='bbox 2130 2051 2258 2105; x_wconf 90' lang='grc' dir='ltr'>τρος</span> <span class='ocrx_word' id='word_1_579' title='bbox 2293 2037 2428 2094; x_wconf 75' lang='grc' dir='ltr'>ἐστὶ,</span> <span class='ocrx_word' id='word_1_580' title='bbox 2460 2052 2524 2086; x_wconf 88' lang='grc' dir='ltr'>πε</span> <span class='ocrx_word' id='word_1_581' title='bbox 2537 2035 2588 2106; x_wconf 73' lang='grc' dir='ltr'>ρί</span> <span class='ocrx_word' id='word_1_582' title='bbox 2624 2028 2684 2087; x_wconf 79' lang='grc' dir='ltr'>οῦ</span> <span class='ocrx_word' id='word_1_583' title='bbox 2715 2035 2886 2088; x_wconf 86' lang='grc' dir='ltr'>ταῦτα</span> <span class='ocrx_word' id='word_1_584' title='bbox 2927 2035 3104 2087; x_wconf 88' lang='grc' dir='ltr'>πάντα</span> <span class='ocrx_word' id='word_1_585' title='bbox 3139 2037 3271 2104; x_wconf 76' lang='grc' dir='ltr'>φησὶ</span> <span class='ocrx_word' id='word_1_586' title='bbox 3291 2075 3305 2094; x_wconf 87' lang='grc'>,</span> <span class='ocrx_word' id='word_1_587' title='bbox 3337 2033 3493 2104; x_wconf 80' lang='grc' dir='ltr'>δῆλον</span> <span class='ocrx_word' id='word_1_588' title='bbox 3525 2037 3617 2088; x_wconf 74' lang='grc' dir='ltr'>καὶ</span> <span class='ocrx_word' id='word_1_589' title='bbox 3641 2035 3708 2087; x_wconf 70' lang='grc' dir='ltr'>ἐκ</span> 
     </span>
    </p>
   </div>
   <div class='ocr_carea' id='block_1_82' title="bbox 2130 2125 3709 2198">
    <p class='ocr_par' dir='ltr' id='par_1_82' title="bbox 2130 2125 3709 2198">
     <span class='ocr_line' id='line_1_82' title="bbox 2130 2125 3709 2198; baseline -0.003 -18"><span class='ocrx_word' id='word_1_590' title='bbox 2130 2127 2236 2180; x_wconf 90' lang='grc' dir='ltr'>τῶν</span> <span class='ocrx_word' id='word_1_591' title='bbox 2278 2127 2552 2198; x_wconf 78' lang='grc' dir='ltr'>ἀνωτέρω,</span> <span class='ocrx_word' id='word_1_592' title='bbox 2589 2129 2682 2180; x_wconf 74' lang='grc' dir='ltr'>καὶ</span> <span class='ocrx_word' id='word_1_593' title='bbox 2726 2129 2789 2179; x_wconf 84' lang='grc' dir='ltr'>ἐκ</span> <span class='ocrx_word' id='word_1_594' title='bbox 2831 2126 2938 2179; x_wconf 87' lang='grc' dir='ltr'>τῶν</span> <span class='ocrx_word' id='word_1_595' title='bbox 2973 2125 3110 2196; x_wconf 89' lang='grc' dir='ltr'>μετά</span> <span class='ocrx_word' id='word_1_596' title='bbox 3147 2125 3338 2180; x_wconf 87' lang='grc' dir='ltr'>ταῦτα.</span> <span class='ocrx_word' id='word_1_597' title='bbox 3393 2126 3465 2178; x_wconf 85' lang='grc' dir='ltr'>Τὸ</span> <span class='ocrx_word' id='word_1_598' title='bbox 3495 2125 3604 2196; x_wconf 81' lang='grc' dir='ltr'>γὰρ</span> <span class='ocrx_word' id='word_1_599' title='bbox 3635 2125 3709 2177; x_wconf 86' lang='grc' dir='ltr'>εἰ-</span> 
     </span>
    </p>
   </div>
   <div class='ocr_carea' id='block_1_83' title="bbox 2131 2215 3706 2286">
    <p class='ocr_par' dir='ltr' id='par_1_83' title="bbox 2131 2215 3706 2286">
     <span class='ocr_line' id='line_1_83' title="bbox 2131 2215 3706 2286; baseline -0.001 -17"><span class='ocrx_word' id='word_1_600' title='bbox 2131 2219 2254 2270; x_wconf 89' lang='grc' dir='ltr'>πεῖν</span> <span class='ocrx_word' id='word_1_601' title='bbox 2279 2257 2293 2279; x_wconf 91' lang='grc'>,</span> <span class='ocrx_word' id='word_1_602' title='bbox 2337 2218 2418 2270; x_wconf 87' lang='grc' dir='ltr'>ὃτι</span> <span class='ocrx_word' id='word_1_603' title='bbox 2456 2217 2610 2269; x_wconf 83' lang='grc' dir='ltr'>Κατὰ</span> <span class='ocrx_word' id='word_1_604' title='bbox 2653 2217 2944 2286; x_wconf 72' lang='grc' dir='ltr'>πρόσωπον</span> <span class='ocrx_word' id='word_1_605' title='bbox 2977 2215 3124 2286; x_wconf 82' lang='grc' dir='ltr'>αὐτῷ</span> <span class='ocrx_word' id='word_1_606' title='bbox 3173 2215 3460 2286; x_wconf 86' lang='grc' dir='ltr'>ἀντέστην,</span> <span class='ocrx_word' id='word_1_607' title='bbox 3493 2216 3588 2268; x_wconf 79' lang='grc' dir='ltr'>καὶ</span> <span class='ocrx_word' id='word_1_608' title='bbox 3630 2215 3706 2278; x_wconf 82' lang='grc' dir='ltr'>ὡς</span> 
     </span>
    </p>
   </div>
   <div class='ocr_carea' id='block_1_84' title="bbox 2134 2299 3704 2379">
    <p class='ocr_par' dir='ltr' id='par_1_84' title="bbox 2134 2299 3704 2379">
     <span class='ocr_line' id='line_1_84' title="bbox 2134 2299 3704 2379; baseline -0.004 -19"><span class='ocrx_word' id='word_1_609' title='bbox 2134 2308 2275 2379; x_wconf 87' lang='grc' dir='ltr'>μέγα</span> <span class='ocrx_word' id='word_1_610' title='bbox 2311 2307 2482 2359; x_wconf 86' lang='grc' dir='ltr'>θεῖναι</span> <span class='ocrx_word' id='word_1_611' title='bbox 2522 2305 2700 2363; x_wconf 87' lang='grc' dir='ltr'>τοῦτο.</span> <span class='ocrx_word' id='word_1_612' title='bbox 2741 2305 2892 2356; x_wconf 74' lang='grc' dir='ltr'>οὐδὲν</span> <span class='ocrx_word' id='word_1_613' title='bbox 2923 2305 3110 2375; x_wconf 75' lang='grc' dir='ltr'>ἕτερον</span> <span class='ocrx_word' id='word_1_614' title='bbox 3143 2303 3430 2375; x_wconf 89' lang='grc' dir='ltr'>δηλοῦντος</span> <span class='ocrx_word' id='word_1_615' title='bbox 3464 2299 3552 2374; x_wconf 81' lang='grc' dir='ltr'>ἦν,</span> <span class='ocrx_word' id='word_1_616' title='bbox 3588 2300 3704 2356; x_wconf 81' lang='grc' dir='ltr'>ἀλλ’</span> 
     </span>
    </p>
   </div>
   <div class='ocr_carea' id='block_1_85' title="bbox 2127 2394 3705 2470">
    <p class='ocr_par' dir='ltr' id='par_1_85' title="bbox 2127 2394 3705 2470">
     <span class='ocr_line' id='line_1_85' title="bbox 2127 2394 3705 2470; baseline -0.001 -19"><span class='ocrx_word' id='word_1_617' title='bbox 2127 2399 2270 2470; x_wconf 81' lang='grc' dir='ltr'>ῆὸτι</span> <span class='ocrx_word' id='word_1_618' title='bbox 2309 2400 2407 2451; x_wconf 88' lang='grc' dir='ltr'>οὐκ</span> <span class='ocrx_word' id='word_1_619' title='bbox 2437 2396 2638 2469; x_wconf 73' lang='grc' dir='ltr'>ᾐδέσθη</span> <span class='ocrx_word' id='word_1_620' title='bbox 2678 2395 2771 2449; x_wconf 89' lang='grc' dir='ltr'>τοῦ</span> <span class='ocrx_word' id='word_1_621' title='bbox 2809 2394 3098 2466; x_wconf 87' lang='grc' dir='ltr'>προσώπου</span> <span class='ocrx_word' id='word_1_622' title='bbox 3127 2396 3188 2448; x_wconf 78' lang='grc' dir='ltr'>τὸ</span> <span class='ocrx_word' id='word_1_623' title='bbox 3228 2395 3470 2465; x_wconf 82' lang='grc' dir='ltr'>ἀξίωμα·</span> <span class='ocrx_word' id='word_1_624' title='bbox 3507 2396 3608 2448; x_wconf 80' lang='grc' dir='ltr'>οὐκ</span> <span class='ocrx_word' id='word_1_625' title='bbox 3638 2395 3705 2449; x_wconf 86' lang='grc' dir='ltr'>ἂν</span> 
     </span>
    </p>
   </div>
   <div class='ocr_carea' id='block_1_86' title="bbox 2128 2487 3707 2560">
    <p class='ocr_par' dir='ltr' id='par_1_86' title="bbox 2128 2487 3707 2560">
     <span class='ocr_line' id='line_1_86' title="bbox 2128 2487 3707 2560; baseline -0.001 -18"><span class='ocrx_word' id='word_1_626' title='bbox 2128 2491 2184 2543; x_wconf 86' lang='grc' dir='ltr'>δὲ</span> <span class='ocrx_word' id='word_1_627' title='bbox 2213 2491 2340 2560; x_wconf 73' lang='grc' dir='ltr'>περὶ</span> <span class='ocrx_word' id='word_1_628' title='bbox 2371 2489 2559 2558; x_wconf 82' lang='grc' dir='ltr'>ἐτέρου</span> <span class='ocrx_word' id='word_1_629' title='bbox 2580 2487 2774 2555; x_wconf 87' lang='grc' dir='ltr'>λέγων,</span> <span class='ocrx_word' id='word_1_630' title='bbox 2796 2489 2878 2540; x_wconf 84' lang='grc' dir='ltr'>ὅτι</span> <span class='ocrx_word' id='word_1_631' title='bbox 2911 2489 3065 2540; x_wconf 86' lang='grc' dir='ltr'>Κατά</span> <span class='ocrx_word' id='word_1_632' title='bbox 3092 2488 3382 2558; x_wconf 79' lang='grc' dir='ltr'>πρόσωπον</span> <span class='ocrx_word' id='word_1_633' title='bbox 3409 2487 3558 2556; x_wconf 84' lang='grc' dir='ltr'>αὑτῷ</span> <span class='ocrx_word' id='word_1_634' title='bbox 3585 2489 3707 2541; x_wconf 85' lang='grc' dir='ltr'>ἀντ-</span> 
     </span>
    </p>
   </div>
   <div class='ocr_carea' id='block_1_87' title="bbox 2129 2578 3706 2650">
    <p class='ocr_par' dir='ltr' id='par_1_87' title="bbox 2129 2578 3706 2650">
     <span class='ocr_line' id='line_1_87' title="bbox 2129 2578 3706 2650; baseline -0.001 -17"><span class='ocrx_word' id='word_1_635' title='bbox 2129 2581 2310 2650; x_wconf 87' lang='grc' dir='ltr'>έστην,</span> <span class='ocrx_word' id='word_1_636' title='bbox 2349 2582 2426 2644; x_wconf 84' lang='grc' dir='ltr'>ὡς</span> <span class='ocrx_word' id='word_1_637' title='bbox 2463 2582 2605 2650; x_wconf 89' lang='grc' dir='ltr'>μέγα</span> <span class='ocrx_word' id='word_1_638' title='bbox 2642 2597 2694 2631; x_wconf 89' lang='grc' dir='ltr'>τι</span> <span class='ocrx_word' id='word_1_639' title='bbox 2737 2578 2896 2631; x_wconf 83' lang='grc' dir='ltr'>τοῦτο</span> <span class='ocrx_word' id='word_1_640' title='bbox 2933 2578 2997 2632; x_wconf 80' lang='grc' dir='ltr'>ἂν</span> <span class='ocrx_word' id='word_1_641' title='bbox 3031 2579 3213 2648; x_wconf 75' lang='grc' dir='ltr'>ἔθηκε.</span> <span class='ocrx_word' id='word_1_642' title='bbox 3255 2581 3444 2641; x_wconf 75' lang='grc' dir='ltr'>Πάλιν,</span> <span class='ocrx_word' id='word_1_643' title='bbox 3471 2582 3520 2632; x_wconf 88' lang='grc' dir='ltr'>εἰ</span> <span class='ocrx_word' id='word_1_644' title='bbox 3547 2579 3706 2644; x_wconf 82' lang='grc' dir='ltr'>ἄλλος</span> 
     </span>
    </p>
   </div>
   <div class='ocr_carea' id='block_1_88' title="bbox 2127 2669 3708 2750">
    <p class='ocr_par' dir='ltr' id='par_1_88' title="bbox 2127 2669 3708 2750">
     <span class='ocr_line' id='line_1_88' title="bbox 2127 2669 3708 2750; baseline 0.001 -26"><span class='ocrx_word' id='word_1_645' title='bbox 2127 2669 2194 2744; x_wconf 80' lang='grc' dir='ltr'>ἦν</span> <span class='ocrx_word' id='word_1_646' title='bbox 2219 2672 2446 2742; x_wconf 89' lang='grc' dir='ltr'>Πέτρος,</span> <span class='ocrx_word' id='word_1_647' title='bbox 2468 2671 2568 2723; x_wconf 84' lang='grc' dir='ltr'>οὐκ</span> <span class='ocrx_word' id='word_1_648' title='bbox 2590 2671 2654 2724; x_wconf 75' lang='grc' dir='ltr'>ἂν</span> <span class='ocrx_word' id='word_1_649' title='bbox 2676 2673 2708 2740; x_wconf 85' lang='grc' dir='ltr'>ὴ</span> <span class='ocrx_word' id='word_1_650' title='bbox 2747 2671 3076 2740; x_wconf 86' lang='grc' dir='ltr'>μετάστασις</span> <span class='ocrx_word' id='word_1_651' title='bbox 3102 2671 3266 2724; x_wconf 82' lang='grc' dir='ltr'>αὑτοῦ</span> <span class='ocrx_word' id='word_1_652' title='bbox 3289 2673 3536 2725; x_wconf 87' lang='grc' dir='ltr'>τοσοῦτον</span> <span class='ocrx_word' id='word_1_653' title='bbox 3563 2673 3708 2750; x_wconf 72' lang='grc' dir='ltr'>ἴσχυ-</span> 
     </span>
    </p>
   </div>
   <div class='ocr_carea' id='block_1_89' title="bbox 2130 2762 3702 2830">
    <p class='ocr_par' dir='ltr' id='par_1_89' title="bbox 2130 2762 3702 2830">
     <span class='ocr_line' id='line_1_89' title="bbox 2130 2762 3702 2830; baseline 0.001 -15"><span class='ocrx_word' id='word_1_654' title='bbox 2130 2781 2243 2826; x_wconf 90' lang='grc' dir='ltr'>σεν,</span> <span class='ocrx_word' id='word_1_655' title='bbox 2271 2763 2410 2816; x_wconf 83' lang='grc' dir='ltr'>ὥστε</span> <span class='ocrx_word' id='word_1_656' title='bbox 2436 2764 2528 2816; x_wconf 71' lang='grc' dir='ltr'>καὶ</span> <span class='ocrx_word' id='word_1_657' title='bbox 2553 2763 2680 2826; x_wconf 76' lang='grc' dir='ltr'>τοὺς</span> <span class='ocrx_word' id='word_1_658' title='bbox 2701 2762 2917 2825; x_wconf 76' lang='grc' dir='ltr'>λοιποὺς</span> <span class='ocrx_word' id='word_1_659' title='bbox 2947 2763 3348 2830; x_wconf 82' lang='grc' dir='ltr'>ἐφελκύσασθαι</span> <span class='ocrx_word' id='word_1_660' title='bbox 3394 2765 3702 2828; x_wconf 85' lang='grc' dir='ltr'>Ἰουδαίους·</span> 
     </span>
    </p>
   </div>
   <div class='ocr_carea' id='block_1_90' title="bbox 2127 2853 3704 2926">
    <p class='ocr_par' dir='ltr' id='par_1_90' title="bbox 2127 2853 3704 2926">
     <span class='ocr_line' id='line_1_90' title="bbox 2127 2853 3704 2926; baseline 0.002 -21"><span class='ocrx_word' id='word_1_661' title='bbox 2127 2853 2248 2905; x_wconf 77' lang='grc' dir='ltr'>οὔτε</span> <span class='ocrx_word' id='word_1_662' title='bbox 2278 2855 2386 2924; x_wconf 79' lang='grc' dir='ltr'>γὰρ</span> <span class='ocrx_word' id='word_1_663' title='bbox 2415 2855 2688 2925; x_wconf 77' lang='grc' dir='ltr'>παρῄνεσέ</span> <span class='ocrx_word' id='word_1_664' title='bbox 2719 2873 2792 2917; x_wconf 92' lang='grc' dir='ltr'>τι,</span> <span class='ocrx_word' id='word_1_665' title='bbox 2825 2853 2947 2906; x_wconf 78' lang='grc' dir='ltr'>οὔτε</span> <span class='ocrx_word' id='word_1_666' title='bbox 2985 2855 3423 2917; x_wconf 85' lang='grc' dir='ltr'>συνεϐούλευσεν,</span> <span class='ocrx_word' id='word_1_667' title='bbox 3444 2855 3577 2908; x_wconf 83' lang='grc' dir='ltr'>ἀλλὰ</span> <span class='ocrx_word' id='word_1_668' title='bbox 3609 2857 3704 2926; x_wconf 67' lang='grc' dir='ltr'>μόι</span> 
     </span>
    </p>
   </div>
   <div class='ocr_carea' id='block_1_91' title="bbox 2125 2945 3702 3020">
    <p class='ocr_par' dir='ltr' id='par_1_91' title="bbox 2125 2945 3702 3020">
     <span class='ocr_line' id='line_1_91' title="bbox 2125 2945 3702 3020; baseline 0.002 -22"><span class='ocrx_word' id='word_1_669' title='bbox 2125 2961 2214 2998; x_wconf 92' lang='grc' dir='ltr'>νον</span> <span class='ocrx_word' id='word_1_670' title='bbox 2247 2945 2561 3005; x_wconf 84' lang='grc' dir='ltr'>ὑπέστελλε,</span> <span class='ocrx_word' id='word_1_671' title='bbox 2601 2947 2696 2999; x_wconf 76' lang='grc' dir='ltr'>καὶ</span> <span class='ocrx_word' id='word_1_672' title='bbox 2731 2947 3003 3017; x_wconf 79' lang='grc' dir='ltr'>ἀφώριζεν</span> <span class='ocrx_word' id='word_1_673' title='bbox 3030 2949 3247 3000; x_wconf 82' lang='grc' dir='ltr'>ἑαυτόν·</span> <span class='ocrx_word' id='word_1_674' title='bbox 3285 2950 3380 3000; x_wconf 73' lang='grc' dir='ltr'>καὶ</span> <span class='ocrx_word' id='word_1_675' title='bbox 3419 2947 3638 3018; x_wconf 76' lang='grc' dir='ltr'>ἴσχυσεν</span> <span class='ocrx_word' id='word_1_676' title='bbox 3667 2951 3702 3020; x_wconf 83' lang='grc' dir='ltr'>ή</span> 
     </span>
    </p>
   </div>
   <div class='ocr_carea' id='block_1_92' title="bbox 2126 3038 3701 3110">
    <p class='ocr_par' dir='ltr' id='par_1_92' title="bbox 2126 3038 3701 3110">
     <span class='ocr_line' id='line_1_92' title="bbox 2126 3038 3701 3110; baseline 0.003 -20"><span class='ocrx_word' id='word_1_677' title='bbox 2126 3038 2394 3108; x_wconf 78' lang='grc' dir='ltr'>ὑποστολὴ</span> <span class='ocrx_word' id='word_1_678' title='bbox 2425 3039 2518 3090; x_wconf 76' lang='grc' dir='ltr'>καὶ</span> <span class='ocrx_word' id='word_1_679' title='bbox 2542 3039 2568 3090; x_wconf 97' lang='lat'>6</span> <span class='ocrx_word' id='word_1_680' title='bbox 2598 3039 2900 3110; x_wconf 79' lang='grc' dir='ltr'>ἀφορισμὸς</span> <span class='ocrx_word' id='word_1_681' title='bbox 2925 3041 3129 3102; x_wconf 87' lang='grc' dir='ltr'>πάντας</span> <span class='ocrx_word' id='word_1_682' title='bbox 3149 3039 3555 3094; x_wconf 79' lang='grc' dir='ltr'>ἐπισπάσασθαι</span> <span class='ocrx_word' id='word_1_683' title='bbox 3576 3043 3701 3106; x_wconf 82' lang='grc' dir='ltr'>τοὺς</span> 
     </span>
    </p>
   </div>
   <div class='ocr_carea' id='block_1_93' title="bbox 2128 3134 3293 3206">
    <p class='ocr_par' dir='ltr' id='par_1_93' title="bbox 2128 3134 3293 3206">
     <span class='ocr_line' id='line_1_93' title="bbox 2128 3134 3293 3206; baseline 0.001 -18"><span class='ocrx_word' id='word_1_684' title='bbox 2128 3135 2376 3206; x_wconf 79' lang='grc' dir='ltr'>μαθητὰς</span> <span class='ocrx_word' id='word_1_685' title='bbox 2405 3135 2492 3188; x_wconf 75' lang='grc' dir='ltr'>διὰ</span> <span class='ocrx_word' id='word_1_686' title='bbox 2523 3134 2583 3186; x_wconf 89' lang='grc' dir='ltr'>τὸ</span> <span class='ocrx_word' id='word_1_687' title='bbox 2613 3134 2703 3186; x_wconf 89' lang='grc' dir='ltr'>τοῦ</span> <span class='ocrx_word' id='word_1_688' title='bbox 2735 3135 3024 3204; x_wconf 83' lang='grc' dir='ltr'>προσώπου</span> <span class='ocrx_word' id='word_1_689' title='bbox 3058 3135 3293 3206; x_wconf 83' lang='grc' dir='ltr'>ἀξίωμα.</span> 
     </span>
    </p>
   </div>
   <div class='ocr_carea' id='block_1_94' title="bbox 2197 3219 3701 3296">
    <p class='ocr_par' dir='ltr' id='par_1_94' title="bbox 2197 3219 3701 3296">
     <span class='ocr_line' id='line_1_94' title="bbox 2197 3219 3701 3296; baseline 0.001 -18"><span class='ocrx_word' id='word_1_690' title='bbox 2197 3224 2292 3290; x_wconf 80' lang='grc' dir='ltr'>ις’.</span> <span class='ocrx_word' id='word_1_691' title='bbox 2314 3225 2437 3278; x_wconf 86' lang='grc' dir='ltr'>Ὅτι</span> <span class='ocrx_word' id='word_1_692' title='bbox 2467 3225 2562 3293; x_wconf 85' lang='grc' dir='ltr'>μὲν</span> <span class='ocrx_word' id='word_1_693' title='bbox 2591 3219 2683 3277; x_wconf 81' lang='grc' dir='ltr'>οὖν</span> <span class='ocrx_word' id='word_1_694' title='bbox 2716 3225 2919 3295; x_wconf 85' lang='grc' dir='ltr'>Πέτρος</span> <span class='ocrx_word' id='word_1_695' title='bbox 2947 3221 3036 3296; x_wconf 78' lang='grc' dir='ltr'>ἦν,</span> <span class='ocrx_word' id='word_1_696' title='bbox 3068 3225 3357 3280; x_wconf 72' lang='grc' dir='ltr'>ἐκοτούτων</span> <span class='ocrx_word' id='word_1_697' title='bbox 3372 3226 3547 3296; x_wconf 81' lang='grc' dir='ltr'>δῆλον·</span> <span class='ocrx_word' id='word_1_698' title='bbox 3578 3225 3701 3279; x_wconf 84' lang='grc' dir='ltr'>εἰδέ</span> 
     </span>
    </p>
   </div>
   <div class='ocr_carea' id='block_1_95' title="bbox 2127 3317 3700 3402">
    <p class='ocr_par' dir='ltr' id='par_1_95' title="bbox 2127 3317 3700 3402">
     <span class='ocr_line' id='line_1_95' title="bbox 2127 3317 3700 3402; baseline 0.003 -30"><span class='ocrx_word' id='word_1_699' title='bbox 2127 3319 2399 3389; x_wconf 83' lang='grc' dir='ltr'>βούλεσθε,</span> <span class='ocrx_word' id='word_1_700' title='bbox 2437 3321 2531 3372; x_wconf 77' lang='grc' dir='ltr'>καὶ</span> <span class='ocrx_word' id='word_1_701' title='bbox 2575 3321 2670 3390; x_wconf 86' lang='grc' dir='ltr'>τὴν</span> <span class='ocrx_word' id='word_1_702' title='bbox 2719 3322 2913 3390; x_wconf 86' lang='grc' dir='ltr'>ἐτέραν</span> <span class='ocrx_word' id='word_1_703' title='bbox 2959 3321 3113 3374; x_wconf 84' lang='grc' dir='ltr'>λύσιν</span> <span class='ocrx_word' id='word_1_704' title='bbox 3161 3321 3413 3402; x_wconf 50' lang='grc' dir='ltr'>ἐροῦμεν,</span> <span class='ocrx_word' id='word_1_705' title='bbox 3463 3322 3558 3386; x_wconf 88' lang='grc' dir='ltr'>Τίς</span> <span class='ocrx_word' id='word_1_706' title='bbox 3607 3317 3700 3378; x_wconf 82' lang='grc' dir='ltr'>οὖν</span> 
     </span>
    </p>
   </div>
   <div class='ocr_carea' id='block_1_96' title="bbox 2123 3416 3700 3490">
    <p class='ocr_par' dir='ltr' id='par_1_96' title="bbox 2123 3416 3700 3490">
     <span class='ocr_line' id='line_1_96' title="bbox 2123 3416 3700 3490; baseline 0.004 -24"><span class='ocrx_word' id='word_1_707' title='bbox 2123 3417 2270 3468; x_wconf 90' lang='grc' dir='ltr'>ἐστιν</span> <span class='ocrx_word' id='word_1_708' title='bbox 2302 3418 2342 3486; x_wconf 26' lang='grc' dir='ltr'>ὴ,</span> <span class='ocrx_word' id='word_1_709' title='bbox 2365 3416 2562 3486; x_wconf 80' lang='grc' dir='ltr'>ἐτέρα;</span> <span class='ocrx_word' id='word_1_710' title='bbox 2609 3416 2801 3479; x_wconf 83' lang='grc' dir='ltr'>Καλῶς</span> <span class='ocrx_word' id='word_1_711' title='bbox 2840 3419 3126 3470; x_wconf 87' lang='grc' dir='ltr'>ἐνεκάλεσε</span> <span class='ocrx_word' id='word_1_712' title='bbox 3163 3417 3394 3481; x_wconf 87' lang='grc' dir='ltr'>Παῦλος,</span> <span class='ocrx_word' id='word_1_713' title='bbox 3426 3421 3578 3488; x_wconf 75' lang='grc' dir='ltr'>φησὶ,</span> <span class='ocrx_word' id='word_1_714' title='bbox 3621 3419 3700 3490; x_wconf 81' lang='grc' dir='ltr'>τῷ</span> 
     </span>
    </p>
   </div>
   <div class='ocr_carea' id='block_1_97' title="bbox 2122 3507 3698 3582">
    <p class='ocr_par' dir='ltr' id='par_1_97' title="bbox 2122 3507 3698 3582">
     <span class='ocr_line' id='line_1_97' title="bbox 2122 3507 3698 3582; baseline 0.001 -23"><span class='ocrx_word' id='word_1_715' title='bbox 2122 3507 2337 3576; x_wconf 84' lang='grc' dir='ltr'>Πέτρῳ,</span> <span class='ocrx_word' id='word_1_716' title='bbox 2367 3507 2448 3558; x_wconf 81' lang='grc' dir='ltr'>ὅτι</span> <span class='ocrx_word' id='word_1_717' title='bbox 2478 3507 2620 3576; x_wconf 82' lang='grc' dir='ltr'>πέρα</span> <span class='ocrx_word' id='word_1_718' title='bbox 2649 3507 2741 3558; x_wconf 88' lang='grc' dir='ltr'>τοῦ</span> <span class='ocrx_word' id='word_1_719' title='bbox 2772 3508 2970 3577; x_wconf 88' lang='grc' dir='ltr'>μέτρου</span> <span class='ocrx_word' id='word_1_720' title='bbox 3002 3511 3068 3578; x_wconf 79' lang='grc' dir='ltr'>τῇ</span> <span class='ocrx_word' id='word_1_721' title='bbox 3098 3509 3504 3578; x_wconf 79' lang='grc' dir='ltr'>συγκαταϐάσει</span> <span class='ocrx_word' id='word_1_722' title='bbox 3534 3511 3698 3582; x_wconf 83' lang='grc' dir='ltr'>ἐχρή-</span> 
     </span>
    </p>
   </div>
   <div class='ocr_carea' id='block_1_98' title="bbox 2121 3598 3697 3672">
    <p class='ocr_par' dir='ltr' id='par_1_98' title="bbox 2121 3598 3697 3672">
     <span class='ocr_line' id='line_1_98' title="bbox 2121 3598 3697 3672; baseline 0.001 -19"><span class='ocrx_word' id='word_1_723' title='bbox 2121 3619 2272 3654; x_wconf 89' lang='grc' dir='ltr'>σατο.</span> <span class='ocrx_word' id='word_1_724' title='bbox 2305 3601 2414 3653; x_wconf 79' lang='grc' dir='ltr'>Καὶ</span> <span class='ocrx_word' id='word_1_725' title='bbox 2439 3600 2546 3668; x_wconf 79' lang='grc' dir='ltr'>γὰρ</span> <span class='ocrx_word' id='word_1_726' title='bbox 2577 3598 2635 3652; x_wconf 85' lang='grc' dir='ltr'>ὃν</span> <span class='ocrx_word' id='word_1_727' title='bbox 2668 3599 2865 3670; x_wconf 87' lang='grc' dir='ltr'>τρόπον</span> <span class='ocrx_word' id='word_1_728' title='bbox 2895 3599 3054 3662; x_wconf 79' lang='grc' dir='ltr'>αὐτὸς</span> <span class='ocrx_word' id='word_1_729' title='bbox 3091 3602 3149 3652; x_wconf 87' lang='grc' dir='ltr'>ἐν</span> <span class='ocrx_word' id='word_1_730' title='bbox 3187 3601 3578 3671; x_wconf 86' lang='grc' dir='ltr'>Ἰεροσολύμοις</span> <span class='ocrx_word' id='word_1_731' title='bbox 3604 3618 3697 3672; x_wconf 69' lang='grc' dir='ltr'>γετ</span> 
     </span>
    </p>
   </div>
   <div class='ocr_carea' id='block_1_99' title="bbox 2119 3689 3698 3762">
    <p class='ocr_par' dir='ltr' id='par_1_99' title="bbox 2119 3689 3698 3762">
     <span class='ocr_line' id='line_1_99' title="bbox 2119 3689 3698 3762; baseline 0.001 -16"><span class='ocrx_word' id='word_1_732' title='bbox 2119 3693 2340 3762; x_wconf 88' lang='grc' dir='ltr'>νόμενος</span> <span class='ocrx_word' id='word_1_733' title='bbox 2391 3690 2702 3761; x_wconf 87' lang='grc' dir='ltr'>συγκατέϐη</span> <span class='ocrx_word' id='word_1_734' title='bbox 2749 3691 2860 3752; x_wconf 87' lang='grc' dir='ltr'>τοῖς</span> <span class='ocrx_word' id='word_1_735' title='bbox 2905 3689 3212 3754; x_wconf 83' lang='grc' dir='ltr'>Ἰουδαίοις,</span> <span class='ocrx_word' id='word_1_736' title='bbox 3257 3691 3400 3744; x_wconf 73' lang='grc' dir='ltr'>οὕτω</span> <span class='ocrx_word' id='word_1_737' title='bbox 3447 3693 3698 3747; x_wconf 78' lang='grc' dir='ltr'>κάκεῖνον</span> 
     </span>
    </p>
   </div>
   <div class='ocr_carea' id='block_1_100' title="bbox 2117 3781 3696 3855">
    <p class='ocr_par' dir='ltr' id='par_1_100' title="bbox 2117 3781 3696 3855">
     <span class='ocr_line' id='line_1_100' title="bbox 2117 3781 3696 3855; baseline -0.001 -18"><span class='ocrx_word' id='word_1_738' title='bbox 2117 3785 2304 3855; x_wconf 83' lang='grc' dir='ltr'>ἐχρῆν,</span> <span class='ocrx_word' id='word_1_739' title='bbox 2361 3783 2544 3852; x_wconf 67' lang='grc' dir='ltr'>φησὶν,</span> <span class='ocrx_word' id='word_1_740' title='bbox 2607 3783 2686 3843; x_wconf 86' lang='grc' dir='ltr'>εἰς</span> <span class='ocrx_word' id='word_1_741' title='bbox 2755 3781 3084 3850; x_wconf 79' lang='grc' dir='ltr'>Ἀντιόχειαν</span> <span class='ocrx_word' id='word_1_742' title='bbox 3137 3781 3390 3844; x_wconf 88' lang='grc' dir='ltr'>ἐλθόντα,</span> <span class='ocrx_word' id='word_1_743' title='bbox 3445 3782 3520 3853; x_wconf 80' lang='grc' dir='ltr'>μὴ</span> <span class='ocrx_word' id='word_1_744' title='bbox 3557 3783 3696 3854; x_wconf 79' lang='grc' dir='ltr'>πρὸς</span> 
     </span>
    </p>
   </div>
   <div class='ocr_carea' id='block_1_101' title="bbox 2129 3872 3692 3949">
    <p class='ocr_par' dir='ltr' id='par_1_101' title="bbox 2129 3872 3692 3949">
     <span class='ocr_line' id='line_1_101' title="bbox 2129 3872 3692 3949; baseline -0.001 -21"><span class='ocrx_word' id='word_1_745' title='bbox 2129 3875 2412 3937; x_wconf 86' lang='grc' dir='ltr'>Ἰουδαίους</span> <span class='ocrx_word' id='word_1_746' title='bbox 2455 3874 2580 3927; x_wconf 82' lang='grc' dir='ltr'>ἰδεῖν</span> <span class='ocrx_word' id='word_1_747' title='bbox 2601 3872 2786 3934; x_wconf 72' lang='grc' dir='ltr'>,ἀλλὰ</span> <span class='ocrx_word' id='word_1_748' title='bbox 2831 3873 2966 3944; x_wconf 83' lang='grc' dir='ltr'>πρὸς</span> <span class='ocrx_word' id='word_1_749' title='bbox 3001 3874 3123 3935; x_wconf 77' lang='grc' dir='ltr'>τοὺς</span> <span class='ocrx_word' id='word_1_750' title='bbox 3157 3872 3231 3938; x_wconf 33' lang='grc' dir='ltr'>ἐξ,</span> <span class='ocrx_word' id='word_1_751' title='bbox 3259 3872 3446 3926; x_wconf 80' lang='grc' dir='ltr'>ἐθνῶν.</span> <span class='ocrx_word' id='word_1_752' title='bbox 3483 3873 3692 3949; x_wconf 71' lang='grc' dir='ltr'>Ὥσπερ</span> 
     </span>
    </p>
   </div>
   <div class='ocr_carea' id='block_1_102' title="bbox 2116 3959 3692 4038">
    <p class='ocr_par' dir='ltr' id='par_1_102' title="bbox 2116 3959 3692 4038">
     <span class='ocr_line' id='line_1_102' title="bbox 2116 3959 3692 4038; baseline -0.002 -18"><span class='ocrx_word' id='word_1_753' title='bbox 2116 3967 2223 4038; x_wconf 79' lang='grc' dir='ltr'>γὰρ</span> <span class='ocrx_word' id='word_1_754' title='bbox 2249 3967 2412 4038; x_wconf 81' lang='grc' dir='ltr'>ἡνίκα</span> <span class='ocrx_word' id='word_1_755' title='bbox 2437 3966 2635 4027; x_wconf 73' lang='grc' dir='ltr'>πάντες</span> <span class='ocrx_word' id='word_1_756' title='bbox 2677 3963 2924 4016; x_wconf 81' lang='grc' dir='ltr'>Ἰουδαῖοι</span> <span class='ocrx_word' id='word_1_757' title='bbox 2952 3959 3112 4034; x_wconf 81' lang='grc' dir='ltr'>ἦσαν,</span> <span class='ocrx_word' id='word_1_758' title='bbox 3148 3965 3242 4018; x_wconf 75' lang='grc' dir='ltr'>καὶ</span> <span class='ocrx_word' id='word_1_759' title='bbox 3277 3963 3488 4026; x_wconf 80' lang='grc' dir='ltr'>Παῦλος</span> <span class='ocrx_word' id='word_1_760' title='bbox 3525 3969 3692 4033; x_wconf 56' lang='grc' dir='ltr'>ἐναγ-</span> 
     </span>
    </p>
   </div>
   <div class='ocr_carea' id='block_1_103' title="bbox 2115 4051 3690 4130">
    <p class='ocr_par' dir='ltr' id='par_1_103' title="bbox 2115 4051 3690 4130">
     <span class='ocr_line' id='line_1_103' title="bbox 2115 4051 3690 4130; baseline -0.001 -22"><span class='ocrx_word' id='word_1_761' title='bbox 2115 4054 2290 4124; x_wconf 83' lang='grc' dir='ltr'>κάσθη</span> <span class='ocrx_word' id='word_1_762' title='bbox 2339 4053 2654 4116; x_wconf 76' lang='grc' dir='ltr'>ἰουδαΐζειν·</span> <span class='ocrx_word' id='word_1_763' title='bbox 2697 4051 2868 4116; x_wconf 74' lang='grc' dir='ltr'>οὕτως</span> <span class='ocrx_word' id='word_1_764' title='bbox 2921 4052 3047 4104; x_wconf 75' lang='grc' dir='ltr'>ἔνθα</span> <span class='ocrx_word' id='word_1_765' title='bbox 3099 4053 3316 4115; x_wconf 87' lang='grc' dir='ltr'>πλείους</span> <span class='ocrx_word' id='word_1_766' title='bbox 3365 4051 3503 4130; x_wconf 76' lang='grc' dir='ltr'>ἦσαν</span> <span class='ocrx_word' id='word_1_767' title='bbox 3541 4057 3588 4108; x_wconf 89' lang='grc' dir='ltr'>οἰ</span> <span class='ocrx_word' id='word_1_768' title='bbox 3631 4055 3690 4124; x_wconf 76' lang='grc' dir='ltr'>ἐξ</span> 
     </span>
    </p>
   </div>
   <div class='ocr_carea' id='block_1_104' title="bbox 2113 4144 3692 4216">
    <p class='ocr_par' dir='ltr' id='par_1_104' title="bbox 2113 4144 3692 4216">
     <span class='ocr_line' id='line_1_104' title="bbox 2113 4144 3692 4216; baseline 0 -16"><span class='ocrx_word' id='word_1_769' title='bbox 2113 4145 2305 4208; x_wconf 88' lang='grc' dir='ltr'>ἐθνῶν,</span> <span class='ocrx_word' id='word_1_770' title='bbox 2329 4146 2421 4197; x_wconf 77' lang='grc' dir='ltr'>καὶ</span> <span class='ocrx_word' id='word_1_771' title='bbox 2447 4148 2478 4216; x_wconf 89' lang='grc' dir='ltr'>ή</span> <span class='ocrx_word' id='word_1_772' title='bbox 2503 4145 2654 4207; x_wconf 88' lang='grc' dir='ltr'>πόλις</span> <span class='ocrx_word' id='word_1_773' title='bbox 2683 4144 2938 4215; x_wconf 82' lang='grc' dir='ltr'>οὐδεμίαν</span> <span class='ocrx_word' id='word_1_774' title='bbox 2965 4145 3209 4214; x_wconf 82' lang='grc' dir='ltr'>ἀνάγκην</span> <span class='ocrx_word' id='word_1_775' title='bbox 3237 4149 3464 4216; x_wconf 83' lang='grc' dir='ltr'>παρεῖχε</span> <span class='ocrx_word' id='word_1_776' title='bbox 3488 4163 3692 4214; x_wconf 83' lang='grc' dir='ltr'>συγκα-</span> 
     </span>
    </p>
   </div>
   <div class='ocr_carea' id='block_1_105' title="bbox 2111 4236 3690 4308">
    <p class='ocr_par' dir='ltr' id='par_1_105' title="bbox 2111 4236 3690 4308">
     <span class='ocr_line' id='line_1_105' title="bbox 2111 4236 3690 4308; baseline 0.001 -19"><span class='ocrx_word' id='word_1_777' title='bbox 2111 4236 2429 4298; x_wconf 79' lang='grc' dir='ltr'>ταϐἀσεως,</span> <span class='ocrx_word' id='word_1_778' title='bbox 2467 4236 2566 4288; x_wconf 89' lang='grc' dir='ltr'>ούκ</span> <span class='ocrx_word' id='word_1_779' title='bbox 2612 4237 2778 4308; x_wconf 85' lang='grc' dir='ltr'>ἐχρῆν</span> <span class='ocrx_word' id='word_1_780' title='bbox 2817 4236 2905 4289; x_wconf 78' lang='grc' dir='ltr'>διὰ</span> <span class='ocrx_word' id='word_1_781' title='bbox 2952 4239 3077 4300; x_wconf 71' lang='grc' dir='ltr'>τοὺς</span> <span class='ocrx_word' id='word_1_782' title='bbox 3128 4238 3343 4306; x_wconf 87' lang='grc' dir='ltr'>ὀλίγους</span> <span class='ocrx_word' id='word_1_783' title='bbox 3402 4239 3690 4303; x_wconf 86' lang='grc' dir='ltr'>Ἰουδαίους</span> 
     </span>
    </p>
   </div>
   <div class='ocr_carea' id='block_1_106' title="bbox 2113 4328 3690 4401">
    <p class='ocr_par' dir='ltr' id='par_1_106' title="bbox 2113 4328 3690 4401">
     <span class='ocr_line' id='line_1_106' title="bbox 2113 4328 3690 4401; baseline 0.002 -20"><span class='ocrx_word' id='word_1_784' title='bbox 2113 4328 2460 4382; x_wconf 85' lang='grc' dir='ltr'>σκανδαλίσαι</span> <span class='ocrx_word' id='word_1_785' title='bbox 2504 4328 2632 4391; x_wconf 80' lang='grc' dir='ltr'>τοὺς</span> <span class='ocrx_word' id='word_1_786' title='bbox 2669 4328 2955 4391; x_wconf 89' lang='grc' dir='ltr'>τοσούτους</span> <span class='ocrx_word' id='word_1_787' title='bbox 3189 4330 3476 4400; x_wconf 83' lang='grc' dir='ltr'>Ἕλληνας.</span> <span class='ocrx_word' id='word_1_788' title='bbox 3527 4329 3690 4386; x_wconf 80' lang='grc' dir='ltr'>Ἀλλὰ</span> 
     </span>
    </p>
   </div>
   <div class='ocr_carea' id='block_1_107' title="bbox 2108 4417 3684 4492">
    <p class='ocr_par' dir='ltr' id='par_1_107' title="bbox 2108 4417 3684 4492">
     <span class='ocr_line' id='line_1_107' title="bbox 2108 4417 3684 4492; baseline 0.003 -20"><span class='ocrx_word' id='word_1_789' title='bbox 2108 4419 2268 4472; x_wconf 88' lang='grc' dir='ltr'>τοῦτο</span> <span class='ocrx_word' id='word_1_790' title='bbox 2295 4419 2393 4471; x_wconf 84' lang='grc' dir='ltr'>οὐκ</span> <span class='ocrx_word' id='word_1_791' title='bbox 2425 4417 2538 4470; x_wconf 82' lang='grc' dir='ltr'>ἔστι</span> <span class='ocrx_word' id='word_1_792' title='bbox 2571 4417 2758 4480; x_wconf 84' lang='grc' dir='ltr'>λύσις,</span> <span class='ocrx_word' id='word_1_793' title='bbox 2793 4419 2908 4470; x_wconf 88' lang='grc' dir='ltr'>ἀλλ’</span> <span class='ocrx_word' id='word_1_794' title='bbox 2947 4420 3195 4482; x_wconf 88' lang='grc' dir='ltr'>ἐπίτασις</span> <span class='ocrx_word' id='word_1_795' title='bbox 3227 4421 3320 4473; x_wconf 86' lang='grc' dir='ltr'>τοῦ</span> <span class='ocrx_word' id='word_1_796' title='bbox 3350 4423 3684 4492; x_wconf 80' lang='grc' dir='ltr'>ζητήματος.</span> 
     </span>
    </p>
   </div>
   <div class='ocr_carea' id='block_1_108' title="bbox 2115 4503 3685 4580">
    <p class='ocr_par' dir='ltr' id='par_1_108' title="bbox 2115 4503 3685 4580">
     <span class='ocr_line' id='line_1_108' title="bbox 2115 4503 3685 4580; baseline 0.002 -17"><span class='ocrx_word' id='word_1_797' title='bbox 2115 4511 2182 4563; x_wconf 91' lang='grc' dir='ltr'><strong>Ὃ</strong></span> <span class='ocrx_word' id='word_1_798' title='bbox 2216 4507 2324 4577; x_wconf 83' lang='grc' dir='ltr'>γὰρ</span> <span class='ocrx_word' id='word_1_799' title='bbox 2357 4508 2658 4580; x_wconf 87' lang='grc' dir='ltr'>ἀρχόμενος</span> <span class='ocrx_word' id='word_1_800' title='bbox 2690 4503 2842 4560; x_wconf 82' lang='grc' dir='ltr'>εἷπον</span> <span class='ocrx_word' id='word_1_801' title='bbox 2871 4507 2960 4560; x_wconf 84' lang='grc' dir='ltr'>τοῦ</span> <span class='ocrx_word' id='word_1_802' title='bbox 2990 4509 3170 4577; x_wconf 88' lang='grc' dir='ltr'>λόγου,</span> <span class='ocrx_word' id='word_1_803' title='bbox 3203 4509 3262 4562; x_wconf 84' lang='grc' dir='ltr'>ού</span> <span class='ocrx_word' id='word_1_804' title='bbox 3297 4511 3454 4564; x_wconf 85' lang='grc' dir='ltr'>τοῦτό</span> <span class='ocrx_word' id='word_1_805' title='bbox 3486 4513 3601 4566; x_wconf 84' lang='grc' dir='ltr'>ἐστι</span> <span class='ocrx_word' id='word_1_806' title='bbox 3625 4513 3685 4566; x_wconf 81' lang='grc' dir='ltr'>τὸ</span> 
     </span>
    </p>
   </div>
   <div class='ocr_carea' id='block_1_109' title="bbox 2111 4599 3682 4671">
    <p class='ocr_par' dir='ltr' id='par_1_109' title="bbox 2111 4599 3682 4671">
     <span class='ocr_line' id='line_1_109' title="bbox 2111 4599 3682 4671; baseline 0.002 -17"><span class='ocrx_word' id='word_1_807' title='bbox 2111 4599 2545 4670; x_wconf 80' lang='grc' dir='ltr'>σπουδαζόμενον</span> <span class='ocrx_word' id='word_1_808' title='bbox 2591 4599 2722 4671; x_wconf 83' lang='grc' dir='ltr'>ἡμῖν</span> <span class='ocrx_word' id='word_1_809' title='bbox 2743 4637 2759 4664; x_wconf 92' lang='grc'>,</span> <span class='ocrx_word' id='word_1_810' title='bbox 2797 4599 2967 4666; x_wconf 78' lang='grc' dir='ltr'>δεῖξαι</span> <span class='ocrx_word' id='word_1_811' title='bbox 3023 4601 3106 4653; x_wconf 82' lang='grc' dir='ltr'>ὅτι</span> <span class='ocrx_word' id='word_1_812' title='bbox 3159 4600 3339 4664; x_wconf 85' lang='grc' dir='ltr'>καλῶς</span> <span class='ocrx_word' id='word_1_813' title='bbox 3395 4603 3682 4657; x_wconf 84' lang='grc' dir='ltr'>ἐνεκάλεσε</span> 
     </span>
    </p>
   </div>
   <div class='ocr_carea' id='block_1_110' title="bbox 2107 4689 3682 4768">
    <p class='ocr_par' dir='ltr' id='par_1_110' title="bbox 2107 4689 3682 4768">
     <span class='ocr_line' id='line_1_110' title="bbox 2107 4689 3682 4768; baseline 0.003 -23"><span class='ocrx_word' id='word_1_814' title='bbox 2107 4691 2318 4756; x_wconf 88' lang='grc' dir='ltr'>Παῦλος</span> <span class='ocrx_word' id='word_1_815' title='bbox 2337 4705 2350 4718; x_wconf 90' lang='grc'>·</span> <span class='ocrx_word' id='word_1_816' title='bbox 2387 4691 2510 4744; x_wconf 74' lang='grc' dir='ltr'>ἐπεὶ</span> <span class='ocrx_word' id='word_1_817' title='bbox 2534 4690 2676 4744; x_wconf 78' lang='grc' dir='ltr'>οὕτω</span> <span class='ocrx_word' id='word_1_818' title='bbox 2711 4693 2862 4760; x_wconf 89' lang='grc' dir='ltr'>μενεῖ</span> <span class='ocrx_word' id='word_1_819' title='bbox 2888 4689 2954 4744; x_wconf 78' lang='grc' dir='ltr'>τὸ.</span> <span class='ocrx_word' id='word_1_820' title='bbox 2973 4690 3215 4762; x_wconf 82' lang='grc' dir='ltr'>ζήτημα.</span> <span class='ocrx_word' id='word_1_821' title='bbox 3243 4693 3547 4765; x_wconf 80' lang='grc' dir='ltr'>Φανήσεται</span> <span class='ocrx_word' id='word_1_822' title='bbox 3573 4695 3682 4768; x_wconf 87' lang='grc' dir='ltr'>γάρ</span> 
     </span>
    </p>
   </div>
   <div class='ocr_carea' id='block_1_111' title="bbox 2109 4779 3681 4856">
    <p class='ocr_par' dir='ltr' id='par_1_111' title="bbox 2109 4779 3681 4856">
     <span class='ocr_line' id='line_1_111' title="bbox 2109 4779 3681 4856; baseline 0.003 -21"><span class='ocrx_word' id='word_1_823' title='bbox 2109 4781 2408 4846; x_wconf 86' lang='grc' dir='ltr'>ὑπεύθυνος</span> <span class='ocrx_word' id='word_1_824' title='bbox 2431 4779 2505 4836; x_wconf 83' lang='grc' dir='ltr'>ὢν</span> <span class='ocrx_word' id='word_1_825' title='bbox 2534 4783 2652 4845; x_wconf 87' lang='grc' dir='ltr'>ταῖς</span> <span class='ocrx_word' id='word_1_826' title='bbox 2689 4781 2957 4852; x_wconf 78' lang='grc' dir='ltr'>μέμψεσιν</span> <span class='ocrx_word' id='word_1_827' title='bbox 2987 4783 3016 4834; x_wconf 89' lang='lat'>6</span> <span class='ocrx_word' id='word_1_828' title='bbox 3045 4783 3279 4853; x_wconf 88' lang='grc' dir='ltr'>Πέτρος·</span> <span class='ocrx_word' id='word_1_829' title='bbox 3310 4785 3373 4837; x_wconf 83' lang='grc' dir='ltr'>τὸ</span> <span class='ocrx_word' id='word_1_830' title='bbox 3405 4785 3460 4838; x_wconf 87' lang='grc' dir='ltr'>δὲ</span> <span class='ocrx_word' id='word_1_831' title='bbox 3489 4785 3681 4856; x_wconf 84' lang='grc' dir='ltr'>ζητού-</span> 
     </span>
    </p>
   </div>
   <div class='ocr_carea' id='block_1_112' title="bbox 2110 4874 3682 4948">
    <p class='ocr_par' dir='ltr' id='par_1_112' title="bbox 2110 4874 3682 4948">
     <span class='ocr_line' id='line_1_112' title="bbox 2110 4874 3682 4948; baseline -0.001 -18"><span class='ocrx_word' id='word_1_832' title='bbox 2110 4893 2290 4947; x_wconf 89' lang='grc' dir='ltr'>μενον,</span> <span class='ocrx_word' id='word_1_833' title='bbox 2317 4877 2411 4930; x_wconf 88' lang='grc' dir='ltr'><strong>καί</strong></span> <span class='ocrx_word' id='word_1_834' title='bbox 2433 4874 2622 4928; x_wconf 89' lang='grc' dir='ltr'>τοῦτον</span> <span class='ocrx_word' id='word_1_835' title='bbox 2655 4875 2906 4928; x_wconf 87' lang='grc' dir='ltr'>κάκεῖνον</span> <span class='ocrx_word' id='word_1_836' title='bbox 2932 4874 3236 4940; x_wconf 84' lang='grc' dir='ltr'>ἀπαλλάξαι</span> <span class='ocrx_word' id='word_1_837' title='bbox 3263 4875 3370 4929; x_wconf 90' lang='grc' dir='ltr'>τῶν</span> <span class='ocrx_word' id='word_1_838' title='bbox 3400 4877 3682 4948; x_wconf 80' lang='grc' dir='ltr'>ἐγκλημά-</span> 
     </span>
    </p>
   </div>
   <div class='ocr_carea' id='block_1_113' title="bbox 2105 4963 3681 5041">
    <p class='ocr_par' dir='ltr' id='par_1_113' title="bbox 2105 4963 3681 5041">
     <span class='ocr_line' id='line_1_113' title="bbox 2105 4963 3681 5041; baseline 0 -19"><span class='ocrx_word' id='word_1_839' title='bbox 2105 4969 2232 5022; x_wconf 91' lang='grc' dir='ltr'>τῶν.</span> <span class='ocrx_word' id='word_1_840' title='bbox 2259 4968 2383 5032; x_wconf 89' lang='grc' dir='ltr'>Πῶς</span> <span class='ocrx_word' id='word_1_841' title='bbox 2411 4964 2504 5022; x_wconf 80' lang='grc' dir='ltr'>οὖν</span> <span class='ocrx_word' id='word_1_842' title='bbox 2536 4967 2694 5020; x_wconf 77' lang='grc' dir='ltr'>ἔσται</span> <span class='ocrx_word' id='word_1_843' title='bbox 2713 4965 2868 5018; x_wconf 89' lang='grc' dir='ltr'>τοῦτο</span> <span class='ocrx_word' id='word_1_844' title='bbox 2887 4982 2910 5030; x_wconf 94' lang='lat'><strong>;_</strong></span> <span class='ocrx_word' id='word_1_845' title='bbox 2935 4967 3032 5020; x_wconf 74' lang='lat' dir='ltr'>“Av</span> <span class='ocrx_word' id='word_1_846' title='bbox 3059 4965 3158 5038; x_wconf 77' lang='grc' dir='ltr'>τὴν</span> <span class='ocrx_word' id='word_1_847' title='bbox 3183 4965 3429 5036; x_wconf 88' lang='grc' dir='ltr'>γνώμην,</span> <span class='ocrx_word' id='word_1_848' title='bbox 3466 4967 3584 5038; x_wconf 79' lang='grc' dir='ltr'>μεθ’</span> <span class='ocrx_word' id='word_1_849' title='bbox 3610 4963 3681 5041; x_wconf 87' lang='grc' dir='ltr'>ἦς</span> 
     </span>
    </p>
   </div>
   <div class='ocr_carea' id='block_1_114' title="bbox 2102 5057 3678 5132">
    <p class='ocr_par' dir='ltr' id='par_1_114' title="bbox 2102 5057 3678 5132">
     <span class='ocr_line' id='line_1_114' title="bbox 2102 5057 3678 5132; baseline -0.001 -16"><span class='ocrx_word' id='word_1_850' title='bbox 2102 5065 2130 5116; x_wconf 88' lang='lat'>6</span> <span class='ocrx_word' id='word_1_851' title='bbox 2173 5061 2271 5132; x_wconf 85' lang='grc' dir='ltr'>μὲν</span> <span class='ocrx_word' id='word_1_852' title='bbox 2313 5061 2662 5131; x_wconf 83' lang='grc' dir='ltr'>ἐπετίμησεν,</span> <span class='ocrx_word' id='word_1_853' title='bbox 2711 5059 2740 5111; x_wconf 89' lang='lat'>6</span> <span class='ocrx_word' id='word_1_854' title='bbox 2787 5057 2845 5112; x_wconf 89' lang='grc' dir='ltr'>δὲ</span> <span class='ocrx_word' id='word_1_855' title='bbox 2878 5058 3205 5128; x_wconf 85' lang='grc' dir='ltr'>ἐπετιμήθη,</span> <span class='ocrx_word' id='word_1_856' title='bbox 3247 5057 3526 5130; x_wconf 83' lang='grc' dir='ltr'>μάθωμεν,</span> <span class='ocrx_word' id='word_1_857' title='bbox 3583 5062 3678 5116; x_wconf 76' lang='grc' dir='ltr'>καὶ</span> 
     </span>
    </p>
   </div>
   <div class='ocr_carea' id='block_1_115' title="bbox 2103 5147 3674 5225">
    <p class='ocr_par' dir='ltr' id='par_1_115' title="bbox 2103 5147 3674 5225">
     <span class='ocr_line' id='line_1_115' title="bbox 2103 5147 3674 5225; baseline -0.001 -18"><span class='ocrx_word' id='word_1_858' title='bbox 2103 5155 2201 5225; x_wconf 81' lang='grc' dir='ltr'>τὴν</span> <span class='ocrx_word' id='word_1_859' title='bbox 2234 5153 2472 5208; x_wconf 82' lang='grc' dir='ltr'>διάνοιαν</span> <span class='ocrx_word' id='word_1_860' title='bbox 2513 5151 2682 5221; x_wconf 80' lang='grc' dir='ltr'>αὐτὴν</span> <span class='ocrx_word' id='word_1_861' title='bbox 2725 5149 3140 5220; x_wconf 81' lang='grc' dir='ltr'>ἀναπτύξωμεν.</span> <span class='ocrx_word' id='word_1_862' title='bbox 3181 5151 3276 5214; x_wconf 84' lang='grc' dir='ltr'>Τίς</span> <span class='ocrx_word' id='word_1_863' title='bbox 3313 5147 3406 5205; x_wconf 81' lang='grc' dir='ltr'>οὖν</span> <span class='ocrx_word' id='word_1_864' title='bbox 3446 5156 3594 5206; x_wconf 87' lang='grc' dir='ltr'>ἐστιν</span> <span class='ocrx_word' id='word_1_865' title='bbox 3639 5155 3674 5224; x_wconf 85' lang='grc' dir='ltr'>ή</span> 
     </span>
    </p>
   </div>
   <div class='ocr_carea' id='block_1_116' title="bbox 2101 5240 3677 5315">
    <p class='ocr_par' dir='ltr' id='par_1_116' title="bbox 2101 5240 3677 5315">
     <span class='ocr_line' id='line_1_116' title="bbox 2101 5240 3677 5315; baseline -0.001 -17"><span class='ocrx_word' id='word_1_866' title='bbox 2101 5245 2338 5310; x_wconf 84' lang='grc' dir='ltr'>διάνοια;</span> <span class='ocrx_word' id='word_1_867' title='bbox 2377 5243 2590 5315; x_wconf 79' lang='grc' dir='ltr'>Σφόδρα</span> <span class='ocrx_word' id='word_1_868' title='bbox 2618 5245 2646 5296; x_wconf 90' lang='lat'>6</span> <span class='ocrx_word' id='word_1_869' title='bbox 2675 5241 2881 5314; x_wconf 88' lang='grc' dir='ltr'>Πέτρος</span> <span class='ocrx_word' id='word_1_870' title='bbox 2919 5240 3182 5312; x_wconf 88' lang='grc' dir='ltr'>ἐπεθύμει</span> <span class='ocrx_word' id='word_1_871' title='bbox 3210 5241 3304 5295; x_wconf 74' lang='grc' dir='ltr'>καὶ</span> <span class='ocrx_word' id='word_1_872' title='bbox 3329 5243 3456 5306; x_wconf 79' lang='grc' dir='ltr'>τοὺς</span> <span class='ocrx_word' id='word_1_873' title='bbox 3484 5243 3542 5310; x_wconf 77' lang='grc' dir='ltr'>ἐξ</span> <span class='ocrx_word' id='word_1_874' title='bbox 3581 5243 3677 5296; x_wconf 80' lang='grc' dir='ltr'>Ἰε-</span> 
     </span>
    </p>
   </div>
   <div class='ocr_carea' id='block_1_117' title="bbox 2106 5331 3674 5409">
    <p class='ocr_par' dir='ltr' id='par_1_117' title="bbox 2106 5331 3674 5409">
     <span class='ocr_line' id='line_1_117' title="bbox 2106 5331 3674 5409; baseline -0.002 -18"><span class='ocrx_word' id='word_1_875' title='bbox 2106 5335 2416 5409; x_wconf 73' lang='grc' dir='ltr'>ροσολύμων</span> <span class='ocrx_word' id='word_1_876' title='bbox 2448 5334 2823 5397; x_wconf 88' lang='grc' dir='ltr'>κατελθόντας,</span> <span class='ocrx_word' id='word_1_877' title='bbox 2853 5333 2981 5396; x_wconf 80' lang='grc' dir='ltr'>τοὺς</span> <span class='ocrx_word' id='word_1_878' title='bbox 3025 5333 3134 5386; x_wconf 84' lang='grc' dir='ltr'>ἀπὸ</span> <span class='ocrx_word' id='word_1_879' title='bbox 3185 5331 3460 5398; x_wconf 87' lang='grc' dir='ltr'>Ἰακώϐου,</span> <span class='ocrx_word' id='word_1_880' title='bbox 3498 5335 3674 5388; x_wconf 88' lang='grc' dir='ltr'>ἀπαλ-</span> 
     </span>
    </p>
   </div>
   <div class='ocr_carea' id='block_1_118' title="bbox 2100 5420 3674 5496">
    <p class='ocr_par' dir='ltr' id='par_1_118' title="bbox 2100 5420 3674 5496">
     <span class='ocr_line' id='line_1_118' title="bbox 2100 5420 3674 5496; baseline -0.002 -15"><span class='ocrx_word' id='word_1_881' title='bbox 2100 5425 2258 5492; x_wconf 84' lang='grc' dir='ltr'>λάξαι</span> <span class='ocrx_word' id='word_1_882' title='bbox 2297 5425 2395 5496; x_wconf 86' lang='grc' dir='ltr'>τῆς</span> <span class='ocrx_word' id='word_1_883' title='bbox 2445 5423 2882 5495; x_wconf 83' lang='grc' dir='ltr'>παρατηρήσεως</span> <span class='ocrx_word' id='word_1_884' title='bbox 2927 5422 3026 5490; x_wconf 88' lang='grc' dir='ltr'>τῆς</span> <span class='ocrx_word' id='word_1_885' title='bbox 3071 5420 3387 5493; x_wconf 84' lang='grc' dir='ltr'>Ἰουδαϊκῆς.</span> <span class='ocrx_word' id='word_1_886' title='bbox 3450 5421 3588 5475; x_wconf 81' lang='grc' dir='ltr'>Ἀλλ’</span> <span class='ocrx_word' id='word_1_887' title='bbox 3622 5425 3674 5478; x_wconf 78' lang='grc' dir='ltr'>εἰ</span> 
     </span>
    </p>
   </div>
   <div class='ocr_carea' id='block_1_119' title="bbox 2103 5513 3674 5592">
    <p class='ocr_par' dir='ltr' id='par_1_119' title="bbox 2103 5513 3674 5592">
     <span class='ocr_line' id='line_1_119' title="bbox 2103 5513 3674 5592; baseline -0.001 -19"><span class='ocrx_word' id='word_1_888' title='bbox 2103 5521 2202 5592; x_wconf 81' lang='grc' dir='ltr'>μὲν</span> <span class='ocrx_word' id='word_1_889' title='bbox 2239 5518 2402 5581; x_wconf 81' lang='grc' dir='ltr'>αὐτὸς</span> <span class='ocrx_word' id='word_1_890' title='bbox 2431 5515 2636 5584; x_wconf 86' lang='grc' dir='ltr'>ταύτην</span> <span class='ocrx_word' id='word_1_891' title='bbox 2665 5517 2994 5586; x_wconf 85' lang='grc' dir='ltr'>εἰσηγήσατο</span> <span class='ocrx_word' id='word_1_892' title='bbox 3035 5513 3134 5584; x_wconf 86' lang='grc' dir='ltr'>τὴν</span> <span class='ocrx_word' id='word_1_893' title='bbox 3164 5513 3410 5586; x_wconf 88' lang='grc' dir='ltr'>γνώμην,</span> <span class='ocrx_word' id='word_1_894' title='bbox 3450 5515 3544 5570; x_wconf 78' lang='grc' dir='ltr'>καὶ</span> <span class='ocrx_word' id='word_1_895' title='bbox 3573 5534 3674 5571; x_wconf 86' lang='grc' dir='ltr'>πα-</span> 
     </span>
    </p>
   </div>
   <div class='ocr_carea' id='block_1_120' title="bbox 2101 5605 3672 5687">
    <p class='ocr_par' dir='ltr' id='par_1_120' title="bbox 2101 5605 3672 5687">
     <span class='ocr_line' id='line_1_120' title="bbox 2101 5605 3672 5687; baseline -0.01 -20"><span class='ocrx_word' id='word_1_896' title='bbox 2101 5613 2304 5687; x_wconf 87' lang='grc' dir='ltr'>ρελθὼν</span> <span class='ocrx_word' id='word_1_897' title='bbox 2337 5608 2456 5665; x_wconf 82' lang='grc' dir='ltr'>εἷπε</span> <span class='ocrx_word' id='word_1_898' title='bbox 2479 5649 2494 5674; x_wconf 88' lang='grc'>,</span> <span class='ocrx_word' id='word_1_899' title='bbox 2520 5607 2806 5664; x_wconf 86' lang='grc' dir='ltr'>Παύσασθε</span> <span class='ocrx_word' id='word_1_900' title='bbox 2837 5610 2950 5671; x_wconf 91' lang='grc' dir='ltr'>τοῖς</span> <span class='ocrx_word' id='word_1_901' title='bbox 2994 5605 3298 5670; x_wconf 77' lang='grc' dir='ltr'>Ἰουδαϊκοῖς</span> <span class='ocrx_word' id='word_1_902' title='bbox 3339 5608 3486 5663; x_wconf 79' lang='grc' dir='ltr'>ἐθεσι</span> <span class='ocrx_word' id='word_1_903' title='bbox 3527 5609 3672 5682; x_wconf 81' lang='grc' dir='ltr'>χρώ-</span> 
     </span>
    </p>
   </div>
   <div class='ocr_carea' id='block_1_121' title="bbox 2101 5699 3670 5778">
    <p class='ocr_par' dir='ltr' id='par_1_121' title="bbox 2101 5699 3670 5778">
     <span class='ocr_line' id='line_1_121' title="bbox 2101 5699 3670 5778; baseline -0.001 -20"><span class='ocrx_word' id='word_1_904' title='bbox 2101 5722 2270 5778; x_wconf 88' lang='grc' dir='ltr'>μενοι,</span> <span class='ocrx_word' id='word_1_905' title='bbox 2317 5703 2392 5766; x_wconf 83' lang='grc' dir='ltr'>ὡς</span> <span class='ocrx_word' id='word_1_906' title='bbox 2439 5700 2654 5756; x_wconf 88' lang='grc' dir='ltr'>ἐναντία</span> <span class='ocrx_word' id='word_1_907' title='bbox 2700 5700 2878 5771; x_wconf 85' lang='grc' dir='ltr'>ἐαυτῷ</span> <span class='ocrx_word' id='word_1_908' title='bbox 2910 5699 3257 5772; x_wconf 82' lang='grc' dir='ltr'>δημηγορῶν,</span> <span class='ocrx_word' id='word_1_909' title='bbox 3291 5701 3384 5755; x_wconf 79' lang='grc' dir='ltr'>καὶ</span> <span class='ocrx_word' id='word_1_910' title='bbox 3419 5705 3532 5766; x_wconf 85' lang='grc' dir='ltr'>τοῖς</span> <span class='ocrx_word' id='word_1_911' title='bbox 3575 5703 3670 5756; x_wconf 81' lang='grc' dir='ltr'>ὑπ’</span> 
     </span>
    </p>
   </div>
   <div class='ocr_carea' id='block_1_122' title="bbox 2097 5791 3664 5868">
    <p class='ocr_par' dir='ltr' id='par_1_122' title="bbox 2097 5791 3664 5868">
     <span class='ocr_line' id='line_1_122' title="bbox 2097 5791 3664 5868; baseline -0.004 -15"><span class='ocrx_word' id='word_1_912' title='bbox 2097 5795 2264 5854; x_wconf 75' lang='grc' dir='ltr'>αὑτοῦ</span> <span class='ocrx_word' id='word_1_913' title='bbox 2287 5795 2678 5866; x_wconf 78' lang='grc' dir='ltr'>γεγενημένοις</span> <span class='ocrx_word' id='word_1_914' title='bbox 2717 5791 2888 5848; x_wconf 73' lang='grc' dir='ltr'>ἅπασι</span> <span class='ocrx_word' id='word_1_915' title='bbox 2918 5792 3058 5849; x_wconf 86' lang='grc' dir='ltr'>κατὰ</span> <span class='ocrx_word' id='word_1_916' title='bbox 3087 5792 3178 5848; x_wconf 71' lang='grc' dir='ltr'>τὸν</span> <span class='ocrx_word' id='word_1_917' title='bbox 3206 5792 3512 5868; x_wconf 76' lang='grc' dir='ltr'>ἔμπροσθεν</span> <span class='ocrx_word' id='word_1_918' title='bbox 3543 5793 3664 5868; x_wconf 65' lang='grc' dir='ltr'>χρό’</span> 
     </span>
    </p>
   </div>
  </div>
