4060 6260
374 384 477 441 585

369 507 494 553 ante
538 502 766 566 patrata,
792 490 1112 564 praedicaret
1134 529 1151 555 ,
1177 484 1451 556 discipulis
1479 482 1592 539 suis
1642 478 1951 537 scandalum

372 587 651 643 attulisset.
694 583 899 640 Rursus
929 582 977 638 si
1021 582 1159 636 hanc
1184 577 1252 633 ad
1280 576 1399 632 illos
1429 573 1632 629 Paulus
1654 571 1954 627 orationem

369 680 682 743 direxisset,
714 688 1047 746 nequaquam
1090 669 1511 742 acquievissent,
1558 680 1732 736 neque
1771 662 1957 719 audire

370 771 687 842 potuissent.
728 766 862 822 Nam
886 765 976 836 qui
1004 762 1239 833 alioquin
1264 759 1489 817 oderant
1515 757 1660 813 illum
1680 796 1696 823 ,
1726 764 1781 810 et
1802 769 1959 808 aven-

368 861 623 915 sabantur
646 857 717 913 ob
745 856 970 912 similem
1000 867 1244 924 aparsum
1271 864 1560 915 rumorem,
1584 847 1752 903 multo
1768 846 1953 916 magis,

370 950 414 1006 si
443 951 607 1004 etiam
655 950 755 1003 ista
803 946 1175 1003 consulentem
1211 941 1503 1008 audissent,
1557 940 1714 1010 plane
1763 937 1959 992 abhorr-

366 1040 620 1098 rttissent.
659 1037 798 1106 Quid
825 1050 955 1106 ergo
983 1034 1179 1089 factum
1202 1033 1322 1088 est?
1349 1030 1564 1086 Judaeos
1590 1028 1830 1099 quidem,
1862 1027 1955 1097 qui

367 1138 522 1185 erant
547 1144 577 1183 a
597 1128 817 1193 Jacobo,
841 1127 1017 1181 nullus
1044 1124 1255 1178 illorum
1287 1118 1617 1189 increpabat,
1650 1116 1745 1171 scd
1774 1116 1953 1170 incre-

367 1221 635 1291 pationem
665 1218 864 1287 excipit
891 1216 1080 1272 Petrus
1098 1228 1130 1267 a
1154 1211 1320 1267 Paulo
1342 1208 1722 1280 reprehensus,
1747 1214 1809 1261 ut
1832 1220 1954 1259 cum

362 1329 394 1367 a
415 1310 722 1380 coapostolo
749 1316 1023 1362 correctus
1035 1303 1211 1368 fuerit,
1233 1302 1374 1372 justa
1396 1314 1517 1355 cum
1546 1297 1738 1353 ﬁducia
1763 1296 1957 1352 deinde

367 1401 535 1472 possit
560 1399 854 1469 discipulos
880 1396 1165 1466 objurgare
1191 1410 1205 1447 :
1231 1401 1287 1448 et
1328 1390 1570 1462 arguitur
1609 1388 1824 1460 quidem
1850 1386 1955 1443 Pe-

365 1501 495 1556 trns,
527 1491 865 1560 corriguntur
883 1495 1062 1541 autem
1084 1481 1349 1552 discipuli.
1390 1480 1503 1536 Hoc
1534 1479 1696 1535 etiam
1724 1478 1778 1533 in
1820 1492 1955 1532 eon-

366 1583 624 1638 tractibus
673 1580 734 1635 ﬁt
774 1575 1140 1634 stecularibus.
1181 1571 1316 1629 Nam
1364 1571 1411 1627 si
1453 1570 1669 1642 quando
1711 1567 1954 1623 nonnulli

362 1674 597 1729 civilium
628 1672 945 1726 tributorum
967 1666 1171 1736 reliqua
1197 1664 1446 1727 debeant,
1471 1678 1535 1718 ac
1555 1660 1749 1718 deinde
1773 1660 1846 1714 illi
1863 1659 1955 1730 qui

363 1764 599 1820 exacturi
629 1768 756 1817 sunt
793 1759 910 1827 illa,
939 1773 1050 1814 non
1082 1756 1347 1822 audeant,
1379 1754 1475 1810 sed
1505 1754 1822 1810 erubescant
1863 1767 1957 1809 ve-

365 1858 663 1913 hementius
677 1855 794 1910 illos
815 1867 1023 1923 urgere,
1042 1858 1101 1906 ut
1112 1849 1369 1921 majorem
1384 1854 1599 1919 captent
1616 1846 1954 1903 occasionem

361 1964 425 2003 ac
446 1947 749 2003 facultatem
780 1945 884 2000 illis
910 1942 1279 2000 vehementius
1318 1938 1582 2006 instandi,
1625 1955 1656 1994 a
1684 1941 1955 1996 commili-

363 2039 577 2094 tonibus
605 2036 823 2107 spoliari
846 2050 905 2092 se
928 2043 1141 2101 curant,
1180 2039 1236 2088 et
1278 2030 1539 2087 conviciis
1579 2029 1743 2096 afﬁci,
1790 2040 1952 2101 atque

361 2131 482 2185 aliis
508 2127 803 2185 innumeris
826 2127 1007 2182 vexari
1046 2124 1202 2180 malis
1230 2125 1282 2178 in
1305 2132 1598 2193 conspectu
1626 2122 1864 2190 illorum,
1895 2133 1955 2180 ut

363 2222 488 2275 dum
516 2221 615 2274 ista
646 2219 800 2286 ﬁunt,
823 2232 1157 2288 nequaquam
1184 2231 1252 2271 ex
1277 2229 1356 2281 se,
1377 2222 1469 2270 aut
1496 2228 1592 2271 sua
1618 2223 1829 2285 sponte,
1857 2216 1952 2273 sed

360 2310 605 2380 imposita
626 2324 657 2364 a
684 2308 894 2364 eseteris
920 2305 1239 2363 necessitate
1259 2303 1542 2359 videantur
1568 2303 1690 2360 illos
1718 2320 1950 2376 urgere:

358 2411 413 2456 et
438 2401 580 2455 illata
605 2416 635 2454 a
660 2400 871 2455 ercteris
899 2397 1220 2454 contumelia
1248 2395 1389 2467 apud
1430 2395 1568 2452 alios
1615 2396 1747 2467 ipsis
1785 2396 1953 2453 obno-

361 2495 479 2549 xios
506 2492 868 2549 excusationis
892 2506 1076 2547 ansam
1099 2488 1421 2561 suppeditat.

431 2589 518 2641 17.
557 2584 662 2641 Cur
685 2602 738 2640 se
776 2586 925 2656 argui
957 2584 1169 2639 voluerit
1212 2582 1436 2647 Petrus;
1465 2581 1759 2636 simulatam
1785 2584 1949 2653 fuisse

358 2676 793 2745 reprehensionem
812 2674 1053 2730 ostendit.
1091 2704 1163 2716 -—
1203 2674 1314 2728 lloc
1345 2681 1401 2728 et
1431 2673 1483 2728 in
1512 2673 1676 2729 Paulo
1704 2689 1767 2729 ac
1791 2674 1951 2730 Petro

358 2769 572 2824 accidit.
631 2767 907 2822 Debebunt
972 2765 1116 2820 enim
1190 2764 1407 2835 reliqua
1445 2766 1697 2820 nonnulla
1756 2766 1946 2821 Judazi.

359 2862 614 2929 Quantam
643 2859 731 2914 illa
761 2857 961 2928 porro?
986 2853 1247 2912 Nimirum
1287 2865 1340 2910 ut
1370 2869 1401 2909 a
1434 2854 1709 2910 Judaismo
1738 2856 1951 2926 penitus

358 2952 708 3008 abstinerent.
746 2946 874 3005 Haec
898 2948 1099 3019 reliqua
1125 2946 1314 3002 Petrus
1336 2946 1684 3002 vehementer
1709 2955 1952 3016 repetere

359 3042 627 3112 cupiebat,
656 3049 711 3095 et
740 3055 927 3110 puram
954 3038 1022 3094 ab
1048 3038 1154 3092 illis
1180 3037 1338 3093 ﬁdem
1359 3037 1596 3108 exigere.
1636 3036 1769 3102 Cum
1791 3038 1952 3109 igitur

360 3134 618 3204 majorem
642 3132 949 3187 facultatem
975 3138 1031 3184 et
1058 3128 1395 3184 occasionem
1412 3127 1703 3183 exactionis
1718 3128 1953 3199 ejusmo-

360 3224 412 3278 di
439 3222 671 3277 nancisci
695 3221 873 3287 vellet,
898 3234 929 3273 a
956 3218 1121 3274 Paulo
1148 3232 1208 3273 se
1234 3217 1583 3273 vehementer
1608 3217 1869 3288 increpari
1897 3226 1954 3275 et

360 3314 629 3384 objurgari
657 3312 881 3379 curavit,
914 3319 970 3366 ut
990 3310 1107 3368 haec
1140 3309 1386 3365 simulata
1432 3309 1723 3379 increpatio
1751 3309 1951 3379 justam

361 3406 460 3475 ipsi
489 3404 745 3459 adversus
789 3403 908 3459 illos
933 3416 1123 3457 ansam
1162 3408 1220 3458 et
1269 3400 1608 3456 occasionem
1663 3400 1951 3470 praeberet.

362 3497 566 3552 ldcireo
585 3495 747 3550 etiam
772 3494 827 3547 in
855 3493 972 3562 ipso
988 3492 1162 3557 initio,
1185 3488 1253 3545 In
1276 3490 1478 3559 faciem,
1506 3490 1711 3560 inquit,
1742 3490 1842 3560 ipsi
1866 3508 1955 3547 re-

370 3590 496 3652 stiti,
526 3598 580 3643 et
606 3586 693 3641 hic
718 3598 925 3652 rursus,
954 3583 1079 3638 Dixi
1100 3581 1257 3637 Petro
1282 3597 1454 3636 coram
1476 3582 1725 3636 omnibus.
1745 3581 1877 3637 Nam
1906 3583 1954 3638 si

363 3680 577 3751 quidem
598 3678 814 3734 Petrum
841 3675 1113 3747 corrigere
1136 3673 1394 3730 voluisset
1417 3714 1433 3735 ,
1466 3673 1711 3743 privatim
1737 3673 1791 3729 id
1813 3673 1956 3745 egis-

363 3778 465 3833 set,
497 3768 591 3824 sed
618 3766 866 3838 quoniam
894 3778 1001 3819 non
1047 3762 1101 3819 id
1127 3770 1261 3829 erat,
1287 3761 1429 3833 quod
1456 3762 1696 3818 studiose
1736 3771 1958 3832 expete-

366 3861 456 3914 bat
484 3859 728 3929 (noverat
751 3856 894 3911 enim
915 3870 1017 3923 qua
1039 3859 1219 3909 mente
1240 3860 1433 3908 cuneta
1460 3852 1550 3906 illa
1570 3851 1820 3922 faceret),
1854 3852 1952 3908 sed

365 3966 481 4017 eos,
511 3950 603 4021 qui
628 3949 721 4004 diu
744 3946 1197 4010 claudieaverant,
1228 3945 1469 4001 stabilire
1492 3945 1762 4015 cupiebat,
1786 3945 1954 4000 idcir-

365 4059 431 4099 co
460 4043 512 4098 in
541 4050 830 4113 conspectu
868 4038 1107 4096 omnium
1143 4036 1362 4093 adhibet
1406 4036 1843 4107 increpationem.
1885 4038 1956 4091 At

368 4134 558 4191 Petrus
586 4132 834 4198 sustinet,
867 4140 922 4187 et
975 4138 1134 4194 tacet,
1157 4143 1334 4200 neque
1377 4126 1711 4184 contradicit.
1740 4126 1957 4183 Sciebat

366 4225 563 4296 quippe
590 4238 698 4294 quo
725 4222 906 4277 animo
933 4220 1130 4276 Paulus
1157 4219 1480 4287 increparet,
1497 4226 1552 4271 et
1577 4225 1745 4271 totum
1764 4216 1955 4272 Petrus

369 4316 593 4371 tacendo
635 4312 961 4384 perﬁciebat.
1001 4311 1132 4379 Ejus
1175 4309 1377 4379 quippe
1419 4308 1688 4363 silentium
1740 4308 1955 4364 Judaeos

366 4407 593 4462 docebat
621 4420 729 4459 non
766 4402 997 4471 amplius
1032 4400 1164 4469 legis
1191 4398 1381 4453 ritibus
1410 4397 1790 4453 adluerendum
1812 4412 1954 4453 esse.

366 4496 553 4567 Neque
577 4494 720 4549 enim
745 4493 998 4562 magister
1026 4489 1138 4560 ipse
1160 4488 1445 4553 tacuisset,
1471 4488 1779 4557 inquiebant
1799 4528 1816 4557 ,
1852 4488 1956 4543 nisi

368 4587 466 4640 sibi
480 4586 725 4640 conscius
751 4591 914 4648 esset,
938 4582 1131 4636 merito
1156 4593 1214 4633 se
1234 4593 1264 4632 a
1290 4577 1456 4632 Paulo
1478 4578 1640 4633 fuisse
1661 4580 1953 4649 reprehen-

369 4693 510 4733 sum.
540 4676 668 4741 Sed,
688 4677 733 4731 si
750 4677 943 4745 placet,
969 4675 1138 4744 ipsam
1154 4670 1626 4741 reprehensionem
1646 4650 1963 4727 audiamus].

369 4767 494 4823 Dixi
526 4765 681 4820 Petro
701 4780 869 4818 coram
900 4765 1128 4816 omnibus
1147 4803 1161 4825 ,
1194 4761 1381 4830 inquit,
1412 4759 1474 4815 Si
1503 4770 1586 4825 tu,
1609 4778 1723 4814 cum
1741 4760 1955 4817 Iudaeus

369 4863 460 4927 sis,
502 4855 753 4930 gentiliter
793 4853 933 4907 vivis.
984 4852 1357 4906 Animadverte
1404 4850 1735 4921 prudentiam
1784 4868 1798 4905 :
1847 4868 1954 4908 non

374 4951 507 5005 dixit
531 4948 601 5003 illi
627 4963 642 5002 :
668 4945 803 5000 Male
829 4944 963 5013 agis,
988 4942 1112 4996 dum
1154 4940 1366 5011 judaice
1389 4942 1523 4995 vivis
1555 4958 1568 4995 :
1593 4941 1685 4996 sed
1723 4942 1954 5012 priorem

371 5043 488 5111 ejus
526 5038 698 5109 arguit
723 5034 1200 5099 conversationem,
1235 5042 1294 5088 ut
1337 5050 1442 5088 non
1468 5033 1577 5102 jam
1601 5050 1665 5089 ex
1692 5036 1954 5090 sententia

372 5130 524 5187 Pauli
564 5125 856 5183 admonitio
905 5136 960 5179 et
1005 5123 1311 5189 consilium,
1344 5123 1439 5178 sed
1468 5139 1534 5179 ex
1565 5123 1704 5178 Petri
1751 5125 1955 5195 judicio

369 5224 479 5293 jam
506 5232 759 5289 expresso
796 5215 1042 5272 videatur
1082 5214 1284 5269 inferri.
1326 5214 1459 5269 Nam
1483 5216 1526 5270 si
1557 5216 1769 5285 quidem
1792 5218 1956 5272 dixis-

374 5321 477 5375 set,
509 5309 640 5363 lliale
658 5306 772 5376 agis
797 5306 836 5373 ί,
856 5304 981 5360 dum
1000 5305 1171 5374 legem
1188 5304 1463 5371 observas,
1488 5305 1955 5373 reprehendissent

376 5402 517 5458 Petri
538 5397 781 5467 discipuli
810 5414 824 5451 :
849 5396 959 5467 jam
991 5410 1117 5450 vero
1160 5410 1281 5448 eum
1324 5394 1565 5461 audiunt,
1596 5410 1701 5449 non
1741 5412 1861 5453 esse
1890 5415 1955 5454 ex

377 5502 553 5548 mente
583 5489 734 5545 Pauli
780 5485 1195 5543 admonitionem
1246 5487 1409 5551 illam,
1438 5485 1520 5540 vel
1546 5488 1953 5557 correctionem,

375 5584 468 5643 sed
498 5583 667 5651 ipsum
694 5581 910 5635 Petrum
934 5580 1003 5634 ita
1028 5580 1207 5633 vivere
1233 5578 1465 5642 solitum,
1492 5588 1546 5633 et
1573 5577 1687 5633 haec
1709 5579 1954 5650 dogmata

373 5675 428 5729 in
454 5674 633 5728 animo
663 5671 931 5739 habuisse,
966 5670 1158 5726 vellent
1188 5668 1385 5724 nollent
1410 5709 1426 5736 ,
1450 5668 1729 5741 quiescere
1752 5669 1957 5727 debue-

444 5788 462 5820 ³
496 5786 601 5848 Alii,
625 5788 740 5837 bene
760 5785 880 5850 agis.

1378 390 1448 447 lN
1488 390 1713 455 ILLUD,
1758 389 1825 445 IN
1866 389 2119 445 FACIEM
2161 395 2229 450 El
2275 393 2572 453 RESTlTl.

3532 376 3641 434 386

2067 490 2210 536 runt.
2252 482 2539 553 Pr0pterea
2582 498 2755 553 neque
2806 483 2998 539 Petrus
3040 483 3185 544 illam
3210 488 3529 544 sententiam
3557 489 3640 545 in-

2061 572 2311 638 troducit,
2333 588 2516 627 verum
2537 574 2606 628 ab
2621 572 2791 627 altero
2819 588 2879 628 se
2901 573 3137 644 coargui,
3165 574 3267 631 hoc
3288 585 3371 631 est
3393 592 3422 631 a
3451 577 3638 645 Paulo,

2061 665 2340 750 permittit,
2365 674 2420 720 et
2447 666 2590 732 silet,
2619 674 2677 721 ut
2703 666 2943 722 doctrina
2975 666 3181 723 facilius
3207 668 3376 738 possit
3410 670 3640 728 admitti.

2134 756 2223 812 18.
2262 756 2448 827 Neque
2503 772 2632 813 vero
2676 767 2883 813 tantum
2935 757 3061 813 inde
3109 758 3257 814 Pauli
3307 761 3642 830 prudentiam

2060 857 2305 918 spectare
2332 849 2477 916 licet,
2505 848 2601 905 sed
2620 864 2685 905 ex
2721 850 2786 904 iis
2810 850 2993 915 etiam,
3022 865 3142 919 qua:
3176 850 3371 907 deinde
3398 864 3522 908 sunt
3563 851 3647 908 di-

2059 949 2164 995 cta.
2204 938 2320 996 Non
2344 940 2485 994 enim
2515 940 2668 1004 dixit,
2695 939 2751 995 Si
2773 949 2851 1006 tu,
2877 955 2997 995 cum
3022 939 3239 997 Judteus
3256 941 3353 1009 sis,
3377 944 3645 1013 gentiliter

2059 1032 2293 1097 vivebas,
2324 1042 2380 1088 et
2400 1048 2503 1087 non
2531 1032 2770 1099 iudaice,
2798 1031 2893 1087 sed
2920 1031 3057 1086 Vivis
3080 1048 3097 1086 :
3122 1031 3299 1104 itaque
3318 1049 3460 1089 nunc
3481 1036 3643 1091 etiam

2057 1123 2300 1179 eamdem
2326 1124 2644 1178 sententiam
2673 1125 2913 1192 sequeris
2942 1124 3225 1194 :quodque
3249 1125 3469 1179 multam
3505 1126 3644 1197 sapit

2060 1215 2395 1285 prudentiam
2425 1255 2442 1281 ,
2497 1230 2623 1269 mox
2673 1214 2938 1284 adjicitur.
2999 1215 3132 1270 Cum
3181 1216 3324 1271 enim
3372 1217 3640 1285 dixisset,

2060 1306 2324 1362 Gentiliter
2356 1308 2498 1372 uiuis,
2529 1324 2646 1361 cum
2693 1305 2908 1362 Judazus
2949 1308 3040 1375 sis,
3063 1322 3171 1362 non
3217 1308 3487 1378 adjunxit,‘
3536 1309 3646 1367 Cur

2058 1395 2274 1453 Judazos
2294 1397 2441 1467 cogis
2464 1395 2768 1465 judaizare?
2798 1396 2891 1450 sed
2916 1397 3081 1465 quid?
3100 1396 3206 1451 Cur
3228 1406 3416 1468 gentes,
3449 1398 3640 1468 inquit,

2069 1490 2207 1558 cogis
2239 1486 2551 1558 judaizare?
2577 1495 2635 1542 ut
2671 1485 2796 1541 dum
2823 1486 2921 1540 sibi
2948 1485 3238 1555 discipulos
3276 1503 3402 1543 suos
3437 1488 3646 1545 videtur

2057 1580 2346 1646 vindicare,
2374 1589 2429 1635 et
2452 1578 2521 1634 de
2555 1578 2801 1649 gentibus
2829 1592 2949 1632 esse
2982 1576 3479 1650 sollicitus,.lud:eis
3521 1593 3645 1634 sua-

2056 1675 2199 1735 deat,
2227 1682 2286 1728 ut
2316 1672 2385 1728 ab
2403 1671 2620 1741 antiqua
2669 1666 3053 1725 consuetudine
3077 1669 3351 1725 recedant.
3386 1669 3518 1725 Nam
3570 1672 3644 1726 si-

2058 1766 2311 1821 mulatam
2353 1778 2474 1819 esse
2494 1762 2995 1832 reprehensionem,
3024 1776 3091 1816 ex
3112 1761 3175 1815 iis
3198 1760 3329 1831 ipsis
3355 1776 3476 1832 qua:
3501 1762 3641 1817 dicta

2056 1866 2202 1925 sunt,
2230 1857 2418 1927 liquet.
2458 1855 2591 1910 Cum
2637 1853 2778 1909 enim
2819 1852 2978 1922 paulo
3029 1861 3154 1907 ante
3194 1850 3435 1919 dixisset,
3464 1853 3641 1907 Abdu-

2055 1951 2294 2005 eebantur
2318 1964 2432 2002 cum
2453 1964 2510 2002 eo
2528 1946 2697 2001 caeteri
2720 1944 2894 1999 Judaei
2907 1985 2923 2009 ,
2950 1943 3051 1998 hoc
3080 1943 3197 2009 loco
3221 1943 3320 2010 ait,
3345 1943 3449 1999 Cur
3472 1953 3641 2015 gentes

2056 2039 2521 2113 cogisjudaizare?
2574 2038 2733 2106 Atqui
2781 2034 3063 2090 dicendum
3106 2042 3243 2103 erat,
3282 2034 3395 2089 Cur
3427 2032 3643 2090 Iudaeos

2055 2133 2203 2204 cogis
2221 2130 2527 2202 jndaizare?
2554 2129 2655 2196 Qui
2686 2129 2828 2184 enim
2857 2126 3023 2183 simul
3043 2125 3259 2181 abducti
3273 2125 3506 2194 fuerant,
3534 2142 3642 2184 non

2054 2240 2120 2281 ex
2146 2223 2393 2296 gentibus
2420 2230 2616 2287 erant,
2644 2219 2739 2276 sed
2776 2218 2970 2275 Judzei.
3016 2218 3393 2274 Verumtamen
3434 2218 3483 2274 si
3539 2218 3643 2276 hoc

2055 2315 2301 2380 dixisset,
2348 2313 2508 2384 paulo
2561 2310 2803 2381 asperior
2830 2309 2942 2363 visa
2985 2316 3131 2364 esset
3164 2308 3359 2375 oratio,
3401 2323 3503 2365 nec
3534 2310 3645 2364 ullo

2054 2406 2217 2463 modo
2234 2406 2284 2461 ei
2304 2403 2653 2469 conveniens,
2677 2400 2871 2473 quippe
2886 2398 2978 2471 qui
2998 2399 3235 2470 gentium
3253 2398 3444 2454 doctor
3461 2408 3607 2455 esset
3625 2415 3641 2454 :

2049 2498 2161 2567 jam
2181 2511 2309 2553 vero
2338 2509 2434 2566 per
2461 2493 2696 2566 speciem
2719 2491 3046 2548 defensionis
3074 2499 3129 2546 et
3146 2504 3290 2546 curat
3312 2504 3529 2546 suorum
3560 2488 3643 2546 di-

2054 2588 2378 2657 scipulorum
2394 2628 2410 2652 ,
2428 2586 2716 2641 immunem
2739 2598 2801 2639 ac
2821 2582 3042 2638 liberam
3053 2581 3474 2652 obiurgationem
3492 2594 3644 2637 suam

2054 2679 2250 2735 reddit.
2272 2680 2445 2750 Atque
2482 2675 2864 2747 utintelligatis
2902 2673 3196 2729 orationem
3227 2671 3371 2727 illam
3403 2686 3508 2727 non
3531 2671 3643 2743 jam

2053 2770 2522 2840 reprehensionem
2573 2768 2714 2823 Petri
2752 2766 2949 2832 fuisse,
2973 2764 3066 2822 sed
3097 2763 3512 2820 admonitionem
3532 2803 3550 2830 ,
3582 2779 3646 2820 ac

2054 2862 2350 2916 doctrinam
2380 2859 2579 2916 Jttdteis
2604 2875 2700 2929 per
2752 2858 2985 2928 speciem
3026 2855 3458 2926 reprehensionis
3503 2854 3646 2910 Petri

2054 2953 2345 3008 adhibitam
2367 2991 2383 3020 ,
2418 2951 2539 3007 audi
2566 2966 2687 3021 qua:
2728 2958 3021 3019 sequuntur
3049 2962 3063 3001 :
3110 2947 3222 3001 Nos
3243 2956 3425 3001 natura
3450 2946 3645 3016 Iudici,

2054 3052 2103 3098 et
2140 3060 2241 3098 non
2264 3041 2568 3113 exgentibus
2607 3049 2888 3110 peceatores
2914 3036 3059 3107 (Gal.
3097 3036 3153 3091 2.
3190 3037 3305 3109 15).
3350 3036 3476 3092 Haec
3499 3039 3645 3093 enim

2049 3134 2162 3206 jam
2206 3143 2332 3190 sunt
2369 3133 2533 3189 verba
2576 3131 2839 3197 docentis,
2889 3128 3155 3199 nequead
3197 3128 3413 3184 Petrum
3455 3137 3645 3184 cuncta

2054 3225 2380 3292 referuntur,
2404 3223 2498 3279 sed
2516 3222 2816 3278 orationem
2843 3218 3017 3274 reddit
3035 3233 3394 3274 communem.
3414 3218 3472 3275 Si
3494 3219 3641 3275 enim

2056 3325 2324 3386 tamquam
2362 3315 2564 3370 docens
2611 3313 2679 3367 ab
2721 3312 2872 3366 initio
2926 3309 3041 3365 ha‘c
3080 3308 3485 3379 introduxisset,
3537 3324 3646 3367 non

2057 3407 2304 3462 tulissent
2331 3405 2499 3460 Judazi
2527 3421 2541 3470 ;
2566 3403 2675 3472 jam
2699 3417 2828 3456 vero
2851 3416 2974 3455 cum
3006 3400 3156 3456 initio
3173 3415 3203 3453 a
3225 3400 3646 3469 reprehensione

2056 3498 2240 3563 ducto,
2257 3506 2312 3551 et
2337 3495 2480 3565 quod
2505 3494 2747 3547 videatur
2765 3490 2958 3545 merito
2985 3490 3200 3545 Petrum
3224 3489 3643 3559 reprehendere,

2056 3599 2117 3644 ut
2143 3588 2231 3658 qui
2251 3599 2541 3642 conversos
2559 3599 2625 3639 ex
2649 3580 2899 3652 gentibus
2918 3579 2983 3634 ad
3010 3580 3142 3650 legis
3167 3581 3361 3634 rituum
3384 3580 3646 3636 observa-

2058 3683 2256 3738 tionem
2284 3680 2500 3734 allicere
2519 3663 2790 3731 videretur
2808 3715 2823 3738 ,
2851 3674 3043 3729 transit
3074 3671 3269 3728 deinde
3311 3672 3645 3729 conﬁdenter

2058 3774 2123 3830 ad
2150 3771 2569 3829 admonitionem
2600 3777 2657 3823 ct
2680 3766 2996 3830 consilium,
3032 3764 3187 3834 quasi
3228 3764 3298 3820 ab
3339 3766 3454 3835 ipsa
3500 3766 3643 3821 serie

2060 3872 2339 3931 tractuque
2362 3859 2628 3916 sermonis
2645 3872 2713 3912 eo
2736 3856 2950 3912 delatus
2978 3854 3187 3909 fuisset.
3215 3852 3293 3909 Ne
3314 3854 3458 3909 enim
3488 3853 3643 3924 quis-

2057 3956 2199 4027 piam
2225 3953 2361 4007 forte
2379 3966 2501 4007 cum
2529 3947 2806 4015 audiisset,
2840 3946 3023 4002 Gentes
3046 3946 3183 4016 cogis
3196 3944 3489 4016 judicium,
3513 3945 3644 4001 solis

2059 4044 2167 4101 illis
2196 4051 2407 4115 putaret
2426 4041 2703 4112 judaizare
2730 4054 2840 4094 non
2878 4052 3001 4094 esse
3044 4037 3367 4107 permissum
3384 4077 3400 4103 ,
3426 4037 3522 4093 sed
3545 4037 3645 4093 Ju-

2057 4136 2190 4192 dzeis
2218 4134 2401 4199 licere,
2422 4133 2718 4189 orationem
2749 4129 2944 4201 redigit
2958 4128 3027 4185 ad
3053 4129 3200 4199 ipsos
3213 4128 3482 4184 doctores.
3504 4129 3643 4197 Quid

2059 4242 2160 4299 ego
2180 4226 2248 4282 de
2269 4224 2535 4296 gentibus,
2568 4222 2758 4293 inquit,
2781 4228 2874 4275 aut
2909 4220 3131 4290 reliquis
3173 4218 3373 4274 ludatis
3415 4218 3643 4290 loquor?

2060 4317 2173 4372 lmo
2200 4316 2362 4372 etiam
2382 4314 2631 4369 doctores
2659 4326 2756 4367 nos
2784 4321 2840 4366 et
2862 4309 3114 4381 apostoli.
3156 4309 3339 4381 Neque
3351 4310 3451 4364 hoc
3470 4309 3643 4365 solum

2059 4420 2237 4462 causae
2284 4406 2676 4458 ﬁrmamentum
2707 4401 2894 4467 aﬁ'ert,
2922 4400 3017 4455 sed
3045 4401 3205 4455 etiam
3254 4400 3394 4470 quod
3441 4415 3540 4455 nos
3577 4415 3645 4455 ex

2061 4494 2292 4566 posteris
2342 4493 2511 4549 Judaei
2558 4492 2769 4563 penitus
2802 4507 2833 4547 a
2882 4490 2999 4561 lege
3044 4489 3471 4545 discesserimus.
3513 4490 3644 4559 Qua:

2062 4586 2219 4642 nobis
2245 4585 2404 4656 igitur
2427 4584 2539 4638 dari
2567 4583 2718 4638 venia
2742 4582 2956 4653 poterit,
2988 4580 3033 4637 si
3063 4588 3291 4636 caeteros
3313 4579 3379 4635 ad
3402 4580 3502 4634 boe
3523 4596 3644 4650 per-

2060 4678 2370 4733 trahamus?
2390 4674 2551 4731 Vides
2575 4685 2634 4730 ut
2657 4674 2872 4730 Judteos
2892 4674 3097 4729 occulte
3130 4682 3333 4743 carpat,
3360 4683 3417 4729 ct
3439 4673 3643 4729 doctri-

2062 4784 2184 4823 nam
2214 4766 2505 4837 perfectam
2531 4764 2857 4820 eonstituat?
2892 4765 3026 4819 Cum
3058 4764 3200 4820 enim
3243 4764 3465 4819 dixisset
3487 4805 3502 4828 ,
3532 4763 3644 4818 Nos

2062 4868 2247 4912 natura
2270 4856 2442 4911 Iudici
2469 4895 2485 4921 ,
2506 4864 2555 4910 et
2583 4873 2683 4910 non
2718 4871 2781 4909 ea:
2805 4855 3053 4926 gentibus,
3078 4866 3363 4925 peccatores
3388 4871 3409 4909 :
3433 4865 3487 4909 et
3513 4870 3645 4909 cau-

2061 4965 2174 5005 Sam
2202 4949 2357 5005 aﬁ'ert
2382 4949 2574 5003 rationi
2604 4957 3019 5003 consentaneum
3038 4946 3107 5001 ob
3132 4962 3289 5015 quam
3314 4961 3346 5000 a
3367 4944 3643 5001 Judaismo

2062 5040 2403 5096 desciverant
2437 5053 2453 5092 :
2484 5038 2747 5106 Scientes,
2775 5038 2910 5108 quod
2947 5054 3049 5090 non
3068 5036 3385 5107 justiﬁcatur
3414 5036 3565 5090 homo
3584 5049 3647 5090 ea:

2062 5134 2295 5204 operibus
2324 5133 2446 5203 legis
2466 5172 2481 5196 ,
2514 5132 2611 5185 nisi
2641 5147 2730 5201 per
2762 5130 2912 5199 ﬁdem
2938 5128 3064 5183 Jestt
3092 5126 3279 5184 Christi
3300 5143 3322 5183 :
3345 5144 3437 5182 nos
3455 5143 3648 5197 quoque

2062 5226 2115 5279 in
2141 5224 2398 5279 Christum
2430 5222 2608 5278 Iesum
2650 5222 2989 5287 credidimus,
3018 5230 3070 5273 ut
3096 5220 3438 5291 justiﬁcemur
3460 5235 3523 5273 ea:
3544 5218 3648 5287 ﬁde

2061 5316 2270 5382 Christi,
2305 5325 2474 5368 etnon
2502 5329 2564 5368 ea:
2590 5313 2822 5381 operibus
2847 5313 2989 5382 legis,
3029 5326 3087 5365 eo
3134 5309 3271 5378 quod
3316 5324 3417 5361 non
3446 5307 3645 5377 justifi-

2063 5422 2202 5464 cetur
2222 5409 2370 5463 homo
2396 5424 2459 5461 ea:
2484 5406 2718 5476 operibus
2756 5406 2902 5476 legis,
2935 5403 3031 5457 nisi
3054 5419 3144 5473 per
3169 5402 3320 5471 [idem
3346 5398 3471 5453 Iesu
3495 5398 3636 5454 Chri-

2061 5502 2127 5555 sti
2158 5498 2298 5567 (Gal.
2326 5498 2382 5552 2.
2415 5499 2525 5564 te).

2134 5582 2221 5635 i9.
2256 5580 2633 5648 Inﬁrmitatem
2660 5579 2787 5650 legis
2819 5578 3046 5633 inculcat
3073 5574 3628 5647 apostolum—Vides

2062 5679 2122 5725 ut
2150 5670 2817 5740 lrequenterinfirmitatis
2838 5670 2971 5741 legis
3000 5669 3164 5725 faciat
3198 5671 3553 5737 mentionem,
3574 5676 3633 5726 et

2058 5762 2287 5833 justiti-.e
2301 5780 2422 5835 qua:
2436 5771 2595 5819 estex
2612 5762 2748 5819 tute?
2763 5762 2829 5819 Et
2843 5763 3042 5821 crebro
3055 5764 3369 5822 inculcatea
3382 5763 3625 5828 nomina,
