4060 6260
420 393 525 447 587

419 499 558 568 quod
583 515 686 553 non
717 508 798 554 est
826 497 1264 567 repreliendentis
1284 539 1298 562 ,
1327 496 1420 552 sed
1447 495 1689 552 docentis
1718 503 1771 549 et
1797 509 1995 550 consu-

419 592 598 647 lentis.
628 593 846 656 Verum,
873 600 932 647 ut
958 591 1198 648 dicebam
1224 633 1238 656 ,
1268 591 1312 646 si
1337 592 1549 662 quidem
1574 634 1588 658 ,
1617 601 1674 646 ut
1703 593 1755 645 in
1785 589 1998 646 Iudaeos

419 682 762 737 inveberetur
781 721 797 747 ,
831 681 946 737 iure
971 682 1211 748 diceret,
1239 692 1414 736 actum
1444 691 1620 747 esset,
1653 697 1715 736 ac
1744 695 1829 735 res
1857 689 1998 736 esset

413 773 573 841 plane
613 771 884 842 deplorata
909 813 924 838 ,
955 772 1095 842 quod
1127 772 1200 825 illi
1232 771 1388 841 hujus
1429 771 1728 826 doctrinam
1777 771 1996 825 minime

415 861 618 916 ferrent
645 880 659 916 :
688 862 938 930 quoniam
985 873 1160 916 autem
1201 862 1265 916 ad
1295 861 1510 916 Petrum
1537 861 1835 915 orationem
1863 875 1999 914 con-

411 953 600 1016 vertit,
633 951 705 1005 illi
730 951 867 1006 clam
912 952 1187 1006 utilitatem
1234 952 1626 1022 percipiebant,
1655 951 1781 1004 dum
1809 966 1994 1020 repre-

413 1043 734 1098 henderetur
755 1059 820 1098 ac
846 1052 1045 1098 taceret
1064 1043 1271 1108 Petrus,
1289 1043 1509 1113 ejusque
1531 1043 1791 1096 sententia
1822 1041 1996 1097 omnis

413 1135 750 1204 detegeretur
784 1151 888 1188 non
918 1135 986 1189 ab
1030 1136 1180 1204 ipso,
1207 1135 1300 1189 sed
1330 1151 1359 1189 a
1390 1133 1696 1204 coapostolo
1717 1175 1730 1196 ,
1760 1142 1816 1187 et
1853 1133 1997 1202 prior

409 1221 528 1292 ejus
557 1227 891 1280 conversatio
919 1226 969 1278 in
1002 1225 1230 1280 medium
1264 1225 1607 1294 proferretur.
1642 1224 1842 1279 Deinde
1867 1240 1995 1278 vero

410 1332 478 1371 ne
524 1317 664 1386 apud
711 1332 769 1371 se
795 1317 1277 1386 dicerent:ltaque
1322 1317 1445 1370 licet
1489 1317 1676 1370 Petrus
1713 1324 1766 1369 et
1801 1315 1994 1369 Paulus

405 1421 686 1476 perperam
716 1408 958 1476 egerint:
976 1407 1144 1476 justas
1172 1418 1225 1462 et
1252 1407 1572 1460 indubitatas
1593 1405 1748 1461 all'ert
1775 1421 1986 1472 causas,

405 1497 476 1551 ob
529 1513 660 1566 quas
711 1496 942 1552 Judaicis
984 1497 1173 1551 ritibus
1219 1496 1600 1551 adhmrendum
1633 1513 1738 1550 non
1774 1507 1873 1550 est.
1906 1497 1994 1549 Ea:

406 1602 539 1642 vero
582 1595 741 1653 sunt,
781 1587 920 1656 quod
947 1586 1235 1656 iustificam
1272 1586 1356 1640 lex
1409 1587 1627 1640 minime
1672 1586 1991 1656 possit,sed

412 1679 546 1734 lides
595 1688 818 1732 tantum.
867 1680 1038 1746 Atque
1081 1677 1188 1748 hic.
1215 1677 1428 1748 quidem
1467 1678 1573 1733 leni
1615 1693 1679 1732 ac
1723 1677 1993 1732 moderata

410 1771 575 1824 utitur
623 1769 905 1824 oratione:
938 1783 1250 1838 progressus
1293 1779 1467 1824 autem
1513 1769 1783 1838 paululum
1825 1772 1991 1823 vehe-

409 1861 727 1914 mentiorem
775 1859 992 1915 adhibet
1031 1869 1086 1914 et
1127 1862 1406 1915 acriorem.
1451 1862 1599 1928 Quod
1639 1862 1682 1916 si
1720 1872 1992 1934 qurerentrs

406 1952 674 2016 iustiﬁcari
713 1951 764 2004 in
810 1951 1010 2005 Christo
1056 1951 1245 2004 inventi
1271 1967 1441 2005 smnus
1469 1962 1517 2006 et
1556 1953 1654 2022 ipsi
1685 1963 1988 2021 peccatores,

406 2061 525 2098 num
563 2044 787 2098 Christus
823 2044 1011 2113 peccati
1052 2045 1274 2098 minister
1292 2054 1362 2098 est
1396 2043 1586 2115 (Galut.
1606 2045 1663 2100 ‘2.
1693 2043 1816 2111 l7)?
1841 2045 1989 2112 Quod

405 2143 582 2198 autem
611 2135 740 2189 dicit
767 2136 921 2190 talem
952 2137 1268 2196 sententiam
1299 2137 1456 2192 habet
1488 2137 1693 2196 :,Fidcs
1714 2139 1985 2207 justilicat,

403 2235 458 2279 et
479 2240 510 2278 a
537 2225 724 2280 ritibus
749 2225 984 2280 Judaicis
999 2226 1149 2296 jubet
1173 2226 1466 2294 discedere,
1492 2238 1548 2283 ut
1576 2230 1664 2298 qui
1681 2228 1790 2298 jam
1815 2243 1990 2283 cessa-

402 2318 511 2372 rint
535 2335 547 2369 :
571 2317 710 2388 quod
737 2318 783 2372 si
823 2318 998 2374 adhuc
1027 2319 1111 2373 lex
1139 2320 1364 2388 imperat
1389 2330 1546 2390 atque
1571 2321 1872 2375 dominatur
1897 2362 1909 2384 ,
1939 2330 1992 2376 et

400 2410 488 2477 qui
513 2423 630 2464 eam
655 2408 967 2476 deseruerit,
987 2410 1432 2479 prmvaricationis
1451 2421 1533 2467 est
1562 2427 1702 2476 reus,
1725 2411 1989 2482 Christus,-

401 2502 492 2569 qui
537 2502 722 2564 nobis,
755 2513 809 2556 ut
856 2503 998 2557 illam
1043 2505 1450 2571 desereremus,
1488 2507 1802 2576 imperavit,
1834 2507 1988 2562 nobis

403 2590 852 2657 prmvaricationis
880 2601 1067 2646 auctor
1093 2591 1254 2648 fuisse
1273 2597 1588 2663 reperietur,
1617 2611 1789 2664 neque
1817 2596 1988 2651 solum

405 2693 505 2732 nos
535 2690 752 2748 peccato
782 2695 888 2734 non
917 2681 1188 2746 liberasse,
1221 2684 1315 2737 sed
1347 2694 1400 2738 et
1426 2686 1479 2738 in
1509 2695 1781 2754 peccatum
1813 2687 1987 2756 impu-

401 2769 548 2828 lisse.
583 2769 638 2824 Si
679 2771 822 2824 enim
865 2772 934 2826 ob
979 2771 1135 2830 ﬁdem
1164 2773 1334 2844 legem
1375 2775 1706 2832 deseruimus
1729 2819 1743 2843 ,
1770 2793 1932 2850 porro
1957 2794 1987 2833 a

407 2859 522 2928 lege
568 2859 882 2915 discessisse
926 2872 1202 2930 peccatum
1231 2873 1314 2918 est
1333 2905 1347 2930 ,
1378 2865 1508 2920 fides
1531 2867 1600 2921 ob
1627 2883 1784 2937 quam
1815 2869 1986 2938 legem

400 2951 752 3017 deseruimus,
789 2952 899 3021 ipsa
923 2953 1073 3011 nobis
1101 2953 1235 3009 facta
1265 2965 1347 3012 est
1371 2972 1529 3012 causa
1561 2961 1782 3028 peccati.
1810 2958 1991 3026 Quan-

403 3043 472 3097 do
497 3053 671 3098 autem
699 3045 766 3098 ad
787 3044 1074 3100 absurdum
1097 3047 1206 3115 jam
1233 3064 1534 3106 sermonem
1561 3053 1780 3124 redegit,
1813 3070 1987 3123 neque

403 3135 506 3188 ulla
557 3134 1010 3192 demonstratione
1073 3138 1296 3208 indiguit
1342 3139 1409 3194 ad
1472 3142 1841 3206 refutandum,
1891 3144 1985 3198 sed

399 3235 682 3279 contentus
708 3225 805 3278 fuit
833 3226 1013 3283 dicere
1037 3269 1052 3295 ,
1084 3227 1252 3294 Absit,
1281 3231 1420 3300 quod
1451 3232 1749 3287 absurditas
1780 3235 1832 3288 in
1857 3250 1988 3288 con-

401 3313 540 3369 fesso
573 3324 770 3376 esset:
802 3315 862 3369 Si
903 3319 1070 3383 enim,
1114 3319 1313 3386 inquit,
1360 3337 1470 3389 quin
1518 3323 1776 3388 ἄρδιν·αωὶ,
1805 3324 1986 3376 iterum

402 3408 510 3460 hwc
534 3408 752 3476 mli/ica,
777 3409 1208 3473 praevaricatorem
1235 3427 1311 3463 me
1336 3413 1580 3466 constituo
1602 3413 1742 3483 (Gal.
1767 3413 1820 3468 2.
1853 3416 1938 3483 18)
1969 3434 1982 3469 :

400 3499 453 3549 in
479 3497 804 3550 contrarium
832 3498 1098 3552 convertit
1123 3499 1418 3554 orationem
1445 3542 1459 3565 ,
1491 3511 1546 3556 et
1574 3504 1838 3568 ostendit,
1875 3522 1978 3560 non

399 3588 698 3657 transgredi
727 3589 896 3656 legem
921 3629 936 3653 ,
968 3587 1059 3642 sed
1090 3589 1256 3658 legem
1287 3606 1392 3644 non
1421 3591 1691 3657 deserere,
1719 3595 1817 3649 hoc
1844 3611 1982 3664 prte-

395 3680 744 3732 varicatorem
775 3678 1035 3743 reddere;
1067 3689 1120 3734 et
1153 3695 1245 3749 per
1273 3681 1504 3749 speciem
1536 3686 1763 3752 promite
1795 3701 1981 3754 perso-

400 3786 482 3823 na:
508 3784 692 3824 rursus
720 3770 931 3824 Petrum
955 3770 1215 3840 designat.
1246 3771 1302 3826 In
1333 3789 1436 3841 quo
1461 3775 1604 3828 enim
1631 3775 1818 3830 Petrus
1839 3777 1988 3831 cibo-

403 3876 520 3913 rum
553 3860 977 3915 observationem
1019 3862 1232 3916 violavit
1256 3904 1270 3924 ,
1296 3864 1387 3932 qui
1420 3865 1686 3933 gentiliter
1728 3876 1986 3923 statuerat

400 3951 622 4006 vivere?
653 3950 782 4004 Cum
827 3950 984 4020 igitur
1027 3952 1092 4006 ad
1138 3951 1351 4010 Judceos
1405 3954 1595 4008 iterum
1645 3957 1898 4021 redierit,
1931 3969 1986 4014 et

396 4057 516 4094 cum
545 4041 645 4094 illis
669 4041 1152 4112 vivat,reperietur
1183 4044 1444 4100 tedificare
1472 4061 1592 4116 quae
1629 4047 1981 4105 destrinxerat.

473 4131 562 4184 9.0.
606 4130 764 4186 Vides
792 4146 898 4200 quo
924 4142 1077 4200 pacto
1108 4133 1301 4202 ubique
1324 4135 1375 4189 in
1409 4136 1853 4194 condemnatione
1883 4141 1986 4196 Pc-

401 4226 466 4278 tri
499 4224 718 4286 luerent,
750 4233 802 4278 et
831 4227 1060 4290 priorem
1086 4225 1253 4292 ipsius
1277 4229 1733 4281 conversationem
1761 4231 1985 4285 manife-

398 4324 538 4368 stet:
565 4322 616 4365 ut
634 4328 766 4420 rn/o_n‘
777 4329 806 4366 a
833 4312 1007 4382 lingua
1040 4313 1219 4380 Pauli,
1250 4314 1343 4370 sed
1369 4331 1398 4370 a
1429 4325 1607 4374 mente
1634 4317 1798 4388 Petri,
1823 4336 1980 4391 quam

1119 385 1174 441 S.
1211 383 1490 441 JOANNIS
1527 381 1997 438 CHRYSOSTOMI
2035 381 2355 442 ARCHIEP.
2395 385 2935 444 CONSTANTINOP.

3585 397 3686 454 388

2104 497 2265 551 rebus
2291 497 2419 568 ipsis
2445 497 2782 566 ostenderat,
2814 498 2980 554 Judaei
3009 497 3421 556 admonitionem
3447 505 3688 572 πόνοιο

2101 587 2420 643 videantur?
2444 590 2732 659 Propterea
2758 590 2887 645 dicit
2914 608 2926 644 :
2957 589 3159 646 Timens
3183 607 3267 646 eos
3289 593 3375 662 qui
3396 609 3458 648 ea:
3483 595 3686 648 circum-

2101 680 2288 732 cisione
2318 691 2493 748 erant,
2523 689 2577 735 et
2605 681 2736 750 Quia
2771 683 3102 755 reprehensus
3135 693 3277 748 erat;
3305 695 3360 739 et
3389 687 3538 751 Quod
3586 705 3685 742 non

2099 781 2234 826 recte
2257 773 2534 827 ambularet
2559 775 2627 827 ad
2653 776 2909 830 veritatem
2933 778 3196 847 evangelii.
3217 777 3330 832 Non
3361 779 3502 849 quod
3533 781 3604 835 ita
3625 797 3684 836 se

2102 862 2321 918 haberet
2348 881 2362 918 :
2389 865 2557 931 absit;
2589 865 2691 920 hoc
2711 868 2854 921 enim
2885 868 3129 938 pluribus
3156 868 3638 927 demonstravimus
3666 889 3682 926 ε

2099 955 2194 1010 sed
2213 957 2658 1026 quemadmodum
2688 967 2799 1013 tum
2823 961 3075 1029 temporis
3101 962 3526 1030 reprehendebat
3547 963 3680 1016 Pau-

2099 1046 2201 1110 lus,
2225 1057 2280 1103 et
2309 1047 2423 1103 haec
2449 1049 2676 1104 audiens
2707 1050 2894 1105 Petrus
2925 1051 3134 1106 tacebat
3153 1091 3169 1115 ,
3199 1067 3266 1106 ne
3290 1051 3434 1107 Pauli
3465 1054 3683 1122 dispen-

2097 1137 2358 1192 sationem
2390 1148 2672 1205 everteret,
2699 1147 2753 1194 et
2781 1148 3064 1195 contentus
3087 1150 3202 1194 erat
3228 1141 3376 1210 quasi
3407 1157 3512 1195 non
3536 1151 3680 1196 recte

2098 1235 2312 1296 ageret,
2333 1227 2750 1297 objurgationem
2791 1230 3069 1284 admittere
3091 1271 3106 1294 ,
3134 1241 3192 1284 ut
3232 1231 3364 1284 illud
3393 1230 3492 1286 sibi
3544 1232 3680 1301 apud

2098 1317 2388 1387 discipulos
2427 1319 2754 1373 excusationi
2797 1329 2975 1374 esset:
3008 1322 3078 1374 ita
3124 1321 3376 1376 nimirum
3418 1338 3556 1377 nunc
3584 1323 3681 1377 iste

2097 1409 2283 1462 eodem
2327 1409 2558 1462 consilio
2588 1424 2694 1478 quo
2736 1410 2951 1463 Petrum
2984 1410 3271 1478 arguebat,
3305 1411 3419 1464 lucc
3459 1409 3679 1479 scribit,

2097 1513 2215 1568 quzc
2242 1508 2358 1553 tum
2378 1499 2646 1553 scribebat
2673 1499 2738 1553 ad
2777 1499 3012 1554 Galatas.
3035 1500 3164 1554 Nam
3199 1501 3242 1554 si
3271 1511 3382 1554 tum
3411 1501 3674 1571 objurgari

2098 1590 2310 1644 Petrum
2336 1631 2350 1656 ,
2379 1600 2432 1644 et
2478 1601 2654 1646 tacere
2681 1631 2697 1658 ,
2730 1592 2859 1646 utile
2883 1591 3083 1646 Iudaeis
3120 1602 3232 1646 erat
3253 1632 3268 1658 ,
3301 1593 3476 1646 multo
3513 1594 3679 1663 magis

2096 1697 2238 1735 nunc
2275 1682 2438 1735 etiam
2476 1682 2572 1736 ista
2600 1681 2665 1736 de
2707 1682 2823 1752 ipso
2867 1682 3172 1752 przcdicari,
3204 1684 3332 1738 utile
3360 1685 3422 1737 iis
3460 1664 3666 1738 eratet:

2095 1771 2297 1825 Galatis
2322 1812 2336 1836 ,
2364 1773 2452 1840 qui
2485 1772 2692 1826 fuerant
2718 1772 3007 1841 depravati.
3040 1773 3106 1828 Ut
3129 1773 3269 1827 enim
3303 1776 3395 1842 qui
3425 1785 3535 1828 tum
3563 1777 3672 1828 An-

2097 1861 2306 1914 tiochia:
2329 1861 2612 1931 degebant,
2636 1877 2754 1916 cum
2781 1863 2974 1916 acriter
2994 1863 3375 1930 reprehensum
3393 1874 3676 1917 cernerent

2097 1951 2308 2006 Petrum
2335 1993 2351 2018 ,
2382 1965 2436 2005 et
2465 1961 2729 2006 tacentem
2757 1993 2772 2018 ,
2800 1952 3036 2022 magistri
3064 1952 3402 2006 accusatione
3444 1954 3677 2023 corrige-

2095 2044 2376 2109 bantur,ac
2391 2044 2599 2098 silentio
2619 2061 2631 2096 :
2651 2044 2728 2096 sic
2747 2053 2798 2097 et
2817 2059 2954 2097 nunc
2975 2043 3194 2107 Galatae,
3215 2044 3300 2113 qui
3317 2044 3511 2098 eodem
3532 2060 3671 2099 mora

2096 2133 2164 2188 bo
2206 2133 2438 2189 Judaieze
2481 2135 2868 2189 observationis
2916 2135 3196 2199 laborant,
3220 2144 3274 2188 et
3303 2134 3427 2188 dum
3460 2136 3673 2190 Paulum

2094 2225 2314 2279 audiunt
2343 2225 2458 2279 haec
2485 2225 2551 2280 de
2573 2227 2686 2294 ipso
2711 2225 2995 2289 dicentem,
3025 2234 3205 2293 utpote
3233 2225 3356 2294 quia
3385 2226 3676 2295 reprelien-

2094 2332 2188 2372 sus
2213 2326 2327 2372 erat
2350 2358 2364 2382 ,
2399 2327 2453 2371 et
2481 2333 2585 2371 non
2613 2326 2756 2372 recte
2781 2317 3080 2371 ambulabat
3105 2316 3170 2370 ad
3201 2319 3477 2371 veritatem
3505 2332 3674 2371 evan-

2093 2413 2240 2483 gelii,
2267 2421 2726 2480 cumque-proliter
2749 2409 2864 2464 btrc
2885 2410 3192 2478 objurgatus
3220 2409 3450 2462 siluisset
3471 2425 3488 2462 :
3508 2409 3680 2462 maxi-

2093 2519 2233 2557 mam
2277 2503 2400 2556 itule
2441 2501 2798 2570 percipiebant
2845 2500 3138 2554 doetrinam
3165 2508 3258 2564 ,ut
3295 2515 3401 2553 non
3446 2500 3678 2570 amplius

2091 2596 2327 2651 Judaicis
2375 2593 2564 2648 ritibus
2606 2592 2960 2646 adlnererent.
2994 2591 3196 2644 Idcirco
3221 2591 3382 2644 etiam
3409 2590 3600 2645 Paulus
3620 2601 3674 2645 et

2094 2697 2217 2742 tunc
2240 2685 2527 2755 increpavit
2553 2727 2568 2751 ,
2595 2693 2648 2738 et
2678 2698 2817 2737 nunc
2848 2683 2988 2735 illius
3017 2681 3275 2750 temporis
3293 2681 3682 2752 objurgationis

2090 2779 2414 2832 mentionem
2441 2776 2562 2829 facit
2587 2794 2601 2829 :
2624 2789 2794 2844 neque
2815 2774 2998 2828 minus
3011 2772 3206 2826 idcirco
3232 2772 3448 2826 Petrum
3476 2770 3686 2826 laudari.

2089 2867 2361 2932 convenit,
2380 2865 2519 2936 quod
2546 2864 2792 2918 omnibus
2814 2863 2894 2926 iis,
2927 2879 3042 2932 quae
3063 2862 3201 2915 dicta
3223 2870 3349 2916 sunt
3368 2876 3673 2926 ,assensum

2093 2957 2398 3030 prazbucrit.
2429 2955 2519 3010 Ille
2547 2954 2686 3008 enim
2711 2953 2828 3018 fuit,
2856 2953 2942 3023 qui
2970 2951 3150 3006 omnia
3174 2951 3442 3021 praestitit,
3474 2952 3562 3021 qui
3587 2966 3678 3006 ae-

2089 3051 2263 3107 cusari
2303 3067 2362 3105 se
2390 3063 2575 3118 passus
2600 3055 2682 3102 est
2706 3089 2721 3114 ,
2748 3057 2802 3101 et
2830 3046 3104 3100 conticuit.
3139 3045 3234 3099 llic
3258 3043 3685 3116 dispensationis

2089 3153 2171 3198 est
2213 3143 2433 3196 fructus.
2471 3138 2545 3194 Ita
2592 3154 2690 3194 nos
2728 3148 3006 3206 utrumque
3051 3138 3409 3206 apostolorum
3451 3136 3677 3191 crimine

2091 3233 2451 3296 liberavimus,
2477 3230 2688 3299 utrique
2715 3243 2842 3282 vero
2867 3227 3049 3282 Iaudes
3068 3227 3330 3281 debentur
3357 3227 3684 3281 innumera)-

2088 3324 2228 3393 quod
2258 3324 2322 3376 ad
2351 3323 2573 3374 aliorum
2603 3321 2827 3375 salutem
2856 3311 3037 3374 omnia
3065 3318 3246 3373 audire
3270 3318 3568 3373 studuerint
3596 3318 3673 3373 si-

2089 3413 2230 3478 mul,
2259 3428 2322 3466 ac
2349 3411 2547 3466 dicere.
2585 3409 2693 3464 Nos
2737 3417 2915 3464 autem
2954 3409 3206 3477 deinceps
3246 3408 3386 3462 Petri
3423 3414 3479 3462 et
3520 3407 3684 3462 Pauli-
3719 3405 3721 3407 ’

2088 3506 2252 3560 Deum
2275 3519 2540 3574 rogemus,
2570 3511 2623 3556 nt
2644 3503 2733 3572 qui
2763 3502 2958 3556 tnutuis
2987 3502 3105 3556 illos
3123 3499 3421 3554 concordia;
3440 3498 3681 3553 vinculis

2088 3598 2227 3651 inter
2253 3611 2312 3651 se
2351 3595 2586 3649 devinxit
2615 3634 2630 3659 ,
2665 3609 2762 3648 nos
2797 3608 3010 3664 quoque
3048 3601 3233 3646 mutuo
3279 3589 3674 3644 vehementiori.

2088 3687 2310 3740 caritate
2333 3687 2704 3754 constringat:
2731 3699 2838 3754 quo
2875 3682 3086 3736 tandem
3123 3690 3357 3735 mutuam
3389 3681 3528 3735 inter
3574 3695 3677 3733 nos

2089 3778 2378 3832 secundum
2431 3778 2598 3832 Deum
2655 3776 2995 3832 concordiam
3050 3775 3289 3829 foventes
3319 3816 3335 3840 ,
3365 3782 3670 3827 sanctorum

2089 3870 2298 3924 illorum
2343 3879 2628 3938 conspectu
2679 3868 2996 3937 dignemur,
3028 3876 3082 3920 et
3126 3867 3178 3920 in
3229 3867 3446 3920 aeternis
3485 3881 3672 3920 eorum

2091 3961 2355 4029 possimus
2383 3959 2734 4014 tabernaculis
2773 3958 2992 4011 inveniri
3018 3999 3033 4022 ,
3063 3958 3229 4026 gratia
3259 3966 3314 4012 et
3346 3955 3672 4025 benignitate

2090 4054 2297 4107 Domini
2336 4052 2502 4106 nostri
2545 4051 2672 4106 Jesu
2717 4049 2951 4113 Christi,
2982 4065 3075 4118 per
3102 4064 3258 4118 quem
3291 4090 3307 4114 ,
3335 4057 3386 4102 et
3417 4062 3537 4102 cum
3566 4061 3674 4115 quo

2089 4142 2234 4196 Patri
2262 4153 2315 4195 et
2344 4143 2561 4210 Spiritui
2591 4149 2774 4194 sancto
2797 4179 2813 4203 ,
2839 4139 3007 4209 gloria
3033 4179 3049 4204 ,
3077 4138 3356 4206 imperium
3376 4177 3390 4200 ,
3423 4135 3593 4190 honor
3621 4143 3675 4190 et

2089 4232 2329 4286 adoratio
2352 4270 2367 4298 ,
2395 4245 2535 4285 nunc
2561 4238 2616 4286 et
2642 4245 2854 4299 semper
2878 4269 2893 4297 ,
2921 4237 2974 4285 et
3004 4228 3058 4283 in
3095 4227 3284 4283 saecula
3332 4227 3669 4281 smcnlorutn.

2088 4323 2281 4377 Anien.

1400 4880 1584 4940 Flle
1622 4881 1787 4939 TOMI
1825 4881 2378 4949 QUINQUAGESIMI
2415 4881 2634 4937 PRIMI.
