4060 6260
359 367 458 421 587

355 475 644 544 τιμῶντος,
698 476 834 532 ἀλλά
887 477 1246 541 διδάσκοντος,
1301 478 1392 532 καὶ
1455 476 1930 548 συμϐουλεύοντος.

367 563 530 628 nunc,
567 564 702 636 ὅπερ
731 565 887 635 ἔφην,
935 567 984 618 εἰ
1020 565 1118 635 μέν
1165 565 1299 636 πρὸς
1341 566 1626 628 Ἰουδαίους
1659 563 1937 618 ἀποτεινό-

357 665 519 718 μενος
567 649 738 705 ταῦτα
773 651 946 720 ἐλεγε,
972 652 1033 704 τὸ
1062 653 1169 705 πᾶν
1199 652 1264 706 ἂν
1291 651 1513 722 διερρύη
1544 653 1638 705 καὶ
1665 650 1933 715 ἀπώλετο,

356 738 456 789 οὐκ
507 738 849 808 ἀνεχομένων
901 739 1122 793 ἐκείνων
1175 739 1278 809 τῆς
1322 738 1511 792 τούτου
1567 739 1930 800 διδασκαλίας·

355 821 544 891 ἐπειδὴ
589 823 644 875 δὲ
676 823 812 895 πρὸς
841 824 1046 894 Πέτρον
1075 824 1166 878 τὸν
1198 824 1354 892 λόγον
1392 824 1716 894 ἐπέστρεψε,
1742 823 1936 876 λανθα-

357 910 554 974 νόντως
579 913 772 966 ἐκεῖνοι
789 913 885 984 τὴν
907 913 1170 982 ὠφέλειαν
1197 913 1554 982 ἐκαρποῦντο,
1596 911 1937 982 ἐπιτιμωμέ-

356 1013 446 1051 νου
478 999 572 1051 καὶ
597 998 854 1068 σιγῶντος
879 1000 973 1053 τοῦ
1003 1001 1232 1072 Πέτρου,
1263 1002 1356 1053 καὶ
1381 1000 1480 1070 τῆς
1512 998 1736 1070 γνώμης
1767 997 1932 1052 αὐτοῦ

357 1084 538 1154 πάσης
564 1085 1065 1157 ἐκκαλυπτομένης,
1099 1088 1218 1158 οὐχὶ
1233 1087 1360 1156 παρ’
1383 1085 1598 1150 ἐαυτοῦ,
1629 1085 1762 1140 ἀλλά
1785 1085 1936 1156 παρὰ

355 1168 450 1222 τοῦ
478 1171 898 1236 συναποστόλου,
933 1173 1025 1226 καὶ
1053 1173 1150 1242 τῆς
1176 1173 1521 1244 ἀναστροφῆς
1540 1173 1638 1242 τῆς
1662 1172 1935 1242 προτέρας

357 1257 435 1319 εἰς
456 1257 618 1324 μέσον
649 1259 941 1328 ἀγομένης.
981 1255 1135 1324 Εἶτα,
1178 1261 1264 1313 ἵνα
1301 1260 1374 1331 μὴ
1419 1259 1617 1327 λέγωσι
1648 1262 1776 1330 παρ’
1810 1259 1938 1310 ἐαυ-

355 1346 489 1408 τοίς,
522 1345 586 1396 Τί
612 1341 704 1398 οὖν
739 1347 787 1397 εί
812 1347 905 1398 καὶ
941 1346 1146 1415 Πέτρος
1183 1347 1278 1399 καὶ
1299 1331 1508 1410 Παῦλος
1537 1345 1722 1409 κακῶς
1745 1344 1936 1414 ἐποίη-

356 1444 490 1494 σαν;
517 1431 695 1494 αίτίας
723 1432 937 1495 δικαίας
967 1433 1059 1484 καὶ
1091 1432 1606 1504 ἀναμφισϐητήτους
1635 1432 1836 1501 τίθησι,
1867 1430 1934 1483 δι’

354 1515 423 1578 ἃς
471 1517 530 1569 ού
570 1517 650 1570 δεῖ
699 1517 805 1570 τῶν
861 1518 1166 1592 Ἰουδαϊκῶν
1215 1518 1352 1572 ἐθῶν
1395 1517 1634 1588 ἔχεσθαι.
1679 1515 1846 1572 Αῦται
1879 1516 1934 1568 δέ

357 1604 482 1666 εἰσι,
513 1604 572 1656 τὺ
603 1605 676 1675 μὴ
724 1604 982 1658 δύνασθαι
1033 1604 1124 1660 τὸν
1151 1605 1313 1676 νόμον
1354 1605 1618 1672 δικαιοῦν,
1650 1604 1785 1658 ἀλλά
1837 1605 1936 1673 τὴν

358 1690 540 1742 πίστιν
574 1691 753 1760 μόνον.
787 1691 897 1744 Καὶ
926 1691 1159 1744 ἐνταῦθα
1181 1691 1279 1761 μὲν
1297 1690 1644 1763 ἡμερώτερον
1673 1689 1936 1760 κέχρηται

357 1779 437 1848 τῷ
489 1779 651 1847 λόγῳ·
710 1780 917 1851 προϊὼν
967 1781 1024 1834 δέ
1063 1781 1578 1852 καταφορικώτερον
1636 1783 1780 1832 ποιεῖ
1827 1779 1920 1832 καὶ

359 1865 715 1936 σφοδρότερον
736 1879 786 1920 ε.
801 1868 871 1920 Ei
897 1866 966 1919 δὲ
985 1863 1296 1935 ζητοῦντες
1315 1865 1696 1932 δικαιωθῆναι
1725 1865 1796 1917 ἐν
1809 1866 1942 1932 Χρι-

357 1951 484 2016 στῷ
507 1952 844 2022 ηὐρέθημεν
859 1955 956 2006 καὶ
978 1953 1147 2007 αὐτοὶ
1173 1951 1529 2020 ἁμαρτωλοὶ,
1557 1944 1670 2019 ἄρα
1691 1950 1943 2018 Χριστὸς

359 2039 648 2106 ἁμαρτίας
697 2039 978 2104 διάκονος
989 2056 1008 2104 ;
1047 2040 1111 2092 Ὃ
1155 2038 1212 2090 δὲ
1262 2037 1434 2106 λέγει,
1483 2037 1724 2090 τοιοῦτόν
1771 2039 1940 2090 ἐστιν·

364 2125 426 2176 Ἦ
446 2123 624 2188 πίστις
643 2122 852 2191 δικαιοῖ,
881 2124 976 2178 καὶ
1008 2123 1218 2178 κελεύει
1245 2123 1545 2193 ἀποστῆναι
1573 2121 1679 2176 τῶν
1723 2122 1942 2178 Ἰουδαῖ-

361 2209 471 2263 κῶν
497 2211 654 2276 ἐθῶν,
677 2212 752 2276 ὡς
784 2213 1146 2282 πεπαυμένων
1180 2209 1384 2264 λοιπόν⁸
1413 2213 1462 2264 εἰ
1493 2210 1550 2263 δὲ
1579 2209 1659 2262 ἐτι
1695 2211 1885 2280 κρατεῖ
1913 2212 1943 2263 6

358 2298 520 2366 νόμος
545 2302 642 2352 καὶ
673 2299 858 2370 κύριός
875 2301 1008 2363 ἐστι,
1029 2299 1121 2352 καὶ
1144 2301 1170 2352 6
1197 2299 1356 2368 ἀφεὶς
1379 2297 1540 2351 αὑτὸν
1557 2297 1940 2368 «παραϐάσεως

359 2384 623 2454 κρίνεται,
659 2387 1014 2458 εὑρεθήσεται
1057 2390 1086 2440 6
1133 2387 1388 2458 Χριστὸς,
1421 2388 1452 2439 6
1498 2386 1760 2449 κελεύσας
1812 2388 1942 2455 ἡμῖν

359 2471 522 2522 αὐτὸν
551 2473 789 2541 ἀφιέναι,
825 2475 925 2543 τῆς
971 2475 1334 2544 παραϐάσεως
1360 2475 1393 2542 ὴ
1404 2475 1492 2542 μίν
1517 2471 1688 2535 αἴτιος
1715 2459 1944 2542 γεγενη-

364 2555 545 2624 μένος,
581 2559 676 2610 καὶ
699 2560 761 2611 ού
794 2560 952 2630 μόνον
996 2561 1096 2612 οὐκ
1124 2559 1438 2624 ἀπαλλάξας
1467 2560 1615 2629 ἡμᾶς
1644 2559 1940 2629 ἁμαρτίας.

361 2642 497 2695 ἀλλά
531 2644 625 2695 καὶ
647 2645 900 2713 ἐμϐαλὼν
923 2649 1003 2708 είς
1044 2646 1342 2716 ἁμαρτίαν.
1379 2645 1442 2696 El
1473 2645 1582 2716 γὰρ
1607 2645 1696 2698 διὰ
1719 2645 1818 2716 τὴν
1851 2643 1943 2698 πίέ-

365 2745 482 2780 στιν
519 2729 610 2780 τὸν
659 2731 821 2798 νόμον
854 2731 1168 2799 ἀφήκαμεν,
1211 2731 1272 2783 τὸ
1305 2731 1359 2783 δὲ
1403 2732 1620 2798 ἀφιέναι
1664 2731 1753 2784 τὸν
1783 2732 1944 2802 νόμον

369 2814 609 2883 ἁμαρτία
639 2814 806 2879 ἐστὶν,
837 2817 869 2884 ἠ
908 2816 1108 2878 πίστις,
1139 2817 1206 2868 δι’
1233 2817 1297 2886 ἣν
1328 2816 1416 2868 τὸν
1439 2816 1602 2886 νόμον
1629 2817 1942 2888 ἀφήκαμεν,

363 2899 500 2971 αῦτη
534 2902 632 2972 τῆς
665 2902 940 2972 ἁμαρτίας
968 2904 1124 2974 ήμῶν
1155 2905 1302 2957 αίτία
1346 2903 1580 2971 ἐγένετο.
1627 2905 1737 2956 Καὶ¹
1761 2905 1945 2976 ἐπειδὴ

362 2989 550 3045 λοιπὸν
577 2991 656 3050 είς
686 2989 885 3042 ἄτοπον
901 2990 992 3042 τὸν
1013 2989 1171 3058 λόγον
1199 2989 1578 3062 περιέστησεν,
1606 2991 1724 3042 ούδέ
1752 2990 1944 3062 ἐδεήθη

366 3077 710 3148 κατασκευῆς
745 3095 886 3140 τινος
921 3078 1058 3147 πρὸς
1098 3078 1427 3147 ἀνατροπὴν,
1455 3077 1591 3131 ἀλλά
1621 3077 1697 3146 τῷ
1722 3079 1818 3146 Μὴ
1850 3078 1947 3149 τέ-

366 3181 530 3218 νοιτο
561 3163 824 3235 ¹ήρκέσθη,
858 3164 932 3227 ὼς
955 3165 1177 3218 αὐτόθεν
1210 3168 1308 3235 τῆς
1339 3164 1564 3227 ἀτοπίας
1593 3165 1948 3236 ὡμολογημέι-

367 3266 484 3320 νης’
536 3253 604 3304 El
627 3248 756 3319 γὰρ,
791 3249 944 3322 [578]
987 3252 1171 3322 φησὶν,
1204 3250 1242 3304 ᾰ
1275 3251 1794 3316 κατέ.2υσα,ταῦτα
1825 3251 1949 3304 πά·-

366 3340 470 3390 λιν
499 3337 808 3407 οἰκοδομῶ,
843 3339 1194 3406 παραϐάτην
1221 3338 1840 3408 ἐμαυτὸν-συνίστημι·
1869 3341 1949 3402 εἰς

367 3424 429 3475 τὸ
449 3424 688 3476 ἐναντίον
710 3426 1036 3494 περιέστησε
1066 3425 1158 3477 τὸν
1185 3425 1361 3492 λόγον,
1399 3427 1491 3478 καὶ
1530 3424 1750 3490 ἔδειξεν,
1778 3425 1860 3478 ὅτι
1886 3426 1946 3478 οὐ

366 3510 428 3562 τὸ
460 3509 772 3579 παραϐῆναι
801 3511 982 3580 νόμον,
1007 3509 1142 3562 ἀλλά
1172 3511 1232 3562 τὸ
1265 3512 1338 3580 μὴ
1369 3513 1586 3580 ἀφεῖναι
1611 3511 1794 3582 νόμον,
1825 3510 1950 3565 τοῦ·

368 3611 430 3647 το
461 3598 604 3648 ποιεῖ
644 3596 991 3667 παραϐάτηνο
1033 3597 1127 3649 καὶ
1161 3599 1214 3650 ἐν
1255 3597 1406 3660 τάξει
1427 3597 1522 3650 τοῦ
1547 3597 1750 3651 οἰκείου
1783 3613 1944 3669 προσ-

369 3679 520 3732 ώπου
549 3682 712 3736 πάλιν
738 3683 828 3736 τὸν
857 3683 1062 3755 Πέτρον
1085 3684 1402 3737 αἰνίττεται.
1436 3685 1500 3737 Τί
1525 3684 1634 3756 γάρ
1659 3686 1950 3739 κατέλυσεν

369 3771 397 3820 6
427 3768 630 3840 Πέτρος
663 3769 758 3840 τὴν
784 3770 892 3822 τῶν
927 3770 1230 3842 βρωμάτων
1257 3773 1664 3844 παρατήρησιν,
1723 3771 1951 3834 ἐθνικῶς

371 3854 471 3926 ζῇν
498 3859 910 3929 προῃρημένος;
957 3859 1126 3912 Πάλιν
1173 3853 1266 3913 οῦν
1299 3859 1434 3930 πρὸς
1481 3859 1764 3922 Ἰουδαίους
1787 3861 1953 3913 ἐπαν-

371 3943 559 4009 ελθὼν,
588 3947 859 4010 κάκείνοις
889 3947 1087 4016 συζῶν,
1118 3947 1472 4020 εὑρεθήσεται
1501 3948 1536 4002 ἆ
1560 3949 1853 4002 κατέλυσεν
1874 3951 1950 4001 οἰ-

372 4031 496 4082 κοδο
501 4031 633 4100 μῶν.

440 4115 514 4170 κ’.
561 4118 726 4188 Ὁρᾷς
765 4120 882 4184 πῶς
923 4120 1203 4191 πανταχοῦ
1233 4121 1332 4190 τῆς
1365 4122 1598 4194 κρίσεως
1643 4124 1824 4193 ἔχεται
1858 4121 1949 4176 τοῦ

374 4201 604 4272 Πέτρου,
623 4207 716 4256 καὶ
739 4208 836 4272 τὴν
856 4208 1127 4278 προτέραν
1150 4208 1311 4260 αὐτοῦ
1340 4209 1670 4263 ἐκκαλύπτει
1687 4212 1854 4262 ἀναστ
1865 4227 1950 4280 ρο-

373 4290 498 4359 φήν*
536 4290 618 4344 ἵνα
651 4290 723 4362 μὴ
762 4295 912 4363 παρά
942 4295 1038 4365 τῆς
1089 4293 1182 4345 τοῦ
1240 4295 1452 4348 Παύλου
1499 4298 1764 4367 γλώττης,
1819 4295 1951 4350 ἀλλὰ

435 4488 457 4514 ⁶¹
483 4483 576 4533 ΑΙῖὶ
605 4487 658 4537 δὲ
680 4488 757 4535 καὶ
780 4490 1118 4554 φορτικώτερον
1145 4490 1307 4537 λοιπὸν
1327 4491 1407 4537 καὶ
1429 4491 1594 4553 σφοδρ.

1391 355 1458 410 IN
1504 356 1742 423 ILLUD,
1783 356 1850 412 IN
1896 355 2144 413 FACIEM
2182 355 2246 410 El
2285 353 2579 414 RESTITI.

3505 365 3606 418 539

2040 479 2189 550 παρὰ
2216 480 2316 548 τῆς
2345 480 2439 534 τοῦ
2477 480 2685 551 Πέτρου
2729 480 2970 550 γνώμης,
3019 480 3086 550 ἢν
3113 476 3199 532 διά
3220 476 3326 530 τῶν
3353 477 3614 548 πραγμάο

2037 583 2146 620 των
2179 566 2507 632 ἐπεδείξατο,
2549 567 2777 620 δοκῶσιν
2808 568 2857 619 οἱ
2891 566 3130 619 Ἰουδαῖοι
3174 565 3272 635 τὴν
3298 563 3616 632 παραίνεσιν

2040 651 2288 722 δέχεσθαι
2305 671 2319 718 ;
2338 653 2434 706 Διά
2467 653 2639 707 ταῦτά
2667 670 2820 723 φησι,
2862 653 3235 721 Φοϐούμενος
3253 649 3394 714 τοὺς
3419 649 3488 700 ἐκ
3509 661 3618 701 περ

2032 739 2301 808 Ριτομῆςν
2332 741 2426 792 καὶ
2449 741 2568 794 ’Ότι
2591 739 3078 809 κατεγνωσμένος
3096 733 3199 809 ἦν,
3221 737 3319 792 καὶ
3353 737 3482 788 Ὅτι
3505 735 3618 787 οὐκ

2039 825 2351 892 ὀρθοποδεῐ
2367 823 2512 892 πρὸς
2536 820 2648 892 τὴν
2673 819 2955 890 ἀλήθειαν
2975 822 3080 876 τοῦ
3105 821 3488 890 Εὐαγγελίου.
3509 819 3621 888 Οὐχ

2037 911 2208 972 οὕτως
2235 912 2290 964 δέ
2333 912 2494 981 ἐχων⁶
2531 909 2604 981 μὴ
2669 909 2898 978 γένοιτο·
2929 911 3016 964 διά
3054 908 3164 980 γὰρ
3193 908 3420 960 πολλῶν·
3461 908 3620 960 τοῦτο

2037 997 2415 1066 ἀπεδείξαμεν·
2462 997 2577 1049 ἀλλ’
2617 995 2807 1068 ὥσπερ
2829 996 2950 1050 τότε
2998 997 3232 1063 ἐπετίμα
3262 994 3493 1057 Παῦλος,
3523 1007 3619 1048 και

2036 1083 2207 1136 ταῦτα
2238 1083 2453 1136 ἀκούων
2491 1083 2520 1133 6
2569 1083 2772 1153 Πέτρος
2805 1081 2984 1149 ἐσίγα,
3025 1079 3168 1134 ὥστε
3215 1081 3290 1151 μὴ
3319 1079 3618 1150 ἀνατρέψαι

2035 1171 2135 1240 τὴν
2164 1169 2476 1238 οἰκονομίαν
2511 1169 2746 1234 Παύλου,
2779 1169 2874 1221 καὶ
2922 1168 3260 1238 κατεδέχετο,
3296 1167 3371 1230 ὡς
3403 1169 3501 1218 οὐκ
3528 1166 3621 1236 ὀρ-

2037 1256 2145 1319 θῶς
2172 1253 2508 1324 πεποιηκὼς,
2535 1255 2899 1324 δέχεσθαιτὴν
2921 1253 3228 1323 ἐπίπληξιν,
3245 1254 3331 1306 ἵνα
3359 1251 3622 1324 ἀπολογία

2015 1333 2186 1413 ἀύτῷ
2213 1343 2438 1413 γένηται
2471 1341 2630 1394 τοῦτο
2648 1343 2782 1414 πρὸς
2798 1343 2923 1404 τοὺς
2958 1342 3221 1412 μαθητάς·
3256 1341 3398 1392 οῦτω
3431 1339 3495 1410 δὴ
3521 1340 3621 1391 καὶ

2037 1423 2192 1492 οὗτος
2218 1429 2314 1482 νῦν
2349 1429 2487 1499 μετά
2534 1429 2634 1498 τῆς
2681 1430 2850 1499 αὐτῆς
2882 1428 3129 1498 γνώμης,
3179 1428 3296 1498 μεθ’
3331 1423 3399 1499 ἦς
3437 1427 3620 1479 ἐπετί-

2039 1533 2180 1588 μησε
2221 1517 2430 1587 Πέτρῳ,
2464 1517 2666 1586 γράφει
2697 1516 2893 1579 ταῦτα,
2920 1517 3063 1584 ἅπερ
3095 1515 3298 1585 ἔγραψε
3330 1515 3620 1576 Γαλάταις.

2036 1603 2099 1655 Εἰ
2137 1602 2245 1673 γάρ
2270 1602 2390 1654 τότε
2423 1603 2484 1654 τὸ
2513 1601 2902 1671 ἐπιτιμηθῆναι
2953 1601 3180 1672 Πέτρον,
3233 1601 3328 1653 καὶ
3375 1601 3620 1670 σιγῆσαι,

2037 1693 2307 1760 χρήσιμον
2355 1685 2422 1760 ῆν
2463 1691 2575 1752 τοῖς
2631 1688 2926 1752 Ἰουδαίοις,
2965 1687 3144 1758 πολλῷ
3185 1688 3385 1758 μᾶλλον
3417 1689 3482 1741 ἂν
3527 1689 3622 1740 καὶ

2044 1776 2138 1830 νῦν
2163 1777 2226 1829 τὸ
2264 1775 2438 1830 ταῦτα
2489 1776 2620 1848 περὶ
2643 1775 2807 1829 αὐτοῦ
2831 1775 3086 1845 λεχθῆναι
3117 1777 3382 1846 χρήσιμον
3405 1771 3473 1844 ῆν
3511 1774 3620 1826 τῶν

2043 1864 2300 1919 Γαλατῶν
2325 1867 2437 1928 τοῖς
2465 1863 2902 1935 διεφθαρμένοις.
2946 1863 3156 1932 Ὠσπερ
3194 1864 3302 1934 γάρ
3340 1863 3390 1913 οἱ
3419 1861 3538 1913 τότε
3565 1864 3622 1912 ἐν

2056 1955 2355 2025 Ἀντιοχείᾳ
2373 1954 2760 2024 διατρίϐοντες,
2792 1951 3026 2024 ὁρῶντες
3053 1952 3258 2022 Πέτρον
3293 1949 3627 2019 ἐπιτιμώμε-

2043 2057 2134 2095 νον
2151 2041 2268 2111 μεθ’
2287 2039 2612 2112 ὑπερϐολῆς,
2635 2040 2730 2092 καὶ
2754 2039 3013 2109 σιγῶντα,
3043 2035 3365 2110 διωρθοῦντο
3390 2039 3456 2107 τῇ
3485 2036 3626 2088 κατά

2042 2129 2138 2182 τοῦ
2169 2127 2485 2181 διδασκάλου
2525 2127 2850 2199 κατηγορίᾳ,
2900 2127 3102 2195 καὶ,τῇ
3153 2126 3302 2194 σιγῇ’
3353 2121 3495 2176 οὕτω
3528 2123 3626 2176 καὶ

2044 2214 2140 2270 νῦν
2184 2215 2422 2268 Γαλάται
2463 2215 2590 2283 περὶ
2637 2214 2704 2267 τά
2757 2213 3027 2266 Ἰουδαῖκά
3053 2211 3358 2273 νοσοῦντες,
3407 2208 3624 2262 καὶτοῦ

2045 2301 2258 2356 Παύλου
2288 2300 2462 2355 ταῦτα
2499 2301 2626 2372 περὶ¹
2677 2299 2843 2354 αὑτοῦ
2894 2298 3142 2366 λέγοντος
3171 2296 3483 2360 ἀκούοντες,
3515 2290 3626 2346 οἷον

2045 2391 2126 2444 ὅτι
2155 2387 2599 2459 κατεγνωσμένος
2627 2383 2723 2458 ῆν,
2743 2387 2838 2440 καὶ
2863 2387 2962 2439 οὐκ
2988 2384 3334 2455 ώρθοπὸδησε
3366 2384 3502 2452 πρὸς
3526 2380 3625 2452 τὴν

2045 2477 2300 2548 ἀλήθειαν
2343 2475 2436 2530 τοῦ
2467 2474 2818 2542 Εὐαγγελίου,
2866 2475 2960 2526 καὶ
3019 2473 3104 2525 ὅτι
3147 2469 3491 2541 ἐπιτιμηθεὶς
3535 2470 3628 2521 ἐπὶ

2043 2565 2254 2627 τούτοις
2283 2565 2526 2634 ἐσίγησε,
2567 2562 2829 2634 μεγίστην
2851 2563 2960 2615 ἀπὸ
2991 2562 3093 2630 τῆς
3127 2561 3461 2631 κατηγορίας
3489 2559 3626 2611 ταύ-

2044 2668 2143 2722 της
2169 2651 2510 2704 διδασκαλίαν
2552 2647 2876 2720 ἐλάμϐανον,
2899 2649 2978 2711 είς
3014 2647 3076 2700 τὸ
3109 2647 3304 2717 μηκέτι
3340 2645 3628 2714 προσέχειν

2045 2740 2157 2800 τοῖς
2195 2738 2502 2799 Ἰουδαϊκοῖς
2522 2736 2688 2790 ἐθεσι.
2719 2735 2818 2788 Διά
2848 2734 3007 2789 τοῦτο
3032 2733 3124 2786 καὶ
3150 2733 3360 2794 Παῦλος
3386 2734 3481 2785 καὶ
3501 2732 3626 2784 τότε

2047 2823 2367 2893 ἐπετίμησε,
2420 2823 2514 2874 καὶ
2545 2820 2640 2876 νῦν
2699 2822 2968 2892 μέμνηται
3010 2821 3111 2890 τῆς
3153 2821 3278 2870 τότε
3327 2818 3626 2887 γενομένης

2049 2909 2412 2978 ἐπιπλήξεως·
2446 2909 2540 2961 καὶ
2566 2909 2756 2960 τούτου
2782 2909 2882 2959 οὐκ
2907 2907 3127 2958 ἔλαττον
3154 2905 3246 2956 τὸν
3282 2903 3485 2974 Πέτρον
3539 2903 3624 2955 δια

2051 2996 2210 3050 τοῦτο
2243 2995 2522 3066 θαυμάσαι
2553 2994 2678 3065 χρὴ,
2732 2992 3166 3061 καταδεξάμενον
3197 2991 3412 3044 ἅπαντα
3451 2989 3520 3042 τὰ
3558 2991 3630 3040 εί-

2057 3086 2279 3157 ρημένα.
2336 3084 2392 3136 ’0
2415 3083 2524 3153 γὰρ
2553 3082 2613 3134 τὸ
2641 3083 2749 3133 πᾶν
2797 3077 3177 3148 κατωρθωκὼς
3222 3073 3373 3140 οὗτός
3397 3079 3567 3137 ἐστιν.
3599 3079 3629 3128 6

2053 3169 2416 3239 ἀνασχόμενος
2439 3167 2899 3239 κατηγορηθῆναι,
2929 3166 3024 3218 καὶ
3051 3167 3299 3236 σιγήσας.
3333 3164 3502 3216 Τοῦτο
3527 3163 3628 3230 τῆς

2051 3256 2356 3325 οἰκονομίας
2379 3257 2438 3308 τὸ
2477 3255 2682 3326 κέρδος.
2700 3254 2884 3318 υῦτως
2905 3255 3035 3324 ἡμῖν
3067 3252 3326 3322 ἑκάτερος
3352 3251 3458 3302 τῶν
3492 3252 3628 3302 ἀμπο-

2055 3342 2254 3393 στόλων
2317 3341 2677 3411 ἐγκλημάτων
2730 3341 2826 3410 μέν
2869 3339 3236 3411 ἀπήλλακται,
3308 3337 3515 3408 μυρίων
3571 3337 3628 3390 δέ

2052 3431 2197 3482 ἐστιν
2234 3430 2526 3500 ἐγκωμίων
2554 3429 2723 3495 ἄξιος,
2774 3429 2910 3499 πρὸς
2939 3428 3035 3497 τὴν
3079 3427 3187 3480 τῶν
3213 3427 3413 3478 λοιπῶν
3451 3441 3636 3494 σοπη-,

2053 3517 2174 3587 ρίαν
2232 3517 2448 3572 ἅπαντα
2499 3517 2592 3569 καὶ
2642 3515 2858 3568 ἀκούειν
2912 3515 3006 3568 καὶ
3051 3513 3232 3582 λέγειν
3288 3511 3622 3576 σπουδάζωνς

2064 3605 2253 3674 Ἡμεῖς
2284 3604 2340 3656 δὲ
2374 3603 2556 3656 λοιπὸν
2580 3603 2668 3655 τὸν
2699 3602 2910 3676 Παύλου
2941 3601 3035 3654 καὶ
3065 3602 3275 3671 Πέτρου
3297 3599 3428 3652 Θεὸν
3459 3615 3629 3670 παρα-

2052 3691 2389 3762 καλέσωμεν,
2416 3691 2508 3745 τὸν
2533 3690 2772 3753 ἐκείνους
2787 3687 3031 3760 ἀλλήλοις
3051 3688 3382 3757 συνδήσαντα
3394 3689 3506 3750 τοῖς
3526 3687 3628 3756 τῆς

2052 3778 2302 3850 ὁμονοίας
2334 3779 2572 3847 δεσμοῖς,
2620 3777 2713 3829 καὶ
2760 3778 2906 3846 ἡμᾶς
2941 3778 3019 3838 είς
3061 3774 3158 3845 τὴν
3197 3775 3332 3845 πρὸς
3365 3773 3627 3844 ἀλλήλους

2053 3867 2272 3937 ἀγάπην
2307 3863 2622 3934 ἐπισφίγξαι
2655 3863 3028 3934 σφοδρότερον·
3067 3863 3154 3916 ἵνα
3190 3863 3290 3932 τὴν
3327 3862 3467 3914 κατά
3493 3861 3626 3914 Θεὸν

2053 3955 2306 4025 ὁμόνοιαν
2323 3953 2458 4024 πρὸς
2485 3951 2744 4021 ἀλλήλους
2767 3950 3002 4020 ἔχοντες,
3027 3949 3342 4021 δυνηθῶμεν
3365 3949 3628 4014 καταξιω-

2053 4042 2210 4110 θῆναι
2235 4043 2362 4104 τοὺς
2386 4042 2571 4110 ἁγίους
2592 4040 2832 4101 ἐκείνους
2869 4040 3016 4098 ίδείν.
3051 4041 3144 4092 καὶ
3174 4038 3326 4108 παρά
3357 4036 3458 4100 τὰς
3483 4039 3623 4090 αξω·

2054 4131 2198 4194 νίους
2221 4130 2398 4183 αὐτῶν
2419 4129 2708 4201 εὑρεθῆναι
2747 4129 2968 4199 σκηνὰς,
2989 4129 3170 4198 χάριτι
3209 4127 3301 4179 καὶ
3325 4125 3513 4195 φιλανθ
3523 4142 3626 4196 ριν-

2055 4219 2154 4288 πίᾳ
2192 4219 2284 4271 τοῦ
2311 4217 2685 4288 Κυρίουήμῶν
2712 4216 2882 4287 Ἰησοῦ
2909 4213 3166 4286 Χριστοῦ,
3197 4213 3260 4266 δι’
3287 4207 3348 4266 οὗ
3379 4215 3486 4288 καὶ.
3505 4211 3624 4284 μεθ’

2057 4285 2236 4374 οἶδ-τῷ
2283 4285 2456 4376 Πατρὶ
2486 4285 2581 4358 καί
2617 4303 2694 4374 τῷ
2731 4285 2870 4374 ἁγίῳ
2913 4285 3187 4372 Πνεύματι
3225 4301 3371 4367 δόξα,
3404 4285 3626 4370 κράτος,

2056 4392 2212 4462 τιμὴ,
2268 4395 2361 4445 καὶ
2389 4391 2778 4461 προσκύνησις,
2823 4391 2916 4444 νῦν
2965 4393 3056 4443 καὶ
3089 4391 3195 4455 ἀεὶ,
3231 4393 3328 4443 καὶ
3379 4391 3457 4453 είς
3501 4392 3626 4452 τοὺς

2060 4480 2260 4540 αἰῶνας
2291 4479 2395 4532 τῶν
2424 4477 2653 4533 αἰώνων.
2689 4479 2881 4549 Ἀμήν.

1631 5003 1850 5057 ΤΕΛΟΣ
1910 5001 2145 5055 ΤυΜυΥ
2201 5000 2328 5051 NA’.

3331 5651 3607 5668 -——--——_

3097 5659 3314 5672 —-———.

2271 5713 2507 5766 Parisiis.
2543 5741 2604 5749 —-
2641 5709 2714 5762 Ex
2747 5707 2909 5778 Typis
2935 5705 3073 5760 J.-l‘.
3105 5701 3332 5756 “IGNE.
