4058 6400
217 311 382 413 ’17⁸

1030 306 1121 369 DE
1158 304 1396 373 DECEH
1431 304 1725 369 ιιιιιιωι
1765 296 2067 364 τλιεκτ.
2110 297 2463 362 DEBITORE
2499 296 2814 363 HOHILIA.

3472 289 3561 348 ιε’

1536 860 1649 943 IN
1726 838 2335 945 PABABOLAM

293 1156 505 1212 nam
541 1152 804 1207 manu
837 1133 1265 1213 rimosos
1304 1156 1671 1219 omanis,
1716 1157 1797 1206 ar
1832 1157 2087 1207 cumvir
2132 1156 2450 1209 nuNaaros
2488 1158 2845 1221 meum,
2887 1155 2968 1208 ar
3009 1156 3185 1218 anon
3222 1157 3380 1208 om
3415 1158 3569 1221 rsc-

709 1264 871 1313 caro
910 1263 1229 1317 mmet!
1266 1266 1364 1319 σιτ
1400 1260 1794 1317 mmmam
1830 1261 2227 1312 asconnmo
2264 1243 2533 1328 (Matth.
2585 1245 2680 1311 18.
2719 1242 2823 1322 23,
2857 1263 2992 1329 sqq.
3034 1246 3146 1330 (α).

309 1770 339 1828 1
351 1811 367 1826 .
383 1767 500 1828 Sibi
508 1785 537 1826 ο
546 1771 719 1826 morbo
732 1768 1203 1841 concaluisse'grata
1209 1767 1368 1833 tatur;
1387 1768 1587 1825 dilectio
1602 1782 1880 1837 numquam

264 1862 577 1917 satiatw.-
595 1860 759 1930 Quasi
788 1876 858 1917 ex
903 1860 1193 1932 longinqua
1228 1861 1660 1933 peregrinatione
1688 1861 1755 1916 ad
1782 1874 1879 1916 vos

263 1962 520 2011 reversus
547 1967 746 2020 essem,
790 1952 864 2007 ita
908 1966 997 2008 me
1025 1950 1189 2010 hodie
1220 1950 1470 2008 aﬂ‘ectum
1497 1952 1674 2008 sentio
1704 1969 1718 2006 :
1753 1966 1877 2007 cum

268 2042 421 2100 enim
440 2042 647 2098 nullum
678 2042 973 2099 amicorum
995 2043 1331 2098 consortium
1357 2058 1479 2099 esse
1506 2050 1713 2114 potest,
1743 2041 1877 2098 nihil

263 2138 540 2195 commodi
587 2137 748 2193 an‘ert-
797 2152 985 2193 eorum
1035 2137 1343 2209 praesentia.
1374 2136 1734 2204 Quamobrem
1776 2149 1877 2190 nos

262 2229 355 2300 qui
406 2228 559 2285 domi
615 2226 967 2285 versabamur
1024 2241 1249 2298 peregre
1300 2226 1639 2281 versantibus
1707 2223 1877 2280 nihilo

265 2317 369 2375 bae
420 2318 475 2375 in
509 2326 665 2389 parte
714 2317 986 2374 feliciores
1013 2315 1258 2372 fuimus:
1298 2316 1550 2372 nimirum
1582 2313 1675 2387 qui
1717 2329 1877 2385 supe-

264 2410 411 2467 riore
464 2420 710 2479 tempore
740 2409 887 2464 nulla
917 2408 1199 2464 vobiscum
1233 2408 1503 2480 colloquia
1540 2408 1744 2464 habere
1779 2422 1876 2477 po-

263 2500 512 2556 tuimus:
554 2500 651 2556 sed
695 2498 871 2555 danda
920 2509 1006 2557 est
1050 2500 1229 2567 venia,
1262 2515 1387 2554 cum
1436 2484 1568 2555 illud
1593 2515 1700 2554 non
1728 2500 1875 2557 iner-

261 2592 374 2659 tias,
422 2592 520 2648 sed
573 2591 903 2647 infirmitatis
946 2591 1221 2647 silentium
1280 2590 1465 2647 fuerit.
1515 2591 1873 2648 Gratulamini

261 2682 424 2752 igitur
477 2697 565 2737 me
611 2681 680 2736 ab
731 2696 795 2737 ea
838 2681 1149 2737 infirmitate
1196 2680 1561 2748 convaluisse,
1616 2696 1718 2752 ego
1744 2696 1873 2737 vero

266 2772 501 2845 gaudeo,
546 2772 691 2844 quod
734 2786 833 2828 vos
884 2774 1195 2829 carissimos
1219 2774 1353 2828 mihi
1379 2772 1714 2843 recuperavi.
1744 2772 1875 2828 Erat

260 2862 395 2918 mihi
434 2855 577 2919 inter
628 2861 996 2933 aegrotandum
1050 2864 1168 2933 ipso
1214 2863 1405 2918 morbo
1443 2864 1695 2934 gravius,
1728 2864 1871 2935 quod

262 2951 425 3025 hujus
468 2954 653 3010 dilecti
696 2964 870 3011 coetus
917 2956 1183 3026 particeps
1236 2969 1357 3011 esse
1406 2970 1515 3010 non
1586 2964 1867 3025 poteram:

258 3057 405 3103 nunc
441 3062 570 3103 vero
612 3047 856 3103 restituta
904 3047 1238 3114 valetudine,
1286 3047 1399 3117 ipsa
1454 3048 1681 3103 sanitate
1737 3048 1870 3102 mihi

257 3138 545 3209 optabilius
588 3146 706 3207 est,
745 3139 888 3209 quod
941 3148 1134 3195 vestra:
1162 3139 1400 3195 caritatis
1428 3138 1635 3195 deliciis
1666 3137 1869 3211 perfrui

256 3245 450 3287 secure
477 3230 655 3287 liceat.
714 3230 830 3286 Non
856 3230 999 3287 enim
1030 3230 1193 3286 febris
1211 3230 1416 3286 tantum
1436 3230 1683 3286 ardorem
1716 3231 1869 3286 inve-

256 3315 337 3376 hit
376 3318 798 3376 febricitantium
850 3320 1185 3391 corporibus,
1238 3330 1496 3390 quantum
1522 3335 1717 3374 animis
1770 3337 1869 3374 no-

256 3410 386 3466 stris
413 3410 709 3465 amicorum
738 3411 1040 3466 absentium
1073 3409 1421 3476 desiderium,
1449 3418 1504 3465 et
1538 3409 1688 3464 utilli
1712 3394 1867 3479 phia-

255 3498 337 3555 las
380 3509 436 3556 et
477 3501 669 3571 pocula
708 3510 763 3556 et
797 3499 1018 3570 frigidos
1069 3500 1267 3567 fontes,
1322 3501 1393 3555 ita
1433 3499 1520 3555 isti
1564 3501 1864 3555 amicorum

253 3590 440 3647 Vultus
471 3600 749 3661 exoptant.
776 3591 985 3646 Norunt
1013 3591 1088 3645 illi
1114 3592 1204 3662 qui
1238 3606 1423 3647 amare
1449 3602 1862 3646 consueverunt.

253 3681 369 3752 Age
414 3681 575 3751 igitur
627 3681 843 3752 quando
896 3682 1141 3736 morbum
1200 3680 1579 3751 deposuimus,
1634 3679 1863 3735 invicem

251 3774 585 3844 expleamur,
640 3774 686 3828 si
735 3773 897 3828 modo
928 3773 1043 3829 fieri
1072 3773 1247 3839 liceat,
1286 3782 1342 3827 ut
1382 3772 1469 3827 hic
1508 3772 1669 3827 ullam
1697 3774 1863 3829 satie-

252 3871 417 3920 tatem
448 3864 817 3929 inveniamus;
846 3864 1149 3919 dilectionis
1174 3865 1317 3919 enim
1345 3873 1531 3919 natura
1560 3866 1860 3919 satietatem

251 3969 359 4010 non
391 3955 559 4021 novit,
602 3961 658 4009 et
698 3968 768 4010 ex
813 3968 915 4009 usu
959 3954 1208 4009 amicitia:
1235 3954 1465 4024 majores
1486 3954 1730 4007 ﬂammas
1767 3969 1859 4009 ac-

248 4047 381 4118 cipit
412 4065 427 4103 :
453 4045 595 4118 quod
617 4046 734 4117 ipse
762 4044 1010 4102 alumnus
1036 4045 1339 4102 dilectionis
1380 4045 1577 4101 Paulus
1606 4052 1858 4102 testatum

248 4139 499 4209 reliquit,
547 4138 640 4210 qui
694 4138 767 4193 lla
807 4137 1160 4194 dixit:Nulli
1183 4139 1460 4208 quidquam
1486 4140 1728 4204 debeatis,
1760 4140 1862 4195 nisi

247 4237 304 4283 ut
342 4230 553 4284 invicem
577 4228 804 4299 diligatis
832 4229 1010 4300 (Rom.
1042 4230 1133 4284 i5.
1157 4230 1236 4299 8).
1264 4228 1397 4283 illud
1446 4229 1591 4283 enim
1617 4227 1857 4284 debitum

247 4334 465 4391 semper
489 4320 703 4391 quidem
746 4319 1026 4385 fundatur,
1055 4336 1347 4392 numquam
1396 4330 1575 4377 autem
1607 4321 1850 4378 solvitur.

246 4403 347 4467 llic
398 4420 660 4482 perpetuo
703 4410 904 4467 debere
937 4411 1221 4483 pulchrum
1251 4421 1366 4479 est,
1414 4422 1469 4469 et
1496 4414 1548 4468 in
1576 4413 1731 4469 laude
1755 4428 1855 4484 po-
1902 4409 1905 4412 ’

245 4504 432 4558 situm.
477 4499 533 4557 In
567 4519 628 4560 re
680 4505 988 4574 pecuniaria
1038 4507 1164 4573 eos‘,
1218 4507 1310 4576 qui
1339 4519 1448 4563 non
1474 4507 1706 4575 debent,
1740 4507 1854 4562 lau-

244 4595 453 4652 dandos
492 4606 744 4668 putamus
774 4612 790 4651 :
823 4598 878 4654 in
898 4598 1185 4654 dilectione
1224 4616 1354 4655 vero
1384 4610 1671 4670 perpetuos
1702 4600 1853 4656 debi-

251 4696 400 4742 tores
427 4688 720 4759 probamus
763 4697 820 4745 et
844 4689 1175 4756 admiramur
1206 4709 1221 4744 :
1253 4700 1307 4747 et
1334 4692 1477 4762 quod
1505 4694 1575 4749 ibi
1604 4693 1852 4765 maligni-

194 4820 197 4823 λ
246 4779 392 4845 tatis,
421 4778 508 4834 hic
548 4779 897 4851 benignitatis
946 4782 1156 4853 signum
1204 4792 1306 4850 est,
1339 4791 1399 4839 ut
1445 4785 1649 4841 scilicet
1689 4798 1848 4841 num-

243 4884 405 4940 quam
455 4870 696 4927 solvatur
741 4872 983 4929 caritatis
1050 4873 1314 4930 debitum.
1366 4875 1446 4930 Ne
1491 4892 1637 4947 aegre
1664 4876 1850 4935 feratis

244 4959 606 5028 prolixitatem
647 4964 911 5019 orationis
957 4963 1152 5021 futurae
1196 4982 1211 5021 :
1260 4966 1663 5024 citharmdicam
1704 4970 1847 5025 enim

242 5049 532 5106 molodiam
552 5066 779 5122 eamque
794 5047 1162 5111 admirabilem
1192 5072 1290 5112 vos
1310 5057 1538 5126 docebo,
1569 5074 1677 5114 non
1696 5075 1849 5115 mor-

243 5150 389 5195 tuam
420 5140 590 5213 lyram
630 5146 988 5212 attrectando,
1023 5147 1120 5204 sed
1158 5148 1561 5219 Scripturarum
1593 5151 1847 5209 historias

240 5242 297 5288 et
326 5232 424 5289 Dei
467 5246 734 5307 praecepta
766 5252 864 5308 pro
894 5241 1075 5296 nervis
1116 5240 1465 5298 intendendo.
1490 5244 1560 5299 Et
1588 5244 1849 5315 quemad-

241 5324 462 5381 modum
504 5326 789 5385 citharmdi
828 5334 1058 5402 arreptis
1080 5333 1463 5405 discipulorum
1485 5335 1683 5405 digitis,
1714 5354 1846 5407 pau-

241 5413 394 5469 latim
439 5428 536 5471 eos
580 5416 799 5475 chordis
848 5420 1199 5480 admoventes
1251 5426 1616 5483 assuefaciunt
1674 5428 1845 5498 perite

238 5516 597 5576 mntrectare,
644 5520 701 5567 et
740 5528 807 5571 ex
860 5516 1022 5572 mutis
1051 5518 1193 5574 tonis
1230 5534 1295 5574 ac
1319 5523 1502 5577 nervis
1531 5522 1678 5577 omni
1703 5537 1843 5579 sono

237 5600 547 5657 suaviorem
595 5608 651 5657 et
666 5601 965 5662 dulciorem
991 5623 1180 5666 vocem
1217 5612 1465 5669 emittere
1498 5613 1695 5670 docent
1720 5631 1733 5668 :
1762 5614 1835 5669 ita

300 5712 379 5771 (α)
392 5711 573 5767 collata
594 5719 896 5773 unum
918 5720 1071 5789 Regio
1090 5723 1209 5778 i907
1234 5732 1417 5780 etcum
1438 5728 1731 5781 Ooisliniano
1746 5728 1859 5781 ιιι.

1987 1779 2090 1822 nos
2116 1780 2335 1839 quoque
2354 1765 2613 1823 faciemus
2629 1806 2646 1833 ,
2674 1773 2732 1823 et
2757 1764 2878 1822 loco
2902 1762 3195 1838 digitorum
3217 1770 3452 1821 mentem
3500 1780 3597 1823 ve-

1984 1867 2150 1914 stram
2171 1865 2522 1915 attrectantes
2570 1858 2854 1931 prmeeptis
2896 1858 2991 1915 Dei
3017 1857 3467 1925 admovebimus,
3509 1858 3596 1930 ju-

1984 1948 2336 2021 bebimusque
2387 1963 2450 2005 ea
2499 1950 2636 2007 scite
2679 1958 2737 2007 et
2764 1950 3042 2022 eleganter
3074 1948 3361 2021 attingere,
3394 1964 3503 2005 non
3531 1959 3594 2005 ut

1984 2041 2262 2098 hominum
2290 2042 2596 2116 theatrum,
2626 2043 2721 2101 sed
2763 2052 2821 2100 nt
2850 2042 3165 2115 angelorum
3203 2042 3459 2113 populum
3496 2057 3597 2114 per

1985 2131 2125 2187 hanc
2148 2132 2479 2204 voluptatein
2508 2133 2775 2189 excitetis.
2802 2131 2922 2188 Non
2948 2133 3094 2189 enim
3133 2133 3269 2189 satis
3291 2142 3377 2189 est
3411 2133 3456 2188 si
3478 2132 3598 2189 elo:

1982 2223 2105 2294 quia
2149 2222 2327 2279 divina
2368 2239 2709 2294 percenseas,
2735 2224 2842 2287 nisi
2880 2239 2944 2280 ea
2988 2239 3206 2295 quoque
3239 2225 3401 2280 rebus
3447 2239 3592 2295 praes

1980 2321 2093 2390 stes
2134 2333 2147 2369 :
2180 2324 2234 2370 et
2269 2316 2725 2387 quemadmodum
2767 2316 2821 2371 in
2872 2314 3080 2371 cithara
3134 2330 3335 2372 nervos
3376 2315 3593 2387 attingit

1980 2404 2201 2473 artifex,
2254 2406 2465 2477 attingit
2504 2421 2718 2478 quoque
2754 2417 2807 2463 et
2836 2406 3149 2477 imperitus,
3174 2421 3365 2463 verum
3404 2406 3500 2475 ita,
3531 2415 3593 2464 ut

1980 2497 2081 2553 iste
2124 2497 2424 2554 auditorem
2472 2506 2651 2566 vexet,
2691 2499 2781 2555 ille
2824 2498 3191 2570 voluptatibus
3238 2506 3294 2554 et
3352 2499 3593 2556 oblecta-

1981 2590 2125 2645 tione
2154 2591 2379 2660 repleat,
2428 2591 2530 2647 etsi
2559 2592 2846 2663 utrobique
2888 2590 3131 2662 ejusdem
3173 2592 3390 2663 generis
3438 2591 3592 2663 digiti

1979 2688 2034 2735 ct
2100 2680 2262 2737 iidem
2317 2685 2467 2738 nervi
2517 2684 2666 2751 sint,
2721 2684 2815 2741 sed
2861 2700 2969 2740 non
3012 2684 3202 2740 eadem
3245 2683 3482 2754 peritia:
3518 2684 3591 2740 ita

1978 2785 2193 2842 quoque
2233 2772 2285 2827 in
2330 2774 2500 2829 sacris
2549 2774 2878 2845 Scripturis,
2943 2774 3098 2829 multi
3138 2773 3341 2831 adeunt
3378 2774 3590 2845 eloquia

1976 2861 2189 2929 divina,
2243 2862 2347 2928 sed
2390 2880 2499 2919 non
2540 2880 2731 2921 omnes
2773 2866 2981 2921 lucrum
3032 2864 3158 2921 inde
3202 2864 3439 2931 faciunt,
3490 2873 3587 2920 aut

1976 2953 2207 3010 fructum
2260 2955 2534 3025 referunt;
2572 2958 2627 3013 in
2673 2973 2836 3014 causa
2880 2967 2985 3024 est,
3038 2957 3182 3028 quod
3222 2973 3398 3030 neque
3442 2955 3588 3014 dicta

1977 3047 2108 3102 satis
2151 3057 2479 3115 scrutentur,
2510 3066 2687 3121 neque
2730 3066 2852 3106 cum
2896 3049 3128 3105 artificio
3157 3050 3421 3107 citharam
3461 3051 3586 3122 pul-

1974 3148 2096 3194 sent
2129 3139 2309 3210 :quod
2361 3142 2504 3197 enim
2551 3142 2604 3196 in
2650 3157 2708 3197 re
2751 3141 3098 3198 citharmdiea
3141 3156 3251 3208 ars,
3281 3140 3383 3211 hoc
3410 3141 3588 3214 ipsum

1975 3227 2030 3286 in
2086 3229 2180 3285 Dei
2225 3229 2429 3301 legibus
2482 3247 2705 3303 operum
2735 3232 3017 3288 exhibitio.
3054 3231 3163 3288 Nos
3211 3242 3390 3301 autem
3417 3248 3582 3290 unam

1973 3322 2231 3375 chordam
2260 3322 2593 3391 pulsavimus
2623 3338 2720 3393 per
2737 3331 2905 3379 totam
2932 3322 3420 3395 quadragesimam,
3451 3324 3583 3381 dum

1972 3410 2147 3481 legem
2197 3412 2348 3467 vobis
2386 3412 2455 3468 de
2479 3414 2802 3485 juramentis
2846 3417 3210 3485 recitavimus,
3252 3426 3307 3473 et
3336 3417 3430 3472 Dei
3457 3431 3585 3487 gra-

1975 3501 2046 3556 tia
2102 3503 2351 3560 effectum
2396 3514 2516 3574 est,
2567 3515 2627 3562 ut
2674 3508 2930 3579 pleraque
2979 3509 3286 3565 auditorum
3342 3523 3375 3565 a
3424 3508 3584 3565 nobis

1972 3608 2064 3648 ora
2101 3596 2154 3650 in
2206 3595 2307 3651 hac
2360 3596 2492 3669 legis
2545 3598 2775 3655 melodis
2804 3599 2877 3655 ita
2914 3600 3153 3656 instituta
3190 3600 3330 3667 'sint,
3383 3608 3442 3654 ut
3481 3599 3581 3656 deo

1970 3687 2122 3757 pulsa
2172 3704 2332 3759 prava
2379 3691 2791 3757 consuetudine,
2824 3707 2921 3762 pro
2944 3708 3011 3747 eo
3048 3691 3191 3763 quod
3222 3701 3379 3747 antea
3408 3691 3582 3747 Deum

1964 3778 2238 3850 jurabant,
2262 3782 2372 3853 jam
2401 3782 2532 3838 nihil
2557 3783 2657 3838 nisi
2688 3783 2803 3850 Est,
2834 3783 2949 3839 Non
2980 3792 3093 3850 est,
3126 3792 3181 3840 et
3217 3784 3393 3839 Crede
3420 3782 3581 3852 mihi,

1968 3871 2020 3925 in
2054 3872 2231 3942 lingua
2261 3887 2354 3928 sua
2400 3876 2804 3943 circumferant,
2839 3876 2999 3947 idque
3030 3877 3085 3932 in
3106 3877 3252 3932 omni
3278 3876 3573 3948 colloquio,

1965 3964 2102 4020 adeo
2132 3973 2191 4019 ut
2228 3965 2369 4022 inter
2409 3967 2555 4023 mille
2585 3970 2923 4039 negotiorum
2976 3969 3327 4025 necessitates
3349 3969 3580 4027 ulterius

1965 4057 2215 4129 progredi
2244 4073 2350 4114 non
2376 4061 2697 4117 sustineant.

2034 4148 2377 4207 2.C:rterum
2408 4152 2531 4223 quia
2574 4168 2681 4209 non
2711 4153 2911 4209 sufﬁcit
2960 4154 3028 4209 ad
3054 4154 3302 4222 salutem,
3334 4155 3381 4211 si
3407 4171 3577 4213 unum

1964 4251 2291 4312 praeceptum
2329 4243 2701 4309 observemus,
2750 4259 2848 4315 age
2898 4259 2995 4299 vos
3038 4243 3201 4301 hodie
3243 4244 3311 4300 ad
3340 4246 3574 4303 alterum

1962 4331 2304 4389 traducamus
2351 4336 2501 4389 :etsi
2546 4335 2691 4390 enim
2742 4350 2851 4390 non
2899 4350 3087 4392 omnes
3130 4336 3474 4407 profecerunt
3518 4340 3573 4395 in

1960 4423 2141 4495 priore
2190 4425 2346 4497 lege,
2397 4436 2635 4482 attamen
2688 4427 2947 4496 temporis
2984 4442 3275 4499 progressu
3303 4430 3394 4499 qui
3423 4438 3574 4486 retro

1961 4526 2275 4573 manserunt
2321 4532 2439 4587 eos,
2488 4519 2579 4589 qui
2629 4517 2962 4589 praecedunt,
3012 4530 3391 4591 assequentur.
3460 4520 3565 4576 De-

1958 4611 2224 4681 prehendi
2269 4616 2415 4668 enim
2466 4621 2668 4668 tantam
2717 4627 2842 4669 esse
2871 4612 3031 4682 hujus
3074 4613 3153 4668 rei
3202 4628 3408 4681 curam,
3439 4622 3569 4670 utet

1956 4700 2182 4757 domict
2214 4702 2268 4758 in
2304 4717 2489 4759 mensa
2524 4702 2625 4758 viri
2677 4718 2802 4759 cum
2856 4700 3202 4769 mulieribus,
3250 4703 3393 4759 servi
3442 4718 3573 4759 cum

1957 4792 2205 4863 ingenuis
2255 4805 2532 4851 certamen
2578 4794 2647 4849 de
2692 4793 2854 4865 hujus
2883 4793 3139 4866 praecepti
3182 4793 3566 4852 observatione

1956 4884 2305 4949 contendant,
2357 4894 2413 4941 et
2454 4886 2640 4941 beatos
2670 4884 2824 4953 dixi,
2877 4885 2967 4956 qui
3025 4884 3095 4941 ad
3143 4872 3311 4942 istum
3346 4886 3568 4943 modum

1955 4976 2202 5031 convivia
2230 4976 2587 5033 celebrarent.
2629 4976 2769 5045 Quid
2808 4977 2953 5033 enim
2993 4992 3056 5034 ea
3094 4992 3280 5033 mensa
3306 4976 3566 5047 sanctius,

1953 5068 2097 5124 unde
2125 5077 2179 5123 et
2204 5068 2436 5124 ebrietas
2482 5078 2538 5124 et
2566 5068 2833 5124 voracitas
2885 5070 3171 5140 omnisque
3216 5070 3569 5141 prodigalitaa

1952 5168 2168 5215 extrusa
2219 5169 2322 5225 cst,
2378 5168 2434 5214 et
2474 5158 2591 5213 loco
2639 5159 2851 5214 illarum
2904 5150 3236 5214 admirabilis
3260 5160 3564 5216 introducta

1951 5249 2241 5321 praestandi
2286 5250 2452 5305 divini
2497 5250 2752 5321 pmcepti
2782 5251 3156 5307 concertatio?
3189 5251 3327 5307 Dum
3357 5252 3442 5307 vir
3470 5253 3565 5308 ob-

1952 5349 2133 5396 servat
2180 5355 2429 5407 uxorem,
2459 5356 2599 5396 uxor
2637 5342 2832 5408 virum,
2871 5357 2940 5398 ne
2961 5341 3013 5396 in
3035 5341 3331 5414 praecipitia
3375 5343 3565 5414 pel-ju-

1953 5432 2021 5487 rii
2070 5441 2211 5499 ruat,
2264 5442 2318 5488 et
2342 5433 2543 5489 mulcta
2572 5434 2891 5505 gravissima
2928 5435 3217 5490 constituta
3244 5442 3330 5492 est
3356 5450 3563 5506 prava-

1948 5524 2060 5581 rica
2071 5524 2196 5591 tori,
2249 5538 2357 5581 non
2384 5523 2575 5597 pudori
2601 5534 2685 5581 est
2708 5524 2989 5581 dominum
3012 5540 3042 5580 a
3066 5525 3239 5583 servis
3269 5525 3520 5597 redargui
3540 5559 3562 5592 ς

1953 5624 2049 5673 aut
2099 5629 2287 5673 servos
2339 5630 2371 5672 a
2412 5614 2649 5675 dominis
2704 5615 2996 5693 castigari?
3041 5616 3207 5675 Recte
3245 5616 3411 5689 igitur
3434 5614 3558 5691 quis
