4058 6396
509 339 576 398 l9
1253 329 1627 403 3.,JOANNIS
1661 319 2137 385 CllRYSOSTOMl
2176 321 2497 378 ARClllEP.
2538 322 3082 380 CONSTANTINOP.

503 451 800 511 istiusmodi
821 450 1040 506 domum
1065 448 1163 504 Dei
1207 447 1501 502 Ecclesiam
1542 443 1795 514 appellet.
1832 438 1931 496 Ubi
1954 436 2099 492 enim

503 556 650 604 tanta
703 534 964 600 modestia
988 583 1005 609 ,
1049 551 1108 596 ut
1161 541 1439 610 epularum
1473 547 1716 605 tempore
1744 529 1960 589 solliciti
1989 527 2100 583 sint

497 638 745 695 convivae
774 637 841 692 de
867 634 1065 690 divinis
1095 632 1302 703 legibus
1321 674 1336 699 ,
1387 631 1631 700 aliusque
1655 641 1774 683 cum
1805 624 1909 679 alio
1936 636 2097 691 super

504 730 607 786 hoc
650 726 940 784 contendat
972 744 985 779 :
1018 734 1226 780 certum
1257 734 1339 779 est
1363 723 1662 777 dicmonem
1688 717 1813 773 inde
1838 724 1892 772 et
1911 729 2099 784 quam-

501 822 627 875 lihet
652 820 845 874 malam
875 817 1166 888 potentiam
1205 815 1690 874 eliminatamesse,
1714 807 2108 874 Christumque,

497 912 711 977 adesse,
734 910 917 966 laetum
948 923 1011 963 ac
1039 907 1265 962 hilarem
1289 906 1357 960 de
1386 904 1472 959 illa
1501 900 1721 973 pulchra
1745 898 1884 953 inter
1905 912 2095 952 servos

493 1017 622 1057 suos
677 1001 1039 1065 aemulatione,
1086 1013 1406 1067 omnemque
1450 996 1554 1050 illis
1596 993 1811 1063 elargiri
1868 989 2089 1046 benedi-

494 1094 752 1147 ctionem.
775 1092 1114 1161 Quapmpter
1138 1090 1340 1145 omisso
1365 1089 1475 1158 jam
1505 1084 1609 1141 hoc
1632 1091 1899 1156 praecepto
1929 1082 2095 1154 (novi

496 1182 641 1237 enim
672 1182 766 1236 Dei
790 1182 960 1252 gratia
988 1180 1040 1235 id
1069 1196 1165 1250 per
1190 1181 1492 1235 universam
1523 1180 1706 1232 urbem
1742 1183 2091 1245 propagatum

496 1273 581 1340 iri,
616 1288 739 1329 cum
768 1274 904 1328 adeo
948 1272 1216 1328 ferventes
1250 1272 1303 1327 in
1356 1270 1649 1340 principiis,
1697 1268 1940 1337 adeoque
1962 1281 2094 1322 con-

497 1377 703 1423 stantes
740 1381 834 1421 vos
874 1366 1215 1437 exhibeatis),
1260 1364 1328 1418 ad
1374 1359 1519 1419 aliud
1546 1370 1868 1433 prmeeptum
1912 1368 2089 1413 trans-

496 1457 607 1523 ibo,
637 1456 778 1528 quod
807 1466 890 1513 est
929 1457 999 1513 de
1025 1464 1332 1526 contemptu
1372 1457 1487 1511 iras.
1525 1454 1593 1510 Ut
1631 1453 1773 1507 enim
1805 1453 1859 1506 in
1884 1450 2089 1506 cithara

501 1562 612 1605 non
642 1551 773 1605 satis
815 1558 901 1605 est
948 1550 1107 1605 unico
1136 1563 1305 1603 nervo
1333 1546 1597 1603 conficere
1623 1545 1908 1601 melodiam
1933 1585 1949 1610 ,
1992 1542 2090 1598 sed

492 1653 682 1695 omnes
732 1639 1079 1710 percurrendi
1118 1648 1282 1704 sunt,
1326 1638 1687 1693 concinnitate
1730 1634 2085 1706 congruenti:

491 1726 564 1783 ita
610 1742 821 1798 quoque
870 1728 925 1782 in
970 1727 1135 1782 animi
1183 1727 1405 1794 virtute,
1454 1742 1561 1781 non
1610 1741 1714 1781 una
1752 1725 1839 1781 lex
1891 1722 2090 1779 sufﬁcit

491 1816 649 1873 nobis
670 1817 744 1883 ad
785 1818 1033 1888 salutem,
1083 1827 1142 1873 ut
1171 1818 1315 1889 prius
1360 1818 1494 1885 dixi,
1526 1817 1622 1874 sed
1666 1832 1856 1873 omnes
1902 1826 2088 1873 exacte

492 1908 808 1978 prmstandte
837 1918 981 1975 sunt,
1015 1910 1061 1965 si
1087 1909 1303 1979 quidem
1345 1909 1572 1964 velimus
1614 1910 1761 1963 omni
1808 1906 2085 1962 harmonia

490 1999 759 2055 dulciores
810 2008 867 2055 et
898 2000 1139 2055 utiliores
1186 2000 1434 2055 modulos
1484 2002 1769 2055 coniicere.
1801 1999 1991 2053 Didicit
2027 2014 2087 2054 os

490 2099 639 2144 tuum
669 2105 777 2146 non
806 2091 1033 2161 jurare?
1060 2089 1247 2145 edocta
1277 2099 1361 2145 est
1409 2099 1498 2144 tua
1526 2090 1725 2160 lingua,
1756 2088 1852 2152 lla,
1872 2100 1923 2142 et
1946 2088 2081 2153 Non,

487 2181 684 2252 ubique
709 2181 940 2237 sonare?
971 2183 1151 2237 Discat
1189 2182 1348 2237 etiam
1380 2182 1681 2236 convicium
1725 2195 1883 2235 omne
1929 2196 2085 2234 aver-

486 2271 615 2339 sari,
668 2270 1033 2342 maioremque
1079 2288 1260 2330 curam
1296 2271 1361 2327 ad
1409 2272 1512 2331 hoc
1555 2285 1882 2347 pricccplutn
1928 2272 2083 2329 adhi-

486 2362 636 2433 bere,
682 2364 1112 2436 quandoquidem
1143 2376 1196 2422 et
1219 2367 1421 2436 majore
1441 2367 1626 2421 labore
1654 2380 1788 2434 epus
1816 2376 1917 2418 est.
1954 2366 2085 2419 Nam

485 2456 598 2513 illic
661 2458 992 2514 consuetudo
1046 2459 1158 2515 sola
1208 2458 1470 2514 vincenda
1518 2458 1617 2513 fuit
1658 2476 1671 2511 :
1717 2460 1771 2513 in
1822 2460 1900 2512 ira
1956 2474 2085 2513 vero

487 2551 797 2607 nervosiore
846 2551 1107 2606 industria
1150 2567 1286 2622 opus
1314 2560 1423 2616 est;
1455 2550 1722 2606 violentus
1757 2551 1898 2605 enim
1947 2549 2080 2604 alre-

486 2650 604 2692 ctns
624 2649 725 2705 est,
759 2648 814 2696 et
840 2641 1169 2711 tyrannicus,
1193 2650 1247 2697 et
1274 2640 1503 2696 subinde
1541 2639 1737 2709 abripit
1763 2640 1844 2693 vel
1871 2654 1965 2695 eos
1991 2640 2082 2710 qui

487 2728 706 2800 vigilant
736 2731 777 2797 ³,
827 2740 881 2787 et
905 2728 972 2786 ad
1000 2730 1313 2787 barathrum
1343 2733 1515 2801 ipsum
1565 2730 1877 2802 perditionis
1910 2729 2081 2786 deduw

486 2820 577 2876 cit.
625 2820 784 2877 Ferte
831 2823 992 2893 igitur
1034 2823 1393 2894 prolixitatem
1444 2824 1728 2879 sermonis.
1775 2824 2080 2879 Absurdum

485 2913 682 2984 quippe
708 2922 791 2969 est
833 2928 954 2969 cum
1002 2914 1236 2985 quotidie
1260 2915 1558 2970 vulnereris
1586 2916 1640 2969 in
1686 2915 1826 2980 foro,
1861 2916 1915 2970 in
1939 2915 2072 2971 tedi-

484 3005 607 3072 bus,
646 3004 715 3062 ab
759 3007 965 3074 amicis,
1000 3023 1030 3062 a
1069 3008 1328 3075 cognatis,
1361 3007 1429 3061 ab
1458 3008 1708 3071 inimicis,
1748 3023 1779 3061 a
1819 3008 2027 3073 vicinis,
2051 3023 2081 3062 a

485 3096 676 3159 servis,
733 3096 803 3150 ab
852 3111 1037 3163 uxore,
1069 3111 1099 3150 a
1132 3096 1263 3163 filio,
1296 3112 1326 3152 a
1376 3098 1606 3167 prepriis
1648 3097 2078 3167 cogitationibus,

487 3202 561 3241 ne
584 3187 752 3242 semel
778 3186 995 3257 quidem
1026 3188 1077 3242 in
1107 3190 1355 3244 universa
1388 3188 1721 3245 hebdomada
1748 3188 1815 3243 de
1842 3187 2081 3243 remedio

486 3279 697 3335 illorum
752 3280 1027 3336 vulnerum
1054 3296 1236 3336 curam
1275 3282 1557 3337 admittere
1587 3300 1600 3336 :
1634 3284 1929 3351 praesertim
1958 3297 2077 3337 cum

485 3370 717 3425 sciamus
742 3370 898 3425 istum
927 3371 1149 3427 curandi
1194 3373 1409 3428 modum
1449 3388 1549 3428 nec
1589 3382 1823 3443 sumptu,
1855 3388 1952 3428 nec
1983 3373 2080 3428 do-

487 3460 601 3517 lore
647 3471 915 3518 constare.
960 3462 1076 3519 Non
1118 3466 1260 3520 enim
1297 3481 1437 3521 nunc
1488 3465 1689 3521 ferrum
1735 3466 1789 3519 in
1835 3466 2081 3521 manibus

488 3551 660 3607 habeo
684 3570 695 3605 :
725 3553 818 3608 sed
849 3554 1067 3610 verbum
1087 3571 1183 3626 pro
1208 3555 1367 3623 ferro,
1392 3557 1579 3628 quovis
1598 3565 1773 3611 tamen
1792 3556 1935 3610 ferro
1954 3571 2081 3611 acu-

489 3645 615 3707 tius,
634 3653 687 3700 et
734 3646 969 3716 cujusvis
998 3636 1199 3717 peccati
1219 3649 1553 3717 putredinem
1579 3647 1934 3715 exscindens;
1964 3648 2079 3705 sine

486 3735 674 3790 dolore
704 3747 882 3792 tamen
924 3738 1059 3807 ejus,
1094 3738 1179 3793 cui
1206 3739 1307 3793 ista
1349 3739 1535 3795 incisio
1567 3739 1644 3813 lit.
1675 3738 1792 3793 Non
1824 3739 1995 3808 ignem
2028 3739 2078 3793 in

486 3824 671 3879 dextra
722 3825 916 3892 habeo,
967 3825 1060 3881 sed
1087 3826 1383 3882 doctrinam
1445 3830 1565 3896 igne
1584 3826 2077 3893 ‘vehcmeutiorem,

486 3929 716 3985 eamque
743 3932 847 3969 non
888 3916 1230 3971 adhibentem
1258 3918 1570 3984 cauterium,
1604 3918 1699 3974 sed
1728 3930 1904 3974 tamen
1926 3918 2077 3973 cohi-

488 4006 702 4061 bentem
734 4007 948 4062 malitiae
975 4016 1379 4077 proserpentem
1397 4010 1722 4074 erosionem,
1754 4020 1806 4063 et
1838 4024 1933 4079 pro
1961 4026 2083 4065 cru-

486 4098 624 4151 ciatu
657 4097 940 4166 plurimam
958 4098 1027 4164 ei,
1050 4099 1141 4169 qui
1172 4098 1430 4155 liberatur
1450 4115 1480 4155 a
1504 4101 1703 4155 malitia
1726 4142 1739 4167 ,
1769 4099 2080 4157 afferentcm

487 4188 837 4256 voluptatem.
920 4250 927 4257 ί

570 4277 710 4334 Velle
736 4282 859 4334 satis
879 4289 974 4345 est;
1009 4283 1282 4336 auctoritas
1296 4283 1521 4353 jubentis
1547 4285 1766 4339 excitare
1784 4286 1958 4354 debet;
1984 4286 2085 4342 Pe-

490 4372 553 4425 tri
574 4373 625 4425 in
646 4388 844 4425 scenam
862 4372 1123 4445 paulisper
1143 4374 1333 4427 inducti
1362 4376 1608 4445 primatus
1635 4385 1679 4430 et
1709 4377 1935 4430 studium
1961 4395 2082 4450 erga

490 4464 772 4518 doctrinam
822 4464 1011 4520 Christi
1064 4467 1500 4535 pradicantur.—-
1521 4467 1637 4522 Non
1667 4468 1751 4523 hic
1800 4484 1933 4540 opus
2000 4481 2084 4527 est

491 4563 750 4624 tempore,
787 4570 893 4610 non
924 4556 1232 4623 laboribus,
1268 4572 1375 4612 non
1424 4560 1662 4628 pecuniis
1696 4575 1708 4611 :
1738 4560 1911 4616 solum
1946 4562 2083 4619 velle

490 4646 619 4700 satis
647 4654 749 4711 est,
786 4656 841 4701 et
867 4630 1044 4701 Statim
1072 4647 1329 4717 quidquid
1360 4649 1518 4717 hujus
1563 4648 1771 4705 virtutis
1801 4660 1883 4707 est
1939 4667 2080 4723 prae-

492 4738 807 4794 stiterimus.
836 4738 989 4806 Quod
1023 4741 1069 4794 si
1109 4742 1423 4811 cogitemus,
1474 4753 1670 4812 quanta
1696 4744 1764 4797 sit
1797 4746 2083 4802 auctoritas

498 4828 593 4884 Dei
618 4828 891 4899 jubentis,
924 4839 979 4885 et
997 4831 1290 4886 conditoris
1318 4833 1471 4888 istius
1514 4833 1669 4904 legis,
1702 4836 1829 4890 satis
1856 4851 1922 4891 ex
1945 4852 2009 4891 eo
2033 4846 2087 4893 et

490 4919 701 4974 abunde
749 4909 1004 4976 instructi
1022 4928 1073 4977 et
1100 4921 1357 4978 admoniti
1388 4923 1681 4990 fuerimus;
1735 4941 1908 4997 neque
1940 4928 2082 4984 enim

492 5024 519 5062 a
551 5010 704 5065 nobis
732 5011 862 5081 ipsis
890 5013 1092 5067 monita
1114 5014 1268 5068 vobis
1288 5014 1600 5081 adferimus,
1631 5015 1725 5072 sed
1767 5017 1833 5072 ad
1874 5018 2088 5089 legisla-

494 5109 662 5155 torem
689 5116 785 5157 vos
813 5117 1003 5158 omnes
1051 5104 1384 5161 adducimus.
1425 5107 1720 5176 Sequimini
1771 5108 1964 5179 igitur,
2030 5119 2087 5166 et

490 5192 699 5248 divinas
736 5194 881 5264 leges
906 5196 1105 5251 audite.
1142 5196 1240 5252 Ubi
1264 5213 1390 5253 vero
1420 5197 1487 5254 de
1510 5199 1584 5252 ira
1611 5209 1663 5254 et
1688 5199 1953 5257 simultate
1976 5201 2088 5255 dis-

496 5295 733 5357 putatum
781 5289 899 5343 est?
950 5289 1284 5344 Multifariam
1315 5291 1530 5361 quidem
1579 5292 1633 5346 in
1682 5293 1861 5348 multis
1908 5295 2081 5363 locis,

495 5379 725 5433 maxime
765 5388 941 5435 autem
983 5380 1035 5434 in
1081 5381 1331 5451 parabole
1379 5383 1467 5438 illa
1492 5426 1506 5451 ,
1549 5399 1707 5453 quam
1746 5385 1812 5439 ad
1850 5384 2085 5459 discipu-

494 5469 572 5523 los
603 5470 825 5539 loquens
871 5468 939 5523 ad
985 5469 1144 5525 istum
1199 5470 1369 5528 ferme
1420 5474 1637 5529 modum
1679 5490 1897 5532 exorsus
1953 5488 2079 5533 est:

497 5558 623 5614 Ideo
661 5562 997 5617 assimilatum
1031 5573 1104 5618 est
1149 5580 1359 5635 regnum
1419 5567 1659 5621 stolarum
1709 5569 1902 5624 homini
1954 5573 2081 5643 regi,

491 5698 747 5810 πλᾶξε..
775 5699 949 5764 abripit
974 5714 1053 5754 eos
1076 5715 1158 5765 qm
1176 5715 1269 5755 non
1290 5703 1503 5769 rigilant,
1524 5719 1634 5771 quae
1660 5707 1806 5759 lectio
1821 5722 1918 5759 non
1941 5724 2079 5774 Sper-

3740 333 3812 391 ἕο

2209 437 2298 507 qui
2344 438 2502 494 voluit
2540 440 2788 495 rationem
2817 457 3003 512 ponere
3048 457 3164 496 cum
3210 445 3367 498 servis
3410 461 3535 501 suis.
3571 447 3642 503 Et
3689 402 3809 504 εἶτα

2211 528 2441 601 coepisset
2475 531 2720 584 rationem
2752 548 2955 600 ponere,
2985 532 3186 587 oblatus
3208 544 3278 589 est
3309 535 3356 588 ei
3396 553 3525 592 unus
3545 540 3634 608 qui
3656 540 3808 594 debe—

2207 613 2291 666 bat
2319 615 2364 667 ei
2405 613 2573 668 decem
2603 616 2764 669 millia
2805 617 2993 671 talenta
3023 631 3044 670 :
3070 634 3185 671 eum
3224 627 3393 673 autem
3435 637 3536 676 non
3575 623 3806 688 haberet,

2204 704 2339 759 unde
2370 705 2619 772 redderet,
2658 708 2814 777 jussit
2848 717 2894 762 et
2938 710 3107 779 ipsum
3149 712 3465 781 venumdari,
3519 724 3564 768 et
3591 732 3813 772 umorem

2203 796 2331 866 ejus,
2366 806 2410 851 et
2451 796 2652 862 liberos,
2686 809 2734 854 et
2760 802 2931 855 omnia
2964 818 3078 869 qua
3106 803 3351 872 habebat,
3394 816 3440 861 et
3478 808 3644 864 reddi.
3672 809 3812 864 Pro-

2203 886 2378 955 lapsus
2416 887 2569 957 igitur
2606 907 2778 945 servus
2814 891 2902 946 ille
2928 892 2997 945 ad
3028 894 3179 962 pedes
3206 896 3347 964 ejus,
3378 898 3555 951 orabat
3585 916 3701 953 eum
3728 902 3816 955 bis

2204 976 2401 1031 verbis:
2435 978 2668 1049 Domine,
2692 983 2988 1052 patientiam
3020 984 3148 1043 habs
3187 987 3241 1039 in
3266 1003 3366 1053 me,
3412 996 3458 1042 et
3487 992 3662 1044 omnia
3683 994 3811 1047 reda

2201 1068 2319 1122 dam
2353 1070 2460 1123 tibi.
2492 1072 2730 1127 Misertus
2756 1085 2925 1130 autem
2967 1078 3203 1134 dominus
3240 1081 3368 1135 servi
3407 1082 3583 1149 illius,
3610 1084 3813 1139 dimisit

2199 1174 2333 1225 eum,
2365 1171 2413 1215 et
2455 1162 2676 1218 debitum
2701 1167 2891 1221 dimisit
2919 1168 2984 1222 ei.
3035 1168 3286 1240 Egressus
3318 1181 3484 1227 autem
3504 1175 3593 1230 ille
3612 1176 3814 1235 invenit

2199 1266 2357 1305 unum
2387 1253 2451 1307 de
2479 1257 2735 1311 conservis
2757 1259 2882 1322 suis,
2923 1262 3009 1328 qui
3036 1261 3135 1329 ipsi
3178 1261 3385 1316 debebat
3406 1276 3607 1320 centum
3636 1268 3805 1321 dena-

2197 1342 2334 1409 rios,
2379 1352 2426 1396 et
2456 1354 2627 1401 tenens
2664 1346 2947 1415 sulfocabat
2992 1367 3131 1418 eum,
3183 1352 3355 1408 dicens
3378 1397 3393 1421 ,
3443 1356 3622 1412 Redde
3664 1360 3805 1428 quod

2195 1432 2378 1497 debes;
2430 1437 2761 1506 procumbens
2801 1456 2920 1511 ergo
2964 1458 3230 1497 conservus
3278 1445 3367 1500 ille
3409 1447 3478 1500 ad
3508 1449 3663 1518 pedes
3691 1452 3808 1520 ejus

2194 1526 2406 1596 rogabat
2431 1527 2624 1597 dicens,
2653 1530 2962 1587 Patientiam
2982 1535 3109 1589 habe
3129 1537 3182 1590 in
3207 1554 3305 1602 me,
3338 1550 3387 1593 et
3405 1543 3577 1596 omnia
3604 1545 3808 1600 solvam

2194 1615 2283 1706 tibi
2314 1633 2333 1669 .'
2361 1618 2448 1671 ille
2474 1628 2639 1674 autem
2659 1623 2854 1690 noluit,
2883 1628 2972 1679 sed
2991 1641 3104 1679 eum
3126 1627 3246 1682 inde
3271 1630 3541 1686 abductum
3584 1637 3807 1706 conjecit

2192 1704 2245 1759 in
2273 1723 2524 1763 carcerem
2547 1752 2562 1778 ,
2614 1713 2771 1767 donec
2802 1714 3024 1769 debitum
3066 1718 3343 1775 redderet:
3380 1723 3602 1779 uidentes
3629 1704 3805 1781 autem

2192 1800 2417 1853 conservi
2447 1801 2609 1875 ipsius
2634 1803 2886 1876 indignati
2916 1817 3053 1876 sunt,
3091 1818 3140 1863 et
3187 1813 3436 1868 venientes
3465 1830 3806 1875 narraueram

2193 1887 2398 1944 domino
2445 1908 2559 1945 suo.
2596 1893 2737 1949 Tunc
2761 1898 2953 1951 vocavit
2998 1899 3145 1954 illum
3187 1903 3423 1957 dominus
3451 1921 3593 1973 suus,
3634 1917 3684 1963 et
3726 1912 3807 1965 ait

2196 1981 2274 2034 illi
2302 1999 2319 2036 :
2352 1982 2509 2038 Serve
2532 2002 2767 2055 nequam,
2795 1973 2944 2045 omne
2966 1991 3189 2046 debitum
3218 1993 3389 2049 dimisi
3420 1997 3528 2062 tibi,
3552 2001 3804 2068 quoniam

2190 2074 2381 2141 rogasti
2406 2090 2485 2128 me
2507 2092 2525 2127 :
2555 2092 2724 2131 nonne
2748 2095 2867 2150 ergo
2888 2082 3112 2151 oportuit
3138 2092 3183 2137 et
3234 2093 3282 2138 te
3320 2085 3549 2141 misereri
3570 2093 3806 2145 conservi

2190 2165 2281 2228 tui,
2309 2166 2437 2220 sicut
2471 2179 2517 2222 et
2545 2187 2633 2240 ego
2681 2173 2767 2233 tui,
2803 2176 3035 2230 misertus
3064 2178 3220 2231 sum?
3265 2178 3409 2234 Tunc
3445 2182 3657 2237 tradidit
3680 2202 3804 2241 eum

2190 2257 2484 2324 tortoribus,
2508 2262 2832 2332 quoadusque
2847 2264 3080 2319 redderet
3108 2267 3397 2324 universum
3422 2270 3667 2328 debitum.
3708 2277 3804 2332 Sic

2190 2363 2236 2407 et
2271 2353 2425 2409 Pater
2463 2373 2602 2411 meus
2630 2356 2842 2412 ca'lestis
2873 2358 3025 2426 faciet
3062 2360 3198 2413 vobis
3224 2402 3236 2425 ,
3286 2361 3328 2415 si
3369 2379 3470 2417 non
3500 2371 3803 2424 remiseritis

2190 2448 2532 2519 unusquisque
2559 2452 2709 2521 fratri
2754 2467 2848 2507 suo
2887 2449 2949 2509 de
2995 2450 3231 2511 cardibus
3253 2455 3427 2512 vestris
3455 2453 3671 2532 (Matth.
3710 2459 3799 2520 l8.

2187 2536 2401 2607 25-35).

2260 2628 2313 2682 3.
2369 2628 2512 2685 Talis
2573 2633 2788 2702 quidem
2845 2638 3097 2707 parabola
3169 2642 3290 2696 ista.
3354 2643 3650 2702 Dicendum
3714 2661 3803 2705 est

2188 2731 2351 2787 porro
2388 2761 2403 2786 ,
2456 2735 2621 2804 quare
2700 2740 2821 2780 cum
2894 2727 3195 2798 adjectione
3264 2748 3440 2791 causa:
3495 2735 3641 2795 illam
3698 2758 3796 2812 pa-

2186 2809 2424 2867 rabolam
2493 2818 2768 2885 preposuit
2818 2836 2831 2871 :
2882 2835 2987 2875 non
3072 2823 3218 2879 enim
3268 2826 3587 2902 simpliciter
3636 2809 3797 2902 dixit,

2186 2903 2538 2960 assimilatum
2591 2916 2677 2962 est
2720 2924 2941 2980 regnum
2972 2913 3224 2971 caelorum
3260 2960 3274 2983 ,
3307 2896 3440 2987 sed,
3499 2896 3628 2979 ideo
3662 2896 3799 2983 ατεὶζ

2186 2996 2417 3049 miletum
2465 3007 2537 3053 est
2594 3018 2802 3071 regnum
2841 3005 3100 3060 car/orum.
3157 3007 3267 3064 Cur
3318 3027 3446 3083 ergo
3486 3030 3646 3071 causa
3694 3021 3796 3074 ad-

2181 3087 2370 3156 juncta
2399 3091 2518 3144 est?
2558 3090 2632 3147 De
2663 3093 2942 3151 tolerantia
2968 3098 3244 3168 discipulis
3284 3117 3589 3163 sermonem
3636 3110 3801 3168 facie-

2187 3177 2279 3233 bat
2302 3221 2316 3244 ,
2349 3180 2550 3239 docens
2574 3225 2588 3250 ,
2623 3188 2891 3256 quomodo
2919 3190 2998 3244 ira
3032 3190 3349 3249 refrenanda
3378 3208 3523 3254 esset
3548 3211 3798 3269 contem-

2186 3272 2483 3344 nenquue
2510 3276 2718 3347 injuriae
2749 3281 2901 3336 nobis
2924 3283 3102 3351 illatae,
3157 3286 3315 3357 idque
3343 3288 3427 3344 his
3455 3292 3633 3349 verbis
3666 3313 3682 3349 :
3734 3295 3804 3352 Si

2188 3368 2473 3433 peccaverit
2503 3369 2555 3420 in
2589 3379 2636 3421 te
2664 3373 2822 3441 frater
2847 3382 2963 3428 tuus
2987 3416 3002 3441 ,
3044 3377 3199 3444 vade,
3247 3389 3294 3432 et
3333 3383 3643 3451 repreliende
3683 3405 3802 3442 eum

2186 3456 2317 3511 inter
2345 3468 2392 3512 te
2415 3470 2461 3513 et
2490 3462 2660 3531 ipsum
2686 3464 2869 3519 solum.
2920 3465 2983 3520 Si
3016 3470 3374 3525 auscultaverit
3410 3474 3499 3527 tibi
3518 3517 3532 3540 ,
3568 3476 3800 3533 lucratus

2187 3563 2238 3601 es
2267 3548 2479 3617 fratrem
2512 3561 2655 3607 tuum
2693 3554 2916 3626 (Matth.
2958 3558 3042 3612 18.
3079 3560 3207 3631 15).
3250 3561 3375 3618 Ηωο
3396 3574 3451 3619 et
3495 3566 3595 3620 alia
3644 3568 3799 3637 ejus-

2187 3644 2330 3698 modi
2351 3644 2566 3701 Christo
2595 3647 2848 3716 loquente
2889 3651 2955 3704 ad
2990 3651 3280 3721 discipulos
3319 3672 3446 3711 suos
3468 3699 3483 3724 ,
3529 3659 3801 3731 istamque

2188 3732 2583 3805 philosophiam
2650 3737 2876 3794 docente
2905 3781 2917 3805 ,
2987 3741 3179 3797 Petrus
3226 3744 3377 3799 chori
3426 3749 3799 3815 apostolorum

2191 3826 2441 3903 princeps
2462 3870 2475 3893 ,
2509 3843 2570 3882 os
2600 3827 3027 3899 discipulorum,
3076 3835 3326 3890 columna
3363 3835 3658 3908 Ecclesiae,
3704 3843 3804 3897 llr-

2189 3927 2520 3974 mamentum
2570 3919 2731 3989 fidei,
2779 3923 3133 3980 confessionis
3164 3922 3599 3997 fundamentum,
3646 3933 3800 3989 orbis

2190 4016 2453 4064 terrarum
2499 4010 2751 4081 piscator,
2794 4014 2882 4084 qui
2923 4030 3093 4084 genus
3138 4026 3379 4072 nostrum
3417 4035 3481 4075 ex
3516 4023 3799 4091 profundis

2189 4113 2433 4154 errorum
2475 4100 2529 4154 in
2576 4102 2763 4157 caelum
2803 4104 3060 4171 adduxit,
3107 4107 3197 4176 qui
3243 4108 3438 4179 ubique
3478 4110 3713 4169 fervidus
3742 4125 3801 4171 ct

2190 4190 2438 4246 libertate
2472 4190 2690 4261 plenus,
2721 4194 2829 4247 imo
2857 4197 3037 4265 potius
3080 4198 3303 4254 caritate
3331 4215 3490 4269 quam
3519 4202 3799 4274 libertate,

2195 4282 2491 4337 tacentibus
2526 4285 2772 4340 omnibus
2800 4327 2815 4352 ,
2860 4288 3123 4343 accedens
3150 4289 3217 4344 ad
3248 4292 3562 4363 magistrum
3608 4295 3745 4351 dixit
3780 4318 3795 4352 :

2197 4374 2403 4441 Quoties
2432 4376 2653 4446 peccabit
2688 4378 2741 4431 in
2772 4396 2849 4433 me
2895 4385 3053 4450 frater
3082 4398 3221 4437 meus
3242 4424 3256 4447 ,
3307 4394 3354 4438 et
3398 4386 3650 4440 remittam
3676 4389 3754 4443 illi
3773 4391 3803 4443 .’

2192 4480 2351 4536 usque
2399 4467 2580 4536 septies
2627 4468 2805 4540 (Ibid.
2856 4487 2906 4523 υ.
2960 4472 3022 4525 21
3050 4472 3111 4542 )?
3144 4472 3302 4528 simul
3332 4484 3385 4529 et
3415 4475 3712 4549 interrogat
3742 4492 3801 4537 ct

2195 4558 2497 4629 pollicetur,
2534 4570 2589 4617 ct
2621 4563 2925 4633 priusquam
2956 4564 3163 4630 discat,
3211 4582 3459 4638 magnum
3502 4568 3603 4625 hac
3637 4572 3690 4626 in
3736 4589 3802 4629 re

2194 4652 2426 4708 studium
2470 4670 2579 4724 prae
2622 4670 2681 4710 se
2738 4654 3045 4711 fert.'Cum
3082 4659 3224 4713 enim
3270 4670 3504 4715 mentem
3556 4662 3800 4734 magistri

2194 4744 2362 4815 probe
2392 4745 2656 4815 cognitam
2690 4746 2947 4814 haberet,
2988 4763 3147 4818 quam
3177 4750 3264 4805 illa
3303 4750 3369 4805 ad
3409 4751 3798 4812 humanitatem

2193 4852 2362 4907 prona
2398 4848 2540 4893 esset
2564 4877 2579 4903 ,
2609 4848 2663 4893 et
2692 4838 2835 4909 quod
2864 4838 2951 4893 ille
2981 4841 3247 4910 praecipue
3276 4844 3500 4913 gratiam
3527 4860 3649 4900 cum
3679 4847 3799 4917 ipso

2193 4930 2371 4996 iniret,
2417 4932 2505 5001 qui
2551 4932 2603 4986 in
2642 4932 3010 4988 condonandis
3048 4933 3268 4989 offensis
3305 4930 3601 5006 promptior
3627 4951 3796 5008 esset,

2193 5039 2367 5093 neque
2405 5024 2458 5078 in
2491 5024 2785 5078 istiusmodi
2825 5024 2983 5079 rebus
3028 5027 3281 5082 acerbum
3324 5044 3384 5083 se
3405 5038 3459 5084 et
3487 5045 3665 5086 acrem
3696 5048 3800 5087 cx-

2196 5118 2404 5172 hiberct
2423 5160 2436 5183 ,
2468 5118 2653 5173 volens
2678 5119 2891 5189 placere
2914 5119 3205 5188 legislatori
3235 5122 3581 5193 interrogavit
3608 5164 3621 5190 ,
3666 5140 3796 5180 num

2195 5226 2362 5282 usque
2390 5212 2586 5281 septies
2623 5213 2770 5266 venia
2803 5212 3043 5267 iteranda
3071 5222 3231 5268 esset.
3280 5214 3480 5269 Deinde
3518 5224 3576 5269 ut
3620 5214 3800 5273 discas

2195 5305 2367 5373 qualis
2397 5305 2556 5359 homo
2576 5345 2592 5372 ,
2618 5305 2791 5374 qualis
2822 5320 2950 5359 vero
2979 5305 3117 5359 Deus
3144 5308 3232 5371 sit,
3266 5308 3545 5377 qualisque
3575 5308 3692 5377 ejus
3718 5311 3801 5365 in-

2196 5396 2489 5465 dulgentia,
2522 5405 2577 5450 et
2597 5397 2865 5467 quomodo
2891 5396 3121 5451 humana
3150 5397 3469 5468 benignitas,
3489 5399 3531 5453 si
3562 5400 3628 5454 ad
3652 5401 3799 5458 illius

2195 5489 2454 5560 largitatis
2480 5490 2803 5558 opulentiam
2849 5491 3034 5545 collata
3073 5492 3183 5555 sit,
3235 5492 3421 5560 quavis
3474 5504 3793 5562 paupertate

2194 5582 2552 5650 contemptior
2578 5582 2891 5650 reperiatur,
2925 5591 2977 5636 et
3004 5582 3252 5650 quantula
3278 5582 3422 5637 stilla
3465 5583 3533 5636 sit
3554 5584 3619 5636 ad
3647 5600 3798 5641 mare

2197 5673 2541 5739 immensum,
2571 5682 2769 5727 tantam
2802 5681 3038 5730 nostram
3068 5673 3360 5729 bonitatem
3389 5673 3455 5728 ad
3482 5673 3624 5730 illius
3651 5673 3795 5731 inof-

2198 5764 2409 5821 t'abilem
2459 5764 2841 5821 humanitatem
2893 5766 3261 5824 aestimandam
3313 5784 3325 5823 :
3377 5764 3575 5824 dicenti
3630 5764 3793 5825 Petro
