4058 6400
226 358 298 414 ιο
996 347 1086 403 ΒΕ
1124 345 1354 404 DECEM
1395 343 1686 401 MILLIUM
1727 343 2027 402 TALELVT.
2071 339 2422 398 DEBITORE
2467 336 2773 394 HOBILIA.
3437 333 3510 390 2’9

222 473 374 532 σθαι.
405 468 527 524 om
554 467 681 530 τοὺς
713 463 927 528 οἰκέτας
954 463 1118 518 αὐτοῦ
1147 463 1240 516 ἐπὶ
1284 462 1492 527 τούτοις
1525 461 1803 532 διορθοῦνς

222 557 342 610 οὐκ
379 554 444 610 ἄν
473 570 558 617 τις
603 551 836 622 ἁμάρτοι
870 549 966 620 τὴν
1018 549 1273 619 τοιαύτην
1309 548 1485 602 οἰκίαν
1517 545 1816 615 ἐκκλησίαν

222 637 364 693 Θεοῦ
422 636 758 708 προσειπών.
800 634 974 688 Ὅπου
1018 632 1124 703 γάρ
1177 632 1499 701 σωφροσύνη
1552 628 1812 699 τοσαύτη,

219 721 300 785 ὡς
329 721 387 774 ἐν
408 717 586 790 καιρῷ
605 718 817 788 τρυφῆς
841 718 1112 788 μεριμνᾷν
1133 713 1273 785 ὑπὲρ
1299 714 1407 767 τῶν
1431 713 1591 767 θείων
1612 713 1813 783 νόμων,

222 803 321 857 καὶ
347 802 471 865 τοὺς
507 800 775 873 παρόντας
805 799 1051 860 ἅπαντας
1084 797 1225 868 ὑπὲρ
1245 795 1437 849 τούτου
1469 795 1604 865 πρὸς
1647 793 1816 864 ἀλλή-

219 884 348 949 λους
381 884 743 954 ἀγωνίζεσθαι
773 884 864 936 καὶ
896 881 1252 951 φιλονεικεῖν,
1295 879 1518 948 εὔδηλον
1541 918 1556 942 ,
1590 879 1673 931 δτι
1702 877 1819 930 δαί-

225 985 345 1039 μων
374 968 472 1038 μὲν
501 968 647 1032 ἅπας
674 968 768 1020 καὶ
801 966 1012 1036 πονηρά
1040 963 1271 1033 δύνᾶμις
1305 962 1661 1033 ἀπελήλαται,
1692 963 1820 1034 Χριο

223 1050 351 1113 στδς
376 1050 433 1104 δέ
462 1051 692 1122 πάρεστι
717 1048 923 1120 χαίρων
957 1047 1053 1100 ἐπὶ
1081 1048 1147 1118 τῇ
1171 1045 1307 1116 καλῇ
1335 1043 1442 1098 τῶν
1488 1044 1689 1098 δούλων
1725 1062 1817 1114 φι-

220 1131 468 1205 λονεικία
495 1174 512 1199 ,
547 1135 729 1187 πᾶσαν
776 1132 959 1196 αὐτοῖς
994 1128 1508 1200 ἐπιδαψιλευόμενος
1541 1129 1814 1198 εὐλογίαν.

221 1216 326 1270 Διά
349 1216 414 1287 δὴ
440 1216 613 1270 ταῦτα
642 1215 845 1286 ταύτην
866 1215 1025 1283 ἀφεὶς
1055 1213 1240 1266 λοιπὸν
1287 1212 1387 1284 τὴν
1415 1211 1634 1283 εντολὴν
1663 1208 1818 1283 (οἰδα

220 1296 336 1371 γὰρ
368 1299 450 1354 δτι
483 1299 618 1353 Θεοῦ
672 1299 855 1370 χάριτι
893 1298 1073 1350 πᾶσαν
1104 1296 1490 1366 ἐπιδραμεῖται
1527 1296 1626 1366 τὴν
1665 1296 1819 1349 πόλιν

223 1381 356 1454 ύμῖν
383 1382 564 1453 θερμά
586 1382 850 1454 προοίμια
875 1378 1204 1434 ἀναλαὸοῦσι
1229 1380 1321 1431 καὶ
1344 1377 1519 1450 ἀρχὴν
1544 1379 1819 1450 ίσχυράν),

223 1467 312 1536 ἐφ’
344 1465 538 1537 έτέραν
569 1464 972 1536 μεταδήσομαι·
1006 1463 1106 1533 τὴν
1135 1462 1236 1531 τῆς
1277 1462 1446 1533 ὀργῆς
1492 1461 1816 1533 ὑπεροψίαν.

224 1548 443 1620 Ὥσπερ
493 1547 604 1620 γὰρ
635 1548 729 1602 ἐπὶ
768 1548 867 1617 τῆς
896 1546 1128 1618 κιθάρας
1159 1547 1260 1600 οὐκ
1308 1547 1470 1618 ἀρκεῖ
1512 1547 1673 1618 μόνον
1711 1547 1821 1600 ἀπὸ

227 1632 361 1702 μιᾶς
392 1633 592 1703 νευρᾶς
619 1631 719 1703 τὴν
753 1631 1020 1702 μελῳδίαν
1056 1629 1433 1700 ἐργάσασθαι,
1469 1631 1606 1685 άλλά
1640 1631 1821 1694 πάσας

223 1712 445 1768 ἐπιέναι
473 1714 556 1767 δεῖ
589 1713 730 1785 μετά
757 1713 964 1784 ῥυθμοῦ
1002 1713 1096 1766 τοῦ
1127 1714 1497 1785 προσήκοντος
1517 1732 1530 1746 ·
1557 1712 1701 1768 οὕτω
1729 1716 1822 1768 καὶ

224 1796 322 1849 ἐπὶ
351 1795 454 1867 τῆς
492 1796 634 1850 κατὰ
662 1796 841 1867 ψυχὴν
861 1797 1063 1868 ἀρετῆς
1091 1796 1190 1850 οὐκ
1219 1797 1379 1868 ἀρκεῖ
1407 1798 1566 1868 μόνος
1587 1800 1718 1868 ἡμῖν
1742 1799 1823 1861 εἰς

225 1879 508 1952 σωτηρίαν
530 1874 612 1943 εἰς
641 1878 804 1950 νόμος
825 1919 841 1943 ,
867 1879 1120 1950 καθάπερ
1143 1879 1313 1950 ἔφθην
1345 1878 1537 1946 εἰπὼν,
1570 1880 1706 1934 ἀλλά
1747 1879 1825 1933 δεῖ

225 1961 441 2024 πάντας
463 1962 663 2026 αὐτοὺς
689 1962 830 2033 μετά
864 1961 1150 2035 ἀκριϐείας
1179 1963 1485 2032 φυλάττειν,
1521 1966 1569 2018 εἰ
1593 1963 1658 2036 δὴ
1691 1964 1823 2034 μέλ-

207 2042 416 2116 ·λοιμεν
436 2045 536 2114 τὴν
572 2045 792 2116 ἀπάσης
821 2045 1084 2117 ἁρμονίας
1119 2043 1250 2116 ήδίω
1272 2047 1364 2099 καὶ
1398 2047 1822 2118 χρησιμωτέραν

228 2126 500 2198 μελῳδίαν
563 2127 915 2200 ἐργάζεσθαι.
975 2127 1188 2200 Ἐμαθέ
1250 2144 1344 2180 σου
1396 2130 1458 2182 τὸ
1517 2131 1692 2200 στόμα
1747 2129 1823 2201 μὴ

225 2209 463 2283 ὀμνύναι
485 2229 499 2276 ;
529 2211 825 2282 ἐπαιδεύθη
854 2214 886 2283 ἡ
915 2211 1134 2281 γλῶττα
1154 2211 1262 2265 Ναὶ
1284 2211 1378 2266 καὶ
1399 2211 1474 2266 OB
1499 2212 1677 2282 λέγειν
1696 2230 1828 2267 παν-

223 2292 430 2366 ταχοῦς
452 2295 690 2350 Μαθέτω
709 2295 804 2349 καὶ
826 2295 1094 2367 λοιδορίαν
1119 2295 1558 2368 ἀποστρέφεσθαι
1581 2297 1821 2362 ἃπασαν,

227 2379 326 2435 καὶ
371 2377 596 2432 πλείονα
647 2381 777 2451 περὶ
821 2380 920 2450 τὴν
956 2391 981 2419 α
1017 2379 1237 2448 ἐντολὴν
1286 2379 1494 2451 ταύτην
1548 2383 1826 2454 εἰσφέρειν

230 2463 495 2534 σπουδὴν,
526 2465 621 2516 ἐπε
633 2463 714 2534 ιδὴ
744 2465 838 2517 καὶ
867 2463 1112 2528 πλείονος
1148 2465 1279 2534 ἡμῖν
1299 2464 1468 2520 δεῖται
1509 2467 1602 2519 καὶ⁵
1637 2467 1823 2520 πόνου.

241 2549 395 2604 Ἐκεῖ
427 2549 526 2620 μὲν
568 2547 678 2618 γάρ
725 2547 1014 2620 συνηθείας
1050 2548 1431 2618 περιγενέσθαι
1485 2551 1646 2621 μόνον
1698 2551 1826 2613 ἔδει,

229 2634 324 2688 ἐπὶ
353 2631 411 2687 δὲ
453 2632 553 2702 τῆς
583 2632 754 2705 όργῆς
785 2631 1151 2702 εὐτονωτέρας
1188 2631 1269 2684 δεῖ
1300 2632 1397 2702 τῆς
1439 2633 1676 2702 σπουδῆς
1696 2649 1709 2662 ·
1735 2650 1830 2686 τυο

232 2715 490 2786 ραννικὺν
543 2715 653 2787 γὰρ
695 2715 755 2770 τὸ
813 2715 1022 2780 πάθος,
1078 2715 1170 2767 καὶ
1215 2713 1478 2779 πολλάκις
1521 2714 1828 2787 παρασύρει

231 2801 362 2864 τοὺς
386 2791 660 2869 νήφοντας
681 2799 733 2864 b,
760 2799 853 2852 καὶ
883 2798 1019 2870 πρὸς
1046 2798 1106 2850 τὸ
1136 2797 1410 2870 βάραθρον
1438 2798 1570 2850 αὐτὸ
1600 2799 1832 2867 κατάγει

230 2882 337 2952 τῆς
383 2881 682 2944 ἀπωλείας.
734 2879 1058 2950 Ἀνάσχεσθε
1091 2879 1271 2933 τοίνυν
1313 2879 1406 2933 τοῦ
1464 2883 1676 2950 μήκους
1722 2881 1832 2934 τῶν

232 2965 433 3034 λόγων.
469 2962 575 3018 Καὶ
617 2965 725 3034 γὰρ
755 2963 954 3017 ἄτοπον
984 2961 1105 3018 καθ’
1145 2962 1387 3034 ἑκάστην
1419 2965 1633 3035 ἡμέραν
1666 2981 1833 3036 τραυ-

237 3044 637 3122 ματιζομένονς
675 3049 732 3100 έν
788 3049 1054 3120 ἀγοραῖς,
1091 3047 1149 3100 ἰν
1199 3047 1435 3113 οἰκίαις,
1495 3048 1598 3100 ὑπὸ
1639 3047 1832 3116 φίλων,

233 3133 345 3188 ὑπὸ
371 3130 670 3201 συγγενῶν,
703 3132 808 3185 ὑπὸ
833 3130 1066 3202 ἐχθρῶν,
1102 3131 1209 3185 ὐπὸ
1242 3132 1520 3200 γειτόνων,
1550 3134 1656 3187 ὑπὸ
1689 3138 1834 3188 σίκε-

233 3221 347 3274 τῶν
372 3260 386 3282 ,
429 3220 535 3274 ὑπὸ
559 3216 817 3288 γυναικὸς
840 3258 854 3281 ,
878 3215 983 3270 ὐπὸ
1018 3214 1227 3270 παιδίου
1252 3258 1266 3281 ,
1296 3217 1402 3270 ὑπὸ
1433 3217 1651 3270 οἰκείων
1689 3219 1837 3286 λογι-

238 3303 429 3374 σμῶν,
473 3304 610 3374 μηδὲ
664 3299 812 3368 ἅπαξ
861 3299 961 3370 τῆς
1001 3299 1294 3371 ὲόδομάδος
1326 3299 1547 3372 ἁπάσης
1571 3303 1710 3374 ὑπὲρ
1735 3303 1838 3374 τῆς

237 3386 536 3458 θεραπείας
568 3385 678 3438 τῶν
724 3384 1058 3458 τραυμάτων
1099 3384 1323 3438 ἐκείνων
1359 3387 1666 3457 φροντίζειν
1689 3429 1700 3447 ,
1747 3389 1839 3441 καὶ

235 3469 415 3526 ταῦτα
449 3470 656 3530 εἰδότας
701 3468 777 3532 ώς
805 3468 1077 3532 ἀδάπανός
1124 3485 1185 3521 τε
1239 3469 1335 3521 καὶ
1389 3468 1657 3532 ἀνώδυνος
1683 3464 1838 3535 οὗτος

237 3554 339 3625 τῆς
373 3553 670 3625 θεραπείας
693 3553 721 3606 ό
754 3551 970 3624 τρόπος.
1009 3551 1143 3606 οὐδὲ
1175 3551 1286 3622 γάρ
1324 3552 1384 3606 τὸ
1412 3553 1652 3624 σιδήριον
1681 3557 1739 3608 έν
1770 3557 1837 3626 τῇ

239 3636 388 3708 χειρὶ
419 3636 636 3706 κατέχω
661 3634 780 3699 νῦν,
823 3634 959 3689 ἀλλὰ
982 3634 1138 3702 λόγον
1166 3637 1287 3689 ἀντὶ
1311 3635 1551 3707 σιδηρίου
1585 3653 1839 3708 μεταχει-

243 3719 467 3792 ρίζομαι
491 3757 505 3780 ,
543 3717 787 3789 σιδηρίου
841 3717 940 3788 μὲν
970 3718 1169 3780 παντὸς
1203 3717 1331 3770 ὄντα
1358 3718 1672 3788 τομώτερον
1692 3758 1706 3782 ,
1747 3721 1840 3773 καὶ

243 3805 430 3859 πᾶσαν
462 3801 562 3871 τῆς
609 3802 886 3872 ἁμαρτίας
915 3801 1252 3854 ὲκκόπτοντα
1297 3800 1394 3872 τὴν
1425 3801 1697 3872 σηπεδόνα
1720 3842 1736 3866 ,
1777 3803 1838 3855 οὐ

241 3885 552 3958 παρέχοντα
575 3884 631 3937 δὲ
650 3883 842 3953 ὀδύνην
873 3881 950 3953 τῷ
976 3883 1314 3954 τεμνομένη).
1350 3882 1466 3938 Οὐκ
1505 3885 1614 3955 έχω
1639 3885 1750 3956 πῦρ
1783 3887 1840 3938 έν

239 3972 310 4042 τῇ
348 3968 500 4041 δεξιᾷ
521 4011 537 4036 ,
568 3967 682 4021 ἀλλ’
726 3967 834 4038 έχω
863 3966 1216 4020 διδασκαλίαν
1247 3966 1418 4036 πυρὸς
1448 3967 1838 4040 σφοδροτέραν,

241 4045 308 4110 ὀύ
332 4053 583 4122 καυτῆρα
606 4051 920 4120 ἐπάγουσαν
938 4090 954 4113 ,
987 4048 1100 4102 ἀλλ’
1135 4050 1568 4104 ἀναστέλλουσαν
1616 4053 1716 4122 μὲν
1745 4053 1841 4123 τὴν

242 4137 422 4210 νομὴν
445 4138 547 4205 τῆς
593 4135 823 4200 κακίας,
855 4136 976 4190 ἀντὶ
1008 4135 1063 4188 δὲ
1093 4133 1172 4206 [4]
1210 4134 1501 4205 ἀλγηδόνος
1524 4135 1740 4207 *πολλὴν
1766 4137 1842 4208 τῷ

242 4221 348 4292 τῆς
407 4220 605 4284 κακίας
657 4219 1119 4290 ἀπαλλαττομένῳ
1168 4218 1518 4289 παρέχουσαν
1563 4218 1662 4290 τὴν
1721 4221 1840 4289 ἠδο-

242 4307 368 4378 νην.

321 4387 398 4440 Οὐ
427 4387 587 4458 χρεία
633 4386 843 4456 χρόνων
891 4384 1160 4450 ἐνταῦθα,
1207 4384 1268 4438 οὐ
1303 4385 1463 4455 χρεία
1517 4385 1732 4453 πόνων,
1781 4388 1840 4442 οὐ

244 4469 407 4543 χρεία
431 4471 734 4541 χρημάτων
759 4486 771 4497 ·
805 4470 969 4540 ἀρκεῖ
1015 4469 1236 4540 θελῆσαι
1275 4470 1435 4538 μόνον
1460 4512 1473 4535 ,
1511 4471 1605 4523 καὶ
1665 4473 1843 4526 πάντα

244 4553 318 4608 τὰ
352 4556 450 4625 τῆς
484 4553 686 4625 ἀρετῆς
729 4554 863 4624 ἡμῖν
903 4550 1295 4624 κατώρθωται’
1347 4553 1453 4606 κᾶν
1497 4556 1844 4625 ἐννοήσωμεν

246 4637 312 4692 τὸ
337 4637 556 4707 ἀξίωμα
594 4637 689 4690 τοῦ
717 4635 1030 4699 κελεύοντος
1076 4635 1212 4688 Θεοῦ
1265 4635 1358 4690 καὶ
1403 4636 1842 4707 νομοθετοῦντος,

250 4721 444 4790 ἱκανὴν
475 4720 758 4792 ληψόμεθα
793 4718 1140 4772 διδασκαλίαν
1188 4720 1280 4773 καὶ
1332 4720 1655 4790 παραίνεσιν
1681 4741 1694 4753 ·
1724 4723 1845 4775 οὐδὲ

249 4804 361 4874 γάρ
413 4803 623 4856 οἴκοθεν
659 4800 1049 4871 φθεγγόμεθα,
1085 4802 1200 4854 ἀλλ’
1252 4804 1346 4855 ἐπί
1404 4803 1495 4856 τὸν
1547 4805 1845 4874 νομοθέτην

249 4885 498 4949 ἃπαντας
547 4887 693 4955 ὑμᾶς
731 4878 954 4955 ἀγομεν.
993 4883 1230 4937 Ἐπεσθε
1285 4887 1463 4938 τοίνυν
1489 4927 1503 4950 ,
1544 4888 1652 4939 τῶν
1687 4887 1845 4940 θείων

250 4969 483 5026 ἀκούετε
510 4970 713 5040 νόμων.
745 4968 856 5021 Ποῦ
894 4968 1074 5020 τοίνυν
1109 4969 1237 5039 περὶ
1263 4969 1436 5040 ὀργῆς
1468 4971 1560 5023 καὶ
1582 4971 1676 5024 τοῦ
1711 4990 1849 5042 μνη-

251 5055 504 5107 σικακεῖν
539 5051 819 5122 διελέχθη;
857 5049 1134 5121 Πολλαχοῦ
1173 5052 1276 5122 μὲν
1305 5054 1398 5106 καί¹
1432 5053 1668 5124 ἀλλαχοῦ
1691 5096 1704 5117 ,
1739 5056 1848 5125 μά-

251 5135 411 5192 λιστα
445 5135 503 5189 δὲ
534 5137 620 5190 διά
663 5139 760 5206 τῆς
807 5136 1126 5207 παραδολῆς
1156 5137 1373 5207 ἐκείνης
1399 5179 1412 5202 ,
1448 5141 1512 5209 ἣν
1553 5141 1690 5210 πρὸς
1722 5143 1848 5206 τοὺς

255 5220 508 5293 μαθητὰς
536 5221 722 5288 ἐλεγεν
745 5261 760 5283 ,
787 5221 987 5274 οὑτωσί
1023 5238 1140 5284 πως
1166 5221 1472 5292 ἀρξάμενος
1499 5240 1511 5254 ο
1537 5225 1640 5276 Διὰ
1671 5226 1848 5279 τοῦτο

251 5305 518 5374 ὡμοιώθη
556 5305 593 5372 ἡ
623 5306 917 5370 βασιλεία
963 5305 1082 5357 τῶν
1109 5306 1383 5374 οὐρανῶν
1416 5307 1706 5374 ἀνθρώπῳ
1729 5311 1848 5372 ,βη-

252 5388 416 5443 σιλεῖ
442 5399 490 5446 ε.
520 5389 688 5453 ὅστις
718 5389 982 5455 ἠθέλησε
1020 5387 1280 5458 συνᾶραι
1319 5391 1506 5458 λόγον
1539 5391 1691 5460 μετὰ
1732 5391 1850 5446 τῶν

322 5601 347 5662 _‘
373 5600 500 5660 R03.
524 5604 640 5662 πρδς
662 5601 763 5655 τήν.

315 5658 347 5726 ξ
372 5658 498 5726 βάς·
522 5658 629 5726 τρὺς
655 5664 976 5726 μήνὴφοντας.

319 5721 495 5792 θίιιοε.
525 5721 768 5785 ’ἀνθρώπῳ
793 5721 1128 5781 οἰκοδεσπότη,
1169 5730 1318 5785 alque
1362 5723 1425 5773 ila
1454 5726 1572 5786 logi!
1615 5726 1846 5776 Nannius.

263 5784 411 5835 Sam.
441 5786 642 5847 βασιὶεέ.

1921 457 2159 513 δούλων
2196 455 2405 511 αὑτοῦ.
2454 450 2820 523 Ἀρξαμένου
2861 447 2930 502 δὲ
2971 445 3160 501 αὑτοῦ
3198 445 3514 512 συναίρειν

1919 540 2316 608 προσηνέχθη
2359 533 2520 602 αὑτῷ
2551 531 2638 602 εἷς
2685 531 3001 603 ὀφειλέτης
3035 530 3266 600 μορίων
3290 528 3514 583 ταλιιν-

1918 641 2057 678 των.
2084 621 2180 690 Μὴ
2210 621 2462 691 ἔχοντος
2483 617 2552 672 δὲ
2574 615 2763 672 αὺτοῦ
2792 613 3151 676 ἀποδοῦναι,
3181 609 3515 666 ἐκέλευσεν

1918 705 2107 761 αὐτὸν
2138 703 2441 775 πραθῆναι
2471 703 2572 756 καί
2604 699 2720 768 τὴν
2756 698 3016 770 γυναῖκα
3053 696 3242 750 αὐτοῦ
3262 736 3277 761 ,
3309 696 3408 750 καί
3444 695 3517 748 τὰ

1918 787 2120 851 τέκνα,
2153 789 2249 843 καί
2279 786 2478 840 πάντα
2506 785 2622 840 ὅσα
2654 779 2801 852 εἷχε,
2843 781 2942 836 καί
2973 778 3368 846 ἀποδόθῆναι.
3405 781 3513 831 [lae

1920 873 2050 927 σὼν
2075 867 2190 926 οὖν
2218 874 2250 925 ὀ
2282 870 2504 934 δοῦλος
2528 867 2760 932 ἐκεῖνος
2787 868 2874 932 εἰς
2909 863 3051 928 τοὺς
3084 861 3278 927 πόδας
3305 859 3518 924 αὐτοῦ,

1921 953 2248 1023 παρεκάλει
2286 953 2505 1016 αὐτὸν,
2538 949 2766 1020 λέιιοωνο
2806 949 3004 1016 Κύριε,
3041 946 3520 1015 μακροθύμησον

1919 1039 2011 1092 ἐπ’
2037 1037 2313 1112 ἐμοίηκαί
2343 1034 2541 1090 πάντα
2569 1049 2667 1088 σοι
2698 1029 3014 1086 ἀποδώσω.
3037 1024 3522 1112 Σπλαγχνισθείς

1921 1120 1989 1175 δὲ
2011 1125 2044 1176 ὀ
2065 1110 2269 1189 κύριος
2291 1119 2399 1172 τοῦ
2427 1118 2650 1172 δούλου
2679 1115 2938 1178 ἐκείνου,
2968 1112 3283 1168 ἀπέλυσεν
3307 1110 3521 1169 αὑτὸν,

1923 1206 2020 1258 καί
2048 1206 2114 1257 τὸ
2153 1202 2397 1258 δάνειον
2427 1199 2665 1270 ἀφῆκεν
2702 1195 2883 1263 αὐτῷ.
2931 1194 3227 1261 Ἑξελθὼν
3255 1193 3323 1247 δὲ
3369 1190 3524 1245 ἐκεῖ⁴

1921 1304 2030 1354 νος
2053 1282 2234 1349 εὗρεν
2260 1284 2370 1340 ἕνα
2401 1282 2519 1339 τῶν
2546 1282 2910 1338 συνδούλων
2929 1277 3138 1342 αὑτοῦ,
3168 1277 3236 1343 δς
3264 1277 3524 1347 ὠφειλεν

1923 1369 2086 1436 αὐτῷ
2133 1367 2357 1424 ἑκατὸν
2408 1365 2702 1435 δηνάρια,
2760 1365 2859 1418 καί
2913 1359 3226 1432 κρατήσας
3273 1360 3524 1427 ἔπνιγεν

1923 1454 2112 1508 αὐτὸν
2151 1452 2368 1523 λέγων’
2421 1449 2664 1515 Ἀπόδος
2695 1466 2800 1518 μοι
2826 1447 2860 1502 ὅ
2895 1465 2950 1501 τι
2989 1447 3274 1516 ὀφείλεις.
3309 1442 3524 1498 Πεσὼν

1925 1533 2040 1592 οὖν
2088 1539 2122 1590 ὀ
2165 1532 2510 1599 σύνδουλος
2537 1530 2726 1586 αὑτοῦ
2770 1534 2859 1597 εἰς
2904 1531 3047 1596 τοὺς
3073 1528 3267 1593 πόδας
3309 1526 3522 1587 αὐτοῦ,

1925 1618 2251 1688 παρεκάλει
2283 1617 2472 1672 αὐτὸν
2498 1617 2712 1684 λέγων’
2742 1615 3227 1684 Μακροθύμησον
3255 1610 3348 1664 ἐπ’
3370 1610 3523 1678 ἐμοὶ,

1925 1699 2026 1752 καί
2063 1696 2264 1751 πάντα
2295 1711 2393 1750 σοι
2411 1693 2730 1750 ἀποδώσω.
2772 1696 2826 1746 Ὀ
2847 1693 2916 1747 δὲ
2947 1695 3060 1747 οὐκ
3097 1691 3338 1758 ἢθελεν.
3362 1691 3528 1744 ἀλλα

1924 1775 2208 1832 ἀπελθὼν
2257 1775 2475 1829 ἔϐαλεν
2535 1776 2726 1828 αὑτὸν
2776 1777 2865 1838 εἰς
2903 1772 3228 1844 φυλακὴν,
3287 1771 3398 1836 ἕως
3451 1764 3526 1824 οὗ

1926 1859 2132 1924 ἀποδῷ
2163 1859 2228 1912 τὸ
2265 1858 2680 1927 ὀφειλόμενον.
2726 1857 2977 1922 Ἰδόντες
3009 1856 3079 1910 δὲ
3108 1858 3165 1911 οἰ
3193 1854 3531 1910 σύνδουλοι

1926 1942 2116 1996 αὐτοῦ
2147 1940 2588 2010 ἠγανάκτησαν
2612 1981 2626 2004 ,
2675 1942 2776 2012 καί
2821 1941 3108 2005 ἐλθόντες
3140 1939 3532 2008 διεσάφησαν

1927 2023 2008 2089 τῷ
2049 2024 2235 2092 κυρίῳ
2270 2023 2490 2078 αὐτῶν.
2533 2023 2672 2078 Τότε
2713 2023 2983 2090 καλέσας
3018 2023 3209 2077 αὐτὸν
3237 2025 3270 2076 ὀ
3322 2021 3528 2088 κύριος

1927 2108 2116 2163 αὑτοῦ
2147 2105 2277 2161 εἶπε
2304 2123 2316 2136 ’
2358 2107 2548 2162 Δοῦλε
2576 2105 2805 2175 πονηρὲ
2825 2146 2844 2170 ,
2889 2103 3100 2161 πᾶσαν
3129 2104 3246 2172 τὴν
3272 2102 3533 2173 ὀφειλὴν

1928 2191 2176 2259 ἐκείνην
2217 2188 2426 2260 ἀφῆκά
2454 2204 2592 2255 σοι,
2623 2188 2753 2242 ἐπεὶ
2793 2186 3219 2257 παρεκάλεσάς
3271 2203 3378 2256 με·
3415 2189 3530 2240 οὐκ

1929 2273 2053 2327 ἔδει
2082 2273 2181 2327 καί
2215 2272 2290 2326 σὲ
2317 2272 2570 2340 ἐλεῆσαι
2599 2271 2707 2325 τὸν
2741 2271 3092 2326 σύνδουλόν
3119 2285 3238 2324 σου
3263 2309 3277 2332 ,
3323 2271 3403 2334 ὡς
3431 2269 3531 2321 καί

1930 2357 2047 2427 ἐγώ
2075 2372 2150 2410 σε
2183 2355 2458 2423 ἠλέησα;
2495 2358 2635 2410 Τότε
2656 2353 3001 2421 παρέδωκεν
3032 2353 3220 2408 αὐτόν
3257 2352 3384 2418 τοῖς
3426 2345 3534 2417 ,βα-

1933 2439 2296 2504 σανισταῖς,
2328 2438 2439 2503 ἕως
2491 2433 2561 2492 οὖ
2609 2434 2816 2501 ἀποδῷ
2847 2433 2972 2489 πᾶν
3021 2434 3086 2488 τὸ
3135 2436 3536 2504 ὀφειλόμενον

1931 2521 2110 2588 αὐτῷ.
2139 2523 2303 2576 Οὕτω
2348 2521 2447 2574 καὶ
2480 2523 2513 2574 ὀ
2552 2520 2758 2589 Πατήρ
2777 2537 2896 2590 μου
2921 2523 2952 2575 ὀ
2977 2519 3258 2588 οὐράνιος
3292 2520 3536 2585 ποιήσει

1932 2607 2077 2679 ὑμῖν
2099 2647 2114 2672 ,
2148 2606 2258 2660 ἐὰν
2300 2603 2389 2676 μὴ
2422 2603 2616 2674 ἀφῆτε
2666 2604 2926 2670 ἕκαστος
2968 2601 3048 2669 τῷ
3075 2602 3320 2674 ἀδελφῷ
3346 2604 3538 2659 αὐτοῦ

1935 2690 2056 2746 ἀπὸ
2149 2688 2270 2745 τῶν
2353 2687 2619 2757 καρδιῶν
2694 2686 2864 2758 ὑμῶν
2937 2688 3009 2741 τὰ

1934 2772 2156 2831 αὐτῶν.

3089 2687 3541 2760 παραπτώματα

1993 2948 2064 3010 Υ.
2084 2941 2148 2994 Ἡ
2174 2939 2272 3011 μὶν
2302 2936 2589 3011 παραδολὴ
2607 2937 2764 3006 αὕτη
2793 2937 2948 2990 δεῖδὲ
2966 2939 3162 2999 εἰπεῖν,
3191 2938 3337 3001 τίνος
3356 2939 3542 2990 ἕνεκεν

1944 3025 2083 3096 μετά
2105 3022 2286 3086 αἰτίας
2309 3022 2481 3089 αὐτὴν
2508 3021 2858 3092 προτέθεικεν
2881 3039 2895 3050 ο
2928 3023 2991 3074 οὐ
3014 3021 3122 3092 γάρ
3153 3022 3342 3084 ἀπλῶς
3365 3018 3540 3084 εἶπεν,

1952 3104 2225 3179 Ὡμοιώθη
2249 3107 2283 3176 ἡ
2325 3103 2568 3174 βασιλεία
2597 3104 2705 3156 τῶν
2735 3103 3010 3174 οὐρανῶν,
3043 3104 3199 3167 ἀλλὰ,
3228 3105 3332 3159 Διὰ
3367 3105 3544 3160 τοῦτο

1941 3197 2210 3269 ὡμοιώθη
2239 3197 2278 3264 ἢ
2305 3197 2599 3262 ,ϐασιλεία
2619 3195 2737 3250 τῶν
2752 3196 3044 3265 οὐρανῶν.
3061 3197 3219 3261 Τίνος
3243 3192 3336 3250 οῦν
3356 3197 3546 3250 ἕνεκεν

1945 3285 1978 3354 ἡ
2005 3284 2157 3336 αἰτία
2193 3281 2553 3351 πρόσκειται;
2579 3281 2716 3352 Περὶ
2742 3280 3097 3346 ἀνεξικακίας
3124 3283 3237 3343 τοῖς
3272 3281 3546 3354 μαθηταῖς

1944 3367 2248 3436 διελέγετο,
2297 3365 2393 3418 καὶ
2428 3366 2651 3435 κρατεῖν
2686 3364 2857 3434 ὀργῆς
2908 3365 3106 3429 αὐτοὺς
3144 3365 3420 3426 ἐπαίδευε,
3451 3367 3548 3419 καὶ

1945 3452 2056 3505 τῶν
2111 3450 2244 3520 παρ’
2283 3449 2488 3518 ἐτέρων
2530 3450 2611 3511 είς
2657 3449 2806 3518 ἡμᾶς
2845 3449 3152 3518 γινομένων
3188 3447 3548 3520 ἀδικημάτων

1952 3536 2027 3607 μὴ
2051 3534 2221 3587 πολὺν
2253 3531 2529 3586 ποιεῖσθαι
2561 3531 2742 3597 λόγον.
2767 3529 2912 3584 οὕτω
2942 3531 3115 3600 λέγων
3134 3548 3147 3561 ·
3195 3531 3338 3585 Ἐὰν
3358 3532 3545 3601 ἀμάρ-

1946 3637 2020 3687 τῃ
2043 3621 2130 3683 εἰς
2158 3616 2235 3670 σὲ
2255 3620 2286 3670 ὀ
2307 3615 2572 3684 ἀδελφός
2599 3632 2738 3677 σου,
2760 3615 2951 3684 ὕπαγε
2967 3614 3063 3668 καὶ
3087 3614 3344 3684 ἔλεγξον
3359 3616 3548 3670 αὐτὸν

1942 3699 2172 3771 μεταξὺ
2191 3697 2309 3752 σοῦ
2324 3697 2425 3753 καί
2443 3700 2519 3751 αὑ
2529 3696 2630 3751 τοῦ
2642 3698 2857 3766 μόνου·
2877 3697 2986 3751 ἐάν
3000 3715 3117 3751 σου
3134 3698 3370 3765 ἀκούσῃ
3386 3698 3550 3766 ἐκέρ-

1947 3783 2144 3849 δησας
2189 3782 2298 3834 τὸν
2340 3780 2610 3849 ἀδελφόν·
2639 3796 2777 3834 σου.
2811 3779 2997 3833 Ταῦτα
3019 3780 3075 3833 δὲ
3109 3782 3201 3833 καὶ
3227 3779 3295 3833 τὰ
3321 3779 3549 3835 τοιαῦτα

1948 3866 2042 3920 τοῦ
2073 3863 2310 3934 Χριστοῦ
2365 3863 2748 3932 διαλεγομένου
2790 3866 2904 3924 τοῖς
2939 3863 3210 3933 μαθηταῖς
3245 3863 3339 3916 καὶ
3391 3863 3547 3930 φιλο⁴

1951 3953 2136 4020 σοφεῖν
2170 3947 2537 4012 διδάσκοντος,
2588 3945 2818 4016 Πέτρος,
2857 3947 2884 3998 ό
2933 3944 3026 3998 τοῦ
3057 3945 3221 4016 χοροῦ
3261 3946 3370 4000 τῶν
3410 3948 3550 4001 ἀπο·

1953 4033 2156 4087 στόλων
2190 4032 2509 4102 κορυφαῖος,
2549 4027 2608 4080 τὸ
2635 4029 2808 4098 στόμα
2850 4027 2958 4080 τών
2984 4028 3264 4099 μαθητῶν,
3302 4031 3329 4082 ό
3357 4029 3550 4093 στῦλος

1950 4121 2052 4189 τῆς
2089 4115 2440 4186 Ἐκκλησίας,
2491 4112 2554 4166 τὸ
2604 4113 2897 4184 στερέωμα
2924 4113 3022 4182 τῆς
3053 4111 3327 4178 πίστεως,
3372 4115 3401 4166 ό
3449 4114 3549 4182 τῆς

1952 4201 2244 4273 ὁμολογίας
2279 4197 2553 4269 θεμέλιος,
2582 4199 2609 4248 ό
2644 4197 2744 4266 τῆς
2772 4197 3103 4267 οἰκουμένης
3153 4196 3339 4260 ἁλιεὺς
3362 4239 3376 4263 ,
3423 4198 3451 4248 ό
3489 4199 3551 4250 τὸ

1951 4289 2109 4356 γένος
2164 4283 2322 4356 ἡμῶν
2370 4281 2480 4336 ἀπὸ
2523 4279 2620 4334 τοῦ
2681 4279 2846 4349 βυθοῦ
2903 4282 3004 4351 τῆς
3056 4280 3269 4350 πλάνης
3322 4283 3401 4344 εἰς
3457 4281 3550 4334 τὸν

1950 4369 2178 4442 οὐρανὸν
2209 4364 2534 4434 ἀναγαγὼν,
2578 4365 2607 4416 ό
2641 4364 2920 4434 πανταχοῦ
2951 4363 3152 4435 θερμὸς
3182 4364 3276 4418 καὶ
3326 4366 3548 4436 παρρη-

1953 4454 2073 4517 σίας
2105 4451 2293 4522 γέμων
2321 4491 2335 4514 ,
2398 4448 2596 4520 μᾶλλον
2647 4447 2704 4500 δὲ
2737 4448 2980 4518 ἀγάπης,
3014 4448 3047 4518 ἢ
3092 4447 3424 4524 παρρησίας,
3465 4464 3549 4501 σε-

1951 4536 2174 4606 γώντων
2206 4533 2463 4588 ἁπάντων
2494 4530 2807 4603 προσελθὼν
2822 4530 2902 4600 τῷ
2927 4531 3234 4601 διδασκάλῳ
3279 4530 3359 4603 [5]
3379 4532 3547 4603 φησί’

1954 4621 2222 4684 Ποσάκις
2251 4614 2584 4686 ἁμαρτήσει
2629 4618 2717 4679 εἰς
2773 4612 2878 4682 ἐμὲ
2908 4617 2940 4668 ὀ
2970 4612 3235 4683 ἀδελφός
3262 4634 3407 4683 μου,
3449 4617 3550 4670 καί

1953 4700 2171 4772 ἀφήσω
2200 4699 2394 4764 «imi;
2437 4699 2549 4764 ἓως
2593 4697 2878 4763 ἐπτάκις;
2913 4697 3050 4768 ὁμοῦ
3085 4699 3177 4751 καὶ
3225 4702 3408 4770 ἐρωτᾷ
3457 4702 3553 4753 καὶ

1955 4788 2322 4855 ὑπισχνεῖται,
2356 4783 2450 4836 καὶ
2482 4783 2612 4854 πρὶν
2644 4782 2814 4854 μάθῃ,
2855 4782 3245 4852 φιλοτιμεῖται.
3290 4783 3400 4854 Τὴν
3441 4783 3550 4854 γάρ

1953 4868 2182 4939 γνώμην
2238 4865 2330 4920 τοῦ
2387 4864 2709 4919 διδασκάλου
2778 4865 2965 4933 σαφῶς
3023 4864 3215 4930 εἰδὼς,
3277 4867 3360 4919 ὅτι
3415 4866 3551 4938 πρὸς

1957 4951 2369 5024 φιλανθρωπίαν
2419 4950 2610 5020 ῥέπει,
2671 4949 2764 5000 καὶ
2807 4947 2969 5001 πλέον
3037 4951 3240 5015 ἐκεῖνος
3312 4951 3553 5020 μάλιστα

1956 5037 2176 5092 πάντων
2198 5033 2347 5103 αὐτῷ
2382 5033 2664 5102 χαρίζεται
2698 5034 2724 5083 ό
2753 5032 2989 5100 μάλιστα
3021 5034 3238 5086 πάντων
3269 5034 3336 5087 τά
3365 5035 3552 5105 ἁμαρ-

1957 5123 2180 5190 τήματα
2230 5117 2340 5170 τῶν
2393 5115 2618 5186 πλησίον
2661 5115 3022 5185 παρατρέχων
3079 5118 3171 5168 καὶ
3225 5116 3298 5187 μὴ
3337 5119 3551 5191 πικρῶς

1958 5201 2253 5268 ἐξετάζων,
2287 5198 2614 5269 βουλόμενος
2660 5197 2856 5268 ἀρέσαι
2905 5198 2983 5266 τῷ
3035 5198 3322 5271 νομοθέτῃ,
3361 5202 3548 5271 φησίν-

1961 5288 2110 5351 Ἔως
2149 5283 2398 5349 ἑπτάκις
2411 5301 2430 5348 ;
2481 5279 2612 5334 Εἶτα
2647 5283 2733 5334 ἵνα
2767 5280 2974 5351 μάθῃς,
3010 5281 3062 5334 τί
3107 5282 3203 5352 μὲν
3241 5283 3552 5353 ἄνθρωπος,

1959 5370 2009 5423 τί
2057 5370 2114 5422 δὲ
2153 5369 2314 5432 Θεὸς,
2368 5367 2612 5428 καὶπῶς
2647 5367 2679 5435 ἡ
2723 5367 2916 5419 τούτου
2951 5367 3264 5436 φιλοτιμία,
3306 5370 3552 5441 ὅπουπερ

1961 5455 2027 5507 ἃν
2050 5454 2336 5523 ἀφίκηται,
2376 5451 2512 5522 πρὸς
2538 5449 2638 5520 τὴν
2668 5451 2930 5521 εὐπορίαν
2955 5452 3050 5521 τὴν
3086 5451 3296 5504 ἐκείνου
3329 5469 3555 5523 συγκρι-

1960 5537 2185 5608 νομένη,
2244 5536 2438 5598 πενίας
2482 5536 2629 5588 ἐστὶν
2660 5534 2880 5606 ἀπάσης
2937 5533 3318 5605 εὐτελεστέρα,
3348 5537 3442 5587 καὶ
3472 5536 3555 5587 ὅτι

1959 5621 2082 5674 ὅσον
2116 5619 2331 5686 σταγὼν
2366 5619 2502 5689 πρὸς
2531 5617 2768 5687 πέλαγος
2788 5619 3038 5687 ἄπειρον,
3065 5616 3318 5670 τοσοῦτον
3341 5617 3497 5687 ἡμῶν
3519 5619 3554 5688 ἡ

1962 5703 2240 5773 ἁγαθότης
2264 5703 2400 5774 πρὸς
2431 5703 2530 5773 τὴν
2568 5702 2776 5771 ἄφατον
2811 5701 2978 5757 αὐτοῦ
3012 5699 3451 5772 φιλανθρωπίαν,
3485 5703 3556 5752 εί-

1971 5789 2160 5853 πόντος
2194 5786 2358 5842 αὐτοῦ
2377 5830 2390 5854 ,
2423 5788 2572 5853 Ἕως
2600 5788 2885 5856 ἑπτάκις
2911 5789 3008 5844 καὶ
3037 5781 3358 5858 νομίσαντος
3389 5783 3554 5840 αὐτοῦ
