  <div class='ocr_page' id='page_1' title='image "/cluster/home/n/w/nwhite01/storage/ocr_20150623/51/ien.35556001660786/028.png"; bbox 0 0 4058 6394; ppageno 0'>
   <div class='ocr_carea' id='block_1_1' title="bbox 206 336 1827 414">
    <p class='ocr_par' dir='ltr' id='par_1_1' title="bbox 206 336 1827 403">
     <span class='ocr_line' id='line_1_1' title="bbox 206 336 1827 403; baseline 0.004 -8"><span class='ocrx_word' id='word_1_1' title='bbox 206 336 285 395; x_wconf 69' lang='grc'><strong>31</strong></span> <span class='ocrx_word' id='word_1_2' title='bbox 1002 340 1109 400; x_wconf 68' lang='grc' dir='ltr'><strong>τε</strong></span> <span class='ocrx_word' id='word_1_3' title='bbox 1140 341 1379 401; x_wconf 72' lang='lat' dir='ltr'><strong>DECEII</strong></span> <span class='ocrx_word' id='word_1_4' title='bbox 1405 342 1708 401; x_wconf 68' lang='grc' dir='ltr'><strong>-ωιιιωι</strong></span> <span class='ocrx_word' id='word_1_5' title='bbox 1746 342 1827 403; x_wconf 79' lang='lat' dir='ltr'><strong>TA</strong></span> 
     </span>
    </p>
   </div>
   <div class='ocr_carea' id='block_1_2' title="bbox 1941 336 3546 414">
    <p class='ocr_par' dir='ltr' id='par_1_2' title="bbox 1941 345 3546 414">
     <span class='ocr_line' id='line_1_2' title="bbox 1941 345 3546 414; baseline 0.004 -11"><span class='ocrx_word' id='word_1_6' title='bbox 1941 345 2049 405; x_wconf 71' lang='lat' dir='ltr'><strong>NT.</strong></span> <span class='ocrx_word' id='word_1_7' title='bbox 2086 351 2439 411; x_wconf 73' lang='lat' dir='ltr'><strong>DEBITORE</strong></span> <span class='ocrx_word' id='word_1_8' title='bbox 2478 354 2784 414; x_wconf 65' lang='grc' dir='ltr'><strong>ΠΟΗΙΙᾹΔ.</strong></span> <span class='ocrx_word' id='word_1_9' title='bbox 3473 352 3546 409; x_wconf 65' lang='grc' dir='ltr'><strong>εξ</strong></span> 
     </span>
    </p>
   </div>
   <div class='ocr_carea' id='block_1_3' title="bbox 218 435 1833 523">
    <p class='ocr_par' dir='ltr' id='par_1_3' title="bbox 218 435 1833 523">
     <span class='ocr_line' id='line_1_3' title="bbox 218 435 1833 523; baseline 0.004 -13"><span class='ocrx_word' id='word_1_10' title='bbox 218 435 829 523; x_wconf 61' lang='lat' dir='ltr'><strong>scptemplicem-venia:</strong></span> <span class='ocrx_word' id='word_1_11' title='bbox 855 454 1193 514; x_wconf 69' lang='lat' dir='ltr'><strong>iterationem</strong></span> <span class='ocrx_word' id='word_1_12' title='bbox 1213 466 1269 514; x_wconf 90' lang='lat' dir='ltr'><strong>et</strong></span> <span class='ocrx_word' id='word_1_13' title='bbox 1290 458 1617 515; x_wconf 73' lang='lat' dir='ltr'><strong>existimanti</strong></span> <span class='ocrx_word' id='word_1_14' title='bbox 1637 474 1696 516; x_wconf 86' lang='lat' dir='ltr'><strong>se</strong></span> <span class='ocrx_word' id='word_1_15' title='bbox 1718 477 1833 517; x_wconf 82' lang='lat' dir='ltr'><strong>ma-</strong></span> 
     </span>
    </p>
   </div>
   <div class='ocr_carea' id='block_1_4' title="bbox 206 542 1829 620">
    <p class='ocr_par' dir='ltr' id='par_1_4' title="bbox 206 542 1829 620">
     <span class='ocr_line' id='line_1_4' title="bbox 206 542 1829 620; baseline 0.009 -28"><span class='ocrx_word' id='word_1_16' title='bbox 206 542 420 615; x_wconf 62' lang='lat' dir='ltr'><strong>gnifico</strong></span> <span class='ocrx_word' id='word_1_17' title='bbox 438 551 495 599; x_wconf 86' lang='lat' dir='ltr'><strong>et</strong></span> <span class='ocrx_word' id='word_1_18' title='bbox 525 544 745 615; x_wconf 82' lang='lat' dir='ltr'><strong>largiter</strong></span> <span class='ocrx_word' id='word_1_19' title='bbox 761 545 984 613; x_wconf 76' lang='lat' dir='ltr'><strong>dixisse,</strong></span> <span class='ocrx_word' id='word_1_20' title='bbox 1009 546 1138 603; x_wconf 85' lang='lat' dir='ltr'><strong>audi</strong></span> <span class='ocrx_word' id='word_1_21' title='bbox 1152 549 1279 619; x_wconf 83' lang='lat' dir='ltr'><strong>quid</strong></span> <span class='ocrx_word' id='word_1_22' title='bbox 1305 549 1626 620; x_wconf 87' lang='lat' dir='ltr'><strong>respondeat</strong></span> <span class='ocrx_word' id='word_1_23' title='bbox 1650 568 1663 607; x_wconf 92' lang='lat'><strong>:</strong></span> <span class='ocrx_word' id='word_1_24' title='bbox 1684 550 1829 620; x_wconf 76' lang='lat' dir='ltr'><strong>Non,</strong></span> 
     </span>
    </p>
   </div>
   <div class='ocr_carea' id='block_1_5' title="bbox 226 637 1831 714">
    <p class='ocr_par' dir='ltr' id='par_1_5' title="bbox 226 637 1831 714">
     <span class='ocr_line' id='line_1_5' title="bbox 226 637 1831 714; baseline 0.005 -23"><span class='ocrx_word' id='word_1_25' title='bbox 226 637 401 707; x_wconf 85' lang='lat' dir='ltr'><strong>tnquit</strong></span> <span class='ocrx_word' id='word_1_26' title='bbox 422 655 622 709; x_wconf 39' lang='lat' dir='ltr'><strong>{usqu</strong></span> <span class='ocrx_word' id='word_1_27' title='bbox 649 640 834 709; x_wconf 71' lang='lat' dir='ltr'><strong>septies</strong></span> <span class='ocrx_word' id='word_1_28' title='bbox 855 680 872 707; x_wconf 84' lang='lat'><strong>,</strong></span> <span class='ocrx_word' id='word_1_29' title='bbox 913 641 1002 695; x_wconf 81' lang='lat' dir='ltr'><strong>sed</strong></span> <span class='ocrx_word' id='word_1_30' title='bbox 1026 657 1184 714; x_wconf 78' lang='lat' dir='ltr'><strong>usque</strong></span> <span class='ocrx_word' id='word_1_31' title='bbox 1198 644 1498 714; x_wconf 78' lang='lat' dir='ltr'><strong>septuagies</strong></span> <span class='ocrx_word' id='word_1_32' title='bbox 1520 644 1726 714; x_wconf 83' lang='lat' dir='ltr'><strong>septies.</strong></span> <span class='ocrx_word' id='word_1_33' title='bbox 1748 643 1831 699; x_wconf 61' lang='grc' dir='ltr'><strong>δι-</strong></span> 
     </span>
    </p>
   </div>
   <div class='ocr_carea' id='block_1_6' title="bbox 223 726 1831 807">
    <p class='ocr_par' dir='ltr' id='par_1_6' title="bbox 223 726 1831 807">
     <span class='ocr_line' id='line_1_6' title="bbox 223 726 1831 807; baseline 0.005 -24"><span class='ocrx_word' id='word_1_34' title='bbox 223 726 315 783; x_wconf 86' lang='lat' dir='ltr'><strong>lud</strong></span> <span class='ocrx_word' id='word_1_35' title='bbox 346 738 525 794; x_wconf 76' lang='lat' dir='ltr'><strong>autem</strong></span> <span class='ocrx_word' id='word_1_36' title='bbox 551 732 852 802; x_wconf 77' lang='lat' dir='ltr'><strong>sentuagies</strong></span> <span class='ocrx_word' id='word_1_37' title='bbox 869 734 1068 803; x_wconf 81' lang='lat' dir='ltr'><strong>septies</strong></span> <span class='ocrx_word' id='word_1_38' title='bbox 1085 734 1302 803; x_wconf 85' lang='lat' dir='ltr'><strong>quidam</strong></span> <span class='ocrx_word' id='word_1_39' title='bbox 1321 744 1535 805; x_wconf 81' lang='lat' dir='ltr'><strong>septem</strong></span> <span class='ocrx_word' id='word_1_40' title='bbox 1552 746 1607 791; x_wconf 89' lang='lat' dir='ltr'><strong>et</strong></span> <span class='ocrx_word' id='word_1_41' title='bbox 1625 746 1831 807; x_wconf 65' lang='lat' dir='ltr'><strong>septnao</strong></span> 
     </span>
    </p>
   </div>
   <div class='ocr_carea' id='block_1_7' title="bbox 221 820 1830 889">
    <p class='ocr_par' dir='ltr' id='par_1_7' title="bbox 221 820 1830 889">
     <span class='ocr_line' id='line_1_7' title="bbox 221 820 1830 889; baseline 0.007 -18"><span class='ocrx_word' id='word_1_42' title='bbox 221 822 371 889; x_wconf 79' lang='lat' dir='ltr'><strong>ginta</strong></span> <span class='ocrx_word' id='word_1_43' title='bbox 398 820 773 876; x_wconf 73' lang='lat' dir='ltr'><strong>arbitrantur:</strong></span> <span class='ocrx_word' id='word_1_44' title='bbox 806 832 1059 878; x_wconf 66' lang='lat' dir='ltr'><strong>caeterum</strong></span> <span class='ocrx_word' id='word_1_45' title='bbox 1092 824 1163 879; x_wconf 89' lang='lat' dir='ltr'><strong>ita</strong></span> <span class='ocrx_word' id='word_1_46' title='bbox 1192 840 1301 881; x_wconf 90' lang='lat' dir='ltr'><strong>non</strong></span> <span class='ocrx_word' id='word_1_47' title='bbox 1341 836 1425 881; x_wconf 91' lang='lat' dir='ltr'><strong>est</strong></span> <span class='ocrx_word' id='word_1_48' title='bbox 1454 843 1469 880; x_wconf 91' lang='lat'><strong>:</strong></span> <span class='ocrx_word' id='word_1_49' title='bbox 1494 825 1667 882; x_wconf 78' lang='lat' dir='ltr'><strong>&#39;habet</strong></span> <span class='ocrx_word' id='word_1_50' title='bbox 1686 828 1830 883; x_wconf 91' lang='lat' dir='ltr'><strong>cnim</strong></span> 
     </span>
    </p>
   </div>
   <div class='ocr_carea' id='block_1_8' title="bbox 224 912 1796 988">
    <p class='ocr_par' dir='ltr' id='par_1_8' title="bbox 224 912 1796 988">
     <span class='ocr_line' id='line_1_8' title="bbox 224 912 1796 988; baseline 0.003 -22"><span class='ocrx_word' id='word_1_51' title='bbox 224 912 313 967; x_wconf 86' lang='lat' dir='ltr'><strong>hic</strong></span> <span class='ocrx_word' id='word_1_52' title='bbox 339 928 593 967; x_wconf 87' lang='lat' dir='ltr'><strong>numerus</strong></span> <span class='ocrx_word' id='word_1_53' title='bbox 638 913 808 969; x_wconf 82' lang='lat' dir='ltr'><strong>lenne</strong></span> <span class='ocrx_word' id='word_1_54' title='bbox 848 916 1138 986; x_wconf 87' lang='lat' dir='ltr'><strong>quingenta</strong></span> <span class='ocrx_word' id='word_1_55' title='bbox 1156 929 1185 972; x_wconf 72' lang='grc' dir='ltr'><strong>,τ</strong></span> <span class='ocrx_word' id='word_1_56' title='bbox 1214 917 1413 987; x_wconf 76' lang='lat' dir='ltr'><strong>septies</strong></span> <span class='ocrx_word' id='word_1_57' title='bbox 1436 918 1580 973; x_wconf 85' lang='lat' dir='ltr'><strong>enim</strong></span> <span class='ocrx_word' id='word_1_58' title='bbox 1608 926 1796 988; x_wconf 86' lang='lat' dir='ltr'><strong>septna</strong></span> 
     </span>
    </p>
   </div>
   <div class='ocr_carea' id='block_1_9' title="bbox 209 1004 1828 1079">
    <p class='ocr_par' dir='ltr' id='par_1_9' title="bbox 209 1004 1828 1079">
     <span class='ocr_line' id='line_1_9' title="bbox 209 1004 1828 1079; baseline 0.004 -23"><span class='ocrx_word' id='word_1_59' title='bbox 209 1004 369 1074; x_wconf 7' lang='lat' dir='ltr'><strong>(ginta</strong></span> <span class='ocrx_word' id='word_1_60' title='bbox 401 1004 787 1076; x_wconf 73' lang='lat' dir='ltr'><strong>quadringenta</strong></span> <span class='ocrx_word' id='word_1_61' title='bbox 817 1016 874 1062; x_wconf 90' lang='lat' dir='ltr'><strong>et</strong></span> <span class='ocrx_word' id='word_1_62' title='bbox 925 1009 1213 1079; x_wconf 74' lang='lat' dir='ltr'><strong>nonaginta</strong></span> <span class='ocrx_word' id='word_1_63' title='bbox 1228 1009 1555 1065; x_wconf 72' lang='lat' dir='ltr'><strong>conﬁciunt.</strong></span> <span class='ocrx_word' id='word_1_64' title='bbox 1591 1009 1671 1066; x_wconf 77' lang='lat' dir='ltr'><strong>Ne</strong></span> <span class='ocrx_word' id='word_1_65' title='bbox 1711 1010 1828 1065; x_wconf 79' lang='lat' dir='ltr'><strong>cxi-</strong></span> 
     </span>
    </p>
   </div>
   <div class='ocr_carea' id='block_1_10' title="bbox 205 1094 1828 1177">
    <p class='ocr_par' dir='ltr' id='par_1_10' title="bbox 205 1094 1828 1177">
     <span class='ocr_line' id='line_1_10' title="bbox 205 1094 1828 1177; baseline 0.002 -26"><span class='ocrx_word' id='word_1_66' title='bbox 205 1096 413 1151; x_wconf 76' lang='lat' dir='ltr'><strong>~stimes</strong></span> <span class='ocrx_word' id='word_1_67' title='bbox 435 1094 656 1152; x_wconf 80' lang='lat' dir='ltr'><strong>difﬁcile</strong></span> <span class='ocrx_word' id='word_1_68' title='bbox 699 1112 821 1153; x_wconf 88' lang='lat' dir='ltr'><strong>esse</strong></span> <span class='ocrx_word' id='word_1_69' title='bbox 862 1097 967 1153; x_wconf 85' lang='lat' dir='ltr'><strong>hoc</strong></span> <span class='ocrx_word' id='word_1_70' title='bbox 998 1112 1367 1171; x_wconf 62' lang='lat' dir='ltr'><strong>praeceptum,</strong></span> <span class='ocrx_word' id='word_1_71' title='bbox 1422 1102 1743 1177; x_wconf 85' lang='lat' dir='ltr'><strong>carissime:</strong></span> <span class='ocrx_word' id='word_1_72' title='bbox 1784 1101 1828 1155; x_wconf 88' lang='lat' dir='ltr'><strong>si</strong></span> 
     </span>
    </p>
   </div>
   <div class='ocr_carea' id='block_1_11' title="bbox 206 1186 1827 1264">
    <p class='ocr_par' dir='ltr' id='par_1_11' title="bbox 206 1186 1827 1264">
     <span class='ocr_line' id='line_1_11' title="bbox 206 1186 1827 1264; baseline 0.005 -22"><span class='ocrx_word' id='word_1_73' title='bbox 206 1186 370 1242; x_wconf 59' lang='lat' dir='ltr'><strong>enim</strong></span> <span class='ocrx_word' id='word_1_74' title='bbox 397 1187 569 1243; x_wconf 84' lang='lat' dir='ltr'><strong>semel</strong></span> <span class='ocrx_word' id='word_1_75' title='bbox 593 1230 607 1254; x_wconf 95' lang='lat'><strong>,</strong></span> <span class='ocrx_word' id='word_1_76' title='bbox 644 1190 836 1244; x_wconf 83' lang='lat' dir='ltr'><strong>iterum</strong></span> <span class='ocrx_word' id='word_1_77' title='bbox 860 1232 873 1255; x_wconf 93' lang='lat'><strong>,</strong></span> <span class='ocrx_word' id='word_1_78' title='bbox 918 1205 983 1247; x_wconf 85' lang='lat' dir='ltr'><strong>ac</strong></span> <span class='ocrx_word' id='word_1_79' title='bbox 1021 1193 1214 1258; x_wconf 85' lang='lat' dir='ltr'><strong>tertio,</strong></span> <span class='ocrx_word' id='word_1_80' title='bbox 1240 1192 1392 1249; x_wconf 72' lang='lat' dir='ltr'><strong>intra</strong></span> <span class='ocrx_word' id='word_1_81' title='bbox 1413 1194 1554 1249; x_wconf 89' lang='lat' dir='ltr'><strong>diem</strong></span> <span class='ocrx_word' id='word_1_82' title='bbox 1588 1195 1827 1264; x_wconf 78' lang='lat' dir='ltr'><strong>peceanti</strong></span> 
     </span>
    </p>
   </div>
   <div class='ocr_carea' id='block_1_12' title="bbox 210 1279 1826 1358">
    <p class='ocr_par' dir='ltr' id='par_1_12' title="bbox 210 1279 1826 1358">
     <span class='ocr_line' id='line_1_12' title="bbox 210 1279 1826 1358; baseline 0.006 -26"><span class='ocrx_word' id='word_1_83' title='bbox 210 1279 437 1335; x_wconf 56' lang='lat' dir='ltr'><strong>Neuiam</strong></span> <span class='ocrx_word' id='word_1_84' title='bbox 479 1280 835 1351; x_wconf 84' lang='lat' dir='ltr'><strong>impartieris,</strong></span> <span class='ocrx_word' id='word_1_85' title='bbox 873 1284 1105 1342; x_wconf 77' lang='lat' dir='ltr'><strong>etiamsi</strong></span> <span class='ocrx_word' id='word_1_86' title='bbox 1128 1286 1417 1342; x_wconf 87' lang='lat' dir='ltr'><strong>admodum</strong></span> <span class='ocrx_word' id='word_1_87' title='bbox 1449 1288 1693 1358; x_wconf 88' lang='lat' dir='ltr'><strong>lapideus</strong></span> <span class='ocrx_word' id='word_1_88' title='bbox 1718 1290 1826 1357; x_wconf 77' lang='lat' dir='ltr'><strong>sit,</strong></span> 
     </span>
    </p>
   </div>
   <div class='ocr_carea' id='block_1_13' title="bbox 220 1370 1830 1449">
    <p class='ocr_par' dir='ltr' id='par_1_13' title="bbox 220 1370 1830 1449">
     <span class='ocr_line' id='line_1_13' title="bbox 220 1370 1830 1449; baseline 0.007 -25"><span class='ocrx_word' id='word_1_89' title='bbox 220 1370 385 1424; x_wconf 84' lang='lat' dir='ltr'><strong>etiam</strong></span> <span class='ocrx_word' id='word_1_90' title='bbox 427 1372 473 1425; x_wconf 89' lang='lat' dir='ltr'><strong>si</strong></span> <span class='ocrx_word' id='word_1_91' title='bbox 516 1371 647 1442; x_wconf 83' lang='lat' dir='ltr'><strong>ipsis</strong></span> <span class='ocrx_word' id='word_1_92' title='bbox 689 1373 1026 1431; x_wconf 60' lang='lat' dir='ltr'><strong>demonibus</strong></span> <span class='ocrx_word' id='word_1_93' title='bbox 1059 1376 1335 1433; x_wconf 85' lang='lat' dir='ltr'><strong>cl&#39;feratior</strong></span> <span class='ocrx_word' id='word_1_94' title='bbox 1375 1380 1443 1435; x_wconf 88' lang='lat' dir='ltr'><strong>sit</strong></span> <span class='ocrx_word' id='word_1_95' title='bbox 1471 1380 1594 1445; x_wconf 84' lang='lat' dir='ltr'><strong>ille,</strong></span> <span class='ocrx_word' id='word_1_96' title='bbox 1647 1381 1736 1449; x_wconf 88' lang='lat' dir='ltr'><strong>qui</strong></span> <span class='ocrx_word' id='word_1_97' title='bbox 1779 1390 1830 1436; x_wconf 88' lang='lat' dir='ltr'><strong>te</strong></span> 
     </span>
    </p>
   </div>
   <div class='ocr_carea' id='block_1_14' title="bbox 219 1459 1828 1538">
    <p class='ocr_par' dir='ltr' id='par_1_14' title="bbox 219 1459 1828 1538">
     <span class='ocr_line' id='line_1_14' title="bbox 219 1459 1828 1538; baseline 0.008 -25"><span class='ocrx_word' id='word_1_98' title='bbox 219 1459 385 1529; x_wconf 80' lang='lat' dir='ltr'><strong>hesit,</strong></span> <span class='ocrx_word' id='word_1_99' title='bbox 413 1474 523 1517; x_wconf 86' lang='lat' dir='ltr'><strong>non</strong></span> <span class='ocrx_word' id='word_1_100' title='bbox 551 1465 654 1519; x_wconf 88' lang='lat' dir='ltr'><strong>erit</strong></span> <span class='ocrx_word' id='word_1_101' title='bbox 672 1464 754 1521; x_wconf 85' lang='lat' dir='ltr'><strong>ita</strong></span> <span class='ocrx_word' id='word_1_102' title='bbox 781 1480 972 1522; x_wconf 85' lang='lat' dir='ltr'><strong>sensus</strong></span> <span class='ocrx_word' id='word_1_103' title='bbox 988 1483 1203 1538; x_wconf 69' lang='lat' dir='ltr'><strong>expers,</strong></span> <span class='ocrx_word' id='word_1_104' title='bbox 1234 1479 1290 1524; x_wconf 88' lang='lat' dir='ltr'><strong>ut</strong></span> <span class='ocrx_word' id='word_1_105' title='bbox 1316 1470 1493 1526; x_wconf 78' lang='lat' dir='ltr'><strong>denuo</strong></span> <span class='ocrx_word' id='word_1_106' title='bbox 1514 1471 1581 1526; x_wconf 89' lang='lat' dir='ltr'><strong>ad</strong></span> <span class='ocrx_word' id='word_1_107' title='bbox 1607 1470 1828 1527; x_wconf 85' lang='lat' dir='ltr'><strong>easdem</strong></span> 
     </span>
    </p>
   </div>
   <div class='ocr_carea' id='block_1_15' title="bbox 206 1548 1829 1629">
    <p class='ocr_par' dir='ltr' id='par_1_15' title="bbox 206 1548 1829 1629">
     <span class='ocr_line' id='line_1_15' title="bbox 206 1548 1829 1629; baseline 0.009 -25"><span class='ocrx_word' id='word_1_108' title='bbox 206 1548 456 1615; x_wconf 74' lang='lat' dir='ltr'><strong>on‘ensas</strong></span> <span class='ocrx_word' id='word_1_109' title='bbox 484 1554 689 1610; x_wconf 83' lang='lat' dir='ltr'><strong>recidat</strong></span> <span class='ocrx_word' id='word_1_110' title='bbox 720 1572 734 1609; x_wconf 90' lang='lat'><strong>:</strong></span> <span class='ocrx_word' id='word_1_111' title='bbox 764 1556 859 1612; x_wconf 84' lang='lat' dir='ltr'><strong>sed</strong></span> <span class='ocrx_word' id='word_1_112' title='bbox 888 1556 1181 1629; x_wconf 60' lang='lat' dir='ltr'><strong>[retinentia</strong></span> <span class='ocrx_word' id='word_1_113' title='bbox 1213 1560 1436 1617; x_wconf 65' lang='lat' dir='ltr'><strong>indulta</strong></span> <span class='ocrx_word' id='word_1_114' title='bbox 1463 1563 1633 1617; x_wconf 79' lang='lat' dir='ltr'><strong>venia:</strong></span> <span class='ocrx_word' id='word_1_115' title='bbox 1662 1565 1829 1619; x_wconf 74' lang='lat' dir='ltr'><strong>casn-</strong></span> 
     </span>
    </p>
   </div>
   <div class='ocr_carea' id='block_1_16' title="bbox 221 1646 1829 1729">
    <p class='ocr_par' dir='ltr' id='par_1_16' title="bbox 221 1646 1829 1729">
     <span class='ocr_line' id='line_1_16' title="bbox 221 1646 1829 1729; baseline 0.01 -34"><span class='ocrx_word' id='word_1_116' title='bbox 221 1652 414 1710; x_wconf 87' lang='lat' dir='ltr'><strong>gatus,</strong></span> <span class='ocrx_word' id='word_1_117' title='bbox 463 1646 658 1701; x_wconf 81' lang='lat' dir='ltr'><strong>melior</strong></span> <span class='ocrx_word' id='word_1_118' title='bbox 699 1649 803 1703; x_wconf 86' lang='lat' dir='ltr'><strong>erit</strong></span> <span class='ocrx_word' id='word_1_119' title='bbox 826 1690 842 1716; x_wconf 91' lang='lat'><strong>,</strong></span> <span class='ocrx_word' id='word_1_120' title='bbox 897 1658 952 1705; x_wconf 91' lang='lat' dir='ltr'><strong>et</strong></span> <span class='ocrx_word' id='word_1_121' title='bbox 990 1653 1211 1729; x_wconf 86' lang='lat' dir='ltr'><strong>probior</strong></span> <span class='ocrx_word' id='word_1_122' title='bbox 1232 1670 1258 1707; x_wconf 85' lang='lat'><strong>.:</strong></span> <span class='ocrx_word' id='word_1_123' title='bbox 1294 1664 1456 1724; x_wconf 85' lang='lat' dir='ltr'><strong>tuque</strong></span> <span class='ocrx_word' id='word_1_124' title='bbox 1481 1656 1523 1710; x_wconf 89' lang='lat' dir='ltr'><strong>si</strong></span> <span class='ocrx_word' id='word_1_125' title='bbox 1556 1654 1722 1710; x_wconf 83' lang='lat' dir='ltr'><strong>lueris</strong></span> <span class='ocrx_word' id='word_1_126' title='bbox 1749 1657 1829 1711; x_wconf 90' lang='lat' dir='ltr'><strong>in-</strong></span> 
     </span>
    </p>
   </div>
   <div class='ocr_carea' id='block_1_17' title="bbox 204 1737 1826 1817">
    <p class='ocr_par' dir='ltr' id='par_1_17' title="bbox 204 1737 1826 1817">
     <span class='ocr_line' id='line_1_17' title="bbox 204 1737 1826 1817; baseline 0.011 -31"><span class='ocrx_word' id='word_1_127' title='bbox 204 1743 464 1791; x_wconf 68' lang='lat' dir='ltr'><strong>structus</strong></span> <span class='ocrx_word' id='word_1_128' title='bbox 480 1737 551 1793; x_wconf 85' lang='lat' dir='ltr'><strong>ad</strong></span> <span class='ocrx_word' id='word_1_129' title='bbox 576 1741 1469 1815; x_wconf 71' lang='lat' dir='ltr'><strong>totiescontenmendaminiuriam</strong></span> <span class='ocrx_word' id='word_1_130' title='bbox 1490 1748 1826 1817; x_wconf 77' lang='lat' dir='ltr'><strong>tibiillatam,</strong></span> 
     </span>
    </p>
   </div>
   <div class='ocr_carea' id='block_1_18' title="bbox 201 1831 1832 1909">
    <p class='ocr_par' dir='ltr' id='par_1_18' title="bbox 201 1831 1832 1909">
     <span class='ocr_line' id='line_1_18' title="bbox 201 1831 1832 1909; baseline 0.01 -32"><span class='ocrx_word' id='word_1_131' title='bbox 201 1840 324 1878; x_wconf 78' lang='lat' dir='ltr'><strong>nua</strong></span> <span class='ocrx_word' id='word_1_132' title='bbox 355 1837 518 1899; x_wconf 77' lang='lat' dir='ltr'><strong>atque</strong></span> <span class='ocrx_word' id='word_1_133' title='bbox 544 1831 712 1886; x_wconf 87' lang='lat' dir='ltr'><strong>altera</strong></span> <span class='ocrx_word' id='word_1_134' title='bbox 726 1862 749 1897; x_wconf 54' lang='grc' dir='ltr'><strong>κ,</strong></span> <span class='ocrx_word' id='word_1_135' title='bbox 779 1842 833 1887; x_wconf 81' lang='lat' dir='ltr'><strong>et</strong></span> <span class='ocrx_word' id='word_1_136' title='bbox 863 1834 1019 1889; x_wconf 83' lang='lat' dir='ltr'><strong>tertia</strong></span> <span class='ocrx_word' id='word_1_137' title='bbox 1049 1836 1445 1894; x_wconf 87' lang='lat' dir='ltr'><strong>condonatione</strong></span> <span class='ocrx_word' id='word_1_138' title='bbox 1474 1840 1647 1909; x_wconf 76' lang='lat' dir='ltr'><strong>culpze</strong></span> <span class='ocrx_word' id='word_1_139' title='bbox 1672 1855 1832 1895; x_wconf 79' lang='lat' dir='ltr'><strong>exer-</strong></span> 
     </span>
    </p>
   </div>
   <div class='ocr_carea' id='block_1_19' title="bbox 200 1916 1829 1999">
    <p class='ocr_par' dir='ltr' id='par_1_19' title="bbox 200 1916 1829 1999">
     <span class='ocr_line' id='line_1_19' title="bbox 200 1916 1829 1999; baseline 0.009 -28"><span class='ocrx_word' id='word_1_140' title='bbox 200 1916 446 1983; x_wconf 64' lang='lat' dir='ltr'><strong>citatus,</strong></span> <span class='ocrx_word' id='word_1_141' title='bbox 476 1920 625 1974; x_wconf 54' lang='lat' dir='ltr'><strong>:nihil</strong></span> <span class='ocrx_word' id='word_1_142' title='bbox 653 1920 985 1979; x_wconf 76' lang='lat' dir='ltr'><strong>difﬁcultatis</strong></span> <span class='ocrx_word' id='word_1_143' title='bbox 1030 1927 1232 1983; x_wconf 79' lang='lat' dir='ltr'><strong>senties</strong></span> <span class='ocrx_word' id='word_1_144' title='bbox 1260 1928 1313 1982; x_wconf 93' lang='lat' dir='ltr'><strong>in</strong></span> <span class='ocrx_word' id='word_1_145' title='bbox 1332 1938 1616 1999; x_wconf 83' lang='lat' dir='ltr'><strong>posterum</strong></span> <span class='ocrx_word' id='word_1_146' title='bbox 1649 1930 1701 1984; x_wconf 91' lang='lat' dir='ltr'><strong>in</strong></span> <span class='ocrx_word' id='word_1_147' title='bbox 1726 1930 1829 1986; x_wconf 78' lang='lat' dir='ltr'><strong>hnc</strong></span> 
     </span>
    </p>
   </div>
   <div class='ocr_carea' id='block_1_20' title="bbox 198 2010 1829 2086">
    <p class='ocr_par' dir='ltr' id='par_1_20' title="bbox 198 2010 1829 2086">
     <span class='ocr_line' id='line_1_20' title="bbox 198 2010 1829 2086; baseline 0.01 -24"><span class='ocrx_word' id='word_1_148' title='bbox 198 2024 419 2079; x_wconf 59' lang='lat' dir='ltr'><strong>genere</strong></span> <span class='ocrx_word' id='word_1_149' title='bbox 448 2010 800 2083; x_wconf 70' lang='lat' dir='ltr'><strong>philosophia!</strong></span> <span class='ocrx_word' id='word_1_150' title='bbox 827 2031 841 2067; x_wconf 90' lang='lat'><strong>:</strong></span> <span class='ocrx_word' id='word_1_151' title='bbox 874 2016 1073 2086; x_wconf 84' lang='lat' dir='ltr'><strong>quippe</strong></span> <span class='ocrx_word' id='word_1_152' title='bbox 1102 2019 1191 2086; x_wconf 92' lang='lat' dir='ltr'><strong>qui</strong></span> <span class='ocrx_word' id='word_1_153' title='bbox 1224 2018 1466 2075; x_wconf 86' lang='lat' dir='ltr'><strong>iteranda</strong></span> <span class='ocrx_word' id='word_1_154' title='bbox 1488 2020 1649 2077; x_wconf 87' lang='lat' dir='ltr'><strong>toties</strong></span> <span class='ocrx_word' id='word_1_155' title='bbox 1669 2022 1829 2078; x_wconf 86' lang='lat' dir='ltr'><strong>venia</strong></span> 
     </span>
    </p>
   </div>
   <div class='ocr_carea' id='block_1_21' title="bbox 198 2100 1828 2183">
    <p class='ocr_par' dir='ltr' id='par_1_21' title="bbox 198 2100 1828 2183">
     <span class='ocr_line' id='line_1_21' title="bbox 198 2100 1828 2183; baseline 0.007 -28"><span class='ocrx_word' id='word_1_156' title='bbox 198 2114 339 2155; x_wconf 69' lang='lat' dir='ltr'><strong>eum</strong></span> <span class='ocrx_word' id='word_1_157' title='bbox 356 2100 468 2170; x_wconf 82' lang='lat' dir='ltr'><strong>jam</strong></span> <span class='ocrx_word' id='word_1_158' title='bbox 493 2117 645 2157; x_wconf 86' lang='lat' dir='ltr'><strong>usum</strong></span> <span class='ocrx_word' id='word_1_159' title='bbox 666 2106 951 2177; x_wconf 81' lang='lat' dir='ltr'><strong>collegeris</strong></span> <span class='ocrx_word' id='word_1_160' title='bbox 972 2148 987 2175; x_wconf 93' lang='lat'><strong>,</strong></span> <span class='ocrx_word' id='word_1_161' title='bbox 1016 2118 1072 2163; x_wconf 89' lang='lat' dir='ltr'><strong>ut</strong></span> <span class='ocrx_word' id='word_1_162' title='bbox 1098 2110 1229 2164; x_wconf 89' lang='lat' dir='ltr'><strong>nihil</strong></span> <span class='ocrx_word' id='word_1_163' title='bbox 1254 2119 1304 2165; x_wconf 88' lang='lat' dir='ltr'><strong>te</strong></span> <span class='ocrx_word' id='word_1_164' title='bbox 1332 2112 1627 2181; x_wconf 88' lang='lat' dir='ltr'><strong>percellant</strong></span> <span class='ocrx_word' id='word_1_165' title='bbox 1646 2114 1828 2183; x_wconf 77' lang='lat' dir='ltr'><strong>proxi-</strong></span> 
     </span>
    </p>
   </div>
   <div class='ocr_carea' id='block_1_22' title="bbox 200 2192 1828 2271">
    <p class='ocr_par' dir='ltr' id='par_1_22' title="bbox 200 2192 1828 2271">
     <span class='ocr_line' id='line_1_22' title="bbox 200 2192 1828 2271; baseline 0.01 -27"><span class='ocrx_word' id='word_1_166' title='bbox 200 2205 429 2246; x_wconf 70' lang='lat' dir='ltr'><strong>morum</strong></span> <span class='ocrx_word' id='word_1_167' title='bbox 458 2192 687 2263; x_wconf 71' lang='lat' dir='ltr'><strong>injurim,</strong></span> <span class='ocrx_word' id='word_1_168' title='bbox 732 2196 937 2265; x_wconf 83' lang='lat' dir='ltr'><strong>Quibus</strong></span> <span class='ocrx_word' id='word_1_169' title='bbox 983 2200 1182 2257; x_wconf 84' lang='lat' dir='ltr'><strong>auditis</strong></span> <span class='ocrx_word' id='word_1_170' title='bbox 1214 2201 1456 2271; x_wconf 82' lang='lat' dir='ltr'><strong>Petrus,</strong></span> <span class='ocrx_word' id='word_1_171' title='bbox 1507 2220 1601 2259; x_wconf 89' lang='lat' dir='ltr'><strong>ore</strong></span> <span class='ocrx_word' id='word_1_172' title='bbox 1644 2204 1828 2260; x_wconf 83' lang='lat' dir='ltr'><strong>hiante</strong></span> 
     </span>
    </p>
   </div>
   <div class='ocr_carea' id='block_1_23' title="bbox 201 2286 1822 2358">
    <p class='ocr_par' dir='ltr' id='par_1_23' title="bbox 201 2286 1822 2358">
     <span class='ocr_line' id='line_1_23' title="bbox 201 2286 1822 2358; baseline 0.01 -24"><span class='ocrx_word' id='word_1_173' title='bbox 201 2290 439 2351; x_wconf 71' lang='lat' dir='ltr'><strong>stupens</strong></span> <span class='ocrx_word' id='word_1_174' title='bbox 465 2286 705 2345; x_wconf 82' lang='lat' dir='ltr'><strong>constitit</strong></span> <span class='ocrx_word' id='word_1_175' title='bbox 740 2303 886 2341; x_wconf 85' lang='lat' dir='ltr'><strong>:non</strong></span> <span class='ocrx_word' id='word_1_176' title='bbox 914 2290 983 2345; x_wconf 81' lang='lat' dir='ltr'><strong>de</strong></span> <span class='ocrx_word' id='word_1_177' title='bbox 1018 2305 1078 2345; x_wconf 91' lang='lat' dir='ltr'><strong>se</strong></span> <span class='ocrx_word' id='word_1_178' title='bbox 1121 2294 1494 2348; x_wconf 81' lang='lat' dir='ltr'><strong>tantummodo</strong></span> <span class='ocrx_word' id='word_1_179' title='bbox 1530 2294 1822 2358; x_wconf 73' lang='lat' dir='ltr'><strong>sollicitos.</strong></span> 
     </span>
    </p>
   </div>
   <div class='ocr_carea' id='block_1_24' title="bbox 200 2370 1827 2448">
    <p class='ocr_par' dir='ltr' id='par_1_24' title="bbox 200 2370 1827 2448">
     <span class='ocr_line' id='line_1_24' title="bbox 200 2370 1827 2448; baseline 0.01 -23"><span class='ocrx_word' id='word_1_180' title='bbox 200 2370 311 2426; x_wconf 64' lang='lat' dir='ltr'><strong>sed</strong></span> <span class='ocrx_word' id='word_1_181' title='bbox 343 2380 400 2426; x_wconf 88' lang='lat' dir='ltr'><strong>et</strong></span> <span class='ocrx_word' id='word_1_182' title='bbox 433 2373 501 2429; x_wconf 89' lang='lat' dir='ltr'><strong>de</strong></span> <span class='ocrx_word' id='word_1_183' title='bbox 524 2374 661 2441; x_wconf 79' lang='lat' dir='ltr'><strong>illis,</strong></span> <span class='ocrx_word' id='word_1_184' title='bbox 694 2378 782 2447; x_wconf 89' lang='lat' dir='ltr'><strong>qui</strong></span> <span class='ocrx_word' id='word_1_185' title='bbox 805 2380 921 2448; x_wconf 80' lang='lat' dir='ltr'><strong>ejus</strong></span> <span class='ocrx_word' id='word_1_186' title='bbox 953 2380 1074 2434; x_wconf 80' lang='lat' dir='ltr'><strong>fidei</strong></span> <span class='ocrx_word' id='word_1_187' title='bbox 1110 2384 1478 2439; x_wconf 88' lang='lat' dir='ltr'><strong>committendi</strong></span> <span class='ocrx_word' id='word_1_188' title='bbox 1526 2395 1701 2439; x_wconf 84' lang='lat' dir='ltr'><strong>erant.</strong></span> <span class='ocrx_word' id='word_1_189' title='bbox 1746 2385 1827 2441; x_wconf 87' lang='lat' dir='ltr'><strong>Nc</strong></span> 
     </span>
    </p>
   </div>
   <div class='ocr_carea' id='block_1_25' title="bbox 203 2464 1822 2545">
    <p class='ocr_par' dir='ltr' id='par_1_25' title="bbox 203 2464 1822 2545">
     <span class='ocr_line' id='line_1_25' title="bbox 203 2464 1822 2545; baseline 0.012 -32"><span class='ocrx_word' id='word_1_190' title='bbox 203 2464 383 2534; x_wconf 59' lang='lat' dir='ltr'><strong>igitur</strong></span> <span class='ocrx_word' id='word_1_191' title='bbox 424 2465 564 2520; x_wconf 89' lang='lat' dir='ltr'><strong>idem</strong></span> <span class='ocrx_word' id='word_1_192' title='bbox 596 2467 836 2535; x_wconf 61' lang='lat' dir='ltr'><strong>faceret,</strong></span> <span class='ocrx_word' id='word_1_193' title='bbox 868 2472 1008 2540; x_wconf 90' lang='lat' dir='ltr'><strong>quod</strong></span> <span class='ocrx_word' id='word_1_194' title='bbox 1043 2474 1238 2529; x_wconf 90' lang='lat' dir='ltr'><strong>in.aliis</strong></span> <span class='ocrx_word' id='word_1_195' title='bbox 1284 2478 1550 2533; x_wconf 76' lang='lat' dir='ltr'><strong>mandatis</strong></span> <span class='ocrx_word' id='word_1_196' title='bbox 1584 2476 1822 2545; x_wconf 66' lang='lat' dir='ltr'><strong>fecerat,</strong></span> 
     </span>
    </p>
   </div>
   <div class='ocr_carea' id='block_1_26' title="bbox 201 2557 1821 2638">
    <p class='ocr_par' dir='ltr' id='par_1_26' title="bbox 201 2557 1821 2638">
     <span class='ocr_line' id='line_1_26' title="bbox 201 2557 1821 2638; baseline 0.012 -30"><span class='ocrx_word' id='word_1_197' title='bbox 201 2557 599 2626; x_wconf 75' lang='lat' dir='ltr'><strong>anticipatioue</strong></span> <span class='ocrx_word' id='word_1_198' title='bbox 618 2561 847 2616; x_wconf 75' lang='lat' dir='ltr'><strong>exclusit</strong></span> <span class='ocrx_word' id='word_1_199' title='bbox 866 2562 917 2616; x_wconf 92' lang='lat' dir='ltr'><strong>ei</strong></span> <span class='ocrx_word' id='word_1_200' title='bbox 942 2578 1158 2619; x_wconf 89' lang='lat' dir='ltr'><strong>omnem</strong></span> <span class='ocrx_word' id='word_1_201' title='bbox 1183 2570 1663 2635; x_wconf 82' lang='lat' dir='ltr'><strong>percontationem.</strong></span> <span class='ocrx_word' id='word_1_202' title='bbox 1684 2571 1821 2638; x_wconf 79' lang='lat' dir='ltr'><strong>Quid</strong></span> 
     </span>
    </p>
   </div>
   <div class='ocr_carea' id='block_1_27' title="bbox 200 2649 1825 2728">
    <p class='ocr_par' dir='ltr' id='par_1_27' title="bbox 200 2649 1825 2728">
     <span class='ocr_line' id='line_1_27' title="bbox 200 2649 1825 2728; baseline 0.012 -29"><span class='ocrx_word' id='word_1_203' title='bbox 200 2658 397 2702; x_wconf 78' lang='lat' dir='ltr'><strong>autem</strong></span> <span class='ocrx_word' id='word_1_204' title='bbox 426 2649 477 2702; x_wconf 91' lang='lat' dir='ltr'><strong>in</strong></span> <span class='ocrx_word' id='word_1_205' title='bbox 506 2649 626 2703; x_wconf 86' lang='lat' dir='ltr'><strong>aliis</strong></span> <span class='ocrx_word' id='word_1_206' title='bbox 679 2653 945 2707; x_wconf 84' lang='lat' dir='ltr'><strong>mandatis</strong></span> <span class='ocrx_word' id='word_1_207' title='bbox 989 2653 1169 2710; x_wconf 80' lang='lat' dir='ltr'><strong>fecit?</strong></span> <span class='ocrx_word' id='word_1_208' title='bbox 1213 2657 1268 2712; x_wconf 84' lang='lat' dir='ltr'><strong>Si</strong></span> <span class='ocrx_word' id='word_1_209' title='bbox 1313 2658 1528 2728; x_wconf 83' lang='lat' dir='ltr'><strong>quando</strong></span> <span class='ocrx_word' id='word_1_210' title='bbox 1581 2662 1825 2718; x_wconf 84' lang='lat' dir='ltr'><strong>Christus</strong></span> 
     </span>
    </p>
   </div>
   <div class='ocr_carea' id='block_1_28' title="bbox 212 2736 1791 2818">
    <p class='ocr_par' dir='ltr' id='par_1_28' title="bbox 212 2736 1791 2818">
     <span class='ocr_line' id='line_1_28' title="bbox 212 2736 1791 2818; baseline 0.011 -27"><span class='ocrx_word' id='word_1_211' title='bbox 212 2738 517 2793; x_wconf 85' lang='lat' dir='ltr'><strong>istiusmodi</strong></span> <span class='ocrx_word' id='word_1_212' title='bbox 557 2736 757 2812; x_wconf 82' lang='lat' dir='ltr'><strong>aliquid</strong></span> <span class='ocrx_word' id='word_1_213' title='bbox 798 2744 1123 2813; x_wconf 79' lang='lat' dir='ltr'><strong>imperaret,</strong></span> <span class='ocrx_word' id='word_1_214' title='bbox 1151 2748 1293 2818; x_wconf 88' lang='lat' dir='ltr'><strong>quod</strong></span> <span class='ocrx_word' id='word_1_215' title='bbox 1324 2750 1694 2809; x_wconf 74' lang='lat' dir='ltr'><strong>difficultatem</strong></span> <span class='ocrx_word' id='word_1_216' title='bbox 1719 2755 1791 2809; x_wconf 84' lang='lat' dir='ltr'><strong>ali</strong></span> 
     </span>
    </p>
   </div>
   <div class='ocr_carea' id='block_1_29' title="bbox 208 2830 1824 2908">
    <p class='ocr_par' dir='ltr' id='par_1_29' title="bbox 208 2830 1824 2908">
     <span class='ocr_line' id='line_1_29' title="bbox 208 2830 1824 2908; baseline 0.013 -27"><span class='ocrx_word' id='word_1_217' title='bbox 208 2844 373 2899; x_wconf 76' lang='lat' dir='ltr'><strong>(piam</strong></span> <span class='ocrx_word' id='word_1_218' title='bbox 417 2830 616 2888; x_wconf 88' lang='lat' dir='ltr'><strong>habere</strong></span> <span class='ocrx_word' id='word_1_219' title='bbox 666 2834 973 2901; x_wconf 79' lang='lat' dir='ltr'><strong>videretur,</strong></span> <span class='ocrx_word' id='word_1_220' title='bbox 1025 2842 1308 2908; x_wconf 83' lang='lat' dir='ltr'><strong>prosiliens</strong></span> <span class='ocrx_word' id='word_1_221' title='bbox 1340 2854 1464 2899; x_wconf 88' lang='lat' dir='ltr'><strong>:mtc</strong></span> <span class='ocrx_word' id='word_1_222' title='bbox 1491 2846 1627 2901; x_wconf 87' lang='lat' dir='ltr'><strong>alios</strong></span> <span class='ocrx_word' id='word_1_223' title='bbox 1659 2848 1824 2904; x_wconf 86' lang='lat' dir='ltr'><strong>inter-</strong></span> 
     </span>
    </p>
   </div>
   <div class='ocr_carea' id='block_1_30' title="bbox 205 2923 1821 3004">
    <p class='ocr_par' dir='ltr' id='par_1_30' title="bbox 205 2923 1821 3004">
     <span class='ocr_line' id='line_1_30' title="bbox 205 2923 1821 3004; baseline 0.014 -30"><span class='ocrx_word' id='word_1_224' title='bbox 205 2923 439 2993; x_wconf 74' lang='lat' dir='ltr'><strong>rogabat</strong></span> <span class='ocrx_word' id='word_1_225' title='bbox 487 2935 542 2979; x_wconf 90' lang='lat' dir='ltr'><strong>et</strong></span> <span class='ocrx_word' id='word_1_226' title='bbox 595 2926 968 2984; x_wconf 82' lang='lat' dir='ltr'><strong>sciscitabatur</strong></span> <span class='ocrx_word' id='word_1_227' title='bbox 1020 2931 1089 2988; x_wconf 84' lang='lat' dir='ltr'><strong>de</strong></span> <span class='ocrx_word' id='word_1_228' title='bbox 1135 2946 1425 3004; x_wconf 49' lang='lat' dir='ltr'><strong>praecepto.</strong></span> <span class='ocrx_word' id='word_1_229' title='bbox 1496 2939 1629 2993; x_wconf 89' lang='lat' dir='ltr'><strong>Cum</strong></span> <span class='ocrx_word' id='word_1_230' title='bbox 1669 2942 1821 2997; x_wconf 66' lang='lat' dir='ltr'><strong>enim</strong></span> 
     </span>
    </p>
   </div>
   <div class='ocr_carea' id='block_1_31' title="bbox 211 3013 1821 3098">
    <p class='ocr_par' dir='ltr' id='par_1_31' title="bbox 211 3013 1821 3098">
     <span class='ocr_line' id='line_1_31' title="bbox 211 3013 1821 3098; baseline 0.012 -34"><span class='ocrx_word' id='word_1_231' title='bbox 211 3013 504 3083; x_wconf 82' lang='lat' dir='ltr'><strong>prodiissct</strong></span> <span class='ocrx_word' id='word_1_232' title='bbox 530 3014 700 3085; x_wconf 77' lang='lat' dir='ltr'><strong>dives,</strong></span> <span class='ocrx_word' id='word_1_233' title='bbox 726 3018 794 3074; x_wconf 93' lang='lat' dir='ltr'><strong>de</strong></span> <span class='ocrx_word' id='word_1_234' title='bbox 816 3031 1019 3077; x_wconf 83' lang='lat' dir='ltr'><strong>:cterna</strong></span> <span class='ocrx_word' id='word_1_235' title='bbox 1046 3024 1152 3077; x_wconf 86' lang='lat' dir='ltr'><strong>vita</strong></span> <span class='ocrx_word' id='word_1_236' title='bbox 1180 3025 1449 3081; x_wconf 80' lang='lat' dir='ltr'><strong>Christum</strong></span> <span class='ocrx_word' id='word_1_237' title='bbox 1477 3042 1821 3098; x_wconf 79' lang='lat' dir='ltr'><strong>percontans,</strong></span> 
     </span>
    </p>
   </div>
   <div class='ocr_carea' id='block_1_32' title="bbox 209 3105 1824 3186">
    <p class='ocr_par' dir='ltr' id='par_1_32' title="bbox 209 3105 1824 3186">
     <span class='ocr_line' id='line_1_32' title="bbox 209 3105 1824 3186; baseline 0.013 -30"><span class='ocrx_word' id='word_1_238' title='bbox 209 3112 267 3156; x_wconf 86' lang='lat' dir='ltr'><strong>et</strong></span> <span class='ocrx_word' id='word_1_239' title='bbox 304 3105 535 3173; x_wconf 82' lang='lat' dir='ltr'><strong>cognitis</strong></span> <span class='ocrx_word' id='word_1_240' title='bbox 563 3107 705 3175; x_wconf 87' lang='lat' dir='ltr'><strong>illis,</strong></span> <span class='ocrx_word' id='word_1_241' title='bbox 737 3125 857 3179; x_wconf 77' lang='lat' dir='ltr'><strong>qua:</strong></span> <span class='ocrx_word' id='word_1_242' title='bbox 887 3112 1100 3181; x_wconf 83' lang='lat' dir='ltr'><strong>pariunt</strong></span> <span class='ocrx_word' id='word_1_243' title='bbox 1137 3114 1563 3186; x_wconf 74' lang='lat' dir='ltr'><strong>beatitudinem,</strong></span> <span class='ocrx_word' id='word_1_244' title='bbox 1599 3134 1824 3177; x_wconf 64' lang='lat' dir='ltr'><strong>mazsms</strong></span> 
     </span>
    </p>
   </div>
   <div class='ocr_carea' id='block_1_33' title="bbox 213 3192 1824 3280">
    <p class='ocr_par' dir='ltr' id='par_1_33' title="bbox 213 3192 1824 3280">
     <span class='ocr_line' id='line_1_33' title="bbox 213 3192 1824 3280; baseline 0.014 -35"><span class='ocrx_word' id='word_1_245' title='bbox 213 3192 284 3245; x_wconf 92' lang='lat' dir='ltr'><strong>ob</strong></span> <span class='ocrx_word' id='word_1_246' title='bbox 308 3196 836 3266; x_wconf 47' lang='lat' dir='ltr'><strong>pecunias&#39;abiissct,</strong></span> <span class='ocrx_word' id='word_1_247' title='bbox 884 3202 1098 3258; x_wconf 89' lang='lat' dir='ltr'><strong>dicente</strong></span> <span class='ocrx_word' id='word_1_248' title='bbox 1127 3203 1387 3275; x_wconf 81' lang='lat' dir='ltr'><strong>Christo,</strong></span> <span class='ocrx_word' id='word_1_249' title='bbox 1435 3211 1577 3280; x_wconf 86' lang='lat' dir='ltr'><strong>quod</strong></span> <span class='ocrx_word' id='word_1_250' title='bbox 1617 3212 1824 3268; x_wconf 78' lang='lat' dir='ltr'><strong>facilius</strong></span> 
     </span>
    </p>
   </div>
   <div class='ocr_carea' id='block_1_34' title="bbox 207 3289 1824 3374">
    <p class='ocr_par' dir='ltr' id='par_1_34' title="bbox 207 3289 1824 3374">
     <span class='ocr_line' id='line_1_34' title="bbox 207 3289 1824 3374; baseline 0.014 -35"><span class='ocrx_word' id='word_1_251' title='bbox 207 3298 357 3340; x_wconf 79' lang='lat' dir='ltr'><strong>esset</strong></span> <span class='ocrx_word' id='word_1_252' title='bbox 382 3289 644 3344; x_wconf 88' lang='lat' dir='ltr'><strong>camelum</strong></span> <span class='ocrx_word' id='word_1_253' title='bbox 664 3294 903 3349; x_wconf 81' lang='lat' dir='ltr'><strong>transire</strong></span> <span class='ocrx_word' id='word_1_254' title='bbox 922 3310 1023 3365; x_wconf 87' lang='lat' dir='ltr'><strong>per</strong></span> <span class='ocrx_word' id='word_1_255' title='bbox 1037 3296 1286 3355; x_wconf 81' lang='lat' dir='ltr'><strong>foramen</strong></span> <span class='ocrx_word' id='word_1_256' title='bbox 1315 3317 1465 3369; x_wconf 85' lang='lat' dir='ltr'><strong>acus,</strong></span> <span class='ocrx_word' id='word_1_257' title='bbox 1498 3320 1658 3374; x_wconf 89' lang='lat' dir='ltr'><strong>quam</strong></span> <span class='ocrx_word' id='word_1_258' title='bbox 1686 3306 1824 3361; x_wconf 60' lang='lat' dir='ltr'><strong>diti-</strong></span> 
     </span>
    </p>
   </div>
   <div class='ocr_carea' id='block_1_35' title="bbox 208 3378 1825 3466">
    <p class='ocr_par' dir='ltr' id='par_1_35' title="bbox 208 3378 1825 3466">
     <span class='ocr_line' id='line_1_35' title="bbox 208 3378 1825 3466; baseline 0.015 -35"><span class='ocrx_word' id='word_1_259' title='bbox 208 3384 320 3431; x_wconf 86' lang='lat' dir='ltr'><strong>tem</strong></span> <span class='ocrx_word' id='word_1_260' title='bbox 356 3378 561 3434; x_wconf 86' lang='lat' dir='ltr'><strong>intrare</strong></span> <span class='ocrx_word' id='word_1_261' title='bbox 590 3381 641 3434; x_wconf 91' lang='lat' dir='ltr'><strong>in</strong></span> <span class='ocrx_word' id='word_1_262' title='bbox 667 3388 1165 3453; x_wconf 63' lang='lat' dir='ltr'><strong>mgntuncmlorum</strong></span> <span class='ocrx_word' id='word_1_263' title='bbox 1199 3391 1389 3462; x_wconf 64' lang='grc' dir='ltr'><strong>(κατ-ε.</strong></span> <span class='ocrx_word' id='word_1_264' title='bbox 1424 3395 1509 3451; x_wconf 86' lang='lat' dir='ltr'><strong>l0.</strong></span> <span class='ocrx_word' id='word_1_265' title='bbox 1541 3397 1649 3466; x_wconf 75' lang='lat'><strong>25)</strong></span> <span class='ocrx_word' id='word_1_266' title='bbox 1685 3416 1698 3453; x_wconf 89' lang='lat'><strong>:</strong></span> <span class='ocrx_word' id='word_1_267' title='bbox 1727 3399 1825 3455; x_wconf 81' lang='lat' dir='ltr'><strong>Pe-</strong></span> 
     </span>
    </p>
   </div>
   <div class='ocr_carea' id='block_1_36' title="bbox 212 3471 1824 3558">
    <p class='ocr_par' dir='ltr' id='par_1_36' title="bbox 212 3471 1824 3558">
     <span class='ocr_line' id='line_1_36' title="bbox 212 3471 1824 3558; baseline 0.016 -38"><span class='ocrx_word' id='word_1_268' title='bbox 212 3475 331 3523; x_wconf 88' lang='lat' dir='ltr'><strong>trus</strong></span> <span class='ocrx_word' id='word_1_269' title='bbox 360 3471 574 3526; x_wconf 87' lang='lat' dir='ltr'><strong>tametsi</strong></span> <span class='ocrx_word' id='word_1_270' title='bbox 614 3488 680 3528; x_wconf 87' lang='lat' dir='ltr'><strong>se</strong></span> <span class='ocrx_word' id='word_1_271' title='bbox 720 3477 971 3533; x_wconf 89' lang='lat' dir='ltr'><strong>omnibus</strong></span> <span class='ocrx_word' id='word_1_272' title='bbox 998 3480 1309 3538; x_wconf 81' lang='lat' dir='ltr'><strong>nudavisset</strong></span> <span class='ocrx_word' id='word_1_273' title='bbox 1332 3527 1350 3553; x_wconf 90' lang='lat'><strong>,</strong></span> <span class='ocrx_word' id='word_1_274' title='bbox 1401 3502 1577 3558; x_wconf 86' lang='lat' dir='ltr'><strong>neque</strong></span> <span class='ocrx_word' id='word_1_275' title='bbox 1599 3490 1710 3558; x_wconf 87' lang='lat' dir='ltr'><strong>jam</strong></span> <span class='ocrx_word' id='word_1_276' title='bbox 1739 3492 1824 3546; x_wconf 84' lang='lat' dir='ltr'><strong>vel</strong></span> 
     </span>
    </p>
   </div>
   <div class='ocr_carea' id='block_1_37' title="bbox 213 3557 1825 3651">
    <p class='ocr_par' dir='ltr' id='par_1_37' title="bbox 213 3557 1825 3651">
     <span class='ocr_line' id='line_1_37' title="bbox 213 3557 1825 3651; baseline 0.016 -40"><span class='ocrx_word' id='word_1_277' title='bbox 213 3557 435 3615; x_wconf 83' lang='lat' dir='ltr'><strong>hamum</strong></span> <span class='ocrx_word' id='word_1_278' title='bbox 463 3562 757 3631; x_wconf 80' lang='lat' dir='ltr'><strong>retineret,</strong></span> <span class='ocrx_word' id='word_1_279' title='bbox 786 3568 983 3640; x_wconf 82' lang='lat' dir='ltr'><strong>quippe</strong></span> <span class='ocrx_word' id='word_1_280' title='bbox 1012 3571 1102 3640; x_wconf 69' lang='grc' dir='ltr'><strong>(μή</strong></span> <span class='ocrx_word' id='word_1_281' title='bbox 1142 3582 1194 3627; x_wconf 91' lang='lat' dir='ltr'><strong>ct</strong></span> <span class='ocrx_word' id='word_1_282' title='bbox 1242 3584 1408 3630; x_wconf 91' lang='lat' dir='ltr'><strong>totum</strong></span> <span class='ocrx_word' id='word_1_283' title='bbox 1441 3557 1704 3647; x_wconf 66' lang='lat' dir='ltr'><strong>qumstum</strong></span> <span class='ocrx_word' id='word_1_284' title='bbox 1748 3583 1825 3651; x_wconf 88' lang='lat' dir='ltr'><strong>pi-</strong></span> 
     </span>
    </p>
   </div>
   <div class='ocr_carea' id='block_1_38' title="bbox 206 3650 1821 3732">
    <p class='ocr_par' dir='ltr' id='par_1_38' title="bbox 206 3650 1821 3732">
     <span class='ocr_line' id='line_1_38' title="bbox 206 3650 1821 3732; baseline 0.014 -29"><span class='ocrx_word' id='word_1_285' title='bbox 206 3650 524 3719; x_wconf 80' lang='lat' dir='ltr'><strong>scatorium,</strong></span> <span class='ocrx_word' id='word_1_286' title='bbox 546 3664 601 3711; x_wconf 88' lang='lat' dir='ltr'><strong>et</strong></span> <span class='ocrx_word' id='word_1_287' title='bbox 616 3672 805 3712; x_wconf 86' lang='lat' dir='ltr'><strong>navem</strong></span> <span class='ocrx_word' id='word_1_288' title='bbox 835 3670 1254 3732; x_wconf 82' lang='lat' dir='ltr'><strong>contempserat,</strong></span> <span class='ocrx_word' id='word_1_289' title='bbox 1283 3669 1551 3723; x_wconf 81' lang='lat' dir='ltr'><strong>accedens</strong></span> <span class='ocrx_word' id='word_1_290' title='bbox 1576 3671 1643 3724; x_wconf 91' lang='lat' dir='ltr'><strong>ad</strong></span> <span class='ocrx_word' id='word_1_291' title='bbox 1666 3650 1821 3726; x_wconf 80' lang='lat' dir='ltr'><strong>Chri-</strong></span> 
     </span>
    </p>
   </div>
   <div class='ocr_carea' id='block_1_39' title="bbox 214 3743 1821 3833">
    <p class='ocr_par' dir='ltr' id='par_1_39' title="bbox 214 3743 1821 3833">
     <span class='ocr_line' id='line_1_39' title="bbox 214 3743 1821 3833; baseline 0.016 -40"><span class='ocrx_word' id='word_1_292' title='bbox 214 3749 359 3796; x_wconf 84' lang='lat' dir='ltr'><strong>stum</strong></span> <span class='ocrx_word' id='word_1_293' title='bbox 406 3743 478 3799; x_wconf 86' lang='lat' dir='ltr'><strong>ita</strong></span> <span class='ocrx_word' id='word_1_294' title='bbox 525 3744 781 3815; x_wconf 86' lang='lat' dir='ltr'><strong>loquutus</strong></span> <span class='ocrx_word' id='word_1_295' title='bbox 806 3758 922 3804; x_wconf 85' lang='lat' dir='ltr'><strong>est:</strong></span> <span class='ocrx_word' id='word_1_296' title='bbox 950 3750 1022 3805; x_wconf 86' lang='lat' dir='ltr'><strong>Et</strong></span> <span class='ocrx_word' id='word_1_297' title='bbox 1050 3755 1164 3823; x_wconf 76' lang='lat' dir='ltr'><strong>quis</strong></span> <span class='ocrx_word' id='word_1_298' title='bbox 1188 3767 1353 3825; x_wconf 78' lang='lat' dir='ltr'><strong>potest</strong></span> <span class='ocrx_word' id='word_1_299' title='bbox 1377 3762 1548 3814; x_wconf 81' lang='lat' dir='ltr'><strong>salvus</strong></span> <span class='ocrx_word' id='word_1_300' title='bbox 1572 3762 1685 3829; x_wconf 73' lang='lat' dir='ltr'><strong>ﬁeri</strong></span> <span class='ocrx_word' id='word_1_301' title='bbox 1715 3763 1821 3833; x_wconf 79' lang='lat' dir='ltr'><strong>(Ib.</strong></span> 
     </span>
    </p>
   </div>
   <div class='ocr_carea' id='block_1_40' title="bbox 211 3834 1823 3922">
    <p class='ocr_par' dir='ltr' id='par_1_40' title="bbox 211 3834 1823 3922">
     <span class='ocr_line' id='line_1_40' title="bbox 211 3834 1823 3922; baseline 0.016 -35"><span class='ocrx_word' id='word_1_302' title='bbox 211 3849 262 3887; x_wconf 69' lang='grc' dir='ltr'><strong>ν.</strong></span> <span class='ocrx_word' id='word_1_303' title='bbox 290 3834 446 3907; x_wconf 74' lang='lat'><strong>26)?</strong></span> <span class='ocrx_word' id='word_1_304' title='bbox 478 3837 611 3893; x_wconf 68' lang='lat' dir='ltr'><strong>Vide</strong></span> <span class='ocrx_word' id='word_1_305' title='bbox 658 3842 977 3909; x_wconf 90' lang='lat' dir='ltr'><strong>probitatem</strong></span> <span class='ocrx_word' id='word_1_306' title='bbox 1004 3855 1064 3901; x_wconf 84' lang='lat' dir='ltr'><strong>et</strong></span> <span class='ocrx_word' id='word_1_307' title='bbox 1100 3848 1362 3905; x_wconf 82' lang='lat' dir='ltr'><strong>fervorem</strong></span> <span class='ocrx_word' id='word_1_308' title='bbox 1391 3852 1637 3922; x_wconf 88' lang='lat' dir='ltr'><strong>discipuli</strong></span> <span class='ocrx_word' id='word_1_309' title='bbox 1669 3874 1683 3911; x_wconf 87' lang='lat'><strong>:</strong></span> <span class='ocrx_word' id='word_1_310' title='bbox 1716 3873 1823 3912; x_wconf 92' lang='lat' dir='ltr'><strong>non</strong></span> 
     </span>
    </p>
   </div>
   <div class='ocr_carea' id='block_1_41' title="bbox 207 3926 1825 4014">
    <p class='ocr_par' dir='ltr' id='par_1_41' title="bbox 207 3926 1825 4014">
     <span class='ocr_line' id='line_1_41' title="bbox 207 3926 1825 4014; baseline 0.014 -33"><span class='ocrx_word' id='word_1_311' title='bbox 207 3926 363 3982; x_wconf 83' lang='lat' dir='ltr'><strong>enim</strong></span> <span class='ocrx_word' id='word_1_312' title='bbox 393 3929 604 3999; x_wconf 88' lang='lat' dir='ltr'><strong>inquit,</strong></span> <span class='ocrx_word' id='word_1_313' title='bbox 644 3931 1002 4003; x_wconf 84' lang='lat' dir='ltr'><strong>lmpossibilia</strong></span> <span class='ocrx_word' id='word_1_314' title='bbox 1041 3940 1310 4012; x_wconf 70' lang='lat' dir='ltr'><strong>iniungis,</strong></span> <span class='ocrx_word' id='word_1_315' title='bbox 1349 3960 1515 4014; x_wconf 78' lang='lat' dir='ltr'><strong>grave</strong></span> <span class='ocrx_word' id='word_1_316' title='bbox 1542 3948 1642 4002; x_wconf 91' lang='lat' dir='ltr'><strong>hoc</strong></span> <span class='ocrx_word' id='word_1_317' title='bbox 1670 3966 1825 4004; x_wconf 89' lang='lat' dir='ltr'><strong>man-</strong></span> 
     </span>
    </p>
   </div>
   <div class='ocr_carea' id='block_1_42' title="bbox 214 4018 1822 4108">
    <p class='ocr_par' dir='ltr' id='par_1_42' title="bbox 214 4018 1822 4108">
     <span class='ocr_line' id='line_1_42' title="bbox 214 4018 1822 4108; baseline 0.014 -35"><span class='ocrx_word' id='word_1_318' title='bbox 214 4018 401 4074; x_wconf 87' lang='lat' dir='ltr'><strong>datum</strong></span> <span class='ocrx_word' id='word_1_319' title='bbox 429 4062 444 4087; x_wconf 92' lang='lat'><strong>,</strong></span> <span class='ocrx_word' id='word_1_320' title='bbox 475 4022 709 4079; x_wconf 87' lang='lat' dir='ltr'><strong>dillicilis</strong></span> <span class='ocrx_word' id='word_1_321' title='bbox 738 4026 836 4081; x_wconf 89' lang='lat' dir='ltr'><strong>ista</strong></span> <span class='ocrx_word' id='word_1_322' title='bbox 866 4029 948 4083; x_wconf 74' lang='lat' dir='ltr'><strong>lex</strong></span> <span class='ocrx_word' id='word_1_323' title='bbox 976 4048 989 4083; x_wconf 92' lang='lat'><strong>:</strong></span> <span class='ocrx_word' id='word_1_324' title='bbox 1021 4047 1196 4101; x_wconf 89' lang='lat' dir='ltr'><strong>nequo</strong></span> <span class='ocrx_word' id='word_1_325' title='bbox 1223 4035 1275 4107; x_wconf 81' lang='lat' dir='ltr'><strong>in</strong></span> <span class='ocrx_word' id='word_1_326' title='bbox 1303 4036 1516 4092; x_wconf 88' lang='lat' dir='ltr'><strong>silentio</strong></span> <span class='ocrx_word' id='word_1_327' title='bbox 1547 4040 1779 4108; x_wconf 87' lang='lat' dir='ltr'><strong>perstitit</strong></span> <span class='ocrx_word' id='word_1_328' title='bbox 1806 4058 1822 4097; x_wconf 92' lang='lat'><strong>:</strong></span> 
     </span>
    </p>
   </div>
   <div class='ocr_carea' id='block_1_43' title="bbox 218 4111 1825 4196">
    <p class='ocr_par' dir='ltr' id='par_1_43' title="bbox 218 4111 1825 4196">
     <span class='ocr_line' id='line_1_43' title="bbox 218 4111 1825 4196; baseline 0.014 -31"><span class='ocrx_word' id='word_1_329' title='bbox 218 4111 314 4166; x_wconf 88' lang='lat' dir='ltr'><strong>sed</strong></span> <span class='ocrx_word' id='word_1_330' title='bbox 341 4128 526 4169; x_wconf 88' lang='lat' dir='ltr'><strong>curam</strong></span> <span class='ocrx_word' id='word_1_331' title='bbox 554 4131 705 4171; x_wconf 90' lang='lat' dir='ltr'><strong>suam</strong></span> <span class='ocrx_word' id='word_1_332' title='bbox 733 4159 747 4184; x_wconf 90' lang='lat'><strong>,</strong></span> <span class='ocrx_word' id='word_1_333' title='bbox 785 4134 945 4189; x_wconf 88' lang='lat' dir='ltr'><strong>quam</strong></span> <span class='ocrx_word' id='word_1_334' title='bbox 977 4122 1045 4178; x_wconf 87' lang='lat' dir='ltr'><strong>de</strong></span> <span class='ocrx_word' id='word_1_335' title='bbox 1074 4126 1324 4182; x_wconf 90' lang='lat' dir='ltr'><strong>omnibus</strong></span> <span class='ocrx_word' id='word_1_336' title='bbox 1345 4127 1610 4196; x_wconf 83' lang='lat' dir='ltr'><strong>habebat,</strong></span> <span class='ocrx_word' id='word_1_337' title='bbox 1638 4143 1825 4189; x_wconf 84' lang='lat' dir='ltr'><strong>osten-</strong></span> 
     </span>
    </p>
   </div>
   <div class='ocr_carea' id='block_1_44' title="bbox 212 4201 1824 4285">
    <p class='ocr_par' dir='ltr' id='par_1_44' title="bbox 212 4201 1824 4285">
     <span class='ocr_line' id='line_1_44' title="bbox 212 4201 1824 4285; baseline 0.015 -29"><span class='ocrx_word' id='word_1_338' title='bbox 212 4201 325 4269; x_wconf 90' lang='lat' dir='ltr'><strong>dit,</strong></span> <span class='ocrx_word' id='word_1_339' title='bbox 372 4212 430 4259; x_wconf 91' lang='lat' dir='ltr'><strong>ct</strong></span> <span class='ocrx_word' id='word_1_340' title='bbox 471 4211 787 4279; x_wconf 69' lang='lat' dir='ltr'><strong>prmceptori</strong></span> <span class='ocrx_word' id='word_1_341' title='bbox 816 4226 846 4265; x_wconf 86' lang='lat' dir='ltr'><strong>a</strong></span> <span class='ocrx_word' id='word_1_342' title='bbox 877 4210 1142 4285; x_wconf 87' lang='lat' dir='ltr'><strong>discipulo</strong></span> <span class='ocrx_word' id='word_1_343' title='bbox 1180 4216 1415 4274; x_wconf 86' lang='lat' dir='ltr'><strong>debitam</strong></span> <span class='ocrx_word' id='word_1_344' title='bbox 1462 4224 1824 4280; x_wconf 69' lang='lat' dir='ltr'><strong>reverentiam</strong></span> 
     </span>
    </p>
   </div>
   <div class='ocr_carea' id='block_1_45' title="bbox 218 4294 1825 4378">
    <p class='ocr_par' dir='ltr' id='par_1_45' title="bbox 218 4294 1825 4378">
     <span class='ocr_line' id='line_1_45' title="bbox 218 4294 1825 4378; baseline 0.012 -30"><span class='ocrx_word' id='word_1_345' title='bbox 218 4294 535 4364; x_wconf 75' lang='lat' dir='ltr'><strong>impattivit,</strong></span> <span class='ocrx_word' id='word_1_346' title='bbox 559 4298 747 4353; x_wconf 86' lang='lat' dir='ltr'><strong>dicens</strong></span> <span class='ocrx_word' id='word_1_347' title='bbox 778 4318 789 4353; x_wconf 91' lang='lat'><strong>:</strong></span> <span class='ocrx_word' id='word_1_348' title='bbox 813 4296 884 4354; x_wconf 83' lang='lat' dir='ltr'><strong>Et</strong></span> <span class='ocrx_word' id='word_1_349' title='bbox 903 4305 1015 4373; x_wconf 83' lang='lat' dir='ltr'><strong>quis</strong></span> <span class='ocrx_word' id='word_1_350' title='bbox 1041 4315 1202 4375; x_wconf 83' lang='lat' dir='ltr'><strong>potest</strong></span> <span class='ocrx_word' id='word_1_351' title='bbox 1221 4310 1390 4361; x_wconf 86' lang='lat' dir='ltr'><strong>salvus</strong></span> <span class='ocrx_word' id='word_1_352' title='bbox 1410 4310 1523 4378; x_wconf 80' lang='lat' dir='ltr'><strong>ﬁeri</strong></span> <span class='ocrx_word' id='word_1_353' title='bbox 1543 4310 1566 4363; x_wconf 84' lang='lat'><strong><em>?</em></strong></span> <span class='ocrx_word' id='word_1_354' title='bbox 1590 4314 1825 4369; x_wconf 86' lang='lat' dir='ltr'><strong>nondum</strong></span> 
     </span>
    </p>
   </div>
   <div class='ocr_carea' id='block_1_46' title="bbox 217 4386 1827 4463">
    <p class='ocr_par' dir='ltr' id='par_1_46' title="bbox 217 4386 1827 4463">
     <span class='ocr_line' id='line_1_46' title="bbox 217 4386 1827 4463; baseline 0.014 -22"><span class='ocrx_word' id='word_1_355' title='bbox 217 4386 393 4443; x_wconf 71' lang='lat' dir='ltr'><strong>factus</strong></span> <span class='ocrx_word' id='word_1_356' title='bbox 418 4400 619 4459; x_wconf 84' lang='lat' dir='ltr'><strong>pastor,</strong></span> <span class='ocrx_word' id='word_1_357' title='bbox 655 4396 885 4463; x_wconf 86' lang='lat' dir='ltr'><strong>pastoris</strong></span> <span class='ocrx_word' id='word_1_358' title='bbox 908 4397 1145 4451; x_wconf 87' lang='lat' dir='ltr'><strong>animum</strong></span> <span class='ocrx_word' id='word_1_359' title='bbox 1186 4398 1454 4456; x_wconf 80' lang='lat' dir='ltr'><strong>habebat:</strong></span> <span class='ocrx_word' id='word_1_360' title='bbox 1487 4404 1723 4459; x_wconf 88' lang='lat' dir='ltr'><strong>nondum</strong></span> <span class='ocrx_word' id='word_1_361' title='bbox 1775 4408 1827 4463; x_wconf 90' lang='lat' dir='ltr'><strong>in</strong></span> 
     </span>
    </p>
   </div>
   <div class='ocr_carea' id='block_1_47' title="bbox 219 4481 1831 4566">
    <p class='ocr_par' dir='ltr' id='par_1_47' title="bbox 219 4481 1831 4566">
     <span class='ocr_line' id='line_1_47' title="bbox 219 4481 1831 4566; baseline 0.009 -28"><span class='ocrx_word' id='word_1_362' title='bbox 219 4481 454 4553; x_wconf 76' lang='lat' dir='ltr'><strong>Imperio</strong></span> <span class='ocrx_word' id='word_1_363' title='bbox 482 4494 535 4540; x_wconf 90' lang='lat' dir='ltr'><strong>et</strong></span> <span class='ocrx_word' id='word_1_364' title='bbox 564 4486 863 4557; x_wconf 87' lang='lat' dir='ltr'><strong>principatu</strong></span> <span class='ocrx_word' id='word_1_365' title='bbox 891 4490 1214 4545; x_wconf 82' lang='lat' dir='ltr'><strong>constitutus</strong></span> <span class='ocrx_word' id='word_1_366' title='bbox 1233 4534 1248 4557; x_wconf 93' lang='lat'><strong>,</strong></span> <span class='ocrx_word' id='word_1_367' title='bbox 1279 4494 1505 4565; x_wconf 79' lang='lat' dir='ltr'><strong>principi</strong></span> <span class='ocrx_word' id='word_1_368' title='bbox 1528 4511 1831 4566; x_wconf 75' lang='lat' dir='ltr'><strong>congruen-</strong></span> 
     </span>
    </p>
   </div>
   <div class='ocr_carea' id='block_1_48' title="bbox 220 4578 1828 4645">
    <p class='ocr_par' dir='ltr' id='par_1_48' title="bbox 220 4578 1828 4645">
     <span class='ocr_line' id='line_1_48' title="bbox 220 4578 1828 4645; baseline 0.009 -16"><span class='ocrx_word' id='word_1_369' title='bbox 220 4583 329 4630; x_wconf 87' lang='lat' dir='ltr'><strong>tem</strong></span> <span class='ocrx_word' id='word_1_370' title='bbox 354 4590 537 4629; x_wconf 89' lang='lat' dir='ltr'><strong>euram</strong></span> <span class='ocrx_word' id='word_1_371' title='bbox 566 4578 815 4633; x_wconf 79' lang='lat' dir='ltr'><strong>servabat</strong></span> <span class='ocrx_word' id='word_1_372' title='bbox 841 4620 857 4645; x_wconf 87' lang='lat'><strong>,</strong></span> <span class='ocrx_word' id='word_1_373' title='bbox 891 4578 959 4634; x_wconf 90' lang='lat' dir='ltr'><strong>de</strong></span> <span class='ocrx_word' id='word_1_374' title='bbox 986 4580 1239 4637; x_wconf 86' lang='lat' dir='ltr'><strong>universo</strong></span> <span class='ocrx_word' id='word_1_375' title='bbox 1268 4585 1399 4639; x_wconf 88' lang='lat' dir='ltr'><strong>orbe</strong></span> <span class='ocrx_word' id='word_1_376' title='bbox 1440 4588 1724 4641; x_wconf 90' lang='lat' dir='ltr'><strong>sollicitus.</strong></span> <span class='ocrx_word' id='word_1_377' title='bbox 1772 4589 1828 4644; x_wconf 90' lang='lat' dir='ltr'><strong>Si</strong></span> 
     </span>
    </p>
   </div>
   <div class='ocr_carea' id='block_1_49' title="bbox 221 4669 1828 4749">
    <p class='ocr_par' dir='ltr' id='par_1_49' title="bbox 221 4669 1828 4749">
     <span class='ocr_line' id='line_1_49' title="bbox 221 4669 1828 4749; baseline 0.008 -26"><span class='ocrx_word' id='word_1_378' title='bbox 221 4671 366 4723; x_wconf 89' lang='lat' dir='ltr'><strong>enim</strong></span> <span class='ocrx_word' id='word_1_379' title='bbox 411 4669 565 4725; x_wconf 87' lang='lat' dir='ltr'><strong>dives</strong></span> <span class='ocrx_word' id='word_1_380' title='bbox 606 4670 836 4739; x_wconf 90' lang='lat' dir='ltr'><strong>fuisset,</strong></span> <span class='ocrx_word' id='word_1_381' title='bbox 888 4681 943 4728; x_wconf 91' lang='lat' dir='ltr'><strong>et</strong></span> <span class='ocrx_word' id='word_1_382' title='bbox 967 4674 1151 4728; x_wconf 89' lang='lat' dir='ltr'><strong>multis</strong></span> <span class='ocrx_word' id='word_1_383' title='bbox 1172 4677 1413 4745; x_wconf 89' lang='lat' dir='ltr'><strong>pecuniis</strong></span> <span class='ocrx_word' id='word_1_384' title='bbox 1434 4679 1793 4735; x_wconf 86' lang='lat' dir='ltr'><strong>circumfusus</strong></span> <span class='ocrx_word' id='word_1_385' title='bbox 1813 4724 1828 4749; x_wconf 90' lang='lat'><strong>,</strong></span> 
     </span>
    </p>
   </div>
   <div class='ocr_carea' id='block_1_50' title="bbox 222 4760 1831 4841">
    <p class='ocr_par' dir='ltr' id='par_1_50' title="bbox 222 4760 1831 4841">
     <span class='ocr_line' id='line_1_50' title="bbox 222 4760 1831 4841; baseline 0.009 -27"><span class='ocrx_word' id='word_1_386' title='bbox 222 4762 430 4817; x_wconf 88' lang='lat' dir='ltr'><strong>diceret</strong></span> <span class='ocrx_word' id='word_1_387' title='bbox 468 4760 697 4817; x_wconf 74' lang='lat' dir='ltr'><strong>fortasse</strong></span> <span class='ocrx_word' id='word_1_388' title='bbox 738 4764 1005 4840; x_wconf 72' lang='lat' dir='ltr'><strong>quispiam</strong></span> <span class='ocrx_word' id='word_1_389' title='bbox 1026 4807 1043 4833; x_wconf 94' lang='lat'><strong>,</strong></span> <span class='ocrx_word' id='word_1_390' title='bbox 1075 4780 1199 4821; x_wconf 91' lang='lat' dir='ltr'><strong>eum</strong></span> <span class='ocrx_word' id='word_1_391' title='bbox 1228 4782 1335 4821; x_wconf 91' lang='lat' dir='ltr'><strong>non</strong></span> <span class='ocrx_word' id='word_1_392' title='bbox 1362 4767 1429 4823; x_wconf 90' lang='lat' dir='ltr'><strong>de</strong></span> <span class='ocrx_word' id='word_1_393' title='bbox 1459 4770 1702 4841; x_wconf 77' lang='lat' dir='ltr'><strong>reliquis,</strong></span> <span class='ocrx_word' id='word_1_394' title='bbox 1737 4773 1831 4828; x_wconf 87' lang='lat' dir='ltr'><strong>sed</strong></span> 
     </span>
    </p>
   </div>
   <div class='ocr_carea' id='block_1_51' title="bbox 223 4855 1831 4933">
    <p class='ocr_par' dir='ltr' id='par_1_51' title="bbox 223 4855 1831 4933">
     <span class='ocr_line' id='line_1_51' title="bbox 223 4855 1831 4933; baseline 0.009 -26"><span class='ocrx_word' id='word_1_395' title='bbox 223 4855 290 4908; x_wconf 88' lang='lat' dir='ltr'><strong>de</strong></span> <span class='ocrx_word' id='word_1_396' title='bbox 314 4856 494 4923; x_wconf 89' lang='lat' dir='ltr'><strong>seipso</strong></span> <span class='ocrx_word' id='word_1_397' title='bbox 516 4856 733 4927; x_wconf 81' lang='lat' dir='ltr'><strong>suisque</strong></span> <span class='ocrx_word' id='word_1_398' title='bbox 757 4859 919 4912; x_wconf 80' lang='lat' dir='ltr'><strong>rebus</strong></span> <span class='ocrx_word' id='word_1_399' title='bbox 939 4860 1157 4915; x_wconf 80' lang='lat' dir='ltr'><strong>anxium</strong></span> <span class='ocrx_word' id='word_1_400' title='bbox 1177 4861 1331 4915; x_wconf 77' lang='lat' dir='ltr'><strong>iStam</strong></span> <span class='ocrx_word' id='word_1_401' title='bbox 1359 4858 1831 4933; x_wconf 88' lang='lat' dir='ltr'><strong>interrOgationem</strong></span> 
     </span>
    </p>
   </div>
   <div class='ocr_carea' id='block_1_52' title="bbox 226 4948 1835 5024">
    <p class='ocr_par' dir='ltr' id='par_1_52' title="bbox 226 4948 1835 5024">
     <span class='ocr_line' id='line_1_52' title="bbox 226 4948 1835 5024; baseline 0.01 -26"><span class='ocrx_word' id='word_1_402' title='bbox 226 4948 517 5015; x_wconf 79' lang='lat' dir='ltr'><strong>protulisse</strong></span> <span class='ocrx_word' id='word_1_403' title='bbox 548 4965 559 4999; x_wconf 92' lang='lat'><strong>:</strong></span> <span class='ocrx_word' id='word_1_404' title='bbox 590 4964 733 5002; x_wconf 90' lang='lat' dir='ltr'><strong>nunc</strong></span> <span class='ocrx_word' id='word_1_405' title='bbox 761 4958 940 5004; x_wconf 88' lang='lat' dir='ltr'><strong>autem</strong></span> <span class='ocrx_word' id='word_1_406' title='bbox 985 4963 1275 5021; x_wconf 83' lang='lat' dir='ltr'><strong>paupertas</strong></span> <span class='ocrx_word' id='word_1_407' title='bbox 1317 4954 1491 5024; x_wconf 81' lang='lat' dir='ltr'><strong>ipsum</strong></span> <span class='ocrx_word' id='word_1_408' title='bbox 1533 4957 1727 5012; x_wconf 87' lang='lat' dir='ltr'><strong>liberat</strong></span> <span class='ocrx_word' id='word_1_409' title='bbox 1767 4960 1835 5015; x_wconf 88' lang='lat' dir='ltr'><strong>ab</strong></span> 
     </span>
    </p>
   </div>
   <div class='ocr_carea' id='block_1_53' title="bbox 227 5039 1836 5114">
    <p class='ocr_par' dir='ltr' id='par_1_53' title="bbox 227 5039 1836 5114">
     <span class='ocr_line' id='line_1_53' title="bbox 227 5039 1836 5114; baseline 0.008 -19"><span class='ocrx_word' id='word_1_410' title='bbox 227 5039 328 5095; x_wconf 87' lang='lat' dir='ltr'><strong>hac</strong></span> <span class='ocrx_word' id='word_1_411' title='bbox 360 5042 1073 5114; x_wconf 70' lang='lat' dir='ltr'><strong>suspicione,ostenditque</strong></span> <span class='ocrx_word' id='word_1_412' title='bbox 1112 5062 1235 5101; x_wconf 91' lang='lat' dir='ltr'><strong>eum</strong></span> <span class='ocrx_word' id='word_1_413' title='bbox 1279 5047 1346 5102; x_wconf 88' lang='lat' dir='ltr'><strong>de</strong></span> <span class='ocrx_word' id='word_1_414' title='bbox 1393 5049 1619 5105; x_wconf 89' lang='lat' dir='ltr'><strong>aliorum</strong></span> <span class='ocrx_word' id='word_1_415' title='bbox 1665 5053 1836 5109; x_wconf 83' lang='lat' dir='ltr'><strong>salute</strong></span> 
     </span>
    </p>
   </div>
   <div class='ocr_carea' id='block_1_54' title="bbox 227 5132 1837 5213">
    <p class='ocr_par' dir='ltr' id='par_1_54' title="bbox 227 5132 1837 5213">
     <span class='ocr_line' id='line_1_54' title="bbox 227 5132 1837 5213; baseline 0.009 -27"><span class='ocrx_word' id='word_1_416' title='bbox 227 5132 449 5186; x_wconf 71' lang='lat' dir='ltr'><strong>anxium</strong></span> <span class='ocrx_word' id='word_1_417' title='bbox 473 5173 487 5198; x_wconf 89' lang='lat'><strong>,</strong></span> <span class='ocrx_word' id='word_1_418' title='bbox 520 5134 949 5197; x_wconf 35' lang='lat' dir='ltr'><strong>sollicitudinem,</strong></span> <span class='ocrx_word' id='word_1_419' title='bbox 972 5137 1127 5190; x_wconf 87' lang='lat' dir='ltr'><strong>istam</strong></span> <span class='ocrx_word' id='word_1_420' title='bbox 1158 5149 1204 5194; x_wconf 90' lang='lat' dir='ltr'><strong>ct</strong></span> <span class='ocrx_word' id='word_1_421' title='bbox 1237 5155 1421 5195; x_wconf 83' lang='lat' dir='ltr'><strong>curam</strong></span> <span class='ocrx_word' id='word_1_422' title='bbox 1445 5142 1699 5213; x_wconf 86' lang='lat' dir='ltr'><strong>gessisse,</strong></span> <span class='ocrx_word' id='word_1_423' title='bbox 1731 5156 1781 5201; x_wconf 87' lang='lat' dir='ltr'><strong>et</strong></span> <span class='ocrx_word' id='word_1_424' title='bbox 1806 5162 1837 5201; x_wconf 88' lang='lat' dir='ltr'><strong>a</strong></span> 
     </span>
    </p>
   </div>
   <div class='ocr_carea' id='block_1_55' title="bbox 228 5224 1840 5305">
    <p class='ocr_par' dir='ltr' id='par_1_55' title="bbox 228 5224 1840 5305">
     <span class='ocr_line' id='line_1_55' title="bbox 228 5224 1840 5305; baseline 0.008 -27"><span class='ocrx_word' id='word_1_425' title='bbox 228 5224 489 5293; x_wconf 84' lang='lat' dir='ltr'><strong>magistro</strong></span> <span class='ocrx_word' id='word_1_426' title='bbox 505 5239 831 5295; x_wconf 85' lang='lat' dir='ltr'><strong>cognoscere</strong></span> <span class='ocrx_word' id='word_1_427' title='bbox 854 5228 993 5281; x_wconf 89' lang='lat' dir='ltr'><strong>viam</strong></span> <span class='ocrx_word' id='word_1_428' title='bbox 1014 5230 1201 5285; x_wconf 84' lang='lat' dir='ltr'><strong>salutis</strong></span> <span class='ocrx_word' id='word_1_429' title='bbox 1226 5232 1479 5287; x_wconf 83' lang='lat' dir='ltr'><strong>voluisse.</strong></span> <span class='ocrx_word' id='word_1_430' title='bbox 1502 5234 1840 5305; x_wconf 86' lang='lat' dir='ltr'><strong>Quapropter</strong></span> 
     </span>
    </p>
   </div>
   <div class='ocr_carea' id='block_1_56' title="bbox 229 5315 1840 5394">
    <p class='ocr_par' dir='ltr' id='par_1_56' title="bbox 229 5315 1840 5394">
     <span class='ocr_line' id='line_1_56' title="bbox 229 5315 1840 5394; baseline 0.008 -24"><span class='ocrx_word' id='word_1_431' title='bbox 229 5327 285 5370; x_wconf 89' lang='lat' dir='ltr'><strong>et</strong></span> <span class='ocrx_word' id='word_1_432' title='bbox 306 5315 552 5370; x_wconf 55' lang='lat' dir='ltr'><strong>Christus</strong></span> <span class='ocrx_word' id='word_1_433' title='bbox 579 5319 626 5370; x_wconf 88' lang='lat' dir='ltr'><strong>ei</strong></span> <span class='ocrx_word' id='word_1_434' title='bbox 655 5316 900 5372; x_wconf 78' lang='lat' dir='ltr'><strong>fiduciam</strong></span> <span class='ocrx_word' id='word_1_435' title='bbox 936 5320 1126 5375; x_wconf 86' lang='lat' dir='ltr'><strong>indens</strong></span> <span class='ocrx_word' id='word_1_436' title='bbox 1158 5323 1291 5377; x_wconf 80' lang='lat' dir='ltr'><strong>dixit</strong></span> <span class='ocrx_word' id='word_1_437' title='bbox 1316 5366 1329 5391; x_wconf 89' lang='lat'><strong>,</strong></span> <span class='ocrx_word' id='word_1_438' title='bbox 1364 5325 1491 5392; x_wconf 80' lang='lat' dir='ltr'><strong>Qua:</strong></span> <span class='ocrx_word' id='word_1_439' title='bbox 1512 5326 1652 5394; x_wconf 85' lang='lat' dir='ltr'><strong>apud</strong></span> <span class='ocrx_word' id='word_1_440' title='bbox 1678 5327 1840 5383; x_wconf 70' lang='lat' dir='ltr'><strong>[conti-</strong></span> 
     </span>
    </p>
   </div>
   <div class='ocr_carea' id='block_1_57' title="bbox 231 5407 1842 5483">
    <p class='ocr_par' dir='ltr' id='par_1_57' title="bbox 231 5407 1842 5483">
     <span class='ocr_line' id='line_1_57' title="bbox 231 5407 1842 5483; baseline 0.009 -24"><span class='ocrx_word' id='word_1_441' title='bbox 231 5423 319 5459; x_wconf 79' lang='lat' dir='ltr'><strong>nrs</strong></span> <span class='ocrx_word' id='word_1_442' title='bbox 360 5407 694 5475; x_wconf 80' lang='lat' dir='ltr'><strong>impossibilia</strong></span> <span class='ocrx_word' id='word_1_443' title='bbox 740 5420 855 5461; x_wconf 84' lang='lat' dir='ltr'><strong>sunt</strong></span> <span class='ocrx_word' id='word_1_444' title='bbox 881 5452 894 5471; x_wconf 94' lang='lat'><strong>,</strong></span> <span class='ocrx_word' id='word_1_445' title='bbox 943 5426 1001 5462; x_wconf 88' lang='lat' dir='ltr'><strong>ea</strong></span> <span class='ocrx_word' id='word_1_446' title='bbox 1047 5412 1187 5480; x_wconf 83' lang='lat' dir='ltr'><strong>apud</strong></span> <span class='ocrx_word' id='word_1_447' title='bbox 1228 5412 1391 5466; x_wconf 72' lang='lat' dir='ltr'><strong>Deum</strong></span> <span class='ocrx_word' id='word_1_448' title='bbox 1420 5416 1681 5483; x_wconf 79' lang='lat' dir='ltr'><strong>possibilia</strong></span> <span class='ocrx_word' id='word_1_449' title='bbox 1725 5429 1842 5473; x_wconf 85' lang='lat' dir='ltr'><strong>sunt</strong></span> 
     </span>
    </p>
   </div>
   <div class='ocr_carea' id='block_1_58' title="bbox 234 5498 1842 5575">
    <p class='ocr_par' dir='ltr' id='par_1_58' title="bbox 234 5498 1842 5575">
     <span class='ocr_line' id='line_1_58' title="bbox 234 5498 1842 5575; baseline 0.011 -25"><span class='ocrx_word' id='word_1_450' title='bbox 234 5498 357 5566; x_wconf 89' lang='lat' dir='ltr'><strong>(Ib.</strong></span> <span class='ocrx_word' id='word_1_451' title='bbox 396 5516 443 5553; x_wconf 80' lang='grc' dir='ltr'><strong>υ.</strong></span> <span class='ocrx_word' id='word_1_452' title='bbox 491 5499 620 5568; x_wconf 70' lang='lat'><strong>27).</strong></span> <span class='ocrx_word' id='word_1_453' title='bbox 681 5500 747 5554; x_wconf 75' lang='lat' dir='ltr'><strong>Et</strong></span> <span class='ocrx_word' id='word_1_454' title='bbox 795 5518 860 5556; x_wconf 87' lang='lat' dir='ltr'><strong>ne</strong></span> <span class='ocrx_word' id='word_1_455' title='bbox 921 5514 1116 5572; x_wconf 83' lang='lat' dir='ltr'><strong>putes,</strong></span> <span class='ocrx_word' id='word_1_456' title='bbox 1192 5507 1395 5575; x_wconf 78' lang='lat' dir='ltr'><strong>inquit,</strong></span> <span class='ocrx_word' id='word_1_457' title='bbox 1449 5525 1543 5563; x_wconf 81' lang='lat' dir='ltr'><strong>vos</strong></span> <span class='ocrx_word' id='word_1_458' title='bbox 1598 5510 1842 5568; x_wconf 87' lang='lat' dir='ltr'><strong>desertos</strong></span> 
     </span>
    </p>
   </div>
   <div class='ocr_carea' id='block_1_59' title="bbox 234 5591 1840 5662">
    <p class='ocr_par' dir='ltr' id='par_1_59' title="bbox 234 5591 1840 5662">
     <span class='ocr_line' id='line_1_59' title="bbox 234 5591 1840 5662; baseline 0.007 -18"><span class='ocrx_word' id='word_1_459' title='bbox 234 5591 462 5661; x_wconf 78' lang='lat' dir='ltr'><strong>relinqui</strong></span> <span class='ocrx_word' id='word_1_460' title='bbox 491 5634 504 5654; x_wconf 85' lang='lat'><strong>,</strong></span> <span class='ocrx_word' id='word_1_461' title='bbox 537 5606 637 5660; x_wconf 79' lang='lat' dir='ltr'><strong>ego</strong></span> <span class='ocrx_word' id='word_1_462' title='bbox 686 5593 737 5645; x_wconf 90' lang='lat' dir='ltr'><strong>in</strong></span> <span class='ocrx_word' id='word_1_463' title='bbox 786 5592 885 5647; x_wconf 76' lang='lat' dir='ltr'><strong>hoc</strong></span> <span class='ocrx_word' id='word_1_464' title='bbox 915 5596 1127 5662; x_wconf 79' lang='lat' dir='ltr'><strong>negotio</strong></span> <span class='ocrx_word' id='word_1_465' title='bbox 1157 5599 1318 5651; x_wconf 84' lang='lat' dir='ltr'><strong>etiam</strong></span> <span class='ocrx_word' id='word_1_466' title='bbox 1353 5615 1500 5654; x_wconf 88' lang='lat' dir='ltr'><strong>meas</strong></span> <span class='ocrx_word' id='word_1_467' title='bbox 1528 5616 1718 5655; x_wconf 86' lang='lat' dir='ltr'><strong>manus</strong></span> <span class='ocrx_word' id='word_1_468' title='bbox 1742 5603 1840 5657; x_wconf 87' lang='lat' dir='ltr'><strong>ad-</strong></span> 
     </span>
    </p>
   </div>
   <div class='ocr_carea' id='block_1_60' title="bbox 235 5683 1843 5757">
    <p class='ocr_par' dir='ltr' id='par_1_60' title="bbox 235 5683 1843 5757">
     <span class='ocr_line' id='line_1_60' title="bbox 235 5683 1843 5757; baseline 0.008 -22"><span class='ocrx_word' id='word_1_469' title='bbox 235 5683 466 5735; x_wconf 78' lang='lat' dir='ltr'><strong>movebo</strong></span> <span class='ocrx_word' id='word_1_470' title='bbox 492 5724 506 5747; x_wconf 85' lang='lat'><strong>,</strong></span> <span class='ocrx_word' id='word_1_471' title='bbox 538 5694 589 5735; x_wconf 86' lang='lat' dir='ltr'><strong>et</strong></span> <span class='ocrx_word' id='word_1_472' title='bbox 620 5683 783 5736; x_wconf 83' lang='lat' dir='ltr'><strong>ardua</strong></span> <span class='ocrx_word' id='word_1_473' title='bbox 814 5684 983 5739; x_wconf 72' lang='lat' dir='ltr'><strong>fat-ilia</strong></span> <span class='ocrx_word' id='word_1_474' title='bbox 1016 5699 1067 5739; x_wconf 87' lang='lat' dir='ltr'><strong>et</strong></span> <span class='ocrx_word' id='word_1_475' title='bbox 1096 5688 1342 5757; x_wconf 73' lang='lat' dir='ltr'><strong>expedita</strong></span> <span class='ocrx_word' id='word_1_476' title='bbox 1375 5689 1584 5744; x_wconf 74' lang='lat' dir='ltr'><strong>faciam.</strong></span> <span class='ocrx_word' id='word_1_477' title='bbox 1638 5693 1843 5747; x_wconf 75' lang='lat' dir='ltr'><strong>Rursus</strong></span> 
     </span>
    </p>
   </div>
   <div class='ocr_carea' id='block_1_61' title="bbox 237 5774 1837 5849">
    <p class='ocr_par' dir='ltr' id='par_1_61' title="bbox 237 5774 1837 5849">
     <span class='ocr_line' id='line_1_61' title="bbox 237 5774 1837 5849; baseline 0.008 -21"><span class='ocrx_word' id='word_1_478' title='bbox 237 5774 301 5828; x_wconf 71' lang='lat' dir='ltr'><strong>de</strong></span> <span class='ocrx_word' id='word_1_479' title='bbox 356 5774 698 5829; x_wconf 71' lang='lat' dir='ltr'><strong>n&#39;a&#39;iimnnio</strong></span> <span class='ocrx_word' id='word_1_480' title='bbox 741 5785 793 5829; x_wconf 87' lang='lat' dir='ltr'><strong>et</strong></span> <span class='ocrx_word' id='word_1_481' title='bbox 840 5793 1004 5831; x_wconf 73' lang='lat' dir='ltr'><strong>uxore</strong></span> <span class='ocrx_word' id='word_1_482' title='bbox 1055 5779 1359 5849; x_wconf 83' lang='lat' dir='ltr'><strong>disputante</strong></span> <span class='ocrx_word' id='word_1_483' title='bbox 1386 5781 1599 5837; x_wconf 79' lang='lat' dir='ltr'><strong>Christo</strong></span> <span class='ocrx_word' id='word_1_484' title='bbox 1643 5800 1704 5839; x_wconf 91' lang='lat' dir='ltr'><strong>ac</strong></span> <span class='ocrx_word' id='word_1_485' title='bbox 1752 5786 1837 5840; x_wconf 86' lang='lat' dir='ltr'><strong>di-</strong></span> 
     </span>
    </p>
   </div>
   <div class='ocr_carea' id='block_1_62' title="bbox 1935 464 3554 541">
    <p class='ocr_par' dir='ltr' id='par_1_62' title="bbox 1935 464 3554 541">
     <span class='ocr_line' id='line_1_62' title="bbox 1935 464 3554 541; baseline -0.002 -20"><span class='ocrx_word' id='word_1_486' title='bbox 1935 473 2104 523; x_wconf 79' lang='lat' dir='ltr'><strong>cente</strong></span> <span class='ocrx_word' id='word_1_487' title='bbox 2127 508 2143 534; x_wconf 91' lang='lat'><strong>,</strong></span> <span class='ocrx_word' id='word_1_488' title='bbox 2177 468 2241 524; x_wconf 84' lang='lat' dir='ltr'><strong>Si</strong></span> <span class='ocrx_word' id='word_1_489' title='bbox 2264 469 2378 540; x_wconf 82' lang='lat' dir='ltr'><strong>quis</strong></span> <span class='ocrx_word' id='word_1_490' title='bbox 2403 470 2687 541; x_wconf 83' lang='lat' dir='ltr'><strong>repudiarit</strong></span> <span class='ocrx_word' id='word_1_491' title='bbox 2714 485 2927 526; x_wconf 62' lang='lat' dir='ltr'><strong>umorem</strong></span> <span class='ocrx_word' id='word_1_492' title='bbox 2950 510 2965 535; x_wconf 88' lang='lat'><strong>,</strong></span> <span class='ocrx_word' id='word_1_493' title='bbox 3013 477 3224 539; x_wconf 62' lang='lat' dir='ltr'><strong>excepta</strong></span> <span class='ocrx_word' id='word_1_494' title='bbox 3255 464 3554 539; x_wconf 75' lang='lat' dir='ltr'><strong>fornicatio-</strong></span> 
     </span>
    </p>
   </div>
   <div class='ocr_carea' id='block_1_63' title="bbox 1941 556 3554 631">
    <p class='ocr_par' dir='ltr' id='par_1_63' title="bbox 1941 556 3554 631">
     <span class='ocr_line' id='line_1_63' title="bbox 1941 556 3554 631; baseline -0.001 -21"><span class='ocrx_word' id='word_1_495' title='bbox 1941 557 2022 611; x_wconf 80' lang='lat' dir='ltr'><strong>nis</strong></span> <span class='ocrx_word' id='word_1_496' title='bbox 2045 573 2220 623; x_wconf 87' lang='lat' dir='ltr'><strong>causa,</strong></span> <span class='ocrx_word' id='word_1_497' title='bbox 2246 560 2373 629; x_wconf 80' lang='lat' dir='ltr'><strong>facit</strong></span> <span class='ocrx_word' id='word_1_498' title='bbox 2393 578 2503 615; x_wconf 82' lang='lat' dir='ltr'><strong>eam</strong></span> <span class='ocrx_word' id='word_1_499' title='bbox 2535 561 2778 616; x_wconf 73' lang='lat' dir='ltr'><strong>uttecltari</strong></span> <span class='ocrx_word' id='word_1_500' title='bbox 2799 558 3088 631; x_wconf 55' lang='grc' dir='ltr'><strong>(Πρίαμε.</strong></span> <span class='ocrx_word' id='word_1_501' title='bbox 3104 556 3200 623; x_wconf 70' lang='grc'><strong>32)</strong></span> <span class='ocrx_word' id='word_1_502' title='bbox 3222 576 3243 613; x_wconf 84' lang='lat'><strong>.:</strong></span> <span class='ocrx_word' id='word_1_503' title='bbox 3266 565 3320 612; x_wconf 86' lang='lat' dir='ltr'><strong>et</strong></span> <span class='ocrx_word' id='word_1_504' title='bbox 3334 569 3554 610; x_wconf 69' lang='lat' dir='ltr'><strong>onmem</strong></span> 
     </span>
    </p>
   </div>
   <div class='ocr_carea' id='block_1_64' title="bbox 1942 648 3558 723">
    <p class='ocr_par' dir='ltr' id='par_1_64' title="bbox 1942 648 3558 723">
     <span class='ocr_line' id='line_1_64' title="bbox 1942 648 3558 723; baseline 0.001 -23"><span class='ocrx_word' id='word_1_505' title='bbox 1942 648 2202 703; x_wconf 88' lang='lat' dir='ltr'><strong>malitiam</strong></span> <span class='ocrx_word' id='word_1_506' title='bbox 2249 651 2433 705; x_wconf 77' lang='lat' dir='ltr'><strong>uxoris</strong></span> <span class='ocrx_word' id='word_1_507' title='bbox 2477 651 2756 709; x_wconf 87' lang='lat' dir='ltr'><strong>ferendam</strong></span> <span class='ocrx_word' id='word_1_508' title='bbox 2798 665 2921 723; x_wconf 87' lang='lat' dir='ltr'><strong>esse</strong></span> <span class='ocrx_word' id='word_1_509' title='bbox 2950 650 3313 715; x_wconf 88' lang='lat' dir='ltr'><strong>admonente,</strong></span> <span class='ocrx_word' id='word_1_510' title='bbox 3354 656 3558 719; x_wconf 62' lang='grc' dir='ltr'><strong>μετοια-</strong></span> 
     </span>
    </p>
   </div>
   <div class='ocr_carea' id='block_1_65' title="bbox 1940 739 3553 809">
    <p class='ocr_par' dir='ltr' id='par_1_65' title="bbox 1940 739 3553 809">
     <span class='ocr_line' id='line_1_65' title="bbox 1940 739 3553 809; baseline -0.002 -15"><span class='ocrx_word' id='word_1_511' title='bbox 1940 739 2145 795; x_wconf 82' lang='lat' dir='ltr'><strong>crimen</strong></span> <span class='ocrx_word' id='word_1_512' title='bbox 2172 740 2560 809; x_wconf 83' lang='lat' dir='ltr'><strong>fornicationis,</strong></span> <span class='ocrx_word' id='word_1_513' title='bbox 2597 745 2790 800; x_wconf 87' lang='lat' dir='ltr'><strong>Petrus</strong></span> <span class='ocrx_word' id='word_1_514' title='bbox 2814 744 2932 800; x_wconf 88' lang='lat' dir='ltr'><strong>aliis</strong></span> <span class='ocrx_word' id='word_1_515' title='bbox 2957 743 3208 798; x_wconf 87' lang='lat' dir='ltr'><strong>onmibus</strong></span> <span class='ocrx_word' id='word_1_516' title='bbox 3222 741 3553 807; x_wconf 83' lang='lat' dir='ltr'><strong>tacentibus,</strong></span> 
     </span>
    </p>
   </div>
   <div class='ocr_carea' id='block_1_66' title="bbox 1939 830 3558 905">
    <p class='ocr_par' dir='ltr' id='par_1_66' title="bbox 1939 830 3558 905">
     <span class='ocr_line' id='line_1_66' title="bbox 1939 830 3558 905; baseline 0.001 -20"><span class='ocrx_word' id='word_1_517' title='bbox 1939 832 2213 888; x_wconf 74' lang='lat' dir='ltr'><strong>Christum</strong></span> <span class='ocrx_word' id='word_1_518' title='bbox 2244 834 2573 905; x_wconf 69' lang='lat' dir='ltr'><strong>alloquitur:</strong></span> <span class='ocrx_word' id='word_1_519' title='bbox 2601 836 2663 892; x_wconf 87' lang='lat' dir='ltr'><strong>Si</strong></span> <span class='ocrx_word' id='word_1_520' title='bbox 2692 835 2974 891; x_wconf 81' lang='lat' dir='ltr'><strong>istiusmodi</strong></span> <span class='ocrx_word' id='word_1_521' title='bbox 2995 834 3219 889; x_wconf 78' lang='lat' dir='ltr'><strong>conditio</strong></span> <span class='ocrx_word' id='word_1_522' title='bbox 3241 843 3313 887; x_wconf 91' lang='lat' dir='ltr'><strong>est</strong></span> <span class='ocrx_word' id='word_1_523' title='bbox 3331 830 3558 887; x_wconf 74' lang='lat' dir='ltr'><strong>hominis</strong></span> 
     </span>
    </p>
   </div>
   <div class='ocr_carea' id='block_1_67' title="bbox 1927 920 3574 997">
    <p class='ocr_par' dir='ltr' id='par_1_67' title="bbox 1927 920 3574 997">
     <span class='ocr_line' id='line_1_67' title="bbox 1927 920 3574 997; baseline 0.002 -23"><span class='ocrx_word' id='word_1_524' title='bbox 1927 938 2245 990; x_wconf 58' lang='lat' dir='ltr'><strong>tantuxore,</strong></span> <span class='ocrx_word' id='word_1_525' title='bbox 2265 942 2368 981; x_wconf 82' lang='lat' dir='ltr'><strong>non</strong></span> <span class='ocrx_word' id='word_1_526' title='bbox 2385 926 2588 997; x_wconf 69' lang='lat' dir='ltr'><strong>expedit</strong></span> <span class='ocrx_word' id='word_1_527' title='bbox 2602 928 2985 982; x_wconf 82' lang='lat' dir='ltr'><strong>matrimonium</strong></span> <span class='ocrx_word' id='word_1_528' title='bbox 3014 925 3145 979; x_wconf 76' lang='lat' dir='ltr'><strong>inire</strong></span> <span class='ocrx_word' id='word_1_529' title='bbox 3172 922 3289 995; x_wconf 76' lang='lat' dir='ltr'><strong>(Id.</strong></span> <span class='ocrx_word' id='word_1_530' title='bbox 3321 922 3409 978; x_wconf 74' lang='lat' dir='ltr'><strong>l9.</strong></span> <span class='ocrx_word' id='word_1_531' title='bbox 3438 920 3574 994; x_wconf 73' lang='grc'><strong>10)..</strong></span> 
     </span>
    </p>
   </div>
   <div class='ocr_carea' id='block_1_68' title="bbox 2013 1014 3556 1098">
    <p class='ocr_par' dir='ltr' id='par_1_68' title="bbox 2013 1014 3556 1098">
     <span class='ocr_line' id='line_1_68' title="bbox 2013 1014 3556 1098; baseline 0.001 -28"><span class='ocrx_word' id='word_1_532' title='bbox 2013 1014 2199 1073; x_wconf 63' lang='lat' dir='ltr'><strong>Petrus</strong></span> <span class='ocrx_word' id='word_1_533' title='bbox 2222 1019 2286 1073; x_wconf 86' lang='lat' dir='ltr'><strong>de</strong></span> <span class='ocrx_word' id='word_1_534' title='bbox 2311 1020 2531 1075; x_wconf 81' lang='lat' dir='ltr'><strong>aliorum</strong></span> <span class='ocrx_word' id='word_1_535' title='bbox 2551 1023 2719 1075; x_wconf 75' lang='lat' dir='ltr'><strong>salute</strong></span> <span class='ocrx_word' id='word_1_536' title='bbox 2744 1021 3014 1077; x_wconf 86' lang='lat' dir='ltr'><strong>sollicitus.</strong></span> <span class='ocrx_word' id='word_1_537' title='bbox 3041 1018 3250 1090; x_wconf 65' lang='grc' dir='ltr'><em>Δερεμὶ</em></span> <span class='ocrx_word' id='word_1_538' title='bbox 3274 1027 3323 1073; x_wconf 84' lang='lat' dir='ltr'><strong>et</strong></span> <span class='ocrx_word' id='word_1_539' title='bbox 3342 1018 3556 1098; x_wconf 70' lang='lat' dir='ltr'><strong>expensi</strong></span> 
     </span>
    </p>
   </div>
   <div class='ocr_carea' id='block_1_69' title="bbox 1938 1105 3557 1182">
    <p class='ocr_par' dir='ltr' id='par_1_69' title="bbox 1938 1105 3557 1182">
     <span class='ocr_line' id='line_1_69' title="bbox 1938 1105 3557 1182; baseline 0.001 -22"><span class='ocrx_word' id='word_1_540' title='bbox 1938 1106 2070 1161; x_wconf 87' lang='lat' dir='ltr'><strong>ratio</strong></span> <span class='ocrx_word' id='word_1_541' title='bbox 2125 1105 2231 1163; x_wconf 87' lang='lat' dir='ltr'><strong>Deo</strong></span> <span class='ocrx_word' id='word_1_542' title='bbox 2270 1111 2552 1165; x_wconf 75' lang='lat' dir='ltr'><strong>reddenda.</strong></span> <span class='ocrx_word' id='word_1_543' title='bbox 2576 1142 2647 1152; x_wconf 98' lang='lat'><strong>—</strong></span> <span class='ocrx_word' id='word_1_544' title='bbox 2674 1112 2741 1167; x_wconf 82' lang='lat' dir='ltr'><strong>Et</strong></span> <span class='ocrx_word' id='word_1_545' title='bbox 2760 1111 2856 1166; x_wconf 86' lang='lat' dir='ltr'><strong>hic</strong></span> <span class='ocrx_word' id='word_1_546' title='bbox 2885 1125 3102 1182; x_wconf 89' lang='lat' dir='ltr'><strong>quoque</strong></span> <span class='ocrx_word' id='word_1_547' title='bbox 3131 1107 3254 1163; x_wconf 85' lang='lat' dir='ltr'><strong>vide</strong></span> <span class='ocrx_word' id='word_1_548' title='bbox 3280 1106 3557 1180; x_wconf 86' lang='lat' dir='ltr'><strong>quomodo</strong></span> 
     </span>
    </p>
   </div>
   <div class='ocr_carea' id='block_1_70' title="bbox 1938 1198 3558 1274">
    <p class='ocr_par' dir='ltr' id='par_1_70' title="bbox 1938 1198 3558 1274">
     <span class='ocr_line' id='line_1_70' title="bbox 1938 1198 3558 1274; baseline -0.001 -20"><span class='ocrx_word' id='word_1_549' title='bbox 1938 1198 2219 1257; x_wconf 82' lang='lat' dir='ltr'><strong>decentem</strong></span> <span class='ocrx_word' id='word_1_550' title='bbox 2245 1205 2504 1273; x_wconf 82' lang='lat' dir='ltr'><strong>magistro</strong></span> <span class='ocrx_word' id='word_1_551' title='bbox 2531 1206 2887 1260; x_wconf 82' lang='lat' dir='ltr'><strong>reverentiam</strong></span> <span class='ocrx_word' id='word_1_552' title='bbox 2916 1203 3295 1274; x_wconf 60' lang='lat' dir='ltr'><strong>conservavit,</strong></span> <span class='ocrx_word' id='word_1_553' title='bbox 3336 1208 3390 1256; x_wconf 90' lang='lat' dir='ltr'><strong>et</strong></span> <span class='ocrx_word' id='word_1_554' title='bbox 3429 1201 3558 1255; x_wconf 87' lang='lat' dir='ltr'><strong>reli-</strong></span> 
     </span>
    </p>
   </div>
   <div class='ocr_carea' id='block_1_71' title="bbox 1934 1291 3553 1369">
    <p class='ocr_par' dir='ltr' id='par_1_71' title="bbox 1934 1291 3553 1369">
     <span class='ocr_line' id='line_1_71' title="bbox 1934 1291 3553 1369; baseline -0.001 -24"><span class='ocrx_word' id='word_1_555' title='bbox 1934 1306 2166 1361; x_wconf 85' lang='lat' dir='ltr'><strong>quorum</strong></span> <span class='ocrx_word' id='word_1_556' title='bbox 2194 1293 2385 1349; x_wconf 87' lang='lat' dir='ltr'><strong>salutis</strong></span> <span class='ocrx_word' id='word_1_557' title='bbox 2409 1310 2592 1350; x_wconf 86' lang='lat' dir='ltr'><strong>curam</strong></span> <span class='ocrx_word' id='word_1_558' title='bbox 2615 1294 2780 1369; x_wconf 75' lang='lat' dir='ltr'><strong>gessit</strong></span> <span class='ocrx_word' id='word_1_559' title='bbox 2799 1335 2815 1361; x_wconf 89' lang='lat'><strong>,</strong></span> <span class='ocrx_word' id='word_1_560' title='bbox 2856 1309 2928 1349; x_wconf 90' lang='lat' dir='ltr'><strong>ne</strong></span> <span class='ocrx_word' id='word_1_561' title='bbox 2966 1294 3088 1349; x_wconf 88' lang='lat' dir='ltr'><strong>istic</strong></span> <span class='ocrx_word' id='word_1_562' title='bbox 3128 1292 3345 1363; x_wconf 85' lang='lat' dir='ltr'><strong>quidem</strong></span> <span class='ocrx_word' id='word_1_563' title='bbox 3377 1291 3445 1346; x_wconf 90' lang='lat' dir='ltr'><strong>de</strong></span> <span class='ocrx_word' id='word_1_564' title='bbox 3468 1307 3553 1344; x_wconf 87' lang='lat' dir='ltr'><strong>re-</strong></span> 
     </span>
    </p>
   </div>
   <div class='ocr_carea' id='block_1_72' title="bbox 1940 1382 3551 1453">
    <p class='ocr_par' dir='ltr' id='par_1_72' title="bbox 1940 1382 3551 1453">
     <span class='ocr_line' id='line_1_72' title="bbox 1940 1382 3551 1453; baseline -0.001 -16"><span class='ocrx_word' id='word_1_565' title='bbox 1940 1383 2041 1438; x_wconf 93' lang='lat' dir='ltr'><strong>bus</strong></span> <span class='ocrx_word' id='word_1_566' title='bbox 2066 1386 2178 1441; x_wconf 87' lang='lat' dir='ltr'><strong>suis</strong></span> <span class='ocrx_word' id='word_1_567' title='bbox 2205 1386 2489 1443; x_wconf 87' lang='lat' dir='ltr'><strong>sollicitus.</strong></span> <span class='ocrx_word' id='word_1_568' title='bbox 2516 1386 2593 1442; x_wconf 80' lang='lat' dir='ltr'><strong>Ne</strong></span> <span class='ocrx_word' id='word_1_569' title='bbox 2619 1399 2798 1442; x_wconf 80' lang='lat' dir='ltr'><strong>autem</strong></span> <span class='ocrx_word' id='word_1_570' title='bbox 2828 1386 2916 1441; x_wconf 90' lang='lat' dir='ltr'><strong>hic</strong></span> <span class='ocrx_word' id='word_1_571' title='bbox 2946 1383 3248 1441; x_wconf 87' lang='lat' dir='ltr'><strong>istiusmodi</strong></span> <span class='ocrx_word' id='word_1_572' title='bbox 3276 1382 3551 1453; x_wconf 78' lang='lat' dir='ltr'><strong>quidpiam</strong></span> 
     </span>
    </p>
   </div>
   <div class='ocr_carea' id='block_1_73' title="bbox 1936 1474 3550 1560">
    <p class='ocr_par' dir='ltr' id='par_1_73' title="bbox 1936 1474 3550 1560">
     <span class='ocr_line' id='line_1_73' title="bbox 1936 1474 3550 1560; baseline -0.001 -31"><span class='ocrx_word' id='word_1_573' title='bbox 1936 1475 2119 1543; x_wconf 80' lang='lat' dir='ltr'><strong>dicat,</strong></span> <span class='ocrx_word' id='word_1_574' title='bbox 2152 1479 2452 1546; x_wconf 86' lang='lat' dir='ltr'><strong>anticipans</strong></span> <span class='ocrx_word' id='word_1_575' title='bbox 2487 1495 2582 1550; x_wconf 86' lang='lat' dir='ltr'><strong>per</strong></span> <span class='ocrx_word' id='word_1_576' title='bbox 2613 1478 2961 1549; x_wconf 78' lang='lat' dir='ltr'><strong>parabolanL,</strong></span> <span class='ocrx_word' id='word_1_577' title='bbox 2999 1476 3116 1546; x_wconf 84' lang='lat' dir='ltr'><strong>ejus</strong></span> <span class='ocrx_word' id='word_1_578' title='bbox 3162 1474 3550 1560; x_wconf 51' lang='grc' dir='ltr'><strong>οοιιιιδθιιίιιιῑοέ</strong></span> 
     </span>
    </p>
   </div>
   <div class='ocr_carea' id='block_1_74' title="bbox 1940 1563 3553 1639">
    <p class='ocr_par' dir='ltr' id='par_1_74' title="bbox 1940 1563 3553 1639">
     <span class='ocr_line' id='line_1_74' title="bbox 1940 1563 3553 1639; baseline -0.004 -15"><span class='ocrx_word' id='word_1_579' title='bbox 1940 1583 2062 1624; x_wconf 87' lang='lat' dir='ltr'><strong>nem</strong></span> <span class='ocrx_word' id='word_1_580' title='bbox 2082 1570 2388 1626; x_wconf 75' lang='lat' dir='ltr'><strong>antevertit.</strong></span> <span class='ocrx_word' id='word_1_581' title='bbox 2418 1570 2530 1626; x_wconf 88' lang='lat' dir='ltr'><strong>llac</strong></span> <span class='ocrx_word' id='word_1_582' title='bbox 2567 1570 2634 1626; x_wconf 90' lang='lat' dir='ltr'><strong>de</strong></span> <span class='ocrx_word' id='word_1_583' title='bbox 2660 1585 2819 1625; x_wconf 80' lang='lat' dir='ltr'><strong>Causa</strong></span> <span class='ocrx_word' id='word_1_584' title='bbox 2842 1568 3172 1639; x_wconf 81' lang='lat' dir='ltr'><strong>evangelista</strong></span> <span class='ocrx_word' id='word_1_585' title='bbox 3203 1566 3376 1631; x_wconf 81' lang='lat' dir='ltr'><strong>dixit,</strong></span> <span class='ocrx_word' id='word_1_586' title='bbox 3425 1563 3553 1618; x_wconf 78' lang='lat' dir='ltr'><strong>Ideo</strong></span> 
     </span>
    </p>
   </div>
   <div class='ocr_carea' id='block_1_75' title="bbox 1935 1656 3554 1733">
    <p class='ocr_par' dir='ltr' id='par_1_75' title="bbox 1935 1656 3554 1733">
     <span class='ocr_line' id='line_1_75' title="bbox 1935 1656 3554 1733; baseline -0.003 -18"><span class='ocrx_word' id='word_1_587' title='bbox 1935 1659 2277 1716; x_wconf 82' lang='lat' dir='ltr'><strong>assimilatum</strong></span> <span class='ocrx_word' id='word_1_588' title='bbox 2301 1672 2374 1717; x_wconf 88' lang='lat' dir='ltr'><strong>est</strong></span> <span class='ocrx_word' id='word_1_589' title='bbox 2400 1679 2608 1733; x_wconf 73' lang='lat' dir='ltr'><strong>regnum</strong></span> <span class='ocrx_word' id='word_1_590' title='bbox 2636 1665 2881 1717; x_wconf 63' lang='lat' dir='ltr'><strong>calorum</strong></span> <span class='ocrx_word' id='word_1_591' title='bbox 2904 1660 3097 1715; x_wconf 80' lang='lat' dir='ltr'><strong>homini</strong></span> <span class='ocrx_word' id='word_1_592' title='bbox 3126 1658 3255 1730; x_wconf 84' lang='lat' dir='ltr'><strong>regi,</strong></span> <span class='ocrx_word' id='word_1_593' title='bbox 3286 1658 3374 1729; x_wconf 84' lang='lat' dir='ltr'><strong>qui</strong></span> <span class='ocrx_word' id='word_1_594' title='bbox 3399 1656 3554 1712; x_wconf 77' lang='lat' dir='ltr'><strong>voluit</strong></span> 
     </span>
    </p>
   </div>
   <div class='ocr_carea' id='block_1_76' title="bbox 1936 1749 3552 1825">
    <p class='ocr_par' dir='ltr' id='par_1_76' title="bbox 1936 1749 3552 1825">
     <span class='ocr_line' id='line_1_76' title="bbox 1936 1749 3552 1825; baseline -0.002 -18"><span class='ocrx_word' id='word_1_595' title='bbox 1936 1770 2123 1825; x_wconf 80' lang='lat' dir='ltr'><strong>ponere</strong></span> <span class='ocrx_word' id='word_1_596' title='bbox 2146 1758 2395 1809; x_wconf 84' lang='lat' dir='ltr'><strong>rationem</strong></span> <span class='ocrx_word' id='word_1_597' title='bbox 2423 1772 2548 1810; x_wconf 68' lang='lat' dir='ltr'><strong>eum</strong></span> <span class='ocrx_word' id='word_1_598' title='bbox 2586 1756 2741 1809; x_wconf 72' lang='lat' dir='ltr'><strong>semis</strong></span> <span class='ocrx_word' id='word_1_599' title='bbox 2764 1756 2869 1810; x_wconf 84' lang='lat' dir='ltr'><strong>suis</strong></span> <span class='ocrx_word' id='word_1_600' title='bbox 2895 1768 2915 1809; x_wconf 92' lang='lat'><strong>:</strong></span> <span class='ocrx_word' id='word_1_601' title='bbox 2946 1750 3275 1815; x_wconf 81' lang='lat' dir='ltr'><strong>ostcndcns,</strong></span> <span class='ocrx_word' id='word_1_602' title='bbox 3325 1765 3385 1805; x_wconf 85' lang='lat' dir='ltr'><strong>se</strong></span> <span class='ocrx_word' id='word_1_603' title='bbox 3430 1749 3552 1804; x_wconf 84' lang='lat' dir='ltr'><strong>ideo</strong></span> 
     </span>
    </p>
   </div>
   <div class='ocr_carea' id='block_1_77' title="bbox 1940 1842 3552 1918">
    <p class='ocr_par' dir='ltr' id='par_1_77' title="bbox 1940 1842 3552 1918">
     <span class='ocr_line' id='line_1_77' title="bbox 1940 1842 3552 1918; baseline -0.004 -17"><span class='ocrx_word' id='word_1_604' title='bbox 1940 1847 2249 1918; x_wconf 74' lang='lat' dir='ltr'><strong>parabolam</strong></span> <span class='ocrx_word' id='word_1_605' title='bbox 2274 1848 2416 1903; x_wconf 81' lang='lat' dir='ltr'><strong>hanc</strong></span> <span class='ocrx_word' id='word_1_606' title='bbox 2445 1849 2626 1904; x_wconf 88' lang='lat' dir='ltr'><strong>dicere</strong></span> <span class='ocrx_word' id='word_1_607' title='bbox 2646 1891 2661 1914; x_wconf 92' lang='lat'><strong>,</strong></span> <span class='ocrx_word' id='word_1_608' title='bbox 2708 1858 2765 1902; x_wconf 92' lang='lat' dir='ltr'><strong>ut</strong></span> <span class='ocrx_word' id='word_1_609' title='bbox 2790 1846 2969 1903; x_wconf 85' lang='lat' dir='ltr'><strong>discas</strong></span> <span class='ocrx_word' id='word_1_610' title='bbox 2994 1855 3082 1913; x_wconf 85' lang='lat' dir='ltr'><strong>te,</strong></span> <span class='ocrx_word' id='word_1_611' title='bbox 3114 1844 3216 1899; x_wconf 90' lang='lat' dir='ltr'><strong>etsi</strong></span> <span class='ocrx_word' id='word_1_612' title='bbox 3243 1842 3552 1913; x_wconf 86' lang='lat' dir='ltr'><strong>scptuagics</strong></span> 
     </span>
    </p>
   </div>
   <div class='ocr_carea' id='block_1_78' title="bbox 1936 1932 3552 2013">
    <p class='ocr_par' dir='ltr' id='par_1_78' title="bbox 1936 1932 3552 2013">
     <span class='ocr_line' id='line_1_78' title="bbox 1936 1932 3552 2013; baseline -0.004 -20"><span class='ocrx_word' id='word_1_613' title='bbox 1936 1940 2137 2010; x_wconf 82' lang='lat' dir='ltr'><strong>septies</strong></span> <span class='ocrx_word' id='word_1_614' title='bbox 2168 1940 2221 1995; x_wconf 93' lang='lat' dir='ltr'><strong>in</strong></span> <span class='ocrx_word' id='word_1_615' title='bbox 2246 1942 2335 1996; x_wconf 91' lang='lat' dir='ltr'><strong>die</strong></span> <span class='ocrx_word' id='word_1_616' title='bbox 2356 1939 2515 1996; x_wconf 77' lang='lat' dir='ltr'><strong>fratri</strong></span> <span class='ocrx_word' id='word_1_617' title='bbox 2546 1950 2764 2013; x_wconf 85' lang='lat' dir='ltr'><strong>peccata</strong></span> <span class='ocrx_word' id='word_1_618' title='bbox 2789 1937 3105 2004; x_wconf 80' lang='lat' dir='ltr'><strong>remiseris,</strong></span> <span class='ocrx_word' id='word_1_619' title='bbox 3140 1935 3271 1991; x_wconf 89' lang='lat' dir='ltr'><strong>nihil</strong></span> <span class='ocrx_word' id='word_1_620' title='bbox 3303 1932 3552 2005; x_wconf 78' lang='lat' dir='ltr'><strong>magnifi-</strong></span> 
     </span>
    </p>
   </div>
   <div class='ocr_carea' id='block_1_79' title="bbox 1936 2028 3553 2103">
    <p class='ocr_par' dir='ltr' id='par_1_79' title="bbox 1936 2028 3553 2103">
     <span class='ocr_line' id='line_1_79' title="bbox 1936 2028 3553 2103; baseline -0.005 -14"><span class='ocrx_word' id='word_1_621' title='bbox 1936 2049 2058 2089; x_wconf 89' lang='lat' dir='ltr'><strong>cum</strong></span> <span class='ocrx_word' id='word_1_622' title='bbox 2086 2034 2307 2103; x_wconf 73' lang='lat' dir='ltr'><strong>fecisse,</strong></span> <span class='ocrx_word' id='word_1_623' title='bbox 2355 2036 2450 2091; x_wconf 76' lang='lat' dir='ltr'><strong>sed</strong></span> <span class='ocrx_word' id='word_1_624' title='bbox 2482 2036 2709 2091; x_wconf 89' lang='lat' dir='ltr'><strong>multum</strong></span> <span class='ocrx_word' id='word_1_625' title='bbox 2751 2033 2928 2089; x_wconf 87' lang='lat' dir='ltr'><strong>adhuc</strong></span> <span class='ocrx_word' id='word_1_626' title='bbox 2953 2042 3009 2088; x_wconf 94' lang='lat' dir='ltr'><strong>et</strong></span> <span class='ocrx_word' id='word_1_627' title='bbox 3034 2032 3358 2086; x_wconf 82' lang='lat' dir='ltr'><strong>immensum</strong></span> <span class='ocrx_word' id='word_1_628' title='bbox 3388 2045 3417 2082; x_wconf 91' lang='lat' dir='ltr'><strong>a</strong></span> <span class='ocrx_word' id='word_1_629' title='bbox 3450 2028 3553 2082; x_wconf 83' lang='lat' dir='ltr'><strong>Do-</strong></span> 
     </span>
    </p>
   </div>
   <div class='ocr_carea' id='block_1_80' title="bbox 1938 2122 3553 2196">
    <p class='ocr_par' dir='ltr' id='par_1_80' title="bbox 1938 2122 3553 2196">
     <span class='ocr_line' id='line_1_80' title="bbox 1938 2122 3553 2196; baseline -0.002 -17"><span class='ocrx_word' id='word_1_630' title='bbox 1938 2127 2069 2180; x_wconf 90' lang='lat' dir='ltr'><strong>mini</strong></span> <span class='ocrx_word' id='word_1_631' title='bbox 2090 2128 2385 2183; x_wconf 81' lang='lat' dir='ltr'><strong>clementia</strong></span> <span class='ocrx_word' id='word_1_632' title='bbox 2411 2129 2627 2196; x_wconf 85' lang='lat' dir='ltr'><strong>abesse,</strong></span> <span class='ocrx_word' id='word_1_633' title='bbox 2660 2142 2723 2182; x_wconf 88' lang='lat' dir='ltr'><strong>ac</strong></span> <span class='ocrx_word' id='word_1_634' title='bbox 2744 2142 2852 2183; x_wconf 91' lang='lat' dir='ltr'><strong>non</strong></span> <span class='ocrx_word' id='word_1_635' title='bbox 2882 2132 3089 2181; x_wconf 84' lang='lat' dir='ltr'><strong>tantum</strong></span> <span class='ocrx_word' id='word_1_636' title='bbox 3117 2122 3360 2188; x_wconf 80' lang='lat' dir='ltr'><strong>dedisse,</strong></span> <span class='ocrx_word' id='word_1_637' title='bbox 3383 2135 3553 2192; x_wconf 81' lang='lat' dir='ltr'><strong>quan-</strong></span> 
     </span>
    </p>
   </div>
   <div class='ocr_carea' id='block_1_81' title="bbox 1933 2219 2373 2288">
    <p class='ocr_par' dir='ltr' id='par_1_81' title="bbox 1933 2219 2373 2288">
     <span class='ocr_line' id='line_1_81' title="bbox 1933 2219 2373 2288; baseline 0.007 -17"><span class='ocrx_word' id='word_1_638' title='bbox 1933 2225 2046 2271; x_wconf 72' lang='lat' dir='ltr'><strong>tum</strong></span> <span class='ocrx_word' id='word_1_639' title='bbox 2075 2219 2373 2288; x_wconf 55' lang='lat' dir='ltr'><strong>receperis;</strong></span> 
     </span>
    </p>
   </div>
   <div class='ocr_carea' id='block_1_82' title="bbox 2006 2301 3549 2380">
    <p class='ocr_par' dir='ltr' id='par_1_82' title="bbox 2006 2301 3549 2380">
     <span class='ocr_line' id='line_1_82' title="bbox 2006 2301 3549 2380; baseline -0.003 -18"><span class='ocrx_word' id='word_1_640' title='bbox 2006 2309 2061 2362; x_wconf 74' lang='grc'><strong>4.</strong></span> <span class='ocrx_word' id='word_1_641' title='bbox 2086 2308 2383 2363; x_wconf 80' lang='lat' dir='ltr'><strong>Audiamus</strong></span> <span class='ocrx_word' id='word_1_642' title='bbox 2403 2309 2570 2380; x_wconf 85' lang='lat' dir='ltr'><strong>igitur</strong></span> <span class='ocrx_word' id='word_1_643' title='bbox 2599 2307 2909 2380; x_wconf 85' lang='lat' dir='ltr'><strong>parabolam</strong></span> <span class='ocrx_word' id='word_1_644' title='bbox 2930 2348 2945 2372; x_wconf 88' lang='lat'><strong>,</strong></span> <span class='ocrx_word' id='word_1_645' title='bbox 2977 2320 3099 2375; x_wconf 73' lang='lat' dir='ltr'><strong>quae</strong></span> <span class='ocrx_word' id='word_1_646' title='bbox 3145 2302 3357 2358; x_wconf 86' lang='lat' dir='ltr'><strong>tametsi</strong></span> <span class='ocrx_word' id='word_1_647' title='bbox 3403 2301 3549 2357; x_wconf 91' lang='lat' dir='ltr'><strong>clara</strong></span> 
     </span>
    </p>
   </div>
   <div class='ocr_carea' id='block_1_83' title="bbox 1934 2391 3605 2467">
    <p class='ocr_par' dir='ltr' id='par_1_83' title="bbox 1934 2391 3605 2467">
     <span class='ocr_line' id='line_1_83' title="bbox 1934 2391 3605 2467; baseline -0.005 -14"><span class='ocrx_word' id='word_1_648' title='bbox 1934 2400 2197 2463; x_wconf 84' lang='lat' dir='ltr'><strong>videatur,</strong></span> <span class='ocrx_word' id='word_1_649' title='bbox 2214 2399 2381 2454; x_wconf 68' lang='lat' dir='ltr'><strong>habet</strong></span> <span class='ocrx_word' id='word_1_650' title='bbox 2406 2412 2583 2455; x_wconf 85' lang='lat' dir='ltr'><strong>tamen</strong></span> <span class='ocrx_word' id='word_1_651' title='bbox 2611 2398 2883 2455; x_wconf 90' lang='lat' dir='ltr'><strong>occultum</strong></span> <span class='ocrx_word' id='word_1_652' title='bbox 2910 2395 3195 2467; x_wconf 81' lang='lat' dir='ltr'><strong>quemdam</strong></span> <span class='ocrx_word' id='word_1_653' title='bbox 3224 2403 3279 2448; x_wconf 93' lang='lat' dir='ltr'><strong>et</strong></span> <span class='ocrx_word' id='word_1_654' title='bbox 3306 2391 3553 2448; x_wconf 85' lang='lat' dir='ltr'><strong>incl&#39;fabi-</strong></span> <span class='ocrx_word' id='word_1_655' title='bbox 3601 2438 3605 2443; x_wconf 89' lang='lat'><strong>.</strong></span> 
     </span>
    </p>
   </div>
   <div class='ocr_carea' id='block_1_84' title="bbox 1934 2486 3550 2553">
    <p class='ocr_par' dir='ltr' id='par_1_84' title="bbox 1934 2486 3550 2553">
     <span class='ocr_line' id='line_1_84' title="bbox 1934 2486 3550 2553; baseline -0.007 -7"><span class='ocrx_word' id='word_1_656' title='bbox 1934 2486 2037 2546; x_wconf 72' lang='lat' dir='ltr'><strong>lein</strong></span> <span class='ocrx_word' id='word_1_657' title='bbox 2066 2490 2455 2546; x_wconf 83' lang='lat' dir='ltr'><strong>sententiarum</strong></span> <span class='ocrx_word' id='word_1_658' title='bbox 2497 2490 2831 2545; x_wconf 87' lang='lat' dir='ltr'><strong>thesaurum.</strong></span> <span class='ocrx_word' id='word_1_659' title='bbox 2858 2486 3208 2542; x_wconf 80' lang='lat' dir='ltr'><strong>Assimilatum</strong></span> <span class='ocrx_word' id='word_1_660' title='bbox 3239 2493 3311 2538; x_wconf 86' lang='lat' dir='ltr'><strong>est</strong></span> <span class='ocrx_word' id='word_1_661' title='bbox 3338 2499 3550 2553; x_wconf 78' lang='lat' dir='ltr'><strong>regnum</strong></span> 
     </span>
    </p>
   </div>
   <div class='ocr_carea' id='block_1_85' title="bbox 1934 2579 3635 2654">
    <p class='ocr_par' dir='ltr' id='par_1_85' title="bbox 1934 2579 3635 2654">
     <span class='ocr_line' id='line_1_85' title="bbox 1934 2579 3635 2654; baseline -0.005 -18"><span class='ocrx_word' id='word_1_662' title='bbox 1934 2589 2181 2636; x_wconf 62' lang='lat' dir='ltr'><strong>castorum</strong></span> <span class='ocrx_word' id='word_1_663' title='bbox 2210 2582 2406 2637; x_wconf 77' lang='lat' dir='ltr'><strong>homini</strong></span> <span class='ocrx_word' id='word_1_664' title='bbox 2434 2582 2541 2654; x_wconf 69' lang='lat' dir='ltr'><strong>regi</strong></span> <span class='ocrx_word' id='word_1_665' title='bbox 2560 2623 2577 2649; x_wconf 91' lang='lat'><strong>,</strong></span> <span class='ocrx_word' id='word_1_666' title='bbox 2623 2581 2714 2652; x_wconf 73' lang='lat' dir='ltr'><strong>qui</strong></span> <span class='ocrx_word' id='word_1_667' title='bbox 2759 2581 2920 2635; x_wconf 75' lang='lat' dir='ltr'><strong>uoluit</strong></span> <span class='ocrx_word' id='word_1_668' title='bbox 2948 2579 3196 2636; x_wconf 84' lang='lat' dir='ltr'><strong>rationem</strong></span> <span class='ocrx_word' id='word_1_669' title='bbox 3224 2592 3410 2645; x_wconf 81' lang='lat' dir='ltr'><strong>ponere</strong></span> <span class='ocrx_word' id='word_1_670' title='bbox 3429 2590 3550 2628; x_wconf 79' lang='lat' dir='ltr'><strong>cum</strong></span> <span class='ocrx_word' id='word_1_671' title='bbox 3632 2628 3635 2633; x_wconf 88' lang='lat'><strong><em>_</em></strong></span> 
     </span>
    </p>
   </div>
   <div class='ocr_carea' id='block_1_86' title="bbox 1931 2666 3549 2743">
    <p class='ocr_par' dir='ltr' id='par_1_86' title="bbox 1931 2666 3549 2743">
     <span class='ocr_line' id='line_1_86' title="bbox 1931 2666 3549 2743; baseline -0.005 -14"><span class='ocrx_word' id='word_1_672' title='bbox 1931 2675 2086 2729; x_wconf 77' lang='lat' dir='ltr'><strong>servis</strong></span> <span class='ocrx_word' id='word_1_673' title='bbox 2111 2675 2235 2729; x_wconf 83' lang='lat' dir='ltr'><strong>suis.</strong></span> <span class='ocrx_word' id='word_1_674' title='bbox 2278 2672 2356 2729; x_wconf 84' lang='lat' dir='ltr'><strong>Ne</strong></span> <span class='ocrx_word' id='word_1_675' title='bbox 2380 2673 2513 2729; x_wconf 83' lang='lat' dir='ltr'><strong>mihi</strong></span> <span class='ocrx_word' id='word_1_676' title='bbox 2551 2682 2933 2743; x_wconf 66' lang='lat' dir='ltr'><strong>praetercurras</strong></span> <span class='ocrx_word' id='word_1_677' title='bbox 2958 2668 3278 2738; x_wconf 83' lang='lat' dir='ltr'><strong>simpliciter</strong></span> <span class='ocrx_word' id='word_1_678' title='bbox 3318 2666 3418 2721; x_wconf 88' lang='lat' dir='ltr'><strong>has</strong></span> <span class='ocrx_word' id='word_1_679' title='bbox 3454 2682 3549 2719; x_wconf 83' lang='lat' dir='ltr'><strong>vo-</strong></span> 
     </span>
    </p>
   </div>
   <div class='ocr_carea' id='block_1_87' title="bbox 1923 2758 3633 2849">
    <p class='ocr_par' dir='ltr' id='par_1_87' title="bbox 1923 2758 3633 2849">
     <span class='ocr_line' id='line_1_87' title="bbox 1923 2758 3633 2849; baseline -0.006 -28"><span class='ocrx_word' id='word_1_680' title='bbox 1923 2774 2042 2831; x_wconf 71' lang='lat' dir='ltr'><strong>ces,</strong></span> <span class='ocrx_word' id='word_1_681' title='bbox 2074 2765 2171 2821; x_wconf 88' lang='lat' dir='ltr'><strong>sed</strong></span> <span class='ocrx_word' id='word_1_682' title='bbox 2192 2765 2379 2821; x_wconf 82' lang='lat' dir='ltr'><strong>evolve</strong></span> <span class='ocrx_word' id='word_1_683' title='bbox 2408 2773 2464 2821; x_wconf 84' lang='lat' dir='ltr'><strong>et</strong></span> <span class='ocrx_word' id='word_1_684' title='bbox 2489 2765 2700 2834; x_wconf 79' lang='lat' dir='ltr'><strong>explica</strong></span> <span class='ocrx_word' id='word_1_685' title='bbox 2729 2771 2976 2818; x_wconf 89' lang='lat' dir='ltr'><strong>naturam</strong></span> <span class='ocrx_word' id='word_1_686' title='bbox 2997 2761 3115 2835; x_wconf 80' lang='lat' dir='ltr'><strong>ejus</strong></span> <span class='ocrx_word' id='word_1_687' title='bbox 3139 2758 3346 2833; x_wconf 75' lang='lat' dir='ltr'><strong>iudicii,</strong></span> <span class='ocrx_word' id='word_1_688' title='bbox 3374 2765 3551 2813; x_wconf 88' lang='lat' dir='ltr'><strong>tuam-</strong></span> <span class='ocrx_word' id='word_1_689' title='bbox 3630 2848 3633 2849; x_wconf 9' lang='grc' dir='ltr'><em>γ</em></span> 
     </span>
    </p>
   </div>
   <div class='ocr_carea' id='block_1_88' title="bbox 1931 2848 3549 2927">
    <p class='ocr_par' dir='ltr' id='par_1_88' title="bbox 1931 2848 3549 2927">
     <span class='ocr_line' id='line_1_88' title="bbox 1931 2848 3549 2927; baseline -0.002 -20"><span class='ocrx_word' id='word_1_690' title='bbox 1931 2872 2036 2927; x_wconf 87' lang='lat' dir='ltr'><strong>quc</strong></span> <span class='ocrx_word' id='word_1_691' title='bbox 2061 2858 2444 2912; x_wconf 87' lang='lat' dir='ltr'><strong>conscientiam</strong></span> <span class='ocrx_word' id='word_1_692' title='bbox 2487 2856 2797 2926; x_wconf 85' lang='lat' dir='ltr'><strong>ingressus,</strong></span> <span class='ocrx_word' id='word_1_693' title='bbox 2840 2862 3095 2924; x_wconf 89' lang='lat' dir='ltr'><strong>computa</strong></span> <span class='ocrx_word' id='word_1_694' title='bbox 3140 2848 3398 2923; x_wconf 87' lang='lat' dir='ltr'><strong>quidquid</strong></span> <span class='ocrx_word' id='word_1_695' title='bbox 3436 2866 3466 2904; x_wconf 91' lang='lat' dir='ltr'><strong>a</strong></span> <span class='ocrx_word' id='word_1_696' title='bbox 3496 2858 3549 2904; x_wconf 81' lang='lat' dir='ltr'><strong>to</strong></span> 
     </span>
    </p>
   </div>
   <div class='ocr_carea' id='block_1_89' title="bbox 1930 2941 3544 3017">
    <p class='ocr_par' dir='ltr' id='par_1_89' title="bbox 1930 2941 3544 3017">
     <span class='ocr_line' id='line_1_89' title="bbox 1930 2941 3544 3017; baseline -0.004 -17"><span class='ocrx_word' id='word_1_697' title='bbox 1930 2945 2131 3001; x_wconf 78' lang='lat' dir='ltr'><strong>factum</strong></span> <span class='ocrx_word' id='word_1_698' title='bbox 2162 2956 2246 3003; x_wconf 87' lang='lat' dir='ltr'><strong>est</strong></span> <span class='ocrx_word' id='word_1_699' title='bbox 2272 2963 2368 3017; x_wconf 83' lang='lat' dir='ltr'><strong>per</strong></span> <span class='ocrx_word' id='word_1_700' title='bbox 2401 2962 2617 3003; x_wconf 87' lang='lat' dir='ltr'><strong>omnem</strong></span> <span class='ocrx_word' id='word_1_701' title='bbox 2646 2946 2846 3015; x_wconf 86' lang='lat' dir='ltr'><strong>vitam,</strong></span> <span class='ocrx_word' id='word_1_702' title='bbox 2891 2953 2939 3001; x_wconf 89' lang='lat' dir='ltr'><strong>et</strong></span> <span class='ocrx_word' id='word_1_703' title='bbox 2966 2960 3087 3000; x_wconf 88' lang='lat' dir='ltr'><strong>cum</strong></span> <span class='ocrx_word' id='word_1_704' title='bbox 3114 2943 3349 2999; x_wconf 86' lang='lat' dir='ltr'><strong>audieris</strong></span> <span class='ocrx_word' id='word_1_705' title='bbox 3376 2941 3544 2996; x_wconf 88' lang='lat' dir='ltr'><strong>ratio-</strong></span> 
     </span>
    </p>
   </div>
   <div class='ocr_carea' id='block_1_90' title="bbox 1930 3033 3548 3106">
    <p class='ocr_par' dir='ltr' id='par_1_90' title="bbox 1930 3033 3548 3106">
     <span class='ocr_line' id='line_1_90' title="bbox 1930 3033 3548 3106; baseline -0.004 -13"><span class='ocrx_word' id='word_1_706' title='bbox 1930 3055 2054 3093; x_wconf 89' lang='lat' dir='ltr'><strong>nem</strong></span> <span class='ocrx_word' id='word_1_707' title='bbox 2083 3039 2361 3094; x_wconf 90' lang='lat' dir='ltr'><strong>dominum</strong></span> <span class='ocrx_word' id='word_1_708' title='bbox 2392 3040 2641 3095; x_wconf 82' lang='lat' dir='ltr'><strong>conferre</strong></span> <span class='ocrx_word' id='word_1_709' title='bbox 2667 3054 2789 3094; x_wconf 83' lang='lat' dir='ltr'><strong>cum</strong></span> <span class='ocrx_word' id='word_1_710' title='bbox 2815 3039 2987 3094; x_wconf 87' lang='lat' dir='ltr'><strong>servis</strong></span> <span class='ocrx_word' id='word_1_711' title='bbox 3012 3039 3147 3104; x_wconf 88' lang='lat' dir='ltr'><strong>suis,</strong></span> <span class='ocrx_word' id='word_1_712' title='bbox 3177 3036 3353 3106; x_wconf 76' lang='lat' dir='ltr'><strong>Cogita</strong></span> <span class='ocrx_word' id='word_1_713' title='bbox 3378 3036 3430 3089; x_wconf 91' lang='lat' dir='ltr'><strong>in</strong></span> <span class='ocrx_word' id='word_1_714' title='bbox 3460 3033 3548 3089; x_wconf 87' lang='lat' dir='ltr'><strong>his</strong></span> 
     </span>
    </p>
   </div>
   <div class='ocr_carea' id='block_1_91' title="bbox 1930 3125 3549 3201">
    <p class='ocr_par' dir='ltr' id='par_1_91' title="bbox 1930 3125 3549 3201">
     <span class='ocr_line' id='line_1_91' title="bbox 1930 3125 3549 3201; baseline -0.002 -19"><span class='ocrx_word' id='word_1_715' title='bbox 1930 3130 2110 3185; x_wconf 85' lang='lat' dir='ltr'><strong>verbis</strong></span> <span class='ocrx_word' id='word_1_716' title='bbox 2152 3145 2307 3201; x_wconf 87' lang='lat' dir='ltr'><strong>reges</strong></span> <span class='ocrx_word' id='word_1_717' title='bbox 2348 3138 2404 3183; x_wconf 90' lang='lat' dir='ltr'><strong>et</strong></span> <span class='ocrx_word' id='word_1_718' title='bbox 2432 3129 2637 3197; x_wconf 88' lang='lat' dir='ltr'><strong>duces,</strong></span> <span class='ocrx_word' id='word_1_719' title='bbox 2676 3138 2732 3184; x_wconf 92' lang='lat' dir='ltr'><strong>et</strong></span> <span class='ocrx_word' id='word_1_720' title='bbox 2775 3128 3031 3199; x_wconf 75' lang='lat' dir='ltr'><strong>pmzsides</strong></span> <span class='ocrx_word' id='word_1_721' title='bbox 3056 3167 3072 3193; x_wconf 91' lang='lat'><strong>,</strong></span> <span class='ocrx_word' id='word_1_722' title='bbox 3129 3137 3185 3181; x_wconf 89' lang='lat' dir='ltr'><strong>et</strong></span> <span class='ocrx_word' id='word_1_723' title='bbox 3220 3125 3449 3190; x_wconf 80' lang='lat' dir='ltr'><strong>divites,</strong></span> <span class='ocrx_word' id='word_1_724' title='bbox 3488 3131 3549 3178; x_wconf 78' lang='lat' dir='ltr'><strong>at</strong></span> 
     </span>
    </p>
   </div>
   <div class='ocr_carea' id='block_1_92' title="bbox 1927 3216 3547 3292">
    <p class='ocr_par' dir='ltr' id='par_1_92' title="bbox 1927 3216 3547 3292">
     <span class='ocr_line' id='line_1_92' title="bbox 1927 3216 3547 3292; baseline -0.002 -18"><span class='ocrx_word' id='word_1_725' title='bbox 1927 3237 2232 3292; x_wconf 85' lang='lat' dir='ltr'><strong>pauperes,</strong></span> <span class='ocrx_word' id='word_1_726' title='bbox 2264 3230 2320 3277; x_wconf 88' lang='lat' dir='ltr'><strong>et</strong></span> <span class='ocrx_word' id='word_1_727' title='bbox 2347 3236 2535 3277; x_wconf 88' lang='lat' dir='ltr'><strong>servos</strong></span> <span class='ocrx_word' id='word_1_728' title='bbox 2556 3262 2571 3288; x_wconf 91' lang='lat'><strong>,</strong></span> <span class='ocrx_word' id='word_1_729' title='bbox 2603 3228 2658 3275; x_wconf 89' lang='lat' dir='ltr'><strong>et</strong></span> <span class='ocrx_word' id='word_1_730' title='bbox 2689 3220 2922 3287; x_wconf 81' lang='lat' dir='ltr'><strong>liberos,</strong></span> <span class='ocrx_word' id='word_1_731' title='bbox 2967 3227 3021 3273; x_wconf 87' lang='lat' dir='ltr'><strong>et</strong></span> <span class='ocrx_word' id='word_1_732' title='bbox 3050 3217 3306 3291; x_wconf 81' lang='lat' dir='ltr'><strong>quidquid</strong></span> <span class='ocrx_word' id='word_1_733' title='bbox 3331 3226 3415 3271; x_wconf 86' lang='lat' dir='ltr'><strong>est</strong></span> <span class='ocrx_word' id='word_1_734' title='bbox 3446 3216 3547 3271; x_wconf 75' lang='lat' dir='ltr'><strong>ho-</strong></span> 
     </span>
    </p>
   </div>
   <div class='ocr_carea' id='block_1_93' title="bbox 1932 3311 3548 3385">
    <p class='ocr_par' dir='ltr' id='par_1_93' title="bbox 1932 3311 3548 3385">
     <span class='ocr_line' id='line_1_93' title="bbox 1932 3311 3548 3385; baseline -0.004 -16"><span class='ocrx_word' id='word_1_735' title='bbox 1932 3317 2138 3369; x_wconf 88' lang='lat' dir='ltr'><strong>tninum</strong></span> <span class='ocrx_word' id='word_1_736' title='bbox 2156 3354 2172 3380; x_wconf 90' lang='lat'><strong>,</strong></span> <span class='ocrx_word' id='word_1_737' title='bbox 2221 3314 2440 3385; x_wconf 78' lang='lat' dir='ltr'><strong>intelligi</strong></span> <span class='ocrx_word' id='word_1_738' title='bbox 2467 3333 2481 3369; x_wconf 86' lang='lat'><strong>:</strong></span> <span class='ocrx_word' id='word_1_739' title='bbox 2514 3312 2704 3368; x_wconf 84' lang='lat' dir='ltr'><strong>Omnes</strong></span> <span class='ocrx_word' id='word_1_740' title='bbox 2728 3314 2861 3367; x_wconf 88' lang='lat' dir='ltr'><strong>enim</strong></span> <span class='ocrx_word' id='word_1_741' title='bbox 2889 3329 2981 3367; x_wconf 85' lang='lat' dir='ltr'><strong>nos</strong></span> <span class='ocrx_word' id='word_1_742' title='bbox 3006 3311 3325 3381; x_wconf 78' lang='lat' dir='ltr'><strong>manifestari</strong></span> <span class='ocrx_word' id='word_1_743' title='bbox 3349 3318 3548 3379; x_wconf 84' lang='lat' dir='ltr'><strong>oportet</strong></span> 
     </span>
    </p>
   </div>
   <div class='ocr_carea' id='block_1_94' title="bbox 1928 3398 3545 3478">
    <p class='ocr_par' dir='ltr' id='par_1_94' title="bbox 1928 3398 3545 3478">
     <span class='ocr_line' id='line_1_94' title="bbox 1928 3398 3545 3478; baseline -0.001 -23"><span class='ocrx_word' id='word_1_744' title='bbox 1928 3414 2051 3456; x_wconf 84' lang='lat' dir='ltr'><strong>ante</strong></span> <span class='ocrx_word' id='word_1_745' title='bbox 2077 3402 2301 3457; x_wconf 78' lang='lat' dir='ltr'><strong>tribunal</strong></span> <span class='ocrx_word' id='word_1_746' title='bbox 2325 3404 2517 3458; x_wconf 85' lang='lat' dir='ltr'><strong>Christi</strong></span> <span class='ocrx_word' id='word_1_747' title='bbox 2544 3404 2631 3478; x_wconf 80' lang='lat'><strong>(2.</strong></span> <span class='ocrx_word' id='word_1_748' title='bbox 2656 3402 2777 3459; x_wconf 87' lang='lat' dir='ltr'><strong>Cor.</strong></span> <span class='ocrx_word' id='word_1_749' title='bbox 2808 3404 2863 3460; x_wconf 84' lang='lat'><strong>5.</strong></span> <span class='ocrx_word' id='word_1_750' title='bbox 2887 3404 3005 3476; x_wconf 80' lang='lat' dir='ltr'><strong>l0).</strong></span> <span class='ocrx_word' id='word_1_751' title='bbox 3031 3403 3184 3472; x_wconf 87' lang='lat' dir='ltr'><strong>Quod</strong></span> <span class='ocrx_word' id='word_1_752' title='bbox 3211 3404 3255 3457; x_wconf 87' lang='lat' dir='ltr'><strong>si</strong></span> <span class='ocrx_word' id='word_1_753' title='bbox 3276 3398 3433 3457; x_wconf 78' lang='lat' dir='ltr'><strong>dives</strong></span> <span class='ocrx_word' id='word_1_754' title='bbox 3448 3400 3545 3466; x_wconf 88' lang='lat' dir='ltr'><strong>sis,</strong></span> 
     </span>
    </p>
   </div>
   <div class='ocr_carea' id='block_1_95' title="bbox 1931 3494 3545 3565">
    <p class='ocr_par' dir='ltr' id='par_1_95' title="bbox 1931 3494 3545 3565">
     <span class='ocr_line' id='line_1_95' title="bbox 1931 3494 3545 3565; baseline -0.002 -17"><span class='ocrx_word' id='word_1_755' title='bbox 1931 3495 2104 3565; x_wconf 88' lang='lat' dir='ltr'><strong>cogita</strong></span> <span class='ocrx_word' id='word_1_756' title='bbox 2132 3494 2272 3565; x_wconf 90' lang='lat' dir='ltr'><strong>quod</strong></span> <span class='ocrx_word' id='word_1_757' title='bbox 2295 3497 2559 3550; x_wconf 88' lang='lat' dir='ltr'><strong>rationem</strong></span> <span class='ocrx_word' id='word_1_758' title='bbox 2587 3494 2741 3550; x_wconf 90' lang='lat' dir='ltr'><strong>dabis</strong></span> <span class='ocrx_word' id='word_1_759' title='bbox 2761 3536 2778 3561; x_wconf 90' lang='lat'><strong>,</strong></span> <span class='ocrx_word' id='word_1_760' title='bbox 2806 3506 2987 3549; x_wconf 87' lang='lat' dir='ltr'><strong>utrum</strong></span> <span class='ocrx_word' id='word_1_761' title='bbox 3022 3494 3077 3549; x_wconf 90' lang='lat' dir='ltr'><strong>in</strong></span> <span class='ocrx_word' id='word_1_762' title='bbox 3102 3494 3448 3557; x_wconf 88' lang='lat' dir='ltr'><strong>meretrices,</strong></span> <span class='ocrx_word' id='word_1_763' title='bbox 3477 3505 3545 3545; x_wconf 85' lang='lat' dir='ltr'><strong>an</strong></span> 
     </span>
    </p>
   </div>
   <div class='ocr_carea' id='block_1_96' title="bbox 1932 3585 3547 3659">
    <p class='ocr_par' dir='ltr' id='par_1_96' title="bbox 1932 3585 3547 3659">
     <span class='ocr_line' id='line_1_96' title="bbox 1932 3585 3547 3659; baseline -0.001 -18"><span class='ocrx_word' id='word_1_764' title='bbox 1932 3589 1986 3641; x_wconf 89' lang='lat' dir='ltr'><strong>in</strong></span> <span class='ocrx_word' id='word_1_765' title='bbox 2022 3604 2306 3658; x_wconf 86' lang='lat' dir='ltr'><strong>pauperes,</strong></span> <span class='ocrx_word' id='word_1_766' title='bbox 2342 3590 2593 3659; x_wconf 90' lang='lat' dir='ltr'><strong>pecunias</strong></span> <span class='ocrx_word' id='word_1_767' title='bbox 2623 3589 2978 3658; x_wconf 89' lang='lat' dir='ltr'><strong>insumpseris</strong></span> <span class='ocrx_word' id='word_1_768' title='bbox 3009 3606 3021 3641; x_wconf 88' lang='lat'><strong>:</strong></span> <span class='ocrx_word' id='word_1_769' title='bbox 3047 3596 3226 3643; x_wconf 90' lang='lat' dir='ltr'><strong>utrum</strong></span> <span class='ocrx_word' id='word_1_770' title='bbox 3258 3588 3309 3642; x_wconf 90' lang='lat' dir='ltr'><strong>in</strong></span> <span class='ocrx_word' id='word_1_771' title='bbox 3340 3585 3547 3656; x_wconf 89' lang='lat' dir='ltr'><strong>parasi-</strong></span> 
     </span>
    </p>
   </div>
   <div class='ocr_carea' id='block_1_97' title="bbox 1935 3676 3546 3750">
    <p class='ocr_par' dir='ltr' id='par_1_97' title="bbox 1935 3676 3546 3750">
     <span class='ocr_line' id='line_1_97' title="bbox 1935 3676 3546 3750; baseline -0.001 -19"><span class='ocrx_word' id='word_1_772' title='bbox 1935 3687 2018 3732; x_wconf 90' lang='lat' dir='ltr'><strong>tos</strong></span> <span class='ocrx_word' id='word_1_773' title='bbox 2043 3687 2097 3732; x_wconf 90' lang='lat' dir='ltr'><strong>ct</strong></span> <span class='ocrx_word' id='word_1_774' title='bbox 2120 3688 2488 3735; x_wconf 89' lang='lat' dir='ltr'><strong>assentatores</strong></span> <span class='ocrx_word' id='word_1_775' title='bbox 2509 3722 2524 3747; x_wconf 88' lang='lat'><strong>,</strong></span> <span class='ocrx_word' id='word_1_776' title='bbox 2572 3694 2640 3734; x_wconf 88' lang='lat' dir='ltr'><strong>an</strong></span> <span class='ocrx_word' id='word_1_777' title='bbox 2674 3678 2727 3734; x_wconf 91' lang='lat' dir='ltr'><strong>in</strong></span> <span class='ocrx_word' id='word_1_778' title='bbox 2758 3690 2979 3750; x_wconf 82' lang='lat' dir='ltr'><strong>egentes</strong></span> <span class='ocrx_word' id='word_1_779' title='bbox 3008 3697 3023 3733; x_wconf 90' lang='lat'><strong>:</strong></span> <span class='ocrx_word' id='word_1_780' title='bbox 3058 3687 3235 3733; x_wconf 86' lang='lat' dir='ltr'><strong>utrum</strong></span> <span class='ocrx_word' id='word_1_781' title='bbox 3269 3679 3319 3731; x_wconf 85' lang='lat' dir='ltr'><strong>in</strong></span> <span class='ocrx_word' id='word_1_782' title='bbox 3364 3676 3546 3733; x_wconf 85' lang='lat' dir='ltr'><strong>libidi-</strong></span> 
     </span>
    </p>
   </div>
   <div class='ocr_carea' id='block_1_98' title="bbox 1933 3763 3545 3837">
    <p class='ocr_par' dir='ltr' id='par_1_98' title="bbox 1933 3763 3545 3837">
     <span class='ocr_line' id='line_1_98' title="bbox 1933 3763 3545 3837; baseline -0.002 -14"><span class='ocrx_word' id='word_1_783' title='bbox 1933 3786 2057 3824; x_wconf 90' lang='lat' dir='ltr'><strong>nem</strong></span> <span class='ocrx_word' id='word_1_784' title='bbox 2081 3812 2094 3837; x_wconf 92' lang='lat'><strong>,</strong></span> <span class='ocrx_word' id='word_1_785' title='bbox 2126 3786 2194 3824; x_wconf 88' lang='lat' dir='ltr'><strong>an</strong></span> <span class='ocrx_word' id='word_1_786' title='bbox 2224 3771 2276 3826; x_wconf 92' lang='lat' dir='ltr'><strong>in</strong></span> <span class='ocrx_word' id='word_1_787' title='bbox 2308 3770 2699 3826; x_wconf 87' lang='lat' dir='ltr'><strong>humanitatem</strong></span> <span class='ocrx_word' id='word_1_788' title='bbox 2724 3788 2737 3825; x_wconf 90' lang='lat'><strong>:</strong></span> <span class='ocrx_word' id='word_1_789' title='bbox 2772 3780 2952 3825; x_wconf 92' lang='lat' dir='ltr'><strong>utrum</strong></span> <span class='ocrx_word' id='word_1_790' title='bbox 2982 3769 3037 3824; x_wconf 89' lang='lat' dir='ltr'><strong>in</strong></span> <span class='ocrx_word' id='word_1_791' title='bbox 3067 3763 3320 3830; x_wconf 83' lang='lat' dir='ltr'><strong>delicias,</strong></span> <span class='ocrx_word' id='word_1_792' title='bbox 3361 3766 3545 3837; x_wconf 85' lang='lat' dir='ltr'><strong>prodi-</strong></span> 
     </span>
    </p>
   </div>
   <div class='ocr_carea' id='block_1_99' title="bbox 1933 3858 3545 3930">
    <p class='ocr_par' dir='ltr' id='par_1_99' title="bbox 1933 3858 3545 3930">
     <span class='ocr_line' id='line_1_99' title="bbox 1933 3858 3545 3930; baseline -0.001 -17"><span class='ocrx_word' id='word_1_793' title='bbox 1933 3862 2207 3930; x_wconf 88' lang='lat' dir='ltr'><strong>galitatem</strong></span> <span class='ocrx_word' id='word_1_794' title='bbox 2229 3904 2245 3927; x_wconf 91' lang='lat'><strong>,</strong></span> <span class='ocrx_word' id='word_1_795' title='bbox 2278 3862 2595 3917; x_wconf 89' lang='lat' dir='ltr'><strong>ebrietatem</strong></span> <span class='ocrx_word' id='word_1_796' title='bbox 2617 3903 2633 3928; x_wconf 90' lang='lat'><strong>,</strong></span> <span class='ocrx_word' id='word_1_797' title='bbox 2672 3878 2741 3916; x_wconf 86' lang='lat' dir='ltr'><strong>an</strong></span> <span class='ocrx_word' id='word_1_798' title='bbox 2772 3862 2825 3916; x_wconf 88' lang='lat' dir='ltr'><strong>in</strong></span> <span class='ocrx_word' id='word_1_799' title='bbox 2856 3861 3178 3916; x_wconf 82' lang='lat' dir='ltr'><strong>alliictorum</strong></span> <span class='ocrx_word' id='word_1_800' title='bbox 3218 3858 3545 3915; x_wconf 89' lang='lat' dir='ltr'><strong>subsidium.</strong></span> 
     </span>
    </p>
   </div>
   <div class='ocr_carea' id='block_1_100' title="bbox 1933 3948 3549 4023">
    <p class='ocr_par' dir='ltr' id='par_1_100' title="bbox 1933 3948 3549 4023">
     <span class='ocr_line' id='line_1_100' title="bbox 1933 3948 3549 4023; baseline -0.001 -18"><span class='ocrx_word' id='word_1_801' title='bbox 1933 3952 2050 4005; x_wconf 86' lang='lat' dir='ltr'><strong>Non</strong></span> <span class='ocrx_word' id='word_1_802' title='bbox 2101 3953 2170 4006; x_wconf 88' lang='lat' dir='ltr'><strong>de</strong></span> <span class='ocrx_word' id='word_1_803' title='bbox 2208 3955 2460 4023; x_wconf 77' lang='lat' dir='ltr'><strong>expensis</strong></span> <span class='ocrx_word' id='word_1_804' title='bbox 2507 3952 2885 4017; x_wconf 89' lang='lat' dir='ltr'><strong>solummodo,</strong></span> <span class='ocrx_word' id='word_1_805' title='bbox 2926 3951 3023 4006; x_wconf 84' lang='lat' dir='ltr'><strong>sed</strong></span> <span class='ocrx_word' id='word_1_806' title='bbox 3070 3951 3138 4007; x_wconf 87' lang='lat' dir='ltr'><strong>de</strong></span> <span class='ocrx_word' id='word_1_807' title='bbox 3178 3948 3549 4022; x_wconf 86' lang='lat' dir='ltr'><strong>acquisitionis</strong></span> 
     </span>
    </p>
   </div>
   <div class='ocr_carea' id='block_1_101' title="bbox 1936 4040 3548 4113">
    <p class='ocr_par' dir='ltr' id='par_1_101' title="bbox 1936 4040 3548 4113">
     <span class='ocr_line' id='line_1_101' title="bbox 1936 4040 3548 4113; baseline -0.002 -16"><span class='ocrx_word' id='word_1_808' title='bbox 1936 4044 2098 4097; x_wconf 89' lang='lat' dir='ltr'><strong>modo</strong></span> <span class='ocrx_word' id='word_1_809' title='bbox 2124 4043 2388 4097; x_wconf 86' lang='lat' dir='ltr'><strong>rationem</strong></span> <span class='ocrx_word' id='word_1_810' title='bbox 2421 4042 2783 4113; x_wconf 88' lang='lat' dir='ltr'><strong>postulabcris</strong></span> <span class='ocrx_word' id='word_1_811' title='bbox 2813 4042 3035 4098; x_wconf 69' lang='lat' dir='ltr'><strong>:iutrum</strong></span> <span class='ocrx_word' id='word_1_812' title='bbox 3060 4042 3223 4111; x_wconf 86' lang='lat' dir='ltr'><strong>justis</strong></span> <span class='ocrx_word' id='word_1_813' title='bbox 3249 4040 3548 4107; x_wconf 84' lang='lat' dir='ltr'><strong>laboribus,</strong></span> 
     </span>
    </p>
   </div>
   <div class='ocr_carea' id='block_1_102' title="bbox 1935 4132 3551 4205">
    <p class='ocr_par' dir='ltr' id='par_1_102' title="bbox 1935 4132 3551 4205">
     <span class='ocr_line' id='line_1_102' title="bbox 1935 4132 3551 4205; baseline 0.001 -19"><span class='ocrx_word' id='word_1_814' title='bbox 1935 4149 2002 4186; x_wconf 92' lang='lat' dir='ltr'><strong>an</strong></span> <span class='ocrx_word' id='word_1_815' title='bbox 2038 4135 2237 4204; x_wconf 76' lang='lat' dir='ltr'><strong>rapinis</strong></span> <span class='ocrx_word' id='word_1_816' title='bbox 2262 4143 2316 4187; x_wconf 92' lang='lat' dir='ltr'><strong>et</strong></span> <span class='ocrx_word' id='word_1_817' title='bbox 2346 4135 2571 4189; x_wconf 85' lang='lat' dir='ltr'><strong>avaritia</strong></span> <span class='ocrx_word' id='word_1_818' title='bbox 2595 4134 2875 4205; x_wconf 84' lang='lat' dir='ltr'><strong>pecuniam</strong></span> <span class='ocrx_word' id='word_1_819' title='bbox 2920 4133 3205 4204; x_wconf 82' lang='lat' dir='ltr'><strong>collegeris</strong></span> <span class='ocrx_word' id='word_1_820' title='bbox 3231 4150 3245 4185; x_wconf 89' lang='lat'><strong>:</strong></span> <span class='ocrx_word' id='word_1_821' title='bbox 3273 4142 3450 4186; x_wconf 89' lang='lat' dir='ltr'><strong>utrum</strong></span> <span class='ocrx_word' id='word_1_822' title='bbox 3478 4132 3551 4187; x_wconf 90' lang='lat' dir='ltr'><strong>sit</strong></span> 
     </span>
    </p>
   </div>
   <div class='ocr_carea' id='block_1_103' title="bbox 1936 4221 3549 4295">
    <p class='ocr_par' dir='ltr' id='par_1_103' title="bbox 1936 4221 3549 4295">
     <span class='ocr_line' id='line_1_103' title="bbox 1936 4221 3549 4295; baseline -0.001 -16"><span class='ocrx_word' id='word_1_823' title='bbox 1936 4226 2243 4295; x_wconf 80' lang='lat' dir='ltr'><strong>patrimonii</strong></span> <span class='ocrx_word' id='word_1_824' title='bbox 2270 4225 2563 4291; x_wconf 87' lang='lat' dir='ltr'><strong>hereditas,</strong></span> <span class='ocrx_word' id='word_1_825' title='bbox 2590 4240 2656 4280; x_wconf 91' lang='lat' dir='ltr'><strong>an</strong></span> <span class='ocrx_word' id='word_1_826' title='bbox 2684 4226 2734 4279; x_wconf 89' lang='lat' dir='ltr'><strong>id</strong></span> <span class='ocrx_word' id='word_1_827' title='bbox 2762 4234 3007 4280; x_wconf 89' lang='lat' dir='ltr'><strong>coactum</strong></span> <span class='ocrx_word' id='word_1_828' title='bbox 3030 4224 3102 4279; x_wconf 87' lang='lat' dir='ltr'><strong>sit</strong></span> <span class='ocrx_word' id='word_1_829' title='bbox 3126 4238 3193 4279; x_wconf 80' lang='lat' dir='ltr'><strong>ex</strong></span> <span class='ocrx_word' id='word_1_830' title='bbox 3225 4221 3549 4293; x_wconf 88' lang='lat' dir='ltr'><strong>pupillorum</strong></span> 
     </span>
    </p>
   </div>
   <div class='ocr_carea' id='block_1_104' title="bbox 1936 4311 3554 4386">
    <p class='ocr_par' dir='ltr' id='par_1_104' title="bbox 1936 4311 3554 4386">
     <span class='ocr_line' id='line_1_104' title="bbox 1936 4311 3554 4386; baseline -0.003 -14"><span class='ocrx_word' id='word_1_831' title='bbox 1936 4318 2142 4373; x_wconf 85' lang='lat' dir='ltr'><strong>eversis</strong></span> <span class='ocrx_word' id='word_1_832' title='bbox 2177 4317 2448 4382; x_wconf 90' lang='lat' dir='ltr'><strong>domibus,</strong></span> <span class='ocrx_word' id='word_1_833' title='bbox 2475 4328 2529 4372; x_wconf 90' lang='lat' dir='ltr'><strong>et</strong></span> <span class='ocrx_word' id='word_1_834' title='bbox 2570 4315 2981 4386; x_wconf 86' lang='lat' dir='ltr'><strong>spoliationibus</strong></span> <span class='ocrx_word' id='word_1_835' title='bbox 3018 4314 3322 4370; x_wconf 88' lang='lat' dir='ltr'><strong>viduarum.</strong></span> <span class='ocrx_word' id='word_1_836' title='bbox 3350 4311 3554 4379; x_wconf 70' lang='lat' dir='ltr'><strong>Quem.</strong></span> 
     </span>
    </p>
   </div>
   <div class='ocr_carea' id='block_1_105' title="bbox 1936 4407 3550 4466">
    <p class='ocr_par' dir='ltr' id='par_1_105' title="bbox 1936 4407 3550 4466">
     <span class='ocr_line' id='line_1_105' title="bbox 1936 4407 3550 4466; baseline -0.004 0"><span class='ocrx_word' id='word_1_837' title='bbox 1936 4410 2227 4466; x_wconf 77' lang='lat' dir='ltr'><strong>admodum</strong></span> <span class='ocrx_word' id='word_1_838' title='bbox 2271 4425 2372 4465; x_wconf 87' lang='lat' dir='ltr'><strong>nos</strong></span> <span class='ocrx_word' id='word_1_839' title='bbox 2405 4425 2512 4464; x_wconf 87' lang='lat' dir='ltr'><strong>non</strong></span> <span class='ocrx_word' id='word_1_840' title='bbox 2563 4411 2738 4464; x_wconf 87' lang='lat' dir='ltr'><strong>solum</strong></span> <span class='ocrx_word' id='word_1_841' title='bbox 2779 4424 2811 4463; x_wconf 89' lang='lat' dir='ltr'><strong>a</strong></span> <span class='ocrx_word' id='word_1_842' title='bbox 2856 4409 3028 4464; x_wconf 86' lang='lat' dir='ltr'><strong>servis</strong></span> <span class='ocrx_word' id='word_1_843' title='bbox 3058 4408 3257 4463; x_wconf 88' lang='lat' dir='ltr'><strong>nostris</strong></span> <span class='ocrx_word' id='word_1_844' title='bbox 3285 4407 3550 4461; x_wconf 87' lang='lat' dir='ltr'><strong>rationem</strong></span> 
     </span>
    </p>
   </div>
   <div class='ocr_carea' id='block_1_106' title="bbox 1938 4500 3551 4571">
    <p class='ocr_par' dir='ltr' id='par_1_106' title="bbox 1938 4500 3551 4571">
     <span class='ocr_line' id='line_1_106' title="bbox 1938 4500 3551 4571; baseline -0.003 -15"><span class='ocrx_word' id='word_1_845' title='bbox 1938 4502 2092 4556; x_wconf 78' lang='lat' dir='ltr'><strong>elatae</strong></span> <span class='ocrx_word' id='word_1_846' title='bbox 2124 4500 2364 4570; x_wconf 69' lang='lat' dir='ltr'><strong>pecunia:</strong></span> <span class='ocrx_word' id='word_1_847' title='bbox 2386 4542 2401 4567; x_wconf 91' lang='lat'><strong>,</strong></span> <span class='ocrx_word' id='word_1_848' title='bbox 2445 4500 2540 4556; x_wconf 87' lang='lat' dir='ltr'><strong>sed</strong></span> <span class='ocrx_word' id='word_1_849' title='bbox 2570 4501 2733 4556; x_wconf 87' lang='lat' dir='ltr'><strong>etiam</strong></span> <span class='ocrx_word' id='word_1_850' title='bbox 2766 4500 2932 4555; x_wconf 73' lang='lat' dir='ltr'><strong>illata:</strong></span> <span class='ocrx_word' id='word_1_851' title='bbox 2964 4501 3342 4571; x_wconf 83' lang='lat' dir='ltr'><strong>exposcimus,</strong></span> <span class='ocrx_word' id='word_1_852' title='bbox 3384 4512 3551 4552; x_wconf 76' lang='lat' dir='ltr'><strong>excu-</strong></span> 
     </span>
    </p>
   </div>
   <div class='ocr_carea' id='block_1_107' title="bbox 1939 4590 3553 4665">
    <p class='ocr_par' dir='ltr' id='par_1_107' title="bbox 1939 4590 3553 4665">
     <span class='ocr_line' id='line_1_107' title="bbox 1939 4590 3553 4665; baseline -0.002 -16"><span class='ocrx_word' id='word_1_853' title='bbox 1939 4597 2135 4651; x_wconf 74' lang='lat' dir='ltr'><strong>tientes</strong></span> <span class='ocrx_word' id='word_1_854' title='bbox 2182 4594 2323 4650; x_wconf 90' lang='lat' dir='ltr'><strong>unde</strong></span> <span class='ocrx_word' id='word_1_855' title='bbox 2364 4593 2651 4665; x_wconf 78' lang='lat' dir='ltr'><strong>pecunias,</strong></span> <span class='ocrx_word' id='word_1_856' title='bbox 2706 4610 2733 4648; x_wconf 88' lang='lat' dir='ltr'><strong>a</strong></span> <span class='ocrx_word' id='word_1_857' title='bbox 2774 4594 3007 4664; x_wconf 85' lang='lat' dir='ltr'><strong>quibus,</strong></span> <span class='ocrx_word' id='word_1_858' title='bbox 3057 4602 3111 4648; x_wconf 90' lang='lat' dir='ltr'><strong>et</strong></span> <span class='ocrx_word' id='word_1_859' title='bbox 3149 4590 3455 4663; x_wconf 88' lang='lat' dir='ltr'><strong>quomodo,</strong></span> <span class='ocrx_word' id='word_1_860' title='bbox 3498 4597 3553 4645; x_wconf 88' lang='lat' dir='ltr'><strong>et</strong></span> 
     </span>
    </p>
   </div>
   <div class='ocr_carea' id='block_1_108' title="bbox 1939 4684 3549 4765">
    <p class='ocr_par' dir='ltr' id='par_1_108' title="bbox 1939 4684 3549 4765">
     <span class='ocr_line' id='line_1_108' title="bbox 1939 4684 3549 4765; baseline -0.001 -25"><span class='ocrx_word' id='word_1_861' title='bbox 1939 4698 2164 4759; x_wconf 87' lang='lat' dir='ltr'><strong>quantas</strong></span> <span class='ocrx_word' id='word_1_862' title='bbox 2194 4688 2501 4758; x_wconf 88' lang='lat' dir='ltr'><strong>acceperint</strong></span> <span class='ocrx_word' id='word_1_863' title='bbox 2530 4706 2543 4742; x_wconf 93' lang='lat'><strong>:</strong></span> <span class='ocrx_word' id='word_1_864' title='bbox 2579 4688 2650 4742; x_wconf 89' lang='lat' dir='ltr'><strong>ita</strong></span> <span class='ocrx_word' id='word_1_865' title='bbox 2692 4697 2747 4743; x_wconf 92' lang='lat' dir='ltr'><strong>et</strong></span> <span class='ocrx_word' id='word_1_866' title='bbox 2774 4687 2916 4742; x_wconf 82' lang='lat' dir='ltr'><strong>Deus</strong></span> <span class='ocrx_word' id='word_1_867' title='bbox 2946 4702 3051 4741; x_wconf 91' lang='lat' dir='ltr'><strong>non</strong></span> <span class='ocrx_word' id='word_1_868' title='bbox 3083 4686 3257 4741; x_wconf 91' lang='lat' dir='ltr'><strong>solum</strong></span> <span class='ocrx_word' id='word_1_869' title='bbox 3288 4684 3549 4765; x_wconf 75' lang='lat' dir='ltr'><strong>expensi,</strong></span> 
     </span>
    </p>
   </div>
   <div class='ocr_carea' id='block_1_109' title="bbox 1939 4774 3552 4849">
    <p class='ocr_par' dir='ltr' id='par_1_109' title="bbox 1939 4774 3552 4849">
     <span class='ocr_line' id='line_1_109' title="bbox 1939 4774 3552 4849; baseline -0.002 -15"><span class='ocrx_word' id='word_1_870' title='bbox 1939 4781 2034 4835; x_wconf 91' lang='lat' dir='ltr'><strong>sed</strong></span> <span class='ocrx_word' id='word_1_871' title='bbox 2065 4781 2224 4834; x_wconf 89' lang='lat' dir='ltr'><strong>etiam</strong></span> <span class='ocrx_word' id='word_1_872' title='bbox 2257 4780 2461 4849; x_wconf 86' lang='lat' dir='ltr'><strong>accepti</strong></span> <span class='ocrx_word' id='word_1_873' title='bbox 2512 4788 2566 4834; x_wconf 90' lang='lat' dir='ltr'><strong>et</strong></span> <span class='ocrx_word' id='word_1_874' title='bbox 2605 4779 2850 4847; x_wconf 88' lang='lat' dir='ltr'><strong>acquisiti</strong></span> <span class='ocrx_word' id='word_1_875' title='bbox 2895 4779 3129 4833; x_wconf 89' lang='lat' dir='ltr'><strong>rationes</strong></span> <span class='ocrx_word' id='word_1_876' title='bbox 3152 4778 3405 4848; x_wconf 88' lang='lat' dir='ltr'><strong>postulat.</strong></span> <span class='ocrx_word' id='word_1_877' title='bbox 3434 4774 3552 4831; x_wconf 82' lang='lat' dir='ltr'><strong>NOII</strong></span> 
     </span>
    </p>
   </div>
   <div class='ocr_carea' id='block_1_110' title="bbox 1941 4869 3557 4942">
    <p class='ocr_par' dir='ltr' id='par_1_110' title="bbox 1941 4869 3557 4942">
     <span class='ocr_line' id='line_1_110' title="bbox 1941 4869 3557 4942; baseline -0.002 -15"><span class='ocrx_word' id='word_1_878' title='bbox 1941 4874 2114 4927; x_wconf 85' lang='lat' dir='ltr'><strong>solum</strong></span> <span class='ocrx_word' id='word_1_879' title='bbox 2145 4888 2270 4926; x_wconf 88' lang='lat' dir='ltr'><strong>vero</strong></span> <span class='ocrx_word' id='word_1_880' title='bbox 2299 4872 2484 4939; x_wconf 89' lang='lat' dir='ltr'><strong>dives,</strong></span> <span class='ocrx_word' id='word_1_881' title='bbox 2529 4872 2623 4926; x_wconf 87' lang='lat' dir='ltr'><strong>sed</strong></span> <span class='ocrx_word' id='word_1_882' title='bbox 2654 4882 2706 4926; x_wconf 86' lang='lat' dir='ltr'><strong>et</strong></span> <span class='ocrx_word' id='word_1_883' title='bbox 2751 4886 2954 4942; x_wconf 88' lang='lat' dir='ltr'><strong>pauper</strong></span> <span class='ocrx_word' id='word_1_884' title='bbox 2987 4871 3225 4927; x_wconf 84' lang='lat' dir='ltr'><strong>rationes</strong></span> <span class='ocrx_word' id='word_1_885' title='bbox 3264 4870 3348 4925; x_wconf 85' lang='lat' dir='ltr'><strong>vel</strong></span> <span class='ocrx_word' id='word_1_886' title='bbox 3388 4869 3557 4940; x_wconf 83' lang='lat' dir='ltr'><strong>ipsius</strong></span> 
     </span>
    </p>
   </div>
   <div class='ocr_carea' id='block_1_111' title="bbox 1943 4963 3555 5036">
    <p class='ocr_par' dir='ltr' id='par_1_111' title="bbox 1943 4963 3555 5036">
     <span class='ocr_line' id='line_1_111' title="bbox 1943 4963 3555 5036; baseline -0.002 -18"><span class='ocrx_word' id='word_1_887' title='bbox 1943 4965 2273 5036; x_wconf 86' lang='lat' dir='ltr'><strong>paupertatis</strong></span> <span class='ocrx_word' id='word_1_888' title='bbox 2315 4965 2459 5019; x_wconf 87' lang='lat' dir='ltr'><strong>subit</strong></span> <span class='ocrx_word' id='word_1_889' title='bbox 2492 4983 2504 5019; x_wconf 93' lang='lat'><strong>:</strong></span> <span class='ocrx_word' id='word_1_890' title='bbox 2536 4979 2603 5019; x_wconf 91' lang='lat' dir='ltr'><strong>an</strong></span> <span class='ocrx_word' id='word_1_891' title='bbox 2631 4979 2897 5035; x_wconf 89' lang='lat' dir='ltr'><strong>generoso</strong></span> <span class='ocrx_word' id='word_1_892' title='bbox 2928 4972 2983 5019; x_wconf 91' lang='lat' dir='ltr'><strong>et</strong></span> <span class='ocrx_word' id='word_1_893' title='bbox 3006 4972 3158 5035; x_wconf 84' lang='lat' dir='ltr'><strong>grato</strong></span> <span class='ocrx_word' id='word_1_894' title='bbox 3199 4963 3380 5018; x_wconf 91' lang='lat' dir='ltr'><strong>animo</strong></span> <span class='ocrx_word' id='word_1_895' title='bbox 3418 4977 3555 5033; x_wconf 85' lang='lat' dir='ltr'><strong>pau-</strong></span> 
     </span>
    </p>
   </div>
   <div class='ocr_carea' id='block_1_112' title="bbox 1946 5054 3557 5127">
    <p class='ocr_par' dir='ltr' id='par_1_112' title="bbox 1946 5054 3557 5127">
     <span class='ocr_line' id='line_1_112' title="bbox 1946 5054 3557 5127; baseline 0.001 -21"><span class='ocrx_word' id='word_1_896' title='bbox 1946 5066 2209 5127; x_wconf 80' lang='lat' dir='ltr'><strong>pertatem</strong></span> <span class='ocrx_word' id='word_1_897' title='bbox 2233 5058 2413 5111; x_wconf 82' lang='lat' dir='ltr'><strong>tulerit</strong></span> <span class='ocrx_word' id='word_1_898' title='bbox 2438 5098 2453 5123; x_wconf 92' lang='lat'><strong>,</strong></span> <span class='ocrx_word' id='word_1_899' title='bbox 2489 5074 2556 5110; x_wconf 89' lang='lat' dir='ltr'><strong>an</strong></span> <span class='ocrx_word' id='word_1_900' title='bbox 2603 5073 2707 5111; x_wconf 88' lang='lat' dir='ltr'><strong>non</strong></span> <span class='ocrx_word' id='word_1_901' title='bbox 2740 5072 2883 5125; x_wconf 62' lang='grc' dir='ltr'><strong>εδει-ε</strong></span> <span class='ocrx_word' id='word_1_902' title='bbox 2916 5056 3130 5119; x_wconf 88' lang='lat' dir='ltr'><strong>tulerit,</strong></span> <span class='ocrx_word' id='word_1_903' title='bbox 3176 5070 3243 5108; x_wconf 88' lang='lat' dir='ltr'><strong>an</strong></span> <span class='ocrx_word' id='word_1_904' title='bbox 3274 5069 3380 5109; x_wconf 90' lang='lat' dir='ltr'><strong>non</strong></span> <span class='ocrx_word' id='word_1_905' title='bbox 3414 5054 3557 5108; x_wconf 88' lang='lat' dir='ltr'><strong>indi-</strong></span> 
     </span>
    </p>
   </div>
   <div class='ocr_carea' id='block_1_113' title="bbox 1945 5148 3559 5223">
    <p class='ocr_par' dir='ltr' id='par_1_113' title="bbox 1945 5148 3559 5223">
     <span class='ocr_line' id='line_1_113' title="bbox 1945 5148 3559 5223; baseline -0.003 -17"><span class='ocrx_word' id='word_1_906' title='bbox 1945 5161 2139 5223; x_wconf 85' lang='lat' dir='ltr'><strong>gnatus</strong></span> <span class='ocrx_word' id='word_1_907' title='bbox 2170 5152 2360 5218; x_wconf 86' lang='lat' dir='ltr'><strong>fuerit,</strong></span> <span class='ocrx_word' id='word_1_908' title='bbox 2392 5167 2458 5206; x_wconf 91' lang='lat' dir='ltr'><strong>an</strong></span> <span class='ocrx_word' id='word_1_909' title='bbox 2503 5167 2608 5206; x_wconf 92' lang='lat' dir='ltr'><strong>non</strong></span> <span class='ocrx_word' id='word_1_910' title='bbox 2638 5150 2960 5205; x_wconf 83' lang='lat' dir='ltr'><strong>incusaverit</strong></span> <span class='ocrx_word' id='word_1_911' title='bbox 2993 5149 3082 5203; x_wconf 86' lang='lat' dir='ltr'><strong>Dei</strong></span> <span class='ocrx_word' id='word_1_912' title='bbox 3122 5148 3559 5219; x_wconf 88' lang='lat' dir='ltr'><strong>providentiam,</strong></span> 
     </span>
    </p>
   </div>
   <div class='ocr_carea' id='block_1_114' title="bbox 1948 5240 3559 5313">
    <p class='ocr_par' dir='ltr' id='par_1_114' title="bbox 1948 5240 3559 5313">
     <span class='ocr_line' id='line_1_114' title="bbox 1948 5240 3559 5313; baseline -0.005 -12"><span class='ocrx_word' id='word_1_913' title='bbox 1948 5262 2067 5301; x_wconf 87' lang='lat' dir='ltr'><strong>cum</strong></span> <span class='ocrx_word' id='word_1_914' title='bbox 2096 5246 2305 5300; x_wconf 85' lang='lat' dir='ltr'><strong>videret</strong></span> <span class='ocrx_word' id='word_1_915' title='bbox 2352 5246 2515 5299; x_wconf 90' lang='lat' dir='ltr'><strong>alium</strong></span> <span class='ocrx_word' id='word_1_916' title='bbox 2558 5244 2611 5297; x_wconf 91' lang='lat' dir='ltr'><strong>in</strong></span> <span class='ocrx_word' id='word_1_917' title='bbox 2656 5242 3019 5313; x_wconf 68' lang='lat' dir='ltr'><strong>voluptatibus</strong></span> <span class='ocrx_word' id='word_1_918' title='bbox 3065 5240 3408 5297; x_wconf 83' lang='lat' dir='ltr'><strong>deliciantem</strong></span> <span class='ocrx_word' id='word_1_919' title='bbox 3436 5282 3451 5304; x_wconf 95' lang='lat'><strong>,</strong></span> <span class='ocrx_word' id='word_1_920' title='bbox 3500 5255 3559 5294; x_wconf 87' lang='lat' dir='ltr'><strong>se</strong></span> 
     </span>
    </p>
   </div>
   <div class='ocr_carea' id='block_1_115' title="bbox 1949 5334 3589 5408">
    <p class='ocr_par' dir='ltr' id='par_1_115' title="bbox 1949 5334 3589 5408">
     <span class='ocr_line' id='line_1_115' title="bbox 1949 5334 3589 5408; baseline -0.004 -15"><span class='ocrx_word' id='word_1_921' title='bbox 1949 5342 2169 5394; x_wconf 70' lang='lat' dir='ltr'><strong>antem‘</strong></span> <span class='ocrx_word' id='word_1_922' title='bbox 2215 5341 2265 5393; x_wconf 83' lang='lat' dir='ltr'><strong>in</strong></span> <span class='ocrx_word' id='word_1_923' title='bbox 2316 5348 2554 5408; x_wconf 83' lang='lat' dir='ltr'><strong>egestate</strong></span> <span class='ocrx_word' id='word_1_924' title='bbox 2589 5339 2817 5394; x_wconf 84' lang='lat' dir='ltr'><strong>versari.</strong></span> <span class='ocrx_word' id='word_1_925' title='bbox 2852 5337 2921 5393; x_wconf 91' lang='lat' dir='ltr'><strong>Ut</strong></span> <span class='ocrx_word' id='word_1_926' title='bbox 2946 5337 3088 5392; x_wconf 90' lang='lat' dir='ltr'><strong>cnim</strong></span> <span class='ocrx_word' id='word_1_927' title='bbox 3128 5351 3157 5388; x_wconf 89' lang='lat' dir='ltr'><strong>a</strong></span> <span class='ocrx_word' id='word_1_928' title='bbox 3204 5335 3369 5389; x_wconf 85' lang='lat' dir='ltr'><strong>divite</strong></span> <span class='ocrx_word' id='word_1_929' title='bbox 3417 5334 3589 5389; x_wconf 36' lang='lat' dir='ltr'><strong>elect</strong></span> 
     </span>
    </p>
   </div>
   <div class='ocr_carea' id='block_1_116' title="bbox 1952 5427 3555 5503">
    <p class='ocr_par' dir='ltr' id='par_1_116' title="bbox 1952 5427 3555 5503">
     <span class='ocr_line' id='line_1_116' title="bbox 1952 5427 3555 5503; baseline -0.004 -18"><span class='ocrx_word' id='word_1_930' title='bbox 1952 5447 2212 5503; x_wconf 68' lang='lat' dir='ltr'><strong>mosynte,</strong></span> <span class='ocrx_word' id='word_1_931' title='bbox 2247 5432 2316 5484; x_wconf 87' lang='lat' dir='ltr'><strong>ita</strong></span> <span class='ocrx_word' id='word_1_932' title='bbox 2354 5448 2381 5483; x_wconf 88' lang='lat' dir='ltr'><strong>a</strong></span> <span class='ocrx_word' id='word_1_933' title='bbox 2420 5446 2656 5501; x_wconf 85' lang='lat' dir='ltr'><strong>paupere</strong></span> <span class='ocrx_word' id='word_1_934' title='bbox 2706 5430 3008 5485; x_wconf 72' lang='lat' dir='ltr'><strong>tolerantia)</strong></span> <span class='ocrx_word' id='word_1_935' title='bbox 3053 5428 3344 5497; x_wconf 89' lang='lat' dir='ltr'><strong>requiritur</strong></span> <span class='ocrx_word' id='word_1_936' title='bbox 3376 5427 3555 5480; x_wconf 87' lang='lat' dir='ltr'><strong>ratio:</strong></span> 
     </span>
    </p>
   </div>
   <div class='ocr_carea' id='block_1_117' title="bbox 1952 5518 3563 5590">
    <p class='ocr_par' dir='ltr' id='par_1_117' title="bbox 1952 5518 3563 5590">
     <span class='ocr_line' id='line_1_117' title="bbox 1952 5518 3563 5590; baseline -0.005 -12"><span class='ocrx_word' id='word_1_937' title='bbox 1952 5525 2059 5578; x_wconf 73' lang='lat' dir='ltr'><strong>iuno</strong></span> <span class='ocrx_word' id='word_1_938' title='bbox 2091 5540 2194 5576; x_wconf 87' lang='lat' dir='ltr'><strong>non</strong></span> <span class='ocrx_word' id='word_1_939' title='bbox 2224 5524 2393 5577; x_wconf 91' lang='lat' dir='ltr'><strong>solum</strong></span> <span class='ocrx_word' id='word_1_940' title='bbox 2426 5523 2722 5577; x_wconf 75' lang='lat' dir='ltr'><strong>tolerantia:</strong></span> <span class='ocrx_word' id='word_1_941' title='bbox 2746 5563 2761 5589; x_wconf 94' lang='lat'><strong>,</strong></span> <span class='ocrx_word' id='word_1_942' title='bbox 2790 5522 2883 5577; x_wconf 90' lang='lat' dir='ltr'><strong>sed</strong></span> <span class='ocrx_word' id='word_1_943' title='bbox 2911 5522 3070 5577; x_wconf 88' lang='lat' dir='ltr'><strong>etiam</strong></span> <span class='ocrx_word' id='word_1_944' title='bbox 3120 5521 3286 5590; x_wconf 87' lang='lat' dir='ltr'><strong>Ipsius</strong></span> <span class='ocrx_word' id='word_1_945' title='bbox 3327 5518 3563 5572; x_wconf 85' lang='lat' dir='ltr'><strong>eleemo-</strong></span> 
     </span>
    </p>
   </div>
   <div class='ocr_carea' id='block_1_118' title="bbox 1953 5613 3559 5687">
    <p class='ocr_par' dir='ltr' id='par_1_118' title="bbox 1953 5613 3559 5687">
     <span class='ocr_line' id='line_1_118' title="bbox 1953 5613 3559 5687; baseline -0.006 -16"><span class='ocrx_word' id='word_1_946' title='bbox 1953 5633 2101 5687; x_wconf 58' lang='lat' dir='ltr'><strong>synt‘e</strong></span> <span class='ocrx_word' id='word_1_947' title='bbox 2133 5639 2142 5667; x_wconf 88' lang='lat'><strong>:</strong></span> <span class='ocrx_word' id='word_1_948' title='bbox 2181 5634 2283 5671; x_wconf 85' lang='lat' dir='ltr'><strong>non</strong></span> <span class='ocrx_word' id='word_1_949' title='bbox 2314 5618 2457 5671; x_wconf 85' lang='lat' dir='ltr'><strong>enim</strong></span> <span class='ocrx_word' id='word_1_950' title='bbox 2485 5616 2645 5671; x_wconf 86' lang='lat' dir='ltr'><strong>habet</strong></span> <span class='ocrx_word' id='word_1_951' title='bbox 2674 5616 3114 5686; x_wconf 75' lang='lat' dir='ltr'><strong>impedimentum</strong></span> <span class='ocrx_word' id='word_1_952' title='bbox 3158 5616 3223 5666; x_wconf 86' lang='lat' dir='ltr'><strong>ad</strong></span> <span class='ocrx_word' id='word_1_953' title='bbox 3256 5613 3559 5680; x_wconf 82' lang='lat' dir='ltr'><strong>elccmosy-</strong></span> 
     </span>
    </p>
   </div>
   <div class='ocr_carea' id='block_1_119' title="bbox 2019 5729 3562 5796">
    <p class='ocr_par' dir='ltr' id='par_1_119' title="bbox 2019 5729 3562 5796">
     <span class='ocr_line' id='line_1_119' title="bbox 2019 5729 3562 5796; baseline -0.003 -17"><span class='ocrx_word' id='word_1_954' title='bbox 2019 5736 2033 5763; x_wconf 82' lang='grc' dir='ltr'>ι</span> <span class='ocrx_word' id='word_1_955' title='bbox 2076 5741 2215 5796; x_wconf 54' lang='lat' dir='ltr'><strong>Heg,</strong></span> <span class='ocrx_word' id='word_1_956' title='bbox 2236 5731 2544 5783; x_wconf 72' lang='lat' dir='ltr'><strong>deliriantrm</strong></span> <span class='ocrx_word' id='word_1_957' title='bbox 2577 5745 2663 5781; x_wconf 84' lang='lat' dir='ltr'><strong>nec</strong></span> <span class='ocrx_word' id='word_1_958' title='bbox 2696 5739 2853 5782; x_wconf 75' lang='lat' dir='ltr'><strong>tamen</strong></span> <span class='ocrx_word' id='word_1_959' title='bbox 2898 5732 3088 5782; x_wconf 75' lang='lat' dir='ltr'><strong>divitias</strong></span> <span class='ocrx_word' id='word_1_960' title='bbox 3112 5729 3488 5788; x_wconf 74' lang='lat' dir='ltr'><strong>inmtimtentmt,</strong></span> <span class='ocrx_word' id='word_1_961' title='bbox 3512 5745 3562 5783; x_wconf 65' lang='lat' dir='ltr'><strong>se</strong></span> 
     </span>
    </p>
   </div>
   <div class='ocr_carea' id='block_1_120' title="bbox 1956 5801 2129 5845">
    <p class='ocr_par' dir='ltr' id='par_1_120' title="bbox 1956 5801 2129 5845">
     <span class='ocr_line' id='line_1_120' title="bbox 1956 5801 2129 5845; baseline 0.006 -1"><span class='ocrx_word' id='word_1_962' title='bbox 1956 5801 2036 5844; x_wconf 83' lang='lat' dir='ltr'><strong>aut</strong></span> <span class='ocrx_word' id='word_1_963' title='bbox 2039 5809 2129 5845; x_wconf 76' lang='lat' dir='ltr'><strong>rm.</strong></span> 
     </span>
    </p>
   </div>
  </div>
