  <div class='ocr_page' id='page_1' title='image "/cluster/home/n/w/nwhite01/storage/ocr_20150623/51/ien.35556001660786/029.png"; bbox 0 0 4058 6412; ppageno 0'>
   <div class='ocr_carea' id='block_1_1' title="bbox 519 277 592 334">
    <p class='ocr_par' dir='ltr' id='par_1_1' title="bbox 519 277 592 334">
     <span class='ocr_line' id='line_1_1' title="bbox 519 277 592 334; baseline 0.055 -4"><span class='ocrx_word' id='word_1_1' title='bbox 519 277 592 334; x_wconf 74' lang='lat'><strong>23</strong></span> 
     </span>
    </p>
   </div>
   <div class='ocr_carea' id='block_1_2' title="bbox 520 397 2102 480">
    <p class='ocr_par' dir='ltr' id='par_1_2' title="bbox 520 397 2102 480">
     <span class='ocr_line' id='line_1_2' title="bbox 520 397 2102 480; baseline -0.001 -23"><span class='ocrx_word' id='word_1_2' title='bbox 520 414 641 458; x_wconf 82' lang='lat' dir='ltr'><strong>nam</strong></span> <span class='ocrx_word' id='word_1_3' title='bbox 669 406 972 470; x_wconf 74' lang='lat' dir='ltr'><strong>paupertas.</strong></span> <span class='ocrx_word' id='word_1_4' title='bbox 998 397 1192 477; x_wconf 46' lang='lat' dir='ltr'><strong>.Tcstis</strong></span> <span class='ocrx_word' id='word_1_5' title='bbox 1221 409 1302 455; x_wconf 90' lang='lat' dir='ltr'><strong>est</strong></span> <span class='ocrx_word' id='word_1_6' title='bbox 1329 401 1485 460; x_wconf 76' lang='lat' dir='ltr'><strong>vidua</strong></span> <span class='ocrx_word' id='word_1_7' title='bbox 1519 417 1636 480; x_wconf 68' lang='lat' dir='ltr'><strong>qum</strong></span> <span class='ocrx_word' id='word_1_8' title='bbox 1683 401 1790 458; x_wconf 91' lang='lat' dir='ltr'><strong>duo</strong></span> <span class='ocrx_word' id='word_1_9' title='bbox 1821 401 2023 457; x_wconf 87' lang='lat' dir='ltr'><strong>minuta</strong></span> <span class='ocrx_word' id='word_1_10' title='bbox 2049 402 2102 456; x_wconf 92' lang='lat' dir='ltr'><strong>in</strong></span> 
     </span>
    </p>
   </div>
   <div class='ocr_carea' id='block_1_3' title="bbox 521 490 2106 571">
    <p class='ocr_par' dir='ltr' id='par_1_3' title="bbox 521 490 2106 571">
     <span class='ocr_line' id='line_1_3' title="bbox 521 490 2106 571; baseline 0.001 -23"><span class='ocrx_word' id='word_1_11' title='bbox 521 492 954 571; x_wconf 75' lang='lat' dir='ltr'><strong>gazophylacium</strong></span> <span class='ocrx_word' id='word_1_12' title='bbox 976 490 1171 560; x_wconf 70' lang='lat' dir='ltr'><strong>deiecit</strong></span> <span class='ocrx_word' id='word_1_13' title='bbox 1192 534 1207 556; x_wconf 89' lang='lat'><strong>,</strong></span> <span class='ocrx_word' id='word_1_14' title='bbox 1242 502 1293 548; x_wconf 89' lang='lat' dir='ltr'><strong>et</strong></span> <span class='ocrx_word' id='word_1_15' title='bbox 1320 509 1416 552; x_wconf 88' lang='lat' dir='ltr'><strong>eos</strong></span> <span class='ocrx_word' id='word_1_16' title='bbox 1441 495 1528 565; x_wconf 90' lang='lat' dir='ltr'><strong>qui</strong></span> <span class='ocrx_word' id='word_1_17' title='bbox 1559 495 1783 566; x_wconf 84' lang='lat' dir='ltr'><strong>plurima</strong></span> <span class='ocrx_word' id='word_1_18' title='bbox 1808 494 2106 560; x_wconf 79' lang='lat' dir='ltr'><strong>dederant,</strong></span> 
     </span>
    </p>
   </div>
   <div class='ocr_carea' id='block_1_4' title="bbox 525 580 2106 655">
    <p class='ocr_par' dir='ltr' id='par_1_4' title="bbox 525 580 2106 655">
     <span class='ocr_line' id='line_1_4' title="bbox 525 580 2106 655; baseline 0.002 -19"><span class='ocrx_word' id='word_1_19' title='bbox 525 595 716 652; x_wconf 80' lang='lat' dir='ltr'><strong>magno</strong></span> <span class='ocrx_word' id='word_1_20' title='bbox 750 580 1025 637; x_wconf 83' lang='lat' dir='ltr'><strong>intervallo</strong></span> <span class='ocrx_word' id='word_1_21' title='bbox 1052 586 1354 653; x_wconf 86' lang='lat' dir='ltr'><strong>superavit,</strong></span> <span class='ocrx_word' id='word_1_22' title='bbox 1385 584 1544 655; x_wconf 84' lang='lat' dir='ltr'><strong>idque</strong></span> <span class='ocrx_word' id='word_1_23' title='bbox 1588 598 1693 641; x_wconf 86' lang='lat' dir='ltr'><strong>tam</strong></span> <span class='ocrx_word' id='word_1_24' title='bbox 1734 588 1934 641; x_wconf 87' lang='lat' dir='ltr'><strong>minuta</strong></span> <span class='ocrx_word' id='word_1_25' title='bbox 1957 587 2106 642; x_wconf 83' lang='lat' dir='ltr'><strong>obla-</strong></span> 
     </span>
    </p>
   </div>
   <div class='ocr_carea' id='block_1_5' title="bbox 518 672 2111 745">
    <p class='ocr_par' dir='ltr' id='par_1_5' title="bbox 518 672 2111 745">
     <span class='ocr_line' id='line_1_5' title="bbox 518 672 2111 745; baseline 0.002 -17"><span class='ocrx_word' id='word_1_26' title='bbox 518 674 752 728; x_wconf 71' lang='lat' dir='ltr'><strong>Iiuncula</strong></span> <span class='ocrx_word' id='word_1_27' title='bbox 781 672 986 745; x_wconf 74' lang='lat' dir='ltr'><strong>(Marc.</strong></span> <span class='ocrx_word' id='word_1_28' title='bbox 1012 674 1099 728; x_wconf 77' lang='grc'><strong>12.</strong></span> <span class='ocrx_word' id='word_1_29' title='bbox 1131 675 1199 730; x_wconf 66' lang='grc'><strong>42</strong></span> <span class='ocrx_word' id='word_1_30' title='bbox 1218 677 1256 745; x_wconf 92' lang='grc'><strong>).</strong></span> <span class='ocrx_word' id='word_1_31' title='bbox 1285 676 1402 732; x_wconf 85' lang='lat' dir='ltr'><strong>Non</strong></span> <span class='ocrx_word' id='word_1_32' title='bbox 1442 678 1615 732; x_wconf 85' lang='lat' dir='ltr'><strong>solum</strong></span> <span class='ocrx_word' id='word_1_33' title='bbox 1643 687 1818 733; x_wconf 87' lang='lat' dir='ltr'><strong>autem</strong></span> <span class='ocrx_word' id='word_1_34' title='bbox 1847 678 2035 733; x_wconf 77' lang='lat' dir='ltr'><strong>divites</strong></span> <span class='ocrx_word' id='word_1_35' title='bbox 2056 685 2111 732; x_wconf 89' lang='lat' dir='ltr'><strong>et</strong></span> 
     </span>
    </p>
   </div>
   <div class='ocr_carea' id='block_1_6' title="bbox 518 749 2107 838">
    <p class='ocr_par' dir='ltr' id='par_1_6' title="bbox 518 749 2107 838">
     <span class='ocr_line' id='line_1_6' title="bbox 518 749 2107 838; baseline 0.004 -23"><span class='ocrx_word' id='word_1_36' title='bbox 518 778 785 834; x_wconf 85' lang='lat' dir='ltr'><strong>pauperes</strong></span> <span class='ocrx_word' id='word_1_37' title='bbox 807 806 819 827; x_wconf 86' lang='lat'><strong>,</strong></span> <span class='ocrx_word' id='word_1_38' title='bbox 849 764 942 818; x_wconf 87' lang='lat' dir='ltr'><strong>sed</strong></span> <span class='ocrx_word' id='word_1_39' title='bbox 960 749 1230 834; x_wconf 63' lang='lat' dir='ltr'><strong>praesides</strong></span> <span class='ocrx_word' id='word_1_40' title='bbox 1251 766 1524 838; x_wconf 82' lang='lat' dir='ltr'><strong>ctjudices</strong></span> <span class='ocrx_word' id='word_1_41' title='bbox 1549 783 1667 823; x_wconf 92' lang='lat' dir='ltr'><strong>cum</strong></span> <span class='ocrx_word' id='word_1_42' title='bbox 1695 770 1858 822; x_wconf 92' lang='lat' dir='ltr'><strong>multa</strong></span> <span class='ocrx_word' id='word_1_43' title='bbox 1882 769 2107 838; x_wconf 85' lang='lat' dir='ltr'><strong>diligen-</strong></span> 
     </span>
    </p>
   </div>
   <div class='ocr_carea' id='block_1_7' title="bbox 521 859 2108 930">
    <p class='ocr_par' dir='ltr' id='par_1_7' title="bbox 521 859 2108 930">
     <span class='ocr_line' id='line_1_7' title="bbox 521 859 2108 930; baseline 0.003 -20"><span class='ocrx_word' id='word_1_44' title='bbox 521 860 588 911; x_wconf 89' lang='lat' dir='ltr'><strong>tia</strong></span> <span class='ocrx_word' id='word_1_45' title='bbox 619 859 992 914; x_wconf 89' lang='lat' dir='ltr'><strong>examinantur</strong></span> <span class='ocrx_word' id='word_1_46' title='bbox 1019 875 1083 913; x_wconf 92' lang='lat' dir='ltr'><strong>an</strong></span> <span class='ocrx_word' id='word_1_47' title='bbox 1116 875 1224 914; x_wconf 88' lang='lat' dir='ltr'><strong>non</strong></span> <span class='ocrx_word' id='word_1_48' title='bbox 1255 860 1348 929; x_wconf 74' lang='lat' dir='ltr'><strong>jus</strong></span> <span class='ocrx_word' id='word_1_49' title='bbox 1375 863 1748 930; x_wconf 80' lang='lat' dir='ltr'><strong>corruperint,</strong></span> <span class='ocrx_word' id='word_1_50' title='bbox 1796 878 1863 915; x_wconf 88' lang='lat' dir='ltr'><strong>an</strong></span> <span class='ocrx_word' id='word_1_51' title='bbox 1893 875 1997 915; x_wconf 90' lang='lat' dir='ltr'><strong>non</strong></span> <span class='ocrx_word' id='word_1_52' title='bbox 2041 859 2108 915; x_wconf 84' lang='lat' dir='ltr'><strong>ad</strong></span> 
     </span>
    </p>
   </div>
   <div class='ocr_carea' id='block_1_8' title="bbox 513 945 2105 1022">
    <p class='ocr_par' dir='ltr' id='par_1_8' title="bbox 513 945 2105 1022">
     <span class='ocr_line' id='line_1_8' title="bbox 513 945 2105 1022; baseline 0.001 -21"><span class='ocrx_word' id='word_1_53' title='bbox 513 950 740 1018; x_wconf 81' lang='lat' dir='ltr'><strong>gratiam</strong></span> <span class='ocrx_word' id='word_1_54' title='bbox 773 951 852 1002; x_wconf 85' lang='lat' dir='ltr'><strong>vel</strong></span> <span class='ocrx_word' id='word_1_55' title='bbox 891 950 1068 1003; x_wconf 91' lang='lat' dir='ltr'><strong>odimn</strong></span> <span class='ocrx_word' id='word_1_56' title='bbox 1102 950 1339 1005; x_wconf 87' lang='lat' dir='ltr'><strong>calculos</strong></span> <span class='ocrx_word' id='word_1_57' title='bbox 1359 954 1410 1005; x_wconf 92' lang='lat' dir='ltr'><strong>in</strong></span> <span class='ocrx_word' id='word_1_58' title='bbox 1439 948 1626 1005; x_wconf 87' lang='lat' dir='ltr'><strong>litibus</strong></span> <span class='ocrx_word' id='word_1_59' title='bbox 1651 945 2105 1022; x_wconf 86' lang='lat' dir='ltr'><strong>deprompserint,</strong></span> 
     </span>
    </p>
   </div>
   <div class='ocr_carea' id='block_1_9' title="bbox 515 1039 2110 1111">
    <p class='ocr_par' dir='ltr' id='par_1_9' title="bbox 515 1039 2110 1111">
     <span class='ocr_line' id='line_1_9' title="bbox 515 1039 2110 1111; baseline 0.003 -20"><span class='ocrx_word' id='word_1_60' title='bbox 515 1053 582 1091; x_wconf 80' lang='lat' dir='ltr'><strong>an</strong></span> <span class='ocrx_word' id='word_1_61' title='bbox 627 1055 732 1091; x_wconf 88' lang='lat' dir='ltr'><strong>non</strong></span> <span class='ocrx_word' id='word_1_62' title='bbox 786 1041 974 1094; x_wconf 87' lang='lat' dir='ltr'><strong>molliti</strong></span> <span class='ocrx_word' id='word_1_63' title='bbox 1014 1039 1362 1108; x_wconf 85' lang='lat' dir='ltr'><strong>adulatione,</strong></span> <span class='ocrx_word' id='word_1_64' title='bbox 1425 1049 1611 1095; x_wconf 88' lang='lat' dir='ltr'><strong>contra</strong></span> <span class='ocrx_word' id='word_1_65' title='bbox 1660 1056 1820 1110; x_wconf 89' lang='lat' dir='ltr'><strong>quam</strong></span> <span class='ocrx_word' id='word_1_66' title='bbox 1871 1057 1967 1111; x_wconf 90' lang='lat' dir='ltr'><strong>par</strong></span> <span class='ocrx_word' id='word_1_67' title='bbox 1995 1049 2110 1095; x_wconf 88' lang='lat' dir='ltr'><strong>erat</strong></span> 
     </span>
    </p>
   </div>
   <div class='ocr_carea' id='block_1_10' title="bbox 516 1130 2112 1194">
    <p class='ocr_par' dir='ltr' id='par_1_10' title="bbox 516 1130 2112 1194">
     <span class='ocr_line' id='line_1_10' title="bbox 516 1130 2112 1194; baseline 0.004 -12"><span class='ocrx_word' id='word_1_68' title='bbox 516 1131 838 1183; x_wconf 83' lang='lat' dir='ltr'><strong>sententiam</strong></span> <span class='ocrx_word' id='word_1_69' title='bbox 867 1130 1133 1194; x_wconf 81' lang='lat' dir='ltr'><strong>dederint,</strong></span> <span class='ocrx_word' id='word_1_70' title='bbox 1163 1147 1228 1185; x_wconf 91' lang='lat' dir='ltr'><strong>an</strong></span> <span class='ocrx_word' id='word_1_71' title='bbox 1256 1147 1357 1186; x_wconf 90' lang='lat' dir='ltr'><strong>non</strong></span> <span class='ocrx_word' id='word_1_72' title='bbox 1384 1146 1649 1187; x_wconf 84' lang='lat' dir='ltr'><strong>memores</strong></span> <span class='ocrx_word' id='word_1_73' title='bbox 1669 1131 1989 1187; x_wconf 85' lang='lat' dir='ltr'><strong>offensarum</strong></span> <span class='ocrx_word' id='word_1_74' title='bbox 2017 1147 2112 1189; x_wconf 79' lang='lat' dir='ltr'><strong>eos</strong></span> 
     </span>
    </p>
   </div>
   <div class='ocr_carea' id='block_1_11' title="bbox 521 1223 1481 1291">
    <p class='ocr_par' dir='ltr' id='par_1_11' title="bbox 521 1223 1481 1291">
     <span class='ocr_line' id='line_1_11' title="bbox 521 1223 1481 1291; baseline 0.008 -22"><span class='ocrx_word' id='word_1_75' title='bbox 521 1223 824 1274; x_wconf 63' lang='lat' dir='ltr'><strong>vexaveriut</strong></span> <span class='ocrx_word' id='word_1_76' title='bbox 849 1263 860 1283; x_wconf 92' lang='lat'><strong>,</strong></span> <span class='ocrx_word' id='word_1_77' title='bbox 897 1224 985 1290; x_wconf 89' lang='lat' dir='ltr'><strong>qui</strong></span> <span class='ocrx_word' id='word_1_78' title='bbox 1013 1223 1141 1275; x_wconf 84' lang='lat' dir='ltr'><strong>nihil</strong></span> <span class='ocrx_word' id='word_1_79' title='bbox 1172 1232 1481 1291; x_wconf 87' lang='lat' dir='ltr'><strong>peccarant.</strong></span> 
     </span>
    </p>
   </div>
   <div class='ocr_carea' id='block_1_12' title="bbox 595 1311 2112 1384">
    <p class='ocr_par' dir='ltr' id='par_1_12' title="bbox 595 1311 2112 1384">
     <span class='ocr_line' id='line_1_12' title="bbox 595 1311 2112 1384; baseline 0.006 -24"><span class='ocrx_word' id='word_1_80' title='bbox 595 1311 720 1375; x_wconf 82' lang='lat' dir='ltr'><strong>Qua:</strong></span> <span class='ocrx_word' id='word_1_81' title='bbox 755 1313 884 1364; x_wconf 89' lang='lat' dir='ltr'><strong>ratio</strong></span> <span class='ocrx_word' id='word_1_82' title='bbox 916 1313 1174 1365; x_wconf 72' lang='lat' dir='ltr'><strong>reddenda</strong></span> <span class='ocrx_word' id='word_1_83' title='bbox 1213 1323 1282 1367; x_wconf 87' lang='lat' dir='ltr'><strong>est</strong></span> <span class='ocrx_word' id='word_1_84' title='bbox 1319 1314 1663 1368; x_wconf 80' lang='lat' dir='ltr'><strong>ecclesiasticis</strong></span> <span class='ocrx_word' id='word_1_85' title='bbox 1692 1315 2010 1384; x_wconf 74' lang='lat' dir='ltr'><strong>prazsulibus.</strong></span> <span class='ocrx_word' id='word_1_86' title='bbox 2039 1343 2112 1355; x_wconf 88' lang='lat'><strong>-—</strong></span> 
     </span>
    </p>
   </div>
   <div class='ocr_carea' id='block_1_13' title="bbox 515 1397 2109 1476">
    <p class='ocr_par' dir='ltr' id='par_1_13' title="bbox 515 1397 2109 1476">
     <span class='ocr_line' id='line_1_13' title="bbox 515 1397 2109 1476; baseline 0.004 -22"><span class='ocrx_word' id='word_1_87' title='bbox 515 1397 631 1455; x_wconf 76' lang='lat' dir='ltr'><strong>Non</strong></span> <span class='ocrx_word' id='word_1_88' title='bbox 666 1404 838 1456; x_wconf 86' lang='lat' dir='ltr'><strong>solum</strong></span> <span class='ocrx_word' id='word_1_89' title='bbox 868 1413 1048 1458; x_wconf 84' lang='lat' dir='ltr'><strong>autem</strong></span> <span class='ocrx_word' id='word_1_90' title='bbox 1091 1405 1375 1460; x_wconf 69' lang='lat' dir='ltr'><strong>smeulares</strong></span> <span class='ocrx_word' id='word_1_91' title='bbox 1419 1407 1760 1476; x_wconf 80' lang='lat' dir='ltr'><strong>magistratus</strong></span> <span class='ocrx_word' id='word_1_92' title='bbox 1783 1448 1798 1473; x_wconf 93' lang='lat'><strong>,</strong></span> <span class='ocrx_word' id='word_1_93' title='bbox 1839 1401 1932 1462; x_wconf 86' lang='lat' dir='ltr'><strong>sed</strong></span> <span class='ocrx_word' id='word_1_94' title='bbox 1959 1417 2014 1462; x_wconf 90' lang='lat' dir='ltr'><strong>et</strong></span> <span class='ocrx_word' id='word_1_95' title='bbox 2038 1408 2109 1461; x_wconf 91' lang='lat' dir='ltr'><strong>illi</strong></span> 
     </span>
    </p>
   </div>
   <div class='ocr_carea' id='block_1_14' title="bbox 515 1493 2112 1567">
    <p class='ocr_par' dir='ltr' id='par_1_14' title="bbox 515 1493 2112 1567">
     <span class='ocr_line' id='line_1_14' title="bbox 515 1493 2112 1567; baseline 0.007 -23"><span class='ocrx_word' id='word_1_96' title='bbox 515 1493 602 1561; x_wconf 88' lang='lat' dir='ltr'><strong>qui</strong></span> <span class='ocrx_word' id='word_1_97' title='bbox 638 1493 886 1547; x_wconf 87' lang='lat' dir='ltr'><strong>Ecclesiis</strong></span> <span class='ocrx_word' id='word_1_98' title='bbox 920 1505 1184 1562; x_wconf 66' lang='grc' dir='ltr'><strong>τιτωειιιιι,</strong></span> <span class='ocrx_word' id='word_1_99' title='bbox 1237 1511 1346 1550; x_wconf 77' lang='lat' dir='ltr'><strong>sua:</strong></span> <span class='ocrx_word' id='word_1_100' title='bbox 1393 1498 1724 1567; x_wconf 56' lang='lat' dir='ltr'><strong>praefecturae</strong></span> <span class='ocrx_word' id='word_1_101' title='bbox 1747 1501 1980 1555; x_wconf 83' lang='lat' dir='ltr'><strong>rationes</strong></span> <span class='ocrx_word' id='word_1_102' title='bbox 2018 1500 2112 1554; x_wconf 88' lang='lat' dir='ltr'><strong>da-</strong></span> 
     </span>
    </p>
   </div>
   <div class='ocr_carea' id='block_1_15' title="bbox 515 1582 2111 1660">
    <p class='ocr_par' dir='ltr' id='par_1_15' title="bbox 515 1582 2111 1660">
     <span class='ocr_line' id='line_1_15' title="bbox 515 1582 2111 1660; baseline 0.007 -24"><span class='ocrx_word' id='word_1_103' title='bbox 515 1582 684 1648; x_wconf 87' lang='lat' dir='ltr'><strong>bunt,</strong></span> <span class='ocrx_word' id='word_1_104' title='bbox 716 1595 770 1638; x_wconf 85' lang='lat' dir='ltr'><strong>et</strong></span> <span class='ocrx_word' id='word_1_105' title='bbox 796 1587 1063 1656; x_wconf 67' lang='lat' dir='ltr'><strong>praecipue</strong></span> <span class='ocrx_word' id='word_1_106' title='bbox 1098 1587 1185 1640; x_wconf 89' lang='lat' dir='ltr'><strong>isti</strong></span> <span class='ocrx_word' id='word_1_107' title='bbox 1213 1597 1371 1653; x_wconf 91' lang='lat' dir='ltr'><strong>sunt,</strong></span> <span class='ocrx_word' id='word_1_108' title='bbox 1415 1589 1505 1659; x_wconf 93' lang='lat' dir='ltr'><strong>qui</strong></span> <span class='ocrx_word' id='word_1_109' title='bbox 1545 1591 1775 1660; x_wconf 88' lang='lat' dir='ltr'><strong>majores</strong></span> <span class='ocrx_word' id='word_1_110' title='bbox 1798 1633 1814 1658; x_wconf 90' lang='lat'><strong>,</strong></span> <span class='ocrx_word' id='word_1_111' title='bbox 1865 1591 2111 1647; x_wconf 89' lang='lat' dir='ltr'><strong>acerbio-</strong></span> 
     </span>
    </p>
   </div>
   <div class='ocr_carea' id='block_1_16' title="bbox 515 1680 2109 1748">
    <p class='ocr_par' dir='ltr' id='par_1_16' title="bbox 515 1680 2109 1748">
     <span class='ocr_line' id='line_1_16' title="bbox 515 1680 2109 1748; baseline 0.005 -17"><span class='ocrx_word' id='word_1_112' title='bbox 515 1693 607 1732; x_wconf 81' lang='lat' dir='ltr'><strong>res</strong></span> <span class='ocrx_word' id='word_1_113' title='bbox 636 1719 651 1742; x_wconf 91' lang='lat'><strong>,</strong></span> <span class='ocrx_word' id='word_1_114' title='bbox 685 1688 737 1730; x_wconf 90' lang='lat' dir='ltr'><strong>et</strong></span> <span class='ocrx_word' id='word_1_115' title='bbox 759 1680 1036 1747; x_wconf 82' lang='lat' dir='ltr'><strong>graviores</strong></span> <span class='ocrx_word' id='word_1_116' title='bbox 1069 1694 1255 1748; x_wconf 63' lang='lat' dir='ltr'><strong>pinnas</strong></span> <span class='ocrx_word' id='word_1_117' title='bbox 1285 1683 1642 1736; x_wconf 87' lang='lat' dir='ltr'><strong>sustinebunt.</strong></span> <span class='ocrx_word' id='word_1_118' title='bbox 1673 1683 1765 1737; x_wconf 89' lang='lat' dir='ltr'><strong>Cui</strong></span> <span class='ocrx_word' id='word_1_119' title='bbox 1797 1685 1937 1737; x_wconf 90' lang='lat' dir='ltr'><strong>enim</strong></span> <span class='ocrx_word' id='word_1_120' title='bbox 1963 1684 2109 1739; x_wconf 81' lang='lat' dir='ltr'><strong>verbi</strong></span> 
     </span>
    </p>
   </div>
   <div class='ocr_carea' id='block_1_17' title="bbox 515 1768 2111 1843">
    <p class='ocr_par' dir='ltr' id='par_1_17' title="bbox 515 1768 2111 1843">
     <span class='ocr_line' id='line_1_17' title="bbox 515 1768 2111 1843; baseline 0.006 -24"><span class='ocrx_word' id='word_1_121' title='bbox 515 1768 908 1821; x_wconf 70' lang='lat' dir='ltr'><strong>administratio</strong></span> <span class='ocrx_word' id='word_1_122' title='bbox 933 1771 1216 1824; x_wconf 84' lang='lat' dir='ltr'><strong>commissa</strong></span> <span class='ocrx_word' id='word_1_123' title='bbox 1251 1780 1332 1824; x_wconf 91' lang='lat' dir='ltr'><strong>est</strong></span> <span class='ocrx_word' id='word_1_124' title='bbox 1357 1813 1370 1836; x_wconf 89' lang='lat'><strong>,</strong></span> <span class='ocrx_word' id='word_1_125' title='bbox 1421 1773 1704 1843; x_wconf 77' lang='lat' dir='ltr'><strong>diligenter</strong></span> <span class='ocrx_word' id='word_1_126' title='bbox 1733 1775 1802 1829; x_wconf 87' lang='lat' dir='ltr'><strong>ibi</strong></span> <span class='ocrx_word' id='word_1_127' title='bbox 1833 1776 2111 1829; x_wconf 57' lang='lat' dir='ltr'><strong>examina-</strong></span> 
     </span>
    </p>
   </div>
   <div class='ocr_carea' id='block_1_18' title="bbox 514 1855 2113 1934">
    <p class='ocr_par' dir='ltr' id='par_1_18' title="bbox 514 1855 2113 1934">
     <span class='ocr_line' id='line_1_18' title="bbox 514 1855 2113 1934; baseline 0.006 -23"><span class='ocrx_word' id='word_1_128' title='bbox 514 1855 677 1922; x_wconf 85' lang='lat' dir='ltr'><strong>bitur,</strong></span> <span class='ocrx_word' id='word_1_129' title='bbox 708 1875 773 1911; x_wconf 90' lang='lat' dir='ltr'><strong>an</strong></span> <span class='ocrx_word' id='word_1_130' title='bbox 825 1876 926 1912; x_wconf 92' lang='lat' dir='ltr'><strong>non</strong></span> <span class='ocrx_word' id='word_1_131' title='bbox 977 1860 1220 1930; x_wconf 75' lang='lat' dir='ltr'><strong>segnitie,</strong></span> <span class='ocrx_word' id='word_1_132' title='bbox 1259 1871 1342 1916; x_wconf 84' lang='lat' dir='ltr'><strong>aut</strong></span> <span class='ocrx_word' id='word_1_133' title='bbox 1390 1864 1585 1919; x_wconf 89' lang='lat' dir='ltr'><strong>invidia</strong></span> <span class='ocrx_word' id='word_1_134' title='bbox 1633 1866 1831 1934; x_wconf 89' lang='lat' dir='ltr'><strong>aliquid</strong></span> <span class='ocrx_word' id='word_1_135' title='bbox 1872 1867 2113 1922; x_wconf 89' lang='lat' dir='ltr'><strong>omiserit</strong></span> 
     </span>
    </p>
   </div>
   <div class='ocr_carea' id='block_1_19' title="bbox 514 1950 2108 2023">
    <p class='ocr_par' dir='ltr' id='par_1_19' title="bbox 514 1950 2108 2023">
     <span class='ocr_line' id='line_1_19' title="bbox 514 1950 2108 2023; baseline 0.004 -21"><span class='ocrx_word' id='word_1_136' title='bbox 514 1961 702 2002; x_wconf 80' lang='lat' dir='ltr'><strong>eorum</strong></span> <span class='ocrx_word' id='word_1_137' title='bbox 731 1990 744 2013; x_wconf 92' lang='lat'><strong>,</strong></span> <span class='ocrx_word' id='word_1_138' title='bbox 778 1967 896 2018; x_wconf 79' lang='lat' dir='ltr'><strong>qua:</strong></span> <span class='ocrx_word' id='word_1_139' title='bbox 925 1950 1145 2004; x_wconf 85' lang='lat' dir='ltr'><strong>dicenda</strong></span> <span class='ocrx_word' id='word_1_140' title='bbox 1172 1962 1353 2016; x_wconf 89' lang='lat' dir='ltr'><strong>erant,</strong></span> <span class='ocrx_word' id='word_1_141' title='bbox 1383 1962 1436 2006; x_wconf 90' lang='lat' dir='ltr'><strong>et</strong></span> <span class='ocrx_word' id='word_1_142' title='bbox 1466 1970 1559 2022; x_wconf 89' lang='lat' dir='ltr'><strong>per</strong></span> <span class='ocrx_word' id='word_1_143' title='bbox 1599 1970 1758 2023; x_wconf 86' lang='lat' dir='ltr'><strong>opera</strong></span> <span class='ocrx_word' id='word_1_144' title='bbox 1785 1955 2108 2023; x_wconf 78' lang='lat' dir='ltr'><strong>exhibuerit,</strong></span> 
     </span>
    </p>
   </div>
   <div class='ocr_carea' id='block_1_20' title="bbox 515 2041 2107 2115">
    <p class='ocr_par' dir='ltr' id='par_1_20' title="bbox 515 2041 2107 2115">
     <span class='ocr_line' id='line_1_20' title="bbox 515 2041 2107 2115; baseline 0.008 -27"><span class='ocrx_word' id='word_1_145' title='bbox 515 2053 583 2091; x_wconf 86' lang='lat' dir='ltr'><strong>an</strong></span> <span class='ocrx_word' id='word_1_146' title='bbox 615 2041 792 2092; x_wconf 87' lang='lat' dir='ltr'><strong>omnia</strong></span> <span class='ocrx_word' id='word_1_147' title='bbox 823 2043 1163 2108; x_wconf 84' lang='lat' dir='ltr'><strong>explicuerit,</strong></span> <span class='ocrx_word' id='word_1_148' title='bbox 1197 2043 1437 2112; x_wconf 84' lang='lat' dir='ltr'><strong>nihilque</strong></span> <span class='ocrx_word' id='word_1_149' title='bbox 1458 2045 1525 2097; x_wconf 88' lang='lat' dir='ltr'><strong>ab</strong></span> <span class='ocrx_word' id='word_1_150' title='bbox 1553 2046 1642 2100; x_wconf 89' lang='lat' dir='ltr'><strong>illo</strong></span> <span class='ocrx_word' id='word_1_151' title='bbox 1671 2047 1990 2100; x_wconf 81' lang='lat' dir='ltr'><strong>oecnlzatum</strong></span> <span class='ocrx_word' id='word_1_152' title='bbox 2018 2049 2107 2115; x_wconf 91' lang='lat' dir='ltr'><strong>sit,</strong></span> 
     </span>
    </p>
   </div>
   <div class='ocr_carea' id='block_1_21' title="bbox 513 2131 2110 2207">
    <p class='ocr_par' dir='ltr' id='par_1_21' title="bbox 513 2131 2110 2207">
     <span class='ocr_line' id='line_1_21' title="bbox 513 2131 2110 2207; baseline 0.005 -24"><span class='ocrx_word' id='word_1_153' title='bbox 513 2131 657 2198; x_wconf 89' lang='lat' dir='ltr'><strong>quod</strong></span> <span class='ocrx_word' id='word_1_154' title='bbox 688 2131 829 2184; x_wconf 87' lang='lat' dir='ltr'><strong>dictu</strong></span> <span class='ocrx_word' id='word_1_155' title='bbox 859 2147 1037 2201; x_wconf 84' lang='lat' dir='ltr'><strong>Operae</strong></span> <span class='ocrx_word' id='word_1_156' title='bbox 1070 2135 1296 2202; x_wconf 87' lang='lat' dir='ltr'><strong>pretium</strong></span> <span class='ocrx_word' id='word_1_157' title='bbox 1324 2145 1456 2187; x_wconf 87' lang='lat' dir='ltr'><strong>erat.</strong></span> <span class='ocrx_word' id='word_1_158' title='bbox 1491 2135 1697 2190; x_wconf 83' lang='lat' dir='ltr'><strong>Rursus</strong></span> <span class='ocrx_word' id='word_1_159' title='bbox 1723 2137 1811 2205; x_wconf 88' lang='lat' dir='ltr'><strong>qui</strong></span> <span class='ocrx_word' id='word_1_160' title='bbox 1835 2138 2110 2207; x_wconf 84' lang='lat' dir='ltr'><strong>episcOpa-</strong></span> 
     </span>
    </p>
   </div>
   <div class='ocr_carea' id='block_1_22' title="bbox 514 2221 2110 2294">
    <p class='ocr_par' dir='ltr' id='par_1_22' title="bbox 514 2221 2110 2294">
     <span class='ocr_line' id='line_1_22' title="bbox 514 2221 2110 2294; baseline 0.006 -21"><span class='ocrx_word' id='word_1_161' title='bbox 514 2230 624 2274; x_wconf 91' lang='lat' dir='ltr'><strong>tum</strong></span> <span class='ocrx_word' id='word_1_162' title='bbox 654 2221 876 2290; x_wconf 84' lang='lat' dir='ltr'><strong>adeptus</strong></span> <span class='ocrx_word' id='word_1_163' title='bbox 903 2232 1004 2286; x_wconf 88' lang='lat' dir='ltr'><strong>est,</strong></span> <span class='ocrx_word' id='word_1_164' title='bbox 1035 2235 1236 2292; x_wconf 86' lang='lat' dir='ltr'><strong>quanto</strong></span> <span class='ocrx_word' id='word_1_165' title='bbox 1259 2225 1322 2278; x_wconf 90' lang='lat' dir='ltr'><strong>ad</strong></span> <span class='ocrx_word' id='word_1_166' title='bbox 1355 2225 1613 2294; x_wconf 81' lang='lat' dir='ltr'><strong>majorem</strong></span> <span class='ocrx_word' id='word_1_167' title='bbox 1641 2227 1893 2280; x_wconf 83' lang='lat' dir='ltr'><strong>verticem</strong></span> <span class='ocrx_word' id='word_1_168' title='bbox 1924 2243 2110 2283; x_wconf 89' lang='lat' dir='ltr'><strong>ascen-</strong></span> 
     </span>
    </p>
   </div>
   <div class='ocr_carea' id='block_1_23' title="bbox 516 2310 2107 2384">
    <p class='ocr_par' dir='ltr' id='par_1_23' title="bbox 516 2310 2107 2384">
     <span class='ocr_line' id='line_1_23' title="bbox 516 2310 2107 2384; baseline 0.006 -19"><span class='ocrx_word' id='word_1_169' title='bbox 516 2310 634 2377; x_wconf 91' lang='lat' dir='ltr'><strong>dit,</strong></span> <span class='ocrx_word' id='word_1_170' title='bbox 681 2322 828 2365; x_wconf 88' lang='lat' dir='ltr'><strong>tanto</strong></span> <span class='ocrx_word' id='word_1_171' title='bbox 869 2315 1160 2384; x_wconf 75' lang='lat' dir='ltr'><strong>majoribus</strong></span> <span class='ocrx_word' id='word_1_172' title='bbox 1199 2317 1460 2370; x_wconf 70' lang='lat' dir='ltr'><strong>obnoxius</strong></span> <span class='ocrx_word' id='word_1_173' title='bbox 1491 2318 1590 2371; x_wconf 87' lang='lat' dir='ltr'><strong>erit</strong></span> <span class='ocrx_word' id='word_1_174' title='bbox 1622 2319 1914 2374; x_wconf 83' lang='lat' dir='ltr'><strong>ratiOuibus</strong></span> <span class='ocrx_word' id='word_1_175' title='bbox 1939 2360 1953 2382; x_wconf 86' lang='lat'><strong>,</strong></span> <span class='ocrx_word' id='word_1_176' title='bbox 2003 2334 2107 2375; x_wconf 89' lang='lat' dir='ltr'><strong>non</strong></span> 
     </span>
    </p>
   </div>
   <div class='ocr_carea' id='block_1_24' title="bbox 515 2403 2108 2476">
    <p class='ocr_par' dir='ltr' id='par_1_24' title="bbox 515 2403 2108 2476">
     <span class='ocr_line' id='line_1_24' title="bbox 515 2403 2108 2476; baseline 0.004 -20"><span class='ocrx_word' id='word_1_177' title='bbox 515 2403 690 2456; x_wconf 84' lang='lat' dir='ltr'><strong>solum</strong></span> <span class='ocrx_word' id='word_1_178' title='bbox 718 2404 784 2457; x_wconf 87' lang='lat' dir='ltr'><strong>de</strong></span> <span class='ocrx_word' id='word_1_179' title='bbox 813 2405 1056 2457; x_wconf 83' lang='lat' dir='ltr'><strong>doctrina</strong></span> <span class='ocrx_word' id='word_1_180' title='bbox 1087 2417 1138 2457; x_wconf 92' lang='lat' dir='ltr'><strong>cl</strong></span> <span class='ocrx_word' id='word_1_181' title='bbox 1167 2422 1458 2474; x_wconf 88' lang='lat' dir='ltr'><strong>pauperum</strong></span> <span class='ocrx_word' id='word_1_182' title='bbox 1490 2411 1806 2476; x_wconf 85' lang='lat' dir='ltr'><strong>patrocinio,</strong></span> <span class='ocrx_word' id='word_1_183' title='bbox 1835 2410 1926 2464; x_wconf 84' lang='lat' dir='ltr'><strong>scd</strong></span> <span class='ocrx_word' id='word_1_184' title='bbox 1950 2410 2108 2464; x_wconf 90' lang='lat' dir='ltr'><strong>etiam</strong></span> 
     </span>
    </p>
   </div>
   <div class='ocr_carea' id='block_1_25' title="bbox 517 2491 2105 2568">
    <p class='ocr_par' dir='ltr' id='par_1_25' title="bbox 517 2491 2105 2568">
     <span class='ocr_line' id='line_1_25' title="bbox 517 2491 2105 2568; baseline 0.004 -21"><span class='ocrx_word' id='word_1_185' title='bbox 517 2491 583 2548; x_wconf 86' lang='lat' dir='ltr'><strong>de</strong></span> <span class='ocrx_word' id='word_1_186' title='bbox 629 2497 1024 2549; x_wconf 78' lang='lat' dir='ltr'><strong>exaniinatione</strong></span> <span class='ocrx_word' id='word_1_187' title='bbox 1065 2496 1481 2551; x_wconf 87' lang='lat' dir='ltr'><strong>ordinamlorum</strong></span> <span class='ocrx_word' id='word_1_188' title='bbox 1509 2540 1523 2563; x_wconf 92' lang='lat'><strong>,</strong></span> <span class='ocrx_word' id='word_1_189' title='bbox 1569 2500 1792 2568; x_wconf 82' lang='lat' dir='ltr'><strong>aliisque</strong></span> <span class='ocrx_word' id='word_1_190' title='bbox 1822 2502 2105 2555; x_wconf 79' lang='lat' dir='ltr'><strong>sexcentis.</strong></span> 
     </span>
    </p>
   </div>
   <div class='ocr_carea' id='block_1_26' title="bbox 517 2583 2105 2657">
    <p class='ocr_par' dir='ltr' id='par_1_26' title="bbox 517 2583 2105 2657">
     <span class='ocr_line' id='line_1_26' title="bbox 517 2583 2105 2657; baseline 0.003 -19"><span class='ocrx_word' id='word_1_191' title='bbox 517 2583 583 2638; x_wconf 88' lang='lat' dir='ltr'><strong>Et</strong></span> <span class='ocrx_word' id='word_1_192' title='bbox 629 2585 742 2638; x_wconf 81' lang='lat' dir='ltr'><strong>inec</strong></span> <span class='ocrx_word' id='word_1_193' title='bbox 791 2586 1072 2641; x_wconf 72' lang='lat' dir='ltr'><strong>declarans</strong></span> <span class='ocrx_word' id='word_1_194' title='bbox 1118 2587 1316 2639; x_wconf 77' lang='lat' dir='ltr'><strong>Paulus</strong></span> <span class='ocrx_word' id='word_1_195' title='bbox 1363 2587 1427 2641; x_wconf 86' lang='lat' dir='ltr'><strong>ad</strong></span> <span class='ocrx_word' id='word_1_196' title='bbox 1476 2588 1812 2642; x_wconf 85' lang='lat' dir='ltr'><strong>Timotheum</strong></span> <span class='ocrx_word' id='word_1_197' title='bbox 1852 2590 2105 2657; x_wconf 89' lang='lat' dir='ltr'><strong>scripsit:</strong></span> 
     </span>
    </p>
   </div>
   <div class='ocr_carea' id='block_1_27' title="bbox 520 2675 2110 2750">
    <p class='ocr_par' dir='ltr' id='par_1_27' title="bbox 520 2675 2110 2750">
     <span class='ocr_line' id='line_1_27' title="bbox 520 2675 2110 2750; baseline 0.004 -22"><span class='ocrx_word' id='word_1_198' title='bbox 520 2675 706 2730; x_wconf 82' lang='lat' dir='ltr'><strong>Manus</strong></span> <span class='ocrx_word' id='word_1_199' title='bbox 741 2681 838 2730; x_wconf 90' lang='lat' dir='ltr'><strong>cito</strong></span> <span class='ocrx_word' id='word_1_200' title='bbox 867 2680 1054 2731; x_wconf 78' lang='lat' dir='ltr'><strong>nemini</strong></span> <span class='ocrx_word' id='word_1_201' title='bbox 1083 2679 1413 2748; x_wconf 67' lang='lat' dir='ltr'><strong>imposurrfs,</strong></span> <span class='ocrx_word' id='word_1_202' title='bbox 1460 2697 1613 2750; x_wconf 85' lang='lat' dir='ltr'><strong>neque</strong></span> <span class='ocrx_word' id='word_1_203' title='bbox 1643 2683 1974 2736; x_wconf 80' lang='lat' dir='ltr'><strong>communiccs</strong></span> <span class='ocrx_word' id='word_1_204' title='bbox 1996 2697 2110 2750; x_wconf 77' lang='lat' dir='ltr'><strong>pec-</strong></span> 
     </span>
    </p>
   </div>
   <div class='ocr_carea' id='block_1_28' title="bbox 511 2769 2110 2839">
    <p class='ocr_par' dir='ltr' id='par_1_28' title="bbox 511 2769 2110 2839">
     <span class='ocr_line' id='line_1_28' title="bbox 511 2769 2110 2839; baseline 0.007 -19"><span class='ocrx_word' id='word_1_205' title='bbox 511 2770 642 2820; x_wconf 83' lang='lat' dir='ltr'><strong>catis</strong></span> <span class='ocrx_word' id='word_1_206' title='bbox 681 2769 859 2822; x_wconf 80' lang='lat' dir='ltr'><strong>alienis</strong></span> <span class='ocrx_word' id='word_1_207' title='bbox 892 2771 938 2839; x_wconf 88' lang='lat' dir='ltr'><strong>(l</strong></span> <span class='ocrx_word' id='word_1_208' title='bbox 979 2769 1110 2823; x_wconf 86' lang='lat' dir='ltr'><strong>Tim.</strong></span> <span class='ocrx_word' id='word_1_209' title='bbox 1144 2771 1197 2825; x_wconf 67' lang='lat' dir='ltr'><strong>Ei.</strong></span> <span class='ocrx_word' id='word_1_210' title='bbox 1224 2770 1330 2838; x_wconf 72' lang='lat'><strong>22)</strong></span> <span class='ocrx_word' id='word_1_211' title='bbox 1360 2790 1372 2824; x_wconf 92' lang='lat'><strong><em>:</em></strong></span> <span class='ocrx_word' id='word_1_212' title='bbox 1403 2783 1458 2827; x_wconf 89' lang='lat' dir='ltr'><strong>et</strong></span> <span class='ocrx_word' id='word_1_213' title='bbox 1485 2773 1550 2825; x_wconf 88' lang='lat' dir='ltr'><strong>ad</strong></span> <span class='ocrx_word' id='word_1_214' title='bbox 1591 2771 1844 2828; x_wconf 73' lang='lat' dir='ltr'><strong>llebrmos</strong></span> <span class='ocrx_word' id='word_1_215' title='bbox 1872 2775 2110 2831; x_wconf 89' lang='lat' dir='ltr'><strong>scribens</strong></span> 
     </span>
    </p>
   </div>
   <div class='ocr_carea' id='block_1_29' title="bbox 514 2858 2106 2932">
    <p class='ocr_par' dir='ltr' id='par_1_29' title="bbox 514 2858 2106 2932">
     <span class='ocr_line' id='line_1_29' title="bbox 514 2858 2106 2932; baseline 0.004 -19"><span class='ocrx_word' id='word_1_216' title='bbox 514 2858 583 2913; x_wconf 86' lang='lat' dir='ltr'><strong>de</strong></span> <span class='ocrx_word' id='word_1_217' title='bbox 611 2860 796 2914; x_wconf 87' lang='lat' dir='ltr'><strong>iisdem</strong></span> <span class='ocrx_word' id='word_1_218' title='bbox 837 2861 1124 2932; x_wconf 69' lang='lat' dir='ltr'><strong>prarfrctis,</strong></span> <span class='ocrx_word' id='word_1_219' title='bbox 1158 2863 1256 2915; x_wconf 85' lang='lat' dir='ltr'><strong>alia</strong></span> <span class='ocrx_word' id='word_1_220' title='bbox 1291 2865 1496 2918; x_wconf 83' lang='lat' dir='ltr'><strong>ratione</strong></span> <span class='ocrx_word' id='word_1_221' title='bbox 1541 2864 1825 2920; x_wconf 88' lang='lat' dir='ltr'><strong>terrcfaeit.</strong></span> <span class='ocrx_word' id='word_1_222' title='bbox 1865 2866 2106 2932; x_wconf 84' lang='lat' dir='ltr'><strong>Obedite,</strong></span> 
     </span>
    </p>
   </div>
   <div class='ocr_carea' id='block_1_30' title="bbox 513 2950 2109 3027">
    <p class='ocr_par' dir='ltr' id='par_1_30' title="bbox 513 2950 2109 3027">
     <span class='ocr_line' id='line_1_30' title="bbox 513 2950 2109 3027; baseline 0.004 -24"><span class='ocrx_word' id='word_1_223' title='bbox 513 2950 718 3018; x_wconf 78' lang='lat' dir='ltr'><strong>inquit,</strong></span> <span class='ocrx_word' id='word_1_224' title='bbox 769 2953 1054 3021; x_wconf 49' lang='lat' dir='ltr'><strong>praepositis</strong></span> <span class='ocrx_word' id='word_1_225' title='bbox 1092 2956 1299 3018; x_wconf 73' lang='lat' dir='ltr'><strong>vestris,</strong></span> <span class='ocrx_word' id='word_1_226' title='bbox 1333 2963 1379 3006; x_wconf 85' lang='lat' dir='ltr'><strong>et</strong></span> <span class='ocrx_word' id='word_1_227' title='bbox 1410 2955 1660 3024; x_wconf 84' lang='lat' dir='ltr'><strong>subjaccte</strong></span> <span class='ocrx_word' id='word_1_228' title='bbox 1701 2959 1770 3011; x_wconf 84' lang='lat' dir='ltr'><strong>eis</strong></span> <span class='ocrx_word' id='word_1_229' title='bbox 1802 2973 1820 3010; x_wconf 92' lang='lat'><strong><em>:</em></strong></span> <span class='ocrx_word' id='word_1_230' title='bbox 1849 2958 1948 3027; x_wconf 78' lang='lat' dir='ltr'><strong>ipsi</strong></span> <span class='ocrx_word' id='word_1_231' title='bbox 1976 2959 2109 3011; x_wconf 80' lang='lat' dir='ltr'><strong>enim</strong></span> 
     </span>
    </p>
   </div>
   <div class='ocr_carea' id='block_1_31' title="bbox 506 3043 2109 3113">
    <p class='ocr_par' dir='ltr' id='par_1_31' title="bbox 506 3043 2109 3113">
     <span class='ocr_line' id='line_1_31' title="bbox 506 3043 2109 3113; baseline 0.006 -18"><span class='ocrx_word' id='word_1_232' title='bbox 506 3043 718 3112; x_wconf 64' lang='lat' dir='ltr'><strong>sigitaut</strong></span> <span class='ocrx_word' id='word_1_233' title='bbox 760 3062 910 3113; x_wconf 79' lang='lat' dir='ltr'><strong>super</strong></span> <span class='ocrx_word' id='word_1_234' title='bbox 953 3046 1215 3099; x_wconf 78' lang='lat' dir='ltr'><strong>animabus</strong></span> <span class='ocrx_word' id='word_1_235' title='bbox 1273 3050 1446 3099; x_wconf 79' lang='lat' dir='ltr'><strong>vestris</strong></span> <span class='ocrx_word' id='word_1_236' title='bbox 1475 3089 1488 3113; x_wconf 93' lang='lat'><strong>,</strong></span> <span class='ocrx_word' id='word_1_237' title='bbox 1542 3059 1596 3101; x_wconf 83' lang='lat' dir='ltr'><strong>ut</strong></span> <span class='ocrx_word' id='word_1_238' title='bbox 1645 3052 1888 3104; x_wconf 86' lang='lat' dir='ltr'><strong>rationem</strong></span> <span class='ocrx_word' id='word_1_239' title='bbox 1937 3051 2109 3104; x_wconf 85' lang='lat' dir='ltr'><strong>daturi</strong></span> 
     </span>
    </p>
   </div>
   <div class='ocr_carea' id='block_1_32' title="bbox 512 3135 2108 3209">
    <p class='ocr_par' dir='ltr' id='par_1_32' title="bbox 512 3135 2108 3209">
     <span class='ocr_line' id='line_1_32' title="bbox 512 3135 2108 3209; baseline 0.006 -21"><span class='ocrx_word' id='word_1_240' title='bbox 512 3135 706 3201; x_wconf 80' lang='lat' dir='ltr'><strong>(Hebr.</strong></span> <span class='ocrx_word' id='word_1_241' title='bbox 741 3137 823 3189; x_wconf 79' lang='lat' dir='ltr'><strong>i5.</strong></span> <span class='ocrx_word' id='word_1_242' title='bbox 858 3139 978 3206; x_wconf 77' lang='lat' dir='ltr'><strong>i7).</strong></span> <span class='ocrx_word' id='word_1_243' title='bbox 1011 3138 1142 3190; x_wconf 84' lang='lat' dir='ltr'><strong>Tum</strong></span> <span class='ocrx_word' id='word_1_244' title='bbox 1164 3155 1288 3193; x_wconf 88' lang='lat' dir='ltr'><strong>vero</strong></span> <span class='ocrx_word' id='word_1_245' title='bbox 1312 3155 1415 3192; x_wconf 90' lang='lat' dir='ltr'><strong>non</strong></span> <span class='ocrx_word' id='word_1_246' title='bbox 1440 3140 1912 3209; x_wconf 81' lang='lat' dir='ltr'><strong>factorumsolum,</strong></span> <span class='ocrx_word' id='word_1_247' title='bbox 1933 3145 2024 3196; x_wconf 90' lang='lat' dir='ltr'><strong>sed</strong></span> <span class='ocrx_word' id='word_1_248' title='bbox 2054 3155 2108 3198; x_wconf 93' lang='lat' dir='ltr'><strong>et</strong></span> 
     </span>
    </p>
   </div>
   <div class='ocr_carea' id='block_1_33' title="bbox 519 3227 2104 3297">
    <p class='ocr_par' dir='ltr' id='par_1_33' title="bbox 519 3227 2104 3297">
     <span class='ocr_line' id='line_1_33' title="bbox 519 3227 2104 3297; baseline 0.007 -20"><span class='ocrx_word' id='word_1_249' title='bbox 519 3227 805 3280; x_wconf 81' lang='lat' dir='ltr'><strong>verborum</strong></span> <span class='ocrx_word' id='word_1_250' title='bbox 836 3229 1068 3283; x_wconf 81' lang='lat' dir='ltr'><strong>rationes</strong></span> <span class='ocrx_word' id='word_1_251' title='bbox 1097 3229 1412 3285; x_wconf 86' lang='lat' dir='ltr'><strong>subibimus.</strong></span> <span class='ocrx_word' id='word_1_252' title='bbox 1459 3233 1917 3297; x_wconf 86' lang='lat' dir='ltr'><strong>Quemadmodum</strong></span> <span class='ocrx_word' id='word_1_253' title='bbox 1962 3237 2104 3289; x_wconf 92' lang='lat' dir='ltr'><strong>enim</strong></span> 
     </span>
    </p>
   </div>
   <div class='ocr_carea' id='block_1_34' title="bbox 508 3307 2104 3387">
    <p class='ocr_par' dir='ltr' id='par_1_34' title="bbox 508 3307 2104 3387">
     <span class='ocr_line' id='line_1_34' title="bbox 508 3307 2104 3387; baseline 0.006 -15"><span class='ocrx_word' id='word_1_254' title='bbox 508 3307 748 3372; x_wconf 71' lang='lat' dir='ltr'><strong>noscunt</strong></span> <span class='ocrx_word' id='word_1_255' title='bbox 792 3324 1045 3387; x_wconf 75' lang='lat' dir='ltr'><strong>pecunias</strong></span> <span class='ocrx_word' id='word_1_256' title='bbox 1095 3321 1265 3374; x_wconf 89' lang='lat' dir='ltr'><strong>servis</strong></span> <span class='ocrx_word' id='word_1_257' title='bbox 1295 3323 1666 3379; x_wconf 85' lang='lat' dir='ltr'><strong>concredimus</strong></span> <span class='ocrx_word' id='word_1_258' title='bbox 1692 3367 1704 3387; x_wconf 87' lang='lat'><strong>,</strong></span> <span class='ocrx_word' id='word_1_259' title='bbox 1748 3326 1983 3379; x_wconf 90' lang='lat' dir='ltr'><strong>omnium</strong></span> <span class='ocrx_word' id='word_1_260' title='bbox 2017 3344 2104 3381; x_wconf 87' lang='lat' dir='ltr'><strong>re-</strong></span> 
     </span>
    </p>
   </div>
   <div class='ocr_carea' id='block_1_35' title="bbox 508 3408 2104 3483">
    <p class='ocr_par' dir='ltr' id='par_1_35' title="bbox 508 3408 2104 3483">
     <span class='ocr_line' id='line_1_35' title="bbox 508 3408 2104 3483; baseline 0.009 -24"><span class='ocrx_word' id='word_1_261' title='bbox 508 3408 778 3476; x_wconf 77' lang='lat' dir='ltr'><strong>poscimus</strong></span> <span class='ocrx_word' id='word_1_262' title='bbox 809 3409 1042 3464; x_wconf 87' lang='lat' dir='ltr'><strong>rationes</strong></span> <span class='ocrx_word' id='word_1_263' title='bbox 1068 3452 1080 3474; x_wconf 94' lang='lat'><strong>,</strong></span> <span class='ocrx_word' id='word_1_264' title='bbox 1118 3412 1184 3463; x_wconf 88' lang='lat' dir='ltr'><strong>ita</strong></span> <span class='ocrx_word' id='word_1_265' title='bbox 1217 3429 1428 3483; x_wconf 89' lang='lat' dir='ltr'><strong>quoque</strong></span> <span class='ocrx_word' id='word_1_266' title='bbox 1476 3415 1616 3468; x_wconf 87' lang='lat' dir='ltr'><strong>Deus</strong></span> <span class='ocrx_word' id='word_1_267' title='bbox 1643 3416 1709 3470; x_wconf 92' lang='lat' dir='ltr'><strong>de</strong></span> <span class='ocrx_word' id='word_1_268' title='bbox 1748 3418 1923 3471; x_wconf 78' lang='lat' dir='ltr'><strong>verbis</strong></span> <span class='ocrx_word' id='word_1_269' title='bbox 1953 3419 2104 3473; x_wconf 88' lang='lat' dir='ltr'><strong>nobis</strong></span> 
     </span>
    </p>
   </div>
   <div class='ocr_carea' id='block_1_36' title="bbox 505 3498 2106 3575">
    <p class='ocr_par' dir='ltr' id='par_1_36' title="bbox 505 3498 2106 3575">
     <span class='ocr_line' id='line_1_36' title="bbox 505 3498 2106 3575; baseline 0.01 -26"><span class='ocrx_word' id='word_1_270' title='bbox 505 3498 834 3552; x_wconf 87' lang='lat' dir='ltr'><strong>concreditis</strong></span> <span class='ocrx_word' id='word_1_271' title='bbox 868 3501 1103 3569; x_wconf 83' lang='lat' dir='ltr'><strong>requiret</strong></span> <span class='ocrx_word' id='word_1_272' title='bbox 1127 3505 1396 3571; x_wconf 80' lang='lat' dir='ltr'><strong>qumnodo</strong></span> <span class='ocrx_word' id='word_1_273' title='bbox 1428 3506 1512 3558; x_wconf 87' lang='lat' dir='ltr'><strong>illa</strong></span> <span class='ocrx_word' id='word_1_274' title='bbox 1542 3507 1972 3575; x_wconf 86' lang='lat' dir='ltr'><strong>cxpendcrimus.</strong></span> <span class='ocrx_word' id='word_1_275' title='bbox 2002 3511 2106 3564; x_wconf 79' lang='lat' dir='ltr'><strong>Re-</strong></span> 
     </span>
    </p>
   </div>
   <div class='ocr_carea' id='block_1_37' title="bbox 508 3583 2098 3668">
    <p class='ocr_par' dir='ltr' id='par_1_37' title="bbox 508 3583 2098 3668">
     <span class='ocr_line' id='line_1_37' title="bbox 508 3583 2098 3668; baseline 0.009 -29"><span class='ocrx_word' id='word_1_276' title='bbox 508 3587 781 3654; x_wconf 84' lang='lat' dir='ltr'><strong>poseimur</strong></span> <span class='ocrx_word' id='word_1_277' title='bbox 813 3591 958 3643; x_wconf 85' lang='lat' dir='ltr'><strong>enim</strong></span> <span class='ocrx_word' id='word_1_278' title='bbox 1009 3601 1060 3644; x_wconf 90' lang='lat' dir='ltr'><strong>et</strong></span> <span class='ocrx_word' id='word_1_279' title='bbox 1105 3596 1471 3648; x_wconf 84' lang='lat' dir='ltr'><strong>examinantur</strong></span> <span class='ocrx_word' id='word_1_280' title='bbox 1503 3611 1755 3665; x_wconf 87' lang='lat' dir='ltr'><strong>perquam</strong></span> <span class='ocrx_word' id='word_1_281' title='bbox 1799 3583 2098 3668; x_wconf 81' lang='lat' dir='ltr'><strong>diligenter,</strong></span> 
     </span>
    </p>
   </div>
   <div class='ocr_carea' id='block_1_38' title="bbox 504 3682 2098 3755">
    <p class='ocr_par' dir='ltr' id='par_1_38' title="bbox 504 3682 2098 3755">
     <span class='ocr_line' id='line_1_38' title="bbox 504 3682 2098 3755; baseline 0.011 -26"><span class='ocrx_word' id='word_1_282' title='bbox 504 3694 632 3730; x_wconf 90' lang='lat' dir='ltr'><strong>num</strong></span> <span class='ocrx_word' id='word_1_283' title='bbox 681 3687 914 3744; x_wconf 86' lang='lat' dir='ltr'><strong>temere,</strong></span> <span class='ocrx_word' id='word_1_284' title='bbox 973 3698 1095 3735; x_wconf 91' lang='lat' dir='ltr'><strong>num</strong></span> <span class='ocrx_word' id='word_1_285' title='bbox 1127 3682 1317 3738; x_wconf 79' lang='lat' dir='ltr'><strong>frustra</strong></span> <span class='ocrx_word' id='word_1_286' title='bbox 1347 3701 1406 3738; x_wconf 86' lang='lat' dir='ltr'><strong>ea</strong></span> <span class='ocrx_word' id='word_1_287' title='bbox 1453 3687 1892 3755; x_wconf 79' lang='lat' dir='ltr'><strong>insunipscritnus</strong></span> <span class='ocrx_word' id='word_1_288' title='bbox 1935 3707 1946 3741; x_wconf 93' lang='lat'><em>:</em></span> <span class='ocrx_word' id='word_1_289' title='bbox 1995 3708 2098 3746; x_wconf 84' lang='lat' dir='ltr'><strong>non</strong></span> 
     </span>
    </p>
   </div>
   <div class='ocr_carea' id='block_1_39' title="bbox 499 3771 2096 3844">
    <p class='ocr_par' dir='ltr' id='par_1_39' title="bbox 499 3771 2096 3844">
     <span class='ocr_line' id='line_1_39' title="bbox 499 3771 2096 3844; baseline 0.008 -21"><span class='ocrx_word' id='word_1_290' title='bbox 499 3771 644 3823; x_wconf 81' lang='lat' dir='ltr'><strong>enim</strong></span> <span class='ocrx_word' id='word_1_291' title='bbox 675 3788 923 3827; x_wconf 85' lang='lat' dir='ltr'><strong>nummus</strong></span> <span class='ocrx_word' id='word_1_292' title='bbox 953 3784 1153 3830; x_wconf 89' lang='lat' dir='ltr'><strong>temere</strong></span> <span class='ocrx_word' id='word_1_293' title='bbox 1180 3780 1450 3844; x_wconf 82' lang='lat' dir='ltr'><strong>expositus</strong></span> <span class='ocrx_word' id='word_1_294' title='bbox 1484 3781 1722 3833; x_wconf 58' lang='lat' dir='ltr'><strong>itarla-dit</strong></span> <span class='ocrx_word' id='word_1_295' title='bbox 1749 3791 1801 3834; x_wconf 89' lang='lat' dir='ltr'><strong>ut</strong></span> <span class='ocrx_word' id='word_1_296' title='bbox 1829 3784 1984 3834; x_wconf 79' lang='lat' dir='ltr'><strong>verba</strong></span> <span class='ocrx_word' id='word_1_297' title='bbox 2021 3793 2096 3836; x_wconf 82' lang='lat' dir='ltr'><strong>te-</strong></span> 
     </span>
    </p>
   </div>
   <div class='ocr_carea' id='block_1_40' title="bbox 504 3863 2100 3937">
    <p class='ocr_par' dir='ltr' id='par_1_40' title="bbox 504 3863 2100 3937">
     <span class='ocr_line' id='line_1_40' title="bbox 504 3863 2100 3937; baseline 0.007 -23"><span class='ocrx_word' id='word_1_298' title='bbox 504 3875 651 3914; x_wconf 85' lang='lat' dir='ltr'><strong>mere</strong></span> <span class='ocrx_word' id='word_1_299' title='bbox 696 3873 747 3914; x_wconf 90' lang='lat' dir='ltr'><strong>et</strong></span> <span class='ocrx_word' id='word_1_300' title='bbox 789 3863 982 3917; x_wconf 87' lang='lat' dir='ltr'><strong>frustra</strong></span> <span class='ocrx_word' id='word_1_301' title='bbox 1011 3864 1148 3919; x_wconf 80' lang='lat' dir='ltr'><strong>elata</strong></span> <span class='ocrx_word' id='word_1_302' title='bbox 1171 3906 1184 3930; x_wconf 92' lang='lat'><strong>,</strong></span> <span class='ocrx_word' id='word_1_303' title='bbox 1217 3884 1335 3920; x_wconf 89' lang='lat' dir='ltr'><strong>cum</strong></span> <span class='ocrx_word' id='word_1_304' title='bbox 1362 3868 1486 3921; x_wconf 87' lang='lat' dir='ltr'><strong>nihil</strong></span> <span class='ocrx_word' id='word_1_305' title='bbox 1516 3884 1647 3937; x_wconf 90' lang='lat' dir='ltr'><strong>opus</strong></span> <span class='ocrx_word' id='word_1_306' title='bbox 1679 3881 1811 3924; x_wconf 88' lang='lat' dir='ltr'><strong>erat.</strong></span> <span class='ocrx_word' id='word_1_307' title='bbox 1841 3871 2100 3925; x_wconf 81' lang='lat' dir='ltr'><strong>Nummus</strong></span> 
     </span>
    </p>
   </div>
   <div class='ocr_carea' id='block_1_41' title="bbox 501 3953 2096 4028">
    <p class='ocr_par' dir='ltr' id='par_1_41' title="bbox 501 3953 2096 4028">
     <span class='ocr_line' id='line_1_41' title="bbox 501 3953 2096 4028; baseline 0.006 -22"><span class='ocrx_word' id='word_1_308' title='bbox 501 3953 647 4006; x_wconf 87' lang='lat' dir='ltr'><strong>enim</strong></span> <span class='ocrx_word' id='word_1_309' title='bbox 675 3953 866 4008; x_wconf 81' lang='lat' dir='ltr'><strong>frustra</strong></span> <span class='ocrx_word' id='word_1_310' title='bbox 902 3958 1196 4026; x_wconf 89' lang='lat' dir='ltr'><strong>insumptus</strong></span> <span class='ocrx_word' id='word_1_311' title='bbox 1229 3961 1466 4027; x_wconf 78' lang='lat' dir='ltr'><strong>pecunia:</strong></span> <span class='ocrx_word' id='word_1_312' title='bbox 1510 3960 1797 4028; x_wconf 87' lang='lat' dir='ltr'><strong>aliquando</strong></span> <span class='ocrx_word' id='word_1_313' title='bbox 1843 3963 2096 4016; x_wconf 89' lang='lat' dir='ltr'><strong>damnum</strong></span> 
     </span>
    </p>
   </div>
   <div class='ocr_carea' id='block_1_42' title="bbox 501 4044 2098 4123">
    <p class='ocr_par' dir='ltr' id='par_1_42' title="bbox 501 4044 2098 4123">
     <span class='ocr_line' id='line_1_42' title="bbox 501 4044 2098 4123; baseline 0.009 -29"><span class='ocrx_word' id='word_1_314' title='bbox 501 4044 675 4107; x_wconf 69' lang='lat' dir='ltr'><strong>affert,</strong></span> <span class='ocrx_word' id='word_1_315' title='bbox 707 4062 884 4099; x_wconf 78' lang='lat' dir='ltr'><strong>sermo</strong></span> <span class='ocrx_word' id='word_1_316' title='bbox 915 4058 1090 4101; x_wconf 85' lang='lat' dir='ltr'><strong>autem</strong></span> <span class='ocrx_word' id='word_1_317' title='bbox 1135 4049 1499 4115; x_wconf 85' lang='lat' dir='ltr'><strong>imprudenter</strong></span> <span class='ocrx_word' id='word_1_318' title='bbox 1526 4051 1834 4104; x_wconf 71' lang='lat' dir='ltr'><strong>emmtiatus</strong></span> <span class='ocrx_word' id='word_1_319' title='bbox 1865 4053 2098 4123; x_wconf 81' lang='lat' dir='ltr'><strong>integras</strong></span> 
     </span>
    </p>
   </div>
   <div class='ocr_carea' id='block_1_43' title="bbox 499 4132 2097 4215">
    <p class='ocr_par' dir='ltr' id='par_1_43' title="bbox 499 4132 2097 4215">
     <span class='ocr_line' id='line_1_43' title="bbox 499 4132 2097 4215; baseline 0.008 -28"><span class='ocrx_word' id='word_1_320' title='bbox 499 4132 690 4188; x_wconf 87' lang='lat' dir='ltr'><strong>domos</strong></span> <span class='ocrx_word' id='word_1_321' title='bbox 717 4137 948 4202; x_wconf 89' lang='lat' dir='ltr'><strong>evertit,</strong></span> <span class='ocrx_word' id='word_1_322' title='bbox 997 4146 1049 4190; x_wconf 84' lang='lat' dir='ltr'><strong>et</strong></span> <span class='ocrx_word' id='word_1_323' title='bbox 1093 4139 1322 4191; x_wconf 86' lang='lat' dir='ltr'><strong>animam</strong></span> <span class='ocrx_word' id='word_1_324' title='bbox 1358 4141 1530 4208; x_wconf 84' lang='lat' dir='ltr'><strong>perdit</strong></span> <span class='ocrx_word' id='word_1_325' title='bbox 1559 4159 1571 4191; x_wconf 75' lang='grc' dir='ltr'><em>τ</em></span> <span class='ocrx_word' id='word_1_326' title='bbox 1607 4145 1950 4210; x_wconf 85' lang='lat' dir='ltr'><strong>pecuniarum</strong></span> <span class='ocrx_word' id='word_1_327' title='bbox 1980 4149 2097 4215; x_wconf 86' lang='lat' dir='ltr'><strong>qui-</strong></span> 
     </span>
    </p>
   </div>
   <div class='ocr_carea' id='block_1_44' title="bbox 497 4223 2095 4305">
    <p class='ocr_par' dir='ltr' id='par_1_44' title="bbox 497 4223 2095 4305">
     <span class='ocr_line' id='line_1_44' title="bbox 497 4223 2095 4305; baseline 0.009 -28"><span class='ocrx_word' id='word_1_328' title='bbox 497 4223 620 4278; x_wconf 92' lang='lat' dir='ltr'><strong>dem</strong></span> <span class='ocrx_word' id='word_1_329' title='bbox 652 4226 901 4280; x_wconf 83' lang='lat' dir='ltr'><strong>damnum</strong></span> <span class='ocrx_word' id='word_1_330' title='bbox 932 4231 1188 4284; x_wconf 82' lang='lat' dir='ltr'><strong>rcsarcire</strong></span> <span class='ocrx_word' id='word_1_331' title='bbox 1213 4232 1357 4295; x_wconf 82' lang='lat' dir='ltr'><strong>licet,</strong></span> <span class='ocrx_word' id='word_1_332' title='bbox 1391 4233 1609 4287; x_wconf 91' lang='lat' dir='ltr'><strong>verbum</strong></span> <span class='ocrx_word' id='word_1_333' title='bbox 1635 4250 1762 4289; x_wconf 82' lang='lat' dir='ltr'><strong>vero</strong></span> <span class='ocrx_word' id='word_1_334' title='bbox 1787 4237 1928 4305; x_wconf 84' lang='lat' dir='ltr'><strong>quod</strong></span> <span class='ocrx_word' id='word_1_335' title='bbox 1955 4239 2095 4292; x_wconf 83' lang='lat' dir='ltr'><strong>exsi-</strong></span> 
     </span>
    </p>
   </div>
   <div class='ocr_carea' id='block_1_45' title="bbox 494 4315 1448 4383">
    <p class='ocr_par' dir='ltr' id='par_1_45' title="bbox 494 4315 1448 4383">
     <span class='ocr_line' id='line_1_45' title="bbox 494 4315 1448 4383; baseline 0.006 -15"><span class='ocrx_word' id='word_1_336' title='bbox 494 4315 633 4368; x_wconf 75' lang='lat' dir='ltr'><strong>lierit</strong></span> <span class='ocrx_word' id='word_1_337' title='bbox 663 4319 825 4370; x_wconf 87' lang='lat' dir='ltr'><strong>semel</strong></span> <span class='ocrx_word' id='word_1_338' title='bbox 846 4361 858 4383; x_wconf 92' lang='lat'><strong>,</strong></span> <span class='ocrx_word' id='word_1_339' title='bbox 894 4334 1142 4374; x_wconf 85' lang='lat' dir='ltr'><strong>revocare</strong></span> <span class='ocrx_word' id='word_1_340' title='bbox 1174 4338 1276 4374; x_wconf 87' lang='lat' dir='ltr'><strong>non</strong></span> <span class='ocrx_word' id='word_1_341' title='bbox 1310 4323 1448 4376; x_wconf 81' lang='lat' dir='ltr'><strong>licet.</strong></span> 
     </span>
    </p>
   </div>
   <div class='ocr_carea' id='block_1_46' title="bbox 579 4406 2088 4487">
    <p class='ocr_par' dir='ltr' id='par_1_46' title="bbox 579 4406 2088 4487">
     <span class='ocr_line' id='line_1_46' title="bbox 579 4406 2088 4487; baseline 0.009 -30"><span class='ocrx_word' id='word_1_342' title='bbox 579 4406 851 4460; x_wconf 73' lang='lat' dir='ltr'><strong>Verborum</strong></span> <span class='ocrx_word' id='word_1_343' title='bbox 878 4411 1026 4460; x_wconf 86' lang='lat' dir='ltr'><strong>etiam</strong></span> <span class='ocrx_word' id='word_1_344' title='bbox 1050 4413 1232 4464; x_wconf 76' lang='lat' dir='ltr'><strong>tuenda</strong></span> <span class='ocrx_word' id='word_1_345' title='bbox 1269 4430 1432 4480; x_wconf 73' lang='lat' dir='ltr'><strong>prmia.</strong></span> <span class='ocrx_word' id='word_1_346' title='bbox 1465 4415 1611 4468; x_wconf 77' lang='lat' dir='ltr'><strong>Ratio</strong></span> <span class='ocrx_word' id='word_1_347' title='bbox 1633 4417 1836 4470; x_wconf 73' lang='lat' dir='ltr'><strong>defendi</strong></span> <span class='ocrx_word' id='word_1_348' title='bbox 1861 4429 2088 4487; x_wconf 79' lang='lat' dir='ltr'><strong>peccata.</strong></span> 
     </span>
    </p>
   </div>
   <div class='ocr_carea' id='block_1_47' title="bbox 496 4497 2090 4574">
    <p class='ocr_par' dir='ltr' id='par_1_47' title="bbox 496 4497 2090 4574">
     <span class='ocr_line' id='line_1_47' title="bbox 496 4497 2090 4574; baseline 0.008 -24"><span class='ocrx_word' id='word_1_349' title='bbox 496 4497 829 4566; x_wconf 78' lang='lat' dir='ltr'><strong>Imputantur</strong></span> <span class='ocrx_word' id='word_1_350' title='bbox 865 4502 933 4552; x_wconf 87' lang='lat' dir='ltr'><strong>ad</strong></span> <span class='ocrx_word' id='word_1_351' title='bbox 984 4505 1175 4554; x_wconf 76' lang='lat' dir='ltr'><strong>rruiant</strong></span> <span class='ocrx_word' id='word_1_352' title='bbox 1217 4516 1538 4574; x_wconf 53' lang='lat' dir='ltr'><strong>pia-ratorum</strong></span> <span class='ocrx_word' id='word_1_353' title='bbox 1571 4507 1788 4561; x_wconf 84' lang='lat' dir='ltr'><strong>actiones</strong></span> <span class='ocrx_word' id='word_1_354' title='bbox 1820 4510 1981 4563; x_wconf 78' lang='lat' dir='ltr'><strong>bonte.</strong></span> <span class='ocrx_word' id='word_1_355' title='bbox 2019 4540 2090 4550; x_wconf 92' lang='lat'><strong>—</strong></span> 
     </span>
    </p>
   </div>
   <div class='ocr_carea' id='block_1_48' title="bbox 492 4590 2082 4668">
    <p class='ocr_par' dir='ltr' id='par_1_48' title="bbox 492 4590 2082 4668">
     <span class='ocr_line' id='line_1_48' title="bbox 492 4590 2082 4668; baseline 0.011 -29"><span class='ocrx_word' id='word_1_356' title='bbox 492 4590 758 4642; x_wconf 65' lang='lat' dir='ltr'><strong>timterum</strong></span> <span class='ocrx_word' id='word_1_357' title='bbox 809 4601 863 4644; x_wconf 89' lang='lat' dir='ltr'><strong>ut</strong></span> <span class='ocrx_word' id='word_1_358' title='bbox 911 4593 1086 4645; x_wconf 89' lang='lat' dir='ltr'><strong>discas</strong></span> <span class='ocrx_word' id='word_1_359' title='bbox 1122 4596 1403 4647; x_wconf 69' lang='lat' dir='ltr'><strong>verberum</strong></span> <span class='ocrx_word' id='word_1_360' title='bbox 1450 4613 1632 4664; x_wconf 55' lang='lat' dir='ltr'><strong>paruas</strong></span> <span class='ocrx_word' id='word_1_361' title='bbox 1674 4599 1898 4653; x_wconf 81' lang='lat' dir='ltr'><strong>luiturus</strong></span> <span class='ocrx_word' id='word_1_362' title='bbox 1930 4617 2082 4668; x_wconf 90' lang='lat' dir='ltr'><strong>esse,</strong></span> 
     </span>
    </p>
   </div>
   <div class='ocr_carea' id='block_1_49' title="bbox 491 4678 2089 4761">
    <p class='ocr_par' dir='ltr' id='par_1_49' title="bbox 491 4678 2089 4761">
     <span class='ocr_line' id='line_1_49' title="bbox 491 4678 2089 4761; baseline 0.011 -30"><span class='ocrx_word' id='word_1_363' title='bbox 491 4678 614 4732; x_wconf 80' lang='lat' dir='ltr'><strong>audi</strong></span> <span class='ocrx_word' id='word_1_364' title='bbox 660 4681 784 4748; x_wconf 87' lang='lat' dir='ltr'><strong>quid</strong></span> <span class='ocrx_word' id='word_1_365' title='bbox 829 4681 1073 4734; x_wconf 75' lang='lat' dir='ltr'><strong>(ZhriStus</strong></span> <span class='ocrx_word' id='word_1_366' title='bbox 1103 4683 1244 4737; x_wconf 80' lang='lat' dir='ltr'><strong>dicat</strong></span> <span class='ocrx_word' id='word_1_367' title='bbox 1276 4701 1287 4734; x_wconf 91' lang='lat'>:</span> <span class='ocrx_word' id='word_1_368' title='bbox 1319 4684 1446 4737; x_wconf 86' lang='lat' dir='ltr'><strong>Dico</strong></span> <span class='ocrx_word' id='word_1_369' title='bbox 1485 4699 1649 4740; x_wconf 82' lang='lat' dir='ltr'><strong>autem</strong></span> <span class='ocrx_word' id='word_1_370' title='bbox 1692 4691 1846 4755; x_wconf 84' lang='lat' dir='ltr'><strong>vobis,</strong></span> <span class='ocrx_word' id='word_1_371' title='bbox 1873 4695 2005 4761; x_wconf 80' lang='lat' dir='ltr'><strong>quod</strong></span> <span class='ocrx_word' id='word_1_372' title='bbox 2026 4695 2089 4748; x_wconf 83' lang='lat' dir='ltr'><strong>de</strong></span> 
     </span>
    </p>
   </div>
   <div class='ocr_carea' id='block_1_50' title="bbox 490 4768 2083 4850">
    <p class='ocr_par' dir='ltr' id='par_1_50' title="bbox 490 4768 2083 4850">
     <span class='ocr_line' id='line_1_50' title="bbox 490 4768 2083 4850; baseline 0.011 -30"><span class='ocrx_word' id='word_1_373' title='bbox 490 4768 631 4821; x_wconf 83' lang='lat' dir='ltr'><strong>omni</strong></span> <span class='ocrx_word' id='word_1_374' title='bbox 657 4771 802 4823; x_wconf 77' lang='lat' dir='ltr'><strong>verbo</strong></span> <span class='ocrx_word' id='word_1_375' title='bbox 828 4773 1008 4839; x_wconf 85' lang='lat' dir='ltr'><strong>otioso,</strong></span> <span class='ocrx_word' id='word_1_376' title='bbox 1037 4776 1382 4838; x_wconf 65' lang='lat' dir='ltr'><strong>quodcumque</strong></span> <span class='ocrx_word' id='word_1_377' title='bbox 1410 4776 1604 4850; x_wconf 81' lang='lat' dir='ltr'><strong>loquuti</strong></span> <span class='ocrx_word' id='word_1_378' title='bbox 1638 4781 1822 4847; x_wconf 76' lang='lat' dir='ltr'><strong>fuerint</strong></span> <span class='ocrx_word' id='word_1_379' title='bbox 1857 4784 2083 4838; x_wconf 79' lang='lat' dir='ltr'><strong>homines</strong></span> 
     </span>
    </p>
   </div>
   <div class='ocr_carea' id='block_1_51' title="bbox 487 4860 2081 4940">
    <p class='ocr_par' dir='ltr' id='par_1_51' title="bbox 487 4860 2081 4940">
     <span class='ocr_line' id='line_1_51' title="bbox 487 4860 2081 4940; baseline 0.011 -28"><span class='ocrx_word' id='word_1_380' title='bbox 487 4860 542 4912; x_wconf 84' lang='lat' dir='ltr'><strong>in</strong></span> <span class='ocrx_word' id='word_1_381' title='bbox 572 4870 722 4925; x_wconf 83' lang='lat' dir='ltr'><strong>terra,</strong></span> <span class='ocrx_word' id='word_1_382' title='bbox 749 4863 958 4915; x_wconf 79' lang='lat' dir='ltr'><strong>reddent</strong></span> <span class='ocrx_word' id='word_1_383' title='bbox 984 4868 1226 4920; x_wconf 87' lang='lat' dir='ltr'><strong>rationem</strong></span> <span class='ocrx_word' id='word_1_384' title='bbox 1251 4869 1312 4920; x_wconf 78' lang='lat' dir='ltr'><strong>de</strong></span> <span class='ocrx_word' id='word_1_385' title='bbox 1332 4886 1387 4921; x_wconf 90' lang='lat' dir='ltr'><strong>eo</strong></span> <span class='ocrx_word' id='word_1_386' title='bbox 1414 4871 1464 4922; x_wconf 89' lang='lat' dir='ltr'><strong>in</strong></span> <span class='ocrx_word' id='word_1_387' title='bbox 1493 4871 1573 4922; x_wconf 86' lang='lat' dir='ltr'><strong>die</strong></span> <span class='ocrx_word' id='word_1_388' title='bbox 1587 4874 1773 4940; x_wconf 83' lang='lat' dir='ltr'><strong>judicii</strong></span> <span class='ocrx_word' id='word_1_389' title='bbox 1795 4890 1812 4927; x_wconf 93' lang='lat'><em>:</em></span> <span class='ocrx_word' id='word_1_390' title='bbox 1839 4893 1900 4928; x_wconf 80' lang='lat' dir='ltr'><strong>ea:</strong></span> <span class='ocrx_word' id='word_1_391' title='bbox 1924 4879 2081 4930; x_wconf 80' lang='lat' dir='ltr'><strong>verbis</strong></span> 
     </span>
    </p>
   </div>
   <div class='ocr_carea' id='block_1_52' title="bbox 485 4953 2078 5025">
    <p class='ocr_par' dir='ltr' id='par_1_52' title="bbox 485 4953 2078 5025">
     <span class='ocr_line' id='line_1_52' title="bbox 485 4953 2078 5025; baseline 0.011 -20"><span class='ocrx_word' id='word_1_392' title='bbox 485 4953 621 5006; x_wconf 77' lang='lat' dir='ltr'><strong>enim</strong></span> <span class='ocrx_word' id='word_1_393' title='bbox 648 4956 746 5008; x_wconf 86' lang='lat' dir='ltr'><strong>luis</strong></span> <span class='ocrx_word' id='word_1_394' title='bbox 781 4957 1146 5025; x_wconf 73' lang='lat' dir='ltr'><strong>justiﬁeaberis</strong></span> <span class='ocrx_word' id='word_1_395' title='bbox 1168 5000 1181 5025; x_wconf 92' lang='lat'><strong>,</strong></span> <span class='ocrx_word' id='word_1_396' title='bbox 1226 4972 1272 5014; x_wconf 84' lang='lat' dir='ltr'><strong>et</strong></span> <span class='ocrx_word' id='word_1_397' title='bbox 1307 4979 1368 5016; x_wconf 68' lang='lat' dir='ltr'><strong>ex</strong></span> <span class='ocrx_word' id='word_1_398' title='bbox 1395 4963 1554 5016; x_wconf 82' lang='lat' dir='ltr'><strong>verbis</strong></span> <span class='ocrx_word' id='word_1_399' title='bbox 1585 4967 1684 5019; x_wconf 82' lang='lat' dir='ltr'><strong>tuis</strong></span> <span class='ocrx_word' id='word_1_400' title='bbox 1713 4971 2078 5023; x_wconf 72' lang='lat' dir='ltr'><strong>condemnabe-</strong></span> 
     </span>
    </p>
   </div>
   <div class='ocr_carea' id='block_1_53' title="bbox 485 5045 2074 5122">
    <p class='ocr_par' dir='ltr' id='par_1_53' title="bbox 485 5045 2074 5122">
     <span class='ocr_line' id='line_1_53' title="bbox 485 5045 2074 5122; baseline 0.009 -25"><span class='ocrx_word' id='word_1_401' title='bbox 485 5047 556 5098; x_wconf 87' lang='lat' dir='ltr'><strong>ris</strong></span> <span class='ocrx_word' id='word_1_402' title='bbox 584 5045 809 5114; x_wconf 79' lang='lat' dir='ltr'><strong>(Matth.</strong></span> <span class='ocrx_word' id='word_1_403' title='bbox 839 5049 922 5102; x_wconf 70' lang='lat' dir='ltr'><strong>i2.</strong></span> <span class='ocrx_word' id='word_1_404' title='bbox 959 5051 1046 5103; x_wconf 79' lang='grc'><strong>56.</strong></span> <span class='ocrx_word' id='word_1_405' title='bbox 1075 5051 1142 5105; x_wconf 78' lang='lat'><strong>57</strong></span> <span class='ocrx_word' id='word_1_406' title='bbox 1165 5053 1206 5122; x_wconf 86' lang='lat'><strong>).</strong></span> <span class='ocrx_word' id='word_1_407' title='bbox 1254 5052 1368 5106; x_wconf 87' lang='lat' dir='ltr'><strong>Non</strong></span> <span class='ocrx_word' id='word_1_408' title='bbox 1399 5057 1570 5107; x_wconf 85' lang='lat' dir='ltr'><strong>solum</strong></span> <span class='ocrx_word' id='word_1_409' title='bbox 1603 5066 1774 5108; x_wconf 88' lang='lat' dir='ltr'><strong>autem</strong></span> <span class='ocrx_word' id='word_1_410' title='bbox 1812 5058 2074 5112; x_wconf 86' lang='lat' dir='ltr'><strong>dictorum</strong></span> 
     </span>
    </p>
   </div>
   <div class='ocr_carea' id='block_1_54' title="bbox 484 5136 2075 5216">
    <p class='ocr_par' dir='ltr' id='par_1_54' title="bbox 484 5136 2075 5216">
     <span class='ocr_line' id='line_1_54' title="bbox 484 5136 2075 5216; baseline 0.011 -30"><span class='ocrx_word' id='word_1_411' title='bbox 484 5136 745 5190; x_wconf 88' lang='lat' dir='ltr'><strong>rationem</strong></span> <span class='ocrx_word' id='word_1_412' title='bbox 774 5138 1077 5206; x_wconf 83' lang='lat' dir='ltr'><strong>reddemus,</strong></span> <span class='ocrx_word' id='word_1_413' title='bbox 1105 5143 1195 5196; x_wconf 91' lang='lat' dir='ltr'><strong>sed</strong></span> <span class='ocrx_word' id='word_1_414' title='bbox 1230 5155 1278 5196; x_wconf 92' lang='lat' dir='ltr'><strong>et</strong></span> <span class='ocrx_word' id='word_1_415' title='bbox 1310 5145 1611 5198; x_wconf 88' lang='lat' dir='ltr'><strong>auditorum</strong></span> <span class='ocrx_word' id='word_1_416' title='bbox 1640 5162 1849 5216; x_wconf 81' lang='lat' dir='ltr'><strong>quoque</strong></span> <span class='ocrx_word' id='word_1_417' title='bbox 1876 5167 1888 5212; x_wconf 91' lang='lat'>;</span> <span class='ocrx_word' id='word_1_418' title='bbox 1913 5148 2075 5204; x_wconf 82' lang='lat' dir='ltr'><strong>veluti</strong></span> 
     </span>
    </p>
   </div>
   <div class='ocr_carea' id='block_1_55' title="bbox 482 5227 2074 5295">
    <p class='ocr_par' dir='ltr' id='par_1_55' title="bbox 482 5227 2074 5295">
     <span class='ocr_line' id='line_1_55' title="bbox 482 5227 2074 5295; baseline 0.009 -16"><span class='ocrx_word' id='word_1_419' title='bbox 482 5227 527 5279; x_wconf 85' lang='lat' dir='ltr'><strong>si</strong></span> <span class='ocrx_word' id='word_1_420' title='bbox 559 5227 839 5282; x_wconf 84' lang='lat' dir='ltr'><strong>admiseris</strong></span> <span class='ocrx_word' id='word_1_421' title='bbox 871 5229 1056 5284; x_wconf 83' lang='lat' dir='ltr'><strong>f.dsam</strong></span> <span class='ocrx_word' id='word_1_422' title='bbox 1081 5235 1506 5290; x_wconf 83' lang='lat' dir='ltr'><strong>criminationem</strong></span> <span class='ocrx_word' id='word_1_423' title='bbox 1528 5249 1713 5292; x_wconf 88' lang='lat' dir='ltr'><strong>contra</strong></span> <span class='ocrx_word' id='word_1_424' title='bbox 1741 5239 1951 5294; x_wconf 81' lang='lat' dir='ltr'><strong>fratrem</strong></span> <span class='ocrx_word' id='word_1_425' title='bbox 1983 5258 2074 5295; x_wconf 90' lang='lat' dir='ltr'><strong>ca-</strong></span> 
     </span>
    </p>
   </div>
   <div class='ocr_carea' id='block_1_56' title="bbox 482 5319 2074 5399">
    <p class='ocr_par' dir='ltr' id='par_1_56' title="bbox 482 5319 2074 5399">
     <span class='ocr_line' id='line_1_56' title="bbox 482 5319 2074 5399; baseline 0.011 -28"><span class='ocrx_word' id='word_1_426' title='bbox 482 5319 745 5375; x_wconf 63' lang='lat' dir='ltr'><strong>iumnio~e</strong></span> <span class='ocrx_word' id='word_1_427' title='bbox 790 5322 909 5376; x_wconf 84' lang='lat' dir='ltr'><strong>iusti</strong></span> <span class='ocrx_word' id='word_1_428' title='bbox 939 5335 1079 5379; x_wconf 86' lang='lat' dir='ltr'><strong>utam</strong></span> <span class='ocrx_word' id='word_1_429' title='bbox 1118 5344 1130 5378; x_wconf 93' lang='lat'><strong>:</strong></span> <span class='ocrx_word' id='word_1_430' title='bbox 1166 5329 1481 5382; x_wconf 78' lang='lat' dir='ltr'><strong>Auditioncm</strong></span> <span class='ocrx_word' id='word_1_431' title='bbox 1530 5334 1671 5384; x_wconf 89' lang='lat' dir='ltr'><strong>enim</strong></span> <span class='ocrx_word' id='word_1_432' title='bbox 1727 5349 1938 5399; x_wconf 63' lang='lat' dir='ltr'><strong>vanam,</strong></span> <span class='ocrx_word' id='word_1_433' title='bbox 1995 5335 2074 5387; x_wconf 83' lang='lat' dir='ltr'><strong>in-</strong></span> 
     </span>
    </p>
   </div>
   <div class='ocr_carea' id='block_1_57' title="bbox 479 5410 2070 5491">
    <p class='ocr_par' dir='ltr' id='par_1_57' title="bbox 479 5410 2070 5491">
     <span class='ocr_line' id='line_1_57' title="bbox 479 5410 2070 5491; baseline 0.013 -33"><span class='ocrx_word' id='word_1_434' title='bbox 479 5411 592 5477; x_wconf 85' lang='lat' dir='ltr'><strong>quit</strong></span> <span class='ocrx_word' id='word_1_435' title='bbox 637 5410 927 5479; x_wconf 78' lang='lat' dir='ltr'><strong>St&#39;riptura.</strong></span> <span class='ocrx_word' id='word_1_436' title='bbox 977 5433 1040 5470; x_wconf 87' lang='lat' dir='ltr'><strong>ne</strong></span> <span class='ocrx_word' id='word_1_437' title='bbox 1086 5419 1330 5483; x_wconf 72' lang='lat' dir='ltr'><strong>receperis</strong></span> <span class='ocrx_word' id='word_1_438' title='bbox 1360 5420 1377 5490; x_wconf 94' lang='lat'><strong>(</strong></span> <span class='ocrx_word' id='word_1_439' title='bbox 1404 5420 1566 5472; x_wconf 64' lang='lat' dir='ltr'><strong>Exod.</strong></span> <span class='ocrx_word' id='word_1_440' title='bbox 1599 5422 1688 5476; x_wconf 72' lang='grc'><strong>25.</strong></span> <span class='ocrx_word' id='word_1_441' title='bbox 1725 5425 1744 5475; x_wconf 79' lang='grc'>1</span> <span class='ocrx_word' id='word_1_442' title='bbox 1778 5425 1814 5491; x_wconf 81' lang='grc'><strong>).</strong></span> <span class='ocrx_word' id='word_1_443' title='bbox 1845 5425 1992 5489; x_wconf 81' lang='lat' dir='ltr'><strong>Quod</strong></span> <span class='ocrx_word' id='word_1_444' title='bbox 2025 5426 2070 5479; x_wconf 89' lang='lat' dir='ltr'><strong>si</strong></span> 
     </span>
    </p>
   </div>
   <div class='ocr_carea' id='block_1_58' title="bbox 480 5503 2069 5579">
    <p class='ocr_par' dir='ltr' id='par_1_58' title="bbox 480 5503 2069 5579">
     <span class='ocr_line' id='line_1_58' title="bbox 480 5503 2069 5579; baseline 0.011 -24"><span class='ocrx_word' id='word_1_445' title='bbox 480 5503 578 5564; x_wconf 85' lang='lat' dir='ltr'><strong>illi,</strong></span> <span class='ocrx_word' id='word_1_446' title='bbox 610 5503 696 5572; x_wconf 90' lang='lat' dir='ltr'><strong>qui</strong></span> <span class='ocrx_word' id='word_1_447' title='bbox 725 5507 988 5571; x_wconf 71' lang='grc' dir='ltr'><strong>ι”εοίρὶυ;ιι</strong></span> <span class='ocrx_word' id='word_1_448' title='bbox 1020 5524 1204 5563; x_wconf 82' lang='lat' dir='ltr'><strong>vanam</strong></span> <span class='ocrx_word' id='word_1_449' title='bbox 1235 5513 1584 5579; x_wconf 85' lang='lat' dir='ltr'><strong>auditionem,</strong></span> <span class='ocrx_word' id='word_1_450' title='bbox 1612 5519 1819 5570; x_wconf 83' lang='lat' dir='ltr'><strong>veniam</strong></span> <span class='ocrx_word' id='word_1_451' title='bbox 1850 5533 1951 5572; x_wconf 90' lang='lat' dir='ltr'><strong>non</strong></span> <span class='ocrx_word' id='word_1_452' title='bbox 1977 5519 2069 5573; x_wconf 82' lang='lat' dir='ltr'><strong>ha-</strong></span> 
     </span>
    </p>
   </div>
   <div class='ocr_carea' id='block_1_59' title="bbox 477 5594 2068 5680">
    <p class='ocr_par' dir='ltr' id='par_1_59' title="bbox 477 5594 2068 5680">
     <span class='ocr_line' id='line_1_59' title="bbox 477 5594 2068 5680; baseline 0.014 -34"><span class='ocrx_word' id='word_1_453' title='bbox 477 5594 624 5658; x_wconf 82' lang='lat' dir='ltr'><strong>bent,</strong></span> <span class='ocrx_word' id='word_1_454' title='bbox 654 5601 742 5663; x_wconf 85' lang='lat' dir='ltr'><strong>qui</strong></span> <span class='ocrx_word' id='word_1_455' title='bbox 772 5601 1164 5678; x_wconf 45' lang='lat' dir='ltr'><strong>eqlmnniantur</strong></span> <span class='ocrx_word' id='word_1_456' title='bbox 1194 5615 1244 5658; x_wconf 78' lang='lat' dir='ltr'><strong>et</strong></span> <span class='ocrx_word' id='word_1_457' title='bbox 1273 5607 1642 5678; x_wconf 71' lang='lat' dir='ltr'><strong>criminantur,</strong></span> <span class='ocrx_word' id='word_1_458' title='bbox 1667 5626 1946 5680; x_wconf 82' lang='lat' dir='ltr'><strong>quaninatn</strong></span> <span class='ocrx_word' id='word_1_459' title='bbox 1976 5614 2068 5668; x_wconf 87' lang='lat' dir='ltr'><strong>ha-</strong></span> 
     </span>
    </p>
   </div>
   <div class='ocr_carea' id='block_1_60' title="bbox 479 5689 1133 5753">
    <p class='ocr_par' dir='ltr' id='par_1_60' title="bbox 479 5689 1133 5753">
     <span class='ocr_line' id='line_1_60' title="bbox 479 5689 1133 5753; baseline 0.017 -11"><span class='ocrx_word' id='word_1_460' title='bbox 479 5689 673 5743; x_wconf 78' lang='lat' dir='ltr'><strong>bebunt</strong></span> <span class='ocrx_word' id='word_1_461' title='bbox 707 5697 1133 5753; x_wconf 74' lang='lat' dir='ltr'><strong>excusationem?</strong></span> 
     </span>
    </p>
   </div>
   <div class='ocr_carea' id='block_1_61' title="bbox 1277 285 2099 348">
    <p class='ocr_par' dir='ltr' id='par_1_61' title="bbox 1277 288 2099 348">
     <span class='ocr_line' id='line_1_61' title="bbox 1277 288 2099 348; baseline -0.002 -2"><span class='ocrx_word' id='word_1_462' title='bbox 1277 289 1333 346; x_wconf 77' lang='grc'><strong>8.</strong></span> <span class='ocrx_word' id='word_1_463' title='bbox 1367 289 1484 346; x_wconf 67' lang='lat' dir='ltr'><strong>10A</strong></span> <span class='ocrx_word' id='word_1_464' title='bbox 1494 288 1647 347; x_wconf 76' lang='lat' dir='ltr'><strong>NNIS</strong></span> <span class='ocrx_word' id='word_1_465' title='bbox 1684 289 2099 348; x_wconf 66' lang='lat' dir='ltr'><strong>CIIRYSOSTUI</strong></span> 
     </span>
    </p>
   </div>
   <div class='ocr_carea' id='block_1_62' title="bbox 2207 285 3815 348">
    <p class='ocr_par' dir='ltr' id='par_1_62' title="bbox 2207 285 3815 347">
     <span class='ocr_line' id='line_1_62' title="bbox 2207 285 3815 347; baseline -0.002 -3"><span class='ocrx_word' id='word_1_466' title='bbox 2207 288 2511 347; x_wconf 69' lang='lat' dir='ltr'><strong>ARCHIEP.</strong></span> <span class='ocrx_word' id='word_1_467' title='bbox 2550 288 3092 347; x_wconf 76' lang='lat' dir='ltr'><strong>CONSTANTINOP.</strong></span> <span class='ocrx_word' id='word_1_468' title='bbox 3746 285 3815 340; x_wconf 72' lang='lat' dir='ltr'><strong>ﬂ</strong></span> 
     </span>
    </p>
   </div>
   <div class='ocr_carea' id='block_1_63' title="bbox 2289 397 3819 471">
    <p class='ocr_par' dir='ltr' id='par_1_63' title="bbox 2289 397 3819 471">
     <span class='ocr_line' id='line_1_63' title="bbox 2289 397 3819 471; baseline -0.002 -16"><span class='ocrx_word' id='word_1_469' title='bbox 2289 402 2342 455; x_wconf 81' lang='lat'><strong>5.</strong></span> <span class='ocrx_word' id='word_1_470' title='bbox 2387 403 2450 455; x_wconf 76' lang='lat' dir='ltr'><strong>At</strong></span> <span class='ocrx_word' id='word_1_471' title='bbox 2480 400 2605 471; x_wconf 90' lang='lat' dir='ltr'><strong>quid</strong></span> <span class='ocrx_word' id='word_1_472' title='bbox 2637 401 2755 455; x_wconf 87' lang='lat' dir='ltr'><strong>dico</strong></span> <span class='ocrx_word' id='word_1_473' title='bbox 2781 401 2848 456; x_wconf 92' lang='lat' dir='ltr'><strong>de</strong></span> <span class='ocrx_word' id='word_1_474' title='bbox 2879 400 3053 456; x_wconf 75' lang='lat' dir='ltr'><strong>verbis</strong></span> <span class='ocrx_word' id='word_1_475' title='bbox 3084 408 3139 454; x_wconf 92' lang='lat' dir='ltr'><strong>ct</strong></span> <span class='ocrx_word' id='word_1_476' title='bbox 3163 397 3345 453; x_wconf 89' lang='lat' dir='ltr'><strong>auditu</strong></span> <span class='ocrx_word' id='word_1_477' title='bbox 3369 439 3383 462; x_wconf 88' lang='lat'><strong>,</strong></span> <span class='ocrx_word' id='word_1_478' title='bbox 3416 397 3502 454; x_wconf 89' lang='lat' dir='ltr'><strong>ubi</strong></span> <span class='ocrx_word' id='word_1_479' title='bbox 3533 398 3697 455; x_wconf 85' lang='lat' dir='ltr'><strong>etiam</strong></span> <span class='ocrx_word' id='word_1_480' title='bbox 3723 415 3819 455; x_wconf 76' lang='lat' dir='ltr'><strong>co.</strong></span> 
     </span>
    </p>
   </div>
   <div class='ocr_carea' id='block_1_64' title="bbox 2215 491 3820 563">
    <p class='ocr_par' dir='ltr' id='par_1_64' title="bbox 2215 491 3820 563">
     <span class='ocr_line' id='line_1_64' title="bbox 2215 491 3820 563; baseline 0.002 -18"><span class='ocrx_word' id='word_1_481' title='bbox 2215 493 2528 563; x_wconf 81' lang='lat' dir='ltr'><strong>gitationum</strong></span> <span class='ocrx_word' id='word_1_482' title='bbox 2557 509 2741 563; x_wconf 67' lang='lat' dir='ltr'><strong>paruas</strong></span> <span class='ocrx_word' id='word_1_483' title='bbox 2769 493 3135 548; x_wconf 89' lang='lat' dir='ltr'><strong>sustinemus?</strong></span> <span class='ocrx_word' id='word_1_484' title='bbox 3163 493 3228 547; x_wconf 85' lang='lat' dir='ltr'><strong>Et</strong></span> <span class='ocrx_word' id='word_1_485' title='bbox 3267 491 3371 546; x_wconf 87' lang='lat' dir='ltr'><strong>hoc</strong></span> <span class='ocrx_word' id='word_1_486' title='bbox 3404 492 3577 561; x_wconf 84' lang='lat' dir='ltr'><strong>ipsum</strong></span> <span class='ocrx_word' id='word_1_487' title='bbox 3617 493 3820 549; x_wconf 77' lang='lat' dir='ltr'><strong>Paulus</strong></span> 
     </span>
    </p>
   </div>
   <div class='ocr_carea' id='block_1_65' title="bbox 2216 583 3816 650">
    <p class='ocr_par' dir='ltr' id='par_1_65' title="bbox 2216 583 3816 650">
     <span class='ocr_line' id='line_1_65' title="bbox 2216 583 3816 650; baseline 0 -13"><span class='ocrx_word' id='word_1_488' title='bbox 2216 583 2513 648; x_wconf 85' lang='lat' dir='ltr'><strong>declarans,</strong></span> <span class='ocrx_word' id='word_1_489' title='bbox 2532 583 2662 638; x_wconf 79' lang='lat' dir='ltr'><strong>dixit</strong></span> <span class='ocrx_word' id='word_1_490' title='bbox 2694 602 2706 637; x_wconf 96' lang='lat'>:</span> <span class='ocrx_word' id='word_1_491' title='bbox 2741 583 3076 649; x_wconf 84' lang='lat' dir='ltr'><strong>Quamobrem</strong></span> <span class='ocrx_word' id='word_1_492' title='bbox 3099 601 3159 636; x_wconf 86' lang='lat' dir='ltr'><strong>ne</strong></span> <span class='ocrx_word' id='word_1_493' title='bbox 3189 592 3304 636; x_wconf 83' lang='lat' dir='ltr'><strong>ante</strong></span> <span class='ocrx_word' id='word_1_494' title='bbox 3331 593 3525 650; x_wconf 82' lang='lat' dir='ltr'><strong>tempus</strong></span> <span class='ocrx_word' id='word_1_495' title='bbox 3544 584 3816 650; x_wconf 73' lang='lat' dir='ltr'><strong>judicetis,</strong></span> 
     </span>
    </p>
   </div>
   <div class='ocr_carea' id='block_1_66' title="bbox 2217 673 3819 745">
    <p class='ocr_par' dir='ltr' id='par_1_66' title="bbox 2217 673 3819 745">
     <span class='ocr_line' id='line_1_66' title="bbox 2217 673 3819 745; baseline 0.002 -19"><span class='ocrx_word' id='word_1_496' title='bbox 2217 675 2377 728; x_wconf 85' lang='lat' dir='ltr'><strong>donec</strong></span> <span class='ocrx_word' id='word_1_497' title='bbox 2404 674 2566 727; x_wconf 77' lang='lat' dir='ltr'><strong>veniat</strong></span> <span class='ocrx_word' id='word_1_498' title='bbox 2595 673 2843 728; x_wconf 81' lang='lat' dir='ltr'><strong>Dominus</strong></span> <span class='ocrx_word' id='word_1_499' title='bbox 2869 676 2954 745; x_wconf 80' lang='lat' dir='ltr'><strong>qui</strong></span> <span class='ocrx_word' id='word_1_500' title='bbox 2995 674 3299 728; x_wconf 84' lang='lat' dir='ltr'><strong>illuminabit</strong></span> <span class='ocrx_word' id='word_1_501' title='bbox 3336 675 3533 728; x_wconf 85' lang='lat' dir='ltr'><strong>occulta</strong></span> <span class='ocrx_word' id='word_1_502' title='bbox 3578 677 3819 730; x_wconf 73' lang='lat' dir='ltr'><strong>tenebra-</strong></span> 
     </span>
    </p>
   </div>
   <div class='ocr_carea' id='block_1_67' title="bbox 2216 762 3818 838">
    <p class='ocr_par' dir='ltr' id='par_1_67' title="bbox 2216 762 3818 838">
     <span class='ocr_line' id='line_1_67' title="bbox 2216 762 3818 838; baseline 0.002 -20"><span class='ocrx_word' id='word_1_503' title='bbox 2216 783 2350 831; x_wconf 85' lang='lat' dir='ltr'><strong>rum,</strong></span> <span class='ocrx_word' id='word_1_504' title='bbox 2377 762 2431 819; x_wconf 63' lang='grc' dir='ltr'><strong>ἐι</strong></span> <span class='ocrx_word' id='word_1_505' title='bbox 2455 767 2794 837; x_wconf 76' lang='lat' dir='ltr'><strong>ntanifestabit</strong></span> <span class='ocrx_word' id='word_1_506' title='bbox 2837 769 3049 820; x_wconf 82' lang='lat' dir='ltr'><strong>consilia</strong></span> <span class='ocrx_word' id='word_1_507' title='bbox 3091 766 3318 820; x_wconf 84' lang='lat' dir='ltr'><strong>cordium</strong></span> <span class='ocrx_word' id='word_1_508' title='bbox 3345 767 3439 838; x_wconf 75' lang='grc'><strong>(1.</strong></span> <span class='ocrx_word' id='word_1_509' title='bbox 3472 765 3592 820; x_wconf 88' lang='lat' dir='ltr'><strong>Cor.</strong></span> <span class='ocrx_word' id='word_1_510' title='bbox 3623 767 3678 819; x_wconf 74' lang='grc' dir='ltr'><strong>ι.</strong></span> <span class='ocrx_word' id='word_1_511' title='bbox 3713 768 3748 820; x_wconf 83' lang='lat'><strong>5</strong></span> <span class='ocrx_word' id='word_1_512' title='bbox 3776 769 3818 833; x_wconf 92' lang='lat'><strong>).</strong></span> 
     </span>
    </p>
   </div>
   <div class='ocr_carea' id='block_1_68' title="bbox 2219 853 3822 927">
    <p class='ocr_par' dir='ltr' id='par_1_68' title="bbox 2219 853 3822 927">
     <span class='ocr_line' id='line_1_68' title="bbox 2219 853 3822 927; baseline 0.001 -20"><span class='ocrx_word' id='word_1_513' title='bbox 2219 855 2309 910; x_wconf 90' lang='lat' dir='ltr'><strong>Ille</strong></span> <span class='ocrx_word' id='word_1_514' title='bbox 2346 871 2558 926; x_wconf 89' lang='lat' dir='ltr'><strong>quoque</strong></span> <span class='ocrx_word' id='word_1_515' title='bbox 2585 858 2908 927; x_wconf 87' lang='lat' dir='ltr'><strong>psalmorum</strong></span> <span class='ocrx_word' id='word_1_516' title='bbox 2948 867 3134 910; x_wconf 85' lang='lat' dir='ltr'><strong>cautor</strong></span> <span class='ocrx_word' id='word_1_517' title='bbox 3163 855 3268 917; x_wconf 86' lang='lat' dir='ltr'><strong>ait.</strong></span> <span class='ocrx_word' id='word_1_518' title='bbox 3308 853 3555 926; x_wconf 85' lang='lat' dir='ltr'><strong>Cogitatio</strong></span> <span class='ocrx_word' id='word_1_519' title='bbox 3594 855 3822 909; x_wconf 82' lang='lat' dir='ltr'><strong>homims</strong></span> 
     </span>
    </p>
   </div>
   <div class='ocr_carea' id='block_1_69' title="bbox 2216 946 3817 1018">
    <p class='ocr_par' dir='ltr' id='par_1_69' title="bbox 2216 946 3817 1018">
     <span class='ocr_line' id='line_1_69' title="bbox 2216 946 3817 1018; baseline 0.001 -20"><span class='ocrx_word' id='word_1_520' title='bbox 2216 948 2535 1014; x_wconf 79' lang='lat' dir='ltr'><strong>conﬁtebitur</strong></span> <span class='ocrx_word' id='word_1_521' title='bbox 2561 949 2648 1002; x_wconf 86' lang='lat' dir='ltr'><strong>tibi</strong></span> <span class='ocrx_word' id='word_1_522' title='bbox 2676 949 2692 1018; x_wconf 94' lang='lat'>(</span> <span class='ocrx_word' id='word_1_523' title='bbox 2716 947 2863 1002; x_wconf 86' lang='lat' dir='ltr'><strong>Psal.</strong></span> <span class='ocrx_word' id='word_1_524' title='bbox 2888 950 2975 1004; x_wconf 77' lang='grc'><strong>75.</strong></span> <span class='ocrx_word' id='word_1_525' title='bbox 3009 949 3064 1002; x_wconf 82' lang='grc' dir='ltr'>Η</span> <span class='ocrx_word' id='word_1_526' title='bbox 3094 947 3133 1017; x_wconf 92' lang='grc'><strong>).</strong></span> <span class='ocrx_word' id='word_1_527' title='bbox 3162 947 3298 1014; x_wconf 86' lang='lat' dir='ltr'><strong>Quid</strong></span> <span class='ocrx_word' id='word_1_528' title='bbox 3320 957 3497 1001; x_wconf 89' lang='lat' dir='ltr'><strong>autem</strong></span> <span class='ocrx_word' id='word_1_529' title='bbox 3529 946 3656 1000; x_wconf 85' lang='lat' dir='ltr'><strong>illud</strong></span> <span class='ocrx_word' id='word_1_530' title='bbox 3689 956 3774 1000; x_wconf 85' lang='lat' dir='ltr'><strong>est</strong></span> <span class='ocrx_word' id='word_1_531' title='bbox 3801 987 3817 1010; x_wconf 89' lang='lat'><strong>,</strong></span> 
     </span>
    </p>
   </div>
   <div class='ocr_carea' id='block_1_70' title="bbox 2216 1037 3821 1109">
    <p class='ocr_par' dir='ltr' id='par_1_70' title="bbox 2216 1037 3821 1109">
     <span class='ocr_line' id='line_1_70' title="bbox 2216 1037 3821 1109; baseline -0.001 -18"><span class='ocrx_word' id='word_1_532' title='bbox 2216 1037 2466 1107; x_wconf 86' lang='lat' dir='ltr'><strong>Cogitatio</strong></span> <span class='ocrx_word' id='word_1_533' title='bbox 2507 1041 2721 1094; x_wconf 81' lang='lat' dir='ltr'><strong>hominis</strong></span> <span class='ocrx_word' id='word_1_534' title='bbox 2750 1040 3068 1109; x_wconf 75' lang='lat' dir='ltr'><strong>conﬁtebitur</strong></span> <span class='ocrx_word' id='word_1_535' title='bbox 3097 1039 3186 1092; x_wconf 83' lang='lat' dir='ltr'><strong>tibi</strong></span> <span class='ocrx_word' id='word_1_536' title='bbox 3207 1039 3233 1091; x_wconf 79' lang='lat'><strong>.’</strong></span> <span class='ocrx_word' id='word_1_537' title='bbox 3265 1037 3436 1092; x_wconf 81' lang='lat' dir='ltr'><strong>Veluti</strong></span> <span class='ocrx_word' id='word_1_538' title='bbox 3467 1039 3510 1090; x_wconf 89' lang='lat' dir='ltr'><strong>si</strong></span> <span class='ocrx_word' id='word_1_539' title='bbox 3535 1052 3657 1090; x_wconf 90' lang='lat' dir='ltr'><strong>cum</strong></span> <span class='ocrx_word' id='word_1_540' title='bbox 3689 1037 3821 1090; x_wconf 85' lang='lat' dir='ltr'><strong>dolo</strong></span> 
     </span>
    </p>
   </div>
   <div class='ocr_carea' id='block_1_71' title="bbox 2216 1128 3820 1201">
    <p class='ocr_par' dir='ltr' id='par_1_71' title="bbox 2216 1128 3820 1201">
     <span class='ocr_line' id='line_1_71' title="bbox 2216 1128 3820 1201; baseline -0.002 -16"><span class='ocrx_word' id='word_1_541' title='bbox 2216 1141 2268 1185; x_wconf 90' lang='lat' dir='ltr'><strong>et</strong></span> <span class='ocrx_word' id='word_1_542' title='bbox 2289 1130 2425 1184; x_wconf 89' lang='lat' dir='ltr'><strong>mala</strong></span> <span class='ocrx_word' id='word_1_543' title='bbox 2454 1141 2632 1186; x_wconf 85' lang='lat' dir='ltr'><strong>mente</strong></span> <span class='ocrx_word' id='word_1_544' title='bbox 2662 1130 2880 1186; x_wconf 86' lang='lat' dir='ltr'><strong>fratrem</strong></span> <span class='ocrx_word' id='word_1_545' title='bbox 2909 1131 3196 1201; x_wconf 87' lang='lat' dir='ltr'><strong>alloquaris</strong></span> <span class='ocrx_word' id='word_1_546' title='bbox 3223 1146 3236 1182; x_wconf 90' lang='lat'><strong>:</strong></span> <span class='ocrx_word' id='word_1_547' title='bbox 3261 1129 3303 1182; x_wconf 94' lang='lat' dir='ltr'><strong>si</strong></span> <span class='ocrx_word' id='word_1_548' title='bbox 3326 1143 3420 1182; x_wconf 90' lang='lat' dir='ltr'><strong>ore</strong></span> <span class='ocrx_word' id='word_1_549' title='bbox 3451 1128 3601 1181; x_wconf 91' lang='lat' dir='ltr'><strong>illum</strong></span> <span class='ocrx_word' id='word_1_550' title='bbox 3631 1137 3686 1181; x_wconf 87' lang='lat' dir='ltr'><strong>et</strong></span> <span class='ocrx_word' id='word_1_551' title='bbox 3716 1129 3820 1181; x_wconf 83' lang='lat' dir='ltr'><strong>lin-</strong></span> 
     </span>
    </p>
   </div>
   <div class='ocr_carea' id='block_1_72' title="bbox 2215 1220 3842 1291">
    <p class='ocr_par' dir='ltr' id='par_1_72' title="bbox 2215 1220 3842 1291">
     <span class='ocr_line' id='line_1_72' title="bbox 2215 1220 3842 1291; baseline -0.002 -14"><span class='ocrx_word' id='word_1_552' title='bbox 2215 1239 2314 1287; x_wconf 77' lang='lat' dir='ltr'><strong>gua</strong></span> <span class='ocrx_word' id='word_1_553' title='bbox 2345 1224 2614 1288; x_wconf 75' lang='lat' dir='ltr'><strong>celebres,</strong></span> <span class='ocrx_word' id='word_1_554' title='bbox 2644 1233 2820 1280; x_wconf 87' lang='lat' dir='ltr'><strong>mente</strong></span> <span class='ocrx_word' id='word_1_555' title='bbox 2847 1233 3024 1278; x_wconf 87' lang='lat' dir='ltr'><strong>autem</strong></span> <span class='ocrx_word' id='word_1_556' title='bbox 3055 1223 3193 1276; x_wconf 87' lang='lat' dir='ltr'><strong>mala</strong></span> <span class='ocrx_word' id='word_1_557' title='bbox 3225 1222 3425 1291; x_wconf 78' lang='lat' dir='ltr'><strong>cogites</strong></span> <span class='ocrx_word' id='word_1_558' title='bbox 3444 1260 3461 1284; x_wconf 69' lang='grc' dir='ltr'><strong>ι</strong></span> <span class='ocrx_word' id='word_1_559' title='bbox 3486 1220 3643 1290; x_wconf 88' lang='lat' dir='ltr'><strong>eique</strong></span> <span class='ocrx_word' id='word_1_560' title='bbox 3671 1221 3842 1280; x_wconf 83' lang='lat' dir='ltr'><strong>invi-_</strong></span> 
     </span>
    </p>
   </div>
   <div class='ocr_carea' id='block_1_73' title="bbox 2215 1312 3819 1385">
    <p class='ocr_par' dir='ltr' id='par_1_73' title="bbox 2215 1312 3819 1385">
     <span class='ocr_line' id='line_1_73' title="bbox 2215 1312 3819 1385; baseline -0.001 -17"><span class='ocrx_word' id='word_1_561' title='bbox 2215 1314 2363 1369; x_wconf 88' lang='lat' dir='ltr'><strong>dcas.</strong></span> <span class='ocrx_word' id='word_1_562' title='bbox 2394 1315 2526 1370; x_wconf 84' lang='lat' dir='ltr'><strong>illud</strong></span> <span class='ocrx_word' id='word_1_563' title='bbox 2547 1316 2689 1370; x_wconf 90' lang='lat' dir='ltr'><strong>enim</strong></span> <span class='ocrx_word' id='word_1_564' title='bbox 2715 1317 2886 1385; x_wconf 92' lang='lat' dir='ltr'><strong>ipsum</strong></span> <span class='ocrx_word' id='word_1_565' title='bbox 2907 1314 3153 1369; x_wconf 87' lang='lat' dir='ltr'><strong>Christus</strong></span> <span class='ocrx_word' id='word_1_566' title='bbox 3177 1312 3520 1367; x_wconf 87' lang='lat' dir='ltr'><strong>subindicans</strong></span> <span class='ocrx_word' id='word_1_567' title='bbox 3538 1354 3552 1378; x_wconf 92' lang='lat'><strong>,</strong></span> <span class='ocrx_word' id='word_1_568' title='bbox 3585 1326 3683 1366; x_wconf 90' lang='lat' dir='ltr'><strong>nos</strong></span> <span class='ocrx_word' id='word_1_569' title='bbox 3708 1327 3819 1367; x_wconf 84' lang='lat' dir='ltr'><strong>non</strong></span> 
     </span>
    </p>
   </div>
   <div class='ocr_carea' id='block_1_74' title="bbox 2217 1404 3816 1476">
    <p class='ocr_par' dir='ltr' id='par_1_74' title="bbox 2217 1404 3816 1476">
     <span class='ocr_line' id='line_1_74' title="bbox 2217 1404 3816 1476; baseline 0 -17"><span class='ocrx_word' id='word_1_570' title='bbox 2217 1407 2389 1460; x_wconf 89' lang='lat' dir='ltr'><strong>solum</strong></span> <span class='ocrx_word' id='word_1_571' title='bbox 2431 1406 2688 1460; x_wconf 90' lang='lat' dir='ltr'><strong>factorum</strong></span> <span class='ocrx_word' id='word_1_572' title='bbox 2716 1447 2732 1471; x_wconf 92' lang='lat'><strong>,</strong></span> <span class='ocrx_word' id='word_1_573' title='bbox 2778 1406 2871 1460; x_wconf 90' lang='lat' dir='ltr'><strong>sed</strong></span> <span class='ocrx_word' id='word_1_574' title='bbox 2911 1413 2964 1461; x_wconf 91' lang='lat' dir='ltr'><strong>et</strong></span> <span class='ocrx_word' id='word_1_575' title='bbox 3001 1405 3382 1476; x_wconf 83' lang='lat' dir='ltr'><strong>cogitationum</strong></span> <span class='ocrx_word' id='word_1_576' title='bbox 3414 1419 3628 1473; x_wconf 72' lang='lat' dir='ltr'><strong>poenam</strong></span> <span class='ocrx_word' id='word_1_577' title='bbox 3662 1404 3816 1459; x_wconf 90' lang='lat' dir='ltr'><strong>luere</strong></span> 
     </span>
    </p>
   </div>
   <div class='ocr_carea' id='block_1_75' title="bbox 2215 1497 3816 1568">
    <p class='ocr_par' dir='ltr' id='par_1_75' title="bbox 2215 1497 3816 1568">
     <span class='ocr_line' id='line_1_75' title="bbox 2215 1497 3816 1568; baseline -0.001 -16"><span class='ocrx_word' id='word_1_578' title='bbox 2215 1497 2350 1552; x_wconf 88' lang='lat' dir='ltr'><strong>dixit</strong></span> <span class='ocrx_word' id='word_1_579' title='bbox 2373 1515 2385 1553; x_wconf 90' lang='lat'><strong>:</strong></span> <span class='ocrx_word' id='word_1_580' title='bbox 2416 1497 2515 1562; x_wconf 82' lang='lat' dir='ltr'><strong>Qui</strong></span> <span class='ocrx_word' id='word_1_581' title='bbox 2534 1499 2806 1568; x_wconf 76' lang='lat' dir='ltr'><strong>inspexerit</strong></span> <span class='ocrx_word' id='word_1_582' title='bbox 2834 1499 3092 1552; x_wconf 82' lang='lat' dir='ltr'><strong>mulierem</strong></span> <span class='ocrx_word' id='word_1_583' title='bbox 3114 1499 3181 1551; x_wconf 89' lang='lat' dir='ltr'><strong>ad</strong></span> <span class='ocrx_word' id='word_1_584' title='bbox 3199 1499 3654 1566; x_wconf 80' lang='lat' dir='ltr'><strong>concupiscendum</strong></span> <span class='ocrx_word' id='word_1_585' title='bbox 3676 1515 3816 1562; x_wconf 83' lang='lat' dir='ltr'><strong>eam,</strong></span> 
     </span>
    </p>
   </div>
   <div class='ocr_carea' id='block_1_76' title="bbox 2208 1588 3820 1660">
    <p class='ocr_par' dir='ltr' id='par_1_76' title="bbox 2208 1588 3820 1660">
     <span class='ocr_line' id='line_1_76' title="bbox 2208 1588 3820 1660; baseline 0.002 -20"><span class='ocrx_word' id='word_1_586' title='bbox 2208 1588 2322 1658; x_wconf 84' lang='lat' dir='ltr'><strong>jam</strong></span> <span class='ocrx_word' id='word_1_587' title='bbox 2351 1590 2624 1644; x_wconf 67' lang='lat' dir='ltr'><strong>masc/tatus</strong></span> <span class='ocrx_word' id='word_1_588' title='bbox 2647 1601 2720 1644; x_wconf 82' lang='lat' dir='ltr'><strong>est</strong></span> <span class='ocrx_word' id='word_1_589' title='bbox 2743 1608 2854 1643; x_wconf 89' lang='lat' dir='ltr'><strong>eam</strong></span> <span class='ocrx_word' id='word_1_590' title='bbox 2873 1590 2924 1643; x_wconf 86' lang='lat' dir='ltr'><strong>in</strong></span> <span class='ocrx_word' id='word_1_591' title='bbox 2947 1592 3100 1643; x_wconf 86' lang='lat' dir='ltr'><strong>corde</strong></span> <span class='ocrx_word' id='word_1_592' title='bbox 3119 1606 3211 1643; x_wconf 83' lang='lat' dir='ltr'><strong>suo</strong></span> <span class='ocrx_word' id='word_1_593' title='bbox 3229 1591 3252 1658; x_wconf 55' lang='grc'><strong>,(</strong></span> <span class='ocrx_word' id='word_1_594' title='bbox 3277 1588 3466 1643; x_wconf 83' lang='lat' dir='ltr'><strong>Matth.</strong></span> <span class='ocrx_word' id='word_1_595' title='bbox 3497 1589 3550 1644; x_wconf 85' lang='lat'><strong>5.</strong></span> <span class='ocrx_word' id='word_1_596' title='bbox 3576 1589 3699 1660; x_wconf 71' lang='lat'><strong>28).</strong></span> <span class='ocrx_word' id='word_1_597' title='bbox 3721 1591 3820 1643; x_wconf 47' lang='lat' dir='ltr'><strong>At-</strong></span> 
     </span>
    </p>
   </div>
   <div class='ocr_carea' id='block_1_77' title="bbox 2216 1680 3820 1766">
    <p class='ocr_par' dir='ltr' id='par_1_77' title="bbox 2216 1680 3820 1766">
     <span class='ocr_line' id='line_1_77' title="bbox 2216 1680 3820 1766; baseline 0.002 -35"><span class='ocrx_word' id='word_1_598' title='bbox 2216 1680 2304 1747; x_wconf 89' lang='lat' dir='ltr'><strong>qui</strong></span> <span class='ocrx_word' id='word_1_599' title='bbox 2333 1694 2436 1732; x_wconf 91' lang='lat' dir='ltr'><strong>non</strong></span> <span class='ocrx_word' id='word_1_600' title='bbox 2468 1681 2642 1748; x_wconf 83' lang='lat' dir='ltr'><strong>erupit</strong></span> <span class='ocrx_word' id='word_1_601' title='bbox 2668 1680 2719 1734; x_wconf 90' lang='lat' dir='ltr'><strong>in</strong></span> <span class='ocrx_word' id='word_1_602' title='bbox 2747 1695 2882 1766; x_wconf 81' lang='lat' dir='ltr'><strong>opus</strong></span> <span class='ocrx_word' id='word_1_603' title='bbox 2910 1681 3081 1749; x_wconf 85' lang='lat' dir='ltr'><strong>ipsum</strong></span> <span class='ocrx_word' id='word_1_604' title='bbox 3112 1691 3407 1750; x_wconf 86' lang='lat' dir='ltr'><strong>peceatum,</strong></span> <span class='ocrx_word' id='word_1_605' title='bbox 3433 1681 3526 1734; x_wconf 85' lang='lat' dir='ltr'><strong>sed</strong></span> <span class='ocrx_word' id='word_1_606' title='bbox 3556 1681 3820 1736; x_wconf 84' lang='lat' dir='ltr'><strong>hactenus</strong></span> 
     </span>
    </p>
   </div>
   <div class='ocr_carea' id='block_1_78' title="bbox 2217 1770 3822 1842">
    <p class='ocr_par' dir='ltr' id='par_1_78' title="bbox 2217 1770 3822 1842">
     <span class='ocr_line' id='line_1_78' title="bbox 2217 1770 3822 1842; baseline 0.002 -19"><span class='ocrx_word' id='word_1_607' title='bbox 2217 1770 2271 1823; x_wconf 90' lang='lat' dir='ltr'><strong>in</strong></span> <span class='ocrx_word' id='word_1_608' title='bbox 2295 1770 2410 1824; x_wconf 91' lang='lat' dir='ltr'><strong>solo</strong></span> <span class='ocrx_word' id='word_1_609' title='bbox 2428 1771 2608 1825; x_wconf 91' lang='lat' dir='ltr'><strong>animo</strong></span> <span class='ocrx_word' id='word_1_610' title='bbox 2627 1773 2872 1827; x_wconf 85' lang='lat' dir='ltr'><strong>consistit</strong></span> <span class='ocrx_word' id='word_1_611' title='bbox 2902 1790 2914 1826; x_wconf 92' lang='lat'><strong>:</strong></span> <span class='ocrx_word' id='word_1_612' title='bbox 2941 1788 3121 1828; x_wconf 87' lang='lat' dir='ltr'><strong>verum</strong></span> <span class='ocrx_word' id='word_1_613' title='bbox 3152 1788 3219 1827; x_wconf 93' lang='lat' dir='ltr'><strong>ne</strong></span> <span class='ocrx_word' id='word_1_614' title='bbox 3245 1773 3312 1826; x_wconf 89' lang='lat' dir='ltr'><strong>ita</strong></span> <span class='ocrx_word' id='word_1_615' title='bbox 3334 1773 3548 1842; x_wconf 90' lang='lat' dir='ltr'><strong>quidem</strong></span> <span class='ocrx_word' id='word_1_616' title='bbox 3574 1774 3822 1842; x_wconf 84' lang='lat' dir='ltr'><strong>inculpa-</strong></span> 
     </span>
    </p>
   </div>
   <div class='ocr_carea' id='block_1_79' title="bbox 2217 1862 3822 1933">
    <p class='ocr_par' dir='ltr' id='par_1_79' title="bbox 2217 1862 3822 1933">
     <span class='ocr_line' id='line_1_79' title="bbox 2217 1862 3822 1933; baseline 0.002 -19"><span class='ocrx_word' id='word_1_617' title='bbox 2217 1869 2299 1914; x_wconf 86' lang='lat' dir='ltr'><strong>tus</strong></span> <span class='ocrx_word' id='word_1_618' title='bbox 2330 1877 2544 1916; x_wconf 91' lang='lat' dir='ltr'><strong>manere</strong></span> <span class='ocrx_word' id='word_1_619' title='bbox 2571 1871 2763 1931; x_wconf 89' lang='lat' dir='ltr'><strong>potest,</strong></span> <span class='ocrx_word' id='word_1_620' title='bbox 2794 1863 2883 1933; x_wconf 92' lang='lat' dir='ltr'><strong>qui</strong></span> <span class='ocrx_word' id='word_1_621' title='bbox 2914 1863 3032 1917; x_wconf 90' lang='lat' dir='ltr'><strong>ideo</strong></span> <span class='ocrx_word' id='word_1_622' title='bbox 3059 1863 3452 1932; x_wconf 87' lang='lat' dir='ltr'><strong>contemplatur</strong></span> <span class='ocrx_word' id='word_1_623' title='bbox 3480 1862 3679 1916; x_wconf 81' lang='lat' dir='ltr'><strong>formas</strong></span> <span class='ocrx_word' id='word_1_624' title='bbox 3707 1880 3822 1918; x_wconf 86' lang='lat' dir='ltr'><strong>mu-</strong></span> 
     </span>
    </p>
   </div>
   <div class='ocr_carea' id='block_1_80' title="bbox 2219 1947 3818 2022">
    <p class='ocr_par' dir='ltr' id='par_1_80' title="bbox 2219 1947 3818 2022">
     <span class='ocr_line' id='line_1_80' title="bbox 2219 1947 3818 2022; baseline 0.003 -18"><span class='ocrx_word' id='word_1_625' title='bbox 2219 1951 2406 2006; x_wconf 89' lang='lat' dir='ltr'><strong>lierum</strong></span> <span class='ocrx_word' id='word_1_626' title='bbox 2437 1994 2451 2018; x_wconf 92' lang='lat'><strong>,</strong></span> <span class='ocrx_word' id='word_1_627' title='bbox 2500 1961 2556 2006; x_wconf 90' lang='lat' dir='ltr'><strong>ut</strong></span> <span class='ocrx_word' id='word_1_628' title='bbox 2597 1954 2842 2007; x_wconf 89' lang='lat' dir='ltr'><strong>incendat</strong></span> <span class='ocrx_word' id='word_1_629' title='bbox 2887 1953 3257 2009; x_wconf 87' lang='lat' dir='ltr'><strong>fornicationis</strong></span> <span class='ocrx_word' id='word_1_630' title='bbox 3299 1947 3818 2022; x_wconf 74' lang='lat' dir='ltr'><strong>concupiscentiam.</strong></span> 
     </span>
    </p>
   </div>
   <div class='ocr_carea' id='block_1_81' title="bbox 2217 2041 3823 2111">
    <p class='ocr_par' dir='ltr' id='par_1_81' title="bbox 2217 2041 3823 2111">
     <span class='ocr_line' id='line_1_81' title="bbox 2217 2041 3823 2111; baseline 0.003 -16"><span class='ocrx_word' id='word_1_631' title='bbox 2217 2041 2347 2095; x_wconf 91' lang='lat' dir='ltr'><strong>Cum</strong></span> <span class='ocrx_word' id='word_1_632' title='bbox 2381 2043 2537 2111; x_wconf 82' lang='lat' dir='ltr'><strong>igitur</strong></span> <span class='ocrx_word' id='word_1_633' title='bbox 2567 2044 2835 2098; x_wconf 88' lang='lat' dir='ltr'><strong>audiveris</strong></span> <span class='ocrx_word' id='word_1_634' title='bbox 2877 2060 2997 2098; x_wconf 92' lang='lat' dir='ltr'><strong>eum</strong></span> <span class='ocrx_word' id='word_1_635' title='bbox 3032 2045 3293 2098; x_wconf 88' lang='lat' dir='ltr'><strong>rationem</strong></span> <span class='ocrx_word' id='word_1_636' title='bbox 3339 2059 3459 2097; x_wconf 93' lang='lat' dir='ltr'><strong>cum</strong></span> <span class='ocrx_word' id='word_1_637' title='bbox 3503 2046 3674 2099; x_wconf 81' lang='lat' dir='ltr'><strong>servis</strong></span> <span class='ocrx_word' id='word_1_638' title='bbox 3706 2047 3823 2100; x_wconf 86' lang='lat' dir='ltr'><strong>suis</strong></span> 
     </span>
    </p>
   </div>
   <div class='ocr_carea' id='block_1_82' title="bbox 2214 2130 3827 2204">
    <p class='ocr_par' dir='ltr' id='par_1_82' title="bbox 2214 2130 3827 2204">
     <span class='ocr_line' id='line_1_82' title="bbox 2214 2130 3827 2204; baseline -0.001 -19"><span class='ocrx_word' id='word_1_639' title='bbox 2214 2130 2460 2187; x_wconf 87' lang='lat' dir='ltr'><strong>conferre</strong></span> <span class='ocrx_word' id='word_1_640' title='bbox 2486 2173 2499 2197; x_wconf 85' lang='lat'><strong>,</strong></span> <span class='ocrx_word' id='word_1_641' title='bbox 2533 2149 2599 2187; x_wconf 92' lang='lat' dir='ltr'><strong>ne</strong></span> <span class='ocrx_word' id='word_1_642' title='bbox 2625 2133 2755 2187; x_wconf 87' lang='lat' dir='ltr'><strong>mihi</strong></span> <span class='ocrx_word' id='word_1_643' title='bbox 2785 2134 3114 2204; x_wconf 86' lang='lat' dir='ltr'><strong>negligenter</strong></span> <span class='ocrx_word' id='word_1_644' title='bbox 3143 2144 3427 2202; x_wconf 60' lang='lat' dir='ltr'><strong>pratereas</strong></span> <span class='ocrx_word' id='word_1_645' title='bbox 3458 2134 3601 2188; x_wconf 90' lang='lat' dir='ltr'><strong>illam</strong></span> <span class='ocrx_word' id='word_1_646' title='bbox 3630 2135 3827 2193; x_wconf 53' lang='lat' dir='ltr'><strong>dicti).</strong></span> 
     </span>
    </p>
   </div>
   <div class='ocr_carea' id='block_1_83' title="bbox 2217 2225 3798 2296">
    <p class='ocr_par' dir='ltr' id='par_1_83' title="bbox 2217 2225 3798 2296">
     <span class='ocr_line' id='line_1_83' title="bbox 2217 2225 3798 2296; baseline 0.003 -20"><span class='ocrx_word' id='word_1_647' title='bbox 2217 2237 2337 2277; x_wconf 90' lang='lat' dir='ltr'><strong>nem</strong></span> <span class='ocrx_word' id='word_1_648' title='bbox 2369 2241 2381 2276; x_wconf 86' lang='lat'><strong>:</strong></span> <span class='ocrx_word' id='word_1_649' title='bbox 2416 2225 2510 2278; x_wconf 88' lang='lat' dir='ltr'><strong>sed</strong></span> <span class='ocrx_word' id='word_1_650' title='bbox 2541 2225 2641 2279; x_wconf 88' lang='lat' dir='ltr'><strong>hoc</strong></span> <span class='ocrx_word' id='word_1_651' title='bbox 2667 2226 2902 2296; x_wconf 83' lang='lat' dir='ltr'><strong>intelligo</strong></span> <span class='ocrx_word' id='word_1_652' title='bbox 2932 2227 2997 2280; x_wconf 91' lang='lat' dir='ltr'><strong>de</strong></span> <span class='ocrx_word' id='word_1_653' title='bbox 3020 2229 3164 2280; x_wconf 90' lang='lat' dir='ltr'><strong>omni</strong></span> <span class='ocrx_word' id='word_1_654' title='bbox 3193 2227 3379 2280; x_wconf 89' lang='lat' dir='ltr'><strong>ordine</strong></span> <span class='ocrx_word' id='word_1_655' title='bbox 3400 2268 3414 2291; x_wconf 90' lang='lat'><strong>,</strong></span> <span class='ocrx_word' id='word_1_656' title='bbox 3445 2228 3590 2280; x_wconf 91' lang='lat' dir='ltr'><strong>omni</strong></span> <span class='ocrx_word' id='word_1_657' title='bbox 3621 2236 3798 2290; x_wconf 80' lang='lat' dir='ltr'><strong>:ctate,</strong></span> 
     </span>
    </p>
   </div>
   <div class='ocr_carea' id='block_1_84' title="bbox 2217 2318 3823 2387">
    <p class='ocr_par' dir='ltr' id='par_1_84' title="bbox 2217 2318 3823 2387">
     <span class='ocr_line' id='line_1_84' title="bbox 2217 2318 3823 2387; baseline 0 -19"><span class='ocrx_word' id='word_1_658' title='bbox 2217 2325 2446 2387; x_wconf 91' lang='lat' dir='ltr'><strong>utroque</strong></span> <span class='ocrx_word' id='word_1_659' title='bbox 2472 2333 2622 2382; x_wconf 79' lang='lat' dir='ltr'><strong>sexu,</strong></span> <span class='ocrx_word' id='word_1_660' title='bbox 2652 2329 2706 2373; x_wconf 91' lang='lat' dir='ltr'><strong>et</strong></span> <span class='ocrx_word' id='word_1_661' title='bbox 2735 2321 2967 2372; x_wconf 90' lang='lat' dir='ltr'><strong>virorum</strong></span> <span class='ocrx_word' id='word_1_662' title='bbox 2996 2329 3048 2372; x_wconf 88' lang='lat' dir='ltr'><strong>et</strong></span> <span class='ocrx_word' id='word_1_663' title='bbox 3077 2319 3390 2372; x_wconf 83' lang='lat' dir='ltr'><strong>feminarum</strong></span> <span class='ocrx_word' id='word_1_664' title='bbox 3419 2336 3431 2371; x_wconf 89' lang='lat'><strong>:</strong></span> <span class='ocrx_word' id='word_1_665' title='bbox 3461 2318 3632 2387; x_wconf 82' lang='lat' dir='ltr'><strong>cogita</strong></span> <span class='ocrx_word' id='word_1_666' title='bbox 3660 2321 3823 2386; x_wconf 82' lang='lat' dir='ltr'><strong>quale</strong></span> 
     </span>
    </p>
   </div>
   <div class='ocr_carea' id='block_1_85' title="bbox 2216 2392 3813 2478">
    <p class='ocr_par' dir='ltr' id='par_1_85' title="bbox 2216 2392 3813 2478">
     <span class='ocr_line' id='line_1_85' title="bbox 2216 2392 3813 2478; baseline 0 -20"><span class='ocrx_word' id='word_1_667' title='bbox 2216 2406 2344 2461; x_wconf 90' lang='lat' dir='ltr'><strong>illud</strong></span> <span class='ocrx_word' id='word_1_668' title='bbox 2372 2408 2628 2477; x_wconf 89' lang='lat' dir='ltr'><strong>judicium</strong></span> <span class='ocrx_word' id='word_1_669' title='bbox 2661 2392 2997 2474; x_wconf 16' lang='lat' dir='ltr'><strong>sitirevolve</strong></span> <span class='ocrx_word' id='word_1_670' title='bbox 3020 2419 3276 2478; x_wconf 88' lang='lat' dir='ltr'><strong>perpetuo</strong></span> <span class='ocrx_word' id='word_1_671' title='bbox 3300 2419 3384 2461; x_wconf 88' lang='lat' dir='ltr'><strong>tua</strong></span> <span class='ocrx_word' id='word_1_672' title='bbox 3417 2417 3649 2476; x_wconf 87' lang='lat' dir='ltr'><strong>peccata.</strong></span> <span class='ocrx_word' id='word_1_673' title='bbox 3683 2407 3813 2460; x_wconf 79' lang='lat' dir='ltr'><strong>Nam</strong></span> 
     </span>
    </p>
   </div>
   <div class='ocr_carea' id='block_1_86' title="bbox 2215 2498 3822 2566">
    <p class='ocr_par' dir='ltr' id='par_1_86' title="bbox 2215 2498 3822 2566">
     <span class='ocr_line' id='line_1_86' title="bbox 2215 2498 3822 2566; baseline 0 -13"><span class='ocrx_word' id='word_1_674' title='bbox 2215 2499 2314 2553; x_wconf 88' lang='lat' dir='ltr'><strong>etsi</strong></span> <span class='ocrx_word' id='word_1_675' title='bbox 2366 2500 2481 2566; x_wconf 89' lang='lat' dir='ltr'><strong>ipse</strong></span> <span class='ocrx_word' id='word_1_676' title='bbox 2531 2499 2729 2553; x_wconf 73' lang='lat' dir='ltr'><strong>oblitus</strong></span> <span class='ocrx_word' id='word_1_677' title='bbox 2781 2500 2942 2554; x_wconf 88' lang='lat' dir='ltr'><strong>fueris</strong></span> <span class='ocrx_word' id='word_1_678' title='bbox 2998 2511 3204 2553; x_wconf 90' lang='lat' dir='ltr'><strong>tuorum</strong></span> <span class='ocrx_word' id='word_1_679' title='bbox 3257 2500 3573 2554; x_wconf 89' lang='lat' dir='ltr'><strong>delictorum</strong></span> <span class='ocrx_word' id='word_1_680' title='bbox 3603 2541 3620 2565; x_wconf 90' lang='lat'><strong>,</strong></span> <span class='ocrx_word' id='word_1_681' title='bbox 3675 2498 3822 2553; x_wconf 77' lang='lat' dir='ltr'><strong>Dens</strong></span> 
     </span>
    </p>
   </div>
   <div class='ocr_carea' id='block_1_87' title="bbox 2217 2590 3820 2658">
    <p class='ocr_par' dir='ltr' id='par_1_87' title="bbox 2217 2590 3820 2658">
     <span class='ocr_line' id='line_1_87' title="bbox 2217 2590 3820 2658; baseline 0 -15"><span class='ocrx_word' id='word_1_682' title='bbox 2217 2605 2503 2658; x_wconf 83' lang='lat' dir='ltr'><strong>numquam</strong></span> <span class='ocrx_word' id='word_1_683' title='bbox 2535 2590 2877 2644; x_wconf 65' lang='lat' dir='ltr'><strong>obliviscetur</strong></span> <span class='ocrx_word' id='word_1_684' title='bbox 2901 2632 2914 2654; x_wconf 88' lang='lat'><strong>,</strong></span> <span class='ocrx_word' id='word_1_685' title='bbox 2959 2601 3010 2644; x_wconf 90' lang='lat' dir='ltr'><strong>et</strong></span> <span class='ocrx_word' id='word_1_686' title='bbox 3041 2592 3218 2644; x_wconf 88' lang='lat' dir='ltr'><strong>omnia</strong></span> <span class='ocrx_word' id='word_1_687' title='bbox 3251 2600 3374 2646; x_wconf 91' lang='lat' dir='ltr'><strong>ante</strong></span> <span class='ocrx_word' id='word_1_688' title='bbox 3402 2592 3586 2645; x_wconf 90' lang='lat' dir='ltr'><strong>oculos</strong></span> <span class='ocrx_word' id='word_1_689' title='bbox 3615 2591 3820 2644; x_wconf 80' lang='lat' dir='ltr'><strong>consti-</strong></span> 
     </span>
    </p>
   </div>
   <div class='ocr_carea' id='block_1_88' title="bbox 2217 2685 3818 2753">
    <p class='ocr_par' dir='ltr' id='par_1_88' title="bbox 2217 2685 3818 2753">
     <span class='ocr_line' id='line_1_88' title="bbox 2217 2685 3818 2753; baseline 0.002 -17"><span class='ocrx_word' id='word_1_690' title='bbox 2217 2693 2346 2749; x_wconf 86' lang='lat' dir='ltr'><strong>tuet,</strong></span> <span class='ocrx_word' id='word_1_691' title='bbox 2381 2685 2480 2737; x_wconf 83' lang='lat' dir='ltr'><strong>nisi</strong></span> <span class='ocrx_word' id='word_1_692' title='bbox 2507 2685 2615 2752; x_wconf 86' lang='lat' dir='ltr'><strong>jam</strong></span> <span class='ocrx_word' id='word_1_693' title='bbox 2646 2695 2852 2740; x_wconf 88' lang='lat' dir='ltr'><strong>mature</strong></span> <span class='ocrx_word' id='word_1_694' title='bbox 2881 2700 2940 2741; x_wconf 84' lang='lat' dir='ltr'><strong>ea</strong></span> <span class='ocrx_word' id='word_1_695' title='bbox 2972 2685 3390 2740; x_wconf 77' lang='lat' dir='ltr'><strong>exstinxerimus</strong></span> <span class='ocrx_word' id='word_1_696' title='bbox 3420 2701 3514 2753; x_wconf 91' lang='lat' dir='ltr'><strong>per</strong></span> <span class='ocrx_word' id='word_1_697' title='bbox 3545 2686 3818 2752; x_wconf 64' lang='lat' dir='ltr'><strong>[anniten-</strong></span> 
     </span>
    </p>
   </div>
   <div class='ocr_carea' id='block_1_89' title="bbox 2215 2775 3817 2848">
    <p class='ocr_par' dir='ltr' id='par_1_89' title="bbox 2215 2775 3817 2848">
     <span class='ocr_line' id='line_1_89' title="bbox 2215 2775 3817 2848; baseline 0.001 -21"><span class='ocrx_word' id='word_1_698' title='bbox 2215 2775 2338 2828; x_wconf 89' lang='lat' dir='ltr'><strong>tiam</strong></span> <span class='ocrx_word' id='word_1_699' title='bbox 2370 2787 2421 2830; x_wconf 90' lang='lat' dir='ltr'><strong>et</strong></span> <span class='ocrx_word' id='word_1_700' title='bbox 2452 2775 2881 2848; x_wconf 76' lang='lat' dir='ltr'><strong>confessionem,</strong></span> <span class='ocrx_word' id='word_1_701' title='bbox 2911 2784 2965 2830; x_wconf 93' lang='lat' dir='ltr'><strong>et</strong></span> <span class='ocrx_word' id='word_1_702' title='bbox 2998 2791 3092 2844; x_wconf 85' lang='lat' dir='ltr'><strong>per</strong></span> <span class='ocrx_word' id='word_1_703' title='bbox 3116 2775 3436 2830; x_wconf 78' lang='lat' dir='ltr'><strong>oblivionem</strong></span> <span class='ocrx_word' id='word_1_704' title='bbox 3466 2775 3817 2829; x_wconf 82' lang='lat' dir='ltr'><strong>offensarum.</strong></span> 
     </span>
    </p>
   </div>
   <div class='ocr_carea' id='block_1_90' title="bbox 2214 2864 3818 2936">
    <p class='ocr_par' dir='ltr' id='par_1_90' title="bbox 2214 2864 3818 2936">
     <span class='ocr_line' id='line_1_90' title="bbox 2214 2864 3818 2936; baseline 0.002 -19"><span class='ocrx_word' id='word_1_705' title='bbox 2214 2864 2327 2930; x_wconf 86' lang='lat' dir='ltr'><strong>Qua</strong></span> <span class='ocrx_word' id='word_1_706' title='bbox 2357 2883 2484 2920; x_wconf 83' lang='lat' dir='ltr'><strong>vero</strong></span> <span class='ocrx_word' id='word_1_707' title='bbox 2524 2866 2591 2921; x_wconf 92' lang='lat' dir='ltr'><strong>de</strong></span> <span class='ocrx_word' id='word_1_708' title='bbox 2630 2882 2787 2921; x_wconf 87' lang='lat' dir='ltr'><strong>causa</strong></span> <span class='ocrx_word' id='word_1_709' title='bbox 2817 2868 3074 2921; x_wconf 87' lang='lat' dir='ltr'><strong>rationem</strong></span> <span class='ocrx_word' id='word_1_710' title='bbox 3107 2866 3344 2936; x_wconf 87' lang='lat' dir='ltr'><strong>repetit?</strong></span> <span class='ocrx_word' id='word_1_711' title='bbox 3375 2866 3488 2920; x_wconf 89' lang='lat' dir='ltr'><strong>Non</strong></span> <span class='ocrx_word' id='word_1_712' title='bbox 3516 2866 3731 2936; x_wconf 89' lang='lat' dir='ltr'><strong>quidem</strong></span> <span class='ocrx_word' id='word_1_713' title='bbox 3761 2875 3818 2921; x_wconf 90' lang='lat' dir='ltr'><strong>ut</strong></span> 
     </span>
    </p>
   </div>
   <div class='ocr_carea' id='block_1_91' title="bbox 2215 2957 3815 3028">
    <p class='ocr_par' dir='ltr' id='par_1_91' title="bbox 2215 2957 3815 3028">
     <span class='ocr_line' id='line_1_91' title="bbox 2215 2957 3815 3028; baseline 0 -18"><span class='ocrx_word' id='word_1_714' title='bbox 2215 2958 2414 3010; x_wconf 88' lang='lat' dir='ltr'><strong>inscius</strong></span> <span class='ocrx_word' id='word_1_715' title='bbox 2439 2958 2725 3028; x_wconf 90' lang='lat' dir='ltr'><strong>(quomodo</strong></span> <span class='ocrx_word' id='word_1_716' title='bbox 2745 2960 2884 3011; x_wconf 85' lang='lat' dir='ltr'><strong>enim</strong></span> <span class='ocrx_word' id='word_1_717' title='bbox 2905 2958 3122 3022; x_wconf 90' lang='lat' dir='ltr'><strong>inscius,</strong></span> <span class='ocrx_word' id='word_1_718' title='bbox 3149 2957 3232 3011; x_wconf 91' lang='lat' dir='ltr'><strong>cui</strong></span> <span class='ocrx_word' id='word_1_719' title='bbox 3251 2958 3428 3010; x_wconf 91' lang='lat' dir='ltr'><strong>omnia</strong></span> <span class='ocrx_word' id='word_1_720' title='bbox 3451 2957 3662 3025; x_wconf 85' lang='lat' dir='ltr'><strong>cognita</strong></span> <span class='ocrx_word' id='word_1_721' title='bbox 3691 2967 3815 3010; x_wconf 86' lang='lat' dir='ltr'><strong>sunt</strong></span> 
     </span>
    </p>
   </div>
   <div class='ocr_carea' id='block_1_92' title="bbox 2215 3047 3818 3116">
    <p class='ocr_par' dir='ltr' id='par_1_92' title="bbox 2215 3047 3818 3116">
     <span class='ocr_line' id='line_1_92' title="bbox 2215 3047 3818 3116; baseline 0 -16"><span class='ocrx_word' id='word_1_722' title='bbox 2215 3057 2496 3115; x_wconf 82' lang='lat' dir='ltr'><strong>antequam</strong></span> <span class='ocrx_word' id='word_1_723' title='bbox 2533 3049 2718 3112; x_wconf 87' lang='lat' dir='ltr'><strong>fiant?(</strong></span> <span class='ocrx_word' id='word_1_724' title='bbox 2737 3049 2871 3101; x_wconf 89' lang='lat' dir='ltr'><strong>Dan.</strong></span> <span class='ocrx_word' id='word_1_725' title='bbox 2899 3049 2981 3102; x_wconf 77' lang='grc'><strong>15.</strong></span> <span class='ocrx_word' id='word_1_726' title='bbox 3008 3049 3076 3102; x_wconf 71' lang='grc'><strong>42</strong></span> <span class='ocrx_word' id='word_1_727' title='bbox 3113 3047 3153 3116; x_wconf 92' lang='grc'><strong>),</strong></span> <span class='ocrx_word' id='word_1_728' title='bbox 3187 3047 3279 3102; x_wconf 89' lang='lat' dir='ltr'><strong>sed</strong></span> <span class='ocrx_word' id='word_1_729' title='bbox 3311 3057 3364 3101; x_wconf 91' lang='lat' dir='ltr'><strong>ut</strong></span> <span class='ocrx_word' id='word_1_730' title='bbox 3393 3048 3482 3101; x_wconf 85' lang='lat' dir='ltr'><strong>tibi</strong></span> <span class='ocrx_word' id='word_1_731' title='bbox 3510 3062 3670 3102; x_wconf 83' lang='lat' dir='ltr'><strong>servo</strong></span> <span class='ocrx_word' id='word_1_732' title='bbox 3697 3063 3818 3116; x_wconf 80' lang='lat' dir='ltr'><strong>per-</strong></span> 
     </span>
    </p>
   </div>
   <div class='ocr_carea' id='block_1_93' title="bbox 2214 3139 3816 3213">
    <p class='ocr_par' dir='ltr' id='par_1_93' title="bbox 2214 3139 3816 3213">
     <span class='ocr_line' id='line_1_93' title="bbox 2214 3139 3816 3213; baseline -0.001 -20"><span class='ocrx_word' id='word_1_733' title='bbox 2214 3140 2467 3204; x_wconf 88' lang='lat' dir='ltr'><strong>suadeat,</strong></span> <span class='ocrx_word' id='word_1_734' title='bbox 2493 3140 2613 3207; x_wconf 90' lang='lat' dir='ltr'><strong>jure</strong></span> <span class='ocrx_word' id='word_1_735' title='bbox 2646 3149 2694 3192; x_wconf 88' lang='lat' dir='ltr'><strong>te</strong></span> <span class='ocrx_word' id='word_1_736' title='bbox 2721 3139 2917 3193; x_wconf 80' lang='lat' dir='ltr'><strong>debere</strong></span> <span class='ocrx_word' id='word_1_737' title='bbox 2946 3140 3322 3209; x_wconf 86' lang='lat' dir='ltr'><strong>quodcumque</strong></span> <span class='ocrx_word' id='word_1_738' title='bbox 3349 3140 3512 3194; x_wconf 77' lang='lat' dir='ltr'><strong>debes</strong></span> <span class='ocrx_word' id='word_1_739' title='bbox 3541 3157 3553 3192; x_wconf 93' lang='lat'>:</span> <span class='ocrx_word' id='word_1_740' title='bbox 3583 3139 3691 3192; x_wconf 85' lang='lat' dir='ltr'><strong>imo</strong></span> <span class='ocrx_word' id='word_1_741' title='bbox 3714 3155 3816 3213; x_wconf 86' lang='lat' dir='ltr'><strong>po-</strong></span> 
     </span>
    </p>
   </div>
   <div class='ocr_carea' id='block_1_94' title="bbox 2213 3230 3814 3299">
    <p class='ocr_par' dir='ltr' id='par_1_94' title="bbox 2213 3230 3814 3299">
     <span class='ocr_line' id='line_1_94' title="bbox 2213 3230 3814 3299; baseline 0.002 -18"><span class='ocrx_word' id='word_1_742' title='bbox 2213 3230 2334 3290; x_wconf 90' lang='lat' dir='ltr'><strong>tius,</strong></span> <span class='ocrx_word' id='word_1_743' title='bbox 2369 3241 2423 3282; x_wconf 92' lang='lat' dir='ltr'><strong>nt</strong></span> <span class='ocrx_word' id='word_1_744' title='bbox 2452 3246 2559 3283; x_wconf 93' lang='lat' dir='ltr'><strong>non</strong></span> <span class='ocrx_word' id='word_1_745' title='bbox 2588 3230 2758 3284; x_wconf 89' lang='lat' dir='ltr'><strong>solum</strong></span> <span class='ocrx_word' id='word_1_746' title='bbox 2791 3230 2986 3292; x_wconf 85' lang='lat' dir='ltr'><strong>discas,</strong></span> <span class='ocrx_word' id='word_1_747' title='bbox 3018 3231 3109 3284; x_wconf 91' lang='lat' dir='ltr'><strong>sed</strong></span> <span class='ocrx_word' id='word_1_748' title='bbox 3140 3238 3196 3283; x_wconf 93' lang='lat' dir='ltr'><strong>ut</strong></span> <span class='ocrx_word' id='word_1_749' title='bbox 3223 3230 3498 3299; x_wconf 88' lang='lat' dir='ltr'><strong>abstcrgas</strong></span> <span class='ocrx_word' id='word_1_750' title='bbox 3530 3248 3541 3282; x_wconf 88' lang='lat'><strong>:</strong></span> <span class='ocrx_word' id='word_1_751' title='bbox 3574 3231 3814 3299; x_wconf 83' lang='lat' dir='ltr'><strong>quando-</strong></span> 
     </span>
    </p>
   </div>
   <div class='ocr_carea' id='block_1_95' title="bbox 2209 3320 3815 3389">
    <p class='ocr_par' dir='ltr' id='par_1_95' title="bbox 2209 3320 3815 3389">
     <span class='ocr_line' id='line_1_95' title="bbox 2209 3320 3815 3389; baseline 0.002 -18"><span class='ocrx_word' id='word_1_752' title='bbox 2209 3320 2423 3387; x_wconf 90' lang='lat' dir='ltr'><strong>quidem</strong></span> <span class='ocrx_word' id='word_1_753' title='bbox 2451 3332 2503 3373; x_wconf 89' lang='lat' dir='ltr'><strong>et</strong></span> <span class='ocrx_word' id='word_1_754' title='bbox 2535 3321 2808 3389; x_wconf 82' lang='lat' dir='ltr'><strong>propheta:</strong></span> <span class='ocrx_word' id='word_1_755' title='bbox 2857 3337 2916 3375; x_wconf 93' lang='lat' dir='ltr'><strong>ca</strong></span> <span class='ocrx_word' id='word_1_756' title='bbox 2963 3322 3032 3376; x_wconf 92' lang='lat' dir='ltr'><strong>de</strong></span> <span class='ocrx_word' id='word_1_757' title='bbox 3075 3336 3234 3374; x_wconf 87' lang='lat' dir='ltr'><strong>causa</strong></span> <span class='ocrx_word' id='word_1_758' title='bbox 3276 3320 3547 3374; x_wconf 85' lang='lat' dir='ltr'><strong>mandavit</strong></span> <span class='ocrx_word' id='word_1_759' title='bbox 3593 3329 3815 3388; x_wconf 87' lang='lat' dir='ltr'><strong>peccata</strong></span> 
     </span>
    </p>
   </div>
   <div class='ocr_carea' id='block_1_96' title="bbox 2210 3408 3816 3481">
    <p class='ocr_par' dir='ltr' id='par_1_96' title="bbox 2210 3408 3816 3481">
     <span class='ocr_line' id='line_1_96' title="bbox 2210 3408 3816 3481; baseline 0.002 -19"><span class='ocrx_word' id='word_1_760' title='bbox 2210 3408 2518 3464; x_wconf 76' lang='lat' dir='ltr'><strong>Judaeorum</strong></span> <span class='ocrx_word' id='word_1_761' title='bbox 2550 3428 2821 3466; x_wconf 88' lang='lat' dir='ltr'><strong>enarrare.</strong></span> <span class='ocrx_word' id='word_1_762' title='bbox 2852 3413 2948 3465; x_wconf 85' lang='lat' dir='ltr'><strong>Dic</strong></span> <span class='ocrx_word' id='word_1_763' title='bbox 2973 3455 2986 3478; x_wconf 90' lang='lat'><strong>,</strong></span> <span class='ocrx_word' id='word_1_764' title='bbox 3019 3413 3220 3481; x_wconf 89' lang='lat' dir='ltr'><strong>inquit,</strong></span> <span class='ocrx_word' id='word_1_765' title='bbox 3248 3413 3537 3481; x_wconf 77' lang='lat' dir='ltr'><strong>iniquitates</strong></span> <span class='ocrx_word' id='word_1_766' title='bbox 3564 3428 3686 3466; x_wconf 85' lang='lat' dir='ltr'><strong>suas</strong></span> <span class='ocrx_word' id='word_1_767' title='bbox 3715 3412 3816 3466; x_wconf 84' lang='lat' dir='ltr'><strong>do-</strong></span> 
     </span>
    </p>
   </div>
   <div class='ocr_carea' id='block_1_97' title="bbox 2211 3503 3811 3574">
    <p class='ocr_par' dir='ltr' id='par_1_97' title="bbox 2211 3503 3811 3574">
     <span class='ocr_line' id='line_1_97' title="bbox 2211 3503 3811 3574; baseline 0.001 -20"><span class='ocrx_word' id='word_1_768' title='bbox 2211 3505 2312 3555; x_wconf 86' lang='lat' dir='ltr'><strong>mui</strong></span> <span class='ocrx_word' id='word_1_769' title='bbox 2335 3503 2515 3570; x_wconf 73' lang='lat' dir='ltr'><strong>Iacob,</strong></span> <span class='ocrx_word' id='word_1_770' title='bbox 2539 3515 2584 3558; x_wconf 85' lang='lat' dir='ltr'><strong>et</strong></span> <span class='ocrx_word' id='word_1_771' title='bbox 2612 3516 2814 3573; x_wconf 81' lang='lat' dir='ltr'><strong>peccata</strong></span> <span class='ocrx_word' id='word_1_772' title='bbox 2840 3523 2930 3558; x_wconf 83' lang='lat' dir='ltr'><strong>sua</strong></span> <span class='ocrx_word' id='word_1_773' title='bbox 2953 3506 3125 3557; x_wconf 87' lang='lat' dir='ltr'><strong>domui</strong></span> <span class='ocrx_word' id='word_1_774' title='bbox 3154 3503 3321 3557; x_wconf 81' lang='lat' dir='ltr'><strong>Israel</strong></span> <span class='ocrx_word' id='word_1_775' title='bbox 3350 3505 3372 3574; x_wconf 80' lang='lat'><strong><em>(</em></strong></span> <span class='ocrx_word' id='word_1_776' title='bbox 3398 3503 3525 3557; x_wconf 85' lang='lat' dir='ltr'><strong>Isai.</strong></span> <span class='ocrx_word' id='word_1_777' title='bbox 3559 3504 3648 3558; x_wconf 85' lang='lat'><strong>58.</strong></span> <span class='ocrx_word' id='word_1_778' title='bbox 3683 3506 3704 3556; x_wconf 79' lang='grc'><strong>1</strong></span> <span class='ocrx_word' id='word_1_779' title='bbox 3742 3503 3760 3573; x_wconf 94' lang='grc'>)</span> <span class='ocrx_word' id='word_1_780' title='bbox 3798 3521 3811 3556; x_wconf 93' lang='lat'>:</span> 
     </span>
    </p>
   </div>
   <div class='ocr_carea' id='block_1_98' title="bbox 2212 3597 3814 3667">
    <p class='ocr_par' dir='ltr' id='par_1_98' title="bbox 2212 3597 3814 3667">
     <span class='ocr_line' id='line_1_98' title="bbox 2212 3597 3814 3667; baseline 0.001 -20"><span class='ocrx_word' id='word_1_781' title='bbox 2212 3608 2315 3649; x_wconf 90' lang='lat' dir='ltr'><strong>non</strong></span> <span class='ocrx_word' id='word_1_782' title='bbox 2339 3605 2392 3648; x_wconf 89' lang='lat' dir='ltr'><strong>ut</strong></span> <span class='ocrx_word' id='word_1_783' title='bbox 2414 3597 2632 3650; x_wconf 89' lang='lat' dir='ltr'><strong>audiant</strong></span> <span class='ocrx_word' id='word_1_784' title='bbox 2653 3599 2844 3662; x_wconf 87' lang='lat' dir='ltr'><strong>solum,</strong></span> <span class='ocrx_word' id='word_1_785' title='bbox 2870 3599 2960 3653; x_wconf 90' lang='lat' dir='ltr'><strong>sed</strong></span> <span class='ocrx_word' id='word_1_786' title='bbox 2989 3598 3409 3667; x_wconf 83' lang='lat' dir='ltr'><strong>uteorrigantur.</strong></span> <span class='ocrx_word' id='word_1_787' title='bbox 3429 3597 3626 3650; x_wconf 71' lang='lat' dir='ltr'><strong>Exorso</strong></span> <span class='ocrx_word' id='word_1_788' title='bbox 3639 3608 3814 3650; x_wconf 87' lang='lat' dir='ltr'><strong>autem</strong></span> 
     </span>
    </p>
   </div>
   <div class='ocr_carea' id='block_1_99' title="bbox 2207 3688 3813 3755">
    <p class='ocr_par' dir='ltr' id='par_1_99' title="bbox 2207 3688 3813 3755">
     <span class='ocr_line' id='line_1_99' title="bbox 2207 3688 3813 3755; baseline 0.002 -18"><span class='ocrx_word' id='word_1_789' title='bbox 2207 3702 2262 3738; x_wconf 88' lang='lat' dir='ltr'><strong>eo</strong></span> <span class='ocrx_word' id='word_1_790' title='bbox 2294 3688 2521 3755; x_wconf 75' lang='lat' dir='ltr'><strong>conferre</strong></span> <span class='ocrx_word' id='word_1_791' title='bbox 2549 3694 2765 3742; x_wconf 82' lang='lat' dir='ltr'><strong>rationes</strong></span> <span class='ocrx_word' id='word_1_792' title='bbox 2784 3730 2797 3747; x_wconf 87' lang='lat'><strong>.</strong></span> <span class='ocrx_word' id='word_1_793' title='bbox 2831 3690 3076 3743; x_wconf 84' lang='lat' dir='ltr'><strong>adductus</strong></span> <span class='ocrx_word' id='word_1_794' title='bbox 3104 3699 3175 3742; x_wconf 78' lang='lat' dir='ltr'><strong>est</strong></span> <span class='ocrx_word' id='word_1_795' title='bbox 3200 3690 3247 3741; x_wconf 88' lang='lat' dir='ltr'><strong>ei</strong></span> <span class='ocrx_word' id='word_1_796' title='bbox 3268 3688 3458 3742; x_wconf 84' lang='lat' dir='ltr'><strong>debitor</strong></span> <span class='ocrx_word' id='word_1_797' title='bbox 3483 3705 3615 3740; x_wconf 84' lang='lat' dir='ltr'><strong>unus</strong></span> <span class='ocrx_word' id='word_1_798' title='bbox 3643 3688 3813 3741; x_wconf 78' lang='lat' dir='ltr'><strong>decies</strong></span> 
     </span>
    </p>
   </div>
   <div class='ocr_carea' id='block_1_100' title="bbox 2207 3777 3810 3849">
    <p class='ocr_par' dir='ltr' id='par_1_100' title="bbox 2207 3777 3810 3849">
     <span class='ocr_line' id='line_1_100' title="bbox 2207 3777 3810 3849; baseline 0.002 -21"><span class='ocrx_word' id='word_1_799' title='bbox 2207 3777 2344 3828; x_wconf 85' lang='lat' dir='ltr'><strong>mille</strong></span> <span class='ocrx_word' id='word_1_800' title='bbox 2372 3778 2674 3829; x_wconf 80' lang='lat' dir='ltr'><strong>talentorum</strong></span> <span class='ocrx_word' id='word_1_801' title='bbox 2706 3778 2929 3847; x_wconf 77' lang='lat' dir='ltr'><strong>(Matth.</strong></span> <span class='ocrx_word' id='word_1_802' title='bbox 2962 3781 3046 3833; x_wconf 71' lang='grc'><strong>18.</strong></span> <span class='ocrx_word' id='word_1_803' title='bbox 3077 3780 3148 3832; x_wconf 71' lang='grc'><strong>24</strong></span> <span class='ocrx_word' id='word_1_804' title='bbox 3241 3778 3504 3848; x_wconf 84' lang='lat' dir='ltr'><strong>Quidquid</strong></span> <span class='ocrx_word' id='word_1_805' title='bbox 3546 3778 3689 3832; x_wconf 88' lang='lat' dir='ltr'><strong>enim</strong></span> <span class='ocrx_word' id='word_1_806' title='bbox 3734 3779 3810 3832; x_wconf 80' lang='lat' dir='ltr'><strong>illi</strong></span> 
     </span>
    </p>
   </div>
   <div class='ocr_carea' id='block_1_101' title="bbox 2206 3868 3812 3939">
    <p class='ocr_par' dir='ltr' id='par_1_101' title="bbox 2206 3868 3812 3939">
     <span class='ocr_line' id='line_1_101' title="bbox 2206 3868 3812 3939; baseline 0.002 -19"><span class='ocrx_word' id='word_1_807' title='bbox 2206 3868 2468 3921; x_wconf 88' lang='lat' dir='ltr'><strong>creditum</strong></span> <span class='ocrx_word' id='word_1_808' title='bbox 2498 3879 2647 3935; x_wconf 88' lang='lat' dir='ltr'><strong>erat,</strong></span> <span class='ocrx_word' id='word_1_809' title='bbox 2698 3871 2747 3923; x_wconf 90' lang='lat' dir='ltr'><strong>id</strong></span> <span class='ocrx_word' id='word_1_810' title='bbox 2782 3887 2942 3925; x_wconf 89' lang='lat' dir='ltr'><strong>oume</strong></span> <span class='ocrx_word' id='word_1_811' title='bbox 2989 3871 3404 3939; x_wconf 81' lang='lat' dir='ltr'><strong>absumpserat:</strong></span> <span class='ocrx_word' id='word_1_812' title='bbox 3450 3885 3638 3939; x_wconf 84' lang='lat' dir='ltr'><strong>magna</strong></span> <span class='ocrx_word' id='word_1_813' title='bbox 3683 3871 3812 3924; x_wconf 71' lang='lat' dir='ltr'><strong>mris</strong></span> 
     </span>
    </p>
   </div>
   <div class='ocr_carea' id='block_1_102' title="bbox 2205 3960 3806 4032">
    <p class='ocr_par' dir='ltr' id='par_1_102' title="bbox 2205 3960 3806 4032">
     <span class='ocr_line' id='line_1_102' title="bbox 2205 3960 3806 4032; baseline -0.001 -20"><span class='ocrx_word' id='word_1_814' title='bbox 2205 3960 2363 4013; x_wconf 90' lang='lat' dir='ltr'><strong>alieni</strong></span> <span class='ocrx_word' id='word_1_815' title='bbox 2398 3961 2562 4014; x_wconf 86' lang='lat' dir='ltr'><strong>moles</strong></span> <span class='ocrx_word' id='word_1_816' title='bbox 2589 3980 2600 4014; x_wconf 92' lang='lat'><strong>:</strong></span> <span class='ocrx_word' id='word_1_817' title='bbox 2627 3971 2681 4016; x_wconf 91' lang='lat' dir='ltr'><strong>et</strong></span> <span class='ocrx_word' id='word_1_818' title='bbox 2713 3979 2816 4016; x_wconf 88' lang='lat' dir='ltr'><strong>non</strong></span> <span class='ocrx_word' id='word_1_819' title='bbox 2847 3964 3017 4017; x_wconf 89' lang='lat' dir='ltr'><strong>solum</strong></span> <span class='ocrx_word' id='word_1_820' title='bbox 3052 3963 3102 4016; x_wconf 93' lang='lat' dir='ltr'><strong>iu</strong></span> <span class='ocrx_word' id='word_1_821' title='bbox 3131 3963 3231 4017; x_wconf 88' lang='lat' dir='ltr'><strong>hac</strong></span> <span class='ocrx_word' id='word_1_822' title='bbox 3261 3979 3317 4016; x_wconf 89' lang='lat' dir='ltr'><strong>re</strong></span> <span class='ocrx_word' id='word_1_823' title='bbox 3347 3963 3637 4032; x_wconf 89' lang='lat' dir='ltr'><strong>periculum</strong></span> <span class='ocrx_word' id='word_1_824' title='bbox 3663 3973 3806 4027; x_wconf 81' lang='lat' dir='ltr'><strong>erat,</strong></span> 
     </span>
    </p>
   </div>
   <div class='ocr_carea' id='block_1_103' title="bbox 2203 4049 3806 4121">
    <p class='ocr_par' dir='ltr' id='par_1_103' title="bbox 2203 4049 3806 4121">
     <span class='ocr_line' id='line_1_103' title="bbox 2203 4049 3806 4121; baseline 0.001 -19"><span class='ocrx_word' id='word_1_825' title='bbox 2203 4049 2295 4103; x_wconf 88' lang='lat' dir='ltr'><strong>sed</strong></span> <span class='ocrx_word' id='word_1_826' title='bbox 2324 4051 2374 4102; x_wconf 93' lang='lat' dir='ltr'><strong>in</strong></span> <span class='ocrx_word' id='word_1_827' title='bbox 2405 4066 2469 4104; x_wconf 92' lang='lat' dir='ltr'><strong>eo</strong></span> <span class='ocrx_word' id='word_1_828' title='bbox 2499 4067 2709 4121; x_wconf 90' lang='lat' dir='ltr'><strong>quoque</strong></span> <span class='ocrx_word' id='word_1_829' title='bbox 2735 4053 2876 4121; x_wconf 90' lang='lat' dir='ltr'><strong>quod</strong></span> <span class='ocrx_word' id='word_1_830' title='bbox 2908 4053 3111 4120; x_wconf 86' lang='lat' dir='ltr'><strong>primus</strong></span> <span class='ocrx_word' id='word_1_831' title='bbox 3138 4053 3345 4107; x_wconf 89' lang='lat' dir='ltr'><strong>oblatus</strong></span> <span class='ocrx_word' id='word_1_832' title='bbox 3369 4060 3450 4106; x_wconf 91' lang='lat' dir='ltr'><strong>est</strong></span> <span class='ocrx_word' id='word_1_833' title='bbox 3472 4051 3712 4105; x_wconf 89' lang='lat' dir='ltr'><strong>domino.</strong></span> <span class='ocrx_word' id='word_1_834' title='bbox 3748 4053 3806 4106; x_wconf 92' lang='lat' dir='ltr'><strong>Si</strong></span> 
     </span>
    </p>
   </div>
   <div class='ocr_carea' id='block_1_104' title="bbox 2201 4142 3809 4211">
    <p class='ocr_par' dir='ltr' id='par_1_104' title="bbox 2201 4142 3809 4211">
     <span class='ocr_line' id='line_1_104' title="bbox 2201 4142 3809 4211; baseline 0.001 -17"><span class='ocrx_word' id='word_1_835' title='bbox 2201 4142 2340 4194; x_wconf 88' lang='lat' dir='ltr'><strong>enim</strong></span> <span class='ocrx_word' id='word_1_836' title='bbox 2375 4152 2511 4211; x_wconf 88' lang='lat' dir='ltr'><strong>post</strong></span> <span class='ocrx_word' id='word_1_837' title='bbox 2536 4144 2730 4197; x_wconf 91' lang='lat' dir='ltr'><strong>multos</strong></span> <span class='ocrx_word' id='word_1_838' title='bbox 2761 4145 2812 4197; x_wconf 91' lang='lat' dir='ltr'><strong>in</strong></span> <span class='ocrx_word' id='word_1_839' title='bbox 2855 4143 3113 4198; x_wconf 89' lang='lat' dir='ltr'><strong>solvendo</strong></span> <span class='ocrx_word' id='word_1_840' title='bbox 3155 4143 3423 4196; x_wconf 83' lang='lat' dir='ltr'><strong>studiosos</strong></span> <span class='ocrx_word' id='word_1_841' title='bbox 3462 4142 3559 4196; x_wconf 88' lang='lat' dir='ltr'><strong>iste</strong></span> <span class='ocrx_word' id='word_1_842' title='bbox 3589 4143 3809 4196; x_wconf 88' lang='lat' dir='ltr'><strong>oblatus</strong></span> 
     </span>
    </p>
   </div>
   <div class='ocr_carea' id='block_1_105' title="bbox 2201 4232 3808 4301">
    <p class='ocr_par' dir='ltr' id='par_1_105' title="bbox 2201 4232 3808 4301">
     <span class='ocr_line' id='line_1_105' title="bbox 2201 4232 3808 4301; baseline 0.002 -16"><span class='ocrx_word' id='word_1_843' title='bbox 2201 4232 2406 4301; x_wconf 82' lang='lat' dir='ltr'><strong>fuisset,</strong></span> <span class='ocrx_word' id='word_1_844' title='bbox 2430 4248 2532 4287; x_wconf 90' lang='lat' dir='ltr'><strong>non</strong></span> <span class='ocrx_word' id='word_1_845' title='bbox 2555 4234 2623 4288; x_wconf 91' lang='lat' dir='ltr'><strong>ita</strong></span> <span class='ocrx_word' id='word_1_846' title='bbox 2649 4235 2842 4288; x_wconf 90' lang='lat' dir='ltr'><strong>mirum</strong></span> <span class='ocrx_word' id='word_1_847' title='bbox 2874 4234 3079 4301; x_wconf 88' lang='lat' dir='ltr'><strong>fuisset,</strong></span> <span class='ocrx_word' id='word_1_848' title='bbox 3113 4235 3156 4287; x_wconf 91' lang='lat' dir='ltr'><strong>si</strong></span> <span class='ocrx_word' id='word_1_849' title='bbox 3177 4234 3424 4288; x_wconf 89' lang='lat' dir='ltr'><strong>dominus</strong></span> <span class='ocrx_word' id='word_1_850' title='bbox 3450 4234 3579 4287; x_wconf 90' lang='lat' dir='ltr'><strong>nihil</strong></span> <span class='ocrx_word' id='word_1_851' title='bbox 3607 4233 3808 4289; x_wconf 78' lang='lat' dir='ltr'><strong>adre:-</strong></span> 
     </span>
    </p>
   </div>
   <div class='ocr_carea' id='block_1_106' title="bbox 2198 4325 3805 4394">
    <p class='ocr_par' dir='ltr' id='par_1_106' title="bbox 2198 4325 3805 4394">
     <span class='ocr_line' id='line_1_106' title="bbox 2198 4325 3805 4394; baseline 0.002 -17"><span class='ocrx_word' id='word_1_852' title='bbox 2198 4338 2290 4378; x_wconf 86' lang='lat' dir='ltr'><strong>sus</strong></span> <span class='ocrx_word' id='word_1_853' title='bbox 2318 4340 2439 4378; x_wconf 89' lang='lat' dir='ltr'><strong>eum</strong></span> <span class='ocrx_word' id='word_1_854' title='bbox 2469 4327 2817 4380; x_wconf 84' lang='lat' dir='ltr'><strong>exacerbatus</strong></span> <span class='ocrx_word' id='word_1_855' title='bbox 2847 4325 3035 4379; x_wconf 89' lang='lat' dir='ltr'><strong>fuisset</strong></span> <span class='ocrx_word' id='word_1_856' title='bbox 3070 4345 3081 4378; x_wconf 96' lang='lat'>:</span> <span class='ocrx_word' id='word_1_857' title='bbox 3117 4328 3353 4394; x_wconf 72' lang='lat' dir='ltr'><strong>priorum</strong></span> <span class='ocrx_word' id='word_1_858' title='bbox 3386 4326 3528 4378; x_wconf 91' lang='lat' dir='ltr'><strong>enim</strong></span> <span class='ocrx_word' id='word_1_859' title='bbox 3560 4326 3805 4393; x_wconf 79' lang='lat' dir='ltr'><strong>probitas</strong></span> 
     </span>
    </p>
   </div>
   <div class='ocr_carea' id='block_1_107' title="bbox 2197 4413 3799 4487">
    <p class='ocr_par' dir='ltr' id='par_1_107' title="bbox 2197 4413 3799 4487">
     <span class='ocr_line' id='line_1_107' title="bbox 2197 4413 3799 4487; baseline 0.001 -19"><span class='ocrx_word' id='word_1_860' title='bbox 2197 4413 2453 4483; x_wconf 87' lang='lat' dir='ltr'><strong>improbis</strong></span> <span class='ocrx_word' id='word_1_861' title='bbox 2469 4416 2721 4484; x_wconf 64' lang='lat' dir='ltr'><strong>deinceps</strong></span> <span class='ocrx_word' id='word_1_862' title='bbox 2739 4418 2984 4469; x_wconf 74' lang='lat' dir='ltr'><strong>erunibus</strong></span> <span class='ocrx_word' id='word_1_863' title='bbox 3001 4417 3342 4487; x_wconf 83' lang='lat' dir='ltr'><strong>placatiorem</strong></span> <span class='ocrx_word' id='word_1_864' title='bbox 3367 4431 3487 4469; x_wconf 91' lang='lat' dir='ltr'><strong>eum</strong></span> <span class='ocrx_word' id='word_1_865' title='bbox 3507 4415 3799 4470; x_wconf 66' lang='lat' dir='ltr'><strong>effecisset.</strong></span> 
     </span>
    </p>
   </div>
   <div class='ocr_carea' id='block_1_108' title="bbox 2195 4505 3798 4576">
    <p class='ocr_par' dir='ltr' id='par_1_108' title="bbox 2195 4505 3798 4576">
     <span class='ocr_line' id='line_1_108' title="bbox 2195 4505 3798 4576; baseline 0.001 -17"><span class='ocrx_word' id='word_1_866' title='bbox 2195 4505 2458 4560; x_wconf 70' lang='lat' dir='ltr'><strong>Cmterum</strong></span> <span class='ocrx_word' id='word_1_867' title='bbox 2508 4508 2732 4574; x_wconf 88' lang='lat' dir='ltr'><strong>primum</strong></span> <span class='ocrx_word' id='word_1_868' title='bbox 2778 4523 2896 4560; x_wconf 90' lang='lat' dir='ltr'><strong>eum</strong></span> <span class='ocrx_word' id='word_1_869' title='bbox 2952 4509 3039 4576; x_wconf 86' lang='lat' dir='ltr'><strong>qui</strong></span> <span class='ocrx_word' id='word_1_870' title='bbox 3090 4509 3380 4576; x_wconf 64' lang='lat' dir='ltr'><strong>prodamus</strong></span> <span class='ocrx_word' id='word_1_871' title='bbox 3433 4509 3638 4572; x_wconf 81' lang='lat' dir='ltr'><strong>fuerat,</strong></span> <span class='ocrx_word' id='word_1_872' title='bbox 3689 4518 3798 4562; x_wconf 85' lang='lat' dir='ltr'><strong>tam</strong></span> 
     </span>
    </p>
   </div>
   <div class='ocr_carea' id='block_1_109' title="bbox 2195 4601 3796 4671">
    <p class='ocr_par' dir='ltr' id='par_1_109' title="bbox 2195 4601 3796 4671">
     <span class='ocr_line' id='line_1_109' title="bbox 2195 4601 3796 4671; baseline 0.001 -18"><span class='ocrx_word' id='word_1_873' title='bbox 2195 4602 2480 4671; x_wconf 82' lang='lat' dir='ltr'><strong>malignum</strong></span> <span class='ocrx_word' id='word_1_874' title='bbox 2538 4601 2588 4654; x_wconf 94' lang='lat' dir='ltr'><strong>in</strong></span> <span class='ocrx_word' id='word_1_875' title='bbox 2638 4601 2892 4655; x_wconf 80' lang='lat' dir='ltr'><strong>solvendo</strong></span> <span class='ocrx_word' id='word_1_876' title='bbox 2939 4615 3218 4670; x_wconf 77' lang='lat' dir='ltr'><strong>apparere,</strong></span> <span class='ocrx_word' id='word_1_877' title='bbox 3264 4611 3317 4654; x_wconf 90' lang='lat' dir='ltr'><strong>et</strong></span> <span class='ocrx_word' id='word_1_878' title='bbox 3364 4610 3638 4670; x_wconf 71' lang='lat' dir='ltr'><strong>postquam</strong></span> <span class='ocrx_word' id='word_1_879' title='bbox 3686 4611 3796 4655; x_wconf 90' lang='lat' dir='ltr'><strong>tam</strong></span> 
     </span>
    </p>
   </div>
   <div class='ocr_carea' id='block_1_110' title="bbox 2193 4692 3793 4763">
    <p class='ocr_par' dir='ltr' id='par_1_110' title="bbox 2193 4692 3793 4763">
     <span class='ocr_line' id='line_1_110' title="bbox 2193 4692 3793 4763; baseline 0 -17"><span class='ocrx_word' id='word_1_880' title='bbox 2193 4694 2456 4763; x_wconf 86' lang='lat' dir='ltr'><strong>malignus</strong></span> <span class='ocrx_word' id='word_1_881' title='bbox 2505 4694 2877 4762; x_wconf 49' lang='lat' dir='ltr'><strong>apparuisset,</strong></span> <span class='ocrx_word' id='word_1_882' title='bbox 2935 4692 3208 4745; x_wconf 85' lang='lat' dir='ltr'><strong>dominum</strong></span> <span class='ocrx_word' id='word_1_883' title='bbox 3254 4702 3589 4745; x_wconf 88' lang='lat' dir='ltr'><strong>mansuetum</strong></span> <span class='ocrx_word' id='word_1_884' title='bbox 3637 4693 3793 4746; x_wconf 77' lang='lat' dir='ltr'><strong>inve-</strong></span> 
     </span>
    </p>
   </div>
   <div class='ocr_carea' id='block_1_111' title="bbox 2192 4778 3828 4853">
    <p class='ocr_par' dir='ltr' id='par_1_111' title="bbox 2192 4778 3828 4853">
     <span class='ocr_line' id='line_1_111' title="bbox 2192 4778 3828 4853; baseline 0.001 -17"><span class='ocrx_word' id='word_1_885' title='bbox 2192 4785 2306 4838; x_wconf 89' lang='lat' dir='ltr'><strong>nire</strong></span> <span class='ocrx_word' id='word_1_886' title='bbox 2335 4828 2347 4847; x_wconf 85' lang='lat'><strong>,</strong></span> <span class='ocrx_word' id='word_1_887' title='bbox 2379 4784 2427 4837; x_wconf 88' lang='lat' dir='ltr'><strong>id</strong></span> <span class='ocrx_word' id='word_1_888' title='bbox 2460 4783 2725 4853; x_wconf 81' lang='lat' dir='ltr'><strong>pra-cipue</strong></span> <span class='ocrx_word' id='word_1_889' title='bbox 2767 4785 3188 4851; x_wconf 78' lang='lat' dir='ltr'><strong>inexspectatum</strong></span> <span class='ocrx_word' id='word_1_890' title='bbox 3229 4791 3282 4836; x_wconf 92' lang='lat' dir='ltr'><strong>et</strong></span> <span class='ocrx_word' id='word_1_891' title='bbox 3313 4783 3645 4837; x_wconf 90' lang='lat' dir='ltr'><strong>admirabile.</strong></span> <span class='ocrx_word' id='word_1_892' title='bbox 3683 4784 3781 4838; x_wconf 84' lang='lat' dir='ltr'><strong>Iio-</strong></span> <span class='ocrx_word' id='word_1_893' title='bbox 3821 4778 3828 4785; x_wconf 77' lang='grc'><strong>’</strong></span> 
     </span>
    </p>
   </div>
   <div class='ocr_carea' id='block_1_112' title="bbox 2190 4877 3791 4946">
    <p class='ocr_par' dir='ltr' id='par_1_112' title="bbox 2190 4877 3791 4946">
     <span class='ocr_line' id='line_1_112' title="bbox 2190 4877 3791 4946; baseline 0.001 -16"><span class='ocrx_word' id='word_1_894' title='bbox 2190 4879 2360 4930; x_wconf 86' lang='lat' dir='ltr'><strong>mines</strong></span> <span class='ocrx_word' id='word_1_895' title='bbox 2382 4878 2522 4930; x_wconf 92' lang='lat' dir='ltr'><strong>enim</strong></span> <span class='ocrx_word' id='word_1_896' title='bbox 2552 4877 2636 4929; x_wconf 88' lang='lat' dir='ltr'><strong>ubi</strong></span> <span class='ocrx_word' id='word_1_897' title='bbox 2660 4877 2929 4931; x_wconf 82' lang='lat' dir='ltr'><strong>debitores</strong></span> <span class='ocrx_word' id='word_1_898' title='bbox 2957 4878 3130 4945; x_wconf 88' lang='lat' dir='ltr'><strong>adepti</strong></span> <span class='ocrx_word' id='word_1_899' title='bbox 3156 4887 3298 4938; x_wconf 91' lang='lat' dir='ltr'><strong>sunt,</strong></span> <span class='ocrx_word' id='word_1_900' title='bbox 3327 4891 3432 4930; x_wconf 90' lang='lat' dir='ltr'><strong>non</strong></span> <span class='ocrx_word' id='word_1_901' title='bbox 3451 4877 3608 4932; x_wconf 87' lang='lat' dir='ltr'><strong>aliter</strong></span> <span class='ocrx_word' id='word_1_902' title='bbox 3629 4893 3791 4946; x_wconf 87' lang='lat' dir='ltr'><strong>quam</strong></span> 
     </span>
    </p>
   </div>
   <div class='ocr_carea' id='block_1_113' title="bbox 2187 4967 3791 5036">
    <p class='ocr_par' dir='ltr' id='par_1_113' title="bbox 2187 4967 3791 5036">
     <span class='ocr_line' id='line_1_113' title="bbox 2187 4967 3791 5036; baseline 0.001 -16"><span class='ocrx_word' id='word_1_903' title='bbox 2187 4970 2229 5021; x_wconf 90' lang='lat' dir='ltr'><strong>si</strong></span> <span class='ocrx_word' id='word_1_904' title='bbox 2274 4967 2554 5033; x_wconf 82' lang='lat' dir='ltr'><strong>venando,</strong></span> <span class='ocrx_word' id='word_1_905' title='bbox 2597 4976 2688 5019; x_wconf 86' lang='lat' dir='ltr'><strong>aut</strong></span> <span class='ocrx_word' id='word_1_906' title='bbox 2717 4967 3033 5034; x_wconf 85' lang='lat' dir='ltr'><strong>aucupautlo</strong></span> <span class='ocrx_word' id='word_1_907' title='bbox 3074 4967 3343 5036; x_wconf 87' lang='lat' dir='ltr'><strong>quidpiam</strong></span> <span class='ocrx_word' id='word_1_908' title='bbox 3375 4969 3678 5036; x_wconf 85' lang='lat' dir='ltr'><strong>cepissent,</strong></span> <span class='ocrx_word' id='word_1_909' title='bbox 3715 4969 3791 5022; x_wconf 84' lang='lat' dir='ltr'><strong>ita</strong></span> 
     </span>
    </p>
   </div>
   <div class='ocr_carea' id='block_1_114' title="bbox 2185 5058 3781 5128">
    <p class='ocr_par' dir='ltr' id='par_1_114' title="bbox 2185 5058 3781 5128">
     <span class='ocr_line' id='line_1_114' title="bbox 2185 5058 3781 5128; baseline 0 -14"><span class='ocrx_word' id='word_1_910' title='bbox 2185 5060 2492 5123; x_wconf 80' lang='lat' dir='ltr'><strong>exsultant,</strong></span> <span class='ocrx_word' id='word_1_911' title='bbox 2526 5068 2579 5110; x_wconf 90' lang='lat' dir='ltr'><strong>et</strong></span> <span class='ocrx_word' id='word_1_912' title='bbox 2606 5059 2780 5111; x_wconf 88' lang='lat' dir='ltr'><strong>omnia</strong></span> <span class='ocrx_word' id='word_1_913' title='bbox 2824 5058 3018 5113; x_wconf 88' lang='lat' dir='ltr'><strong>faciunt</strong></span> <span class='ocrx_word' id='word_1_914' title='bbox 3044 5099 3058 5123; x_wconf 95' lang='lat'><strong>,</strong></span> <span class='ocrx_word' id='word_1_915' title='bbox 3093 5068 3150 5112; x_wconf 90' lang='lat' dir='ltr'><strong>ut</strong></span> <span class='ocrx_word' id='word_1_916' title='bbox 3191 5060 3498 5113; x_wconf 83' lang='lat' dir='ltr'><strong>universum</strong></span> <span class='ocrx_word' id='word_1_917' title='bbox 3526 5060 3781 5128; x_wconf 85' lang='lat' dir='ltr'><strong>exigant:</strong></span> 
     </span>
    </p>
   </div>
   <div class='ocr_carea' id='block_1_115' title="bbox 2184 5149 3782 5220">
    <p class='ocr_par' dir='ltr' id='par_1_115' title="bbox 2184 5149 3782 5220">
     <span class='ocr_line' id='line_1_115' title="bbox 2184 5149 3782 5220; baseline 0.004 -21"><span class='ocrx_word' id='word_1_918' title='bbox 2184 5151 2322 5220; x_wconf 82' lang='lat' dir='ltr'><strong>quod</strong></span> <span class='ocrx_word' id='word_1_919' title='bbox 2356 5151 2399 5204; x_wconf 84' lang='lat' dir='ltr'><strong>si</strong></span> <span class='ocrx_word' id='word_1_920' title='bbox 2429 5150 2478 5203; x_wconf 88' lang='lat' dir='ltr'><strong>id</strong></span> <span class='ocrx_word' id='word_1_921' title='bbox 2511 5167 2614 5205; x_wconf 93' lang='lat' dir='ltr'><strong>non</strong></span> <span class='ocrx_word' id='word_1_922' title='bbox 2646 5149 2850 5218; x_wconf 80' lang='lat' dir='ltr'><strong>poSsint</strong></span> <span class='ocrx_word' id='word_1_923' title='bbox 2881 5151 2950 5204; x_wconf 89' lang='lat' dir='ltr'><strong>ob</strong></span> <span class='ocrx_word' id='word_1_924' title='bbox 2977 5161 3270 5220; x_wconf 82' lang='lat' dir='ltr'><strong>egestatem</strong></span> <span class='ocrx_word' id='word_1_925' title='bbox 3301 5150 3623 5217; x_wconf 86' lang='lat' dir='ltr'><strong>debitorum,</strong></span> <span class='ocrx_word' id='word_1_926' title='bbox 3650 5152 3782 5205; x_wconf 83' lang='lat' dir='ltr'><strong>iram</strong></span> 
     </span>
    </p>
   </div>
   <div class='ocr_carea' id='block_1_116' title="bbox 2182 5241 3783 5308">
    <p class='ocr_par' dir='ltr' id='par_1_116' title="bbox 2182 5241 3783 5308">
     <span class='ocr_line' id='line_1_116' title="bbox 2182 5241 3783 5308; baseline 0.001 -13"><span class='ocrx_word' id='word_1_927' title='bbox 2182 5241 2588 5295; x_wconf 86' lang='lat' dir='ltr'><strong>defraudationc</strong></span> <span class='ocrx_word' id='word_1_928' title='bbox 2619 5241 2962 5308; x_wconf 89' lang='lat' dir='ltr'><strong>pecuniarum</strong></span> <span class='ocrx_word' id='word_1_929' title='bbox 3010 5241 3290 5296; x_wconf 87' lang='lat' dir='ltr'><strong>collectam</strong></span> <span class='ocrx_word' id='word_1_930' title='bbox 3328 5242 3379 5293; x_wconf 93' lang='lat' dir='ltr'><strong>in</strong></span> <span class='ocrx_word' id='word_1_931' title='bbox 3421 5256 3783 5296; x_wconf 68' lang='lat' dir='ltr'><strong>arrumnosum</strong></span> 
     </span>
    </p>
   </div>
   <div class='ocr_carea' id='block_1_117' title="bbox 2183 5332 3782 5400">
    <p class='ocr_par' dir='ltr' id='par_1_117' title="bbox 2183 5332 3782 5400">
     <span class='ocr_line' id='line_1_117' title="bbox 2183 5332 3782 5400; baseline -0.001 -13"><span class='ocrx_word' id='word_1_932' title='bbox 2183 5335 2499 5388; x_wconf 83' lang='lat' dir='ltr'><strong>miscrorum</strong></span> <span class='ocrx_word' id='word_1_933' title='bbox 2528 5348 2723 5400; x_wconf 86' lang='lat' dir='ltr'><strong>corpus</strong></span> <span class='ocrx_word' id='word_1_934' title='bbox 2750 5332 3063 5397; x_wconf 70' lang='lat' dir='ltr'><strong>effundunt,</strong></span> <span class='ocrx_word' id='word_1_935' title='bbox 3098 5333 3340 5387; x_wconf 87' lang='lat' dir='ltr'><strong>vexando</strong></span> <span class='ocrx_word' id='word_1_936' title='bbox 3360 5373 3375 5396; x_wconf 92' lang='lat'><strong>,</strong></span> <span class='ocrx_word' id='word_1_937' title='bbox 3405 5333 3743 5388; x_wconf 85' lang='lat' dir='ltr'><strong>verberando</strong></span> <span class='ocrx_word' id='word_1_938' title='bbox 3767 5376 3782 5400; x_wconf 91' lang='lat'><strong>,</strong></span> 
     </span>
    </p>
   </div>
   <div class='ocr_carea' id='block_1_118' title="bbox 2179 5425 3784 5496">
    <p class='ocr_par' dir='ltr' id='par_1_118' title="bbox 2179 5425 3784 5496">
     <span class='ocr_line' id='line_1_118' title="bbox 2179 5425 3784 5496; baseline -0.001 -16"><span class='ocrx_word' id='word_1_939' title='bbox 2179 5436 2338 5496; x_wconf 91' lang='lat' dir='ltr'><strong>atque</strong></span> <span class='ocrx_word' id='word_1_940' title='bbox 2391 5429 2491 5481; x_wconf 88' lang='lat' dir='ltr'><strong>alia</strong></span> <span class='ocrx_word' id='word_1_941' title='bbox 2547 5438 2795 5482; x_wconf 83' lang='lat' dir='ltr'><strong>sexcenta</strong></span> <span class='ocrx_word' id='word_1_942' title='bbox 2851 5428 2984 5481; x_wconf 72' lang='lat' dir='ltr'><strong>mala</strong></span> <span class='ocrx_word' id='word_1_943' title='bbox 3040 5425 3349 5495; x_wconf 83' lang='lat' dir='ltr'><strong>infligendo.</strong></span> <span class='ocrx_word' id='word_1_944' title='bbox 3404 5428 3543 5480; x_wconf 83' lang='lat' dir='ltr'><strong>Deus</strong></span> <span class='ocrx_word' id='word_1_945' title='bbox 3593 5436 3784 5479; x_wconf 88' lang='lat' dir='ltr'><strong>contra</strong></span> 
     </span>
    </p>
   </div>
   <div class='ocr_carea' id='block_1_119' title="bbox 2178 5516 3784 5587">
    <p class='ocr_par' dir='ltr' id='par_1_119' title="bbox 2178 5516 3784 5587">
     <span class='ocr_line' id='line_1_119' title="bbox 2178 5516 3784 5587; baseline -0.001 -15"><span class='ocrx_word' id='word_1_946' title='bbox 2178 5521 2355 5572; x_wconf 88' lang='lat' dir='ltr'><strong>omnia</strong></span> <span class='ocrx_word' id='word_1_947' title='bbox 2403 5529 2620 5584; x_wconf 78' lang='lat' dir='ltr'><strong>movet,</strong></span> <span class='ocrx_word' id='word_1_948' title='bbox 2670 5521 2719 5572; x_wconf 92' lang='lat' dir='ltr'><strong>in</strong></span> <span class='ocrx_word' id='word_1_949' title='bbox 2770 5520 3013 5573; x_wconf 92' lang='lat' dir='ltr'><strong>omnibus</strong></span> <span class='ocrx_word' id='word_1_950' title='bbox 3062 5521 3292 5587; x_wconf 77' lang='lat' dir='ltr'><strong>satagit,</strong></span> <span class='ocrx_word' id='word_1_951' title='bbox 3337 5528 3393 5570; x_wconf 87' lang='lat' dir='ltr'><strong>ut</strong></span> <span class='ocrx_word' id='word_1_952' title='bbox 3422 5533 3542 5572; x_wconf 87' lang='lat' dir='ltr'><strong>eum</strong></span> <span class='ocrx_word' id='word_1_953' title='bbox 3586 5516 3784 5571; x_wconf 79' lang='lat' dir='ltr'><strong>liberet</strong></span> 
     </span>
    </p>
   </div>
   <div class='ocr_carea' id='block_1_120' title="bbox 2177 5606 3781 5664">
    <p class='ocr_par' dir='ltr' id='par_1_120' title="bbox 2177 5606 3781 5664">
     <span class='ocr_line' id='line_1_120' title="bbox 2177 5606 3781 5664; baseline -0.002 0"><span class='ocrx_word' id='word_1_954' title='bbox 2177 5626 2283 5664; x_wconf 85' lang='lat' dir='ltr'><strong>:cre</strong></span> <span class='ocrx_word' id='word_1_955' title='bbox 2313 5611 2516 5664; x_wconf 82' lang='lat' dir='ltr'><strong>alieno.</strong></span> <span class='ocrx_word' id='word_1_956' title='bbox 2543 5610 2597 5662; x_wconf 93' lang='lat' dir='ltr'><strong>ln</strong></span> <span class='ocrx_word' id='word_1_957' title='bbox 2631 5609 2785 5663; x_wconf 89' lang='lat' dir='ltr'><strong>nobis</strong></span> <span class='ocrx_word' id='word_1_958' title='bbox 2824 5611 2965 5664; x_wconf 89' lang='lat' dir='ltr'><strong>enim</strong></span> <span class='ocrx_word' id='word_1_959' title='bbox 3002 5609 3299 5664; x_wconf 88' lang='lat' dir='ltr'><strong>debitorum</strong></span> <span class='ocrx_word' id='word_1_960' title='bbox 3333 5609 3541 5661; x_wconf 85' lang='lat' dir='ltr'><strong>exactio</strong></span> <span class='ocrx_word' id='word_1_961' title='bbox 3568 5606 3781 5660; x_wconf 77' lang='lat' dir='ltr'><strong>divitias</strong></span> 
     </span>
    </p>
   </div>
   <div class='ocr_carea' id='block_1_121' title="bbox 2179 5698 3781 5772">
    <p class='ocr_par' dir='ltr' id='par_1_121' title="bbox 2179 5698 3781 5772">
     <span class='ocr_line' id='line_1_121' title="bbox 2179 5698 3781 5772; baseline -0.004 -14"><span class='ocrx_word' id='word_1_962' title='bbox 2179 5704 2302 5758; x_wconf 76' lang='lat' dir='ltr'><strong>facit</strong></span> <span class='ocrx_word' id='word_1_963' title='bbox 2328 5721 2340 5756; x_wconf 75' lang='grc' dir='ltr'>ε</span> <span class='ocrx_word' id='word_1_964' title='bbox 2372 5703 2511 5758; x_wconf 86' lang='lat' dir='ltr'><strong>Deus</strong></span> <span class='ocrx_word' id='word_1_965' title='bbox 2536 5714 2713 5756; x_wconf 90' lang='lat' dir='ltr'><strong>autem</strong></span> <span class='ocrx_word' id='word_1_966' title='bbox 2741 5703 2790 5756; x_wconf 93' lang='lat' dir='ltr'><strong>in</strong></span> <span class='ocrx_word' id='word_1_967' title='bbox 2822 5702 3152 5757; x_wconf 85' lang='lat' dir='ltr'><strong>reniittendis</strong></span> <span class='ocrx_word' id='word_1_968' title='bbox 3181 5702 3413 5772; x_wconf 86' lang='lat' dir='ltr'><strong>peccatis</strong></span> <span class='ocrx_word' id='word_1_969' title='bbox 3440 5699 3672 5755; x_wconf 85' lang='lat' dir='ltr'><strong>maxime</strong></span> <span class='ocrx_word' id='word_1_970' title='bbox 3699 5698 3781 5754; x_wconf 84' lang='lat' dir='ltr'><strong>di-</strong></span> 
     </span>
    </p>
   </div>
  </div>
