4058 6470
228 373 320 431 es
993 373 1118 447 ns:
1161 341 1395 430 occsa
1432 373 1721 432 MILLIUM
1760 374 1847 431 TA

1959 374 2057 431 NT.
2100 374 2448 432 DEBITORE
2479 372 2784 435 HOMILIA.
3470 371 3546 437 ‘18

226 490 384 547 tescit
401 507 418 547 :
435 492 557 546 nam
582 489 856 545 hominum
879 488 1024 545 salus
1042 489 1316 559 opulentia
1338 490 1429 545 Dei
1454 498 1555 557 est,
1577 489 1826 561 quemad-

226 582 447 638 modum
468 583 665 639 Paulus
688 582 814 636 dicit
837 599 849 634 :
879 580 1026 635 Dives
1053 582 1103 634 in
1129 582 1360 636 omnibus
1375 591 1422 634 et
1442 596 1531 650 per
1551 584 1722 635 onuies
1743 581 1830 651 qui

224 676 463 732 invocant
490 692 605 732 eum
634 673 813 745 (Rom.
842 673 930 730 1ο.
962 671 1087 744 ii).
1115 671 1222 729 Sed
1247 673 1443 727 dixerit
1471 672 1665 743 aliquis
1688 714 1705 737 ,
1731 678 1830 726 cur

224 786 359 843 ergo
379 814 396 838 ,
430 770 475 843 si
497 768 791 824 destinarat
828 768 1103 823 remittere
1140 776 1195 822 et
1227 765 1534 821 condonare
1560 765 1781 820 crimina
1809 806 1824 830 ,

226 862 369 918 hunc
396 859 707 916 venumdari
729 859 927 930 jussit?
950 858 1080 913 Illud
1096 858 1246 913 eerte
1265 858 1530 927 intprimis
1552 856 1695 911 illius
1726 856 1829 910 int-

225 954 540 1008 manitatem
576 952 848 1016 declarat;
880 950 973 1005 sed
1006 964 1075 1005 ne
1104 948 1419 1003 festinemus
1439 988 1455 1014 ,
1485 957 1541 1002 at
1567 963 1664 1017 per
1687 947 1829 1002 ordi-

226 1061 350 1101 nem
380 1045 733 1116 procedamus
759 1042 823 1097 ad
850 1041 1117 1111 parabolae
1142 1041 1555 1097 enarrationem.
1584 1038 1706 1094 Non
1734 1040 1830 1093 ha-

224 1137 372 1192 bente
389 1142 559 1190 autem
579 1151 635 1189 eo
650 1119 787 1205 quod
800 1134 1047 1189 redderet.
1067 1134 1203 1201 Quid
1225 1143 1404 1189 autem
1428 1142 1512 1189 est
1534 1132 1664 1195 illud
1689 1130 1829 1203 quod

227 1227 379 1291 dicit,
398 1226 517 1280 Non
533 1226 744 1279 habente
758 1242 815 1280 eo
829 1226 966 1298 quod
976 1225 1232 1280 redderet!
1253 1222 1621 1281 Rursus'vides
1642 1224 1834 1296 impro-

226 1319 413 1376 bitatis
442 1319 803 1374 accessionem
833 1339 844 1374 :
869 1335 989 1375 cum
1021 1321 1163 1375 enim
1194 1319 1323 1374 dicit
1343 1359 1359 1385 ,
1391 1318 1514 1374 Non
1539 1318 1749 1372 habente
1776 1320 1835 1373 eo

226 1413 364 1483 quod
378 1412 609 1490 miseret,
630 1410 762 1465 nihil
779 1411 921 1467 aliud
942 1412 1071 1466 dicit
1090 1426 1251 1483 quam
1269 1427 1393 1467 eum
1410 1406 1650 1467 omnium
1672 1410 1837 1465 virm-

232 1513 347 1559 tum
378 1503 591 1574 inopem
611 1502 798 1570 fuisse,
824 1518 924 1558 nec
943 1504 1108 1557 ullum
1128 1503 1327 1558 bonum
1352 1517 1487 1572 opus
1509 1501 1834 1571 possedisse,

227 1597 374 1669 quod
415 1597 667 1667 imputari
700 1608 879 1667 posset
918 1596 985 1652 ad
1029 1597 1401 1652 remissionem
1444 1603 1785 1667 peccatorum
1818 1612 1832 1647 :

232 1690 722 1761 itnputantureuim
738 1690 959 1744 omnino
988 1690 1142 1763 nobis
1171 1689 1237 1744 ad
1257 1699 1596 1760 peccatorum
1626 1689 1835 1744 veniam

229 1793 381 1838 recte
410 1782 545 1836 facta
574 1821 589 1847 ,
622 1781 1071 1852 quemadmodum
1101 1785 1156 1836 et
1200 1781 1332 1837 ﬁdes
1364 1780 1429 1836 ad
1454 1781 1738 1852 justitiam.
1772 1774 1837 1835 Ei

230 1874 366 1929 enim
387 1916 400 1939 ,
422 1874 509 1944 qui
535 1890 637 1928 non
666 1882 926 1945 operatur,
958 1874 1113 1928 credit
1137 1874 1306 1927 autem
1330 1874 1384 1928 in
1414 1890 1527 1927 eum
1556 1874 1643 1941 qui
1674 1873 1839 1943 justi-

232 1967 354 2035 ﬁcat
379 1966 591 2037 impium
612 2008 627 2032 ,
658 1966 943 2036 imputatur
970 1965 1098 2035 ﬁdes
1127 1968 1238 2035 ejus
1263 1966 1331 2019 ad
1350 1967 1606 2037 justitiam
1636 1966 1655 2034 (
1685 1964 1837 2019 Rom.

230 2059 286 2114 4.
318 2058 409 2129 5).
439 2057 706 2114 Caeterum
735 2056 862 2129 quid
889 2058 1063 2129 alit-go
1090 2058 1247 2113 ﬁdem
1278 2066 1331 2113 et
1362 2067 1507 2114 recte
1534 2058 1689 2122 facet,
1717 2066 1839 2112 eum

235 2149 607 2205 tribulationes
632 2160 845 2220 quoque
876 2150 1205 2219 itnputentur
1232 2148 1390 2204 nobis
1410 2148 1475 2204 ad
1502 2154 1840 2218 [eccatorum

234 2240 735 2309 condonationem}
774 2241 844 2296 Et
888 2241 992 2297 hoc
1017 2240 1253 2296 declarat
1282 2240 1530 2296 Christus
1559 2242 1657 2311 per
1682 2255 1840 2310 para-

236 2323 414 2388 bolam
446 2332 670 2399 Lazari,
689 2333 1032 2388 introducens
1058 2332 1327 2387 Abraham
1358 2332 1626 2387 dicentem
1659 2328 1725 2385 ad
1755 2332 1841 2387 di-

236 2425 422 2491 vitem,
453 2424 708 2478 Lazarum
731 2424 974 2493 accipere
1002 2423 1429 2479 consolationem
1456 2466 1471 2489 ,
1499 2423 1621 2495 quia
1654 2423 1706 2477 in
1738 2424 1844 2477 vita

236 2526 331 2572 Sua
366 2517 503 2571 mala
527 2525 807 2586 acceperat
837 2516 996 2587 (Luc.
1023 2517 1109 2571 16.
1133 2517 1205 2571 25
1227 2516 1265 2586 ).
1296 2517 1541 2573 Declarat
1568 2526 1622 2572 et
1647 2516 1845 2570 Paulus

239 2609 306 2662 ad
351 2608 661 2662 Corinthios
695 2608 763 2664 de
804 2606 1128 2662 fornicatore
1168 2608 1448 2663 scribens:
1477 2604 1687 2661 Tradite
1712 2608 1847 2659 hunc

240 2696 494 2755 hominem
525 2711 717 2753 solante
745 2700 795 2752 in
821 2701 1033 2753 exitium
1058 2700 1225 2754 carnis
1247 2739 1261 2764 ,
1295 2709 1350 2751 ut
1379 2698 1587 2769 spiritus
1622 2699 1847 2750 seruetur

241 2791 332 2860 (1.
366 2790 485 2846 Cor.
521 2780 571 2848 5.
603 2782 637 2847 5
662 2792 704 2862 ).
740 2792 807 2846 Et
838 2792 971 2846 alios
1000 2792 1089 2861 qui
1122 2799 1477 2862 peccaverant
1518 2791 1805 2845 consolans
1829 2830 1844 2851 ,

239 2884 307 2940 ad
340 2884 485 2939 hunc
514 2883 731 2937 modum
761 2883 922 2938 verba
955 2881 1081 2937 facit
1114 2901 1125 2934 :
1163 2882 1287 2935 Ideo
1326 2882 1379 2934 in
1417 2879 1552 2934 vobis
1588 2880 1735 2933 multi
1764 2881 1848 2933 itt-

243 2976 383 3045 ﬁrriti
408 2986 455 3029 et
484 2976 663 3045 a'groti
686 3018 703 3043 ,
735 2986 781 3029 et
809 2976 1070 3029 dormiunt
1110 2975 1255 3028 multi
1285 2990 1303 3027 :
1342 2975 1386 3028 si
1410 2974 1541 3027 enim
1584 2989 1674 3027 nos
1713 2974 1849 3043 ipsos

238 3067 609 3140 iudicaremus,
641 3082 742 3121 non
771 3068 940 3138 utique
957 3067 1330 3138 judicarcmur.
1358 3064 1485 3119 Cum
1513 3075 1679 3119 autem
1697 3065 1847 3135 judi-

244 3174 423 3212 tamur
448 3176 480 3211 a
520 3157 740 3212 Domino
764 3200 779 3225 ,
821 3160 1146 3228 castigantur,
1176 3166 1228 3210 ut
1268 3173 1368 3210 non
1396 3173 1509 3208 cum
1538 3156 1632 3209 hoc
1662 3154 1853 3206 mundo

244 3251 550 3304 damnemur
572 3253 588 3321 (
613 3252 661 3305 i.
689 3252 806 3304 Cor.
836 3251 924 3305 ll.
950 3249 1134 3305 50-52
1154 3248 1193 3321 ).
1221 3247 1273 3303 Si
1304 3260 1483 3303 autem
1508 3248 1850 3311 lentationes,

248 3346 443 3411 morbi,
477 3344 843 3410 inﬁrmitates,
879 3352 932 3398 et
956 3344 1134 3397 carnis
1164 3344 1384 3397 exitium
1407 3383 1422 3408 ,
1452 3356 1572 3412 qua:
1609 3356 1707 3395 nec
1736 3348 1851 3395 stu-

244 3436 359 3503 dio,
385 3451 484 3491 nec
512 3436 781 3489 voluntate
812 3436 1061 3503 pat'mur,
1092 3436 1421 3503 imputantur
1449 3431 1602 3487 nobis
1630 3431 1697 3485 ad
1727 3443 1854 3501 pec;

244 3539 492 3600 caterum
534 3528 880 3581 abolitionem
901 3570 915 3590 ,
952 3528 1120 3581 milito
1151 3527 1320 3595 magis
1345 3529 1492 3581 recte
1522 3523 1659 3579 facta
1688 3566 1702 3587 ,
1735 3534 1855 3593 qum

246 3620 526 3674 ‘voiuutate
546 3628 601 3673 et
630 3618 807 3672 studio
830 3618 1219 3688 persequimur.
1246 3617 1382 3672 lluic
1408 3624 1586 3671 autem
1614 3616 1854 3693 etodium

249 3702 515 3766 bonorum
545 3711 721 3779 inopia
749 3718 865 3764 erat
884 3749 899 3773 ,
934 3723 1069 3762 onus
1096 3718 1282 3763 contra
1309 3718 1651 3776 peccatorum
1682 3706 1856 3760 maxi-

248 3818 400 3858 mum
431 3845 445 3866 ,
469 3812 523 3857 et
547 3802 756 3857 sarcina
781 3798 1152 3870 impOrtahilis.
1185 3800 1388 3854 Idcirco
1414 3800 1543 3854 dicit
1566 3841 1580 3866 ,
1619 3798 1739 3853 Non
1761 3799 1860 3853 ha-

250 3896 397 3949 bente
422 3894 511 3947 illo
533 3894 667 3946 unde
689 3893 918 3946 redderet
938 3932 950 3955 ,
974 3893 1130 3962 jussit
1158 3908 1273 3944 eum
1304 3891 1599 3944 venumdari
1626 3892 1642 3959 (
1670 3891 1855 3949 Matth.

254 3987 343 4041 18.
560 3986 633 4040 Es
690 3984 791 4038 hoc
834 3984 1167 4053 potissimum
1212 3981 1335 4037 licet
1364 3982 1565 4036 domini
1612 3981 1859 4035 humani-

251 4088 416 4132 tatem
460 4077 802 4147 perdiscere,
851 4074 994 4145 quod
1024 4086 1077 4130 et
1105 4075 1365 4149 rationem
1399 4074 1659 4141 instituit,
1690 4076 1743 4127 et
1774 4089 1860 4127 ve-

254 4167 500 4222 nittudari
528 4168 686 4237 jussit
720 4185 733 4221 :
766 4168 926 4221 ambo
968 4168 1110 4221 enim
1155 4161 1277 4219 i.-ta'
1302 4163 1436 4219 facta
1479 4169 1603 4218 sunt
1646 4165 1697 4218 in
1738 4180 1860 4219 eum

256 4259 419 4313 ﬁnem
442 4299 456 4321 ,
505 4267 561 4311 ut
595 4272 699 4311 non
742 4257 1087 4312 ve‘nderetur.
1123 4256 1273 4312 Unde
1304 4256 1353 4309 id
1390 4256 1593 4325 liquet?
1620 4270 1650 4309 a
1682 4271 1861 4309 rerum

254 4354 403 4405 exitu
434 4368 447 4403 :
478 4350 527 4421 si
554 4351 697 4403 enim
731 4350 1023 4415 voluisset,
1052 4350 1175 4419 quis
1205 4350 1412 4403 obicem
1438 4388 1451 4413 ,
1481 4348 1601 4418 quis
1633 4347 1862 4416 impedi-

256 4452 498 4499 mentum
530 4441 842 4497 attulisset?

331 4534 385 4589 6.
427 4534 691 4600 Quorsum
723 4533 882 4603 igitur
911 4529 1273 4587 venditionem
1298 4530 1600 4602 imperat-it,
1629 4545 1749 4586 cum
1781 4531 1863 4584 ni-

258 4626 333 4680 hil
366 4627 470 4680 tale
501 4626 675 4682 facere
702 4625 1018 4679 statuisset?
1051 4624 1116 4680 Ut
1145 4634 1367 4697 augeret
1394 4636 1627 4688 metum;
1662 4634 1865 4678 metum

261 4731 395 4772 vero
419 4717 565 4771 ausit
594 4732 688 4785 per
714 4717 906 4781 minas,
932 4726 989 4769 ut
1012 4731 1133 4771 eum
1160 4717 1224 4770 ad
1248 4716 1689 4785 supplicationem
1717 4731 1867 4769 com-

260 4808 487 4879 pelleret
515 4823 529 4870 ;
562 4806 627 4861 ad
650 4806 1092 4875 supplicationem
1118 4806 1375 4875 compulit
1398 4848 1412 4869 ,
1448 4814 1502 4859 ut
1528 4807 1866 4859 occasionem

260 4897 527 4953 donandre
554 4898 723 4952 venia:
761 4884 1002 4951 haberet.
1038 4896 1256 4951 Poterat
1292 4905 1345 4950 et
1375 4904 1498 4951 ante
1527 4896 1868 4965 deprecatio-

263 5003 386 5042 nem
410 5002 531 5042 eum
557 4988 782 5041 liberum
810 4988 877 5040 ab
901 5003 1007 5041 tere
1034 4987 1209 5041 alieno
1230 4986 1523 5049 dimittere.
1544 4986 1721 5042 sedne
1747 4986 1869 5041 inde

262 5081 411 5134 illum
448 5079 770 5133 deteriorem
800 5076 999 5133 faceret
1024 5120 1039 5143 ,
1079 5078 1148 5131 ita
1189 5092 1248 5132 se
1276 5080 1463 5148 gessit.
1500 5078 1715 5133 Poterat
1744 5090 1869 5134 ante

263 5171 527 5224 rationum
562 5170 747 5223 initam
774 5168 983 5222 veniam
1015 5168 1315 5222 concedere
1336 5210 1349 5232 ,
1383 5168 1475 5222 sed
1509 5183 1575 5221 ne
1620 5170 1870 5238 ignorans

263 5261 461 5315 molem
508 5260 772 5315 scelerum
818 5272 1036 5313 suorum
1062 5302 1077 5325 ,
1122 5260 1463 5315 inhumanior
1506 5264 1560 5315 e’t
1602 5261 1870 5317 crudelior

262 5369 389 5424 erga
423 5355 694 5423 proximos
725 5363 889 5415 esset,
922 5354 1042 5406 ideo
1070 5352 1142 5407 illi
1175 5354 1321 5423 prius
1350 5353 1643 5409 declaravit
1667 5356 1746 5410 sui
1778 5357 1872 5410 de-

266 5446 362 5500 biti
392 5446 811 5515 magnitudinem
839 5489 852 5507 .
885 5454 948 5500 ac
976 5455 1084 5499 tum
1115 5446 1331 5499 demum
1359 5448 1405 5499 ei
1436 5448 1642 5506 remisit
1667 5450 1868 5503 omnia.

265 5537 397 5592 Nam
427 5540 470 5590 si
503 5537 679 5591 habita
725 5538 934 5591 ratione
963 5553 1025 5591 ac
1062 5552 1169 5591 tere
1194 5539 1369 5593 alieno
1400 5550 1823 5593 commonstrato
1853 5586 1867 5606 ,

265 5630 533 5700 minisque
568 5631 724 5684 illatis
750 5674 763 5694 ,
798 5641 849 5685 et
881 5632 1332 5687 contlemuatione
1364 5638 1633 5702 proposita
1661 5676 1674 5697 ,
1711 5651 1869 5704 quam

267 5720 536 5774 suSIinere
563 5722 891 5785 merebatur,
926 5721 1060 5775 adeo
1089 5720 1231 5777 ferus
1271 5732 1325 5777 et
1369 5724 1601 5779 crudelis
1644 5725 1739 5779 fuit
1771 5724 1869 5779 ad-

269 5825 457 5868 versus
483 5827 636 5867 suum
664 5827 1015 5875 Cuttscrvum;
1050 5814 1093 5865 si
1134 5814 1263 5867 nihil
1310 5815 1531 5871 istorum
1569 5815 1868 5871 adhibitum

597 5925 871 5985 Pnuoc.
913 5919 1028 5982 (in.
1080 5919 1177 5979 Li.

1941 490 2164 559 fuisset,
2204 506 2313 563 quo
2355 506 2461 547 non
2508 493 2854 549 immanitatis
2899 486 3272 566 prorupisset?
3318 482 3430 552 liae
3472 495 3547 552 de

1935 596 2097 639 causa
2128 582 2246 640 lucc
2271 583 2446 639 omnia
2480 585 2619 642 Deus
2658 584 2785 641 fecit
2819 595 2874 641 et
2913 587 3180 655 instituit,
3206 598 3263 651 ut
3308 591 3544 646 hominis

1938 675 2327 730 immanitatem
2360 676 2505 730 illam
2540 677 2908 746 praemuniret.
2952 678 3007 734 Si
3052 679 3186 735 nihil
3230 680 3346 735 istis
3385 681 3547 736 rebus

1937 767 2253 822 emendatus
2282 769 2420 834 fuit,
2451 784 2557 822 non
2590 777 2755 839 penes
2781 769 3093 841 magistrum
3116 812 3130 835 ,
3158 772 3253 826 Sed
3288 778 3451 842 penes
3481 774 3546 825 il-

1938 857 2049 911 lum
2081 858 2171 927 qui
2197 858 2629 915 emendationem
2670 875 2777 916 non
2811 861 3038 931 recipit,
3071 864 3226 931 culpa
3264 864 3547 917 statuenda

1937 957 2041 1004 est.
2067 948 2450 1005 Verumtamen
2479 948 2757 1006 videamus
2777 966 2883 1021 quo
2914 961 3069 1021 pacto
3094 954 3211 1022 ejus
3242 953 3396 1007 ulcus
3421 954 3548 1006 absv'

1940 1040 2132 1111 tergat.
2186 1041 2385 1097 Cadens
2408 1043 2565 1113 igitur
2584 1045 2654 1097 ad
2679 1044 2831 1114 pedes
2856 1045 2987 1115 ejus,
3014 1044 3303 1099 obsecrabat
3334 1046 3547 1100 dicens:

1939 1129 2252 1186 Patiuntiam
2282 1132 2410 1189 habe
2437 1134 2490 1187 in
2517 1150 2597 1187 me
2615 1174 2631 1199 ,
2665 1144 2713 1188 et
2740 1135 2912 1187 omnia
2939 1134 3153 1188 reddam
3183 1134 3273 1187 tibi
3301 1133 3321 1203 (
3355 1132 3547 1187 Matth.

1942 1224 2027 1280 18.
2056 1223 2186 1295 26).
2219 1223 2335 1279 Non
2377 1224 2549 1280 fassus
2579 1236 2660 1281 est
2693 1238 2753 1281 se
2782 1224 2916 1281 nihil
2948 1226 3147 1282 habere
3174 1225 3319 1296 quod
3352 1225 3551 1280 redde;-

1941 1326 2066 1371 ται-ε
2095 1316 2189 1373 sed
2223 1315 2310 1370 hic
2340 1320 2458 1371 nios
2480 1325 2561 1371 est
2590 1315 2895 1372 debitorum
2921 1358 2936 1383 ,
2967 1324 3024 1372 ut
3050 1316 3104 1370 in
3136 1330 3345 1370 summa
3372 1315 3551 1384 inopia

1944 1410 2258 1480 promittant
2314 1418 2492 1464 tamen
2522 1451 2538 1476 ,
2590 1412 2700 1481 qu'o
2754 1416 2993 1481 prteScns
3038 1408 3337 1479 periculum
3383 1408 3554 1462 vitare

1943 1498 2173 1573 possint.

1995 1587 2315 1650 Precationis
2328 1593 2422 1650 bis.
2441 1590 2670 1650 Notitiam
2683 1584 2873 1665 fiducia
2883 1596 3135 1665 quamam.
3156 1581 3325 1647 Venia!
3342 1582 3546 1646 denatat

1945 1690 2144 1745 modus.
2169 1722 2240 1735 -ρ-
2254 1678 2549 1756 Audiamus
2568 1700 2825 1760 quotquot
2849 1690 3021 1760 ignavi
3038 1697 3226 1744 sumus
3243 1687 3308 1743 ad
3330 1700 3555 1757 precan-

1944 1782 2096 1851 dum,
2146 1784 2344 1853 quanta
2394 1784 2465 1839 sit
2505 1782 2939 1837 obsecrtitio'num
2971 1781 3072 1836 vis.
3124 1780 3242 1835 Non
3290 1774 3556 1850 jejunium

1945 1876 2257 1943 ostentavit,
2305 1889 2410 1930 non
2442 1873 2738 1940 ultroneam
2790 1881 3198 1945 paupertatem,
3235 1884 3326 1926 aut
3347 1856 3551 1941 aliquid

1947 1966 2271 2033 istiusmodi,
2306 1967 2401 2021 sed
2437 1966 2706 2031 desertus,
2736 1966 2832 2025 Sed
2860 1966 3033 2021 nudus
3056 1965 3202 2021 omni
3222 1963 3438 2027 virtute,
3465 1960 3559 2018 ubi

1947 2074 2005 2116 se
2028 2060 2093 2114 ad
2108 2060 2498 2115 ‘obscerandum
2528 2058 2818 2125 “convertit,
2844 2072 2910 2114 eo
2925 2058 3044 2112 solo
3082 2056 3251 2128 potuit
3280 2054 3560 2111 dominum

1948 2152 2015 2206 ad
2042 2152 2465 2207 misericordiam
2495 2152 2826 2222 pertrahere.
2867 2150 2945 2205 Ne
2974 2151 3132 2222 igitur
3162 2148 3474 2205 deﬁciamus
3506 2148 3560 2210 in

1948 2241 2232 2299 fundendis
2261 2244 2528 2313 precibus.
2558 2243 2691 2312 Quis
2721 2245 2865 2298 enim
2894 2243 2998 2298 hoc
3026 2240 3361 2305 sceleratior,
3390 2240 3479 2310 qui
3506 2242 3563 2294 'e't

1953 2340 2032 2391 tot
2061 2335 2376 2390 criminibus
2402 2334 2669 2389 obnoxius
2690 2336 2832 2398 erat,
2868 2343 2922 2389 et
2949 2333 3154 2389 hullum
3185 2342 3333 2387 recte
3362 2331 3559 2386 facttun

1952 2428 2303 2498 possidebat?
2331 2424 2449 2482 Non
2478 2429 2657 2482 tamen
2702 2442 2887 2481 secum
2918 2426 2984 2479 ad
3031 2426 3193 2479 istum
3230 2423 3450 2477 modum
3480 2422 3561 2475 Io:-

1950 2528 2147 2591 quutus
2174 2528 2276 2582 est,
2306 2518 2421 2572 Neu
2452 2517 2625 2573 audeo
2651 2517 2817 2587 idqui,
2850 2516 3054 2587 pudore
3083 2516 3273 2585 plenus
3300 2526 3441 2579 sum,
3470 2510 3562 2583 qui

1953 2618 2140 2681 potero
2163 2609 2457 2664 accedere?
2474 2609 2562 2678 qui
2590 2616 2781 2677 petere
2802 2621 2957 2663 orare
2975 2607 2997 2660 ?
3014 2607 3157 2675 qu'od
3182 2606 3421 2677 plerique
3443 2610 3567 2673 pce:

1951 2708 2191 2755 catorum
2216 2698 2401 2753 dicunt
2421 2738 2437 2766 ,
2466 2698 2727 2752 diabolica
2760 2698 3069 2753 laborantes
3099 2696 3404 2751 timiditate.
3437 2694 3555 2749 Neu

1952 2792 2106 2846 adest
2137 2791 2228 2844 tibi
2258 2790 2450 2844 ﬁducia
2479 2782 2777 2860 loquendi?
2802 2786 3090 2861 Propterea
3112 2787 3329 2852 accede,
3364 2797 3422 2841 ιιι
3449 2796 3564 2841 ωειλ

1950 2884 2124 2953 jorcm
2156 2882 2402 2938 ﬁduciam
2422 2888 2599 2952 pares.
2628 2880 2767 2936 Num
2789 2881 2930 2935 enim
2954 2880 3119 2935 homo
3141 2889 3243 2945 cSt,
3274 2887 3431 2950 quem
3461 2878 3568 2949 plac

1954 2990 2077 3029 care
2104 2975 2253 3043 cupis
2273 3013 2289 3037 ,
2320 2982 2377 3027 ut
2408 2972 2612 3043 pudore
2642 2981 2697 3027 et
2722 2971 3044 3027 verecundia
3072 2970 3423 3026 laborandum
3454 2964 3567 3023 sit?

1958 3063 2096 3121 Deus
2122 3074 2206 3119 Est
2231 3065 2320 3133 qui
2363 3065 2530 3134 magis
2554 3106 2569 3131 ,
2598 3080 2757 3135 quam
2803 3073 2856 3118 tu
2891 3065 3004 3134 ipse
3030 3107 3042 3127 ,
3075 3071 3294 3134 exoptat
3322 3071 3372 3115 tc
3400 3077 3429 3116 a
3458 3061 3533 3115 cri
3554 3090 3567 3099 -

1959 3159 2193 3214 minibus
2222 3158 2441 3214 liberari
2468 3175 2481 3219 ;
2515 3173 2620 3212 non
2649 3164 2706 3212 tu
2735 3166 3013 3227 tantopere
3046 3165 3190 3210 tuam
3222 3157 3567 3210 securitatem

1957 3251 2295 3322 concupiscis
2325 3292 2338 3316 ,
2381 3243 2714 3321 quantOperc
2760 3250 2849 3303 ille
2888 3258 3032 3303 tuam
3064 3250 3289 3303 salutem
3318 3244 3521 3316 e'xpetit
3554 3263 3567 3298 :

1961 3345 2120 3415 idque
2160 3344 2321 3399 rebus
2371 3343 2499 3413 ipsis
2542 3342 2745 3397 docilit.
2796 3340 2912 3395 Neu
2955 3339 3122 3395 habes
3172 3332 3465 3392 ﬁduciam?
3495 3324 3572 3391 Ea

1963 3437 2079 3505 ipso
2113 3442 2265 3505 potes
2314 3432 2561 3488 ﬁduciam
2604 3432 2840 3498 habere,
2873 3432 3014 3503 quod
3065 3432 3135 3486 ita
3179 3429 3403 3486 affectus
3450 3430 3570 3484 sis:

1963 3528 2191 3581 titaxima
2216 3527 2358 3581 enim
2394 3526 2583 3580 ﬁducia
2601 3533 2703 3591 est,
2729 3540 2851 3579 cum
2879 3525 2999 3595 quis
3025 3537 3085 3578 se
3111 3523 3385 3578 existimat
3407 3521 3573 3576 ﬁdere

1965 3627 2070 3674 non
2099 3620 2318 3675 debere.
2344 3619 2476 3674 Nam
2506 3628 2565 3673 ut
2596 3622 2942 3687 summepcre
2972 3617 3217 3687 pudenda
3245 3626 3334 3672 res
3358 3614 3462 3680 est,
3484 3618 3574 3684 ju-

1964 3710 2195 3767 SIiﬁcai-e
2224 3713 2463 3781 seipsum
2494 3725 2676 3766 coram
2708 3709 2937 3765 Deniin
2972 3710 2985 3764 ξ
3018 3709 3107 3763 ille
3141 3709 3287 3763 enim
3333 3708 3577 3778 impurus

1964 3810 2047 3857 est
2075 3802 2395 3872 quicumque
2444 3798 2497 3856 id
2550 3802 2674 3856 facit
2698 3842 2712 3865 ,
2742 3801 2953 3856 etiamsi
2987 3799 3238 3854 omnibus
3270 3799 3578 3853 hominibus

1965 3894 2204 3949 sanctior
2244 3892 2405 3949 fuerit
2438 3912 2451 3947 :
2487 3896 2556 3949 ita
2597 3910 2809 3965 quoque
2847 3893 3023 3963 justus
3056 3893 3151 3957 ﬁt,
3186 3896 3274 3962 qui
3321 3908 3378 3947 se
3406 3894 3579 3946 Credit

1966 3986 2207 4039 omnium
2257 3986 2534 4041 hominum
2580 3996 2880 4039 extremum
2923 3999 3063 4039 esse.
3097 3983 3261 4052 Cujus
3302 3984 3380 4037 rei
3414 3992 3579 4036 tostos

1967 4084 2092 4130 sunt
2123 4060 2426 4129 i’hariszcus
2452 4085 2505 4130 et
2534 4076 2871 4145 publicanus.
2917 4076 2993 4130 Ne
3036 4076 3194 4145 igitur
3236 4072 3575 4144 despondea-

1968 4179 2087 4222 mus
2130 4167 2366 4222 animum
2411 4168 2481 4223 ob
2516 4177 2735 4239 peccata
2761 4210 2776 4237 ,
2821 4179 2993 4237 neque
3039 4168 3389 4237 desperemus
3417 4208 3431 4229 ,
3483 4167 3576 4218 sed

1969 4257 2226 4315 adeamus
2251 4260 2439 4325 Deum,
2461 4260 2822 4329 procidamus,
2847 4259 3215 4323 Obsecremus,
3235 4256 3579 4335 qtteniatliiiti-

1969 4351 2096 4407 dum
2132 4352 2230 4406 istc
2261 4350 2386 4405 fecit
2410 4398 2423 4412 ,
2455 4351 2716 4406 hactenus
2743 4350 2885 4405 bona
2926 4359 3108 4405 mente
3149 4364 3295 4402 usus.
3339 4348 3454 4403 Non
3482 4348 3577 4402 tic-

1972 4443 2240 4513 spoudcrc
2267 4444 2503 4495 animum
2523 4484 2535 4505 ,
2567 4457 2675 4496 non
2706 4442 3017 4511 desperare,
3046 4439 3291 4494 conﬁteri
3323 4449 3537 4510 peccata
3564 4480 3578 4501 ,
3616 4436 3621 4443 ’

1971 4536 2245 4606 postulare
2286 4533 2598 4587 dilationem
2643 4533 2877 4603 aliquam
2921 4527 2975 4585 ei.
3016 4546 3265 4597 moram,
3308 4536 3362 4585 e't
3405 4532 3580 4583 omnia

1975 4626 2072 4678 ista
2102 4626 2237 4678 bona
2267 4632 2390 4676 sunt
2418 4634 2473 4678 et
2503 4624 2699 4679 mentis
2736 4622 2984 4677 contritae
3008 4663 3023 4685 .
3066 4626 3121 4676 et
3158 4621 3353 4675 animm
3402 4620 3582 4674 bumi‘

1975 4716 2132 4767 iiatar.
2166 4714 2295 4780 Qua:
2321 4713 2432 4781 jam
2478 4722 2795 4783 sequuntur,
2836 4722 3174 4783 nequaquam
3217 4710 3412 4766 similia
3459 4721 3585 4764 sunt

1974 4808 2340 4876 superioribus
2370 4824 2383 4859 :
2412 4821 2533 4876 qua:
2571 4807 2712 4859 enim
2742 4812 2836 4874 per
2874 4800 3321 4875 sapplicationem
3353 4817 3585 4872 congre-

1974 4905 2193 4967 gaverat
2221 4938 2233 4958 ,
2278 4896 2393 4950 b:cc
2422 4895 2603 4949 omnia
2641 4896 2691 4949 in
2723 4897 3029 4949 universum
3062 4894 3248 4949 cii‘udit
3280 4903 3375 4963 per
3405 4894 3576 4957 iram,

1975 4996 2133 5058 quam
2168 4989 2218 5041 in
2254 4986 2556 5057 prosimum
2588 4987 2845 5041 exercuit.
2878 4986 2983 5041 Sed
3006 4987 3118 5057 jam
3146 4987 3211 5041 ad
3238 4986 3456 5041 modum
3491 4987 3587 5039 tin-

1977 5090 2116 5134 nata:
2143 5079 2312 5133 venia:
2345 5078 2716 5148 procedamus.
2751 5077 3037 5132 Videamus
3081 5076 3391 5147 qualitatem
3434 5078 3586 5130 istim

1978 5170 2312 5226 remissionis
2340 5211 2351 5231 ,
2382 5180 2435 5223 et
2456 5169 2651 5240 quibus
2678 5170 2835 5223 rebus
2862 5168 2925 5222 ad
2957 5168 3006 5223 id
3042 5169 3293 5222 dominas
3320 5168 3584 5222 adductus

1979 5263 2161 5319 fuerit.
2216 5263 2453 5317 Miserius
2497 5256 2635 5317 illius
2679 5264 2950 5329 dominus,
3002 5263 3173 5331 inquit
3213 5262 3541 5331 evangelista
3570 5302 3583 5322 ,

1978 5356 2186 5408 absolvit
2217 5372 2331 5408 eum
2353 5396 2365 5415 .
2391 5365 2436 5408 et
2462 5354 2685 5409 debitum
2714 5354 2898 5409 remisit
2926 5354 2945 5427 (
2967 5354 3149 5407 Matth.
3188 5353 3275 5409 18.
3313 5353 3382 5406 27
3405 5351 3445 5423 ).
3495 5353 3588 5406 ille

1979 5447 2290 5500 dilationem
2323 5446 2494 5517 petiit,
2528 5448 2627 5503 istc
2654 5448 2861 5502 veniam
2885 5449 3151 5502 concessit
3173 5490 3188 5511 ,
3221 5447 3357 5502 adeo
3380 5456 3437 5501 ut
3472 5448 3588 5517 plus

1979 5543 2182 5611 ceperit
2207 5584 2219 5607 ,
2253 5556 2409 5611 qnam
2448 5543 2747 5612 postularit.
2779 5542 3115 5612 QuaprOpter
3146 5541 3342 5597 Paulus
3376 5542 3545 5610 inquit
3571 5582 3585 5607 ,

1985 5634 2047 5687 Ei
2064 5677 2076 5695 ,
2105 5636 2191 5701 qui
2218 5645 2376 5704 potest
2401 5637 2571 5689 omnia
2599 5640 2763 5704 facere
2791 5622 3288 5704 sttpcralmndantius
3313 5640 3464 5705 quam
3494 5652 3584 5702 pe-

1974 5724 2133 5778 timus
2158 5768 2170 5789 ,
2203 5737 2286 5778 aut
2314 5728 2593 5794 cogitamus
2621 5725 2838 5796 (Ep/tes.
2870 5726 2921 5779 5.
2952 5720 3067 5794 20).
3102 5726 3216 5779 Non
3262 5727 3403 5778 enim
3437 5735 3593 5794 putes

1981 5819 2213 5891 cogitare
2247 5829 2429 5885 tanta,
2462 5830 2659 5888 qnan'a
2702 5818 2786 5871 ille
2833 5818 3055 5871 instituit
3101 5817 3307 5868 donare
3351 5817 3464 5871 tibi.
3512 5816 3590 5867 Μ

3162 5926 3203 5982 2
