4058 6396
562 306 628 358 ⁸27
1263 308 1316 364 S.
1354 307 1630 364 JOANNIS
1667 308 2133 365 CIIRYSOSTOMI
2174 310 2491 365 ARCHIEP.
2531 308 3063 366 CONSTANTINOP.
3760 299 3831 352 28

563 420 724 487 igitur
753 422 1023 491 pudeﬁas,
1054 437 1183 498 neve
1214 424 1517 487 erubescas,
1550 425 1657 476 imo
1686 426 1855 492 potius
1881 424 2136 494 pudorem

564 508 631 563 de
660 509 889 579 peccatis
910 510 1096 579 collige
1119 552 1132 574 ,
1158 526 1223 565 ne
1248 511 1527 580 desiicres,
1558 528 1687 567 neve
1714 513 1941 567 absistas
1966 528 1993 565 a
2021 528 2142 581 prc-

567 602 795 666 catione,
824 600 915 654 sed
940 601 1131 654 accede
1150 643 1164 665 ,
1192 601 1314 656 licet
1340 612 1586 670 peccator
1611 604 1684 657 sis
1706 645 1719 670 ,
1753 613 1807 657 ut
1833 604 2145 657 reconcilies

570 692 663 745 tibi
702 691 977 746 Dominum
1003 733 1016 755 ,
1046 702 1101 744 ut
1131 692 1225 748 des
1253 694 1325 746 illi
1368 694 1540 747 locum
1581 710 1725 748 suam
1768 694 2145 747 humanitatem

572 781 623 833 in
653 780 1038 834 condonatioue
1070 791 1276 836 tuorum
1318 784 1596 837 criminum
1627 782 1909 837 exhibendi
1941 798 1952 833 :
1984 784 2104 850 quia
2128 823 2142 845 ,

569 872 612 924 si
643 872 827 924 timeas
864 870 1119 925 accedere
1142 912 1159 938 ,
1194 872 1421 941 impedis
1450 874 1588 927 illius
1624 873 1932 937 bonitatem,
1965 887 2144 925 remo-

572 960 704 1013 raris
751 960 891 1015 illius
933 962 1272 1031 benignitatis
1320 965 1615 1034 largitatem
1646 1005 1658 1027 ,
1708 973 1960 1033 quantum
2000 964 2064 1017 ad
2098 972 2147 1017 te

573 1051 783 1104 attinet.

646 1141 766 1195 Non
795 1143 920 1197 sola:
950 1160 1117 1214 preces
1156 1146 1346 1198 veniam
1392 1146 1680 1216 impetrant,
1709 1145 1797 1199 scd
1825 1161 1938 1199 cum
1983 1145 2147 1214 gratia

571 1231 687 1286 Dei.
721 1234 1021 1287 Recordutio
1051 1246 1362 1303 peccatorum
1405 1238 1562 1293 utilis.
1591 1236 1787 1289 Paulus
1835 1244 2146 1304 peccatorum

575 1338 782 1375 suorum
810 1325 1117 1377 recordatur.
1150 1355 1217 1364 ——
1244 1324 1320 1379 Ne
1372 1325 1526 1395 igitur
1554 1327 1785 1379 aninunn
1814 1325 2146 1395 despondea-

577 1426 715 1478 mus,
742 1427 875 1465 neve
913 1428 1012 1466 nos
1056 1428 1247 1483 segnes
1300 1416 1613 1482 timidosque
1658 1415 1723 1468 ad
1776 1430 1959 1483 preces
2001 1413 2152 1467 exhi-

576 1500 813 1553 beamus.
845 1501 1063 1555 Etiamsi
1104 1501 1303 1556 detrusi
1332 1505 1497 1558 simus
1533 1504 1597 1558 ad
1644 1504 1950 1559 barathrum
1993 1502 2145 1556 mali—

578 1589 682 1655 tiaz,
716 1590 869 1645 facile
892 1593 1017 1645 inde
1050 1609 1145 1646 nos
1172 1593 1452 1649 extrahere
1492 1597 1699 1664 poterit.
1748 1595 1916 1650 Nemo
1948 1603 2147 1648 tantum

573 1682 811 1748 peccavit
836 1692 1088 1751 quantum
1120 1685 1217 1739 iste
1245 1705 1257 1738 :
1285 1702 1403 1739 nam
1433 1692 1483 1740 in
1507 1702 1663 1740 omne
1700 1702 1866 1757 genus
1888 1686 2148 1741 scelerum

576 1783 889 1842 proruperat
923 1791 934 1827 :
968 1776 1016 1828 id
1046 1778 1185 1830 enim
1214 1778 1509 1847 significant
1555 1780 1688 1832 dena
1739 1779 1899 1832 millia
1930 1778 2153 1831 talento-

575 1876 691 1914 rum
727 1904 736 1912 .
797 1878 954 1917 nemo
1003 1865 1071 1917 ita
1121 1867 1273 1934 inoiis
1303 1867 1511 1920 virtutis
1548 1877 1650 1929 est,
1680 1876 1735 1920 ut
1765 1868 1863 1921 iste
1893 1867 1985 1921 fuit
2016 1884 2028 1918 :
2055 1867 2153 1919 hoc

576 1949 719 2004 enim
756 1952 1066 2022 intelligitur
1118 1971 1183 2009 ex
1225 1971 1323 2022 eo,
1372 1956 1513 2025 quod
1564 1957 1693 2011 nihil
1748 1958 1965 2011 haberet
2012 1958 2152 2027 quod

577 2041 916 2109 rependeret.
966 2047 1211 2099 Attamen
1256 2047 1625 2116 undecumque
1665 2049 1928 2103 desertum
1969 2059 2021 2102 et
2069 2050 2152 2101 in-

579 2145 735 2201 opem
762 2136 930 2202 potuit
962 2137 1041 2189 vis
1068 2150 1280 2203 precum
1309 2138 1554 2192 liberare.
1578 2138 1823 2196 Tantum.
1858 2138 2043 2206 inquit,
2067 2154 2153 2189 va-

577 2224 651 2276 let
692 2227 957 2293 precatio,
988 2236 1043 2280 ut
1077 2243 1197 2282 eum
1229 2229 1318 2298 qui
1357 2229 1649 2282 innumeris
1690 2230 1849 2283 rebus
1895 2238 1947 2283 et
1998 2230 2153 2283 factis

579 2312 856 2367 Dominum
909 2316 1223 2383 oll'enderit,
1257 2333 1284 2370 a
1330 2333 1483 2387 poena
1539 2327 1593 2371 et
1643 2320 1899 2387 supplicio
1950 2320 2155 2388 eripere

580 2404 747 2470 pOSsit
766 2405 790 2455 Ἰ
812 2404 987 2459 Pete-2t
1010 2407 1146 2459 haud
1175 2407 1352 2461 dubie.
1380 2409 1492 2462 Non
1515 2410 1655 2463 enim
1680 2410 1766 2462 illa
1792 2410 1902 2462 sola
1933 2421 2014 2463 est
2038 2426 2156 2479 qua:

581 2492 755 2543 omnia
812 2493 1053 2557 eonlicit,
1093 2496 1182 2548 sed
1226 2496 1385 2551 habet
1426 2500 1626 2551 sociat“
1680 2508 1732 2552 et
1775 2498 2154 2552 auxiliatriccm

579 2582 859 2635 maximam
894 2582 1271 2640 humanitatem
1300 2588 1392 2641 Dei
1416 2629 1429 2652 ,
1453 2590 1541 2657 qui
1566 2603 1749 2659 preces
1770 2589 1980 2657 accipit,
2003 2589 2157 2658 cujus

581 2671 780 2724 viribus
804 2674 978 2727 omnia
1013 2675 1163 2741 ﬁunt,
1190 2687 1237 2730 et
1268 2694 1385 2747 qua:
1407 2681 1697 2733 orationem
1734 2680 2002 2733 eilicacem
2030 2680 2155 2733 red-

584 2759 740 2816 didit.
774 2763 824 2816 ld
875 2764 1033 2834 igitur
1074 2768 1417 2822 subimlieans
1442 2810 1457 2834 ,
1486 2769 1635 2833 dixit,
1662 2769 1897 2823 Misertus
1927 2770 2157 2824 dominus

580 2852 688 2920 ejus
709 2854 917 2909 absolvit
938 2874 1072 2924 eum,
1102 2872 1146 2911 et
1168 2875 1233 2912 ανδ
1261 2860 1477 2912 alierum:
1499 2862 1683 2912 remisit
1704 2862 1746 2914 ei
1771 2877 1789 2914 :
1811 2871 1863 2915 ut
1893 2862 2087 2925 discas,
2106 2871 2159 2915 et

584 2951 703 3009 post
744 2958 944 3010 preces,
979 2956 1032 3000 et
1078 2958 1200 3001 ante
1245 2963 1429 3016 preces
1480 2948 1677 3003 domini
1733 2952 1933 3004 viscera
1989 2960 2155 3004 totum

580 3040 710 3094 illud
764 3040 1029 3108 negotium
1074 3040 1277 3094 fecisse.
1334 3039 1578 3111 Egressus
1624 3050 1785 3094 autent
1836 3042 1923 3096 ille
1974 3044 2157 3096 invenit

584 3148 740 3184 unum
779 3148 1127 3185 conservorum
1172 3148 1397 3197 suorum,
1446 3134 1531 3202 qui
1577 3134 1674 3203 ipsi
1710 3134 1910 3188 debebat
1961 3146 2157 3190 centum

582 3223 814 3277 denarios
834 3264 847 3286 ,
875 3233 919 3275 et
958 3234 1127 3277 tenens
1153 3223 1428 3289 su/I'ocabat
1454 3232 1561 3279 eum
1592 3226 1761 3279 dicens
1788 3245 1806 3280 .·
1834 3227 2005 3283 Redde
2027 3232 2160 3299 quod

583 3312 727 3365 ilcbes
756 3312 970 3381 (Matth.
1000 3314 1082 3367 18.
1111 3312 1224 3384 98).
1257 3314 1392 3381 Quid
1450 3316 1721 3369 scelestius
1780 3316 1889 3371 ﬁeri
1946 3321 2159 3387 potest?

584 3403 773 3458 'Aiibuc
801 3404 942 3459 enim
969 3405 1209 3460 beneficii
1241 3422 1423 3461 vocem
1456 3406 1507 3461 in
1537 3408 1752 3462 auribus
1781 3424 1993 3479 gerens,
2021 3411 2156 3465 obli-

570 3504 666 3549 ‘tns
695 3504 775 3550 est
815 3495 994 3552 herilis
1023 3497 1287 3552 bonitatis.

648 3591 705 3641 .7.
750 3590 825 3643 En
865 3599 1115 3659 quantum
1170 3592 1363 3645 bonum
1418 3600 1500 3646 est
1548 3604 1883 3660 peccatorum
1941 3609 2156 3647 suorum

586 3681 895 3734 meminisse
922 3699 941 3735 τ
974 3683 1017 3735 si
1046 3683 1184 3735 enim
1234 3683 1319 3737 hic
1358 3694 1611 3753 perpetuo
1642 3703 1823 3740 eorum
1850 3687 2158 3739 memoriam

589 3772 916 3837 retinuisset,
943 3789 1045 3827 non
1075 3783 1179 3826 tam
1200 3774 1347 3828 ferus
1396 3787 1448 3829 et
1474 3778 1721 3835 immanis
1759 3778 1926 3831 fartus
1953 3778 2154 3832 fuisset.

591 3862 873 3929 Propterea
894 3862 1105 3917 assidue
1124 3863 1244 3917 dico
1260 3908 1272 3927 ,
1293 3881 1392 3920 nec
1417 3868 1650 3921 omittam
1676 3869 1873 3934 dicere,
1905 3871 2054 3924 valde
2077 3878 2161 3924 est

590 3954 718 4005 utile
747 3964 801 4006 et
840 3956 1197 4009 necessarium
1246 3967 1502 4026 perpetuo
1541 3960 1804 4015 recordari
1847 3960 2158 4016 de'ictorum

588 4044 822 4097 omnium
854 4062 866 4097 :
901 4045 1026 4099 nihil
1055 4046 1193 4099 enim
1220 4048 1289 4100 ita
1319 4061 1460 4103 reete
1490 4051 1803 4115 institutam,
1834 4064 1945 4105 trac
1970 4054 2159 4107 abiicm

588 4145 642 4189 et
666 4137 843 4189 mitem
861 4137 1089 4190 animam
1115 4137 1287 4193 facere
1308 4150 1657 4211 potest,quam
1677 4153 1929 4211 perpetua
1942 4144 2161 4197 delicto-

589 4241 705 4279 rum
728 4228 1042 4280 recordatio.
1063 4227 1183 4281 Ideo
1209 4238 1261 4283 et
1289 4230 1481 4283 Paulus
1505 4247 1607 4285 non
1632 4234 1800 4286 solum
1828 4244 2160 4300 ret-calorum

587 4335 789 4382 eorum,
816 4331 933 4389 qua:
960 4328 1081 4393 ante
1122 4321 1408 4386 lavacrum,
1441 4324 1531 4378 sed
1576 4325 1731 4379 etiam
1764 4342 1881 4395 qua:
1923 4336 2041 4395 post
2068 4328 2161 4381 ba-

586 4413 837 4479 ptismum
860 4414 1144 4467 commissa
1168 4423 1337 4477 erant,
1363 4430 1566 4469 memor
1594 4417 1964 4488 I‘uit,qnamvis
1995 4420 2159 4473 Semel

587 4505 765 4558 omnia
815 4515 866 4559 et
918 4505 1088 4561 deleta
1130 4516 1184 4560 et
1229 4508 1485 4562 exstincta
1527 4518 1725 4563 essent.
1754 4510 1807 4565 Si
1853 4522 2026 4566 autem
2074 4513 2161 4566 ille

586 4609 773 4647 eorum
803 4634 820 4661 ,
848 4611 966 4665 qua!
994 4606 1114 4650 ante
1142 4596 1458 4666 baptismum
1486 4610 1758 4669 gesserat,
1797 4616 2001 4655 memor
2041 4603 2156 4667 fuit,

589 4686 758 4739 multo
786 4686 953 4756 magis
982 4704 1094 4750 nos,
1124 4702 1243 4755 qua:
1282 4699 1401 4758 post
1441 4690 1758 4759 baptismum
1787 4702 1901 4747 acta
1929 4702 2080 4760 sunt,
2106 4696 2157 4748 in

590 4777 846 4829 memoria
900 4781 1130 4831 retinere.
1178 4778 1599 4846 debemus;nou
1648 4782 1789 4835 enim
1852 4783 2021 4837 solum
2073 4786 2158 4839 illa

591 4852 886 4919 istiusmodi
940 4868 1305 4923 recordatione
1357 4869 1895 4940 exstinguimus,sed
1949 4885 2000 4928 et
2040 4877 2161 4930 inde

591 4972 713 5024 erga
746 4971 931 5009 omnes
956 4958 1197 5012 homines
1228 4961 1465 5014 mitiores
1486 4961 1797 5024 el'liciemur,
1821 4971 1876 5017 et
1904 4964 2013 5018 Deo
2040 4982 2159 5018 eiuu

590 5046 777 5111 majori
825 5046 1190 5101 benevolentia
1244 5050 1631 5115 inserviemus,
1683 5050 1996 5106 inell‘abileui
2047 5056 2157 5122 ejus

591 5135 971 5190 humanitatem
1003 5152 1064 5191 ex
1111 5140 1409 5193 istiusmodi
1456 5142 1711 5195 memoria
1758 5145 2153 5211 perSpieientes.

593 5224 744 5289 Quod
773 5224 873 5280 iste
903 5243 1005 5279 non
1031 5228 1148 5280 fecit
1168 5269 1181 5290 ,
1212 5229 1301 5282 sed
1334 5230 1528 5285 oblitus
1556 5232 1931 5301 magnitudinis
1954 5234 2159 5289 debito-

592 5333 708 5371 rum
741 5332 979 5385 suorum,
1008 5321 1164 5374 etiam
1196 5320 1433 5376 beneﬁcii
1464 5323 1663 5377 domini
1707 5337 1810 5375 non
1857 5325 2161 5381 redordatus

596 5417 715 5471 est;
747 5408 1017 5463 oblivione
1066 5427 1225 5479 porro
1272 5413 1511 5467 beneﬁcii
1555 5413 1745 5467 factum
1773 5424 1871 5475 est.
1902 5424 1957 5468 ut
1994 5417 2159 5471 scele-

592 5507 706 5552 rate
729 5514 787 5553 se
816 5502 1037 5568 gesserit
1078 5500 1331 5555 adversus
1360 5518 1696 5567 conservum,
1724 5515 1778 5558 et
1806 5508 2059 5561 scelerate
2101 5524 2160 5563 se

594 5588 829 5657 gerendo
858 5591 1031 5645 omnia
1063 5592 1366 5660 perdiderit,
1387 5610 1501 5661 quce
1532 5610 1560 5648 a
1594 5596 1681 5649 Dei
1714 5596 1946 5652 bonitate
1976 5612 2162 5653 conse-

590 5689 783 5749 quutus
832 5691 945 5738 erat
969 5721 985 5751 ,
1032 5680 1227 5737 Tenetis
1278 5686 1407 5739 enim
1449 5686 1726 5753 sit/focalia!
1770 5706 1913 5757 eum,
1954 5690 2157 5760 dicens,

2257 425 2427 479 Redde
2450 426 2493 480 si
2514 426 2635 493 quid
2656 424 2802 478 debes
2832 441 2849 478 :
2880 440 2983 479 non
3012 424 3141 477 dixit
3163 465 3177 487 ,
3210 421 3393 476 Redde
3420 430 3633 473 centum
3662 417 3828 470 dena-

2255 521 2363 568 rios
2398 532 2412 568 :
2448 516 2721 585 puduisset
2751 516 2892 572 enim
2922 531 3044 569 eum
3072 514 3345 568 nominare
3391 510 3621 566 tantillas
3650 509 3829 561 minu-

2252 605 2371 669 tias,
2394 605 2486 659 scd
2520 605 2691 659 Redde
2713 606 2753 658 si
2775 605 2895 674 quid
2924 606 3087 657 debes.
3122 602 3221 656 Ille
3245 612 3408 655 autem
3431 602 3613 652 cadens
3640 600 3713 649 ad
3746 612 3832 665 pc-

2253 697 2338 747 des
2358 698 2466 765 ejus
2489 697 2784 749 obsecrabat
2827 695 2995 748 dicens
3026 711 3042 746 :
3070 692 3375 746 Patientiam
3404 690 3528 742 habe
3554 689 3606 741 in
3637 703 3717 739 me
3735 727 3751 749 ,
3789 694 3833 736 et

2252 786 2420 837 omnia
2464 785 2673 837 reddam
2722 785 2809 837 tibi
2850 784 3060 850 (Matth.
3118 784 3200 837 13.
3239 781 3355 850 29).
3387 778 3605 833 Eisdem
3654 774 3838 829 Verbis

2250 888 2401 925 suam
2434 874 2656 926 salutem
2689 882 2823 937 orat,
2846 874 3040 943 quibus
3066 872 3154 926 ille
3183 871 3389 925 veniam
3416 883 3445 921 a
3473 867 3696 920 domino
3731 864 3834 915 im-

2252 969 2569 1029 petraverat.
2621 962 2667 1015 Is
2711 971 2888 1017 autem
2916 978 3024 1031 prce
3057 962 3214 1015 nimia
3264 958 3578 1014 crudelitate
3608 971 3676 1009 ne
3720 954 3839 1015 istis

2251 1050 2461 1119 quidem
2505 1052 2680 1105 verbis
2732 1051 3063 1114 ﬂectebatur,
3095 1066 3264 1119 neque
3313 1047 3582 1117 cogitavit,
3622 1058 3682 1097 se
3739 1056 3840 1111 per

2251 1139 2365 1194 ha'c
2408 1141 2543 1195 dicta
2593 1142 2819 1195 salutem
2870 1141 3154 1195 invenisse.
3212 1139 3462 1206 Quinimo
3515 1136 3557 1189 si
3598 1134 3837 1189 debitum

2252 1231 2565 1297 remisisset,
2602 1248 2666 1287 ne
2723 1233 2792 1286 ita
2837 1234 3049 1303 quidem
3110 1247 3207 1302 pro
3260 1230 3589 1283 humanitate
3636 1226 3838 1281 factum

2254 1322 2382 1375 illud
2437 1323 2796 1391 imputandum
2829 1323 3045 1388 fuisset,
3096 1322 3187 1378 sed
3232 1337 3326 1391 pro
3355 1321 3555 1375 debito.
3585 1318 3639 1373 Si
3682 1317 3829 1371 enim

2254 1425 2375 1467 ante
2416 1419 2674 1469 rationem
2712 1414 2923 1479 initam,
2959 1423 3013 1469 et
3044 1414 3356 1468 bent-licium
3385 1421 3703 1479 acceptum,
3736 1407 3837 1461 hoc

2255 1503 2490 1571 fecisset,
2521 1505 2684 1574 ipsius
2727 1506 3146 1576 magmnimitati
3201 1504 3302 1559 tale
3356 1503 3549 1556 factum
3601 1498 3839 1554 adscribi

2256 1595 2514 1662 potuisset
2544 1611 2557 1648 ε
2586 1596 2695 1663 jam
2749 1612 2875 1650 vero
2914 1605 3019 1649 tam
3070 1596 3363 1649 clementer
3415 1592 3629 1647 habitus
3672 1599 3726 1644 ct
3763 1598 3845 1643 tot

2257 1695 2598 1750 peccatorum
2655 1686 2970 1741 remissione
3021 1685 3283 1751 donatus,
3340 1684 3403 1737 ad
3474 1698 3655 1753 parem
3712 1696 3841 1750 erga

2257 1787 2575 1828 conservum
2630 1775 2966 1827 clementiam
3026 1775 3288 1844 obligatus
3338 1782 3469 1826 erat.
3520 1773 3610 1826 ille
3663 1780 3844 1824 tamen

2257 1865 2385 1917 nihil
2415 1865 2708 1919 istiusmodi
2738 1864 2857 1919 fecit
2886 1907 2901 1931 ,
2930 1874 3019 1919 aut
3046 1868 3097 1918 in
3127 1872 3357 1919 mentem
3388 1863 3633 1925 admisit,
3663 1871 3722 1915 ut
3744 1875 3843 1915 co—

2257 1956 2462 2023 gitaret,
2497 1966 2747 2025 quantum
2781 1957 3059 2011 interesset
3091 1958 3225 2010 inter
3249 1955 3845 2021 condonationem,qum

2259 2046 2355 2116 ipsi
2382 2062 2408 2099 a
2437 2047 2650 2099 deinino
2673 2048 2981 2116 contigerat,
3004 2056 3057 2099 et
3083 2063 3196 2099 eam
3226 2062 3342 2114 qua:
3372 2060 3491 2114 erga
3522 2060 3846 2099 CODSCI‘HIDI

2258 2135 2553 2188 exhibenda
2587 2146 2698 2189 erat
2735 2155 2747 2189 :
2776 2153 2879 2188 ttou
2909 2138 3048 2191 enim
3088 2137 3255 2189 solum
3286 2136 3651 2205 magnitudine
3689 2133 3846 2189 debi-

2259 2233 2428 2277 torum
2457 2233 2548 2277 aut
2578 2225 2829 2294 dignitate
2856 2241 3223 2296 personarum,
3249 2226 3339 2280 sed
3391 2241 3455 2279 eo
3498 2229 3613 2294 ipso
3655 2224 3842 2285 modo,

2258 2329 2363 2383 quo
2403 2331 2489 2369 res
2518 2326 2630 2369 acta
2664 2326 2742 2370 est
2764 2358 2777 2379 ,
2810 2333 3056 2386 magnum
3089 2319 3222 2370 inter
3256 2328 3534 2385 utrumque
3556 2316 3851 2370 discrimen

2259 2406 2576 2474 consliicias.
2607 2406 2736 2460 illud
2769 2408 2908 2460 enim
2936 2407 3169 2461 debitum
3202 2407 3385 2463 decem
3421 2407 3643 2459 millium
3673 2407 3849 2461 talen-

2262 2505 2430 2551 torum
2454 2511 2587 2564 erat,
2618 2498 2717 2552 hoc
2758 2510 2970 2553 centum
3009 2500 3349 2554 denariorum
3381 2518 3393 2553 :
3425 2508 3477 2553 et
3508 2500 3595 2553 ille
3632 2498 3850 2568 quidem

2261 2588 2313 2640 in
2364 2589 2635 2644 dominum
2686 2592 3067 2645 contumeliose
3122 2599 3450 2661 peccaverat,
3479 2590 3562 2643 hic
3608 2599 3850 2643 tantum-

2261 2680 2419 2734 modo
2449 2697 2706 2737 conservo
2728 2684 2992 2753 obligatus
3021 2694 3135 2737 erat
3162 2702 3173 2735 :
3201 2684 3288 2737 ille
3317 2682 3586 2737 beneficiis
3611 2682 3851 2752 acceptis

2261 2771 2396 2826 bene
2446 2774 2638 2827 mereri
2689 2774 2921 2828 vicissim
2969 2774 3216 2839 debebat,
3246 2774 3530 2827 dominus.
3560 2773 3650 2843 qui
3713 2772 3850 2825 nihil

2262 2861 2385 2915 boui
2422 2872 2512 2916 aut
2549 2864 2723 2933 magni
2752 2873 2842 2919 aut
2888 2865 3036 2933 parvi
3076 2865 3142 2919 ab
3186 2864 3302 2934 ipso
3351 2865 3543 2917 factum
3597 2864 3850 2927 videbat,

2262 2953 2436 3007 omnia
2483 2955 2707 3007 remisit.
2742 2956 2989 3009 Attamen
3042 2956 3168 3009 nihil
3212 2955 3400 3009 horum
3428 2954 3718 3023 cogitavit;
3751 2954 3849 3007 sed

2262 3044 2427 3097 semel
2456 3043 2523 3097 ab
2548 3044 2620 3097 ira
2656 3056 2953 3099 exemeatus
2974 3087 2986 3109 ,
3016 3044 3307 3099 sut'l'ocabat
3336 3060 3475 3108 cum,
3502 3055 3554 3098 et
3586 3045 3635 3096 in
3664 3058 3851 3097 carce-

2265 3150 2376 3186 rem
2411 3134 2637 3202 conjecit
2668 3134 2825 3203 (Ibid.
2851 3150 2895 3187 υ.
2931 3133 3041 3205 30).
3079 3135 3330 3189 \‘identes
3380 3145 3558 3187 autem
3598 3132 3849 3186 conservi

2262 3226 2374 3296 ejus
2422 3226 2674 3295 indignati
2720 3236 2841 3279 sunt
2872 3224 3030 3297 (Ibid.
3056 3243 3102 3279 υ.
3148 3228 3273 3295 5|),
3317 3234 3372 3279 ut
3417 3225 3487 3279 ait
3526 3225 3850 3291 Scriptura,

2262 3326 2315 3370 ct
2346 3325 2467 3371 ante
2503 3316 2775 3370 dominum
2837 3317 3084 3369 conservi
3139 3332 3258 3370 cum
3313 3316 3701 3370 damnaverunt
3746 3356 3757 3376 ,
3793 3324 3853 3367 ut

2262 3407 2437 3462 discas
2476 3408 2673 3461 domini
2722 3408 3201 3462 mansuetudinem.
3230 3407 3363 3461 Cum
3409 3406 3644 3459 audisset
3674 3404 3723 3459 id
3754 3406 3856 3457 do-

2264 3498 2460 3565 minus,
2492 3513 2678 3552 rursus
2706 3497 2963 3553 adversus
2990 3514 3109 3551 cum
3139 3499 3363 3550 acciLum
3399 3497 3655 3566 judicium
3693 3496 3853 3549 iusti-

2266 3592 2559 3660 tuit,neque
2582 3592 2663 3644 vel
2686 3599 2793 3644 tuin
2814 3590 3124 3658 simpliciter
3150 3588 3642 3643 condemnationem
3667 3586 3851 3651 elicrt,

2264 3682 2356 3736 sed
2391 3682 2533 3752 prius
2562 3691 2825 3750 tamquam
2856 3681 2921 3734 de
2947 3681 3069 3748 jure
3100 3696 3217 3733 cum
3256 3680 3342 3732 illo
3367 3680 3643 3747 disceptat.
3670 3678 3854 3731 Caete-

2265 3788 2382 3826 rum
2415 3772 2609 3843 quibus
2637 3772 2685 3826 id
2718 3772 2893 3824 verbis
2916 3770 3039 3824 facit
3060 3771 3081 3823 ?
3105 3771 3257 3823 Serve
3274 3785 3510 3836 nequam,
3537 3783 3685 3820 onme
3710 3768 3857 3819 debi-

2265 3874 2369 3916 tum
2398 3863 2529 3917 illud
2556 3862 2722 3915 remisi
2751 3862 2837 3913 tibi
2866 3859 3027 3930 (Ibid.
3060 3877 3104 3913 υ.
3139 3860 3253 3930 52).

2337 3952 2564 4007 Facilius
2593 3953 2686 4006 sibi
2709 3970 2858 4022 quam
2886 3952 3001 4005 aliis
3033 3952 3197 4003 debita
3224 3950 3427 4004 remittit
3460 3948 3692 4002 Deus.—-
3711 3950 3856 4017 Quid

2266 4044 2453 4097 melius
2482 4058 2545 4098 eo
2575 4042 2810 4106 domino,
2843 4041 2925 4095 cui
2958 4056 3078 4096 cum
3109 4041 3431 4095 deberentur
3465 4040 3653 4094 decem
3683 4041 3855 4093 millia

2266 4136 2605 4201 talentorum,
2638 4150 2703 4188 ne
2731 4135 2894 4188 verbo
2943 4133 3155 4202 quidem
3203 4131 3569 4187 stomachatus
3595 4140 3711 4196 est,
3762 4140 3857 4182 aut

2267 4228 2543 4282 scelestum
2570 4225 2898 4298 appellavit?
2925 4225 3016 4280 sed
3063 4240 3185 4279 eum
3234 4222 3599 4277 tantummodo
3627 4238 3855 4275 venum-

2268 4318 2380 4372 dari
2408 4318 2565 4387 jussit
2598 4334 2612 4370 :
2643 4319 2799 4387 idque
2850 4333 2914 4371 eo
2957 4317 3083 4379 line,
3119 4327 3173 4370 ut
3213 4331 3241 4369 a
3272 4314 3465 4369 debitis
3510 4313 3853 4367 liberaretur.

2268 4410 2454 4465 Eidem
2506 4426 2629 4464 cum
2677 4412 2930 4464 adversus
2974 4424 3291 4463 conservum
3338 4407 3579 4475 improbe
3628 4409 3851 4476 egisset,

2266 4503 2628 4555 stomacliatur
2660 4517 2674 4553 :
2707 4510 2764 4555 ut
2808 4501 2981 4555 discas
3024 4500 3198 4569 ipsum
3246 4498 3449 4553 facilius
3496 4498 3637 4568 quod
3688 4500 3740 4552 in
3795 4514 3857 4553 se

2268 4603 2549 4661 peccetur,
2582 4608 2739 4661 quam
2766 4592 2907 4661 quod
2947 4592 3203 4647 adversus
3228 4589 3378 4651 alios,
3412 4589 3684 4642 remittere
3713 4588 3857 4643 sole-

2266 4702 2346 4741 re.
2381 4688 2456 4741 Ac
2501 4702 2604 4739 non
2629 4684 2765 4738 istud
2788 4690 2837 4738 in
2866 4683 2966 4738 hoc
2981 4684 3095 4737 solo
3114 4683 3230 4737 loco
3247 4681 3385 4746 iacit,
3408 4694 3592 4734 verum
3620 4687 3678 4734 et
3699 4679 3845 4734 alibi.

2268 4780 2329 4833 Si
2356 4780 2509 4841 enim,
2539 4778 2731 4846 inquit,
2756 4776 2907 4843 offers
2935 4792 3115 4829 manus
3152 4785 3291 4827 tuum
3327 4773 3395 4825 ad
3432 4773 3626 4836 altare,
3651 4781 3699 4825 et
3744 4771 3855 4825 illic

2266 4870 2557 4923 recordatus
2588 4870 2764 4939 fueris,
2794 4867 2927 4935 quod
2954 4868 3112 4935 frater
3143 4876 3257 4919 tuus
3285 4865 3431 4919 habet
3453 4864 3647 4931 aliquid
3670 4864 3855 4917 adver-

2264 4974 2375 5013 sum
2400 4968 2445 5011 te
2463 5000 2478 5024 ,
2508 4958 2589 5010 abi
2613 4959 2850 5026 primum,
2885 4967 2938 5009 ut
2967 4957 3297 5010 reconcilieris
3321 4956 3468 5026 fratri
3494 4964 3609 5017 tuo,
3642 4971 3704 5007 ac
3744 4966 3856 5009 tum

2265 5051 2462 5102 veniens
2504 5048 2636 5114 oﬂ'cr
2684 5064 2867 5101 munus
2914 5058 3051 5099 tuum
3082 5047 3291 5115 (Matth.
3320 5047 3373 5101 5.
3405 5047 3493 5101 23.
3526 5046 3643 5120 21).
3694 5045 3855 5102 Vides

2267 5155 2423 5203 quam
2474 5138 2667 5208 ubique
2728 5138 2840 5191 suis
2891 5146 3069 5190 nostra
3118 5145 3439 5207 anteponat,
3472 5152 3762 5206 pacemque
3800 5147 3856 5193 et

2265 5233 2539 5286 caritatem
2586 5230 2947 5299 proximorum
3002 5244 3209 5283 summo
3258 5230 3374 5283 loco
3426 5230 3757 5283 constituat?
3784 5229 3853 5286 Et

2268 5338 2450 5376 rursus
2471 5322 2591 5375 alibi
2618 5343 2628 5375 :
2657 5320 2967 5386 Quicumque
2996 5321 3228 5387 repudiat
3263 5336 3471 5372 uxorem
3513 5336 3656 5371 suam
3675 5361 3689 5383 ,
3720 5336 3848 5387 pras-

2267 5422 2487 5483 terquarn
2515 5418 2706 5467 ratione
2730 5412 2987 5475 adulterii,
3018 5427 3129 5463 eam
3156 5411 3436 5464 adulterari
3460 5412 3580 5479 facit
3609 5413 3625 5466 l
3632 5408 3769 5462 Ibid.
3797 5427 3848 5467 ο.

2267 5506 2379 5576 32).
2405 5506 2505 5559 Per
2536 5506 2755 5559 Paulum
2786 5514 2958 5557 autem
2989 5503 3123 5557 hanc
3151 5504 3319 5572 legem
3347 5504 3537 5565 sancit,
3560 5502 3619 5556 Si
3638 5503 3752 5571 quis
3778 5506 3857 5556 vir

2266 5615 2471 5653 uxorem
2495 5599 2638 5651 habet
2656 5598 2929 5666 inﬁdelem,
2951 5599 3088 5664 eique
3107 5598 3302 5667 placeat
3327 5612 3439 5649 cum
3465 5598 3572 5664 ipso
3599 5598 3853 5665 habitare,

2269 5707 2331 5745 ne
2352 5689 2568 5745 dimittat
2613 5706 2720 5744 eam
2747 5689 2819 5761 (1.
2846 5688 2963 5771 (ἔστι.
2993 5690 3044 5771 7..
3084 5689 3188 5759 12).
3216 5687 3367 5756 Quod
3394 5688 3437 5745 si
3469 5687 3706 5744 adultera
3738 5689 3808 5743 sit
3830 5727 3849 5757 ,
