4058 6396
228 351 304 411 19
660 352 727 408 IN
768 350 1000 417 ILLUD,
1040 347 1291 415 PATER,
1335 346 1395 405 SI
1432 346 1790 404 POSSIBILE
1828 346 1984 414 EST,
2026 345 2425 417 TRANSEAT,
2466 347 2621 406 ETC.
2652 382 2721 393 —
2746 348 3090 408 MONITUM.
3435 354 3511 413 50

227 464 425 536 inquit,
457 466 734 537 ejiciatur;
763 468 808 523 si
848 477 1027 522 autem
1079 466 1310 523 infidelis
1346 467 1447 531 sit,
1490 481 1561 522 ne
1586 466 1822 537 expella-

224 567 314 613 tur
346 576 359 612 :
392 560 460 623 si,
490 560 682 629 inquit,
710 560 762 614 in
789 570 841 615 te
870 560 1212 631 peccaverit,
1236 560 1528 624 abscinde;
1559 562 1603 616 si
1633 562 1685 616 in
1712 577 1821 627 me,

222 648 484 705 detineas.
518 648 591 704 Ita
631 657 687 705 et
717 650 823 715 hic,
851 666 972 729 cum
1006 660 1150 706 tanta
1188 662 1407 721 peccata
1452 653 1735 708 adversum
1762 667 1824 709 se

222 742 509 825 commissa
539 752 725 810 erant,
758 744 966 799 veniam
995 743 1172 809 dedit,
1203 760 1325 799 cum
1356 754 1534 800 autem
1564 744 1823 800 adversus

219 847 581 901 conservum,
630 835 754 890 licet
802 837 1008 890 minora
1061 837 1449 907 paucioraque,
1484 852 1820 908 nequaquam

218 924 447 991 remisit,
478 926 574 982 sed
607 927 866 982 ultionem
893 938 1248 997 persequutus
1267 938 1350 984 est
1379 946 1392 983 :
1416 941 1468 985 et
1493 930 1579 984 hic
1602 930 1818 1000 quidem

222 1028 342 1070 utin
366 1016 658 1071 scelestum
687 1018 994 1089 appellavit,
1020 1019 1128 1074 illic
1160 1034 1228 1073 ne
1255 1020 1421 1076 verbo
1448 1020 1664 1091 quidem
1686 1034 1817 1075 con-

221 1104 471 1159 tristavit.
502 1106 567 1161 Et
612 1106 734 1163 ideo
772 1107 871 1170 ,hic
913 1108 1042 1163 illud
1097 1124 1312 1180 quoque
1356 1111 1666 1180 adjunctum
1713 1120 1813 1177 est,

214 1196 358 1263 quod
386 1194 637 1252 dominus
667 1197 835 1253 iratus
858 1198 1140 1254 tradiderit
1168 1215 1293 1255 cum
1325 1199 1619 1256 tortoribus
1652 1220 1663 1254 :
1694 1216 1814 1256 cum

211 1295 395 1342 autem
423 1288 490 1343 ab
515 1289 606 1344 illo
634 1290 952 1361 reposcebat
973 1291 1235 1347 rationem
1263 1291 1443 1349 decies
1476 1294 1622 1349 mille
1650 1294 1817 1348 talen-

212 1388 357 1446 tum,
382 1379 511 1435 nihil
542 1380 843 1436 istiusmodi
871 1380 1111 1437 additum
1142 1382 1239 1437 fuit
1280 1401 1294 1437 :
1329 1393 1387 1438 ut
1413 1382 1679 1453 intelligas
1706 1384 1814 1439 illic
1850 1428 1851 1431 η

209 1471 426 1540 quidem
448 1472 713 1527 calculum
742 1472 1065 1529 subductum
1096 1472 1285 1543 fuisse,
1326 1490 1431 1530 non
1462 1476 1659 1530 irarum
1677 1515 1693 1542 ,
1718 1475 1814 1532 sed

209 1562 610 1630 sollicitudinis,
633 1578 754 1634 qua
783 1565 953 1621 venia
981 1564 1160 1621 locum
1206 1571 1437 1636 pararet:
1481 1567 1594 1623 iioc
1632 1576 1811 1623 autem

208 1660 489 1721 peccatum
516 1652 791 1709 dominum
815 1654 976 1724 plane
1005 1655 1363 1711 exacerbavit.
1387 1655 1523 1724 Quid
1549 1657 1709 1728 igitur
1731 1668 1815 1713 est

206 1742 362 1813 pejus
382 1742 593 1814 injuria:
615 1744 1010 1812 recordatione,
1026 1761 1149 1801 cum
1180 1746 1562 1818 benignitatem
1588 1748 1679 1804 Dei
1700 1749 1811 1819 jam

203 1834 579 1905 depromptam
610 1844 854 1902 revocet,
887 1845 943 1891 et
976 1852 1097 1908 qua:
1136 1851 1240 1893 non
1284 1846 1573 1907 potuerunt
1597 1832 1813 1895 efﬁcere

200 1924 307 1979 alia
353 1936 571 1995 peccata
596 1967 612 1993 ,
645 1924 764 1983 haec
800 1925 1003 1982 efficiat
1045 1928 1123 1981 ira
1152 1928 1412 1984 adversus
1458 1930 1760 1998 proximum
1788 1931 1812 1983 't

202 2016 384 2087 Atque
413 2016 676 2088 scriptum
705 2026 809 2086 est,
845 2018 941 2074 Dei
987 2018 1127 2075 dona
1173 2034 1294 2075 esse
1330 2021 1447 2076 sine
1495 2022 1809 2091 ptenitentia

200 2107 383 2178 (Rom.
417 2108 508 2164 11.
532 2108 651 2180 29).
681 2108 791 2166 Cur
819 2110 979 2181 igitur
1006 2110 1093 2167 hic
1137 2122 1257 2182 post
1290 2112 1545 2169 eductum
1572 2128 1767 2168 munus
1789 2156 1806 2181 ,

199 2208 324 2267 post
339 2214 676 2272 progressam
698 2201 1079 2272 benignitatem
1102 2244 1119 2270 ,
1144 2204 1402 2259 reductus
1427 2212 1507 2261 est
1528 2205 1809 2261 calculus?

198 2287 431 2360 PrOpter
458 2290 667 2361 injuriae
705 2294 1022 2348 memoriam
1056 2310 1071 2347 :
1100 2295 1453 2365 quamobrem
1502 2311 1608 2351 non
1655 2311 1807 2352 erra-

197 2381 340 2439 verit
386 2382 528 2452 quis,
555 2382 600 2437 si
653 2375 757 2439 hoc
801 2393 1085 2453 peccatum
1128 2386 1276 2441 omni
1329 2396 1550 2457 peccato
1594 2389 1810 2459 gravius

192 2475 514 2540 pronuntiet
547 2492 563 2528 :
590 2474 694 2529 alia
721 2476 865 2531 enim
897 2476 1079 2531 omnia
1117 2477 1331 2532 veniam
1374 2479 1666 2549 impetrare
1698 2495 1801 2550 po-

198 2574 451 2633 tuerunt,
477 2566 618 2623 istud
649 2567 824 2623 solum
866 2569 1003 2623 adeo
1049 2584 1160 2625 non
1215 2570 1388 2640 potuit
1428 2572 1639 2627 veniam
1684 2572 1802 2626 adi-

197 2658 369 2726 pisci,
402 2668 463 2713 ut
484 2658 596 2729 jam
640 2658 836 2727 deleta,
866 2669 919 2716 et
956 2660 1069 2731 jam
1096 2661 1360 2718 exstincta
1408 2663 1602 2719 iterum
1644 2678 1805 2720 reno-

196 2749 360 2803 varit.
1784 2802 1785 2805 η

202 2850 205 2851 ⁷
270 2838 423 2894 Nihil
452 2841 525 2894 ita
556 2840 693 2896 Deus
718 2843 827 2897 odit
852 2850 906 2898 ut
934 2852 1151 2898 mentem
1179 2860 1450 2900 timueram
1480 2847 1705 2917 injuria.
1731 2877 1803 2890 --

197 2932 408 3003 Duplex
453 2934 615 3005 igitur
658 2936 861 2991 malum
904 2936 1151 3006 pertinax
1181 2936 1390 3008 injuria:
1422 2939 1681 2994 memoria
1704 2981 1718 3007 ,
1749 2950 1805 2995 et

193 3024 341 3095 quod
385 3025 585 3080 nullam
626 3028 1028 3083 excusationem
1065 3028 1206 3099 apud
1260 3029 1429 3085 Deum
1478 3030 1713 3097 habeat,
1747 3041 1802 3087 et

193 3112 342 3183 quod
371 3114 575 3186 reliqua
603 3125 825 3187 peccata
846 3117 959 3187 jam
988 3121 1213 3174 remissa
1242 3120 1438 3175 iterum
1469 3129 1715 3187 revocet,
1745 3130 1801 3177 et

193 3216 386 3263 contra
415 3223 515 3264 nos
541 3210 1012 3278 constituat.Quod
1044 3212 1215 3283 ipsum
1245 3220 1302 3268 et
1330 3212 1419 3267 hic
1448 3212 1645 3267 factum
1676 3221 1758 3269 est
1782 3231 1796 3267 :

194 3297 333 3352 nihil
365 3299 533 3365 enim,
564 3300 699 3355 nihil
725 3301 947 3356 omnino
976 3302 1047 3355 ita
1081 3302 1225 3357 Deus
1247 3302 1379 3367 odit,
1406 3312 1461 3357 et
1481 3312 1761 3359 aversatur
1780 3344 1796 3369 ,

193 3397 256 3443 ut
276 3389 547 3445 hominem
576 3390 900 3447 oﬂ‘ensarum
926 3406 1249 3458 memorem,
1279 3400 1335 3448 et
1366 3393 1570 3448 tenacis
1597 3394 1712 3448 irm.
1734 3393 1798 3447 Et

195 3481 326 3535 illud
356 3482 573 3551 quidem
603 3484 869 3553 praecipue
897 3499 965 3539 ex
993 3483 1095 3538 hoc
1125 3482 1247 3537 loco
1280 3483 1576 3539 declaravit
1601 3525 1616 3550 ,
1648 3492 1703 3537 et
1731 3498 1796 3538 ex

191 3573 439 3628 oratione
461 3613 477 3639 ,
505 3573 558 3628 in
587 3587 691 3643 qua
717 3573 878 3643 jussit
918 3587 1017 3628 nos
1042 3573 1113 3627 ita
1141 3572 1323 3628 dicere
1356 3590 1369 3631 :
1404 3572 1611 3627 Dimitte
1654 3573 1798 3627 nobis

190 3661 363 3716 debita
388 3672 560 3718 nostra
580 3705 594 3728 ,
626 3665 754 3719 sicut
779 3674 823 3720 et
844 3681 937 3719 nos
957 3664 1259 3719 dimittimus
1285 3666 1590 3720 debitoribus
1611 3666 1797 3720 nostris

194 3750 409 3819 (Matth.
440 3754 493 3809 6.
525 3754 637 3823 12).
665 3755 789 3811 llzec
828 3756 990 3826 igitur
1017 3757 1198 3810 omnia
1248 3756 1415 3824 docti,
1456 3764 1511 3811 et
1543 3758 1795 3827 parabola

195 3846 295 3901 ista
338 3847 393 3902 in
430 3847 682 3903 cordibus
726 3849 1002 3920 inscripta,
1047 3864 1170 3903 cum
1217 3850 1629 3920 cogitaverimus
1676 3865 1794 3920 quae

192 3937 337 4006 passi
361 3951 545 3994 sumus
588 3953 619 3993 a
648 3941 949 4006 conservis,
982 3941 1291 4010 cegitemus
1316 3956 1437 4011 qua:
1464 3939 1691 3996 fecimus
1738 3941 1792 3996 in

191 4024 367 4096 ipsum
391 4028 696 4099 Dominum,
718 4039 774 4087 et
800 4038 945 4087 metu
973 4033 1311 4103 propriorum
1339 4032 1625 4088 criminum
1658 4032 1791 4088 iram

1930 465 2001 524 de
2014 468 2204 524 alienis
2232 465 2445 537 delictis
2471 466 2757 523 collectam
2789 465 3042 521 facillime
3068 466 3374 537 poterimus
3385 481 3537 525 sum-

1932 574 2151 616 movere
2182 576 2198 614 :
2224 559 2270 614 si
2300 558 2444 615 enim
2464 557 2775 614 meminisse
2797 566 3011 628 oportet
3039 557 3380 625 delictorum,
3408 572 3532 631 pro-

1932 649 2169 719 priorum
2199 656 2402 705 tantum
2433 648 2744 713 meminisse
2770 656 3018 717 oportet;
3042 648 3187 718 quod
3217 648 3263 703 si
3296 648 3530 721 proprio-

1930 756 2049 796 rum
2100 755 2373 797 memores
2429 739 2710 805 fuerimus,
2758 754 3050 811 numquam
3104 739 3279 796 aliena
3337 738 3549 795 delicta

1927 834 2339 905 supputabimus
2369 851 2382 887 :
2410 843 2602 888 contra
2642 832 2686 888 si
2733 832 2949 887 illorum
2980 831 3388 897 obliviscamur,
3428 830 3549 887 ista

1925 921 2137 977 facilius
2166 922 2603 978 obversabantur
2633 922 2834 977 nostris
2854 922 3288 992 cogitationibus.
3315 920 3450 977 Nam
3480 929 3532 975 et

1924 1011 2013 1068 hic
2032 1013 2078 1067 si
2104 1012 2286 1067 decies
2307 1012 2456 1068 mille
2486 1013 2805 1068 talentorum
2852 1028 3062 1067 memor
3104 1011 3336 1079 fuisset,
3362 1027 3527 1067 num-

1923 1119 2084 1174 quam
2105 1112 2324 1159 centum
2355 1103 2697 1159 denariorum
2727 1103 3155 1159 recordationem
3198 1103 3528 1158 retinuisset.

1923 1193 2050 1251 ldeo
2077 1204 2359 1266 postquam
2404 1195 2617 1250 illorum
2664 1195 2864 1249 oblitus
2906 1204 3061 1262 erat,
3099 1196 3293 1249 factum
3326 1204 3441 1257 est,
3474 1206 3529 1249 ut

1922 1300 2245 1342 conservum
2267 1286 2575 1351 suti’ocaret,
2599 1294 2655 1343 et
2678 1302 2843 1356 pauca
2870 1286 3058 1341 volens
3086 1287 3322 1356 exigere,
3356 1301 3532 1356 neque

1924 1377 2013 1432 illa
2069 1378 2285 1449 quidem
2332 1385 2653 1447 assequutus
2705 1382 2827 1443 est;
2889 1377 2985 1433 sed
3033 1387 3089 1433 et
3143 1376 3329 1433 decies
3382 1378 3531 1433 mille

1923 1470 2249 1525 talentorum
2295 1469 2495 1524 molem
2545 1470 2598 1524 in
2652 1485 2809 1525 suum
2852 1469 3020 1538 ipsius
3072 1477 3235 1538 caput
3280 1468 3525 1523 retraxit.

1919 1561 2180 1628 Quocirca
2209 1560 2465 1616 audacter
2494 1560 2685 1616 dixero
2710 1601 2725 1626 ,
2768 1561 2915 1615 omni
2962 1568 3185 1629 peccato
3222 1558 3363 1614 istud
3402 1575 3530 1630 gra-

1921 1655 2038 1707 vius
2067 1667 2187 1709 esse
2218 1671 2231 1707 :
2262 1654 2505 1723 quinimo
2535 1668 2641 1708 non
2673 1668 2775 1724 ego
2814 1653 2917 1708 hoc
2945 1652 3091 1716 dico.
3140 1652 3237 1709 sed
3281 1653 3530 1708 Christus

1922 1758 2018 1813 per
2045 1743 2353 1813 parabolam
2405 1744 2560 1799 istam
2613 1744 2754 1798 istud
2797 1743 3111 1799 deciaravit.
3140 1743 3198 1798 Si
3224 1743 3368 1799 enim
3418 1758 3526 1799 non

1918 1833 2105 1888 decem
2136 1834 2375 1889 millibus
2398 1834 2686 1901 talentum,
2713 1834 2815 1889 hoc
2843 1843 2927 1890 est
2950 1874 2965 1900 ,
2998 1831 3354 1889 inet'fabilibus
3397 1849 3525 1904 pec-

1917 1924 2052 1979 catis
2078 1923 2221 1979 istud
2243 1924 2461 1995 gravius
2492 1934 2659 1990 esset,
2692 1938 3029 2006 nequaquam
3055 1923 3215 1993 hujus
3240 1937 3402 1980 causa
3430 1924 3523 1980 illa

1915 2015 2097 2070 omnia
2119 2015 2229 2086 jam
2256 2015 2452 2071 donata
2486 2025 2735 2072 revocata
2767 2016 3015 2073 fuissent.
3054 2014 3197 2071 Nihil
3246 2016 3407 2088 igitur
3450 2018 3523 2072 ita

1914 2106 2251 2174 studeamus,
2284 2122 2444 2178 quam
2486 2117 2547 2167 ut
2587 2109 2688 2178 ipsi
2732 2108 2809 2163 ira
2839 2122 3129 2175 vacemus,
3159 2115 3215 2163 et
3245 2107 3400 2163 nobis
3440 2108 3523 2163 in—

1916 2199 2097 2256 fensos
2148 2200 2563 2257 reconciliemus
2596 2218 2609 2253 :
2641 2217 2765 2257 cum
2818 2200 2951 2256 illud
2996 2202 3254 2266 sciamus,
3314 2199 3517 2255 nullam

1915 2308 2016 2348 nec
2038 2293 2363 2360 orationem,
2393 2292 2494 2349 nec
2538 2296 2959 2365 eleemosynam,
2988 2309 3087 2350 nec
3110 2294 3400 2365 jejunium,
3420 2308 3523 2349 nec

1916 2386 2385 2457 participationem
2415 2390 2798 2459 mysteriorum
2819 2429 2835 2456 ,
2864 2396 2957 2442 aut
2980 2387 3128 2444 aliud
3152 2387 3452 2459 quidpiam,
3473 2389 3520 2444 si

1916 2490 2186 2532 memores
2216 2476 2545 2533 oﬂ'ensarum
2590 2478 2779 2543 simus,
2812 2478 2971 2533 nobis
3003 2478 3329 2548 patrocinari
3362 2492 3523 2549 posse

1916 2568 1971 2623 in
2002 2568 2091 2622 illa
2114 2568 2202 2625 die
2233 2587 2245 2623 :
2274 2579 2336 2625 ut
2381 2578 2570 2625 contra
2612 2570 2657 2625 si
2701 2569 2805 2625 hoc
2847 2581 3127 2639 peccatum
3178 2585 3523 2641 superemus.

1914 2660 2133 2715 etiamsi
2180 2661 2329 2715 mille
2380 2661 2593 2716 delictis
2645 2661 2913 2731 inquinati
2939 2662 3145 2729 simus,
3181 2660 3395 2715 veniam
3422 2661 3519 2715 ali-

1913 2768 2072 2823 quam
2105 2754 2363 2823 consequi
2399 2768 2500 2807 nos
2528 2768 2707 2823 posse.
2738 2742 2849 2808 Nec
2878 2768 3029 2807 meus
3059 2766 3239 2808 sermo
3269 2761 3353 2808 est
3378 2752 3480 2808 istc
3503 2795 3518 2819 ,

1913 2844 2008 2898 sed
2039 2844 2181 2898 illius
2207 2845 2297 2913 qui
2332 2852 2458 2898 tunc
2486 2859 2585 2899 nos
2606 2844 2947 2912 judicaturus
2971 2850 3055 2899 est
3098 2843 3215 2899 Dei.
3244 2843 3518 2912 Quemad-

1913 2934 2130 2989 modum
2166 2934 2269 2989 hoc
2300 2934 2353 2989 in
2380 2935 2501 2991 loco
2530 2936 2931 3004 pronuntiavit:
2958 2934 3045 2988 Ita
3070 2977 3085 3001 ,
3120 2936 3366 3005 inquiens
3388 2977 3402 3002 ,
3432 2938 3519 3008 fa-

1912 3028 2007 3081 ciet
2024 3028 2175 3086 Patcr
2199 3043 2340 3081 meus
2358 3015 2445 3090 ,ἐξ
2492 3044 2592 3081 non
2630 3029 2923 3082 remiseritis
2952 3028 3295 3098 unusquisque
3319 3044 3382 3082 ea:
3400 3044 3516 3081 cor-

1911 3116 2056 3171 dibus
2098 3119 2291 3171 uestris.
2324 3117 2393 3170 Et
2433 3133 2644 3172 rursum
2701 3118 2871 3171 alibi:
2907 3118 2971 3171 Si
3018 3117 3311 3170 remiseritis
3350 3116 3515 3170 homi-

1910 3207 2055 3261 nibus
2085 3207 2267 3261 delicta
2292 3224 2385 3261 sua
2404 3250 2419 3273 ,
2450 3209 2667 3261 remittet
2697 3216 2741 3261 et
2783 3206 2920 3261 vobis
2942 3211 3091 3267 Pater
3119 3216 3278 3261 vester
3305 3207 3518 3262 calcatis

1911 3297 2123 3368 (Matth.
2150 3298 2250 3354 18.
2273 3299 2343 3354 55
2372 3308 2418 3353 et
2448 3298 2501 3353 6.
2536 3300 2651 3369 14).
2681 3298 2753 3354 Ut
2789 3298 2949 3367 igitur
2981 3306 3035 3353 et
3065 3297 3151 3351 hic
3181 3306 3513 3354 mansuetam

1908 3400 1962 3445 et
1983 3391 2166 3444 mitem
2194 3405 2415 3460 agamus
2457 3391 2642 3457 vitam,
2666 3399 2721 3444 ct
2757 3389 2866 3444 illic
2893 3390 3103 3445 veniam
3142 3398 3197 3445 et
3234 3390 3515 3448 remissio-

1909 3496 2034 3535 nem
2058 3480 2401 3537 obtineamus
2431 3498 2444 3534 :
2473 3480 2798 3537 studendum
2826 3495 2889 3536 ac
2918 3482 3270 3554 satagendum
3298 3493 3415 3551 est,
3457 3495 3515 3539 ut

1904 3581 2167 3643 quotquot
2194 3572 2455 3629 habemus
2475 3573 2745 3641 inimicos,
2767 3587 2863 3630 eos
2885 3573 3039 3629 nobis
3060 3576 3470 3631 reconciliemus
3498 3593 3511 3629 :

1906 3665 1977 3718 ita
1996 3665 2137 3719 enim
2162 3674 2215 3719 et
2239 3665 2520 3719 Dominum
2544 3674 2807 3730 nostrum,
2830 3665 3038 3719 etiamsi
3067 3667 3369 3721 sexcenties
3389 3682 3512 3736 pec-

1904 3758 2244 3816 caverimus.
2301 3756 2457 3811 nobis
2501 3756 3001 3822 reconciliabimus,
3049 3768 3104 3813 et
3147 3757 3321 3811 futura
3374 3757 3509 3811 bona

1904 3847 2283 3917 adipiscamur,
2306 3847 2501 3917 quibus
2548 3861 2647 3902 nos
2687 3846 2877 3917 dignos
2910 3855 3038 3917 opto
3065 3847 3181 3903 ﬁeri
3201 3889 3216 3914 ,
3244 3846 3411 3918 gratia
3455 3857 3514 3903 et

1902 3938 2239 3992 humanitate
2268 3937 2478 3992 Domini
2506 3940 2675 3993 nostri
2705 3936 2834 3993 Iesu
2863 3937 3063 3995 Christi
3084 3980 3099 4004 ,
3127 3940 3211 3996 cui
3258 3940 3425 4011 gloria
3457 3949 3513 3995 et

1899 4028 2186 4102 imperium
2215 4030 2271 4085 in
2318 4030 2517 4087 smcula
2558 4030 2899 4089 seculorum.
2928 4031 3121 4088 Amen.

437 4622 515 4687 (Ν
556 4626 823 4703 ILLUD,
866 4629 1159 4704 pune,
1206 4632 1277 4693 sx
1318 4610 1699 4695 Pessinus
1741 4634 1921 4711 EST,
1962 4637 2365 4701 TRANSEAT
2406 4640 2455 4700 Α
2498 4638 2607 4699 us
2648 4637 2873 4701 eam
2912 4639 3119 4716 ISTE,
3146 4660 3280 4705 ετρ.

209 4832 308 4887 bus
338 4836 698 4902 supplantare.
752 4836 908 4893 Unde
938 4839 1107 4908 liquet
1146 4841 1432 4899 hereticos
1469 4844 1591 4900 illos
1616 4884 1631 4910 ,
1671 4846 1765 4916 qui
1806 4847 2004 4905 Filium
2038 4848 2201 4906 Patre
2238 4852 2505 4909 minorem
2532 4894 2548 4921 ,
2588 4852 2805 4925 ipsique
2841 4853 3164 4911 dissimilem
3201 4852 3476 4920 dicebant,

207 4961 406 5017 nempe
432 4947 751 5016 Anommos,
792 4949 1173 5023 Chrysostomi
1204 4957 1565 5014 concionibus
1594 4960 1926 5019 interfuisse.
1962 4962 2098 5018 Illud
2142 4973 2326 5021 autem
2375 4964 2690 5039 frequenter
2736 4969 3045 5025 Antiochiae
3085 4970 3377 5036 accidisse,
3422 4978 3479 5026 et

206 5066 504 5127 praesentes
528 5056 813 5119 haereticos
836 5059 1292 5133 Chrysostomum
1320 5068 1662 5139 confutasse,
1687 5072 1804 5144 ipse
1830 5075 2034 5132 diserte
2060 5076 2159 5143 ait,
2188 5076 2361 5134 Temo
2394 5080 2411 5134 1
2445 5080 2512 5136 de
2536 5082 3089 5153 incomprehensibili
3123 5093 3315 5140 contra
3365 5085 3476 5139 An-

204 5184 421 5225 omtnos
454 5186 508 5241 p.
541 5171 668 5237 450,
700 5171 1051 5248 idipsumque
1078 5189 1265 5248 postea
1292 5181 1669 5257 subindicatp.
1694 5186 1821 5255 525,
1847 5199 1977 5260 etp.
2007 5190 2133 5258 509,
2164 5192 2218 5247 in
2251 5192 2366 5249 haec
2406 5195 2753 5265 verbaqueis
2784 5193 3037 5253 Christus
3060 5195 3281 5253 Petrum
3309 5212 3473 5268 repu-

202 5286 287 5359 lit,
330 5289 478 5344 Vade
506 5302 625 5360 post
658 5309 759 5360 me,
778 5294 1005 5363 Satana,
1032 5307 1165 5365 etc.,
1191 5299 1381 5356 eadem
1414 5316 1553 5372 pene
1582 5304 1699 5376 ipsa
1722 5323 1843 5378 quae
1869 5310 1958 5365 hic
1987 5311 2152 5381 paulo
2184 5322 2307 5383 post
2339 5315 2556 5371 initium
2579 5316 2770 5386 habes,
2795 5318 3102 5391 iisdemque
3135 5319 3247 5376 fere
3289 5318 3471 5376 verbis

200 5421 622 5467 commemorat.
658 5411 1028 5479 Quamobrem
1064 5419 1371 5488 putaverim
1398 5421 1539 5479 hanc
1567 5422 1847 5480 bomiliam
1879 5425 2185 5484 Antiochiae
2220 5429 2462 5486 habitam
2495 5431 2699 5502 fuisse,
2738 5450 2839 5493 nec
2869 5436 2961 5493 diu
3006 5446 3130 5508 post
3172 5438 3295 5495 illas
3328 5453 3467 5495 eon-

199 5530 282 5575 tra
319 5522 619 5579 Anomoeos
649 5526 949 5595 llomilias;
989 5531 1135 5600 quod
1169 5541 1349 5589 tamen
1382 5537 1720 5608 conjecturae
1750 5548 1957 5617 tantum
1998 5542 2120 5602 loco
2149 5543 2354 5601 dictum
2379 5546 2470 5603 sit.

272 5659 649 5731 interpretatio
678 5662 864 5721 Latina
900 5675 983 5725 est
1016 5667 1309 5729 Frontonis
1344 5672 1543 5733 Ducazi.
