4058 6390
586 355 651 420 λι
1280 354 1335 407 S.
1370 353 1656 413 JOANNIS
1693 353 2182 439 CllllYSOSTohll
2239 354 2558 435 ARCHlEP.
2598 351 3139 412 CONSTA‘NTINOP.
3762 355 3835 411 3‘!

589 552 3415 582 ww

1940 761 2041 864 IN
2123 761 2477 865 tLLuo,

555 1056 782 1113 I‘A'I‘El,
828 1058 885 1105 8|
942 1056 1257 1107 POSSlBILE
1302 1056 1435 1110 EST,
1481 1053 1809 1096 TRANSEAT
1850 1054 1888 1097 Δ
1955 1053 2045 1097 118
2088 1053 2123 1095 C

2234 1054 2273 1096 χ
2320 1037 2519 1096 πετεέε
2571 1041 3012 1097 vnuu'ra'mm
3057 1052 3181 1095 non
3224 1051 3407 1095 smur
3466 1050 3591 1100 360
3648 1050 3840 1109 νοω,

634 1157 752 1198 εει)
794 1156 973 1199 stco'r
1013 1156 1096 1198 τυ
1143 1139 1163 1215 (
1206 1135 1441 1197 Matth.
1488 1134 1589 1195 26.
1634 1133 1763 1215 39)
1800 1153 1816 1195 :
1855 1152 1935 1195 nr
1978 1150 2123 1195 com

2269 1151 2754 1207 ιιιιαιοιιιςτΑε,
2801 1153 2882 1195 ET
2925 1151 3327 1203 HANICHEOS,
3375 1152 3457 1194 ΕΤ
3499 1150 3676 1205 QUOD
3731 1152 3841 1199 IN?

630 1257 883 1297 GERERE
950 1256 1022 1298 SE
1089 1254 1415 1297 PERICULIS
1486 1253 1608 1296 NON
1670 1252 2032 1311 OPOBTEAT,

630 1356 838 1401 reuna
886 1336 999 1431 (rt).

2104 1253 2221 1321 βΕΙ)
2287 1253 2446 1299 omn
2530 1253 2890 1299 VOLUNTATI
2952 1256 3061 1299 DEI
3136 1255 3563 1309 YOLUNTA‘I‘BI
3631 1256 3837 1316 διετι-

2000 1504 2369 1561 «Ναξωθ

624 1653 672 1703 ι.
716 1647 1037 1707 Profundam
1082 1648 1373 1705 sectionem
1417 1662 1588 1717 nuper
1616 1646 1902 1702 indiximus
1931 1647 1994 1700 iis
2034 1645 2123 1715 qui

548 1738 852 1808 praedantur
873 1745 928 1795 et
954 1736 1088 1792 alios
1133 1750 1227 1807 per
1250 1737 1525 1796 avaritiam
1563 1736 1810 1791 fraudare
1838 1745 2129 1801 conantur;

546 1844 652 1889 non
691 1839 749 1885 nt
777 1843 871 1885 eos
894 1828 1317 1894 vulneraremos,
1360 1827 1453 1883 sed
1485 1835 1543 1881 ιιι
1578 1841 1672 1882 eos
1695 1827 2085 1896 corrigeremns
2113 1842 2127 1879 :

547 1936 652 1978 non
689 1920 829 1989 quod
858 1920 1100 1987 homines
1139 1920 1263 1977 odio
1292 1933 1696 1989 prosequamur,
1737 1918 1829 1973 sed
1857 1917 1998 1988 quod
2030 1919 2131 1971 im-

544 2014 860 2081 probitatem
889 2028 1216 2068 aversemur.
1242 2011 1677 2081 Quandoquidem
1709 2011 1947 2067 medicus
1971 2011 2130 2065 etiam

544 2113 692 2159 secat
732 2105 903 2173 ulcus,
946 2122 1049 2160 non
1090 2105 1230 2177 quod
1275 2120 1419 2174 aegro
1461 2104 1529 2157 sit
1570 2102 1813 2169 infestus,
1854 2102 1949 2158 sed
1989 2103 2133 2172 quod

546 2195 790 2249 morbum
833 2205 887 2251 et
915 2197 1105 2251 vulnus
1145 2203 1436 2265 oppugnet.
1479 2195 1592 2263 Age
1630 2188 1898 2263 paululum
1937 2194 2131 2263 quietis

544 2285 702 2345 hodie
739 2286 931 2353 demus
974 2286 1127 2353 ipsis,
1176 2294 1235 2339 ut
1286 2299 1313 2337 a
1364 2283 1548 2338 dolore
1591 2283 1794 2354 possint
1841 2285 2126 2352 respirare,

540 2392 714 2445 negito
744 2376 1045 2447 frequenter
1074 2376 1164 2430 icti
1191 2392 1221 2429 a
1255 2375 1515 2429 medicina
1540 2375 1797 2429 resiliant.
1827 2372 1899 2427 Ita
1933 2374 2131 2428 iaciunt

540 2478 596 2529 et
638 2467 871 2540 medici:
903 2468 1187 2537 emplastra
1234 2474 1352 2535 post
1396 2468 1663 2519 sectioncs
1712 2465 2020 2533 imponunt,
2064 2479 2129 2519 ac

540 2557 952 2623 medicamenta,
982 2568 1091 2614 tum
1131 2558 1330 2625 aliquot
1358 2555 1473 2615 dies
1499 2554 1635 2613 elabi
1666 2555 1867 2621 sinunt,
1898 2553 2023 2607 dum
2062 2569 2125 2609 ea

542 2648 865 2716 excogitant,
889 2662 1007 2716 qua:
1028 2646 1269 2704 dolorem
1298 2644 1502 2714 possint
1528 2644 1788 2713 mitigare.
1816 2644 1922 2697 Hos
1947 2645 2128 2713 utique

536 2752 638 2797 nos
662 2738 822 2794 etiam
869 2737 1030 2793 hodie
1056 2736 1346 2801 imitemur,
1388 2750 1451 2796 ac
1486 2734 1852 2807 indulgeamus
1894 2734 2041 2803 ipsis,
2071 2743 2126 2788 ut

534 2841 601 2887 ex
630 2840 878 2885 sermone
906 2836 1090 2885 nostro
1112 2827 1388 2880 utilitatem
1415 2824 1691 2901 percipere
1719 2822 1951 2891 valeant,
1976 2837 2039 2876 ac
2058 2822 2126 2882 de

533 2916 871 2993 dogmatibus
920 2916 1154 2976 instituta
1200 2913 1556 2982 diSputatiqne
1598 2926 1902 2973 sermonem
1946 2910 2011 2973 ad
2060 2926 2125 2976 ea

532 3020 655 3073 qua:
684 3005 818 3063 lecta
846 3013 968 3060 sunt
1014 3003 1372 3058 traducamus.
1401 3000 1532 3055 Nam
1564 3010 1616 3067 et
1659 3000 1855 3068 multo;
1882 3016 2125 3070 quaarcre

532 3095 787 3163 arbitror,
832 3111 936 3165 qua
965 3096 1037 3153 de
1070 3108 1233 3157 causa
1256 3093 1393 3157 dicta
1425 3092 1539 3163 tunc
1566 3093 1670 3155 sint
1704 3107 1735 3157 a
1763 3091 1981 3147 Christo
2017 3112 2029 3145 :
2063 3107 2125 3147 ac

533 3185 827 3248 verisimile
867 3195 949 3241 est
997 3200 1091 3247 eos
1114 3186 1200 3255 qui
1241 3183 1435 3250 adsunt
1475 3182 1755 3243 lucreticos
1804 3183 1919 3237 hmo
1962 3183 2123 3237 verba

537 3277 798 3345 arripere,
835 3276 1141 3347 multosque
1170 3290 1234 3331 ex
1265 3273 1515 3329 fratribus
1559 3274 1971 3344 simplicioribus
1998 3289 2124 3345 sup-

534 3366 654 3436 plan
662 3377 793 3428 tare.

605 3457 777 3519 Lectio
810 3458 917 3519 sine
938 3457 1266 3527 intelligentia
1303 3473 1406 3510 non
1437 3456 1659 3526 prodest.
1687 3486 1753 3495 —
1781 3454 1852 3511 Ut
1891 3456 2048 3524 igitur
2068 3461 2124 3520 et

535 3549 748 3608 illorum
779 3549 1147 3616 propulsemus
1192 3531 1439 3613 insultus,
1471 3556 1523 3600 et
1553 3561 1645 3601 eos
1674 3546 1761 3615 qui
1799 3546 2123 3614 qnmstiones

536 3648 860 3729 pmpontmt,
886 3640 1149 3700 anxietate
1186 3654 1249 3693 ac
1280 3638 1677 3708 perturbatione
1707 3638 2013 3701 liberemus,
2044 3636 2123 3697 ιοτ

534 3726 658 3787 cuni
714 3728 870 3788 istum
931 3736 1315 3797 pertractantes
1369 3728 1560 3789 borum
1612 3726 1895 3790 verborum
1948 3740 2115 3792 etpo-

539 3820 718 3891 sitioni
748 3818 826 3873 sic
851 3820 1219 3884 immorentur,
1251 3830 1305 3875 ut
1340 3820 1642 3879 reconditos
1669 3833 1907 3897 quosque
1930 3832 2122 3881 sensus

537 3911 877 3979 attingamus.
905 3909 1020 3972 Non
1050 3912 1191 3969 enim
1229 3912 1422 3965 sufficit
1462 3910 1644 3975 lectio,
1689 3911 1788 3965 nisi
1821 3910 2038 3963 accedat
2068 3917 2123 3962 et

537 4000 769 4070 cegnitio
812 4018 824 4053 :
862 4015 983 4053 nam
1030 4010 1086 4054 et
1131 3998 1403 4062 Candaces
1444 3998 1717 4055 eunuchus
1758 3998 1985 4066 legebat,
2027 3997 2125 4052 sed

536 4106 812 4160 quousque
842 4099 1035 4159 praesto
1077 4089 1174 4143 fuit
1200 4091 1287 4159 qui
1320 4090 1534 4144 doceret
1559 4104 1703 4154 eum,
1734 4087 1857 4157 quid
1886 4086 2013 4140 illud
2039 4102 2125 4141 es-

532 4190 618 4251 set
644 4182 784 4250 quod
813 4181 1041 4250 legebat,
1070 4195 1173 4232 non
1205 4194 1446 4248 magnam
1477 4178 1600 4232 inde
1626 4177 1906 4232 utilitatem
1936 4191 2122 4246 perce-

545 4271 623 4345 pit
650 4262 783 4337 (Ᾱει.
810 4268 861 4320 8.
885 4255 976 4320 97.
1000 4265 1260 4346 sqq.)..Ne
1283 4266 1447 4333 igitur
1472 4262 1609 4316 idem
1639 4260 1790 4313 vobis
1811 4260 2119 4340 contingat,

544 4376 606 4425 ea
631 4374 749 4430 qua
771 4357 1031 4416 dicuntur
1049 4357 1313 4417 advertite
1330 4372 1341 4406 :
1358 4352 1622 4407 attendite
1644 4352 1904 4413 animum,
1920 4360 1971 4411 et
1992 4360 2111 4419 stu-

546 4434 755 4515 diosam
780 4450 909 4504 mihi
932 4457 1167 4504 mentem
1195 4448 1461 4517 praebete:
1491 4443 1598 4495 acri
1624 4442 1692 4495 sit
1719 4442 1833 4495 acie
1854 4440 2119 4509 prmditus

531 4537 739 4605 oculos,
769 4545 1001 4613 attentus
1036 4537 1357 4598 intellectus,
1391 4536 1566 4589 anima
1594 4534 1735 4588 curis
1776 4535 2119 4594 saecularibus

534 4629 801 4697 expedita,
850 4644 920 4686 ne
966 4630 1017 4682 in
1048 4630 1245 4695 Spinas,
1293 4643 1392 4681 nec
1441 4628 1491 4680 in
1522 4634 1715 4696 petras,
1752 4642 1927 4695 neque
1964 4641 2118 4681 secus

534 4719 672 4775 viam
705 4719 860 4790 verba
887 4730 1194 4789 spargamus
1225 4715 1372 4787 (Luc.
1405 4716 1455 4771 8.
1487 4718 1519 4771 5
1542 4716 1638 4787 -8)
1664 4732 1677 4778 ;
1716 4716 1807 4770 sed
1837 4716 2116 4773 fecundum

534 4822 597 4861 ac
626 4812 817 4877 pingue
838 4805 1102 4877 quoddam
1131 4820 1313 4863 arvum
1345 4804 1603 4870 colentes,
1636 4806 1855 4859 uberem
1883 4816 2115 4877 segetem

534 4897 882 4955 demetamus.
913 4896 969 4951 Si
997 4897 1137 4951 enim
1168 4896 1267 4950 hoc
1300 4907 1453 4965 pacto
1495 4897 1728 4949 sermoni
1760 4905 1986 4950 attentas
2026 4912 2118 4966 au-

533 5003 622 5052 res
651 4986 1002 5056 przcbucritis,
1031 5003 1149 5067 cum
1194 4987 1449 5052 leviorem
1478 4986 1630 5040 nobis
1653 4986 1890 5039 laborem
1921 4985 2115 5043 redde-

538 5078 626 5140 tis,
658 5089 765 5131 tum
792 5077 1051 5143 efficietis,
1083 5089 1137 5131 ut
1169 5076 1372 5132 facilius
1402 5076 1474 5140 id,
1500 5076 1637 5146 quod
1662 5078 1939 5145 qureritnr,
1967 5092 2118 5145 repe-

536 5168 647 5221 rire
688 5168 920 5234 possitis.
953 5169 1087 5233 Quid
1126 5170 1282 5236 igitur
1312 5170 1502 5231 lectum
1529 5169 1649 5222 est?
1679 5167 1854 5233 Pater,
1890 5170 1932 5219 si
1959 5169 2121 5237 possit

534 5256 631 5332 bile
652 5267 741 5321 est,
770 5267 991 5311 transeat
1018 5277 1046 5312 a
1075 5277 1149 5314 nte
1176 5261 1311 5312 (alia:
1342 5262 1435 5323 iste
1466 5260 1672 5329 (Matth.
1708 5260 1800 5313 26.
1841 5260 1955 5329 59).
1984 5260 2120 5331 Quid

534 5346 744 5414 tandem
778 5347 915 5401 istud
964 5360 1044 5403 est
1083 5350 1221 5420 quod
1250 5350 1417 5404 dicit?
1446 5350 1549 5403 Nos
1579 5353 1719 5402 enim
1766 5361 1999 5421 oportet,
2032 5351 2125 5417 ubi.

540 5439 687 5504 prius
737 5439 1016 5494 verborum
1068 5438 1281 5495 sensum
1328 5442 1757 5510 cxposuerimus,
1802 5441 2121 5495 solutionem

533 5526 723 5587 deinde
749 5528 1087 5599 subiungere.
1124 5530 1259 5595 Quid
1292 5531 1446 5599 igitur
1474 5530 1600 5583 dicit
1621 5533 1638 5582 ’ἔ
1669 5530 1843 5594 Pater,
1888 5531 1929 5583 si
1959 5530 2119 5600 possi-

595 5683 666 5736 (α)
694 5683 875 5749 tlellata
895 5698 1003 5733 cum
1024 5692 1103 5733 διε.
1127 5685 1273 5746 Regio
1302 5680 1441 5744 4938,
1465 5685 1544 5746 qui
1564 5698 1711 5749 pauca
1734 5684 1935 5734 exhibet
1955 5684 2121 5733 lectio-

537 5755 649 5792 num
693 5744 786 5793 itaet
800 5745 959 5795 inuiti.

2242 1641 2350 1697 bile
2386 1651 2487 1711 est,
2534 1644 2761 1700 transfer
2794 1659 2824 1698 a
2877 1659 2964 1700 me
3009 1658 3243 1700 crucem.
3294 1643 3433 1711 Quid
3471 1646 3591 1700 ais?
3627 1647 3840 1717 ignorat

2239 1732 2378 1787 sitne
2403 1732 2505 1787 hoc
2532 1734 2803 1803 possibile,
2834 1749 2902 1788 an
2928 1750 3037 1789 non
3062 1734 3359 1805 possibile?
3380 1734 3509 1803 Quis
3533 1735 3634 1791 hoc
3655 1736 3840 1793 dicat?

2241 1824 2355 1882 Etsi
2386 1825 2545 1880 verba
2576 1826 2871 1894 ignorantis
2891 1827 2998 1881 sint
3031 1845 3045 1881 :
3077 1841 3201 1883 nam
3233 1826 3347 1881 haec
3371 1826 3593 1893 additio,
3622 1827 3705 1892 Si,
3734 1828 3840 1883 du-

2239 1914 2457 1974 bitantis
2517 1925 2633 1980 est;
2678 1931 2885 1982 verum,
2938 1926 2995 1971 ut
3045 1917 3179 1981 dixi,
3226 1931 3331 1971 non
3390 1926 3604 1985 Oportet
3654 1918 3838 1975 verbis

2238 2005 2535 2073 subterere,
2565 2007 2660 2062 sed
2703 2007 2771 2063 ad
2816 2021 2973 2061 sensa
3020 2006 3280 2070 converti,
3312 2017 3365 2062 et
3408 2022 3629 2077 scopum
3670 2023 3838 2065 nosco

2237 2096 2485 2163 dicentis,
2517 2106 2572 2153 et
2608 2112 2823 2155 causam
2863 2107 2917 2154 et
2944 2099 3302 2165 occasionem,
3336 2099 3690 2170 omnibusque
3715 2101 3835 2155 col-

2237 2187 2388 2241 lectis
2428 2202 2645 2248 sensum
2690 2189 2744 2246 in
2783 2188 2862 2245 eis
2908 2189 3162 2254 latentem
3216 2189 3488 2259 indagare.
3538 2190 3835 2248 ineffabilia

2236 2294 2360 2348 ergo
2400 2279 2679 2350 sapientia,
2712 2280 2801 2335 ille
2830 2282 2917 2351 qui
2957 2281 3169 2336 Patrem
3216 2282 3287 2335 ita
3330 2283 3496 2348 novit,
3528 2293 3583 2337 ut
3630 2282 3831 2341 Filium

2236 2370 2383 2423 novit
2412 2370 2587 2434 Pater,
2634 2372 2727 2441 qui
2770 2372 2944 2441 potuit
2984 2371 3085 2425 hoc
3129 2373 3413 2442 ignorare?
3456 2373 3639 2445 Neque
3681 2378 3833 2433 enim

2235 2459 2406 2528 major
2458 2470 2542 2515 est
2588 2462 2821 2532 cognitio
2874 2462 3173 2531 passionis,
3227 2478 3389 2532 quam
3438 2464 3521 2521 illa
3581 2474 3831 2534 naturae,

2234 2564 2393 2618 quam
2424 2550 2570 2605 solus
2618 2551 2730 2621 ipse
2779 2552 2929 2606 novit
2966 2563 3173 2608 exacte.
3216 2553 3365 2608 Sicut
3409 2556 3542 2609 eniti:
3582 2558 3722 2610 norit
3749 2574 3833 2612 me

2234 2641 2409 2707 Pater,
2443 2643 2632 2712 inquit,
2661 2653 2708 2697 et
2738 2660 2828 2715 ego
2866 2661 3087 2715 agnosco
3116 2644 3326 2698 Patrem
3365 2645 3546 2716 (Joan.
3580 2649 3667 2703 10.
3706 2650 3828 2719 15).

2234 2732 2299 2785 Et
2322 2732 2449 2801 quid
2501 2732 2622 2788 dico
2664 2734 2731 2789 de
2785 2736 3057 2804 unigenito
3096 2736 3187 2790 Dei
3229 2735 3411 2790 Filio?
3461 2737 3593 2791 Nam
3650 2755 3832 2809 neque

2232 2823 2508 2893 proiihctze
2549 2825 2796 2881 videntur
2833 2827 2885 2880 id
2922 2827 3219 2896 ignorasse,
3261 2827 3355 2882 sed
3400 2828 3680 2884 manifeste
3729 2846 3831 2884 no-

2230 2914 2394 2979 visse,
2426 2913 2699 2983 multaque
2718 2930 2840 2969 cum
2868 2916 3266 2970 asseveratione
3292 2917 3623 2985 pnedixisse,
3653 2933 3824 2989 opor-

2234 3014 2345 3059 tere
2370 3014 2429 3059 ut
2459 3006 2560 3060 hoc
2586 3007 2756 3073 fleret,
2787 3018 2947 3077 atque
2979 3008 3028 3061 id
3055 3009 3276 3063 omnino
3307 3007 3563 3065 futurum.

2306 3094 2489 3164 diaria:
2527 3097 2786 3167 integritas
2837 3113 2898 3149 ac
2948 3099 3163 3166 paritas.
3235 3096 3487 3152 Miracula
3537 3100 3726 3155 Christi
3770 3104 3831 3158 in

2232 3194 2410 3253 morte,
2467 3184 2611 3251 ῌονε
2654 3188 3017 3257 prophetarum
3080 3192 3256 3258 futura
3306 3190 3708 3258 pra-dicentium.
3753 3223 3830 3235 —

2230 3272 2368 3333 Audi
2412 3289 2544 3330 sane
2570 3290 2674 3345 quo
2713 3285 2868 3345 pacto
2908 3277 3116 3332 diversa
3150 3279 3357 3333 ratione
3400 3296 3586 3336 omnes
3607 3298 3830 3341 crucem

2228 3364 2605 3432 prmnuntient.
2637 3366 2847 3420 Primus
2879 3377 2959 3429 est
2995 3365 3159 3422 Jacob
3182 3370 3485 3438 patriarcha
3512 3388 3525 3424 :
3554 3372 3825 3442 siquidem

2228 3450 2294 3504 ad
2323 3453 2494 3521 ipsum
2521 3468 2825 3508 sermonem
2854 3454 3091 3525 dirigens
3115 3459 3190 3510 ait
3214 3476 3227 3510 :
3255 3456 3341 3512 Ea:
3354 3462 3598 3529 genuine,
3621 3464 3699 3530 ﬁli
3730 3467 3826 3533 mi,

2228 3542 2498 3605 ostendisti
2524 3542 2679 3609 (Gen.
2710 3543 2799 3597 49.
2832 3544 2911 3613 9),
2957 3561 3175 3615 germen
3204 3548 3406 3603 scilicet
3437 3551 3697 3620 virginem
3722 3569 3825 3608 vo-

2226 3647 2355 3689 cans
2379 3675 2393 3698 ,
2448 3643 2503 3701 et
2541 3634 2721 3700 Maria:
2752 3636 3110 3705 integritatem
3140 3652 3203 3699 ac
3231 3641 3515 3707 puritatem
3548 3643 3647 3696 hac
3689 3658 3827 3701 voco

2227 3725 2559 3795 significans.
2585 3725 2721 3787 Tum
2752 3742 2967 3784 crucem
2998 3728 3286 3799 designans
3314 3730 3525 3787 dicebat
3554 3752 3565 3785 :
3594 3732 3822 3790 Recum-

2228 3816 2345 3887 bens
2372 3814 2619 3880 dormiiui
2645 3826 2700 3879 ut
2731 3818 2829 3882 leo,
2856 3827 2901 3879 et
2924 3819 3070 3888 quasi
3096 3822 3293 3880 catulus
3314 3821 3494 3889 leonis,
3518 3824 3631 3894 quis
3652 3828 3819 3880 susci-

2230 3904 2348 3970 tabit
2375 3920 2488 3969 eum
2515 3902 2683 3975 (1b.)?
2710 3906 2935 3961 Mortem
2958 3908 3153 3978 quippe
3181 3909 3556 3966 dormitionem
3593 3913 3736 3968 illius
3765 3928 3821 3973 et

2226 4009 2477 4064 somnum
2497 3995 2801 4063 appellavit,
2826 4006 2878 4050 et
2906 4007 3129 4067 mortem
3152 4014 3270 4063 cum
3310 4004 3701 4065 resurrectione
3727 4022 3824 4062 co-

2227 4084 2443 4154 pulavit,
2486 4084 2667 4153 dicens
2717 4103 2729 4137 :
2780 4086 2906 4151 Quis
2946 4088 3204 4149 suscitabit
3226 4105 3335 4142 eum
3360 4091 3384 4147 2
3409 4092 3561 4146 Alius
3598 4095 3819 4163 quidem

2228 4191 2404 4240 nemo,
2449 4176 2540 4231 sed
2588 4176 2703 4245 ipse
2751 4180 3005 4246 Scipsum.
3041 4178 3376 4248 Quapropter
3413 4182 3622 4237 dicebat
3660 4186 3823 4242 etiam

2226 4266 2468 4336 Christus
2500 4266 2839 4337 :Potrstatem
2868 4270 3031 4339 habeo
3078 4272 3298 4343 ponendi
3330 4272 3552 4341 animum
3574 4291 3759 4342 meam,
3778 4288 3825 4331 et

2226 4369 2516 4429 potestatem
2528 4361 2685 4436 habeo,
2698 4365 2924 4416 sumendi
2941 4378 3049 4414 eam
3070 4360 3245 4435 (Joan.
3270 4362 3354 4416 10.
3385 4362 3471 4433 18)
3496 4379 3509 4416 :
3533 4372 3587 4418 et
3614 4381 3823 4433 rursus,

2226 4452 2420 4507 Solvite
2459 4454 2694 4521 templum
2721 4456 2835 4519 hoc,
2866 4464 2910 4507 et
2941 4455 2993 4507 in
3024 4442 3181 4508 tribus
3226 4454 3398 4512 diebus
3440 4456 3666 4517 excitabo
3692 4458 3826 4513 illud

2226 4544 2351 4623 (Id.
2391 4545 2444 4599 2.
2467 4546 2579 4620 l9).
2612 4547 2747 4621 Quid
2767 4563 2923 4616 porro
2941 4546 3183 4611 estillnd,
3205 4547 3469 4615 [incubans
3499 4549 3749 4604 darmiisti
3772 4564 3827 4607 ut

2226 4635 2488 4690 leo?Sicut
2504 4637 2584 4689 lco
2603 4637 2850 4689 nimirum
2866 4652 2969 4689 non
2990 4638 3158 4691 solum
3178 4637 3303 4691 dum
3325 4638 3527 4707 vigilat,
3550 4639 3642 4692 sed
3659 4641 3823 4696 etiam

2224 4727 2347 4781 dum
2363 4728 2578 4803 dormit,
2596 4728 2944 4783 formidabilis
2966 4738 3046 4783 est
3070 4746 3083 4781 :
3112 4729 3187 4781 sic
3208 4738 3261 4782 et
3287 4728 3532 4784 Christus
3563 4746 3668 4784 non
3695 4742 3826 4786 ante

2223 4834 2433 4872 crucem
2452 4827 2675 4882 tantum,
2691 4818 2783 4872 sed
2800 4828 2853 4871 et
2870 4818 2921 4871 in
2942 4818 3052 4886 ipsa
3069 4833 3249 4885 cruce,
3270 4828 3429 4888 atque
3451 4820 3501 4872 in
3518 4820 3629 4887 ipsa
3649 4832 3824 4877 morte

2225 4908 2571 4966 formidabilis
2595 4909 2709 4973 fuit,
2733 4924 3025 4979 magnaque
3050 4917 3159 4963 tum
3188 4909 3444 4966 miracula
3476 4908 3663 4974 edidit,
3691 4908 3822 4965 dum

2224 5004 2349 5059 solis
2404 5018 2617 5057 cursum
2664 5011 2807 5055 retro
2854 5002 3135 5066 convertit,
3176 5009 3355 5069 petras
3400 5000 3572 5069 scidit,
3623 5010 3818 5057 terram

2226 5097 2535 5159 tremefecit,
2559 5096 2732 5148 velum
2758 5096 2936 5164 templi
2959 5094 3236 5159 conscidit,
3262 5094 3413 5147 uxori
3436 5093 3587 5147 Pilati
3615 5104 3823 5151 metum

2226 5188 2422 5256 injecit,
2456 5187 2643 5241 ludam
2688 5170 2943 5257 coarguit.
2985 5187 3118 5239 Tum
3159 5186 3302 5239 enim
3353 5186 3485 5239 dixit
3544 5204 3556 5237 :
3604 5183 3826 5241 Peccavi

2240 5286 2451 5338 tradens
2476 5283 2780 5351 sanguinem
2820 5282 3141 5331 innocentem
3169 5275 3385 5343 (Matth.
3412 5275 3499 5325 27.
3526 5276 3600 5339 4).
3641 5276 3825 5341 Atque

2242 5379 2343 5433 hoc
2358 5377 2515 5430 Pilati
2539 5390 2676 5428 uxor
2704 5368 3156 5429 indicabat,Nihil
3173 5367 3495 5435 tibi,etjttsto
3515 5367 3631 5418 isti:
3650 5369 3823 5421 multa

2244 5469 2378 5539 enim
2403 5483 2561 5535 passa
2596 5480 2711 5515 sum
2758 5479 2842 5528 per
2882 5462 3045 5521 visum
3091 5468 3304 5530 propter
3334 5474 3451 5509 eunt
3482 5456 3587 5521 (Ib.
3620 5475 3666 5509 ιν.
3708 5458 3819 5526 l9).

2230 5549 2359 5603 Tum
2407 5549 2589 5601 orbem
2618 5558 2875 5599 tcrmrntn
2913 5545 3144 5598 tenebrat
3174 5554 3519 5613 occuparunt,
3556 5554 3607 5595 et
3640 5544 3822 5599 medio

2234 5648 2314 5693 .lte
2344 5656 2445 5694 nox
2473 5638 2732 5709 apparuit,
2762 5648 2867 5690 tum
2900 5652 3043 5690 mors
3071 5638 3360 5697 contabuit,
3394 5636 3613 5705 ejusque
3651 5635 3729 5690 vis
3752 5652 3820 5691 ac

2228 5739 2463 5803 potestas
2488 5732 2751 5787 destructa
2772 5738 2849 5784 est
2871 5744 2883 5782 :
2906 5728 3069 5783 multa
3096 5737 3237 5783 certe
3263 5742 3486 5797 corpora
3512 5740 3711 5781 sancto:
3730 5742 3818 5780 um
