4058 6422
260 393 334 449 55
897 380 965 438 IN
1002 372 1521 449 temerari-zu,
1560 373 1621 435 SI
1660 368 1845 431 P0581

1951 369 2025 429 Ει
2046 370 2196 441 EST,
2232 370 2630 442 TRANSBAT,
2658 373 2827 431 'E'I‘C.
3261 445 3269 449 ἓ
3492 380 3563 447 51

249 516 349 581 qui
365 483 718 566 d-irtnierant,
744 505 1113 559 surrexerunt.
1139 493 1265 549 ﬂare
1290 492 1419 548 olim
1443 490 1738 581 [mediocris
1760 502 1853 581 pa-

254 580 589 660 triarelta,et
622 589 914 651 ostendens
958 590 1104 642 illum
1137 586 1298 642 etiam
1320 582 1639 644 cruciatum
1670 580 1856 635 formi-

260 683 489 750 dabilem
516 685 651 748 fore,
679 680 930 741 dicebat:
970 678 1237 734 Recubans
1266 674 1515 730 dormiisti
1538 684 1592 730 ut
1614 673 1692 727 leo
1714 687 1733 726 :
1756 686 1855 725 nec

214 834 218 835 ν
262 774 716 852 ἀὶιίῑ,νυοζιηὶεε,
756 771 849 827 sed
881 769 1162 833 Dormiisti,
1213 775 1494 837 propterea
1540 762 1683 835 quod
1723 761 1850 817 illud

256 870 477 926 omttino
502 876 619 925 erat
644 864 902 919 futurum.
934 861 1045 927 Mos
1062 860 1205 918 enim
1232 858 1318 913 bic
1338 868 1420 913 est
1444 856 1851 927 prophetarum,

258 965 320 1015 ut
351 956 529 1011 multis
574 957 629 1011 in
674 955 805 1010 locis
839 962 1109 1022 tamquam
1140 948 1613 1021 prmtcrital‘ntura
1655 945 1851 1017 [παιὼ-

255 1055 401 1112 eam.
444 1045 576 1108 Nam
618 1044 1070 1116 quemadmodum
1114 1041 1227 1095 ﬁeri
1256 1040 1480 1110 nequit,
1512 1047 1571 1093 ut
1596 1053 1714 1107 qua:
1741 1037 1852 1108 jam

256 1148 569 1203 evenerunt,
611 1152 716 1193 non
759 1136 1010 1197 eveniant
1037 1151 1051 1186 :
1083 1134 1154 1190 ita
1179 1147 1350 1204 neque
1380 1139 1433 1187 ut
1463 1129 1607 1203 huc},
1640 1129 1852 1184 tametsi

254 1224 489 1297 tutorum
544 1234 646 1293 est,
700 1241 807 1281 non
845 1223 1077 1286 eveniat.
1122 1224 1414 1295 Propterea
1464 1220 1716 1275 nimirum
1760 1235 1854 1289 per

252 1318 489 1389 speciem
520 1319 776 1388 temporis
815 1318 922 1388 jam
958 1316 1211 1387 prmteriti
1246 1316 1421 1370 futura
1471 1314 1849 1385 prscnuntiant.

253 1418 313 1465 ut
341 1409 443 1469 hac
462 1411 671 1471 ratione
695 1409 807 1470 ﬁeri
839 1424 942 1464 non
972 1423 1129 1479 posse
1146 1406 1469 1479 signiﬁcent,
1497 1405 1624 1476 quin
1650 1407 1851 1460 exitum

252 1498 487 1557 habeant
512 1515 576 1559 ac
598 1514 819 1569 prorsus
839 1500 1111 1555 eveniant.
1140 1499 1230 1553 Sic
1250 1498 1411 1553 etiam
1443 1496 1610 1552 David
1636 1510 1851 1550 crucem

248 1590 541 1661 designans
569 1590 743 1645 aiebat
769 1605 785 1655 ι
813 1588 1074 1645 Foderunt
1101 1604 1281 1645 manu
1298 1597 1518 1653 meas,et
1540 1586 1690 1656 pedes
1716 1601 1853 1640 meos

250 1682 429 1753 (Psal.
453 1683 543 1741 21.
574 1684 687 1753 17).
710 1682 825 1736 Νοη
848 1682 999 1748 dixit,
1031 1680 1277 1746 Fodient,
1308 1680 1402 1735 sed
1436 1678 1717 1733 Foderttnt.
1748 1676 1850 1731 Di-

248 1782 641 1828 numeraverunt
684 1774 854 1827 omnia
880 1789 997 1827 ossa
1024 1788 1135 1826 mea
1164 1769 1272 1843 (Ib.
1302 1786 1349 1823 υ.
1383 1769 1497 1843 18).
1528 1770 1639 1824 Nec
1676 1769 1850 1823 solum

248 1865 368 1920 lucc
412 1864 568 1929 dixit,
615 1865 710 1919 sed
749 1865 908 1919 etiam
934 1880 1020 1930 ea,
1049 1879 1169 1934 quae
1192 1878 1222 1917 a
1253 1862 1511 1916 militibus
1536 1861 1671 1916 facta
1705 1868 1849 1915 sunt.

249 1953 542 2009 Diviserunt
568 1955 663 2009 sibi
702 1956 993 2013 vestimenta
1025 1971 1156 2019 mea,
1198 1963 1249 2009 et
1273 1970 1427 2025 super
1455 1963 1638 2011 restem
1685 1967 1851 2006 nteant

245 2047 495 2101 miserunt
535 2054 718 2101 sortem
760 2044 865 2116 (Ib.
893 2061 944 2101 υ.
991 2046 1101 2115 19).
1145 2044 1329 2114 Neque
1376 2043 1478 2098 hoc
1504 2042 1703 2110 solum,
1754 2041 1851 2097 sed

244 2136 409 2194 etiam
450 2136 597 2207 quod
645 2151 769 2194 eum
818 2135 943 2192 l'ellc
994 2136 1262 2201 cibarunt,
1290 2144 1524 2190 etaceto
1550 2143 1846 2202 putarunt:

244 2225 510 2287 Dedeth
552 2227 718 2291 enim,
766 2227 959 2297 inquit,
988 2226 1041 2279 in
1069 2243 1236 2281 escam
1256 2241 1441 2278 'tneam
1472 2224 1561 2296 fel,
1597 2229 1646 2277 et
1680 2225 1731 2278 in
1761 2221 1848 2277 siti

242 2334 359 2377 mea
398 2328 699 2391 putaverunt
738 2304 819 2391 me
841 2329 981 2372 aceto
1021 2317 1189 2388 (Psal.
1218 2318 1306 2372 es.
1338 2317 1456 2389 se).
1486 2317 1637 2371 Alius
1665 2331 1850 2372 rursus

240 2424 369 2473 euut
394 2388 601 2463 "lancea
630 2388 944 2478 percussum
991 2408 1059 2462 ab
1087 2409 1193 2462 illis
1225 2407 1388 2462 fuisse
1416 2388 1607 2462 narrat
1641 2425 1654 2463 :
1702 2406 1851 2460 Vide.

241 2501 369 2562 bunt
390 2500 553 2564 enim,
581 2499 769 2570 inquit,
794 2498 1388 2567 inquemtransﬁxerunt
1412 2497 1595 2568 (Zach.
1623 2497 1706 2557 12.
1734 2497 1848 2568 10).

239 2590 410 2645 Isaias
450 2599 629 2645 autem
680 2604 866 2645 rursus
903 2590 1060 2645 aliter
1085 2605 1296 2644 crucem
1346 2590 1711 2659 pra-nuntians
1762 2588 1845 2642 di-

238 2682 447 2738 cebat:
496 2684 644 2738 Sicut
689 2684 795 2737 ovis
832 2682 901 2735 ad
944 2683 1246 2739 occisionem
1300 2684 1481 2736 ductus
1510 2694 1599 2746 est,
1630 2690 1678 2734 et
1720 2682 1850 2734 sicut

238 2788 407 2844 agnus
465 2788 638 2826 coram
683 2774 917 2835 tondente
958 2788 1013 2828 se
1058 2781 1228 2824 mutus
1254 2812 1270 2838 ,
1322 2772 1395 2825 sic
1436 2787 1536 2825 non
1568 2773 1850 2841 aperuit“

238 2878 416 2917 suum.
442 2862 515 2917 In
550 2863 837 2918 humilitate
870 2865 979 2935 ejus
1013 2863 1269 2938 judicium
1297 2864 1455 2932 ipsius
1485 2863 1742 2921 sublatum
1773 2873 1849 2918 est

239 2944 399 3023 (1m.
426 2955 516 3012 ss.
548 2955 598 3008 7.
622 2954 705 3025 8).

314 3046 372 3101 2.
416 3046 635 3101 Mortem
679 3045 908 3109 Christus
937 3046 1102 3104 subire
1144 3062 1246 3101 non
1288 3045 1552 3101 recusavit.
1585 3043 1848 3103 Mirabilia

236 3141 405 3193 crucis
444 3155 622 3207 opera.
675 3168 748 3179 -
780 3138 861 3196 Tu
911 3153 1038 3194 vero
1084 3138 1215 3197 mihi
1247 3137 1495 3202 observa,
1525 3152 1633 3208 quo
1684 3145 1841 3206 pacto

238 3233 609 3301 unusquisque
654 3231 876 3285 istorum
933 3238 1203 3299 tamquam
1238 3229 1307 3284 de
1346 3229 1508 3284 rebus
1554 3229 1843 3297 prateritis

240 3324 408 3380 verba
455 3323 634 3387 faciat.
678 3333 735 3378 ut
770 3339 831 3379 ea
879 3325 1036 3393 plane
1062 3323 1237 3377 futura
1262 3362 1277 3387 ,
1319 3331 1374 3377 et
1414 3324 1531 3377 sine
1560 3321 1836 3377 contradi—

238 3417 422 3471 ctione
446 3427 700 3471 eventura
732 3430 825 3484 per
847 3415 952 3469 hoc
981 3424 1192 3483 tempus
1227 3408 1493 3470 ostendat.
1527 3414 1600 3470 Ita
1624 3429 1841 3485 quoque

240 3506 407 3560 David
465 3506 569 3560 hoc
606 3504 861 3574 judicium
904 3504 1216 3559 describens
1254 3505 1474 3559 aiebat:
1510 3505 1681 3571 Quare
1733 3504 1842 3574 fre-

236 3608 476 3662 muerunt
502 3606 672 3669 gentes
691 3637 707 3661 ,
737 3605 783 3649 et
811 3596 988 3667 populi
1019 3596 1246 3657 meditati
1269 3606 1386 3652 sunt
1416 3596 1592 3650 inania
1616 3597 1640 3649 7
1666 3596 1843 3649 Adsti-

235 3698 405 3744 teruut
443 3706 585 3763 reges
628 3699 795 3754 temo,
826 3677 882 3741 et.
914 3688 1168 3759 principes
1218 3701 1555 3743 convenerunt
1591 3691 1645 3743 in
1675 3706 1835 3743 unum

234 3780 477 3833 adversus
528 3778 827 3846 Dominum,
856 3789 902 3833 et
944 3779 1185 3837 adversus
1216 3778 1475 3834 Christum
1519 3781 1630 3852 ejus
1661 3780 1837 3851 (Psal.

235 3871 294 3927 3.
324 3873 372 3929 1.
402 3871 481 3946 2).
535 3870 719 3941 Neque
764 3885 894 3925 vero
922 3871 1182 3939 judicium
1234 3862 1539 3928 tantum'et
1589 3887 1833 3939 crucem,

237 3980 464 4039 quaeque
494 3967 547 4019 in
569 3958 736 4020 cruce
764 3966 1121 4035 contigerunt,
1151 3973 1563 4032 commemorat,
1592 3965 1687 4020 sed
1716 3981 1838 4019 cum

237 4071 450 4128 quoque
473 4055 565 4127 qui
596 4054 814 4110 tradidit
844 4096 858 4121 ,
883 4056 1025 4125 quod
1057 4057 1311 4121 nimirum
1335 4057 1755 4124 contubernalis,
1788 4066 1842 4112 et

237 4146 482 4218 ejusdem
512 4148 779 4218 particeps
802 4163 1003 4203 mensa:
1030 4148 1205 4203 luerit.
1239 4149 1339 4216 Qui
1366 4144 1509 4204 enim
1542 4149 1718 4205 edebat
1747 4166 1841 4220 pa-

238 4257 329 4296 nes
352 4258 509 4309 meos,
539 4241 881 4310 magni/ienuit
906 4258 1060 4310 super
1085 4242 1640 4311 mesupplantationem
1660 4241 1836 4313 (Psal.

237 4333 329 4389 ιθ.
378 4332 489 4404 10).
522 4332 721 4388 Vocem
760 4347 972 4403 quoque
1014 4334 1093 4388 sic
1128 4332 1303 4400 ell‘ert,
1335 4350 1494 4404 quam
1541 4334 1839 4389 emissurus

236 4433 355 4503 erat.
398 4424 450 4478 in
489 4414 693 4479 cruce:
737 4423 897 4489 Deus,
950 4423 1087 4479 Deus
1136 4441 1297 4495 meus,
1328 4442 1486 4494 quare
1524 4442 1603 4479 me
1654 4426 1841 4480 dereli-
1887 4502 1893 4508 ι

237 4516 389 4588 quiin
409 4515 587 4586 (Psal.
613 4516 704 4570 21.
729 4516 787 4587 2)
813 4517 838 4571 ‘l
881 4517 1016 4571 Tum
1046 4517 1348 4585 sepulcrum
1378 4532 1562 4573 rursus
1595 4536 1609 4573 :
1644 4518 1842 4573 Posue-

237 4619 358 4662 runt
389 4626 467 4661 me
492 4610 545 4662 in
573 4609 690 4662 lacu
730 4610 929 4677 inﬁmo,
962 4610 1014 4663 in
1046 4609 1317 4665 tenebrosis
1339 4620 1385 4663 et
1414 4611 1467 4663 in
1492 4613 1669 4665 umbra
1694 4628 1838 4665 inor-

239 4701 304 4754 tis
352 4699 523 4770 (Psal.
583 4700 674 4757 87.
726 4699 803 4769 6).
850 4701 912 4755 Et
953 4702 1403 4758 resurrectionem
1454 4723 1467 4757 :
1520 4702 1641 4756 Non
1692 4705 1837 4759 enim

239 4790 556 4859 derclinques
579 4793 802 4845 animam
840 4810 1001 4846 meam
1028 4794 1080 4847 in
1110 4795 1332 4864 inferno,
1360 4812 1520 4865 neque
1544 4796 1686 4849 dabis
1713 4815 1837 4853 san-

237 4896 374 4939 ctum
421 4896 562 4937 tuum
610 4885 778 4938 videre
817 4879 1191 4955 corruptionem
1242 4886 1262 4958 (
1291 4886 1436 4941 Psal.
1471 4890 1557 4944 15.
1589 4888 1726 4962 10
1774 4891 1840 4947 Ει

237 4977 608 5032 ascensionem
635 4977 905 5032 :Ascendit
927 4978 1065 5032 Deus
1097 4980 1148 5032 in
1164 4980 1487 5050 jubilatione,
1513 4980 1760 5037 Dominusl
1785 4984 1839 5037 in

232 5085 354 5123 race
383 5069 516 5123 tuba:
542 5067 717 5139 (Psal.
752 5068 842 5123 46.
864 5068 948 5138 β).
995 5070 1124 5124 Item
1165 5071 1349 5125 sedem
1371 5085 1400 5124 a
1429 5072 1668 5127 dextris:
1695 5074 1838 5129 Dixit

242 5157 496 5213 Dominus
522 5157 738 5213 Domino
769 5176 899 5225 meo,
931 5159 1067 5215 Sede
1094 5178 1127 5214 a
1155 5162 1344 5216 dextris
1377 5164 1518 5229 meis,
1552 5163 1713 5218 donec
1740 5182 1836 5233 po-

240 5272 356 5309 nam
385 5255 617 5308 inimicos
636 5264 749 5308 tuos
770 5254 1043 5324 scabellum
1070 5255 1253 5325 pedum
1285 5266 1488 5310 tuorum
1509 5256 1678 5327 (Psal.
1713 5258 1834 5313 109.

242 5347 317 5415 1).
373 5345 535 5401 Isaias
571 5360 699 5400 vero
752 5360 969 5400 causam
1027 5346 1187 5401 etiam
1241 5349 1507 5415 expressit
1583 5345 1768 5403 dicens
1820 5366 1833 5404 :

243 5439 498 5509 Quoniam
524 5438 588 5492 ab
614 5439 961 5507 iniquitatibus
990 5440 1168 5508 populi
1197 5440 1295 5493 mei
1314 5440 1497 5494 ductus
1523 5451 1597 5494 est
1614 5442 1680 5494 ad
1696 5458 1834 5495 mor-

239 5540 340 5590 tem
365 5531 385 5603 (
410 5528 539 5589 lsai.
572 5530 641 5585 55
681 5528 773 5599 8),
803 5538 859 5585 et
884 5530 1047 5600 quod,
1082 5530 1336 5599 Quoniam
1370 5547 1542 5587 oumes
1568 5535 1695 5587 sicut
1723 5551 1836 5587 oves

233 5630 553 5687 errares-unt,
600 5622 790 5676 idcirco
834 5631 1087 5683 mactatur
1117 5622 1281 5693 (Ibid.
1310 5636 1357 5677 tt.
1390 5622 1445 5678 6.
1479 5622 1556 5696 7).
1586 5624 1720 5678 Tum
1742 5625 1836 5679 ad-

240 5700 381 5771 jicit,
406 5704 525 5770 quid
556 5718 619 5756 es
656 5718 722 5755 eo
750 5706 870 5757 boni
895 5717 1283 5775 consequutunt
1311 5708 1400 5771 sit,
1424 5708 1629 5770 dicens,
1662 5706 1843 5763 Livore

244 5789 465 5857 eitumu
483 5808 657 5848 omnes
685 5802 849 5849 sanati
878 5812 1051 5851 smnus
1074 5795 1090 5866 (
1116 5794 1196 5851 lb.
1224 5814 1268 5851 ιι.
1302 5800 1372 5869 5)
1400 5839 1412 5862 ,
1443 5798 1674 5868 etquod,
1708 5797 1839 5854 l’ec-

1902 497 1907 503 '
1964 460 2080 542 cata
2102 484 2379 543 multorum
2422 490 2535 544 tulit
2570 494 2591 563 (
2608 488 2739 546 lsai.
2768 491 2857 548 53.
2889 490 2957 547 12
2980 491 3026 563 ).
3058 445 3269 564 Ergone
3296 493 3575 564 propr

1961 580 2177 650 quidem
2195 594 2412 636 crucem
2427 593 2762 645 noverant,et
2778 584 2953 640 crucis
2968 580 3436 658 causam,quteque
3452 603 3582 663 pro-

1964 680 2081 738 pter
2092 687 2305 727 crucem
2324 674 2602 727 commoda
2620 676 2973 742 obvenerunt,
2992 685 3046 731 et
3062 679 3390 748 sepulcrum,
3408 689 3463 735 et
3481 694 3573 737 re-

1960 763 2371 829 surrectionem,
2399 772 2454 817 et
2478 765 2873 832 ascensionem,
2912 758 2965 821 et
2994 767 3374 838 proditionem,
3404 768 3572 843 et‘jug
3632 780 3634 783 '

1960 852 2179 917 d'cium,
2211 863 2266 909 et
2293 854 2470 907 omnia
2498 866 2685 910 exacte
2710 855 3113 927 descripserunt
3147 880 3160 915 :
3191 860 3280 930 Qui
3314 877 3447 915 vero
3465 861 3569 916 mi-

1961 943 2027 996 sit
2052 958 2167 1007 eos,
2208 952 2265 997 et
2294 944 2408 998 inec
2442 946 2561 1010 illis
2581 946 2804 1003 dicenda
2836 947 3130 1015 mandavit,
3171 952 3286 1019 ipse
3315 950 3572 1023 ignorat?

1960 1034 2090 1100 Quis
2126 1050 2378 1107 umquam
2409 1036 2647 1106 prudens
2678 1036 2779 1091 hoc
2823 1037 3017 1101 dixerit
3047 1038 3072 1093 1
3100 1040 3260 1095 Vides
3292 1058 3397 1096 non
3440 1036 3565 1101 esse

1961 1124 2123 1178 verba
2149 1134 2352 1178 tantum
2372 1132 2575 1180 temere
2591 1128 2882 1195 spectanda
2906 1128 2930 1181 ?
2956 1115 3229 1185 nnn'enim
3259 1130 3361 1186 huc
3386 1130 3566 1188 solum
3612 1161 3614 1164 ν

1959 1224 2041 1269 est
2066 1213 2315 1283 dubium,
2346 1216 2439 1271 sed
2470 1227 2525 1272 et
2552 1218 2813 1287 majorem
2839 1220 2911 1286 id,
2944 1220 3087 1290 quod
3115 1223 3376 1291 sequitur,
3406 1223 3568 1279 dubi-

1962 1303 2104 1360 tandi
2151 1309 2489 1362 occasionem
2536 1307 2712 1369 allen.
2765 1310 2906 1377 Quid
2946 1312 3089 1366 enim
3130 1312 3247 1368 ait?
3278 1313 3457 1381 Pater,
3500 1324 3567 1381 ,οἱ

1962 1400 2199 1466 possibile
2218 1408 2315 1465 est,
2358 1410 2581 1455 tremeat
2606 1419 2637 1455 a
2665 1420 2744 1461 me
2764 1403 2901 1464 colis:
2924 1404 3037 1465 iste.
3065 1403 3183 1460 Non
3217 1407 3361 1462 enim
3388 1407 3565 1463 solum

1961 1488 2235 1557 ignorasse
2279 1492 2734 1559 reperietur,~3cd
2783 1495 2944 1555 etiam
2989 1509 3208 1551 crucem
3256 1482 3561 1555 recusasse.

1960 1579 2086 1637 ilice
2114 1596 2346 1650 namque
2372 1582 2657 1647 verborum
2688 1585 2912 1647 istorum
2940 1596 3022 1641 est
3055 1589 3319 1643 sententia
3352 1606 3365 1643 :
3402 1588 3458 1644 Si
3488 1590 3557 1644 li-

1958 1680 2065 1737 cet,
2088 1672 2281 1743 inquit,
2309 1688 2379 1728 ne
2419 1674 2638 1732 subeam
2670 1690 2908 1744 crucem,
2943 1692 3079 1734 neve
3121 1680 3452 1739 interliciar:
3489 1691 3569 1741 ta.

1958 1764 2114 1817 metsi
2137 1764 2353 1819 Petrum
2382 1766 2750 1835 apostolorum
2790 1769 3085 1840 principem
3118 1769 3223 1831 hoc
3254 1770 3565 1843 ipsi‘dicen-

1961 1864 2088 1921 tem,
2122 1853 2390 1924 Propitius
2438 1857 2529 1910 tibi
2567 1867 2692 1923 esto,
2733 1857 3006 1919 Domine:
3045 1866 3147 1917 non
3194 1860 3288 1916 crit
3319 1863 3409 1918 tibi
3448 1865 3562 1931 hoc,

1957 1943 2093 1999 adeo
2118 1945 2467 2001 vehementer
2513 1948 2825 2017 increpavit,
2862 1959 2917 2004 ut
2961 1950 3214 2017 diceret;
3267 1953 3405 2008 Vade
3447 1950 3561 2026 post

1957 2052 2056 2101 me,
2087 2045 2269 2091 satana
2301 2080 2316 2104 ,
2344 2040 2646 2093 scatttlalum
2679 2042 2801 2098 mihi
2831 2060 2881 2098 es
2928 2057 2949 2107 ε
2985 2045 3107 2113 quia
3148 2048 3250 2099 non
3280 2048 3433 2116 sapis
3478 2067 3560 2120 ea,

1955 2142 2069 2195 qua:
2095 2126 2194 2181 Dei
2230 2140 2388 2195 sunt,
2431 2131 2523 2185 scd
2548 2148 2606 2185 ea
2646 2148 2762 2201 quin
2807 2134 3071 2193 hominum
3099 2135 3317 2205 (Matth.
3354 2140 3439 2194 Hi.
3470 2138 3565 2207 εὶ,

1955 2217 2071 2289 25);
2098 2220 2256 2289 idque
2286 2236 2407 2275 eum
2439 2222 2655 2301 ligatum
2679 2226 2830 2281 illum
2857 2227 3015 2295 paulo
3035 2238 3158 2283 ante
3187 2230 3556 2303 prtcdieasset,

1957 2304 2155 2364 Verum
2191 2311 2331 2365 adeo
2359 2313 2641 2369 videbatur
2665 2317 2958 2372 absurdum
3002 2334 3129 2374 esse
3156 2335 3262 2375 non
3288 2305 3555 2395 crucillgi,

1956 2408 2016 2452 ut
2056 2399 2223 2466 illum,
2258 2404 2344 2472 qui
2399 2418 2429 2457 a
2483 2405 2641 2461 Patre
2680 2408 3066 2464 revelationem
3118 2424 3423 2481 acceperat,
3471 2414 3565 2486 qui

1956 2490 2145 2546 beatus
2165 2493 2339 2551 dictus
2364 2493 2557 2557 fuerat.
2589 2500 2673 2552 cui
2707 2500 2961 2555 colorum
2990 2502 3169 2557 clavvs
3208 2496 3417 2561 tradita:
3449 2508 3567 2563 lue-

1954 2593 2096 2649 rant,
2130 2600 2376 2641 satanam
2403 2591 2722 2660 appellaret,
2746 2603 2800 2647 et
2828 2595 3165 2661 scandalum,
3196 2613 3259 2651 ac
3292 2610 3562 2670 tamquam

1954 2688 2017 2727 ea
2049 2691 2168 2744 qua:
2201 2677 2291 2730 Dei
2321 2682 2731 2756 sunthmiuime
2762 2685 3058 2753 sapientem
3104 2700 3403 2757 accusaret,
3440 2706 3567 2762 pro~

1954 2773 2135 2835 plcrea
2159 2768 2299 2838 quod
2331 2769 2560 2836 dixerat,
2594 2771 2858 2844 Pr0pitius
2884 2778 2974 2831 tibi
3002 2788 3128 2845 esto,
3163 2778 3381 2835 Domine
3410 2764 3430 2837 ἐ
3462 2801 3564 2844 non

1956 2859 2050 2910 erit
2077 2859 2166 2911 tibi
2193 2861 2309 2928 hoc,
2340 2870 2399 2915 ut
2423 2864 2779 2935 cruciﬁgaris.
2805 2868 2944 2938 Ergo
2973 2871 3061 2939 qui
3084 2871 3407 2942 discipulum
3432 2889 3565 2939 con-

1954 2952 2188 3005 tumeliis
2226 2952 2425 3020 allecit,
2473 2956 2718 3025 adempte
2756 2963 3000 3028 graviter
3028 2962 3080 3015 in
3122 2963 3272 3017 illum
3318 2964 3564 3022 invectus

1952 3050 2058 3108 est,
2092 3054 2150 3095 ut
2176 3052 2229 3097 et
2254 3053 2496 3099 satanam
2528 3057 2649 3118 post
2680 3056 2856 3104 tantas
2884 3048 3071 3108 laudes
3097 3055 3417 3125 appellat-ct,
3436 3060 3562 3129 quia

1952 3132 2180 3199 dixerat,
2212 3134 2289 3190 Ne
2319 3139 2650 3209 erucitigaris
2682 3158 2696 3194 :
2725 3157 2831 3211 quo
2860 3132 3016 3213 pacto
3042 3142 3260 3201 nolebat
3288 3148 3402 3217 ipse
3423 3142 3555 3204 cru-

1952 3226 2091 3297 ciligi
2114 3228 2137 3279 Ῥ
2162 3226 2447 3294 Quomodo
2472 3246 2603 3286 vero
2644 3244 2829 3301 postea
2872 3234 2998 3289 boni
3034 3241 3231 3306 pastori
3263 3240 3561 3313 depingcns

1952 3316 2238 3387 imaginem
2266 3360 2278 3380 .
2310 3319 2412 3375 hoc
2454 3324 2722 3391 praecipue
2765 3327 2973 3381 virtutis
3003 3328 3119 3397 ejus
3151 3316 3405 3387 indicium
3437 3349 3559 3390 esse

1949 3407 2103 3473 dixit,
2126 3420 2182 3463 ut
2209 3425 2303 3479 pro
2324 3411 2436 3465 suis
2458 3413 2647 3467 oribus
2664 3414 2957 3479 occidatur,
2980 3419 3251 3475 itadicens
3275 3440 3285 3473 :
3313 3421 3422 3494 Ego
3445 3440 3561 3477 sum

1950 3510 2125 3568 pastor
2154 3503 2311 3555 bonus
2340 3520 2358 3556 :
2409 3502 2570 3557 bonus
2620 3516 2796 3575 pastor
2842 3508 3069 3563 animam
3118 3528 3264 3565 suam
3300 3515 3440 3585 ponit
3466 3532 3562 3585 pro

1950 3608 2009 3645 os
2033 3593 2125 3646 bus
2167 3593 2346 3664 (Joan.
2383 3596 2468 3651 10.
2503 3596 2623 3668 ll)?
2665 3597 2849 3669 Neque
2878 3614 3006 3655 vero
3039 3601 3127 3656 hic
3172 3604 3431 3672 substitit,
3464 3603 3561 3664 sed

1948 3686 2142 3755 adjecit
2168 3704 2179 3741 :
2216 3686 2562 3743 Mcrcenaritts
2593 3700 2786 3756 autem,
2814 3700 2861 3745 et
2892 3694 2976 3763 qui
3004 3710 3103 3747 non
3133 3706 3205 3747 est
3245 3706 3443 3766 pastor,
3480 3699 3560 3752 cio

1951 3778 2030 3831 det
2056 3779 2236 3848 lupum
2264 3781 2541 3835 venientem
2568 3824 2582 3844 ,
2613 3791 2657 3835 et
2688 3784 2897 3837 dimittit
2926 3801 3044 3839 ovcs
3066 3826 3080 3851 ,
3125 3797 3171 3839 et
3196 3787 3330 3857 fugit
3361 3786 3465 3859 (Ib.
3507 3805 3558 3845 ι’.

1950 3872 2060 3943 19.).
2096 3872 2150 3927 Si
2177 3887 2309 3942 ergo
2333 3872 2456 3926 bnni
2488 3877 2717 3942 pastoris
2749 3886 2831 3930 est
2856 3876 3052 3940 occidi,
3088 3880 3408 3933 mercenarii
3433 3895 3561 3935 vero

1948 3965 2089 4018 nullo
2133 3964 2233 4017 hoc
2284 3965 2414 4032 pati,
2464 3965 2737 4035 quomodo
2784 3967 2894 4032 ille,
2938 3966 3029 4037 qui
3062 3982 3120 4025 se
3150 3968 3347 4023 bonum
3379 3978 3563 4038 pasto-

1948 4068 2059 4107 rem
2111 4054 2408 4122 profitetur,
2460 4056 2633 4111 occidi
2664 4057 2919 4111 recusat?
2963 4058 3235 4131 quomodo
3261 4070 3442 4115 autem
3474 4061 3559 4116 di-

1946 4146 2121 4206 cebat,
2155 4144 2265 4217 Ego
2296 4161 2429 4216 pono
2456 4149 2681 4201 animum
2704 4166 2867 4202 meum
2894 4166 2926 4202 a
2964 4164 3043 4202 me
3075 4149 3185 4218 ipso
3217 4148 3323 4222 (Ib.
3360 4166 3406 4205 υ.
3439 4152 3560 4225 18)ἒ¹

1946 4236 2079 4291 Nam
2104 4241 2147 4292 si
2176 4254 2207 4292 a
2240 4239 2412 4308 teipso
2458 4240 2613 4308 ponis
2634 4282 2649 4305 ,
2682 4241 2771 4309 qui
2806 4240 2895 4307 ﬁt,
2928 4248 2986 4293 ut
3012 4239 3239 4294 alterum
3273 4256 3454 4312 roges,
3490 4258 3559 4299 ne

1948 4331 2155 4400 ponas?
2180 4330 2451 4401 quomodo
2474 4330 2600 4384 item
2633 4330 2731 4384 bac
2761 4331 3051 4385 occasione
3077 4330 3257 4385 laudat
3278 4348 3401 4387 eum
3425 4335 3560 4389 Pau-

1946 4422 2045 4487 lus,
2079 4426 2131 4477 in
2160 4422 2277 4477 iure
2294 4424 2453 4478 verba
2480 4444 2492 4476 .-
2520 4422 2620 4490 Qui
2645 4440 2758 4477 cum
2780 4426 2834 4477 in
2860 4427 3027 4495 forma
3050 4422 3150 4477 Dei
3171 4435 3320 4490 esset,
3345 4443 3445 4487 non
3468 4444 3559 4481 ra-

1948 4516 2121 4583 pinam
2152 4514 2432 4570 arbitratus
2463 4525 2536 4569 est
2580 4532 2686 4569 esse
2710 4532 2764 4569 se
2794 4516 3041 4585 azqualem
3073 4515 3182 4569 Deo
3207 4558 3222 4582 ,
3253 4517 3343 4571 sed
3370 4495 3550 4573 easiuaﬁ

1946 4608 2067 4661 nivit
2091 4609 2415 4680 semetipsum
2436 4613 2654 4678 [orntum
2673 4610 2804 4663 servi
2820 4609 3099 4679 accipiens,
3130 4612 3183 4663 in
3212 4610 3553 4667 similitudine

1946 4702 2208 4761 hominum
2236 4707 2424 4773 factus,
2450 4711 2496 4756 et
2546 4702 2718 4756 habitu
2749 4703 2981 4757 inventus
3012 4714 3065 4756 ut
3096 4703 3272 4770 homo,
3310 4704 3556 4759 humilia-

1944 4795 2015 4848 vit
2038 4796 2362 4864 semetipsum
2406 4797 2573 4863 [actus
2611 4794 2849 4847 obedieas
2872 4810 3029 4862 usque
3062 4793 3130 4847 ad
3157 4804 3386 4859 mortem,
3421 4812 3558 4851 mora

1946 4893 2044 4937 tem
2087 4894 2253 4938 autem
2281 4885 2443 4938 crucis
2472 4882 2724 4955 (Philipp.
2760 4884 2813 4937 2.
2844 4884 2875 4939 6
2902 4914 2924 4925 -
2958 4885 3043 4954 8)?
3070 4884 3187 4955 Ipse
3214 4900 3343 4939 vero
3372 4902 3555 4942 rursm

1944 4975 2022 5030 sic
2047 4974 2178 5029 dicit
2206 4992 2218 5005 ·
2255 4974 2538 5044 Propterea
2586 4992 2664 5028 me
2712 4975 2882 5045 diligit
2917 4973 3072 5028 Pater
3094 5017 3109 5039 ,
3147 4978 3267 5046 quia
3297 4993 3390 5046 ego
3420 4994 3555 5047 pono

1943 5070 2168 5121 animam
2220 5084 2403 5133 meam,
2434 5078 2487 5121 ut
2512 5070 2693 5121 iterum
2724 5085 2923 5121 sumam
2949 5084 3060 5121 eam
3092 5067 3272 5140 (Joan.
3321 5070 3410 5125 l0.
3443 5070 3549 5140 l7)-

1943 5160 2162 5215 Sicnim
2215 5176 2321 5214 non
2350 5160 2482 5225 run,
2518 5159 2611 5213 sed
2643 5168 2875 5220 recusat.
2906 5170 2959 5213 et
2996 5158 3211 5215 Patren:
3238 5170 3376 5228 orat,
3405 5176 3551 5231 quo-

1946 5252 2107 5305 modo
2161 5260 2443 5321 propterea
2489 5250 2725 5318 diligitur
2764 5264 2791 5302 a
2819 5248 3021 5304 Patre?
3064 5250 3273 5305 Caritas
3300 5252 3444 5306 enim
3466 5262 3549 5307 est

1944 5358 2153 5408 eorum,
2199 5358 2319 5412 quae
2348 5358 2414 5395 ex
2443 5340 2604 5393 animi
2651 5340 2917 5394 sententia
2954 5340 3115 5420 lium.
3152 5341 3433 5408 Quomodo
3458 5357 3556 5397 au-

1946 5444 2052 5490 tem
2086 5449 2270 5489 rursus
2288 5436 2353 5487 ait
2390 5433 2585 5487 Paulus
2613 5450 2625 5487 :
2654 5431 2863 5503 Diligite
2895 5434 3131 5499 invicem,
3161 5434 3286 5486 sicut
3309 5444 3356 5486 et
3406 5434 3558 5488 Chri-

1951 5542 2058 5583 stus
2086 5528 2263 5582 dilexit
2286 5545 2396 5593 nos,
2428 5539 2473 5582 et
2500 5528 2709 5581 tradidit
2736 5528 3059 5597 semctipsum
3092 5545 3186 5597 pro
3216 5528 3359 5582 nobis
3385 5526 3550 5599 (Eph.

1946 5623 1998 5675 5.
2031 5620 2116 5690 2)?
2142 5619 2389 5674 Christus
2416 5620 2529 5689 ipse
2560 5634 2767 5683 rursus,
2797 5634 2919 5673 cum
2951 5628 3097 5673 esset
3123 5619 3540 5690 cruciﬁgcndus,

1945 5712 2191 5775 dicebat,
2241 5709 2440 5775 Pater,
2491 5710 2621 5763 canit
2669 5709 2835 5776 hora;
2879 5710 3114 5780 glori/ica
3158 5708 3357 5762 Filium
3410 5720 3553 5764 tuum

1948 5803 2132 5873 (Joau.
2164 5807 2247 5860 17.
2283 5806 2335 5876 1)
2366 5823 2374 5858 :
2409 5804 2633 5874 gloriam
2671 5817 2870 5859 vocans
2922 5816 3157 5858 crucem.
3196 5802 3262 5858 Et
3282 5800 3550 5872 quomodo
