4058 6392
528 335 600 390 55
1275 343 1331 400 S.
1371 341 1650 400 JOANNIS
1686 340 2162 403 CHRYSOSTOMI
2203 342 2517 402 ARCIIIEP.
2559 345 3092 411 CONSTANTINOP.
3760 378 3830 432 ὅσ

531 450 618 507 hic
657 463 889 516 recusat,
919 454 1042 525 illic.
1063 456 1254 526 urget?
1282 455 1520 513 Gloriam
1551 458 1695 514 enim
1722 472 1844 514 esse
1871 470 2113 523 crucem,

488 595 490 597 .
528 542 649 598 audi
689 545 955 614 quomodo
984 557 1207 603 testetur
1228 549 1576 620 evangelista,
1607 550 1791 606 dicens
1822 565 1835 604 :
1871 549 2117 605 Nondum

527 633 660 686 enim
701 644 806 687 erat
846 635 995 689 datus
1025 635 1250 706 Spiritus
1301 649 1507 694 sanctus
1525 680 1542 705 ,
1571 641 1690 709 quia
1715 637 1866 694 Iesus
1891 640 2116 695 nondum

523 732 634 775 erat
660 722 978 793 gloriﬁcatus
1007 725 1145 798 (iId.
1179 729 1232 785 7.
1283 729 1353 785 39
1382 729 1423 800 ).
1470 729 1670 785 Horum
1715 740 1894 786 autem
1923 733 2116 787 verbo-

528 826 647 864 rum
708 809 822 867 hu'c
869 823 952 868 est
994 818 1262 873 sententia
1297 819 1586 875 :Nondum
1628 828 1743 876 erat
1771 819 1892 875 data
1917 823 2111 891 gratia,

521 902 643 970 quia
669 903 904 959 nondum
928 908 1240 963 restiuetum
1256 920 1365 966 erat
1385 912 1478 966 Dei
1499 928 1620 983 erga
1645 911 1889 968 homines
1906 915 2109 980 odium;

521 990 664 1060 quod
697 994 932 1049 nondum
961 996 1210 1053 Christus
1238 1000 1305 1054 ad
1326 1016 1540 1057 crucent
1571 1003 1941 1072 processisset.
1964 1004 2110 1061 Crux

520 1082 664 1136 enim
695 1083 787 1139 Dei
811 1085 1132 1144 in'homiues
1162 1090 1346 1145 odium
1367 1093 1630 1169 restinxit,
1668 1093 1835 1149 Deum
1866 1110 1987 1150 cum
2006 1096 2108 1152 hoc

521 1172 756 1228 minibus
785 1177 1169 1243 reconciliavit,
1199 1186 1397 1235 terram
1419 1182 1608 1237 ca‘lum
1636 1182 1834 1249 effecit,
1863 1184 2109 1243 homines

519 1275 642 1316 cum
671 1264 874 1332 angelis
901 1265 1136 1332 miscuit,
1167 1271 1358 1325 mortis
1383 1286 1562 1328 arcem
1592 1275 2006 1333 munitissimam
2027 1279 2109 1334 di-

519 1351 646 1416 ruit,
678 1350 878 1408 diaboli
917 1355 1061 1412 vires
1098 1359 1396 1426 enervavit,
1429 1364 1637 1431 peccati
1674 1365 1926 1421 virtutem
1955 1367 2106 1423 dele-

518 1441 613 1507 vit,
657 1450 854 1498 terram
899 1445 968 1500 ah
1011 1462 1194 1504 errore
1240 1450 1506 1519 liberavit,
1541 1456 1821 1511 veritatem
1865 1458 2103 1528 reduxit,

514 1531 788 1589 dmmones
814 1537 1038 1604 expulit,
1069 1542 1264 1610 templa
1291 1542 1576 1618 destruxit,
1608 1547 1794 1602 altaria
1820 1551 2102 1619 subvertit,

516 1620 760 1678 nidorem
820 1627 1035 1681 susutlit
1088 1630 1513 1700 sacrificiorum,
1554 1636 1801 1692 virtutem
1857 1639 2102 1709 inseruit,

517 1709 786 1767 Ecclesias
813 1715 1069 1770 fundavit.
1102 1717 1243 1773 Crux
1274 1717 1448 1777 Patris
1471 1725 1740 1791 voluntas,
1765 1727 1884 1783 Filii
1911 1733 2100 1800 gloria,
2148 1758 2155 1768 ε

514 1800 744 1869 Spiritus
777 1804 945 1858 sancti
968 1810 1275 1875 exsultatio,
1314 1811 1466 1867 Pauli
1487 1814 1733 1884 gloriatio
1762 1836 1776 1871 :
1808 1810 1938 1874 Ilihi
1959 1824 2103 1881 enim

512 1890 661 1955 absit,
695 1892 884 1962 inquit,
926 1896 1155 1966 gloriari,
1186 1903 1286 1954 nisi
1312 1903 1363 1956 in
1390 1920 1537 1959 cruce
1565 1906 1772 1962 Domini
1793 1915 1954 1967 nostri
1980 1914 2106 1972 Jesu

515 1973 706 2028 Christi
727 1974 872 2044 (Gal.
907 1978 958 2032 ti.
995 1981 1107 2050 14).
1140 1981 1279 2038 Crux
1307 1987 1422 2041 sole
1439 1988 1653 2059 clarior,
1684 1993 1846 2049 radiis
1870 1998 2106 2066 splendi-

513 2062 635 2117 dior
661 2081 675 2117 :
702 2080 824 2118 cum
851 2066 992 2121 enim
1021 2069 1109 2124 ille
1135 2071 1470 2140 obscuratur,
1495 2086 1604 2132 tum
1638 2081 1735 2134 ista
1759 2062 1922 2154 fulget
1952 2104 1967 2152 ;
1993 2098 2102 2144 tum

515 2168 646 2207 vero
687 2155 768 2210 sol
794 2155 1130 2225 obscuratur,
1162 2176 1268 2217 non
1300 2165 1444 2234 quod
1472 2182 1502 2222 e
1531 2169 1710 2224 medio
1737 2172 1972 2243 tollatur,
2008 2179 2102 2234 sed

513 2242 656 2313 quod
682 2245 855 2302 crucis
884 2248 1170 2317 splendore
1217 2265 1521 2323 superetur.
1548 2258 1690 2314 Crux
1717 2272 1959 2319 nostrum
1985 2267 2103 2322 chi-

516 2334 840 2404 rographum
880 2336 1155 2406 laceravit,
1187 2345 1375 2398 mortis
1403 2360 1676 2404 carcerem
1707 2352 1946 2409 inutilem
1985 2361 2107 2412 red-

515 2422 668 2488 didit,
697 2439 827 2478 crux
855 2425 1049 2481 divina:
1082 2431 1322 2487 caritatis
1371 2435 1649 2491 indicium.
1681 2439 1772 2494 Sic
1796 2445 1928 2496 enim
1970 2444 2106 2504 Deus

514 2511 692 2566 dilexit
730 2515 996 2581 mundum,
1026 2527 1080 2570 ut
1114 2518 1306 2575 Filium
1341 2538 1487 2576 suum
1515 2528 1827 2598 unigenitum
1852 2532 2015 2599 daret,
2050 2547 2106 2591 ut

514 2602 677 2658 omnis
705 2604 793 2672 qui
817 2605 974 2658 credit
1003 2607 1056 2659 in
1082 2608 1247 2677 ipsum
1273 2627 1374 2664 non
1403 2624 1571 2681 pereat
1604 2615 1781 2688 (Ioan.
1807 2620 1860 2675 5.
1897 2623 2010 2694 16).
2039 2626 2105 2681 Et

515 2708 701 2750 rursus
731 2695 950 2764 Paulus,
987 2698 1049 2753 Si
1078 2701 1231 2766 enim,
1263 2718 1380 2758 cum
1402 2705 1596 2761 inimici
1618 2726 1853 2780 essemus,
1879 2719 2105 2770 reconci-

515 2783 628 2846 liati
667 2802 840 2842 sumus
883 2788 993 2843 Deo
1024 2809 1114 2860 per
1157 2805 1363 2849 mortem
1396 2795 1522 2852 Filii
1558 2802 1670 2871 ejus
1696 2803 1871 2874 (Rom.
1901 2807 1952 2863 5.
1987 2810 2102 2882 10).

511 2875 656 2930 Crux
698 2893 880 2933 murus
927 2881 1370 2954 inexpugnabilis,
1397 2899 1605 2944 scutum
1638 2893 1910 2962 invictum,
1946 2914 2104 2955 secu-

513 2964 647 3019 ritas
672 2964 916 3034 divitum,
948 2985 1241 3041 pauperum
1267 2977 1559 3045 opulentia,
1591 2996 1775 3038 corum
1805 2989 1996 3055 quibus
2021 2992 2104 3044 in-

511 3052 664 3109 sidia:
693 3067 944 3125 parantur
968 3066 1445 3133 propugnaculum,
1473 3084 1680 3136 eorum,
1713 3076 1802 3144 qui
1834 3077 1978 3133 bello
2006 3096 2097 3136 ve-

516 3153 732 3210 xantur,
762 3157 1054 3217 armatura,
1086 3153 1871 3231 perturbationumdestructio,
1894 3170 2105 3227 virtutis

514 3233 778 3303 fundatio,
805 3240 1016 3309 signum
1031 3241 1346 3302 admirabile
1374 3263 1439 3304 ac
1453 3253 1799 3322 stupendum.
1829 3256 2100 3316 Generatio

510 3325 657 3381 enim
684 3327 792 3381 ἠως
815 3330 1015 3400 signant
1031 3336 1306 3404 σαπήῃ-ει
1331 3339 1532 3411 signum
1558 3359 1660 3398 non
1686 3347 1890 3403 dabitur
1913 3352 1977 3418 ei,
2004 3355 2103 3409 nisi

509 3415 711 3484 signum
730 3417 880 3509 Iona.-
904 3419 1118 3491 (Matth.
1148 3426 1234 3480 η.
1266 3429 1379 3500 59).
1412 3432 1652 3504 Itemque
1674 3435 1887 3507 Paulus,
1921 3415 2103 3509 Quan-

511 3505 779 3563 doauidem
799 3507 972 3564 Iudici
991 3513 1136 3584 signa
1163 3526 1360 3587 petunt,
1389 3531 1435 3575 et
1449 3521 1617 3578 (ἕνωεί
1638 3505 2102 3603 sapientiamque-

512 3603 653 3660 runt,
698 3612 785 3650 nos
801 3609 970 3653 autem
1008 3605 1349 3671 prtedicamus
1386 3609 1646 3668 Christum
1688 3621 1994 3689 cruciﬁxum
2022 3625 2098 3696 (l.

510 3683 630 3738 Cor.
668 3687 718 3749 1.
755 3687 868 3760 22).
891 3692 1031 3748 Crux
1063 3699 1368 3764 paradisum
1413 3711 1671 3761 reseravlt
1702 3709 1801 3782 (a),
1834 3683 2093 3772 latronem

510 3774 822 3845 introduxit,
850 3796 1020 3851 genus
1048 3785 1360 3858 humanum,
1388 3798 1527 3863 quod
1553 3774 1846 3867 periturum
1871 3815 2006 3872 erat,
2035 3824 2100 3866 ac

511 3878 581 3922 ne
635 3875 772 3920 terra
820 3870 1033 3938 quidem
1077 3873 1314 3945 dignum,
1342 3882 1394 3936 in
1445 3900 1666 3956 regnum
1705 3893 1959 3949 caelorum
1993 3870 2098 3954 ide-

513 3955 684 4011 duxit.
716 3957 881 4013 Tanta
913 3961 1067 4018 nobis
1095 3965 1354 4026 beneﬁcio
1381 3955 1553 4029 crucis
1570 3979 1706 4032 bona
1739 3982 2096 4057 obvenerunt,

509 4053 565 4099 et
590 4047 894 4115 obveniant,
923 4059 978 4106 et
1003 4069 1108 4109 non
1133 4059 1238 4112 vult
1269 4064 1552 4135 eruciligi?
1581 4067 1713 4134 Quis
1745 4071 1867 4140 hoc,
1896 4047 2096 4146 quaeso,

509 4134 743 4190 dixerit?
791 4137 883 4193 Sin
914 4152 1090 4196 autem
1123 4148 1360 4218 nolebat,
1383 4134 1501 4221 quis
1534 4171 1655 4210 eum
1684 4134 1957 4230 cogehat-‘2
1979 4134 2099 4236 quis

512 4226 562 4279 ei
590 4226 694 4281 vim
723 4228 1021 4286 inferebat?
1045 4234 1109 4289 Ut
1137 4239 1260 4306 quid
1276 4253 1453 4297 autem
1485 4253 1538 4298 et
1559 4226 1850 4319 prOphetas
1881 4226 2098 4324 preemi-

509 4317 579 4370 sit
605 4321 981 4378 annuntiantes
1007 4324 1140 4391 fore,
1175 4339 1230 4382 ut
1254 4317 1676 4407 crucifigeretur,
1702 4342 1746 4397 si
1777 4317 2098 4418 crucifigen-

509 4408 610 4463 dus
650 4427 754 4465 non
785 4424 921 4480 erat,
951 4431 1123 4487 neque
1149 4419 1252 4476 hoc
1279 4426 1385 4492 pati
1414 4426 1662 4483 volebat?
1691 4443 1747 4485 ut
1769 4436 1891 4508 quid
1920 4408 2095 4495 autem

510 4509 565 4553 et
589 4501 806 4556 calicem
834 4519 1047 4561 crucem
1081 4521 1254 4578 vocat,
1294 4514 1342 4568 si
1371 4517 1552 4587 utique
1576 4501 1811 4595 cruciﬁg‘i
1841 4529 2097 4587 nolebat?

512 4590 616 4644 hoc
643 4593 786 4645 enim
817 4603 901 4648 est
929 4601 1262 4657 ostendentis
1281 4645 1294 4669 ,
1318 4619 1517 4675 quanto
1547 4609 1702 4679 hujus
1728 4590 1805 4670 rei
1833 4619 2096 4681 desiderio

512 4691 801 4735 teneretur.
825 4684 1288 4750 Quemadmodum
1326 4697 1468 4752 enim
1495 4701 1797 4760 sitientibus
1824 4709 1958 4765 calix
1975 4726 2096 4770 sua-

508 4775 590 4828 vis
625 4784 726 4839 cst,
756 4777 832 4829 sic
860 4789 912 4832 et
943 4783 1041 4850 ipsi
1071 4785 1307 4857 crueiligi
1335 4805 1349 4852 ;
1382 4806 1543 4861 quam
1569 4795 1638 4852 ob
1678 4813 1791 4855 rem
1824 4803 1980 4860 etiam
2011 4809 2093 4864 di-

507 4865 660 4920 cehat
681 4909 696 4931 ,
728 4865 992 4927 Desiderio
1021 4874 1302 4933 desideravi
1327 4882 1420 4935 hoc
1458 4889 1644 4955 pascha
1672 4894 1980 4952 manducare
2006 4915 2095 4954 vo-

508 4954 696 5017 biscum
725 4959 874 5028 (Luc.
917 4963 1006 5016 22.
1041 4966 1130 5037 15)
1156 4985 1168 5020 :
1205 4985 1308 5024 non
1337 4954 1478 5043 quod
1507 4976 1609 5032 hoc
1642 4989 1843 5040 temere
1871 4987 2092 5060 diceret,

509 5047 602 5102 sed
628 5050 696 5103 ob
723 5050 860 5106 hanc
898 5070 1135 5128 causam,
1167 5076 1232 5116 eo
1256 5065 1395 5132 quod
1431 5077 1552 5136 post
1581 5087 1854 5143 vesperam
1896 5081 2098 5137 subitu-

511 5153 603 5191 I'US
623 5154 834 5195 crucem
863 5153 1023 5200 θδερι.

579 5231 631 5283 5.
662 5232 845 5285 Contra
866 5236 1129 5295 Anomacos
1147 5253 1193 5296 et
1217 5242 1428 5301 Arianos
1458 5251 1580 5319 agit.
1603 5252 1716 5324 Una
1743 5260 1968 5314 voluntas
1989 5261 2097 5316 Pa—

509 5319 598 5372 tris
622 5330 667 5372 et
699 5319 838 5375 Filii.
863 5324 1103 5383 Doctrina
1127 5332 1189 5386 de
1206 5331 1565 5394 Incarnationc
1589 5319 1792 5399 Christi.
1815 5380 1880 5387 -«
1898 5350 1946 5406 ιδ
1970 5367 2098 5425 ergo

511 5413 600 5475 qui
627 5412 784 5467 etiam
813 5417 1032 5484 gloriam
1068 5440 1178 5478 rem
1211 5426 1364 5482 istam
1390 5434 1619 5500 appellat
1645 5479 1657 5500 ,
1688 5451 1738 5491 et
1779 5412 2094 5512 discipulina

511 5514 750 5571 increpat
776 5549 788 5571 ,
814 5523 878 5558 eo
903 5514 1042 5579 quod
1074 5516 1241 5584 ipsmn
1273 5522 1583 5591 prohibeat,
1618 5540 1666 5582 et
1701 5531 1891 5587 bonum
1921 5550 2094 5606 pasto-

514 5606 626 5646 rem
647 5610 711 5649 cx
746 5597 844 5652 hoc
872 5616 928 5655 se
957 5607 1224 5675 ostendit,
1253 5613 1393 5682 quod
1425 5634 1517 5684 pro
1540 5621 1724 5675 ovibus
1755 5628 1861 5680 suis
1888 5631 2095 5685 occida—

572 5703 646 5769 (η)
683 5707 762 5758 ttic
786 5707 917 5761 locus
942 5717 1112 5773 citetur
1137 5721 1184 5770 in
1202 5725 1408 5778 Concilio
1433 5736 1576 5781 sexto
1603 5749 1754 5785 acuit;
1772 5754 1915 5791 :zuce.

2231 465 2335 522 tur,
2358 471 2523 528 seque
2551 458 2818 518 desiderio
2840 463 3147 523 desiderare
3173 466 3312 527 hanc
3339 486 3454 529 rem
3481 475 3646 547 dicit,
3675 491 3733 537 et
3759 489 3827 538 ad

2227 547 2330 604 hoc
2367 560 2558 620 sponte
2608 554 2773 618 venit,
2820 558 3090 625 quomodo
3131 571 3313 633 rogat,
3339 574 3396 620 ut
3418 564 3520 624 hoc
3544 585 3649 626 non
3681 576 3771 627 tiat
3803 575 3829 628 ?

2224 638 2377 704 Quod
2413 641 2456 692 si
2488 642 2702 697 nolebat
2721 685 2735 709 ,
2766 661 2891 700 num
2919 646 3134 704 diflicile
3178 650 3278 708 fuit
3303 654 3372 709 ad
3399 655 3502 713 hoc
3545 662 3824 718 venientes

2224 728 2732 797 prohibereiNunc
2783 745 2960 792 autem
3005 738 3186 805 vides,
3233 757 3355 798 eum
3396 747 3462 802 ad
3512 741 3652 806 hanc
3705 766 3818 806 rem

2223 818 2381 871 etiam
2408 833 2711 878 accurrere.
2743 825 2898 881 Certe
2923 842 3044 882 cum
3077 830 3130 883 in
3153 830 3324 900 ipsum
3355 835 3620 893 irruerent
3645 839 3814 904 dixit,

2225 905 2384 972 Quem
2428 911 2654 976 quaritis
2684 913 2709 966 .’
2737 914 2806 968 At
2836 916 2907 970 illi
2937 918 3158 988 dicunt,
3189 919 3388 977 Iesum.
3437 927 3500 982 Et
3554 930 3628 984 ait
3671 931 3815 996 illis,

2219 995 2355 1051 Ecce
2377 1014 2470 1068 ego
2497 1017 2646 1068 sunt;
2679 1015 2725 1057 et
2751 1006 2981 1061 abierunt
3010 1019 3312 1080 retrorsum,
3346 1031 3408 1068 ac
3439 1021 3723 1074 ceciderunt
3765 1023 3817 1075 in

2217 1096 2405 1142 terram
2435 1089 2616 1160 (Joan.
2646 1095 2732 1149 l8.
2755 1094 2833 1163 6).
2865 1096 2998 1153 Cum
3041 1099 3200 1171 igitur
3228 1119 3323 1158 eos
3362 1107 3509 1174 prius
3542 1126 3816 1166 excucu-

2217 1188 2335 1245 set,
2386 1196 2552 1253 seque
2594 1185 2847 1256 aufugere
2904 1192 3141 1260 potuisse
3192 1197 3552 1266 ostendisset,
3591 1213 3702 1258 tum
3731 1219 3818 1260 se-

2216 1271 2390 1341 ipsum
2418 1276 2668 1343 tradidit,
2693 1287 2753 1332 ut
2775 1280 3036 1352 intelligas
3057 1300 3180 1340 eum
3207 1303 3315 1342 non
3347 1293 3695 1361 necessitate,
3723 1313 3821 1353 ne-

2215 1380 2324 1434 que
2349 1367 2436 1433 vi,
2468 1383 2642 1439 neque
2671 1385 2766 1440 rer
2796 1375 3126 1444 tyrannidem
3173 1379 3491 1438 irruentium
3519 1384 3622 1442 hoc
3645 1393 3816 1446 susti-

2215 1456 2397 1511 nuisse
2427 1458 2720 1528 nolentem,
2738 1463 2833 1517 sed
2857 1465 2995 1519 ultro
3021 1481 3084 1522 ac
3114 1469 3382 1528 volentem
3409 1484 3464 1528 et
3493 1477 3813 1550 eligentem,

2213 1562 2279 1602 ac
2318 1549 2486 1604 multo
2532 1551 2660 1606 ante
2697 1553 2777 1609 sic
2832 1555 3252 1627 dispensantem.
3300 1560 3505 1620 Idcirco
3536 1549 3818 1641 propheta:

2215 1639 2693 1710 praemittebantur,
2723 1653 2777 1699 et
2818 1646 3136 1714 patriarcha:
3167 1639 3568 1723 prmdicebant,
3597 1639 3654 1736 et
3683 1677 3821 1719 crux

2215 1730 2392 1785 verbis
2408 1731 2564 1786 simul
2587 1748 2652 1788 ac
2673 1734 2832 1790 rebus
2853 1738 3311 1809 praefigurahatur.
3336 1733 3627 1816 Siquidem
3643 1751 3815 1811 lsaaci

2214 1821 2465 1875 mactatio
2495 1836 2707 1878 erucem
2744 1824 2898 1880 nobis
2923 1826 3272 1899 designabat,
3306 1836 3446 1891 unde
3474 1847 3528 1892 et
3549 1838 3766 1899 dicebat
3800 1865 3814 1900 :

2216 1910 2471 1966 Abraham
2504 1904 2647 1983 pater
2674 1926 2833 1971 vester
2850 1919 3118 1973 multavit
3145 1931 3200 1974 ut
3229 1924 3413 1980 videret
3441 1928 3575 1984 diem
3600 1949 3770 1988 meum
3797 1979 3814 2004 ,

2214 2011 2263 2056 et
2289 2005 2448 2072 ridit,
2495 2015 2544 2060 et
2584 2008 2785 2078 gavisus
2825 2019 2900 2063 est
2946 2013 2968 2081 (
2998 2010 3082 2066 Id.
3108 2013 3161 2069 8.
3209 2016 3278 2071 56
3304 2015 3347 2088 ).
3391 2018 3535 2092 Ergo
3585 2028 3818 2094 patriar-

2212 2096 2311 2149 cha
2336 2096 2551 2165 quidem
2592 2098 2804 2166 gavisus
2830 2109 2945 2167 est,
2975 2118 3097 2158 cum
3139 2105 3422 2177 imaginem
3454 2117 3630 2170 crucis
3661 2117 3818 2174 vide-

2215 2193 2314 2249 ret,
2350 2185 2463 2255 ipse
2489 2201 2618 2242 vero
2645 2203 2757 2243 rem
2782 2189 2950 2260 ipsam
2979 2205 3190 2250 recusat
3213 2198 3236 2250 ?
3259 2197 3323 2252 Et
3343 2216 3472 2256 vero
3501 2203 3714 2275 Moyses
3735 2210 3819 2265 sic

2213 2276 2433 2332 Amalec
2459 2281 2760 2347 superavit,
2807 2282 2929 2350 quia
2979 2284 3201 2353 liguram
3245 2291 3422 2345 crucis
3452 2296 3685 2352 ostendit
3715 2317 3730 2354 :
3759 2310 3819 2356 et

2213 2375 2461 2421 sexcenta
2483 2366 2743 2435 ejusmodi
2771 2369 2823 2422 in
2845 2372 3010 2426 veteri
3033 2372 3380 2434 Testamento
3403 2381 3652 2452 leguntur
3669 2390 3818 2443 acci-

2213 2456 2377 2519 disse,
2410 2472 2530 2526 qu:e
2554 2471 2767 2512 crucem
2816 2461 3250 2532 prceligurabant.
3285 2468 3354 2524 Ut
3377 2473 3504 2541 quid
3537 2474 3700 2544 igitur
3737 2481 3818 2535 .ta

2213 2546 2435 2610 ﬁebant,
2469 2547 2512 2601 si
2537 2547 2582 2601 is
2602 2548 2690 2617 qui
2721 2563 2933 2604 erucem
2956 2563 3072 2607 erat
3097 2558 3391 2627 subiturus,
3423 2563 3524 2619 hoc
3546 2565 3660 2622 fieri
3708 2587 3815 2626 no-

2213 2637 2350 2692 lebat
2381 2637 2406 2690 ?
2434 2637 2490 2692 ld
2513 2653 2642 2692 vero
2666 2639 2807 2709 quod
2834 2644 3097 2712 sequitur,
3125 2647 3301 2704 adhuc
3316 2661 3400 2707 est
3416 2656 3687 2725 esplicatu
3708 2659 3816 2716 dif-

2213 2729 2422 2786 ﬁcilius.
2449 2734 2582 2790 Cum
2613 2738 2755 2793 enim
2783 2738 3044 2827 dixisset,
3074 2744 3318 2802 Transeo:
3346 2767 3378 2802 a
3402 2768 3480 2806 me
3503 2755 3640 2809 calix
3675 2758 3772 2812 iste
3796 2798 3818 2827 ,

2212 2824 2453 2880 addidit:
2487 2817 2844 2886 Verunttamcri
2884 2851 2983 2888 non
3030 2837 3157 2890 sicut
3184 2856 3274 2910 ego
3300 2841 3441 2908 volo,
3474 2846 3566 2899 sed
3591 2849 3724 2901 sicut
3753 2817 3816 2905 tt;

2215 2912 2424 2986 (.lfatth.
2451 2915 2543 2971 ‘26.
2568 2918 2769 2989 59).Ex
2795 2921 2896 2978 hoc
2920 2926 3083 2986 enim,
3102 2938 3256 2995 prout
3272 2934 3430 2987 verba
3455 2946 3670 3004 sonant,
3689 2939 3815 2996 dua:

2213 3005 2523 3060 voluntates
2570 3009 2669 3062 sibi
2719 3011 2945 3067 invicem
2991 3019 3274 3073 contrariae
3323 3021 3811 3086 demonstrantur:

2212 3098 2476 3165 siquidem
2519 3100 2674 3156 Pater
2702 3118 2821 3158 eum
2852 3105 2961 3159 vult
2991 3110 3226 3180 cruciligi
3245 3153 3259 3176 ,
3291 3122 3345 3168 at
3374 3115 3487 3183 ipse
3515 3133 3618 3172 non
3652 3121 3766 3176 vult
3793 3139 3809 3175 :

2214 3190 2424 3244 tametsi
2444 3191 2638 3261 ubique
2655 3194 2895 3250 videmus
2916 3197 3102 3253 eadem
3135 3203 3306 3270 ipsum
3331 3220 3452 3260 cum
3472 3207 3630 3264 Patre
3646 3213 3812 3280 velle,

2209 3289 2370 3349 atque
2389 3281 2576 3338 eadem
2605 3286 2823 3376 eligere.
2869 3289 3094 3356 Quando
3121 3294 3262 3348 enim
3289 3295 3452 3363 dicit,
3481 3299 3562 3355 Da
3595 3303 3668 3357 eis
3690 3344 3707 3370 ,
3755 3316 3814 3358 ut

2208 3373 2631 3442 quemadmodum
2659 3373 2749 3448 ego
2777 3390 2825 3432 et
2847 3390 2900 3433 tu
2929 3398 3085 3434 unum
3115 3400 3316 3451 sumus,
3348 3398 3395 3440 et
3420 3389 3520 3458 ipsi
3558 3393 3609 3446 in
3661 3395 3810 3450 nobis

2209 3477 2370 3515 unum
2393 3465 2491 3517 sint
2527 3464 2705 3536 (Joau.
2733 3469 2819 3522 l7.
2851 3471 2961 3537 ll),
3004 3471 3133 3526 nihil
3160 3475 3300 3529 aliud
3332 3477 3482 3546 dicit,
3503 3482 3603 3536 nisi
3639 3501 3805 3545 unam

2209 3566 2330 3607 esse
2378 3552 2551 3608 Patris
2587 3563 2642 3610 et
2691 3557 2809 3612 Filii
2866 3560 3216 3617 voluntatem.
3266 3564 3336 3620 Et
3377 3571 3590 3636 quando
3643 3574 3807 3644 dicit,

2221 3642 2379 3698 Verba
2406 3661 2522 3714 qua!
2541 3663 2631 3717 ego
2659 3648 2857 3719 loquor,
2887 3669 2986 3706 non
3007 3669 3096 3722 ego
3122 3656 3302 3726 loquor
3329 3673 3348 3712 :
3377 3657 3534 3713 Pater
3556 3676 3727 3720 autem
3752 3642 3811 3723 in

2207 3749 2285 3785 me
2305 3751 2512 3788 manens
2542 3736 2649 3804 ipse
2671 3739 2794 3806 facit
2824 3738 2931 3792 lucc
2965 3757 3118 3810 opera
3171 3746 3188 3814 (
3217 3744 3302 3800 Id.
3337 3749 3423 3803 14.
3458 3752 3523 3804 l0
3551 3750 3604 3824 ),
3663 3757 3808 3814 istud

2209 3822 2380 3890 ipsum
2421 3824 2742 3882 ostenditur.
2787 3828 2918 3883 Cum
2949 3845 3077 3901 ergo
3105 3833 3264 3902 dicit,
3290 3838 3331 3890 Α
3355 3856 3433 3892 me
3460 3822 3570 3910 ipso
3607 3862 3708 3900 non
3738 3850 3809 3903 lo-

2205 3929 2352 3981 quor,
2380 3925 2424 3967 et
2448 3932 2480 3967 a
2500 3932 2578 3969 me
2595 3917 2705 3987 ipso
2724 3935 2824 3972 non
2847 3921 2954 3973 veni
2999 3922 3019 3991 (
3049 3921 3134 3977 Id.
3166 3927 3217 3978 7.
3237 3927 3305 3981 28
3340 3929 3380 3997 ),
3405 3940 3477 3998 et,
3512 3932 3556 3986 Α
3579 3951 3657 3989 me
3690 3938 3807 4008 ipso

2209 4020 2307 4057 non
2342 4023 2548 4075 possum
2588 4010 2860 4081 quidquam
2898 4016 3065 4084 facere
3115 4017 3134 4089 (
3166 4017 3251 4071 Id.
3282 4020 3334 4075 5.
3364 4023 3433 4077 50
3458 4024 3502 4093 ),
3561 4043 3668 4082 non
3703 4030 3807 4088 hoc

2207 4095 2369 4161 dicit,
2400 4107 2455 4152 ut
2485 4101 2732 4156 ostendat
2779 4119 2838 4158 se
2876 4105 2957 4159 vel
3000 4107 3251 4174 quuendi
3299 4111 3382 4166 vel
3429 4115 3654 4172 faciendi
3682 4136 3806 4179 esse

2206 4196 2468 4254 potestate
2508 4192 2771 4260 privatum
2800 4237 2814 4260 ,
2862 4197 3035 4262 absit;
3083 4201 3176 4256 sed
3200 4215 3387 4259 exacte
3408 4208 3590 4264 volens
3621 4223 3805 4269 osten—

2205 4275 2335 4331 dere
2362 4282 2678 4338 concordem
2709 4300 2858 4340 suam
2888 4303 3007 4343 esse
3033 4305 3152 4344 Cllll]
3175 4292 3332 4348 Patre
3352 4302 3671 4356 sententiam
3692 4315 3803 4361 ιειω

2207 4368 2260 4423 in
2291 4372 2488 4438 verbis,
2510 4390 2667 4446 quam
2696 4377 2750 4431 in
2783 4381 2977 4444 rebus;
3000 4390 3055 4436 et
3078 4384 3128 4437 in
3162 4388 3408 4443 omnibus
3437 4390 3803 4461 dispensatio.

2205 4460 2364 4516 nibus
2395 4478 2555 4518 unam
2584 4466 2935 4538 eamdemque
2951 4486 3090 4540 esse,
3117 4475 3254 4529 sicut
3269 4477 3381 4546 jam
3402 4460 3546 4553 saepe
3575 4482 3804 4544 demon-

2205 4553 2510 4608 stravimus.
2541 4555 2670 4610 lllud
2695 4559 2937 4627 enim,A
2985 4579 3062 4618 me
3111 4565 3221 4637 ipso
3272 4586 3374 4624 non
3421 4571 3599 4644 loquor
3653 4580 3800 4648 (Id.

2205 4642 2293 4697 14.
2345 4643 2436 4715 l0)
2459 4685 2473 4710 ,
2506 4661 2613 4702 non
2669 4652 2947 4718 potestatis
2981 4656 3240 4725 privatio,
3273 4661 3368 4716 sed
3397 4642 3692 4723 consensus
3717 4681 3806 4728 est

2204 4733 2471 4804 probatio.
2521 4737 2622 4806 Qui
2674 4740 2732 4794 lit
2777 4741 2955 4812 igitur,
2991 4756 3046 4799 ut
3090 4746 3176 4804 ltic
3226 4751 3395 4815 dicat,
3441 4753 3804 4816 Verumtamen

2204 4843 2304 4880 non
2330 4829 2458 4881 sicut
2483 4846 2572 4901 ego
2595 4834 2726 4899 volo,
2750 4836 2839 4888 sed
2859 4838 2988 4891 sicut
3017 4847 3068 4891 tu
3112 4840 3320 4909 (Matth.
3346 4844 3436 4900 26.
3463 4849 3552 4919 59)
3574 4851 3596 4901 ?
3617 4844 3822 4909 Forsi-i

2204 4927 2292 4971 tau
2322 4920 2373 4974 in
2400 4922 2616 4977 multam
2645 4927 2964 4983 anxietatem
2995 4947 3088 4985 vos
3109 4935 3437 5000 coniecimus
3457 4980 3473 5004 ,
3504 4941 3597 4994 sed
3618 4952 3798 4999 atten-

2203 5009 2313 5064 dite
2339 5011 2574 5066 animum
2605 5029 2617 5064 :
2652 5015 2777 5069 licet
2817 5019 2959 5072 enim
2988 5024 3242 5090 prolixior
3286 5027 3448 5082 fuerit
3490 5043 3670 5088 Sermo
3703 5050 3800 5090 no-

2204 5107 2335 5167 ster,
2364 5101 2544 5171 vigere
2563 5113 2740 5159 tamen
2771 5117 2929 5176 atque
2950 5109 3258 5168 adolescere
3284 5127 3582 5173 vestrorum
3606 5122 3802 5178 alacri-

2206 5199 2364 5244 tatem
2392 5194 2690 5249 animorum
2724 5198 2887 5266 probe
2916 5202 3038 5256 novi
3069 5219 3222 5258 :nam
3251 5206 3317 5260 ad
3348 5208 3516 5277 ipsam
3537 5217 3798 5281 qumstio-

2204 5282 2288 5336 nis
2313 5284 2636 5341 solutionem
2669 5300 2849 5343 nostra
2881 5291 3131 5369 deinceps
3162 5294 3377 5351 festinat
3403 5302 3593 5356 oratio.
3622 5302 3798 5369 Quam

2206 5375 2362 5443 igitur
2381 5379 2449 5433 ob
2470 5395 2682 5434 causam
2712 5383 2780 5436 ita
2809 5364 3006 5439 dictum
3027 5398 3109 5442 est
3137 5389 3160 5440 ‘i
3192 5389 3481 5459 Diligenter
3506 5393 3795 5454 advertite.

2206 5467 2498 5525 Difficulter
2522 5472 2810 5528 admodum
2858 5477 3237 5534 admittebatur
3264 5497 3441 5536 sermo
3471 5484 3799 5543 incarnatio-

2205 5559 2304 5611 nis.
2335 5559 2609 5630 Siquidem
2632 5566 2900 5619 excellens
2927 5568 3040 5637 ejus
3069 5572 3155 5624 illa
3187 5571 3466 5627 clementia
3499 5586 3549 5629 ct
3593 5586 3793 5632 attem-

2204 5651 2491 5717 perationis
2520 5655 2636 5722 ejus
2673 5658 2979 5726 magnitudo
3012 5677 3096 5714 res
3127 5673 3278 5716 erant
3310 5663 3661 5721 admiratione
3708 5670 3794 5722 di-

2204 5742 2509 5812 gnissimw,
2544 5747 2813 5818 multaque
2847 5754 3230 5821 pra-paratione
3252 5796 3264 5820 ,
3297 5767 3350 5810 ut
3396 5758 3788 5826 reciperentur,
