4058 6472
372 388 439 445 ξπ
1070 383 1137 441 IN
1179 382 1407 448 lLLUD,
1450 382 1705 451 parun,
1746 383 1806 446 sx
1845 382 2196 439 possmus
2240 383 2394 453 usr.
2439 386 2835 453 rnaxssn,
2883 367 3051 446 s‘rc.‘
3630 402 3701 459 ss

362 500 691 571 indigebant.
740 499 927 571 Cogita
956 513 1187 568 namque
1209 498 1369 569 quale
1418 496 1547 553 illud
1597 495 1755 552 fuerit
1791 474 1979 554 audire
2089 512 2210 555 eam
2238 497 2575 558 confortasse
2603 498 2891 572 reperitur,
2939 513 2995 561 et
3044 507 3305 574 tristatur,
3360 520 3415 567 et
3474 522 3703 569 maestus

364 606 429 647 ac
466 591 679 648 discere
729 592 897 662 Deum
946 590 1311 659 inell'abilem,
1345 588 1813 659 incorruptibiletn
1834 631 1849 654 ,
1882 590 1976 661 qui

359 698 536 757 neque
605 684 805 754 percipi
879 690 1062 737 mente
1106 690 1340 752 potest,
1396 695 1496 736 nec
1538 680 1709 735 oculis
1782 682 1972 745 cerui,

357 787 459 828 nec
497 774 607 830 ullo
646 773 807 828 modo
856 771 1239 843 comprehendi
1273 812 1290 837 ,
1336 769 1497 841 Cujus
1547 770 1600 824 in
1642 786 1799 823 manu
1855 780 1973 825 sunt

355 867 486 935 fines
541 876 689 921 terra
756 866 949 937 (Psal.
1007 867 1097 923 Μ.
1149 868 1186 922 ι
1208 865 1228 937 )
1252 908 1268 933 ,
1322 865 1421 933 Qui
1468 867 1673 937 respicit
1728 850 1920 920 terram
1951 907 1967 932 ,

353 968 403 1012 et
466 974 579 1013 eam
622 958 903 1029 tremefecit
936 1000 952 1025 ,
1008 960 1095 1029 qui
1135 958 1297 1030 tangit
1342 968 1537 1013 montes
1568 996 1585 1025 ,
1614 967 1662 1013 et
1708 957 1967 1029 fumigant

358 1048 544 1120 (Psal.
585 1050 711 1105 105.
760 1048 891 1123 52),
939 1048 1095 1120 cujus
1136 1048 1600 1119 attemperationis
1629 1058 1964 1104 momentum

352 1156 456 1199 uec
477 1142 592 1213 ipsa
611 1141 902 1199 Gherubim
930 1142 1073 1197 ferre
1104 1148 1412 1211 potuerunt,
1451 1139 1547 1197 sed
1572 1140 1833 1212 oppansis
1861 1139 1964 1195 alis

351 1235 517 1292 [acies
532 1237 907 1302 occultarum;
938 1234 1082 1291 hunc
1106 1235 1197 1307 qui
1227 1245 1466 1291 mentem
1487 1249 1705 1289 omnem
1732 1247 1964 1303 exsupe-

349 1336 467 1394 tat,
521 1342 848 1400 omnemque
893 1328 1060 1383 vineit
1106 1326 1519 1397 cogitationem,
1581 1324 1963 1395 praetermissis

345 1418 559 1490 angelis
575 1459 592 1486 ,
624 1419 961 1491 archangelis
990 1418 1350 1488 omnibusque
1374 1415 1681 1472 caelestibus
1703 1430 1770 1471 ac
1795 1414 1960 1485 spiri-

351 1510 587 1565 tualibus
610 1510 718 1564 illis
749 1510 1057 1577 virtutibus,
1079 1492 1351 1563 hominem
1379 1507 1492 1564 ﬁeri
1516 1504 1792 1577 dignatum
1814 1522 1955 1573 esse,

342 1615 672 1671 carnemque
712 1600 781 1656 de
812 1609 952 1656 terra
987 1607 1042 1656 et
1082 1600 1194 1655 luto
1239 1597 1526 1654 formatam
1556 1597 1914 1669 assumpsisse
1932 1634 1953 1660 ν.

344 1702 508 1764 atque
536 1693 587 1747 in
614 1692 913 1764 virgineum
943 1691 1159 1749 venisse
1188 1701 1398 1747 uterum
1423 1732 1440 1755 ,
1478 1698 1534 1746 et
1572 1705 1775 1745 novem
1796 1704 1954 1745 men-

342 1782 483 1837 sium
509 1782 685 1853 spatio
710 1782 762 1837 in
792 1792 982 1837 ventre
1002 1782 1165 1838 fuisse
1189 1790 1479 1853 gestatum,
1498 1780 1636 1835 lacte
1667 1779 1952 1843 nutritum,-

340 1882 399 1931 et
422 1874 655 1929 humana
676 1883 868 1930 cuncta
898 1875 1177 1930 tolerasse.
1206 1872 1470 1942 Quoniam
1502 1874 1665 1943 igitur
1693 1871 1831 1927 adeo
1852 1869 1952 1925 fuit

340 1967 592 2023 mirabile
617 1968 763 2038 quod
796 1967 1033 2022 futurum
1074 1974 1223 2033 erat,
1273 1976 1329 2021 ut
1380 1966 1542 2021 etiam
1572 1966 1699 2019 dum
1742 1964 1894 2019 ﬁeret
1919 1976 1950 2017 a

340 2062 525 2118 multis
550 2062 773 2117 minime
801 2060 1395 2133 crederetur,.primum
1416 2058 1632 2129 quidem
1662 2057 1949 2127 prophetas

338 2153 406 2209 ad
458 2156 565 2209 hoc
611 2154 785 2225 ipsum
830 2152 1254 2208 annuntiandum
1301 2150 1597 2221 prmmisit,
1646 2158 1809 2219 atque
1846 2146 1950 2203 hoc

336 2241 512 2315 ipsum
561 2244 867 2315 patriarcha
908 2239 1234 2315 praedicebat
1271 2241 1358 2297 his
1401 2241 1580 2296 verbis
1628 2248 1787 2294 utens
1820 2256 1835 2293 :
1871 2236 1950 2292 De
1992 2276 2006 2283 μ

334 2337 561 2407 genuine
603 2335 907 2401 ascendisti,
963 2333 1043 2404 [ili
1088 2334 1190 2396 mi;
1222 2332 1467 2386 recubans
1493 2330 1730 2385 dormisti
1774 2340 1829 2382 ut
1868 2328 1947 2383 leo

334 2425 495 2496 (Gen.
524 2426 617 2481 49.
645 2426 727 2495 9).
758 2426 978 2480 llesaias
1008 2435 1189 2478 autem
1218 2442 1231 2478 :
1264 2423 1398 2477 Ecce
1422 2422 1567 2494 virgo
1606 2422 1658 2474 in
1683 2430 1825 2474 utero
1853 2419 1948 2473 Ita-

332 2516 485 2580 bebit,
510 2526 560 2571 et
577 2518 739 2585 pariet
757 2516 946 2583 ﬁlium,
967 2525 1012 2569 et
1038 2514 1283 2568 vocabunt
1301 2529 1485 2568 nomen
1505 2513 1616 2583 ejus
1639 2509 1947 2564 Emmanuel

330 2605 540 2677 (Hesui.
568 2606 623 2661 7.
657 2606 768 2676 Η).
798 2606 861 2660 Et
881 2605 1006 2660 alibi
1026 2619 1213 2660 rursus
1237 2621 1250 2657 :
1278 2603 1509 2658 Vidimus
1533 2618 1649 2657 eum
1669 2603 1940 2673 infantem,

329 2706 585 2768 tamquam
609 2696 831 2750 radicem
856 2699 909 2749 in
938 2704 1074 2749 terra
1113 2694 1303 2749 sitienti
1347 2692 1550 2765 (Hesai.
1576 2693 1665 2749 55.
1693 2690 1774 2763 2).
1804 2691 1944 2746 Ter-

327 2802 444 2843 ram
472 2802 601 2842 vero
627 2776 897 2842 sitientem
925 2795 1136 2841 uterum
1178 2786 1308 2841 dicit
1331 2785 1630 2855 virgineum
1656 2826 1672 2851 ,
1701 2797 1767 2837 co
1798 2780 1940 2852 quod

326 2878 563 2935 hominis
591 2894 775 2934 semen
806 2894 913 2934 non
936 2877 1265 2947 susceperit,
1294 2892 1470 2948 neque
1510 2876 1713 2933 coitum
1741 2875 1813 2931 sit
1840 2889 1940 2930 ex-

254 2956 257 2959 ’
326 2979 543 3040 pertus,
571 2969 665 3024 sed
697 2969 899 3041 absque
928 2968 1183 3038 eonjugio
1213 2969 1364 3021 illum
1398 2967 1691 3039 pepererit.
1718 2966 1784 3020 Et
1815 2980 1941 3038 rur-.

324 3076 454 3125 sus,
504 3059 645 3115 Puer
695 3073 842 3114 natus
888 3069 962 3115 est
1006 3060 1179 3124 nobis,
1234 3059 1375 3128 ﬁlius
1407 3066 1458 3112 et
1502 3057 1654 3111 datus
1684 3068 1756 3112 est
1796 3057 1939 3113 nobis

326 3151 530 3223 (Hesai.
564 3151 617 3208 9.
646 3151 729 3222 6),
783 3159 840 3207 ct
859 3192 875 3219 ,
904 3151 1207 3224 Egredietur
1227 3151 1370 3222 uirga
1397 3150 1460 3205 de
1485 3149 1659 3203 radice
1686 3148 1863 3213 Iesse,
1890 3159 1938 3204 et

321 3244 420 3314 ﬂos
452 3243 517 3298 de
551 3243 723 3297 radice
752 3244 866 3308 eius
907 3244 1144 3298 ascendet
1171 3241 1323 3315 (Hes.
1356 3243 1445 3297 Η.
1482 3241 1549 3311 l).
1602 3242 1671 3296 Et
1723 3241 1933 3296 Baruch

320 3336 462 3406 apud
480 3335 767 3392 Jeremiam
792 3354 805 3391 :
834 3334 933 3390 Hic
955 3334 1093 3390 Deus
1112 3344 1304 3403 noster,
1323 3351 1425 3388 non
1441 3333 1779 3388 cestimabitur
1796 3334 1932 3387 alius

319 3437 505 3498 preter
535 3445 667 3484 eum.
702 3426 905 3483 Invenit
941 3444 1142 3483 omnem
1167 3428 1305 3482 viam
1330 3426 1655 3498 disciplima,
1707 3436 1753 3480 et
1796 3426 1936 3480 dedit

319 3534 429 3572 eam
451 3518 614 3573 Jacob
641 3536 798 3590 puero
819 3536 935 3585 suo,
967 3528 1015 3572 et
1035 3517 1202 3573 Israel
1224 3519 1406 3572 dilecto
1433 3534 1545 3571 suo.
1574 3516 1702 3572 Post
1743 3518 1851 3571 lucc
1879 3519 1930 3571 in

317 3611 464 3664 terris
491 3612 624 3665 visus
648 3620 752 3678 est,
780 3621 829 3666 et
854 3628 969 3664 cum
998 3610 1284 3664 hominibus
1307 3619 1631 3664 conversatus
1664 3619 1737 3663 est
1778 3609 1927 3683 (Bar.

317 3702 374 3760 3.
406 3702 624 3775 56-38).
673 3704 837 3758 David
864 3705 1029 3759 etiam
1054 3705 1344 3757 adventum
1374 3703 1492 3773 ejus
1515 3703 1567 3757 in
1598 3718 1762 3758 carne
1786 3720 1928 3773 prte-

315 3796 502 3851 dicans
527 3797 601 3851 ait
633 3815 646 3850 :
676 3796 957 3851 Descendet
997 3797 1127 3849 sicut
1175 3795 1348 3866 pluvia
1390 3795 1442 3847 in
1484 3794 1663 3858 vellus,
1710 3803 1755 3847 et
1798 3795 1927 3849 sicut

314 3884 634 3939 stillicidiunt
667 3885 871 3939 stillans
900 3900 1052 3952 super
1092 3893 1279 3938 terram
1321 3883 1495 3954 (Psal.
1544 3885 1632 3938 7i.
1674 3883 1763 3955 6),
1794 3900 1927 3953 quo-

314 3979 457 4034 niam
485 3979 685 4050 absque
706 3978 933 4047 strepitu
963 3980 1013 4031 in
1047 3977 1343 4047 virgineum
1373 3986 1582 4032 uterum
1615 3976 1788 4032 venit.

385 4093 438 4149 ι.
472 4091 728 4157 Marcion,
758 4088 1077 4155 Valentinus,
1121 4099 1168 4143 et
1200 4088 1518 4145 Manicltwus
1546 4088 1923 4142 lncarnationis

311 4183 1036 4257 appugnatoresrefelluntur;
1075 4181 1237 4234 altera
1274 4180 1407 4233 ratio
1446 4196 1536 4233 cur
1584 4180 1843 4249 passiones
1877 4187 1926 4232 et

310 4275 521 4344 allectus
546 4275 779 4331 Christus
805 4275 855 4328 in
887 4290 941 4328 se
967 4271 1430 4344 susceperit—At
1458 4286 1563 4326 non
1596 4270 1922 4325 suffecerunt

312 4369 427 4425 lucc
455 4368 793 4425 solummodo
824 4366 903 4441 (a)
924 4409 940 4434 ,
976 4367 1070 4422 sed
1099 4374 1155 4421 et
1181 4381 1301 4422 cum
1331 4365 1661 4427 advenisset,
1696 4379 1764 4419 ne
1813 4380 1915 4434 pu-

312 4470 514 4516 taretur
537 4475 659 4516 esse
689 4458 1003 4530 phantasma
1029 4456 1173 4528 quod
1198 4455 1379 4523 ﬁebat,
1412 4471 1520 4509 non
1551 4466 1772 4525 aspectu
1803 4455 1917 4508 solo

308 4567 420 4607 rem
448 4551 762 4607 credibilem
794 4548 1005 4615 reddit,
1042 4548 1395 4602 verumetiam
1432 4547 1602 4601 nmlto
1634 4556 1877 4616 tempore
1899 4589 1911 4610 ,

305 4642 556 4714 quodque
594 4658 690 4715 per
712 4642 946 4697 humana
978 4649 1168 4709 cuncta
1199 4641 1530 4696 transiverit.
1560 4639 1744 4710 Neque
1767 4640 1910 4694 enim

304 4748 520 4805 quoquo
546 4733 707 4787 modo
747 4734 797 4786 in
828 4732 1101 4787 hominem
1136 4731 1430 4801 perfectum
1458 4742 1621 4800 atque
1666 4730 1909 4801 comples

304 4833 419 4879 tum
450 4824 613 4888 venit.
645 4823 739 4880 sed
769 4824 821 4877 in
852 4833 1076 4883 uterum.
1112 4820 1332 4892 virginis
1361 4838 1374 4873 :
1399 4821 1477 4875 sic
1530 4829 1588 4874 ut
1636 4822 1797 4875 etiam
1858 4822 1909 4875 in

302 4916 458 4970 vulva
484 4923 811 4986 gestaretur,
860 4923 913 4969 et
944 4923 1157 4984 partum
1200 4914 1511 4975 sustineret,
1545 4921 1601 4967 et
1630 4912 1782 4967 lactis
1807 4912 1909 4965 ali-

304 5018 568 5074 mentum,
600 5018 655 5062 et
682 5008 1097 5071 incrementum,
1128 5021 1192 5061 ac
1223 5022 1318 5076 per
1347 5007 1604 5076 temporis
1632 5006 1906 5075 prolixitao

300 5108 431 5168 tem,
456 5098 802 5169 omniumque
828 5096 1196 5152 diversitatem
1227 5106 1469 5162 aetatum,
1512 5096 1653 5167 quod
1680 5097 1907 5167 gereba-

301 5201 389 5249 tur
409 5190 665 5248 credibile
687 5191 955 5246 redderet.
982 5189 1119 5258 Quin
1144 5206 1210 5244 ne
1234 5189 1335 5245 hac
1356 5189 1569 5259 quidem
1593 5190 1908 5257 probatione

299 5293 585 5340 contentus
617 5280 737 5346 fuit,
766 5282 862 5338 sed
889 5290 943 5336 et
985 5297 1203 5337 carnem
1230 5281 1635 5344 circumferens,
1665 5296 1782 5336 eam
1815 5297 1907 5334 na-

300 5385 431 5431 tura:
462 5375 667 5446 perpeti
690 5373 1009 5429 detrimenta
1044 5374 1329 5443 permittit,
1354 5383 1408 5428 et
1438 5375 1644 5428 esurire
1672 5382 1726 5427 et
1754 5374 1906 5429 sitire

296 5477 352 5522 et
378 5466 613 5523 dormire
650 5474 709 5522 et
748 5466 953 5536 fatigari
987 5484 1000 5519 :
1029 5477 1301 5537 postremo
1358 5467 1519 5521 etiam
1566 5466 1632 5520 ad
1689 5482 1903 5523 crucem

300 5560 524 5615 veniens
559 5558 687 5614 sinit
730 5574 849 5613 eam
880 5573 1001 5627 quae
1039 5558 1221 5613 carnis
1277 5567 1401 5612 sunt
1451 5558 1580 5627 pati.
1613 5558 1905 5627 Pmpterca

296 5665 531 5721 namque
558 5659 614 5705 et
634 5659 796 5720 guttae
820 5649 1033 5704 sudoris
1058 5665 1121 5704 ex
1155 5648 1245 5703 illa
1275 5648 1559 5717 cadebant,
1592 5658 1648 5704 et
1679 5649 1905 5720 angelus

356 5830 431 5894 (a)
478 5830 685 5883 Affertur
707 5832 787 5883 hic
808 5831 946 5885 locus
971 5834 1020 5883 in
1046 5832 1225 5882 eodem
1246 5832 1458 5882 Concilio
1493 5840 1546 5882 γι
1578 5832 1902 5886 ωουωευίοο.

2085 598 2193 663 est.
2214 590 2370 647 Prius
2392 593 2560 658 enim,
2592 611 2754 665 quam
2792 595 2909 653 haec
2956 599 3183 667 diceret,
3214 602 3288 656 ait
3316 618 3331 655 :
3372 604 3559 660 Anima
3586 624 3699 662 mea

2084 682 2286 737 turbata
2306 693 2400 749 est,
2432 686 2666 755 ettristis
2692 698 2763 742 est
2797 706 2957 760 usque
2989 692 3059 746 ad
3088 706 3301 748 mortem
3332 699 3349 765 (
3378 696 3565 752 Matth.
3598 699 3694 757 9.6.

2082 773 2212 845 38).
2260 774 2315 830 Si
2345 778 2489 832 enim
2520 777 2608 833 his
2632 782 2884 837 omnibus
2922 786 3111 853 gestis,
3158 787 3453 857 malignum
3482 804 3545 844 os
3571 790 3693 846 dia-

2079 864 2189 921 boli
2241 882 2338 937 per
2388 867 2716 950 Marcionem
2754 871 3058 941 Ponticum,
3114 885 3170 931 et
3217 875 3583 945 Valentinum,
3638 890 3692 937 et

2077 954 2433 1013 Hanichaaum
2452 959 2694 1043 Persam,
2717 970 2772 1018 et
2790 964 2926 1018 alios
2939 965 3118 1035 plures
3148 966 3418 1024 luet-esum
3438 980 3691 1028 auctores

2077 1062 2383 1133 sermonem
2397 1050 2467 1108 de
2485 1051 2887 1124 dispensatione
2903 1054 2979 1129 (a)
2996 1058 3188 1127 potuit,
3204 1069 3467 1130 quantum
3486 1060 3538 1116 in
3558 1048 3689 1134 ipsis

2077 1146 2216 1207 erat,
2234 1138 2573 1209 subvertere,
2590 1152 2645 1199 et
2662 1146 2955 1201 satanicam
2975 1163 3160 1204 vocem
3172 1150 3371 1220 emisit,
3390 1160 3448 1207 ut
3462 1152 3686 1219 diceret,

2074 1243 2200 1285 eum
2234 1247 2410 1304 neque
2434 1234 2767 1293 incarnatum
2798 1254 2940 1307 esse,
2971 1256 3145 1312 neque
3172 1225 3390 1299 carnem
3418 1246 3683 1316 induisse,

2070 1321 2168 1377 sed
2199 1326 2434 1394 speciem
2468 1328 2518 1382 id
2549 1330 2835 1400 quamdam
2862 1328 3053 1401 luisse,
3084 1333 3427 1407 phantasma,
3458 1340 3686 1397 simula.-
3788 1354 3789 1357 ‘

2073 1413 2271 1471 tionem
2317 1432 2382 1474 ac
2411 1419 2634 1475 mimum
2668 1440 2681 1478 :
2713 1425 2923 1480 tametsi
2970 1427 3272 1497 passiones,
3319 1438 3375 1485 et
3422 1433 3592 1497 mars,
3627 1443 3684 1489 et

2060 1501 2396 1579 sepulcrum,
2433 1508 2488 1568 et
2536 1513 2705 1572 fames
2748 1519 3110 1576 reclamarent
3154 1538 3172 1579 :
3224 1524 3268 1578 si
3323 1509 3458 1579 nihil
3491 1529 3685 1593 horum

2066 1600 2401 1672 contigisset,
2423 1620 2604 1662 nonne
2626 1609 2795 1665 multo
2820 1611 3054 1682 amplius
3073 1614 3321 1672 diabolus
3350 1595 3471 1673 haec
3493 1618 3683 1690 impie-

2068 1694 2190 1744 tatis
2241 1694 2471 1761 pessima
2522 1696 2771 1768 dogmata
2818 1701 3265 1762 disseminasset?
3313 1707 3680 1776 Quamobrem

2063 1782 2466 1859 sicutesurivit,
2490 1789 2631 1845 sicut
2661 1790 2910 1863 fatigatus
2937 1804 3039 1861 est,
3075 1798 3214 1854 sient
3240 1797 3517 1871 dormivit,
3540 1802 3680 1859 sicut

2062 1872 2427 1945 manducavit,
2461 1880 2598 1936 sicut
2640 1883 2792 1949 bibit,
2821 1886 2903 1953 sic
2950 1898 3005 1943 et
3051 1900 3280 1946 mortem
3334 1903 3568 1962 recusat,
3624 1895 3677 1956 id

2060 1965 2209 2032 quod
2246 1976 2329 2022 est
2382 1969 2674 2027 hmnanum
2726 1967 3056 2045 ostendens,
3085 1990 3140 2036 et
3182 1982 3545 2041 inﬁrmitatem
3574 2002 3677 2040 na-

2060 2061 2215 2121 turzr,
2241 2075 2360 2128 qum
2388 2062 2545 2116 avelli
2575 2078 2636 2119 se
2671 2080 2701 2120 a
2732 2071 2983 2136 praesenti
3015 2071 3121 2126 vita
3168 2074 3287 2129 sine
3338 2074 3527 2132 dolore
3566 2092 3674 2133 non

2060 2149 2283 2217 patitur.
2312 2150 2445 2208 Nam
2473 2154 2517 2208 si
2541 2155 2673 2213 nihil
2693 2158 2882 2215 horum
2904 2161 3153 2232 dixisset,
3174 2166 3633 2236 potuissetdicerc
3656 2188 3672 2226 :

2056 2239 2111 2294 Si
2146 2240 2309 2297 homo
2332 2253 2467 2311 erat,
2499 2249 2786 2318 Oportebat
2808 2267 2932 2307 cum
2962 2254 3072 2323 pati
3103 2272 3223 2327 quas
3250 2256 3483 2315 hominis
3522 2272 3669 2317 sunt.

2057 2328 2315 2423 Qumnam
2340 2344 2519 2423 autem
2551 2338 2639 2394 illa
2666 2342 2830 2396 sunt?
2865 2342 2933 2399 Ut
2959 2345 3211 2401 nimirum
3234 2348 3324 2417 qui
3352 2350 3672 2423 crucifigen-

2055 2418 2156 2473 dus
2183 2430 2325 2485 erat,
2356 2422 2677 2483 formidaret
2705 2440 2760 2486 et
2779 2434 2973 2487 anxius
3000 2443 3175 2503 esset,
3200 2434 3306 2493 nec
3335 2440 3453 2496 sine
3480 2418 3674 2498 dolore

2054 2523 2082 2561 a
2114 2515 2368 2580 prmsenti
2403 2516 2511 2572 vita
2552 2519 2905 2589 avelleretur;
2936 2524 3200 2595 siquidem
3245 2527 3436 2585 insitus
3462 2541 3547 2587 est
3568 2548 3667 2587 na-

2056 2609 2190 2657 turae
2219 2619 2375 2661 amor
2421 2612 2767 2679 prmsentium
2798 2629 2815 2669 :
2848 2625 3129 2685 propterea
3156 2632 3277 2674 cum
3310 2636 3498 2679 verum
3542 2639 3667 2681 esse

2052 2696 2230 2750 carnis
2282 2697 2654 2756 indumentum
2686 2704 2848 2761 vellet
2881 2704 3281 2775 ostendere,ac
3299 2700 3664 2785 dispensatio-

2051 2800 2173 2839 nem
2198 2787 2512 2846 credibilem
2547 2792 2795 2861 reddere,
2826 2798 2992 2852 multa
3021 2813 3143 2854 cum
3190 2800 3658 2863 demonstratione

2051 2877 2333 2945 passiones
2376 2880 2520 2951 ipsas
2546 2883 2718 2942 nudas
2744 2891 3043 2959 proposuit.
3068 2891 3135 2947 Et
3161 2897 3276 2950 ha‘c
3314 2897 3531 2966 quidem
3560 2914 3661 2959 una

2048 2978 2128 3022 est
2158 2970 2293 3025 ratio
2320 2989 2335 3025 :
2367 2973 2464 3029 sed
2494 2983 2548 3030 et
2568 2976 2735 3033 altera
2753 2979 2998 3049 quaedam
3027 2994 3110 3039 est
3132 2985 3305 3043 nihilo
3327 2987 3428 3044 ista
3456 2990 3654 3047 minor.

2047 3057 2176 3116 llrec
2202 3078 2447 3132 quzenam
2496 3067 2618 3122 est?
2670 3069 2979 3129 Adveniens
3006 3074 3255 3133 Christus
3288 3080 3506 3136 omnem
3546 3084 3659 3139 vir-

2044 3156 2215 3210 tntem
2265 3152 2512 3211 homines
2562 3156 2760 3232 dooere
2788 3162 3039 3218 volebat:
3070 3175 3123 3220 at
3145 3167 3190 3222 is
3218 3170 3308 3239 qui
3358 3170 3519 3228 docet
3552 3184 3660 3230 non

2046 3240 2213 3335 verbo
2243 3243 2416 3299 solum
2472 3246 2566 3302 sed
2596 3250 2756 3305 etiam
2804 3267 2975 3324 opere
3026 3255 3240 3313 instruit
3273 3277 3285 3312 :
3316 3261 3432 3317 lure
3460 3264 3659 3335 quippe

2044 3329 2282 3389 ductoris
2312 3338 2515 3406 optima
2542 3351 2625 3396 est
2662 3342 2929 3399 doctrina.
2983 3348 3428 3423 Quandoquidem
3460 3329 3653 3427 guber‘

2045 3435 2200 3520 n-ator
2246 3443 2460 3501 quoque
2502 3431 2630 3488 dum
2675 3435 2997 3507 discipulum
3034 3434 3280 3510 collocat,
3341 3463 3448 3517 quo
3501 3461 3659 3520 pacto

2042 3517 2249 3573 clavmn
2292 3531 2503 3591 tractet,
2544 3528 2803 3595 Ostendit,
2858 3543 2908 3585 ct
2934 3532 3092 3587 simul
3122 3537 3274 3606 operi
3306 3517 3530 3595 verbum
3558 3544 3645 3598 ad-

2034 3607 2231 3680 jungit,
2270 3622 2324 3667 et
2368 3631 2541 3685 neque
2570 3618 2805 3689 loquitur
2862 3626 3256 3694 tantummodo,
3312 3646 3485 3702 neque
3512 3635 3661 3689 ‘tana

2041 3704 2319 3759 tummodo
2344 3719 2598 3776 operatur
2632 3728 2645 3764 :
2679 3712 2791 3781 pari
2815 3715 3022 3771 ratione
3062 3732 3182 3773 cum
3215 3722 3647 3783 mediumaddu-

2036 3794 2109 3848 cit
2152 3812 2297 3863 eum,
2330 3816 2487 3868 quem
2519 3802 2586 3857 ad
2618 3807 3003 3864 exstruendum
3043 3802 3254 3867 murum
3286 3814 3649 3874 instructurus

2037 3896 2121 3941 est
2173 3890 2521 3973 architectus,
2549 3893 2707 3950 docet
2758 3896 2905 3953 illum
2939 3915 3123 3970 Opere,
3159 3902 3316 3959 docet
3356 3915 3408 3961 et
3440 3909 3605 3963 verbo
3628 3904 3659 3965 :'

2036 3978 2285 4035 similiter
2305 3993 2359 4037 et
2390 3992 2567 4049 textor
2594 3996 2650 4042 et
2681 3990 2909 4061 phrygio
2952 4001 3005 4046 et
3035 3995 3149 4047 auri
3202 3994 3369 4063 lusor,
3394 4006 3449 4054 et
3493 3999 3645 4056 faber

2033 4073 2257 4128 aerarius
2286 4082 2341 4130 et
2362 4078 2538 4133 omnis
2564 4079 2779 4143 artifex.
2804 4097 2924 4137 cum
2955 4084 3135 4139 verbis
3158 4085 3483 4164 ducentum
3506 4106 3643 4162 ope-

2034 4164 2203 4220 ribus.
2231 4166 2458 4235 Quando
2485 4170 2650 4242 igitur
2675 4182 2728 4227 ct
2758 4172 2873 4243 ipse
2900 4189 2999 4230 nos
3023 4176 3090 4231 ad
3136 4192 3353 4234 omnem
3388 4183 3640 4239 virtutem

2032 4257 2389 4316 instructurus
2415 4261 2657 4333 advenit,
2710 4275 2991 4337 propterea
3018 4278 3072 4324 et
3099 4284 3218 4339 qua:
3246 4270 3487 4329 facienda
3516 4285 3641 4331 sunt

2029 4352 2180 4418 dicit,
2209 4365 2263 4409 et
2290 4356 2402 4425 ipse
2430 4357 2654 4427 peragit.
2689 4357 2790 4423 Qui
2828 4361 2963 4414 enim
2992 4362 3185 4430 fecerit,
3226 4366 3418 4435 inquit,
3472 4379 3519 4422 et
3546 4370 3641 4425 do-

2029 4448 2206 4513 cuerit,
2241 4448 2321 4501 hic
2344 4465 2560 4520 magnus
2589 4451 2848 4505 vocabitur
2873 4451 2926 4506 in
2954 4470 3111 4525 regno
3141 4456 3381 4512 ctelorum
3407 4459 3636 4530 (Matt/1.

2026 4538 2081 4595 5.
2109 4540 2175 4595 l9
2198 4540 2347 4608 ).Sic
2389 4551 2570 4596 autem
2602 4558 2717 4599 rem
2741 4545 2985 4615 expende
3017 4563 3030 4599 :
3057 4546 3285 4605 humiles
3312 4559 3366 4605 ut
3392 4533 3636 4611 essemus

2026 4645 2089 4684 ac
2118 4632 2276 4687 mites
2308 4636 2582 4704 prmcepit,
2616 4642 2673 4690 et
2712 4636 2893 4693 verbis
2918 4636 3101 4693 docuit
3132 4657 3146 4693 :
3184 4640 3304 4697 vide
3347 4658 3455 4714 quo
3478 4658 3636 4713 pacto

2025 4730 2079 4776 et
2105 4721 2267 4776 rebus
2299 4723 2427 4794 ipsis
2455 4724 2542 4779 illa
2592 4724 2854 4782 docuerit.
2883 4727 3019 4783 Cum
3046 4731 3187 4786 enim
3217 4732 3460 4800 dixisset,
3491 4734 3635 4791 Beati

2034 4825 2291 4899 pauperes
2317 4825 2534 4882 spiritu,
2568 4818 2882 4875 beatimites
2899 4816 3322 4891 (Matt/1.5.5.4).
3344 4843 3455 4897 quo
3477 4843 3637 4899 partu

2034 4896 2126 4955 illa
2169 4907 2479 4973 praestanda
2524 4910 2657 4973 sint,
2712 4911 2946 4967 indicat.
2988 4912 3239 4980 Quonam
3282 4933 3414 4988 ergo
3471 4896 3633 4991 pacto

2033 4991 2266 5050 docuit?
2297 4998 2435 5052 Cum
2472 5004 2779 5072 accepisset
2828 5006 3085 5069 lintemn,
3124 5010 3413 5079 praecinxit
3454 5029 3538 5081 se,
3574 5024 3629 5070 et

2033 5082 2167 5139 lavit
2192 5085 2358 5156 pedes
2387 5089 2788 5161 discipulorum
2813 5094 3000 5162 (Joan.
3024 5098 3109 5151 l5.
3138 5097 3192 5153 4.
3225 5096 3299 5167 5).
3324 5099 3467 5165 Quid
3495 5120 3623 5160 cum

2019 5181 2118 5237 hac
2145 5180 2449 5236 humilitate
2490 5181 2721 5237 conferri
2752 5182 2967 5253 potest?
2993 5182 3107 5237 Non
3135 5185 3279 5239 enim
3302 5186 3413 5255 jam
3448 5188 3627 5243 verbis

2018 5282 2223 5328 tantum
2251 5273 2393 5328 illam
2418 5272 2597 5340 docet,
2620 5288 2805 5329 verum
2837 5274 2998 5328 etiam
3025 5275 3297 5344 operibus.
3320 5277 3629 5333 Mansuetu-

2016 5368 2196 5423 dinem
2222 5382 2411 5422 rursus
2438 5376 2493 5422 ct
2526 5367 2837 5438 patientiam
2883 5366 3041 5423 docet
3072 5369 3345 5438 Operibus.
3372 5356 3622 5444 Quonam

2015 5460 2211 5533 pacto?
2238 5462 2402 5531 Alapa
2429 5475 2718 5531 percussus
2741 5471 2823 5515 est
2850 5475 2879 5515 a
2912 5475 3069 5517 servo
3116 5462 3406 5531 pontiﬁcis,
3429 5474 3482 5517 et
3509 5466 3617 5519 ait:

2018 5556 2080 5612 Si
2103 5555 2305 5627 quidem
2349 5555 2484 5609 male
2513 5556 2748 5625 loquutus
2779 5570 2910 5621 sum,
2956 5555 3296 5608 testimonium
3327 5557 3533 5626 perhibe
3562 5557 3623 5610 de
3688 5570 3691 5571 '

2015 5652 2151 5705 malo
2178 5667 2197 5704 :
2226 5651 2268 5706 si
2317 5660 2485 5704 autem
2513 5652 2653 5714 bene,
2680 5649 2803 5719 quid
2839 5664 2917 5701 me
2942 5649 3095 5703 cordis
3130 5647 3316 5721 (Joan.
3356 5649 3436 5705 l8.
3472 5649 3621 5719 2'5)?

2080 5767 2153 5829 (a)
2186 5773 2255 5815 ne
2278 5762 2668 5829 nispensatiene.
2693 5762 2785 5812 hoc
2804 5767 2897 5829 est.
2918 5762 2982 5829 de
3006 5760 3358 5829 incarnatione,
3369 5773 3519 5829 quam
3549 5767 3626 5815 vel

2013 5820 2278 5894 negabant,
2308 5820 2386 5874 vel
2413 5831 2714 5887 przepostere
2741 5839 2823 5887 ex;
2842 5821 3050 5873 lieahant
3075 5822 3293 5873 haeretici
3311 5820 3397 5872 illi.
