4058 6418
476 338 547 397 3O
1192 329 1248 385 S.
1288 323 1567 384 JOANNIS
1603 319 2081 380 CilRYSOSTOMI
2122 318 2446 377 ARClﬂEP.
2487 320 3024 379 CONSTANTINOP.
3707 324 3778 379 Ill

474 457 582 512 f‘ro
622 452 853 508 inimicis
882 462 1035 503 orare
1080 443 1367 516 prtecepit:
1401 454 1585 496 rursus
1613 438 1715 493 hoc
1741 432 1901 492 etiam
1940 449 2067 506 ope-

474 546 623 601 ribus
648 544 806 599 docet
836 560 851 595 :
878 528 1168 595 cum‘cnim
1209 538 1262 589 in
1289 548 1503 588 crucem
1534 530 1883 595 ascendisset,
1907 528 2063 590 dixit,

478 637 654 701 Pater,
686 634 877 689 dimitte
898 632 997 685 illis
1020 646 1155 695 ,‘non
1178 628 1311 681 enim
1332 627 1498 681 sciunt
1532 625 1655 697 quid
1683 620 1920 695 faciunt(
1935 619 2064 674 Luc.

471 726 563 781 25.
587 727 655 779 54
677 725 714 793 ).
740 722 808 778 Ut
839 722 997 790 igitur
1026 718 1277 788 praecepit
1314 724 1373 771 ut
1391 728 1687 779 oraremus,
1736 713 1815 767 sic
1849 716 1906 766 et
1947 714 2071 764 orat

474 819 611 886 ipse,
653 824 812 883 teque
840 811 998 866 docet
1023 824 1201 875 orare,
1239 824 1362 863 cum
1400 823 1499 862 nec
1529 806 1642 876 ipse
1668 802 1971 859 dimittendi
2000 803 2071 856 sit

450 915 735 977 Apo:estate
774 903 1081 959 destitutus.
1115 902 1378 970 Prmcepit
1417 914 1621 965 rursus,
1650 908 1708 951 ut
1744 898 1809 951 iis
1852 895 2070 966 quinos

471 1000 702 1054 oderunt
742 995 1201 1060 benefaceremus,
1253 1008 1315 1046 ac
1353 992 1422 1047 de
1469 991 1570 1045 illis
1608 988 1699 1060 qui
1728 1004 1825 1043 nos
1861 987 2070 1043 calum-

473 1089 691 1145 niantur
723 1088 862 1142 bene
896 1098 1228 1140 mereremur
1261 1079 1486 1153 (Matth.
1506 1080 1558 1135 5.
1584 1081 1651 1135 Η
1672 1079 1691 1148 )
1716 1094 1731 1131 :
1760 1077 1863 1132 hoc
1887 1083 2067 1132 autem

472 1192 639 1248 opere
666 1178 783 1248 ipso
812 1174 1099 1245 complevit
1126 1190 1140 1225 ε
1168 1172 1431 1243 siquidem
1459 1186 1524 1225 ex
1546 1168 1747 1225 Judmis
1792 1168 2068 1223 daemones

471 1268 697 1337 expulit,
729 1283 759 1321 a
791 1266 983 1337 quibus
1008 1272 1290 1334 correptus
1320 1279 1349 1317 a
1381 1262 1627 1317 dmmone
1671 1260 2065 1332 appellabatur,

475 1366 857 1428 persequentes
902 1370 964 1410 se
1010 1354 1290 1410 beneﬁciis
1352 1351 1692 1418 cumulabat,
1750 1351 2070 1405 insidiantes
2108 1370 2126 1391 ν

470 1448 666 1512 alebat,
700 1445 1011 1516 cruciﬁgere
1040 1445 1280 1500 volentes
1323 1443 1390 1497 ad
1444 1458 1665 1512 regnum
1700 1456 1862 1495 manu
1899 1440 2063 1495 duce-

472 1542 581 1595 bat.
619 1540 827 1594 Rursus
870 1538 937 1593 ad
983 1537 1277 1608 discipulos
1316 1536 1567 1591 dicebat:
1600 1533 1777 1589 Nolite
1814 1532 2070 1603 possidere

470 1645 677 1695 aurum,
732 1645 890 1699 neque
944 1638 1229 1699 argentum,
1297 1634 1455 1698 neque
1507 1625 1770 1697 pecuniam
1818 1624 1873 1684 in
1924 1622 2068 1676 sonis

470 1720 889 1792 vestrisUIatth.
918 1722 1005 1776 10.
1035 1721 1105 1789 9)
1133 1761 1146 1785 ,
1180 1730 1238 1773 ut
1278 1720 1343 1773 ad
1374 1727 1742 1790 paupertatem
1776 1717 2021 1771 incitaret
2049 1732 2065 1770 :

471 1812 575 1867 hoc
624 1828 811 1867 rursus
855 1811 1106 1883 operibus
1155 1810 1400 1874 docebat,
1449 1824 1571 1863 cum
1612 1808 1683 1862 ita
1715 1808 2068 1877 loqueretur:

485 1906 668 1975 Vulpes
699 1910 867 1977 foveas
907 1905 1129 1969 habent,
1169 1914 1215 1956 et
1251 1901 1473 1955 volucres
1517 1899 1825 1953 cmlimidos
1852 1914 1870 1952 :
1900 1896 1949 1951 F
1951 1898 2068 1951 ilius

468 2009 638 2052 autem
675 1996 893 2050 hominis
922 2012 1023 2048 non
1074 1994 1219 2046 habet
1260 1992 1343 2046 ubi
1385 2002 1535 2061 caput
1587 1990 1792 2064 reclinet
1839 1987 2065 2059 (Matth.

470 2090 521 2144 8.
552 2088 661 2158 20)
698 2105 711 2141 :
737 2098 909 2157 neque
932 2095 1117 2139 mensa
1145 2084 1219 2137 illi
1242 2093 1380 2148 erat,
1412 2096 1517 2135 non
1541 2080 1755 2145 domus,
1787 2095 1892 2133 non
1924 2072 2068 2132 aliud

470 2180 760 2250 quidpiam
804 2176 1115 2247 ejusmodi:
1163 2190 1269 2228 non
1325 2171 1467 2244 quod
1518 2187 1717 2241 egenus
1769 2180 1933 2235 esset,
1974 2169 2069 2224 sed

469 2273 609 2340 «μιθά
662 2272 905 2325 homines
951 2269 1019 2324 ad
1063 2268 1203 2322 hanc
1247 2264 1595 2320 insistendam
1639 2263 1779 2317 viam
1808 2261 2064 2316 erudit-et.

470 2366 580 2421 llac
633 2364 880 2418 nimirum
931 2361 1138 2416 ratione
1180 2356 1409 2413 docebat
1452 2356 1573 2411 illos
1603 2370 1779 2409 orare.
1814 2353 2071 2408 Dicebant

474 2457 635 2526 igitur
682 2455 802 2508 illi:
853 2452 995 2505 Doce
1042 2466 1133 2503 nos
1182 2463 1329 2501 orare
1365 2445 1529 2517 (Luc.
1581 2446 1668 2501 il.
1726 2441 1816 2515 l).
1865 2443 2069 2498 Idcirco

472 2551 632 2601 etiam
682 2553 819 2609 orat,
852 2552 909 2597 ut
933 2548 989 2597 et
1032 2534 1110 2595 illi
1149 2538 1357 2593 discant
1382 2553 1557 2592 orare.
1588 2532 1697 2591 Sed
1728 2550 1834 2589 non
1864 2541 2069 2589 tantum

470 2654 648 2703 orare,
675 2634 1048 2697 verumetiam,
1078 2645 1182 2701 quo
1206 2639 1360 2699 pacto
1381 2628 1642 2683 deberent
1660 2642 1837 2690 orare,
1862 2625 2070 2680 discere

472 2732 590 2786 illos
623 2726 897 2798 Oportuit:
924 2732 1204 2795 propterea
1250 2733 1444 2790 nempe
1471 2717 1765 2773 tradiditet
1817 2717 1923 2771 illis
1951 2730 2070 2770 ora-

471 2821 672 2874 tionem
704 2818 754 2869 iu
785 2815 899 2869 ha-c
926 2813 1086 2867 verba
1116 2817 1426 2880 conceptam
1456 2825 1469 2861 :
1508 2807 1661 2861 Pater
1685 2816 1873 2871 noster,
1896 2806 1981 2876 qui
2016 2821 2069 2859 es

470 2916 523 2967 in
562 2910 719 2972 ratiis,
770 2907 1109 2975 sancti/icetur
1152 2918 1335 2957 nomen
1363 2909 1525 2954 tuum.
1573 2899 1816 2953 Adveniet
1858 2914 2069 2968 regnum

471 3018 633 3061 tuum.
664 3002 780 3057 Fiat
800 3002 1030 3056 voluntas
1060 3006 1175 3061 tua,
1199 2997 1327 3050 sicut
1363 2994 1413 3047 in
1443 2992 1568 3046 caelo
1589 3002 1634 3045 et
1663 2992 1714 3045 in
1759 3000 1913 3045 terra.
1957 2987 2069 3042 Pa-

471 3115 583 3153 nem
606 3105 835 3149 nostrum
870 3088 1219 3161 quotidianum
1263 3086 1329 3139 da
1365 3084 1507 3139 nobis
1538 3083 1707 3140 hodie.
1758 3081 1823 3135 Et
1874 3080 2071 3139 dimitte

468 3189 611 3244 nobis
651 3186 817 3241 debita
854 3194 1049 3247 nostra,
1073 3182 1199 3233 sicut
1231 3187 1274 3233 et
1309 3195 1400 3231 nos
1437 3173 1738 3229 dimittimus
1760 3172 2071 3231 debitoribus

471 3280 681 3341 nostris.
711 3277 776 3330 Et
803 3292 863 3329 ne
894 3292 984 3328 nos
1006 3272 1215 3327 inducas
1242 3272 1291 3324 in
1316 3265 1681 3337 tentationem(
1713 3257 1793 3320 Ib.
1821 3284 1872 3325 υ.
1903 3269 2066 3340 2-4),

469 3376 572 3430 hoc
627 3382 749 3436 e~t,
804 3373 855 3426 in
911 3368 1224 3439 periculum,
1281 3367 1334 3421 in
1386 3358 1626 3420 insidias.
1654 3362 1879 3434 Quando
1911 3365 2070 3433 igitur

467 3480 626 3519 orare
665 3462 856 3534 jussit,
902 3459 985 3514 Ne
1029 3475 1119 3512 nos
1158 3458 1371 3512 inducas
1421 3455 1472 3509 in
1530 3458 1875 3519 tentationem,
1928 3454 2066 3509 istud

469 3559 645 3627 ipsum
674 3554 849 3624 reipsa
879 3552 1039 3606 docet
1077 3550 1197 3604 illos
1217 3590 1232 3615 ,
1263 3549 1389 3603 dum
1420 3546 1516 3616 ait,
1546 3544 1726 3614 Pater,
1764 3548 1806 3602 si
1832 3547 2069 3618 possibile

465 3657 560 3713 cst,
588 3654 809 3701 transeat
826 3661 857 3697 a
886 3660 963 3697 me
988 3642 1125 3696 calix
1151 3642 1264 3704 istc,
1295 3640 1423 3697 dum
1446 3655 1633 3697 omnes
1650 3649 1865 3693 sanctos
1885 3639 2064 3704 docet,

468 3754 537 3793 uc
558 3736 809 3807 periculis
826 3750 944 3790 sese
969 3733 1244 3803 objiciunt,
1270 3747 1445 3802 neque
1472 3746 1531 3785 se
1553 3729 1857 3799 praccipites
1884 3739 2062 3798 agant,

466 3830 561 3884 sed
591 3826 841 3883 insultum
882 3826 1309 3881 adversariorum
1358 3829 1688 3892 exspectent,
1745 3836 2067 3890 omnemque

467 3918 834 3976 fortitudinem
865 3932 976 3990 pra:
1026 3933 1086 3973 se
1137 3916 1311 3972 ferant
1340 3933 1354 3968 :
1388 3929 1492 3969 non
1523 3924 1699 3967 tamen
1729 3922 1785 3966 ut
1812 3911 1911 3981 ipsi
1945 3928 2067 3981 pro-

466 4012 667 4078 siliant,
716 4023 881 4082 seque
931 4012 1139 4079 priores
1188 4007 1340 4061 malis
1385 4004 1658 4074 objicient.
1691 4003 1827 4069 Quid
1862 4003 1966 4056 ita?
2001 4002 2067 4057 Ut

468 4101 721 4159 nimirum
742 4102 1096 4156 humilitatem
1120 4100 1330 4165 doceat,
1378 4107 1432 4153 et
1458 4113 1607 4181 vana:
1631 4096 1815 4167 gloriae
1840 4096 2065 4151 crimine

466 4194 678 4251 liberet.
711 4194 881 4260 Quam
912 4191 1073 4247 etiam
1100 4190 1169 4245 ob
1189 4204 1402 4244 causam
1426 4189 1511 4242 hic
1533 4202 1767 4257 quoque,
1794 4186 1918 4240 dum
1950 4187 2065 4242 haec

469 4287 699 4352 diceret,
751 4284 955 4348 Abiens,
1011 4279 1368 4351 iuquit,oravit
1419 4277 1639 4349 (Matth.
1689 4277 1781 4331 26.
1839 4276 1965 4345 59),
2012 4286 2066 4331 et

469 4386 753 4448 postquam
802 4384 1027 4439 orasset,
1057 4374 1129 4428 ita
1158 4373 1293 4426 dixit
1343 4371 1635 4440 discipulis,
1684 4367 1806 4423 Non
1836 4370 2066 4439 potuistis

465 4486 569 4522 una
593 4470 718 4522 hora
740 4468 945 4538 vigilare
975 4466 1205 4518 mecum?
1243 4462 1476 4533 Vigilate,
1506 4472 1552 4516 et
1581 4471 1739 4528 orate,
1773 4478 1835 4516 ne
1868 4462 2066 4515 intretis

2177 435 2230 487 in
2265 434 2587 489 tentationem
2618 433 2737 506 (Ib.
2767 453 2815 490 tv.
2840 437 2929 490 40.
2971 437 3031 490 Il
3061 435 3100 505 ).
3136 435 3297 492 Vides
3334 444 3391 492 ut
3442 450 3549 491 non
3591 436 3773 492 solum

2177 534 2317 590 oret,
2366 526 2457 581 sed
2485 527 2644 581 etiam
2698 517 3019 582 admoneat?
3066 526 3294 598 Spiritus
3333 530 3470 585 enim
3509 540 3778 598 promptus

2176 627 2271 682 est,
2319 617 2508 686 inquit,
2558 634 2677 672 caro
2724 628 2891 672 autem
2926 619 3131 688 inﬁrma
3162 612 3340 689 (Ibid.
3404 627 3450 671 υ.
3508 620 3635 691 41).
3663 621 3778 675 lloc

2174 713 2354 759 autem
2397 705 2627 771 dicebat,
2680 716 2735 761 ut
2765 722 2831 761 ex
2872 723 3057 761 eorum
3098 708 3274 762 anima
3323 708 3516 763 fastum
3559 724 3778 764 omnem

2175 798 2487 869 depelleret,
2521 808 2577 853 ut
2600 814 2695 854 eos
2723 803 2971 869 superbia
3004 800 3277 868 liberaret,
3326 800 3558 857 humiles
3588 802 3781 856 redde-

2174 899 2278 955 ret,
2312 905 2374 944 ac
2421 890 2694 949 modestos
2731 890 2987 946 efﬁceret.
3028 892 3184 959 Quod
3225 892 3388 963 igitur
3421 908 3518 948 eos
3570 894 3780 964 precari

2174 983 2370 1039 docere
2400 984 2632 1050 volebat,
2688 984 2791 1040 hoc
2820 994 2875 1040 et
2924 986 3037 1054 ipse
3087 984 3404 1055 precabatur
3446 985 3780 1050 humanitus,

2175 1090 2279 1130 non
2313 1076 2605 1131 secundum
2632 1077 2967 1133 divinitatem
3000 1076 3121 1149 (est
3146 1079 3289 1134 enim
3310 1079 3485 1133 omnis
3510 1081 3784 1150 passionis

2173 1184 2365 1239 expers
2409 1170 2678 1241 Numen),
2710 1171 2805 1227 sed
2836 1172 3123 1227 secundum
3167 1173 3574 1229 humanitatem.
3608 1174 3784 1229 Porro

2176 1271 2233 1315 ut
2255 1276 2358 1315 nos
2384 1277 2541 1317 orare
2562 1262 2798 1330 doceret,
2832 1264 3036 1329 orabat,
3066 1275 3117 1318 et
3144 1278 3357 1335 semper
3371 1274 3616 1336 quarere
3646 1266 3785 1322 libe-

2174 1352 2283 1405 rari
2338 1367 2369 1407 a
2414 1353 2566 1408 malis
2593 1371 2607 1407 :
2636 1356 2777 1424 quod
2810 1354 2853 1409 si
2907 1355 3020 1409 llet'i
3052 1364 3317 1424 nequeat,
3348 1369 3448 1422 eo,
3480 1355 3623 1425 quod
3671 1356 3786 1412 Deo

2144 1431 2346 1497 'visum
2420 1443 2597 1509 fuerit,
2658 1454 2937 1500 contentos
2990 1461 3130 1501 esse.
3192 1445 3482 1516 Propterea
3531 1448 3782 1515 dicebat,

2187 1532 2542 1589 Verumtamen
2575 1554 2672 1590 non
2726 1538 2852 1591 sicut
2890 1554 2981 1608 ego
3018 1538 3152 1603 volo,
3193 1538 3282 1591 sed
3323 1539 3451 1592 sicut
3475 1546 3528 1593 tu
3555 1538 3782 1609 (Matth.

2173 1624 2265 1678 26.
2295 1625 2397 1695 59)
2429 1644 2441 1679 :
2472 1642 2577 1679 non
2602 1626 2743 1697 quod
2775 1628 2874 1681 alia
2917 1627 3162 1681 voluntas
3210 1627 3326 1697 ejus
3366 1636 3530 1694 esset,
3580 1639 3635 1684 et
3677 1622 3785 1687 alia

2176 1716 2382 1781 Patris;
2413 1717 2507 1773 sed
2540 1727 2596 1771 ut
2652 1718 2895 1773 homines
2943 1717 3185 1785 doceret,
3229 1720 3474 1789 quamvis
3528 1730 3784 1785 a‘stuent,

2173 1811 2416 1880 quamvis
2485 1819 2757 1876 tremant,
2829 1814 3072 1881 quamvis
3130 1812 3364 1880 pericula
3421 1813 3786 1879 immineant,

2174 1899 2420 1973 quamvis
2470 1900 2538 1956 ab
2584 1902 2684 1956 hac
2732 1901 2835 1955 vita
2880 1903 3047 1956 nolint
3096 1902 3276 1969 avelli,
3330 1904 3559 1973 propria:
3603 1913 3787 1961 tamen

2174 1993 2432 2048 voluntati
2488 1992 2579 2049 Dei
2651 1996 2902 2064 prmferre
2963 1994 3290 2048 voluntatem
3341 2011 3354 2070 ξ
3403 1994 3546 2065 quod
3601 1999 3789 2067 utique

2176 2084 2372 2140 Paulus
2430 2085 2653 2141 edoctus
2699 2102 2879 2156 agere,
2934 2095 3220 2155 utrumque
3268 2101 3433 2155 opere
3486 2090 3787 2159 praestitit:

2178 2177 2300 2229 nam
2331 2185 2384 2230 et
2433 2178 2749 2230 tentationes
2775 2192 2801 2230 a
2830 2192 2887 2231 se
2920 2176 3205 2245 postulavit
3254 2180 3512 2245 amoveri,
3544 2186 3665 2234 c‘um
3714 2178 3788 2236 ita

2174 2264 2380 2320 diceret
2412 2285 2423 2319 :
2453 2263 2670 2337 Propter
2712 2269 2849 2339 quod
2896 2278 2968 2321 ter
2998 2266 3279 2324 Dominum
3307 2273 3482 2342 rogavi
3527 2272 3613 2342 (2.
3662 2273 3786 2326 Cor.

2176 2354 2261 2408 12.
2288 2354 2358 2425 8)
2388 2371 2400 2408 :
2429 2364 2484 2410 et
2524 2356 2777 2425 quoniam
2828 2358 2940 2412 Deo
2970 2359 3141 2415 viSum
3191 2376 3297 2415 non
3330 2365 3432 2427 est,
3467 2361 3659 2431 inquit,
3693 2350 3789 2415 Id-

2174 2451 2308 2504 circo
2334 2448 2534 2519 placide
2561 2452 2822 2522 acquiesco
2848 2454 2901 2510 in
2928 2454 3333 2522 inﬁrmitatibus,
3362 2458 3413 2509 in
3437 2454 3786 2523 contumeliis,

2174 2541 2227 2592 in
2272 2543 2739 2611 persequuti'onibus
2777 2541 2892 2617 (Ib.
2922 2564 2971 2601 υ.
3001 2546 3125 2618 l0).
3160 2546 3321 2600 Forte
3346 2563 3475 2603 vero
3517 2550 3625 2603 non
3651 2551 3789 2604 satis

2176 2642 2418 2698 apertum
2441 2640 2543 2695 est,
2571 2635 2718 2705 quod
2736 2635 2930 2691 dicitur
2956 2654 2969 2690 :
3003 2637 3180 2707 itaque
3208 2638 3540 2693 manifestius
3572 2654 3602 2692 a
3627 2639 3790 2695 nobis

2176 2718 2450 2773 reddetur.
2506 2714 2686 2779 Multis
2738 2726 3085 2781 obsidebatur
3134 2730 3386 2796 periculis
3433 2727 3671 2790 Paulus.
3730 2743 3788 2788 et

2173 2810 2383 2880 orabat,
2402 2823 2470 2869 ue
2488 2812 2739 2884 periculis
2754 2816 3098 2885 objiceretur.
3121 2817 3339 2872 Audivit
3364 2835 3491 2890 ergo
3507 2820 3785 2876 Christum

2172 2898 2439 2958 dicentem
2470 2922 2481 2958 :
2517 2903 2712 2975 Sufﬁcit
2743 2907 2831 2959 tibi
2855 2907 3021 2976 gratia
3042 2924 3151 2961 mea
3176 2924 3193 2961 :
3230 2908 3385 2962 virtus
3411 2911 3545 2966 enim
3593 2928 3705 2965 mea
3731 2914 3787 2966 in

2174 2990 2470 3063 inﬁrmitate
2520 2997 2782 3065 perﬁcitur
2830 2996 2949 3067 (Ib.
3000 3006 3045 3051 υ.
3094 2998 3188 3068 9).
3245 2999 3535 3071 Postquam
3586 3003 3783 3073 igitur,

2176 3102 2423 3157 quamam
2456 3096 2600 3143 esset
2630 3088 2721 3143 Dei
2753 3090 3015 3155 voluntas,
3042 3094 3278 3162 agnovit,
3308 3103 3419 3148 tum
3443 3096 3781 3153 voluntatem

2175 3192 2327 3233 suam
2344 3179 2598 3249 deinceps
2620 3180 2712 3235 Dei
2733 3170 2992 3237 voluntati
3010 3183 3257 3252 subjecit.
3290 3172 3415 3241 Hac
3441 3187 3599 3257 igitur
3631 3198 3781 3242 utra-

2174 3284 2279 3340 que
2297 3285 2391 3340 per
2408 3272 2705 3325 orationem
2732 3272 2887 3327 istam
2909 3273 3112 3340 docuit,
3144 3283 3199 3329 ut
3227 3292 3398 3345 neque
3412 3270 3664 3346 periculis
3682 3296 3782 3336 nos

2174 3359 2507 3428 objiciamus,
2534 3362 2627 3417 sed
2672 3370 2725 3418 et
2754 3378 2973 3419 oremus
2999 3382 3067 3419 ne
3104 3366 3156 3419 in
3201 3376 3265 3421 ea
3317 3368 3614 3423 incidamus
3649 3388 3662 3424 :
3696 3370 3781 3426 sin

2173 3461 2351 3505 autem
2402 3460 2502 3506 no's
2529 3450 2843 3519 invaserint,
2893 3470 2955 3509 ea
2992 3458 3259 3527 patienter
3286 3456 3537 3523 feramus,
3563 3474 3624 3513 ac
3657 3476 3782 3531 pro-

2174 3544 2305 3615 pria:
2330 3546 2593 3600 voluntati
2624 3546 2715 3602 Dei
2740 3548 3068 3604 voluntatem
3102 3545 3470 3619 pra-feramus.
3499 3551 3632 3620 Qum
3653 3569 3780 3609 cum

2174 3636 2243 3691 ita
2296 3636 2451 3691 nobis
2500 3633 2771 3707 explorata
2827 3640 2955 3703 sint,
2996 3656 3230 3707 oremus,
3285 3652 3339 3695 ut
3393 3659 3683 3713 numquam
3725 3648 3781 3702 in

2176 3730 2522 3783 tentatiouetn
2557 3731 2817 3785 intremus
2844 3749 2857 3785 :
2889 3733 3031 3803 quod
3086 3734 3129 3788 si
3185 3735 3508 3806 quandoque
3538 3738 3779 3794 intrave-

2172 3820 2361 3885 rimus,
2398 3821 2562 3875 Deum
2586 3835 2884 3889 precemur,
2917 3832 2977 3877 ut
3007 3820 3162 3878 nobis
3184 3827 3492 3893 patientiam
3527 3837 3583 3882 et
3626 3828 3781 3884 forti-

2174 3909 2411 3964 tudinem
2450 3911 2723 3981 largiatur,
2749 3904 3022 3983 ipsiusque
3050 3914 3374 3970 voluntatem
3406 3919 3549 3971 oluni
3579 3928 3781 3974 nostrae

2172 4002 2430 4056 voluntati
2462 4004 2829 4073 praeferamus.
2875 4002 2963 4060 Sic
3008 4004 3151 4060 enim
3185 4006 3295 4072 lict,
3329 4009 3389 4061 ut
3427 4008 3589 4063 vitam
3637 4026 3780 4081 prte-

2170 4104 2379 4150 sentcm
2405 4109 2526 4149 cum
2566 4097 2853 4151 securitate
2882 4098 3259 4168 transigamus,
3314 4108 3370 4154 et
3420 4098 3595 4154 futura
3637 4102 3778 4157 bona

2171 4197 2600 4257 consequamur:
2628 4204 2855 4257 quormn
2898 4203 2995 4243 uos
3014 4201 3292 4259 compotes
3324 4191 3438 4245 fieri
3478 4193 3775 4263 contingat,

2171 4277 2338 4348 gratia
2368 4288 2421 4333 et
2454 4279 2779 4349 benignitate
2808 4280 3016 4333 Domini
3058 4282 3224 4335 nostri
3251 4280 3374 4337 Iesu
3401 4281 3621 4347 Christi,
3651 4298 3776 4339 cum

2171 4385 2277 4438 quo
2296 4370 2461 4435 Patri,
2479 4387 2579 4426 una
2597 4387 2719 4425 cum
2733 4372 2931 4441 Spiritu
2950 4381 3135 4427 sancto
3152 4374 3341 4442 gloria,
3359 4374 3663 4442 imperium,
3685 4376 3779 4429 ho-

2175 4473 2296 4526 nor,
2321 4475 2460 4516 nunc
2491 4472 2542 4515 et
2568 4478 2799 4533 semper,
2820 4472 2873 4518 et
2902 4463 2954 4517 iu
2987 4466 3181 4519 sarcula
3204 4466 3542 4521 saeculorum.
3576 4467 3774 4521 Amen.

1591 4952 1669 5010 ΙΝ
1711 4954 2136 5016 CONCIONEM
2185 4944 2639 5030 SEQUENTEM

569 5154 802 5212 Homilia
834 5157 900 5211 de
937 5154 1176 5231 Angusta
1212 5166 1367 5231 porta
1416 5166 1467 5215 et
1510 5157 1576 5216 de
1610 5156 1867 5218 Oratione
1908 5158 2184 5219 Dominica
2230 5161 2431 5221 nullam
2482 5180 2591 5238 prae
2632 5180 2689 5224 se
2729 5163 2838 5223 fett
2878 5175 3086 5236 nosam,-
3117 5180 3177 5226 ex
3217 5182 3324 5240 qua
3360 5168 3442 5227 vel
3477 5178 3740 5244 tempatis

497 5268 788 5340 cal'ulum,
826 5278 903 5331 vel
941 5278 1042 5332 loci
1077 5279 1128 5331 in
1159 5293 1268 5347 quo
1301 5278 1481 5332 habita
1527 5289 1609 5333 est
1652 5291 2030 5349 argumentum
2058 5281 2259 5337 ducere
2310 5286 2603 5353 possimus.
2657 5284 2768 5341 Iloc
2816 5303 2983 5341 unum
3020 5298 3171 5341 certo
3221 5289 3401 5343 dicere
3441 5292 3590 5354 licet,
3615 5308 3739 5347 eam

494 5386 888 5456 Chrysostomo
924 5390 1135 5458 dignam
1165 5406 1304 5453 esse,
1346 5392 1574 5462 ejusque
1601 5393 1723 5463 styli
1757 5403 1990 5449 tesseras
2031 5396 2082 5448 iu
2115 5410 2177 5449 ea
2210 5412 2316 5449 nou
2354 5399 2548 5452 dubias
2576 5400 2923 5468 deprehendi,
2951 5408 3109 5458 secus
3144 5420 3307 5473 quam
3339 5408 3599 5476 Opinatur
3635 5407 3744 5460 lla-

499 5500 665 5555 lesius
694 5503 746 5554 in
773 5504 913 5557 notis
938 5501 1225 5559 Saviliauis
1258 5522 1309 5575 p.
1342 5507 1467 5569 725,
1499 5508 1591 5577 qui
1637 5509 1988 5574 pronuntiare
2028 5518 2194 5566 ausus
2232 5522 2316 5566 cst
2340 5556 2352 5577 ,
2389 5522 2577 5567 contra
2621 5516 2869 5582 opusculi
2906 5518 3235 5588 γνησιότητα
3271 5534 3333 5572 ex
3373 5520 3496 5589 styli
3541 5536 3743 5589 genere

496 5617 784 5686 scrupulos
811 5617 964 5671 oriri.
998 5616 1103 5671 Nos
1131 5630 1319 5672 coutra
1353 5636 1461 5673 non
1506 5620 1703 5691 stylqu
1741 5623 1902 5675 modo
1935 5625 2330 5695 Chrysostomi,
2365 5637 2551 5696 tropos
2575 5638 2628 5682 et
2660 5630 2853 5683 orandi
2891 5634 3110 5688 modum
3157 5634 3244 5689 hic
3281 5635 3612 5701 invenimus,
3644 5638 3741 5693 sed

494 5730 655 5786 etiam
689 5732 806 5787 loca
840 5733 959 5787 aliis
987 5733 1359 5804 Chrysostomi
1395 5737 1555 5793 dictis
1581 5753 1844 5809 perquam
1876 5740 2072 5795 similia
2099 5758 2113 5807 ;
2146 5753 2203 5795 ut
2235 5753 2315 5799 est
2342 5744 2470 5799 illud
2500 5761 2649 5801 num.
2675 5747 2730 5815 Ξ,
2762 5746 2852 5803 ubi
2888 5749 2954 5805 de
2990 5752 3237 5822 corporis
3274 5756 3494 5811 humani
3522 5758 3735 5815 constl-
