4058 6398
259 363 322 420 ﬂ
959 364 1048 423 os
1091 361 1419 420 ANGUSTA
1453 357 1707 424 mura,
1748 357 1835 411 ΕΤ
1879 357 1943 413 IN
1981 352 2383 410 flltA‘l‘lONEM
2428 347 2830 408 sesumam.
3462 338 3530 394 te

412 575 1768 602 ww

2095 574 2433 588 *υ*

234 882 318 924 ne
365 876 792 924 INSTITUBNDA
835 873 1180 921 sseannust
1226 872 1403 915 nsunt
1476 869 1644 921 νισι-Α,
1694 866 1773 909 ετ
1830 862 1893 906 IN
1951 856 2168 912 ILLUD,
2225 855 2511 899 ANGUSTA
2570 856 2688 899 ss'r
2758 854 2961 899 parm
3031 838 3299 920 (Matth.
3329 840 3392 901 '1.
3429 838 3560 921 η),

965 975 1133 1017 ΕΙ·Οά
1182 973 1339 1017 ιτωι
1374 965 1757 1014 EXPUCATIO
1800 955 2167 1010 ouutoms,
2213 955 2420 999 Pun
2463 954 2705 999 rtosrnu
2748 936 2863 1019 (α).

308 1198 359 1254 l.
390 1197 581 1254 Omnis
605 1195 897 1267 Scriptura:
922 1192 1179 1249 divinitus
1214 1189 1485 1259 inspirata:
1522 1184 1681 1242 lectio
1717 1178 1834 1236 ani-

232 1304 384 1345 mum
415 1287 791 1343 adhibentibus
818 1286 919 1356 piae
948 1283 1225 1354 religionis
1256 1279 1500 1334 n0titiam
1521 1274 1678 1331 affert
1707 1287 1835 1327 :ve-

233 1379 475 1437 neranda
509 1390 690 1435 autem
718 1377 1116 1449 evangeliorum
1139 1372 1415 1443 Scriptura
1445 1364 1835 1441 praestantiori-

233 1472 340 1527 bus
371 1470 709 1526 documentis
742 1468 992 1525 excellit:
1016 1482 1138 1538 quas
1179 1464 1325 1521 enim
1366 1463 1419 1517 in
1453 1475 1518 1516 ea
1543 1457 1837 1514 eu‘eruntur

230 1559 401 1627 dicta,
428 1560 667 1630 supremi
710 1557 873 1630 Regis
910 1566 1036 1613 sunt
1076 1555 1313 1611 oracula.
1356 1550 1717 1621 Quamobrem
1745 1547 1833 1613 iis.

228 1653 323 1723 qui
348 1650 491 1706 dicta
518 1651 635 1721 ejus
660 1658 907 1706 accurate
928 1664 1031 1703 non
1055 1646 1412 1709 observarint,
1442 1640 1701 1698 horribile
1730 1638 1834 1693 im-

232 1741 436 1813 pendet
462 1739 867 1811 supplicinm.Si
894 1739 1038 1794 enim
1066 1738 1132 1803 is,
1156 1737 1247 1807 qui
1266 1746 1602 1791 terrenorum
1634 1728 1833 1800 princi-

232 1851 363 1905 pum
433 1834 581 1905 leges
648 1832 1059 1903 transgreditur,
1124 1827 1550 1899 indeprecabiles
1614 1823 1837 1881 omnino

229 1942 423 1998 paruas
460 1926 570 1981 luet
603 1943 615 1978 :
645 1933 849 1996 quanto
873 1924 1043 1994 magis
1068 1922 1158 1993 qui
1186 1920 1420 1977 ca-lestis
1447 1917 1662 1974 Domini
1686 1916 1837 1986 jussa

229 2018 535 2084 detrectat,
583 2015 939 2072 intolerandis
978 2013 1305 2070 cruciatibus
1354 2009 1654 2066 afficietur?
1700 2006 1835 2075 Quia

229 2110 396 2180 igitur
435 2123 689 2179 magnum
727 2116 811 2162 est
856 2106 1074 2161 incuriae
1120 2104 1440 2175 periculmn,
1474 2116 1683 2156 summa
1712 2114 1836 2154 eum

227 2200 505 2269 diligentia
532 2198 752 2269 jamjam
780 2197 933 2253 lectis
962 2195 1324 2251 attendamus.
1351 2193 1482 2260 Quae
1507 2200 1632 2246 sunt
1655 2198 1836 2245 autem

229 2290 359 2344 illa?
390 2289 619 2360 Angusta
645 2296 738 2351 est,
770 2286 963 2358 inquit,
996 2294 1166 2357 parta,
1191 2296 1237 2340 et
1254 2293 1398 2338 arcta
1424 2285 1530 2349 οἱα,
1558 2298 1675 2355 qute
1698 2281 1838 2335 ducit

228 2381 302 2435 ad
339 2381 492 2434 vitam
524 2395 543 2434 :
571 2388 619 2434 et
662 2379 814 2449 pauci
858 2377 1119 2432 insaniunt
1162 2393 1275 2430 eam
1302 2374 1516 2448 (Matth.
1538 2374 1593 2440 7,
1628 2374 1741 2444 14.)
1771 2373 1839 2428 Ει

229 2487 424 2529 rursus
452 2471 623 2526 :Lata
657 2480 728 2525 est
774 2479 941 2541 porta,
970 2477 1017 2524 et
1060 2469 1287 2538 spatiosa
1327 2467 1427 2531 uia,
1450 2481 1565 2538 qua
1602 2464 1741 2519 ducit
1768 2466 1837 2518 ad

231 2561 568 2631 perditionem
590 2601 607 2626 ,
634 2568 683 2614 et
704 2556 851 2613 multi
872 2566 991 2613 sunt
1014 2556 1101 2626 qui
1123 2562 1384 2611 transeunt
1423 2570 1512 2625 per
1545 2568 1676 2608 eam.
1724 2549 1833 2621 (Ib.

227 2666 279 2706 υ.
317 2652 432 2721 l5.)

302 2742 547 2814 Corporis
598 2758 721 2797 cura
756 2740 917 2795 animi
962 2755 1100 2795 cura
1138 2736 1509 2810 pastpouenda.
1532 2765 1604 2778 ——
1632 2735 1836 2793 Horum

227 2852 333 2908 ego
364 2836 617 2906 frequens
642 2833 855 2889 auditor
886 2833 1201 2896 verborum,
1226 2831 1611 2901 hominumque
1662 2828 1837 2884 studia

226 2941 463 2984 cernens
490 2926 738 2980 inanibus
764 2925 819 2979 in
846 2924 1009 2979 rebus
1036 2923 1229 2993 posita,
1261 2922 1525 2977 dictorum
1554 2921 1835 2977 veritatem

226 3019 582 3074 vehementer
608 3016 868 3072 admiror.
896 3014 1098 3071 Omnes
1126 3013 1327 3083 quippe
1356 3013 1407 3067 in
1434 3012 1541 3066 lata
1584 3010 1837 3082 gradiun-

229 3106 321 3163 tur
340 3110 446 3172 via,
468 3122 659 3163 omnes
680 3106 844 3162 rebus
866 3100 1073 3160 inhiant
1104 3103 1478 3174 prresentibus,
1509 3101 1838 3156 futurorum-

227 3216 336 3272 que
367 3199 748 3269 cogitationem
771 3212 1061 3268 numquam
1081 3195 1407 3263 suscipiunt;
1432 3194 1526 3249 sed
1553 3193 1618 3248 ad
1641 3207 1837 3263 corpo-

228 3307 355 3348 reas
395 3292 695 3359 voluptates
739 3304 862 3343 cum
921 3288 1123 3357 impetu
1187 3284 1510 3355 assidueque
1569 3283 1834 3348 feruntur,

229 3383 443 3439 animas
471 3396 598 3437 vero
619 3395 746 3435 suas
772 3380 957 3434 sinunt
986 3377 1130 3433 fame
1160 3378 1578 3440 contabescere;
1605 3390 1838 3445 cumque

229 3473 531 3529 innumeris
579 3472 818 3543 quotidie
854 3469 1165 3525 vulneribus
1204 3468 1603 3532 confodiantur,
1646 3484 1835 3525 eorum

229 3566 283 3621 in
315 3565 511 3635 quibus
531 3572 815 3619 versantur
834 3562 1097 3618 malorum
1128 3562 1332 3616 nullum
1362 3560 1561 3615 habent
1584 3574 1833 3615 sensum:

229 3672 296 3711 ac
319 3656 413 3727 qui
444 3656 494 3709 in
524 3655 799 3725 corporeis
816 3653 1223 3724 :egritudinibus
1249 3652 1316 3707 ad
1348 3652 1587 3708 medicos
1614 3652 1834 3718 adeunt,

229 3749 378 3817 ipsos
415 3746 635 3801 doumm
672 3754 929 3811 evocant,
957 3745 1453 3814 amplissimamque
1496 3745 1603 3798 illis
1628 3759 1837 3799 merce-

226 3841 354 3895 dem
382 3838 707 3903 retribuunt,
734 3836 1074 3891 tolerantiam
1104 3852 1234 3892 vero
1260 3851 1525 3891 summam
1554 3835 1832 3898 exhibent,

229 3944 287 3989 et
316 3933 650 3987 curationem
673 3931 938 3985 sustinent
969 3930 1319 3995 laboriosam,
1339 3944 1449 4000 quo
1474 3928 1834 3983 valetudinem

227 4031 635 4094 consequantur
674 4021 954 4091 corporis;
989 4021 1063 4075 illi
1092 4063 1107 4088 ,
1138 4020 1387 4090 inquam,
1418 4020 1561 4075 male
1589 4020 1833 4075 allectum

228 4118 467 4174 animam
515 4130 737 4187 prorsus
784 4114 1081 4185 negligunl,
1115 4114 1581 4185 expetendamque
1608 4113 1722 4183 ejus
1749 4126 1835 4166 sa-

229 4209 453 4263 nitatem
493 4214 865 4270 contemnunt,
890 4206 1013 4260 licet
1058 4206 1223 4276 probe
1261 4206 1431 4261 sciant
1462 4220 1657 4277 corpus
1687 4220 1835 4259 mor-

230 4301 336 4356 tale
360 4310 415 4355 et
444 4298 775 4367 corruptioni
805 4298 1097 4353 obnoxium
1128 4313 1269 4364 esse,
1297 4296 1585 4367 vernisque
1613 4297 1836 4352 floribus

226 4391 512 4446 consimile
536 4404 549 4441 :
573 4388 792 4458 perinde
812 4389 955 4443 enim
979 4389 1281 4453 marcescit,
1307 4388 1684 4458 exstinguitur,
1714 4403 1838 4442 cor-

230 4482 499 4549 rumpitur
526 4481 794 4543 ;animam
837 4494 968 4534 vero
1017 4479 1418 4533 immortalitate
1444 4479 1745 4549 praeditam,
1781 4487 1836 4534 et

227 4574 296 4630 ad
324 4574 610 4645 imaginem
646 4574 741 4628 Dei
773 4572 965 4629 factam
983 4615 997 4638 ,
1028 4572 1113 4627 cui
1141 4572 1451 4627 concredita
1476 4581 1603 4626 sunt
1629 4573 1835 4626 anima-

227 4668 296 4723 lis
326 4666 569 4735 corporis
598 4664 976 4734 gubernacula.
1010 4663 1164 4729 Quod
1198 4664 1343 4719 enim
1373 4673 1456 4717 est
1496 4664 1680 4733 auriga
1712 4680 1833 4717 eur-

230 4759 341 4821 rni,
369 4758 699 4827 gubernator
745 4754 898 4820 navi,
924 4755 1161 4810 musicus
1190 4754 1571 4819 instrumento,
1602 4754 1833 4823 idipsum

228 4852 355 4906 huic
394 4858 611 4905 terreno
654 4846 870 4901 vasculo
912 4860 1033 4901 esse
1082 4846 1314 4900 animam
1360 4847 1613 4915 przecepit
1641 4844 1833 4916 Opifex

226 4944 341 4999 ille.
373 4942 500 4997 ﬂare
527 4941 763 4994 habenas
794 4948 959 5001 tenet,
990 4942 1196 4991 clavum
1230 4938 1558 5001 moderatur,
1592 4950 1647 4993 et
1668 4939 1832 4993 chor-

224 5035 324 5089 das
376 5030 751 5102 pulsatzquod
792 5045 913 5083 cmn
964 5030 1195 5083 scienter
1241 5028 1397 5092 facit,
1450 5031 1831 5085 suaviSsimnm

227 5125 439 5181 virtutis
458 5121 636 5184 reddit
662 5132 982 5177 concentum
1014 5138 1026 5175 :
1059 5136 1181 5175 eum
1211 5130 1388 5175 autem
1430 5122 1516 5176 vel
1565 5124 1836 5177 remiserit

228 5215 531 5283 sonos,.vel
574 5214 863 5269 intenderit
894 5214 1010 5282 plus
1063 5228 1222 5283 quam
1264 5222 1532 5283 oporteat,
1565 5228 1619 5269 et
1661 5226 1832 5271 artem

225 5318 279 5364 et
322 5308 657 5363 harmoniam
702 5304 1003 5359 labefactat.
1037 5304 1204 5375 Hujus
1244 5320 1375 5376 ergo
1415 5308 1608 5361 animae
1649 5322 1832 5362 curam

225 5401 490 5472 abjiciunt
532 5400 682 5454 multi
720 5399 1006 5465 mortales,
1037 5414 1135 5453 nec
1165 5400 1384 5453 minima
1426 5400 1645 5469 quidem
1689 5402 1831 5456 illam

226 5508 355 5548 cura
388 5492 712 5562 dignantur;
745 5494 837 5547 sed
872 5500 1041 5547 totum
1072 5494 1191 5546 vitae
1220 5503 1429 5563 tempus
1460 5495 1512 5547 in
1543 5510 1834 5564 corporeas

226 5582 619 5639 sollicitudines
648 5582 984 5653 impendunt.
1015 5584 1189 5654 Atque
1220 5583 1271 5638 hi
1301 5585 1515 5654 quidem
1557 5586 1833 5643 nauticum

231 5697 367 5812 (0(a)
401 5695 576 5748 collata
616 5710 727 5747 cum
763 5703 870 5747 Mss.
899 5697 1059 5760 Regiis
1088 5697 1204 5748 1964
1230 5705 1283 5749 et
1305 5698 1445 5761 πίε),
1474 5707 1524 5752 et
1556 5702 1835 5755 Colbertino

569 5860 845 5922 Parnm.
896 5862 1010 5921 Gn.
1068 5863 1161 5923 LI.

1701 1089 2105 1109 -.---

1940 1172 2063 1228 vita:
2093 1184 2266 1242 genus
2295 1167 2715 1239 amplectuntur,
2746 1182 2812 1223 ac
2838 1183 2961 1225 cum
3000 1167 3247 1226 ﬂuctibus
3282 1179 3339 1228 et
3378 1175 3557 1228 ventis

1941 1268 2258 1319 concertant
2293 1274 2308 1313 ;
2346 1260 2508 1314 vitam
2558 1268 2897 1329 mortemque
2940 1274 3125 1316 secum
3179 1276 3399 1333 semper
3450 1276 3557 1319 una

1939 1352 2417 1417 circumferentes,
2446 1365 2710 1422 spemque
2736 1351 2926 1409 salutis
2960 1360 3128 1408 totam
3163 1355 3373 1426 exiguis
3410 1371 3563 1411 com-

1951 1446 2229 1500 mittentes
2253 1439 2446 1498 tabulis
2470 1458 2485 1495 :
2507 1438 2580 1497 illi
2602 1442 2945 1514 agriculturae
2970 1443 3203 1501 sudores
3234 1446 3559 1517 suscipiunt,

1941 1535 2111 1592 boves
2138 1542 2319 1589 aratro
2359 1532 2625 1604 jungunt,
2658 1541 2858 1588 terram
2895 1534 3129 1601 sulcant,
3162 1551 3306 1593 nunc
3339 1553 3558 1594 semen-

1942 1634 2051 1681 tem
2095 1625 2325 1696 jaciunt,
2380 1638 2526 1681 nunc
2577 1625 3014 1682 metuntzmodo
3067 1628 3334 1699 plantant,
3396 1631 3563 1687 modo

1942 1720 2227 1777 vindemiae
2243 1718 2376 1775 dant
2394 1734 2650 1789 operam;
2679 1727 2735 1776 et
2763 1719 2865 1775 hac
2890 1720 2945 1775 in
2977 1721 3194 1779 miseria
3217 1732 3387 1779 totum
3419 1734 3561 1781 tem-

1940 1827 2040 1883 pus
2068 1811 2415 1866 emetiuntur.
2461 1810 2567 1866 Alii
2622 1820 2981 1867 mercaturam
3031 1812 3266 1879 adeunt,
3302 1824 3358 1871 et
3398 1831 3459 1873 ea
3492 1818 3561 1873 de

1939 1916 2101 1958 causa
2152 1910 2300 1957 terra
2347 1900 2589 1973 marique
2638 1903 3069 1973 peregrinantur,
3099 1905 3335 1961 alienum
3382 1908 3559 1963 solum

1940 2006 2041 2047 suo
2088 1991 2452 2048 anteferentes
2472 2034 2488 2059 ,
2520 1993 2772 2062 patriam,
2800 2007 2991 2062 genus,
3022 1995 3247 2061 amicos,
3277 1998 3559 2071 eonjnges,

1944 2082 2142 2138 liberos
2163 2081 2493 2153 relinquunt,
2518 2082 2807 2153 exiguique
2825 2082 2959 2138 lucri
2984 2098 3147 2139 causa
3175 2086 3407 2143 libenter
3434 2104 3561 2159 per-

1943 2182 2153 2245 agrant.
2200 2172 2309 2230 Sed
2362 2172 2491 2244 quid
2538 2174 2733 2229 attinet
2783 2183 2929 2230 artes
2968 2189 3161 2231 omnes
3210 2193 3557 2245 enumerare,

1947 2279 2081 2334 quas
2125 2264 2179 2319 in
2212 2278 2366 2333 usum
2408 2263 2656 2335 corporis
2694 2264 2988 2321 commenti
3030 2276 3158 2321 sunt
3203 2266 3475 2339 homines,
3505 2270 3557 2325 in

1940 2357 2138 2428 quibus
2174 2356 2263 2413 die
2308 2364 2579 2428 noctuque
2617 2366 2919 2424 versantes,
2955 2372 3144 2414 curam
3174 2361 3422 2430 corporis
3454 2363 3559 2418 sibi

1940 2447 2263 2518 suscipiunt,
2291 2447 2530 2502 animam
2560 2461 2690 2502 vero
2739 2446 3044 2517 despiciunt
3093 2452 3443 2519 esurientem,
3480 2455 3559 2508 si-

1941 2538 2186 2604 tientem,
2208 2538 2569 2609 squalentem,
2594 2538 2847 2594 sordibus
2868 2539 3145 2608 fmdatam,
3176 2545 3557 2617 sexcentisqne

1939 2633 2193 2705 agitatam
2220 2632 2515 2690 aerumnis?
2536 2631 2805 2690 Cteterum
2833 2644 2955 2705 post
2979 2642 3159 2691 tantos
3185 2636 3308 2692 illos
3332 2637 3560 2695 sudores

1942 2726 2265 2798 laboresque
2315 2727 2551 2783 mortale
2580 2741 2777 2797 corpus
2816 2742 2848 2781 a
2891 2737 3068 2785 morte
3116 2744 3224 2785 non
3261 2730 3557 2797 vindicant,

1940 2820 2289 2892 animamque
2318 2820 2679 2877 immortalem
2710 2835 2834 2876 cum
2852 2821 3067 2878 mortali
3092 2838 3324 2896 corpore
3341 2828 3561 2883 attentis

1941 2914 2223 2983 suppliciis
2250 2912 2563 2986 subjiciunt.

2011 3004 2066 3058 2.
2101 3002 2326 3060 Tantam
2355 3020 2455 3076 ego
2483 3004 2795 3060 mortalium
2818 3005 3016 3062 animis
3045 3006 3273 3065 offusam
3295 3009 3551 3081 ignoran-

1942 3093 2092 3162 tiam,
2123 3096 2571 3166 ingruentemqne
2599 3096 2730 3167 ipsis
2752 3097 2974 3153 densam
3007 3100 3291 3171 caliginem
3320 3101 3553 3171 deﬂens,

1942 3184 2133 3241 vellem
2161 3186 2347 3257 utique
2366 3188 2653 3242 sublimem
2670 3188 2960 3258 quamdam
2989 3191 3230 3261 reperire
3256 3193 3555 3263 speculam,

1942 3293 2061 3347 qua:
2091 3278 2342 3334 universa
2372 3279 2504 3333 mihi
2539 3278 2820 3335 hominum
2863 3263 3059 3352 genera
3105 3284 3279 3339 oculis
3318 3285 3554 3357 subjice-

1943 3378 2024 3423 ret
2045 3386 2057 3423 :
2078 3385 2375 3441 vocemque
2392 3371 2508 3425 dari
2527 3368 2680 3437 mihi,
2702 3388 2822 3441 qua:
2838 3381 3016 3443 posset
3035 3373 3104 3428 ah
3120 3375 3386 3432 universis
3401 3386 3562 3435 terras

1942 3460 2139 3516 finibus
2157 3461 2425 3529 exaudiri,
2462 3470 2520 3516 ut
2548 3461 2860 3516 Davidicum
2888 3464 3039 3519 illum
3073 3479 3264 3521 sonum
3292 3466 3509 3523 ederem
3542 3488 3557 3524 :

1944 3550 2071 3608 Filii
2097 3555 2360 3608 hominum
2377 3597 2390 3619 ,
2417 3571 2672 3625 nsquequo
2701 3556 2843 3625 gravi
2886 3557 3087 3612 corde?
3113 3569 3167 3612 ut
3187 3560 3312 3631 quid
3336 3561 3551 3633 diligitis

1940 3645 2249 3711 vanitatem,
2299 3657 2347 3700 et
2390 3647 2616 3715 quan-itis
2661 3647 2983 3700 mendacium
3014 3646 3186 3718 (Psal.
3217 3650 3273 3716 ι,
3304 3651 3396 3721 3)?
3417 3652 3546 3707 dum

1940 3746 2155 3793 terrena
2176 3735 2500 3803 caelestibus,
2530 3744 2635 3791 tem
2647 3752 2881 3807 poranea
2908 3739 3147 3805 azternis,
3179 3741 3550 3811 corruptibilis

1942 3827 2441 3899 incorruptibilibus
2479 3827 2826 3899 anteponitis.
2856 3827 3149 3900 Usquequo
3176 3831 3367 3885 oculos
3404 3833 3557 3887 clau-

1939 3920 2088 3987 ditis,
2115 3935 2275 3975 aures
2306 3919 2591 3983 obturatis,
2621 3920 2972 3991 divinamque
3002 3920 3144 3975 illam
3170 3937 3358 3977 vocem
3376 3925 3558 3993 quoti-

1938 4012 2026 4067 die
2051 4013 2375 4067 elamantem
2408 4028 2513 4066 non
2554 4011 2751 4067 auditis
2786 4028 2801 4065 :
2849 4011 3032 4078 Petite,
3057 4022 3105 4066 et
3142 4013 3350 4069 dabitur
3394 4016 3551 4082 vobis,

1938 4106 2168 4175 quierim,
2188 4115 2235 4158 et
2262 4104 2560 4170 invenietis;
2580 4104 2800 4175 pulsate,
2817 4113 2866 4158 et
2884 4104 3146 4175 aperietur
3166 4106 3304 4160 vobis
3327 4106 3547 4177 (Matth.

1940 4197 1993 4261 7,
2027 4196 2121 4267 7)?
2155 4194 2335 4250 Omnis
2358 4195 2490 4249 enim
2517 4197 2606 4259 qui
2636 4194 2777 4264 petit.
2807 4194 3034 4264 accipit;
3056 4204 3103 4248 et
3123 4196 3211 4263 qui
3236 4197 3441 4265 quaerit,
3472 4198 3554 4251 iu-

1938 4288 2093 4351 venit,
2116 4296 2160 4339 et
2183 4286 2409 4356 pulsanti
2429 4286 2685 4355 aperietur
2706 4283 2813 4357 (Ib.
2843 4301 2892 4339 υ.
2964 4285 3047 4356 8).
3080 4284 3214 4353 Quia
3242 4302 3372 4341 vero
3415 4304 3555 4344 non-

1942 4380 2074 4433 nulli
2106 4378 2538 4448 imperlectiorcs
2563 4386 2710 4442 sunt,
2739 4386 2793 4432 et
2814 4376 2880 4431 ad
2906 4376 3189 4433 saecularia
3221 4380 3407 4450 proni,
3432 4396 3552 4437 car-

1941 4469 2261 4539 nalibusque
2316 4467 2732 4537 cogitationibus
2785 4467 3103 4538 indulgent,
3156 4485 3261 4525 non
3329 4488 3395 4527 ea
3443 4490 3549 4545 qua

1940 4567 2217 4629 Oporterct
2275 4559 2486 4613 ratione
2536 4573 2725 4629 preces
2774 4559 3214 4617 adhibent:ideo
3251 4570 3557 4621 communis

1939 4651 2181 4706 omnium
2206 4651 2465 4705 Dominus
2493 4651 2746 4721 precandi
2783 4651 2938 4707 nobis
2960 4651 3188 4707 formam
3223 4658 3554 4728 prmscripsit

1940 4741 2127 4797 dicens
2169 4760 2182 4795 :
2233 4740 2450 4797 Orantes
2489 4752 2681 4810 autem,
2729 4742 2890 4798 nolite
2932 4746 3148 4797 multaut
3198 4748 3374 4816 loqui,
3422 4751 3555 4805 sicut
3590 4811 3599 4815 _

1939 4837 2127 4890 ctltnici
2153 4852 2171 4890 :
2195 4846 2375 4905 putant
2402 4837 2558 4901 enim,
2586 4836 2724 4907 quod
2759 4836 2812 4890 in
2858 4837 3182 4909 multiloquio
3216 4842 3555 4896 exaudientur

1942 4929 2157 5001 (Matth.
2186 4929 2239 4985 6.
2270 4930 2327 4998 7)
2358 4948 2369 4983 :
2395 4930 2789 4999 multiloquium
2814 4946 3013 4985 vocans
3046 4909 3375 5000 futilitatein,
3406 4939 3543 4992 tnul~

1940 5022 2168 5077 titudinc
2216 5024 2502 5078 verborum
2546 5022 2955 5087 redundantem,
2992 5024 3329 5097 utilitateque
3356 5043 3549 5084 caren—

1942 5130 2071 5175 tem.

2018 5210 2360 5265 Pulcltritudo
2403 5212 2665 5280 corporis,
2714 5229 2895 5284 resque
2942 5224 3155 5269 terrente
3200 5235 3352 5285 quant
3399 5223 3559 5289 ﬂuxa:

1939 5303 2061 5357 sint.
2087 5304 2326 5358 Omnium
2355 5304 2669 5373 dispensatio
2707 5304 2818 5360 Deo
2854 5308 3235 5363 committenda.
3264 5340 3332 5351 ——
3356 5312 3557 5370 Subin-

1940 5395 2087 5450 dicat
2134 5397 2295 5467 igitur
2344 5395 2638 5461 Dominus,
2687 5396 2814 5453 dum
2862 5400 3237 5470 mutiloqnium
3284 5405 3556 5473 prohibet,

1948 5501 2055 5541 non
2084 5495 2336 5557 Oportere
2365 5503 2483 5552 eos,
2518 5490 2606 5558 qui
2637 5500 2945 5559 precantur,
2977 5489 3119 5545 ﬂuxa
3151 5502 3205 5547 et
3229 5498 3547 5566 corruptibi-

1947 5578 2013 5631 lia
2075 5577 2348 5647 postulare
2396 5594 2409 5631 :
2468 5595 2573 5631 nun
2625 5580 2870 5649 corporis
2925 5579 3402 5650 pulchritudinem,
3437 5603 3557 5657 qua:

1948 5678 2190 5737 tempore
2232 5670 2545 5734 marcescit,
2578 5678 2631 5724 et
2675 5671 2868 5726 morbo
2914 5670 3286 5739 labefactatur,
3313 5677 3551 5732 demum-

1950 5776 2053 5831 que
2086 5771 2258 5817 morte
2292 5759 2518 5817 deletur.
2553 5761 2697 5817 Talis
2748 5778 2977 5835 namque
3026 5773 3111 5820 est
3154 5768 3396 5838 corporis
3444 5772 3559 5840 pul-

3139 5885 3175 5944 3
