4058 6422
587 353 648 417 t3
1346 353 1402 411 s.
1443 351 1722 410 sums
1757 313 2146 411 CttRYSOS’l‘tl

2271 351 2593 413 ARCHIEP.
2633 354 3172 416 CONSTANTINOP.
3820 367 3884 420 ιι

580 468 851 534 rlnitudo,
903 469 1004 526 llos
1059 469 1277 525 minime
1328 468 1626 532 diuturnus,
1658 467 1748 537 qui
1785 465 2077 553 pauxillum
2109 466 2162 519 in

580 561 880 631 jtht’lllUllS
911 576 1036 617 vere
1075 558 1248 624 llorct,
1280 558 1376 616 sed
1430 558 1579 615 brevi
1630 558 1885 631 temporis
1940 557 2170 614 decursu

581 655 958 723 corrumpitur.
989 652 1045 708 Si
1072 653 1190 723 quis
1216 666 1345 706 vero
1374 649 1725 706 substantiam
1749 649 1862 721 ejus
1889 649 2170 718 explorare

582 745 731 808 velit,
762 752 888 799 tunc
920 744 1068 798 illum
1101 742 1268 815 magis
1298 741 1562 811 despuere
1600 742 1819 813 poterit.
1849 739 1993 794 Nihil
2024 741 2168 794 enim

578 831 724 892 aliud
771 845 874 900 est,
899 847 1057 902 quam
1099 833 1315 904 pituita,
1355 834 1574 904 sanguis
1613 841 1667 888 et
1718 831 1932 898 humor,
1959 830 2170 901 cibique

578 927 750 983 niansi
772 924 978 996 chylus.
999 923 1134 979 llinc
1162 924 1304 979 enim
1332 922 1496 988 oculi,
1528 935 1701 994 gente,
1724 935 1903 986 nares,
1925 920 2136 991 superei
2151 949 2168 960 -

579 1017 672 1080 lia,
700 1015 865 1082 labia,
896 1024 1175 1086 totumque
1202 1028 1401 1087 corpus
1425 1014 1675 1084 irrigatur
1704 1028 1718 1066 :
1748 1026 1867 1084 quae
1891 1012 1935 1067 si
1962 1011 2170 1066 desinat

576 1105 836 1176 irrigatio,
871 1106 956 1165 illa
1003 1104 1193 1183 forma:
1229 1113 1481 1160 venustas
1528 1116 1749 1174 prorsus
1791 1102 2020 1158 desinet.
2052 1101 2166 1158 an

575 1197 921 1268 pecuniarum
967 1197 1266 1262 facultates,
1293 1213 1413 1269 qua:
1455 1210 1712 1268 aquarum
1760 1195 1930 1250 instar
1978 1194 2165 1249 ﬂuvia-

574 1290 704 1347 lium
747 1289 976 1361 inlinunt
1003 1300 1057 1346 et
1090 1290 1352 1355 deﬂuunt,
1383 1299 1438 1346 et
1459 1305 1601 1345 nunc
1628 1288 1696 1344 ad
1723 1288 1902 1357 illum,
1931 1302 2075 1344 nunc
2100 1287 2164 1342 ad

578 1382 735 1438 alium
765 1382 1099 1438 transiliunt:
1124 1397 1242 1454 quae
1283 1395 1648 1452 possessorem
1691 1379 1924 1456 fugiunt,
1945 1390 2000 1436 et
2027 1380 2165 1450 apud

573 1474 632 1529 se
656 1472 935 1544 diligentes
953 1488 1171 1528 manere
1196 1480 1446 1528 recusant
1477 1488 1491 1525 :
1519 1469 1859 1527 insidiatores
1881 1484 2010 1526 vero
2031 1469 2166 1524 mul-

574 1575 657 1620 tos
685 1564 906 1628 habent,
938 1565 1128 1630 tineas,
1159 1563 1324 1629 fures,
1349 1563 1726 1634 sycophantas,
1758 1562 2023 1630 incendia,
2043 1577 2166 1618 nau-

571 1657 759 1729 fragia,
788 1657 1049 1714 bellorum
1078 1657 1349 1723 incursus,
1377 1656 1692 1727 populorum
1725 1656 2034 1723 seditiones,
2068 1653 2164 1710 do-

571 1749 914 1804 mesticorum
955 1747 1221 1819 nequitias
1244 1789 1258 1813 ,
1289 1747 1773 1819 chirographorum
1820 1747 2159 1809 amissiones,

569 1838 651 1894 vel
700 1837 1035 1904 additiones,
1069 1838 1472 1894 imminutiones
1506 1838 1757 1910 :aliaque
1805 1839 1970 1893 multa
1992 1879 2008 1906 ,
2042 1853 2162 1911 quae

569 1931 910 2001 pecuniarum
965 1940 1208 1986 amantes
1247 1929 1504 1985 invadunt
1545 1928 1891 1986 detrimenta.
1918 1929 2036 1986 Non
2075 1930 2162 1984 di-

565 2026 820 2095 gnitatum
849 2025 1161 2094 potemiam,
1195 2039 1315 2094 quas
1343 2032 1398 2077 et
1423 2023 1536 2092 ipsa
1563 2023 1727 2078 multa
1775 2023 1916 2094 parit
1947 2024 2155 2079 incom-

566 2115 754 2180 moda,
805 2115 1221 2170 sollicitudinum
1273 2115 1472 2179 tabem,
1525 2113 1786 2168 insomnia
1833 2115 2155 2185 frequentia,

563 2206 862 2261 invidorum
898 2203 1138 2272 insidias,
1173 2205 1512 2259 inimicorum
1550 2204 2002 2272 machinamenta,
2030 2206 2158 2260 sub-

561 2299 738 2355 dolam
791 2299 1061 2355 rhetorum
1111 2299 1393 2369 argutiam,
1445 2313 1565 2369 quas
1617 2299 1932 2370 compositis
1977 2302 2155 2358 verbis

561 2394 840 2450 veritatem
889 2391 1273 2455 circumvenit,
1311 2389 1683 2461 iudicibusque
1735 2391 1864 2460 ipsis
1903 2407 2150 2463 magnum

563 2484 854 2553 perieulum
897 2492 1065 2540 creat.
1113 2482 1248 2538 Sunt
1294 2485 1460 2547 enim,
1483 2489 1610 2535 sunt
1640 2497 1824 2536 revera
1854 2483 2151 2552 multiloqui

562 2576 662 2629 viri
707 2573 881 2639 multi,
920 2563 1256 2628 et'futilihus
1307 2572 1549 2626 instructi
1598 2571 1806 2638 verbis,
1837 2576 1925 2642 qui
1957 2575 2072 2628 haec
2097 2587 2150 2630 et

557 2663 752 2719 similia
775 2678 804 2717 a
838 2663 946 2717 Deo
969 2663 1339 2716 universorum
1370 2661 1658 2731 postulant,
1689 2677 2002 2732 eorumque,
2029 2680 2148 2733 qua:

557 2769 683 2810 vere
712 2763 832 2809 sunt
864 2754 1023 2818 bona,
1056 2753 1256 2808 nullam
1297 2754 1555 2808 rationem
1584 2751 1801 2808 habent.
1831 2755 1992 2824 Atqui
2029 2769 2145 2809 me-

559 2847 735 2903 dicum
784 2844 1299 2900 medicamentorum
1352 2860 1503 2898 usum
1544 2859 1650 2899 non
1691 2845 1874 2915 a-groti
1924 2845 2142 2913 docent,

553 2937 649 2994 sed
693 2938 767 3004 hi,
800 2939 1146 3007 quantumvis
1163 2937 1332 2991 durus
1378 2936 1742 3007 molestusque
1767 2938 2145 2993 siteurationis

553 3029 766 3094 modus,
808 3044 924 3100 qum
969 3027 1035 3082 ab
1087 3029 1180 3082 illo
1226 3027 1520 3084 offeruntur
1568 3031 1853 3083 sustinent.
1904 3029 2143 3100 Itemque

553 3119 964 3191 gubernatorem
997 3134 1105 3173 non
1130 3131 1372 3174 vectores
1417 3119 1608 3190 jubent
1653 3119 1753 3174 hoc
1794 3119 1953 3174 illove
1984 3121 2143 3176 modo

555 3215 765 3289 clavum
799 3223 981 3268 tenere
1004 3253 1019 3278 ,
1058 3222 1112 3267 et
1156 3215 1328 3267 navim
1368 3212 1636 3284 dirigere;
1663 3211 1755 3268 sed
1805 3211 1856 3268 in
1894 3215 2142 3271 tabulatis

553 3307 836 3371 sedentes,
872 3306 1012 3363 illius
1064 3306 1302 3376 peritiae,
1343 3322 1448 3360 non
1505 3304 1668 3360 modo
1714 3308 1964 3362 secundis
2007 3324 2137 3364 ven-

556 3399 664 3464 tis,
718 3397 814 3451 sed
878 3397 1040 3452 etiam
1104 3406 1351 3451 extremo
1412 3397 1693 3468 ingruente
1745 3398 1981 3468 periculo
2021 3415 2140 3456 sese

549 3491 909 3545 committunt.
986 3482 1093 3544 Uni
1149 3497 1351 3542 tantum
1426 3488 1570 3556 Deo,
1622 3476 1746 3559 qui.
1787 3505 1905 3561 quae
1984 3493 2139 3549 nobis

551 3583 698 3638 utilia
745 3589 1146 3652 oyportunaque
1192 3591 1318 3634 sunt
1367 3588 1612 3635 accurate
1647 3582 1813 3644 novit,
1871 3581 1946 3637 illi
2001 3585 2138 3638 male

551 3672 722 3727 feriati
781 3670 1026 3724 homines
1080 3669 1275 3725 cedere
1340 3672 1628 3736 nesciunt,
1686 3671 1778 3725 sed
1835 3673 2136 3742 perniciosa

553 3765 703 3838 quasi
738 3763 885 3818 utilia
917 3762 1212 3832 postulant,
1240 3761 1459 3833 perinde
1503 3773 1661 3832 atque
1704 3775 1964 3833 mgrotns,
1987 3765 2075 3838 qui
2107 3783 2133 3820 a

526 3847 1088 3925 'medicopetit,'non
1144 3870 1206 3910 ea
1250 3870 1373 3926 qua:
1427 3857 1670 3911 morbum
1725 3856 2011 3927 depellant,
2040 3859 2133 3914 sed

551 3963 668 4016 que
716 3947 993 4002 materiam
1048 3945 1189 3999 illam
1239 3945 1412 4000 morbi
1470 3932 1913 4001 matrem‘alant.
1937 3947 2132 4003 Verum

549 4039 788 4094 medicus
825 4038 1020 4092 intirmi
1050 4053 1238 4108 preces
1270 4053 1374 4092 non
1402 4038 1650 4092 admittit.
1681 4038 1774 4095 sed
1807 4041 2014 4097 etiamsi
2060 4041 2136 4096 la-

548 4138 875 4201 erymantem
914 4128 1381 4198 irigementemque
1433 4128 1633 4196 videat,
1669 4131 1799 4185 artis
1855 4133 2134 4203 przeceptis

548 4221 939 4292 obtemperabit
962 4221 1162 4292 potius,
1191 4237 1350 4291 quam
1383 4221 1526 4276 illius
1553 4221 1799 4277 ﬂectatur
1839 4224 2087 4295 laerymis
2120 4242 2132 4278 :

548 4322 771 4381 tumque
799 4312 993 4366 medici
1021 4311 1507 4382 inobsequentiam,
1538 4327 1641 4366 ron
1671 4313 2133 4381 inhumanitatem,

550 4405 643 4459 ted
701 4403 1086 4456 humanitatem
1133 4417 1407 4456 vocamus.
1443 4402 1640 4458 Ceutra
1691 4419 1820 4458 vero
1859 4406 1902 4458 si
1935 4414 2136 4474 aegroto

548 4509 752 4551 morem
784 4491 1195 4563 gerat,ejusque
1215 4493 1471 4561 voluptati
1503 4493 1849 4563 obsequatur,
1872 4495 2136 4553 hostiliter

547 4600 668 4641 cum
707 4586 800 4640 illo
837 4585 976 4655 agit;
1000 4584 1080 4639 sin
1110 4586 1396 4649 renitatur,
1419 4584 1641 4654 ejusque
1664 4585 2004 4654 cupiditatem
2035 4604 2134 4659 op-

549 4684 773 4747 pugnet,
809 4674 1172 4730 misericordia
1196 4685 1352 4744 atque
1379 4674 1661 4728 clementia
1693 4675 1872 4729 utitur.
1905 4676 1993 4731 Sic
2020 4682 2133 4733 ani-

547 4784 754 4824 marum
796 4780 1094 4821 nostrarum
1126 4766 1398 4833 Medicus,
1426 4782 1542 4834 qua-
1597 4768 1757 4820 noxia
1799 4768 1970 4824 futura
2010 4782 2135 4825 suxit

547 4859 851 4930 petentibus
877 4873 1164 4928 numquam
1191 4856 1417 4912 dederit.
1443 4857 1624 4927 Neque
1646 4859 1785 4912 enim
1807 4871 1989 4929 patres
2013 4875 2134 4929 pro-

551 4955 614 5009 lis
658 4961 903 5007 amantes
933 4950 1054 5005 [iliis
1092 4950 1265 5005 adhuc
1318 4951 1524 5005 tenellis
1568 4951 1771 5020 gladios
1814 4965 1905 5005 aut
1941 4951 2132 5021 ignitus

543 5044 806 5099 carbones
848 5043 1183 5111 petentibus,
1217 5057 1463 5111 umquam
1506 5043 1841 5110 porrexerint
1889 5061 1898 5094 :
1939 5052 2131 5098 norunt

543 5138 686 5192 enim
742 5137 856 5190 hrrc
907 5136 1104 5190 damno
1153 5134 1328 5188 futura
1384 5149 1503 5188 esse
1555 5135 1596 5188 si
1627 5135 1855 5188 dentur:
1891 5135 2130 5188 nonnulli

543 5247 670 5285 vero
717 5232 768 5283 in
824 5238 1116 5282 extremm
1164 5227 1400 5296 prolapsi
1450 5225 1792 5286 dementiam,
1829 5242 1933 5281 non
1973 5227 2132 5281 modo

541 5321 783 5392 corporis
813 5317 1281 5388 pulchritudinem,
1311 5317 1540 5381 divitias,
1575 5306 1864 5386 potintiam
1897 5328 2124 5373 extera-

539 5427 642 5482 que
681 5410 736 5465 id
781 5425 948 5481 genus
989 5410 1056 5463 ab
1107 5409 1479 5464 universorum
1531 5409 1636 5463 Deo
1694 5411 1990 5479 postulant;
2034 5411 2127 5466 sed

543 5504 709 5556 etiam
726 5500 953 5555 inimicis
983 5501 1093 5556 suis
1120 5504 1504 5570 imprecantur,
1534 5502 1782 5568 ipsosque
1807 5503 1977 5570 ptenis
2001 5517 2126 5570 ξιιμ

544 5589 811 5660 plicioque
837 5589 976 5646 affici
1005 5603 1191 5661 rogant
1215 5609 1228 5644 ;
1256 5603 1306 5646 et
1336 5607 1493 5661 quem
1532 5591 1629 5643 sibi
1668 5593 1950 5660 propitium
1982 5593 2129 5646 heni-

543 5698 812 5752 gutturque
843 5697 963 5738 esse
1006 5693 1308 5755 precantur,
1343 5684 1572 5737 inimicis
1596 5683 1851 5736 immitem
1882 5683 2126 5740 inhuma-

545 5793 777 5847 numque
807 5790 928 5831 esse
969 5785 1268 5847 perOptant.
1300 5775 1428 5842 Quae
1456 5778 1632 5832 omnia
1662 5775 1920 5831 Dominus
1959 5781 2128 5850 repri-

2288 482 2435 524 mere
2479 481 2895 539 prteoccupaus,
2924 468 3342 543 multiloquium
3389 480 3530 528 vetat
3556 515 3570 538 ,
3615 471 3882 544 docetque

2283 558 2411 628 quid
2439 560 2510 615 sit
2555 558 2606 613 in
2647 559 2892 614 oratione
2934 558 3218 616 dicendum
3255 580 3267 616 :
3298 576 3362 616 ac
3389 564 3574 633 paucis
3599 565 3781 622 verbis
3808 565 3878 620 ad

2277 665 2492 706 munem
2546 651 2796 706 virtutem
2843 651 3074 707 instituit
3111 669 3125 706 :
3170 653 3257 707 illa
3298 654 3495 726 quippe
3548 656 3715 712 verba
3767 673 3879 712 non

2278 740 2438 796 modo
2494 740 2738 796 doctrina
2793 741 2859 796 ad
2912 742 3238 812 precandum
3282 754 3427 810 sunt,
3459 746 3554 802 sed
3599 748 3763 803 etiam
3809 749 3878 805 ad

2275 831 2567 902 perfectam
2592 834 2754 889 vitam
2779 833 3065 888 institutio.

2347 925 2398 979 5.
2434 921 2612 979 Oratio
2646 923 2902 979 dominica
2925 925 3131 996 ejusque
3159 926 3473 997 explanatio.
3504 957 3576 970 -—
3612 928 3877 997 Quaenam

2274 1023 2450 1070 autem
2479 1015 2564 1070 illa
2597 1016 2724 1081 sint,
2757 1025 2810 1072 et
2840 1015 2962 1086 quis
2990 1030 3180 1071 eorum
3212 1032 3427 1086 sensus,
3455 1018 3876 1091 diligentissime

2275 1106 2642 1176 exquiramus,
2669 1121 2840 1176 eaque
2867 1114 3140 1178 tamquam
3168 1107 3379 1164 divinas
3406 1110 3553 1180 leges
3576 1113 3686 1166 nan
3712 1112 3878 1168 dubi-

2274 1203 2452 1250 tanter
2499 1195 2852 1252 observemus
2891 1214 2903 1250 :
2941 1190 3103 1252 Pater
3146 1212 3335 1266 noster,
3394 1201 3482 1270 qui
3532 1217 3588 1256 es
3636 1204 3692 1258 in
3734 1205 3876 1260 catis

2273 1285 2487 1356 (ﬂatur.
2519 1286 2572 1344 6.
2605 1288 2658 1343 9.
2690 1288 2848 1360 sqq.).
2883 1287 2931 1344 0
2958 1298 3210 1359 quantam
3254 1304 3379 1360 erga
3427 1291 3679 1351 homines
3716 1293 3876 1350 beni-

2271 1379 2526 1449 gnitatem
2549 1380 2560 1435 l
2593 1394 2627 1436 ο
2649 1389 2903 1452 quantam
2923 1380 3204 1452 dignitatis
3223 1383 3628 1441 excellentiam!
3662 1387 3866 1458 Ecquis

2271 1485 2450 1525 sermo
2489 1472 2591 1526 erit
2635 1471 2700 1526 ad
2749 1472 2950 1542 gratias
2995 1481 3267 1528 tantorum
3320 1473 3584 1530 bonorum
3630 1476 3870 1548 largitori

2270 1560 2507 1630 agendas
2545 1561 2717 1616 satis?
2746 1561 3027 1632 Perpende
3049 1605 3062 1630 ,
3095 1562 3324 1630 dilecte,
3355 1572 3459 1620 tua;
3495 1581 3742 1638 meaque
3778 1585 3872 1624 na-

2269 1663 2402 1709 turze
2428 1653 2682 1710 vilitatem
2713 1671 2726 1707 ε
2758 1664 3000 1711 scrutare
3032 1657 3410 1728 cognationem
3433 1700 3450 1726 ,
3483 1667 3716 1726 terram,
3754 1664 3869 1732 pul-

2270 1759 2449 1799 verem
2471 1784 2484 1809 ,
2513 1743 2684 1799 lutum
2706 1786 2721 1809 ,
2764 1744 2989 1802 laterem
3012 1785 3027 1812 ,
3064 1746 3304 1803 cinerem
3329 1762 3344 1800 :
3374 1763 3406 1803 e
3450 1757 3592 1805 terra
3636 1766 3869 1821 namque

2266 1834 2449 1902 efficti,
2482 1835 2534 1891 in
2566 1844 2763 1891 terram
2810 1835 3025 1891 demum
3057 1837 3396 1894 resolvimur.
3428 1839 3522 1895 llis
3560 1843 3868 1912 perpensis,

2267 1929 2639 1985 inscrutabiles
2658 1928 2851 1984 diviute
2868 1944 2994 2000 erga
3017 1945 3113 1985 nos
3141 1931 3481 2001 benignitatis
3501 1931 3720 1989 divitias
3740 1949 3864 1990 cum

2265 2030 2484 2089 stupore
2507 2018 2786 2074 considera
2820 2037 2833 2072 :
2867 2018 3010 2090 quod
3041 2019 3252 2075 Patrem
3278 2021 3427 2076 illum
3460 2037 3656 2078 vocare
3680 2023 3866 2094 jussus

2263 2113 2356 2180 sis,
2395 2122 2642 2168 terrenus
2686 2111 2991 2177 ctelestem,
3025 2113 3268 2167 mortalis
3318 2113 3703 2182 immortalem,
3747 2129 3866 2172 cor-

2263 2201 2527 2271 ruptibilis
2572 2201 3074 2270 incorruptibilem,
3135 2212 3517 2272 temporaneus
3572 2214 3864 2272 aeternum,

2258 2293 2346 2362 qui
2379 2291 2494 2348 heri
2517 2301 2608 2346 aut
2643 2308 2814 2362 nuper
2842 2292 3008 2348 lutum
3052 2308 3194 2359 eras,
3228 2309 3351 2348 eum
3391 2295 3480 2365 qui
3511 2305 3637 2349 ante
3662 2295 3862 2353 sarcula

2261 2382 2404 2437 Deus
2431 2392 2564 2438 erat.
2597 2382 2846 2438 Profecto
2869 2398 2974 2437 non
3008 2382 3075 2437 ad
3109 2383 3252 2438 illam
3282 2383 3478 2439 frustm
3504 2386 3862 2442 emittendam

2257 2490 2441 2531 vocem
2471 2475 2691 2530 edoctus
2714 2490 2772 2530 es
2807 2491 2820 2541 ;
2860 2475 2954 2530 sed
2987 2485 3042 2529 ut
3066 2477 3133 2530 ad
3165 2477 3331 2543 illam,
3362 2492 3524 2547 quam
3555 2479 3736 2549 lingua
3771 2491 3862 2534 tua

2259 2568 2502 2637 protulit,
2533 2567 2704 2621 Patris
2729 2568 3168 2638 appellationem,
3200 2571 3499 2625 reverentia
3530 2580 3858 2637 commotus,

2255 2661 2371 2730 ejus
2397 2661 2779 2731 benignitatem
2821 2660 3561 2731 imiteris:quemadmodum
3609 2664 3736 2718 alibi
3771 2662 3861 2717 di-

2252 2752 2324 2805 cit
2353 2768 2365 2804 :
2395 2751 2571 2805 Estote
2612 2752 2799 2806 similes
2847 2750 3024 2804 Patris
3065 2752 3217 2806 vestri
3234 2793 3246 2815 ,
3277 2753 3362 2821 qui
3402 2755 3455 2806 in
3485 2756 3622 2807 cretis
3648 2763 3739 2817 est,
3769 2756 3864 2823 qui

2252 2840 2409 2894 solem
2431 2859 2574 2894 suum
2603 2842 2725 2895 oriri
2745 2843 2870 2914 facit
2898 2859 3046 2910 super
3067 2843 3229 2896 malos
3254 2853 3300 2896 et
3324 2843 3501 2910 bonos,
3532 2853 3577 2899 et
3605 2844 3737 2914 pluit
3762 2862 3857 2899 su-

2252 2950 2339 3002 per
2356 2934 2523 3000 justos
2565 2942 2610 2988 et
2650 2936 2867 3004 injustas
2922 2933 3133 3004 (Matth.
3169 2936 3222 2991 5.
3256 2936 3370 3002 45).
3406 2935 3521 2990 Non
3552 2946 3726 3006 potest
3755 2937 3859 2992 be-

2252 3025 2470 3094 nignum
2525 3024 2690 3079 Deum
2731 3025 2942 3080 Patrem
2983 3027 3254 3096 appellare.
3295 3029 3538 3098 quisquis
3575 3039 3658 3084 est
3685 3030 3859 3088 feroci

2250 3113 2546 3184 itnmitique
2567 3116 2746 3169 animo
2767 3134 2778 3168 :
2799 3130 2973 3186 neque
2989 3118 3130 3171 enim
3149 3126 3331 3171 servat
3348 3116 3465 3172 illas
3482 3118 3856 3189 benignitatis,

2249 3222 2366 3277 quae
2393 3207 2443 3261 in
2475 3207 2670 3263 caelesti
2700 3207 2857 3263 Patre
2884 3217 2987 3276 est,
3023 3218 3274 3275 tesseras,
3304 3209 3399 3265 sed
3431 3210 3484 3268 in
3519 3210 3746 3269 ferinam
3779 3226 3849 3269 se

2248 3301 2480 3369 speciem
2526 3302 2926 3367 transmutavit,
2955 3311 3116 3371 atque
3161 3317 3190 3354 a
3225 3303 3402 3356 divina
3449 3303 3540 3358 illa
3570 3303 3858 3360 nobilitate

2207 3434 2211 3444 .
2246 3389 2463 3456 excidit,
2490 3390 2785 3446 secundum
2807 3390 2934 3446 illud
2963 3390 3358 3446 David'dictum
3395 3410 3408 3446 :
3445 3391 3616 3447 Homo
3652 3410 3770 3448 cum
3795 3395 3854 3448 in

2245 3481 2440 3537 honore
2475 3492 2619 3549 esset,
2652 3499 2752 3537 non
2796 3483 3044 3537 intellexit
3073 3500 3092 3537 :
3121 3493 3442 3553 comparatus
3493 3494 3564 3539 est
3596 3486 3858 3556 jumeutis

2243 3573 2597 3644 insipientibus
2619 3616 2634 3639 ,
2664 3582 2709 3626 et
2756 3572 2938 3627 similis
2980 3573 3146 3639 factus
3177 3583 3248 3626 est
3287 3575 3391 3627 illis
3416 3573 3584 3645 (Psal.
3611 3574 3702 3639 48,
3725 3577 3790 3629 il
3805 3577 3851 3645 ).

2245 3663 2455 3719 Etenim
2488 3666 2576 3734 qui
2609 3673 2664 3717 ut
2689 3673 2871 3719 taurus
2902 3663 3065 3717 insilit
3094 3673 3147 3717 et
3170 3664 3390 3726 invadit,
3417 3665 3672 3720 utasinus
3696 3667 3854 3723 calce

2245 3755 2383 3819 ferit,
2422 3764 2479 3810 ut
2503 3755 2740 3811 camelus
2773 3754 2980 3825 injuria:
3009 3756 3272 3822 meminit,
3303 3765 3360 3810 ut
3397 3770 3554 3811 ursus
3585 3766 3763 3825 vorat,
3789 3770 3853 3813 ut

2246 3848 2402 3918 lupus
2437 3849 2571 3918 rapit
2597 3889 2616 3914 ,
2645 3858 2700 3904 ut
2729 3849 2974 3918 scorpius
3013 3849 3218 3917 pungit,
3249 3847 3476 3903 subdole
3501 3849 3608 3918 agit
3633 3857 3689 3903 ut
3721 3850 3850 3903 vul-

2244 3953 2356 4008 pes,
2391 3939 2564 3993 hinnit
2588 3940 2652 3992 ad
2677 3938 2902 3993 feminas
2926 3938 3095 3992 instar
3129 3940 3250 4008 equi
3279 3938 3564 4006 emissarii,
3594 3940 3684 4009 qui
3715 3955 3847 4010 pos-

2242 4031 2312 4084 sit
2357 4031 2570 4101 dignam
2617 4031 2727 4085 filio
2769 4047 2954 4086 vocem
3001 4033 3280 4098 emittere,
3312 4032 3632 4102 Patremque
3672 4034 3846 4090 Deum

2243 4126 2604 4192 compellare?
2631 4126 2797 4193 Quem
2837 4127 2976 4179 hunc
3022 4127 3178 4196 igitur
3208 4127 3503 4182 vocemus?
3537 4127 3847 4184 Feramne?

2246 4219 2310 4270 At
2336 4216 2464 4271 force
2496 4232 2603 4272 uno
2656 4234 2718 4271 ex
2760 4220 3090 4272 enumeratis
3124 4218 3254 4271 vitio
3297 4218 3568 4286 laborant,
3593 4219 3680 4274 hic
3713 4237 3848 4275 vero

2243 4311 2418 4361 omnia
2452 4309 2612 4363 simul
2639 4311 3031 4378 complectens,
3066 4307 3277 4363 feritate
3307 4311 3542 4379 ipsarum
3569 4311 3847 4366 ell‘cratiur

2244 4408 2342 4452 est.
2376 4400 2574 4469 Ecquid
2599 4401 2717 4454 dico
2748 4399 2961 4454 feram?
2991 4401 3102 4455 fera
3135 4404 3323 4471 quavis
3347 4402 3586 4456 deterior
3614 4404 3704 4458 ille
3733 4416 3844 4460 est.

2244 4492 2452 4547 Etenim
2494 4491 2614 4546 fere
2651 4493 2774 4547 licet
2810 4503 2996 4548 natura
3038 4508 3132 4547 sua
3175 4494 3409 4548 immites
3441 4495 3568 4561 sint,
3598 4495 3844 4552 humana

2245 4593 2419 4639 tamen
2458 4593 2571 4638 arte
2615 4584 2823 4640 cicures
2873 4587 3006 4640 lluut
3050 4597 3101 4640 ct
3148 4597 3565 4641 mansucscunt:
3598 4589 3688 4644 hic
3710 4606 3844 4646 vero

2244 4677 2425 4740 homo,
2455 4677 2543 4745 qui
2574 4678 2786 4731 insitam
2812 4678 2915 4732 illis
2941 4695 2968 4733 a
2997 4689 3184 4733 natura
3215 4680 3477 4736 feritatem
3509 4683 3560 4735 in
3595 4698 3845 4740 mansue-

2242 4769 2500 4835 tudinem,
2526 4786 2647 4839 qune
2672 4781 2855 4825 contra
2885 4773 3093 4828 illarum
3124 4785 3369 4829 naturam
3394 4785 3497 4841 est,
3517 4788 3840 4846 commutat,

2240 4877 2396 4930 quam
2421 4867 2818 4919 excusationem
2845 4865 3076 4933 habebit,
3101 4868 3190 4936 qni
3210 4868 3430 4923 inditam
3456 4869 3555 4922 sibi
3582 4885 3610 4923 a
3646 4880 3839 4929 natura

2242 4954 2704 5011 mansuetudinem
2733 4957 2786 5010 in
2817 4956 3079 5012 feritatem
3113 4968 3319 5014 natum
3361 4976 3470 5015 sua:
3499 4965 3834 5018 contrariam

2241 5049 2529 5116 convertit,
2559 5060 2612 5102 et
2641 5048 2782 5119 quod
2812 5060 2927 5104 erat
2959 5059 3148 5105 natura
3184 5052 3385 5113 ferum,
3416 5056 3545 5108 mite
3575 5055 3839 5121 reddidit,

2242 5154 2299 5190 se
2339 5154 2464 5194 vero
2502 5149 2686 5192 natura
2730 5140 2936 5204 mitem,
2968 5139 3136 5195 ferum
3168 5141 3384 5196 effecit?
3414 5152 3467 5196 et
3496 5145 3587 5214 qui
3622 5145 3841 5202 leonem

2244 5229 2448 5298 mitigat
2477 5230 2919 5299 trarluhilumque
2951 5230 3095 5298 facit,
3137 5233 3268 5287 iram
3296 5249 3444 5287 suam
3478 5236 3636 5290 lenne
3664 5239 3844 5294 reddit

2244 5321 2713 5375 iutractabiliorem
2734 5325 2758 5374 ζ’
2780 5326 2846 5376 At
2876 5328 2926 5376 lu
2951 5324 3104 5379 leone
3135 5326 3239 5379 duo
3271 5338 3390 5380 sunt
3427 5328 3840 5398 impedimenta,

2241 5413 2380 5479 quod
2429 5412 2472 5464 is
2521 5415 2722 5466 ratione
2751 5427 2953 5478 careat,
2981 5426 3034 5469 et
3061 5417 3202 5485 quod
3242 5429 3561 5472 rmtororum
3595 5422 3841 5475 omnium

2241 5503 2309 5555 sit
2341 5502 2703 5557 ferocissimus
2735 5523 2746 5557 :
2780 5515 2835 5559 et
2863 5517 3038 5561 tamen
3078 5525 3171 5578 per
3202 5510 3457 5563 divinitus
3491 5511 3716 5566 inditam
3751 5529 3840 5566 Sn-

2245 5596 2495 5665 pieutiam
2533 5595 2756 5652 ferinam
2793 5599 2935 5654 illam
2972 5610 3191 5670 superat
3233 5615 3512 5668 naturam;
3547 5621 3740 5662 verum
3773 5609 3840 5673 is,

2240 5690 2328 5757 qui
2381 5689 2434 5743 in
2473 5689 2598 5745 feris
2649 5700 2890 5745 naturam
2941 5694 3101 5748 vineit
3126 5736 3141 5760 ,
3173 5696 3224 5748 in
3267 5697 3442 5766 seipse
3471 5710 3518 5751 et
3557 5711 3766 5754 naturae
3793 5717 3840 5753 ΡΙ

2245 5783 2498 5852 ντοροςίιὶ
2551 5783 2830 5838 voluntarii
2877 5787 3069 5838 bonum
3110 5787 3278 5855 perdit.
3316 5805 3324 5840 :
3359 5790 3589 5859 clumque.
3624 5796 3765 5850 leoni
3791 5813 3840 5850 ιη
