4058 6400
596 373 663 430 45
1263 369 1320 426 S.
1352 366 1636 426 JOANNIS
1669 357 2170 424 CBRYSOSTOMI
2209 358 2529 420 ARCHIEP.
2560 361 3113 426 CONSTANTINOP.
3791 363 3863 420 46

596 496 695 569 μὲν
729 491 872 546 ποιεί
903 489 1207 569 ἄνθρωπον,
1236 479 1427 569 ἐαυτδν
1447 485 1503 539 δὲ
1531 485 1764 569 περιορᾷ
1791 481 1852 569 ἐξ
1879 477 2166 569 ἀνθρώπου

591 562 875 649 γινόμενον
909 562 1244 626 λέοντα”καὶ
1265 567 1457 640 ἐκείνῳ
1494 567 1596 638 μὲν
1623 566 1695 621 τά
1722 567 1862 638 ύπέρ
1889 562 2173 649 φύσιν-χα-

595 642 822 732 ρίζεται,
853 655 1028 725 ἐαυτῷ
1057 654 1114 708 δὲ
1143 653 1264 707 οὐδὲ
1280 652 1348 706 τά
1368 651 1510 707 κατά
1538 651 1698 721 φύσιν
1730 642 2171 732 πορίζεταιξηῶς

591 727 772 798 τοίνυν
803 744 833 795 ό
863 737 1104 800 τοιοῦτος
1122 736 1410 806 δυνήσεται
1439 735 1661 805 Πατέρα
1697 732 1882 787 καλεῖν
1899 729 1991 784 τὸν
2005 727 2169 793 Θεόν;

605 826 665 879 '0
701 826 883 896 μέντοι
911 820 1042 893 περὶ
1083 819 1210 882 τοὺς
1247 817 1475 889 πλησίον
1504 819 1712 891 ἥμερος
1736 814 1834 871 καὶ
1868 811 2174 896 φιλάνθρω-

745 907 838 961 καὶ
865 905 994 967 τοὺς
1015 904 1096 965 είς
1130 901 1294 956 αὑτὸν
1331 899 1786 973 πλημμελοῦντας
1833 898 1936 953 οὐκ
1963 894 2169 967 ἀμυνό-

596 1007 774 1063 μενος,
799 987 913 1042 ἀλλ’
942 984 1285 1057 εὐεργεσίαις
1318 985 1417 1048 τάς
1445 983 1658 1048 ἀδικίας
1699 981 2084 1054 ἀμειδόμενος,
2108 977 2171 1032 οὐ

593 1071 981 1144 κατακρίνεται
1009 1073 1230 1142 Πατέρα
1253 1068 1433 1124 καλῶν
1455 1068 1544 1121 τὸν
1571 1067 1726 1121 Θεόν.
1754 1065 1995 1137 Πρόσεχε
2020 1063 2076 1117 δέ
2104 1065 2169 1133 τῇ

592 1153 848 1226 ἀκριϐείᾳ
879 1151 974 1207 τοῦ
999 1153 1182 1223 λόγου,
1213 1152 1329 1216 πῶς
1363 1152 1496 1222 ήμῖν
1525 1149 1804 1219 νομοθετεῖ
1827 1146 1890 1201 τδ
1913 1145 2170 1217 φιλάλλη-

588 1238 700 1306 λον,
735 1238 830 1292 καὶ
855 1239 936 1302 είς
970 1236 1318 1308 άγαπητικὴν
1343 1234 1589 1297 ἅπαντας
1622 1229 1882 1287 συνάπτει
1907 1229 2166 1284 διάθεσιν.

589 1326 666 1379 Οὐ
691 1325 800 1395 γὰρ
821 1321 1037 1377 ἐκέλευε
1066 1320 1263 1388 λέγειν,
1287 1319 1470 1389 Πάτερ
1492 1335 1617 1388 μου,
1645 1320 1745 1372 όέν
1767 1318 1880 1382 τοῖς
1898 1316 2166 1387 οὐρανοῖς,

587 1407 743 1471 ἀλλὰ,
768 1406 961 1472 Πάτερ
987 1402 1174 1472 ήμῶν,
1200 1405 1234 1457 ό
1273 1402 1344 1455 ἐν
1385 1399 1510 1467 τοῖς
1535 1400 1832 1470 οὐρανοῖς,
1877 1399 1971 1455 ῖνα
1992 1396 2170 1452 κοινὸν

590 1489 809 1558 Πατέρα
831 1487 973 1558 ἔχειν
1000 1484 1358 1554 διδαχθέντες,
1396 1478 1690 1553 ἀδελφικὴν
1732 1479 1873 1554 πρὸς
1905 1479 2171 1549 ἀλλήλους

587 1571 923 1643 δεικνύωμεν
947 1567 1179 1623 εὔνοιαν.
1216 1563 1350 1622 Εἶτα
1373 1565 1642 1621 διδάσκων
1671 1566 1818 1637 ἡμᾶς
1850 1563 2170 1619 καταλιπεῖν

586 1656 687 1727 τὴν
715 1656 818 1726 γῆν
848 1653 946 1707 καὶ
966 1652 1035 1707 τὰ
1061 1651 1193 1723 περὶ
1219 1650 1326 1722 γῆν
1355 1663 1405 1717 ι,
1440 1650 1537 1704 καὶ
1570 1648 1645 1721 μὴ
1679 1646 1965 1719 κεχηνέναι
1995 1645 2166 1727 κάτω,

586 1726 725 1792 ἀλλὰ
755 1737 856 1808 τῆς
913 1736 1148 1799 πίστεως
1178 1733 1365 1788 λαϐεῖν
1421 1731 1491 1787 τὰ
1528 1731 1705 1802 πτερά
1735 1731 1828 1784 καὶ
1855 1726 2169 1798 ἀναπτῆναι

585 1822 678 1876 τὸν
703 1821 862 1892 ἀέρα,
897 1818 993 1874 καὶ
1038 1818 1288 1888 διαδῆναι
1333 1817 1424 1871 τὸν
1453 1815 1649 1886 αἰθέρα
1680 1813 1772 1866 καὶ
1810 1811 2046 1885 ζητῆσαι
2074 1811 2170 1865 τὸν

585 1905 920 1976 καλούμενον
945 1901 1186 1974 Πατέρα,
1216 1898 1520 1972 προσέταξε
1546 1897 1744 1967 λέγειν·
1771 1895 1963 1965 Πάτερ
1976 1893 2168 1963 ἡμῶν,

584 1991 619 2042 ὀ
642 1988 714 2042 ἐν
739 1987 865 2052 τοῖς
887 1984 1186 2054 οὐρανοῖς·
1230 1984 1331 2037 οὐκ
1360 1981 1547 2053 ἐπειδὴ
1571 1983 1631 2034 ἐν
1665 1982 1777 2044 τοῖς
1803 1980 2055 2052 οὐρανοῖς
2071 1979 2171 2049 μό-

584 2086 676 2126 νον
705 2069 854 2124 ἐστὶν
880 2071 910 2122 ὁ
940 2068 1097 2132 Θεὸς,
1136 2066 1252 2122 ἀλλ’
1284 2067 1372 2122 ῖνα
1401 2066 1552 2138 ἡμᾶς
1581 2063 1737 2119 κάτω
1769 2063 1899 2134 περὶ
1931 2063 2038 2133 γῆν
2067 2079 2169 2115 κα-

583 2152 961 2223 λινδουμένους
1001 2149 1295 2205 ἀνανεῦσαι
1333 2151 1415 2213 είς
1445 2149 1710 2220 οὐρανοὺς
1746 2145 2168 2218 παρασκευάσῃ,

582 2237 678 2290 καὶ
707 2235 784 2306 τῷ
811 2234 999 2289 κάλλει
1027 2231 1137 2287 τῶν
1165 2231 1508 2302 ἐπουρανίων
1541 2229 1764 2300 ἀγαθῶν
1797 2226 2168 2300 περιλάμψας,

579 2318 680 2390 τὴν
710 2317 1004 2390 ἐπιθυμίαν
1027 2315 1184 2388 ήμῶν
1213 2316 1394 2369 πᾶσαν
1427 2316 1544 2368 ἐκεῖ
1568 2313 1894 2384 μετενέγκῃ.

649 2401 718 2457 δ’.
752 2398 883 2455 Εἶτα
907 2399 1164 2472 δευτέραν
1191 2397 1497 2470 προσέθηκε
1527 2398 1708 2468 ῥῆσιν,
1737 2397 1926 2450 εἰπών’
1985 2395 2168 2466 Ἁγια-

577 2484 781 2552 σθήτω
806 2483 874 2538 τὸ
902 2482 1089 2552 ὄνομά
1120 2496 1257 2536 σου.
1296 2481 1406 2534 Καί
1435 2497 1524 2552 μοι
1549 2480 1739 2552 μηδεὶς
1766 2481 2007 2552 ἀνοήτως
2037 2481 2170 2532 ὐπο-

578 2570 900 2644 λαμόανέτω
929 2567 1201 2640 ἀγιασμοῦ
1237 2566 1554 2639 προσθήκην
1589 2567 1909 2638 χαρίζεσθαι
1940 2565 2019 2638 τῷ
2049 2567 2169 2638 Θεῷ

576 2656 635 2707 ὲν
689 2653 769 2726 τῷ
824 2652 1024 2723 λέγειν’
1060 2650 1418 2722 Ἁγιασθήτω
1454 2650 1529 2728 ,τὸ
1580 2649 1768 2719 ὄνομά
1821 2666 1968 2704 σου·
2014 2649 2168 2718 ἀγιος

574 2736 683 2808 γάρ
715 2739 854 2801 ἐστι,
889 2738 984 2790 καὶ
1016 2736 1302 2803 πανάγιος,
1349 2731 1445 2788 καὶ
1485 2732 1655 2802 ἀγίων
1698 2732 2019 2801 ἀγιώτατος.
2055 2732 2166 2786 Καὶ

575 2821 779 2892 ταύτην
804 2819 957 2891 αύτῷ
989 2820 1089 2893 τὴν
1124 2818 1396 2890 ὑμνῳδίαν
1436 2817 1736 2893 προσφέρει
1774 2816 1844 2870 τὰ
1885 2816 2164 2888 Σεραφεὶμ

572 2887 855 2976 ἀσιγήτοις
906 2887 1114 2975 βοῶντα
1164 2887 1454 2974 κραυγαῖς,
1483 2887 1711 2970 ’”Ατιὸξ,
1767 2899 1952 2969 ἅγιος,
1997 2887 2163 2970 ἅγιος

571 2988 789 3057 Κύριος
812 2987 1072 3052 σαϐιίὼθ,
1115 2979 1354 3054 πλήρης
1387 2986 1422 3038 ὁ
1449 2984 1708 3052 οὐρανὸς
1744 2983 1841 3037 καί
1870 2984 1909 3051 ή
1944 2981 2017 3053 γῆ
2052 2981 2163 3050 τῆς

570 3073 758 3142 δόξης
801 3073 1009 3128 αὐτοῦ.
1062 3072 1200 3125 Ἀλλ’
1246 3071 1435 3143 ῶσπερ
1482 3072 1532 3124 οί
1574 3073 1687 3136 τοῖς
1740 3070 2017 3141 βασιλεῦσι
2063 3069 2164 3134 τὰς

568 3158 845 3228 εὐφημίας
880 3157 1296 3228 προσφέροντες,
1338 3156 1432 3208 καὶ
1461 3153 1717 3226 βασιλέας
1753 3153 2041 3218 καλοῦντες
2067 3154 2163 3208 καὶ

567 3228 996 3312 αὐτοκράτορας,
1028 3241 1127 3309 οὐχ
1154 3239 1183 3291 ὃ
1215 3239 1291 3310 μὴ
1315 3238 1498 3309 έχουσι
1527 3236 1859 3309 χαρίζονται,
1889 3236 2002 3290 ἀλλ’
2027 3238 2163 3308 ὅπερ

560 3323 782 3394 ἔχουσιν
816 3321 1185 3393 εὐφημοῦσιν·
1224 3320 1368 3374 οὕτω
1397 3320 1490 3374 καὶ
1519 3322 1679 3391 ἡμεῖς
1719 3319 1780 3373 ού
1810 3319 1908 3391 τὴν
1941 3319 2040 3372 οὑκ
2075 3315 2163 3373 οὗ-

569 3423 670 3460 σαν
729 3405 1037 3475 ἁγιωσύνην
1104 3403 1485 3475 προσφέρομεν
1543 3402 1621 3473 τῷ
1669 3402 1790 3473 Θεῷ
1815 3441 1829 3465 ,
1886 3402 2157 3471 λέγοντες,

579 3483 940 3554 Ἁγιασθήτω
983 3483 1052 3538 τὸ
1101 3481 1291 3551 ὄνομα
1327 3497 1464 3548 σου,
1500 3480 1639 3535 άλλά
1671 3481 1770 3553 τὴν
1807 3476 1972 3536 οὖσαν
2004 3482 2163 3548 δοξά-

565 3566 762 3638 ζομενο
811 3566 872 3619 τὸ
926 3566 1034 3638 γὰρ
1101 3563 1476 3634 ἁγιασθήτω,
1525 3565 1649 3618 ἀντὶ
1685 3563 1780 3618 τοῦ
1825 3565 2158 3636 δοξασθήτω,

566 3652 798 3723 εἴρηται.
842 3649 1214 3721 Διδασκόμεθα
1254 3649 1431 3704 τοίνυν
1468 3649 1557 3704 διὰ
1603 3648 1704 3719 τῆς
1735 3651 1918 3721 φωνῆς
1955 3650 2161 3718 ταύτης

565 3734 657 3786 τὸν
705 3733 826 3787 κατ’
870 3734 1071 3805 ἀρετὴν
1112 3733 1363 3805 μετιέναι
1409 3732 1552 3803 βίον,
1585 3733 1674 3786 ίνα
1711 3732 1897 3785 τοῦτον
1926 3732 2162 3800 ὁρῶντες

563 3818 615 3870 οί
639 3816 935 3887 ἄνθρωποι,
964 3817 1057 3870 τὸν
1085 3817 1343 3888 οὐράνιον
1375 3815 1531 3887 ἡμῶν
1560 3815 1783 3886 Πατέρα
1827 3815 2121 3880 δοξάζωσιν
2143 3833 2156 3847 ·

564 3899 594 3952 ὃ
642 3898 736 3953 καί⁵
782 3899 1015 3968 ἀλλαχοῦ
1061 3917 1193 3969 φησι
1215 3916 1228 3929 ·
1265 3898 1569 3967 Λαμψάτω
1607 3899 1671 3952 τῦ
1706 3897 1833 3967 φῶς
1863 3898 2032 3969 ὑμῶν
2058 3900 2160 3969 ἔμ-

563 3984 832 4050 προσθεν
876 3979 995 4034 τῶν
1045 3980 1393 4049 ἀνθρώπων,
1444 3981 1606 4047 ὅπως
1654 3981 1826 4035 ῑδωσι
1874 3983 1947 4036 τὰ
2003 3985 2159 4038 καλὰ

564 4065 710 4133 ἔργα
737 4065 928 4135 ὑμῶν,
956 4067 1052 4117 καί
1089 4063 1394 4128 δοξάσωσι
1434 4063 1543 4118 τόν
1581 4064 1812 4133 Πατέρα
1859 4066 2025 4136 ὑμῶν
2051 4067 2160 4122 τὸν

565 4148 788 4212 ἐντοῖς
820 4147 1114 4216 οὐρανοῖς.
1163 4145 1320 4200 Μετὰ
1362 4146 1520 4200 τοῦτο
1561 4146 1742 4214 λέγειν
1779 4149 2155 4221 ἐδιδάχθημεν·

580 4231 826 4284 Ἐλθέτω
859 4233 896 4299 ἠ
943 4230 1234 4294 βασιλεία
1268 4245 1385 4282 σου
1406 4246 1419 4259 ·
1451 4228 1875 4299 τυραννούμενοι
1912 4231 2022 4302 γὰρ
2057 4234 2160 4287 ὑπὸ

565 4313 673 4366 τῶν
697 4313 791 4366 τοῦ
824 4313 1074 4383 σώματος
1103 4310 1464 4382 παθημάτων,
1486 4312 1581 4364 καὶ
1612 4310 1811 4383 μυρίας
1839 4316 2160 4385 πειρασμῶν

563 4395 682 4467 130]
727 4396 1007 4465 δεχόμενοι
1055 4395 1380 4466 προσϐολάς,
1420 4395 1521 4465 τῆς
1568 4395 1662 4448 τοῦ
1702 4394 1838 4448 Θεοῦ
1889 4396 2162 4468 χρῄζομεν

567 4476 865 4547 βασιλείας,
897 4476 980 4530 ίνα
1010 4476 1086 4548 μὴ
1118 4476 1409 4552 βασιλεύσῃ
1439 4481 1472 4551 ή
1501 4480 1747 4550 ἁμαρτία
1785 4480 1843 4533 ἐν
1880 4479 1958 4550 τῷ
1984 4480 2162 4552 θνητῷ

567 4560 781 4631 σώματι
821 4558 976 4631 ἡμῶν
1008 4560 1087 4623 είς
1123 4560 1184 4613 τὺ
1207 4560 1508 4614 ὑπακούειν
1533 4564 1672 4633 αὐτῇ
1708 4563 1766 4614 ἐν
1809 4564 1929 4625 ταῖς
1967 4563 2158 4616 ἐπιθυ-

570 4643 721 4714 μίαις
766 4642 963 4707 αὑτοῦ,
1024 4643 1160 4714 μηδέ
1217 4645 1640 4714 παριστάνωμεν
1689 4645 1759 4698 τά
1809 4645 1944 4717 μέλη
2003 4647 2160 4719 ήμῶν

563 4725 708 4779 ὅπλα
743 4725 956 4789 ἀδικίας
995 4729 1062 4799 τῇ
1110 4726 1375 4798 ἁμαρτίᾳ,
1428 4727 1545 4781 ἀλλ’
1590 4728 1676 4782 ἴνα
1720 4730 2160 4801 παραστήσωμεν

566 4806 706 4860 ὅπλα
734 4807 1077 4878 δικαιοσύνης
1103 4808 1180 4881 τῷ
1208 4808 1347 4880 Θεῷ,
1379 4810 1474 4864 καὶ
1501 4809 1930 4882 πρατευὼμεθα
1960 4813 2036 4883 τῷ
2066 4813 2161 4885 βα-

569 4891 707 4955 σιλεῖ
742 4891 849 4943 τῶν
891 4890 1123 4947 αἰώνων.
1168 4891 1539 4964 Διδασκόμεθα
1578 4894 1633 4947 δὲ
1658 4893 1796 4965 πρὸς
1823 4893 2052 4959 τούτοις,
2086 4898 2160 4969 μὴ

569 4973 775 5044 σφόδρα
806 4973 884 5044 τῷ
922 4975 1150 5046 παρόντι
1201 4975 1300 5046 βίῳ
1342 4979 1788 5049 προστετηκέναι,
1816 4980 1950 5034 άλλά
1993 4998 2159 5035 κατα-

567 5058 785 5126 φρονεῖν
833 5056 930 5125 μὲν
968 5058 1076 5110 τῶν
1118 5059 1423 5129 παρόντων,
1473 5060 1760 5132 ἐπιθυμεῖν
1805 5062 1860 5116 δὲ
1893 5062 1999 5115 τῶν
2037 5064 2162 5132 μελ-

565 5142 768 5194 λόντων
805 5140 879 5204 ὡς
918 5141 1204 5211 μενόντων,
1242 5143 1335 5196 καὶ
1384 5143 1482 5214 τὴν
1517 5143 1786 5214 βασιλείαν
1820 5147 2035 5216 ἐκείνην
2063 5145 2160 5218 ζη-

566 5229 679 5278 τεῖν
705 5226 804 5295 τὴν
830 5226 1077 5298 οὐράνιον
1118 5227 1211 5281 καὶ
1239 5228 1474 5292 αἰώνιον,
1514 5229 1606 5281 καὶ
1635 5232 1745 5292 τοῖς
1778 5230 2010 5284 ἐνταῦθα
2038 5249 2163 5302 τερ-

566 5312 721 5373 πνοῖς
775 5310 849 5382 μὴ
901 5311 1248 5381 κατέχεσθαι,
1306 5312 1379 5382 μὴ
1425 5312 1692 5382 σωμάτων
1740 5315 2035 5387 εὐμορφίᾳ,
2087 5318 2160 5388 μὴ

568 5393 868 5463 χρημάτων
905 5394 1157 5466 εὐπορίᾳ,
1214 5395 1287 5467 μὴ
1339 5396 1635 5466 κτημάτων
1685 5397 1928 5470 εύθηνίᾳ,
1978 5401 2051 5470 μὴ
2094 5401 2163 5453 λί-

567 5472 680 5529 θων
704 5475 1091 5542 πολυτελείαις,
1132 5478 1206 5550 μὴ
1233 5479 1395 5532 οἴκων
1437 5480 1881 5550 μεγαλουργίαις,
1913 5483 1987 5554 μὴ
2030 5485 2160 5555 ἠγε-

632 5660 670 5723 ιλ
685 5658 767 5706 Sic
802 5671 974 5723 o‘mnes
997 5674 1111 5708 mss.
1139 5661 1269 5710 Edili
1314 5675 1430 5710 vero
1465 5661 1570 5710 hmc
1612 5675 1707 5709 non
1754 5661 1957 5723 habent,
2001 5666 2161 5713 καὶτὰ

569 5720 675 5789 περὶ
695 5727 795 5789 γῆν..
826 5720 974 5768 Paulo
1009 5731 1116 5783 post
1141 5726 1188 5772 in
1219 5725 1366 5772 edim
1390 5724 1470 5771 τὸν
1499 5725 1622 5786 ἀέρα
1648 5725 1811 5782 θροει,
1836 5726 1922 5772 sed
1945 5720 2159 5785 habetur

577 5782 627 5828 iu
647 5782 870 5830 omnibus
887 5796 1000 5830 mss.

2279 479 2492 548 μονίαις
2520 481 2614 535 καὶ
2642 484 3012 553 στρατηγίαις,
3039 484 3114 558 μὴ
3137 481 3414 556 ἁλουργίδι
3438 481 3530 537 καὶ
3550 482 3702 555 διαδή
3715 500 3874 554 ματι,

2277 572 2352 644 μὴ
2392 573 2693 643 ὀψοποιίαις
2730 577 2824 629 καὶ
2871 577 3194 645 καρυκείαις
3224 576 3319 630 καὶ
3355 573 3726 638 παντοδαπαῖς
3761 577 3878 646 χλι-

2271 657 2409 721 δαῖς,
2455 659 2531 730 μὴ
2573 658 2717 731 ἄλλῳ
2761 660 2867 714 τινὶ
2896 660 3003 714 τῶν
3046 661 3143 724 τὰς
3186 659 3460 731 ἡμετέρας
3509 656 3878 722 δελεαζόντων

2271 741 2577 812 αἰσθήσεις,
2622 741 2754 797 ἀλλὰ
2794 744 2928 796 πᾶσι
2968 743 3178 808 τούτοις
3224 743 3498 814 ἐρρῶσθαι
3537 741 3876 814 φράσαντες,

2269 823 2371 892 τῆς
2398 822 2493 877 τοῦ
2532 823 2667 877 Θεοῦ
2705 824 2983 894 βασιλείας
3028 825 3388 889 ἀδιαλείπτως
3428 823 3741 896 ὀρέγεσθαι.
3773 822 3870 878 Οὖ-

2269 923 2379 970 τως
2417 907 2564 977 ἡμᾶς
2598 907 2693 962 καὶ
2721 907 2926 979 ταύτην
2971 909 3187 976 διδάξας
3225 908 3324 978 τὴν
3355 909 3578 980 ἀρετὴν,
3617 908 3874 964 ἐκέλευσε

2269 988 2393 1057 λέγε
2402 1005 2479 1044 ινσ
2515 991 2840 1059 Γενηθήτω
2877 992 2946 1046 τό
2987 991 3218 1062 θέλημά
3247 1008 3386 1056 σου,
3420 993 3502 1058 ὡς
3530 993 3602 1046 ἐν
3635 989 3877 1061 οὐμινὸ

2271 1071 2372 1126 καί
2397 1071 2497 1128 ἐπὶ
2528 1073 2640 1143 τῆς
2661 1073 3140 1144 γῆςοέντεθεικὼς
3183 1075 3292 1146 γὰρ
3327 1075 3459 1146 ἡμῖν
3495 1075 3605 1129 τῶν
3647 1074 3875 1145 μελλόν-

2269 1171 2380 1209 των
2423 1155 2516 1209 τὸν
2547 1157 2747 1230 ἔρωτα,
2781 1157 2877 1210 καὶ
2923 1157 3026 1227 τῆς
3065 1156 3390 1228 ἐπουρανίου
3448 1156 3730 1226 βασιλείας
3773 1158 3878 1230 τὴν

2249 1239 2592 1311 ¹ἐπιθυμίαν,
2625 1241 2719 1294 καὶ
2746 1240 2963 1312 τρώσας
2988 1242 3136 1311 ἡμᾶς
3165 1240 3359 1311 ἐκείνῳ
3382 1239 3462 1312 τῷ
3495 1241 3667 1312 πόθῳ,
3692 1258 3874 1314 παρα-

2273 1321 2530 1387 σκευάζει
2573 1322 2772 1391 λέγεινο
2807 1322 3128 1391 Γενηθήτω
3165 1323 3232 1376 τὸ
3264 1322 3495 1392 θέλημά
3525 1339 3665 1387 σου,
3693 1324 3779 1390 ὡς
3806 1325 3876 1377 ἐν

2271 1404 2526 1476 οὐρανῷ,
2558 1405 2655 1460 καί
2681 1406 2777 1460 ἐπί
2808 1404 2912 1474 τῆς
2938 1405 3072 1476 τῆς.
3105 1405 3204 1470 Δὸς
3238 1407 3390 1476 ἡμῖν,
3423 1407 3577 1477 φησὶ,
3601 1407 3874 1472 Δέσποτα,

2269 1489 2370 1559 τὴν
2404 1489 2463 1542 ἐν
2489 1488 2703 1560 ούρανῷ
2734 1487 3020 1559 μιμεῖσθαι
3063 1488 3358 1552 πολιτείαν,
3399 1489 3464 1543 ἶν’
3490 1488 3526 1542 ἃ
3556 1488 3736 1553 θέλεις
3774 1488 3875 1543 αὖ·

2269 1570 2382 1637 τδς,
2411 1572 2507 1625 καὶ
2527 1573 2690 1643 ἡμεῖς
2721 1570 2987 1642 θέλωμεν.
3026 1571 3370 1643 Ἐπάρκεσον
3395 1570 3575 1624 τοίνυν
3610 1571 3876 1643 προαιρέ-

2272 1670 2356 1707 σει
2389 1653 2694 1727 καμνούσῃ,
2721 1652 2816 1707 καὶ
2848 1655 3024 1707 ποιεῖν
3051 1653 3150 1724 μὲν
3179 1654 3518 1726 ἐπιθυμούσῃ
3541 1652 3611 1707 τὰ
3644 1653 3739 1718 σά,
3767 1654 3876 1707 ὑπὸ

2269 1736 2327 1790 δέ
2367 1735 2466 1807 τῆς
2506 1734 2600 1790 τοῦ
2649 1734 2900 1806 σώματος
2943 1736 3231 1800 ἀσθενείας
3280 1733 3630 1808 κωλυομένῃ·
3682 1735 3877 1807 δρεξον

2271 1821 2428 1890 χεῖρα
2475 1820 2588 1882 τοῖς
2638 1817 2854 1889 τρέχειν
2904 1818 3005 1888 μὲν
3059 1819 3458 1889 ἐπειγομένοις,
3511 1817 3778 1888 χωλεύειν
3817 1818 3877 1872 δι

2272 1900 2729 1972 ἠναγκασμένοις.
2771 1900 3110 1972 ’Υπόπτερος
3159 1903 3192 1972 ή
3239 1900 3406 1973 ψυχὴ,
3455 1900 3593 1955 ἀλλὰ
3646 1902 3878 1973 βαρύνει

2271 1984 2476 2055 ταύτην
2506 1984 2540 2054 ἠ
2576 1981 2744 2054 σάρξ·
2773 1982 2922 2048 ὀξεῖα
2958 1983 3142 2051 ἐκείνη
3175 1983 3313 2054 πρὸς
3344 1983 3414 2036 τὰ
3446 1977 3699 2054 οὐράνια,
3736 1983 3878 2038 ἀλλὰ

2274 2066 2495 2139 βραδεῖα
2523 2065 2662 2138 αὕτη
2693 2065 2832 2137 πρὸς
2862 2064 2934 2119 τά
2977 2066 3234 2134 ἐπίγειαῖ
3264 2066 3365 2135 τῆς
3401 2065 3460 2119 δέ
3487 2065 3585 2136 σῆς
3615 2065 3877 2136 βοηθείας

2273 2149 2575 2234 παρούσης,
2599 2149 2759 2234 ἔσται
2790 2148 3113 2234 δυνατὰ-καὶ
3147 2147 3216 2203 τά
3240 2146 3361 2234 λίαν
3381 2146 3645 2234 ἀδύνατα.
3677 2151 3878 2234 fama

2271 2232 2428 2298 θήτω
2464 2228 2645 2286 τοίνυν
2693 2228 2762 2284 τὸ
2794 2228 3025 2300 θέλημά
3067 2244 3204 2298 σου,
3258 2230 3341 2298 ὡς
3373 2229 3445 2284 ἐν
3477 2229 3743 2300 οὐρανῷ,
3772 2233 3876 2288 καί

2269 2314 2368 2370 ἐπὶ
2400 2315 2512 2384 τῆς
2540 2313 2675 2385 γῆς·
3489 2319 3499 2328 ’

2341 2399 2402 2454 ε’.
2431 2400 2542 2454 Καὶ
2568 2399 2756 2468 ἐπειδὴ
2770 2398 2874 2468 τῆς
2900 2398 3006 2468 γῆς
3021 2397 3415 2470 ἐμνημόνευσε,
3433 2399 3593 2475 χρεία
3606 2399 3793 2465 δὲτοῖς
3817 2399 3880 2467 ἐξ

2269 2483 2442 2553 αὐτῆς
2485 2483 2874 2553 γεγενημένοις
2919 2481 3014 2534 καὶ
3055 2483 3114 2534 ἐν
3164 2481 3298 2553 αὐτῇ
3335 2481 3735 2553 διαιτωμένοις,
3777 2485 3878 2537 καὶ

2269 2565 2498 2636 γηγενὲς
2551 2564 2711 2635 σῶμα
2771 2564 3197 2635 περικειμένοις.
3233 2565 3328 2618 καὶ
3381 2565 3482 2637 τῆς
3527 2565 3877 2638 καταλλήλου

2267 2647 2494 2720 τροφῆς,
2529 2647 2844 2716 ἀναγκαίως
2879 2649 3152 2718 ἐπήγαγε·
3191 2647 3304 2702 Τόν
3334 2648 3520 2718 ἄρτον
3551 2649 3726 2719 ήμῶν
3764 2650 3880 2704 τόν

2266 2729 2582 2784 ἐπιούσιον
2607 2729 2714 2795 δὸς
2746 2729 2893 2799 ἡμῖν
2913 2730 3203 2798 σήμερον.
3233 2731 3434 2802 ’Ἄρτον
3464 2733 3752 2787 ἐκέλευσεν
3790 2736 3880 2786 αι-

2264 2815 2379 2866 τεῖν
2412 2813 2708 2877 ἐπιούσιον,
2742 2813 2804 2865 ού
2841 2811 3071 2885 τρυφὴν,
3107 2813 3246 2867 ἀλλὰ
3280 2814 3508 2885 τροφήν,
3542 2814 3640 2886 τὴν
3677 2815 3742 2868 τὸ
3782 2815 3876 2868 ἐλ-

2265 2895 2448 2948 λεῖπον
2470 2893 2892 2966 άναπληροῦσαν
2925 2894 3020 2948 τοῦ
3054 2895 3327 2967 σώματος,
3358 2896 3456 2951 καὶ
3491 2897 3584 2950 τὸν
3611 2899 3678 2951 ἐκ
3706 2896 3877 2970 λιμοῦ

2264 2977 2582 3032 κωλύουσαν
2623 2978 2884 3032 θάνατον’
2918 2978 2975 3030 οὗ
3021 2976 3302 3049 τραπέζας
3343 2978 3784 3050 φλεγμαινούσας
3823 2980 3875 3044 Ιι.

2263 3059 2386 3114 οὐδὲ
2423 3059 2569 3129 δψων
2604 3060 2900 3123 ποικιλίας,
2931 3059 3026 3112 καὶ
3065 3059 3338 3130 ὀψοποιῶν
3373 3062 3736 3132 μαγγανείας,
3774 3065 3878 3116 καὶ

2263 3141 2572 3213 ἀρτοποιῶν
2601 3142 2865 3206 ἐπινοίας,
2897 3142 2991 3194 καὶ
3018 3141 3198 3206 οῐνους
3230 3143 3546 3214 ἀνθοσμίας,
3573 3144 3669 3198 καὶ
3701 3145 3878 3200 τᾶλλα

2262 3224 2365 3278 ὅσα
2394 3225 2486 3279 τὸν
2521 3226 2620 3296 μὲν
2653 3224 2848 3296 λαιμὸν
2873 3223 3074 3294 ήδύνει,
3104 3224 3205 3296 τὴν
3231 3225 3288 3279 δέ
3319 3226 3562 3299 γαστέρα
3595 3227 3878 3300 φορτίζει,

2261 3308 2362 3378 τὴν
2389 3307 2444 3360 δέ
2467 3307 2710 3361 διάνοιαν
2745 3305 3004 3371 σκοτίζει,
3043 3307 3139 3362 καὶ
3177 3310 3406 3379 σκιρτᾷν
3435 3309 3496 3362 τὸ
3534 3310 3696 3381 σῶμα
3725 3312 3880 3364 κατά

2261 3389 2361 3459 τῆς
2401 3389 2583 3460 ψυχῆς
2632 3389 3068 3460 παρασκευάζει,
3113 3389 3210 3443 καὶ
3254 3390 3505 3462 δυσήνιον
3543 3391 3623 3463 τῷ
3663 3394 3882 3465 ἡνιόχῳ

2259 3473 2351 3526 τὸν
2381 3471 2560 3525 πῶλον
2594 3470 2906 3543 ἐργάζεται.
2942 3473 3020 3525 Ού
3058 3472 3233 3527 ταῦτα
3262 3475 3409 3545 ἡμᾶς
3440 3477 3610 3528 αίτεῖν
3639 3477 3672 3529 ὸ
3711 3475 3880 3545 λόγος

2259 3554 2520 3621 ἐδίδαξεν,
2567 3554 2682 3607 ἀλλ’
2721 3556 2931 3624 Ἄρτον
2979 3555 3317 3621 ἐπιούσιον,
3363 3555 3510 3610 τοῦτ’
3554 3556 3724 3624 ἔστιν,
3777 3562 3882 3614 ἐπὶ

2259 3636 2359 3707 τὴν
2387 3635 2577 3690 οὐσίαν
2604 3635 2699 3689 τοῦ
2733 3635 2988 3707 σώματος
3022 3637 3387 3703 διαϐαίνοντα,
3429 3639 3526 3692 καὶ
3557 3627 3880 3716 συγκροτῆ-

2264 3737 2352 3774 σαι
2389 3720 2594 3789 ταύτην
2632 3719 2951 3790 δυνάμενον.
2984 3719 3095 3774 Καὶ
3123 3719 3313 3774 τοῦτον
3345 3721 3404 3775 δέ
3448 3722 3548 3775 οὐκ
3586 3725 3667 3787 είς
3701 3725 3882 3780 πολὺν

2261 3803 2398 3856 ἐτῶν
2425 3801 2659 3872 ἀριθμὸν
2686 3804 2856 3857 αίτεῖν
2885 3802 3310 3874 ἐκελεύσθημεν,
3338 3804 3476 3858 ἀλλὰ
3504 3805 3599 3859 τὸν
3625 3807 3881 3880 σήμερον

2260 3886 2392 3956 ἡμῖν
2420 3884 2699 3955 ἀρκοῦντα
2733 3884 2924 3954 μόνον·
2956 3885 3054 3952 Μὴ
3079 3885 3490 3955 μεριμνήσητε
3515 3887 3648 3960 γὰρ,
3679 3890 3880 3959 φησὶν,

2259 3969 2346 4033 εις
2367 3966 2484 4033 τὴν
2507 3964 2622 4039 [51]
2648 3967 2877 4035 αὔριον.
2909 3968 2974 4020 Τί
3006 3967 3207 4039 δήποτε
3241 3969 3350 4040 γὰρ
3385 3970 3514 4040 περὶ
3542 3971 3640 4040 τῆς
3677 3971 3881 4043 αῦριον

2261 4049 2536 4122 φροντίζει
2585 4066 2690 4115 τις,
2742 4051 2771 4102 ό
2820 4048 2920 4121 τὴν
2973 4048 3162 4122 αὔριον
3203 4051 3265 4104 ού
3314 4051 3530 4116 πάντως
3578 4053 3878 4131 ὀψόμενος,

2259 4133 2395 4187 ἀλλὰ
2424 4132 2515 4187 τὸν
2547 4133 2647 4204 μὲν
2677 4133 2836 4186 πόνον
2861 4133 3168 4210 δεχόμενος,
3200 4134 3293 4188 τὸν
3324 4135 3381 4189 δέ
3414 4136 3628 4206 καρπὸν
3657 4137 3720 4190 οὐ
3749 4138 3878 4210 δρε-

2261 4217 2533 4286 πόμενος;
2582 4215 2869 4287 Θάρῤησον
2921 4207 2998 4286 τῷ
3042 4215 3162 4286 Θεῷ
3213 4214 3294 4281 τῷ
3347 4217 3574 4272 διδόντι
3637 4207 3880 4290 τροφὴν

2260 4300 2430 4369 πάσῃ
2468 4302 2670 4370 σαρκί.
2716 4302 2773 4354 '0
2802 4303 2861 4355 τὸ
2902 4303 3064 4372 σῶμά
3097 4320 3179 4358 σοι
3203 4303 3473 4368 δεδωκὼς,
3503 4306 3599 4358 καὶ
3635 4308 3736 4378 τὴν
3763 4308 3878 4378 ψυο

2263 4382 2363 4454 χὴν
2395 4385 2738 4454 ἐμφυσήσεις,
2765 4387 2860 4440 καὶ
2899 4385 3038 4451 ζῶόν
3069 4403 3128 4439 σε
3164 4386 3383 4455 λογικὸν
3424 4391 3876 4459 κατασκευάσας,

2264 4469 2359 4522 καὶ
2391 4469 2570 4523 πάντα
2603 4485 2685 4522 σοι
2721 4470 2789 4522 τὰ
2821 4469 3001 4538 ἀγαθά
3031 4470 3139 4540 πρὸ
3171 4469 3518 4533 διαπλάσεως
3549 4474 3876 4544 ἑτοιμάσας,

2264 4553 2384 4616 πῶς
2413 4570 2473 4606 σε
2500 4552 2899 4607 διαπλασθέντα
2925 4552 3248 4624 παρόψεται,
3287 4555 3386 4620 Ὃς
3415 4556 3738 4612 ἀνατέλλει
3760 4559 3880 4613 τὸν

2263 4635 2445 4702 ἣλιον
2469 4635 2656 4690 αὐτοῦ
2683 4635 2781 4689 ἐπί
2814 4636 3122 4704 πονηροὺς
3146 4635 3245 4690 καί
3285 4638 3571 4706 ἀγαθοὺς,
3601 4641 3701 4694 καὶ
3726 4642 3880 4709 βρέ-

2263 4735 2354 4787 χει
2390 4718 2490 4773 ἐπί
2533 4717 2803 4783 δικαίους
2839 4718 2937 4771 καὶ
2975 4719 3257 4785 ἁδίκους;
3298 4718 3486 4791 Τούτῳ
3515 4722 3696 4775 τοίνυν
3732 4724 3874 4796 θαῤ-

2266 4801 2396 4874 ρῶν,
2425 4802 2524 4872 τὴν
2566 4802 2845 4872 ἐφήμερον
2892 4801 3058 4871 μόνην
3097 4803 3236 4854 αίτει
3285 4803 3512 4874 τροφὴν,
3539 4805 3639 4875 τῆς
3672 4806 3731 4862 δὲ
3769 4807 3877 4860 αὖ-

2267 4902 2380 4959 ριον
2414 4883 2564 4955 αύτῷ
2595 4883 2862 4937 κατάλιπε
2894 4884 2989 4954 τὴν
3021 4884 3302 4955 φροντίδα,
3352 4886 3429 4948 ὡς
3479 4886 3572 4939 καὶ
3613 4890 3641 4941 ό
3689 4891 3903 4958 μακά-’

2267 4987 2378 5041 ριος
2406 4968 2559 5038 ἔλεγε
2586 4965 2782 5020 Δαυίδ·
2827 4967 3176 5036 Ἐπιρριψον
3210 4968 3309 5022 ἐπὶ
3356 4969 3580 5038 Κύριον
3614 4970 3732 5039 τὴν
3762 4973 3876 5042 μέ.

2256 5052 2481 5121 ριμνάν
2501 5069 2638 5117 σου,
2667 5051 2764 5104 καί
2797 5052 2978 5115 αὑτός
2997 5065 3070 5103 σε
3095 5051 3418 5121 διιιθρέψει.
3460 5053 3618 5107 Οῦτω
3642 5054 3732 5109 διὰ
3758 5058 3876 5114 τῶν

2264 5135 2568 5207 εἰρημένων
2596 5134 2696 5205 τὴν
2728 5133 2904 5204 άκραν
2940 5133 3302 5198 ἐκπαιδεύσας
3347 5136 3688 5205 φιλοσοφίαν,
3713 5139 3873 5204 είδὼς

2265 5220 2346 5272 ὃτι
2369 5219 2477 5271 τῶν
2500 5217 2776 5271 ἀδυνάτων
2810 5218 2974 5279 ἐστὶν,
2999 5216 3095 5268 ἀνθ
3107 5216 3320 5286 ρώπους
3353 5219 3513 5282 ὄντας
3543 5224 3637 5274 καὶ
3673 5220 3871 5293 θνητὸν

2268 5302 2426 5372 σῶμα
2451 5299 2865 5372 περικειμένους
2891 5300 2964 5369 μὴ
2993 5301 3224 5366 πταίειν,
3277 5301 3482 5367 ἐδίδαξε
3518 5303 3721 5370 λέγειν·
3759 5308 3869 5358 Καὶ

2267 5385 2414 5454 ἄφες
2447 5383 2594 5454 ἡμῖν
2650 5381 2720 5434 τὰ
2769 5382 3141 5451 ὀφειλήματα
3172 5382 3364 5452 ἡμῶν,
3411 5385 3492 5448 ὡς
3538 5385 3639 5438 καί
3694 5388 3869 5455 ἡμεῖς

2265 5471 2516 5538 ἀφίεμεν
2553 5467 2677 5532 τοῖς
2725 5467 3057 5534 ὀφειλέταις
3111 5466 3297 5535 ἡμῶν.
3351 5468 3490 5536 Τρία
3531 5472 3654 5522 κατ’
3702 5472 3870 5524 αὑτὸν

2266 5553 2444 5621 ἀγαθὰ
2480 5551 2567 5605 διὰ
2595 5549 2744 5604 τοῦδε
2783 5549 2877 5602 τοῦ
2908 5550 3065 5614 λόγου
3096 5551 3576 5620 πραγματεύεται·
3602 5555 3730 5618 τοὺς
3764 5561 3864 5625 μὲν

2330 5777 2357 5815 b
2383 5778 2487 5827 Duo
2508 5789 2622 5824 mss,
2652 5775 3037 5837 φλεγμαινούσας,
3063 5774 3138 5822 καὶ
3165 5775 3225 5832 εἰς
3246 5776 3415 5831 ἡδονὰς
3455 5779 3792 5838 ἐκμαινούσας,
