4058 6398
194 304 256 361 ιδ
899 304 988 360 DE
1028 301 1348 361 ANGUSTA
1391 294 1644 373 PORTA,
1688 301 1817 360 ET.

1926 298 2325 359 ORA'TIONEM
2367 294 2770 356 DOMINICASI.
3444 287 3514 342 liii

190 420 318 475 facit
340 419 636 487 hominem,
661 433 721 474 se
743 433 808 474 ex
838 416 1057 474 homine
1076 417 1277 473 factum
1303 432 1423 473 esse
1455 417 1668 474 leonem
1697 431 1795 487 pro

191 511 367 568 nihilo
396 512 542 569 ducit
573 530 587 567 :
618 511 693 566 illi
722 527 841 583 qua:
885 526 1048 582 supra
1094 518 1341 566 naturam
1383 519 1510 566 sunt
1534 509 1794 579 impertit,

190 602 293 660 sibi
347 619 469 676 qua
509 616 697 659 contra
750 611 995 658 naturam
1041 611 1168 658 sunt
1212 600 1483 657 adsciscit.
1517 599 1801 670 Quomodo

191 697 357 773 igitur
398 694 519 753 talis
543 710 670 751 cum
694 696 785 763 sit,
818 695 991 750 Deum
1025 693 1221 765 poterit
1247 694 1521 764 appellare
1547 691 1800 748 Patrem?

189 786 448 857 Quisquis
470 786 631 857 igitur
656 803 779 858 erga
804 786 1110 856 proximum
1133 786 1280 841 mitis
1303 785 1677 855 humanasque
1692 794 1797 851 est,

190 878 396 949 quique
440 877 494 933 in
534 893 593 933 se
623 886 909 948 peccantes
938 892 1046 933 non
1078 876 1377 940 ulciscitur,
1402 874 1499 932 sed
1524 874 1803 932 beneﬁciis

192 968 424 1039 injurias
462 957 565 1025 sibi
612 970 786 1024 illatas
824 978 1170 1035 remunerat,
1204 968 1251 1024 is
1286 968 1334 1023 si
1362 968 1531 1024 Deum
1569 967 1806 1037 appellet

194 1061 436 1127 Patrem,
460 1077 567 1117 non
624 1077 752 1117 reus
795 1061 993 1131 agitur.
1042 1059 1316 1116 Orationis
1361 1061 1468 1116 vim
1519 1060 1804 1131 diligenter

192 1152 444 1219 adverte,
473 1152 745 1223 quomodo
774 1152 930 1207 nobis
960 1161 1205 1208 mutuum
1237 1160 1479 1208 amorem
1507 1151 1802 1222 prtecipiat,

192 1254 359 1317 atque
392 1246 635 1300 caritatis
664 1243 857 1301 all‘cctu
876 1260 1066 1301 omnes
1094 1245 1412 1317 coniungat.
1445 1245 1634 1316 Neque
1660 1245 1804 1299 enim

192 1339 380 1393 dicere
402 1337 581 1408 jussit,
613 1336 772 1393 Pater
801 1336 897 1405 mi,
929 1337 1021 1407 qui
1056 1338 1135 1392 ’es
1183 1336 1237 1392 in
1296 1338 1480 1404 caelis;
1528 1336 1622 1392 sed
1652 1334 1809 1390 Pater

194 1440 391 1496 noster,
417 1431 504 1499 qui
526 1447 583 1486 es
607 1430 662 1485 in
686 1430 825 1486 aclis
850 1444 869 1495 ;
897 1441 956 1486 ut
980 1430 1160 1487 edocti
1192 1445 1292 1486 nos
1326 1445 1670 1486 communem
1711 1429 1810 1484 ha-

197 1522 330 1579 bere
360 1520 611 1587 Patrem,
648 1519 954 1585 fraternam,
973 1529 1161 1577 mutuo
1188 1520 1623 1580 benevolentiam
1654 1519 1812 1577 exhi-

197 1612 443 1668 beamus.
474 1611 679 1669 Deinde
726 1628 825 1668 nos
874 1612 1104 1667 instituit
1128 1621 1185 1667 ut
1222 1622 1422 1667 terram
1455 1613 1805 1684 tcrrenaque‘

199 1702 595 1773 relinquamus,
648 1717 750 1758 nec
788 1702 1017 1757 terrenis
1059 1703 1349 1769 inhiemus,
1380 1702 1475 1759 sed
1517 1703 1813 1773 assumptis

200 1786 327 1849 ﬁdei
354 1794 478 1858 alis,
504 1809 605 1865 per
632 1808 814 1849 aerem
849 1794 1095 1849 volemus
1131 1793 1445 1865 aetheraque
1469 1793 1813 1865 transcenda-

198 1899 354 1951 mus,
386 1894 442 1940 et
470 1900 631 1957 quem
662 1899 922 1940 vocamus
950 1885 1165 1941 Patrem
1194 1901 1525 1956 quaeramus,
1552 1886 1813 1957 jubetque

199 1975 405 2041 dicere,
440 1973 598 2029 Pater
641 1985 829 2040 noster,
865 1977 954 2047 qui
996 1993 1048 2031 es
1082 1977 1135 2031 in
1164 1977 1322 2041 caelis,
1355 1993 1466 2032 non
1496 1977 1640 2048 quod
1673 1978 1814 2033 Deus

200 2066 255 2122 in
281 2068 435 2123 caelis
461 2076 670 2124 tantum
704 2070 796 2135 sit,
830 2068 925 2123 sed
959 2078 1016 2123 ut
1060 2084 1162 2123 nos
1192 2069 1246 2124 in
1272 2079 1416 2125 terra
1446 2070 1714 2125 volutatos
1745 2069 1811 2125 ad

198 2159 397 2214 caelum
446 2159 841 2230 respiciendum
887 2160 1140 2227 inducat,
1188 2161 1451 2232 nobisque
1501 2162 1799 2217 caelestium

199 2248 471 2304 bonorum
501 2248 900 2319 pulchritudine
923 2250 1204 2305 illustratis
1232 2250 1284 2306 id
1305 2250 1569 2319 conferat,
1603 2259 1661 2306 ut
1686 2266 1816 2307 con-

202 2341 538 2412 cupiscentia
569 2350 752 2396 nostra
781 2351 891 2399 tota
918 2358 986 2398 eo
1017 2343 1345 2399 traducatur.

276 2432 331 2487 4.
360 2431 665 2487 Secundam
704 2432 899 2490 deinde
925 2434 1219 2489 clausulam
1250 2434 1434 2505 adjicit
1464 2452 1478 2490 :
1512 2435 1818 2506 Sancti/ice-

202 2532 287 2577 tur
330 2540 516 2577 nomen
563 2532 724 2577 tuum.
770 2524 849 2580 Ne
875 2526 996 2595 quis
1034 2541 1164 2581 vero
1205 2525 1521 2596 insipienter
1547 2527 1820 2582 existimet

202 2613 649 2669 sanctificationis
685 2616 1051 2671 accessionem
1094 2617 1204 2674 Deo
1249 2618 1490 2685 attribui,
1522 2616 1650 2673 dum
1680 2618 1819 2674 dici-

204 2713 316 2771 tur,
350 2704 719 2774 Sanctiﬁcetur
760 2722 944 2761 nomen
991 2716 1131 2761 tuum
1163 2722 1183 2762 :
1210 2719 1430 2763 sanctus
1466 2710 1609 2763 enim
1640 2719 1743 2777 est,
1767 2718 1822 2765 et

202 2797 431 2853 omnino
478 2808 721 2865 sanctus,
774 2807 827 2853 et
872 2810 1180 2855 sanctorum
1233 2801 1621 2856 sanctissimus.
1672 2802 1822 2858 Hanc

206 2899 387 2944 autem
420 2890 521 2959 ipsi
551 2889 766 2946 laudem
812 2890 1045 2947 oﬁ‘erunt
1073 2892 1377 2963 Seraphim,
1410 2894 1489 2949 sic
1518 2893 1821 2951 incessabili

207 2995 344 3035 voce
372 2982 711 3037 clamantes:
743 2983 990 3051 Sanctus,
1051 2996 1286 3051 sanctus,
1326 2995 1532 3041 sanctus
1570 2987 1824 3044 Dominus

209 3073 443 3129 Sabaoth
477 3092 495 3131 :
524 3076 730 3147 plenum
750 3086 824 3133 est
844 3080 1026 3133 caelum
1056 3090 1101 3134 et
1125 3090 1259 3135 terra
1288 3082 1451 3151 gloria
1477 3082 1587 3152 ejus
1612 3081 1821 3153 (Πρωὶ.

207 3166 264 3220 6.
298 3168 379 3239 3).
405 3168 510 3224 Sed
538 3170 992 3240 quemadmodum
1024 3174 1081 3241 ii,
1123 3175 1211 3245 qui
1240 3190 1397 3246 reges
1427 3177 1825 3233 acclamationi-

210 3259 311 3314 bus
340 3262 641 3331 excipiunt,
681 3279 743 3318 ac
771 3264 946 3335 Reges
973 3266 1436 3339 lmperatoresque
1465 3280 1677 3337 vocant,
1716 3288 1823 3329 non

212 3352 320 3407 illis
352 3353 406 3407 id
436 3353 738 3409 attribuunt
764 3357 908 3425 quod
937 3372 1042 3412 non
1085 3358 1302 3425 habent,
1333 3359 1427 3415 sed
1452 3360 1595 3431 quod
1628 3362 1827 3419 habent

211 3443 462 3499 laudibus
502 3446 778 3501 celebrant
804 3465 815 3499 :
843 3448 914 3502 ita
964 3457 1019 3503 et
1049 3464 1148 3505 nos
1179 3465 1285 3505 non
1332 3466 1473 3517 eam,
1501 3468 1621 3523 qum
1649 3453 1823 3522 absit,

211 3536 552 3591 sanctitatem
585 3537 695 3593 Deo
720 3538 999 3595 oﬁ'crimus
1025 3556 1147 3597 cum
1175 3542 1429 3609 dicimus,
1465 3545 1827 3616 Sanctiﬁcetur

214 3643 399 3681 nomen
429 3638 592 3697 tuum,
635 3631 731 3686 sed
773 3647 915 3700 eam,
958 3650 1077 3704 quae
1107 3636 1269 3702 inest,
1313 3637 1557 3693 laudibus
1584 3640 1828 3697 celebra-

213 3738 339 3777 mus
372 3741 384 3775 :
415 3738 538 3777 nam
585 3725 735 3792 illud,
787 3723 1185 3796 Sanctiﬁcatur,
1233 3728 1465 3801 idipsum
1514 3742 1599 3787 est
1643 3734 1784 3803 quod
1810 3777 1825 3801 ,

212 3815 565 3881 gloriﬁcatur.
600 3815 710 3872 Hac
739 3817 919 3889 itaque
954 3834 1087 3875 voce
1116 3820 1395 3888 docemur,
1430 3832 1488 3878 ut
1514 3825 1674 3879 vitam
1705 3840 1828 3880 cum

214 3906 414 3962 virtute
441 3906 725 3972 ducamus,
757 3919 812 3965 ut
839 3926 957 3965 eam
988 3911 1231 3968 videntes
1262 3912 1528 3978 homines,
1559 3917 1827 3973 caelestem

214 3996 434 4053 Patrem
464 4010 711 4056 nostrum
756 4002 1080 4072 gloriﬁcent,
1110 4014 1169 4071 ut
1196 4005 1323 4061 alibi
1362 4007 1559 4065 dicitur
1590 4029 1601 4065 :
1638 4010 1829 4067 Luceat

212 4086 310 4142 tua:
356 4098 518 4144 uestra
556 4107 729 4146 coram
767 4094 1074 4164 hominibus,
1118 4080 1173 4151 ut
1220 4099 1423 4153 videant
1465 4118 1619 4172 apem
1666 4116 1830 4159 vestra

214 4182 368 4245 bona,
396 4192 446 4238 et
487 4184 770 4254 gloriﬁcent
813 4186 1024 4243 Patrem
1071 4201 1309 4258 vestrum,
1360 4196 1447 4264 qui
1490 4196 1541 4249 in
1579 4198 1717 4253 cwlis
1756 4210 1829 4255 est

214 4272 431 4343 (Matth,
464 4275 518 4331 5.
552 4276 667 4350 16).
696 4278 887 4335 Postea
918 4282 1211 4340 edocemur
1239 4285 1441 4355 dicere,
1477 4289 1723 4346 Adveniat
1743 4310 1825 4348 re—

210 4384 373 4439 gnum
413 4380 557 4424 tuum
588 4391 606 4426 :
638 4375 1102 4443 perturbationum
1160 4382 1525 4451 corporalium
1583 4387 1826 4455 oppressi

213 4462 518 4539 tyrannide,
551 4474 605 4520 et
635 4470 905 4522 sescentis
934 4472 1291 4527 tentationum
1330 4476 1613 4532 insultibus
1653 4479 1826 4551 impe-

209 4557 319 4623 titi,
352 4558 445 4613 Dei
477 4574 647 4631 regno
692 4576 938 4633 egemus,
976 4574 1032 4619 ut
1072 4577 1353 4636 peccatum
1403 4586 1509 4626 non
1553 4583 1741 4643 regnet
1772 4576 1825 4631 in

208 4649 428 4706 mortali
471 4668 698 4722 corpore
747 4667 934 4713 neatro
975 4657 1155 4729 (Rom.
1193 4662 1246 4717 6.
1282 4662 1403 4734 12),
1440 4664 1509 4718 ita
1552 4674 1611 4720 ut
1656 4666 1727 4722 illi
1772 4668 1824 4722 in

205 4740 596 4810 cupiditatibus
648 4746 1041 4819 obsequamur,
1098 4759 1262 4822 utque
1314 4770 1420 4809 non
1477 4756 1827 4814 exhibeamus

200 4829 456 4887 membra
491 4844 681 4891 nostra
725 4852 873 4891 arma
921 4840 1221 4911 iniquitatis
1264 4855 1504 4915 peccato,
1550 4848 1644 4902 sed
1673 4850 1827 4904 exhi-

206 4922 436 4981 bcamus
462 4941 615 4983 arma
655 4928 883 4999 justitia:
914 4931 1045 5001 Deo,
1074 4944 1128 4989 et
1158 4935 1291 5007 Regi
1320 4939 1643 4996 saeculorum
1687 4943 1827 4997 mili-

206 5027 405 5075 tcmus.
439 5020 521 5074 Ad
553 5020 668 5078 haec
695 5023 856 5079 etiam
898 5027 1180 5093 docemur,
1212 5045 1281 5084 ne
1311 5042 1632 5101 prmscntem
1660 5036 1823 5090 vitam

206 5111 385 5181 magni
419 5109 700 5181 faciamus,
759 5117 855 5172 sed
898 5122 1182 5189 prmsentia
1222 5121 1602 5194 despiciamus,
1647 5126 1824 5185 futura

206 5221 363 5272 vero,
416 5214 602 5277 utpote
641 5212 911 5265 manentia
969 5216 1436 5285 concupiscamus,
1487 5228 1541 5274 et
1594 5235 1822 5294 regnum

204 5297 341 5353 illud
368 5315 675 5369 quaeramus
717 5304 955 5371 cmleste,
985 5319 1381 5387 aeternumque,
1413 5327 1513 5366 nec
1544 5316 1824 5383 praesenti-

202 5390 309 5445 bus
344 5393 708 5462 voluptatibus
738 5394 1079 5464 bmreamus;
1123 5415 1230 5454 non
1263 5401 1449 5458 formae
1493 5418 1781 5475 corporum
1805 5447 1820 5471 ,

204 5496 317 5537 non
348 5485 589 5554 pecunia:
616 5488 692 5553 vi,
739 5503 845 5543 non
875 5493 1274 5559 posscssionum
1310 5493 1672 5562 abundantiae,
1716 5515 1823 5553 non

202 5590 537 5646 gemmarum
569 5580 997 5650 magniﬁcentim,
1032 5586 1138 5639 non
1168 5584 1361 5639 mdium
1390 5588 1686 5656 splendori,
1716 5604 1823 5645 non

201 5667 449 5736 imperiis
478 5677 533 5724 et
560 5670 880 5727 militaribus
903 5674 1260 5743 pra'l'ecturis,
1286 5693 1392 5732 nou
1418 5696 1690 5750 purpurae,
1713 5698 1821 5739 non

273 5757 290 5790 ⁸
326 5760 398 5809 sic
420 5773 592 5813 omnes
619 5770 724 5814 uss.
751 5764 871 5815 Editi
891 5778 1010 5817 vero
1032 5780 1129 5817 non
1153 5767 1356 5828 habent,
1381 5779 1685 5836 terrenaque.

1912 414 2224 484 diademati,
2254 428 2360 471 non
2388 411 2627 485 opsoniis
2656 418 2710 467 et
2753 408 2913 465 lautis
2958 406 3153 477 epulis,
3180 417 3383 474 neque“
3401 402 3519 457 aliis

1904 506 2069 577 qnibu
2080 505 2239 562 slibet
2266 520 2479 570 eorum,
2520 520 2641 575 quae
2667 515 2863 559 sensus
2910 505 3128 555 nostros
3157 498 3401 553 inescare
3426 509 3515 548 so-

1907 598 2056 663 lent;
2083 595 2180 652 sed
2218 595 2284 650 iis
2312 594 2563 651 omnibus
2589 593 2769 649 valere
2788 590 2976 663 jussis,
3010 603 3236 660 regnum
3262 585 3520 642 caelorum

1906 687 2277 743 indesinenter
2291 698 2630 758 appetamus.
2652 684 2803 741 Hauc
2818 698 2950 739 vero
2969 684 3218 737 virtutem
3235 687 3546 756 postquam.

1908 797 2007 837 nos
2046 780 2250 847 docuit,
2296 780 2478 835 dicere
2512 778 2668 850 jubet
2700 794 2715 831 :
2746 776 2867 830 Fiat
2903 774 3136 830 voluntas
3183 780 3271 826 tua
3297 771 3427 826 sicut
3468 768 3551 821 inv.

1909 874 2031 927 ca'lo
2055 883 2102 927 et
2131 874 2184 926 in
2213 884 2369 930 terra.
2395 872 2683 941 Postquam
2702 870 2846 926 enim
2871 866 3029 923 nobis
3049 866 3351 921 futurorum
3374 877 3524 917 amo-

1910 980 2024 1020 rem
2052 963 2264 1031 indidit,
2293 979 2504 1021 necnon
2541 962 2690 1032 regni
2728 961 2963 1041 czelestis
2988 955 3478 1028 concupiscentiam
3506 995 3521 1020 ,

1912 1056 2016 1111 hoc
2050 1056 2365 1111 vulneratos
2391 1054 2664 1111 desiderio
2692 1053 2760 1108 ad
2793 1054 2909 1108 haec
2933 1050 3160 1108 dicenda
3204 1056 3523 1119 comparat,

1914 1147 2037 1203 Fiat
2062 1149 2298 1203 uoluntas
2327 1157 2435 1217 tua,
2465 1147 2596 1202 sicut
2640 1147 2694 1201 in
2718 1146 2844 1221 aeto
2869 1154 2918 1200 et
2944 1145 2998 1199 in
3029 1153 3182 1199 terra.
3217 1142 3291 1197 Da
3324 1140 3480 1197 nobis
3508 1180 3523 1205 ,

1913 1240 2106 1310 inquit,
2157 1238 2427 1305 Domine,
2476 1246 2536 1293 ut
2580 1238 2852 1293 caelestem
2901 1236 3049 1291 illam
3096 1234 3219 1311 vita:
3261 1232 3525 1288 rationem

1913 1346 2224 1405 sequamur,
2253 1340 2314 1387 ut
2340 1347 2425 1400 ea,
2450 1346 2569 1402 quae
2602 1334 2657 1385 tu
2688 1330 2789 1396 vis,
2817 1344 2917 1385 nos
2940 1329 3101 1385 etiam
3123 1327 3371 1383 velimus.
3400 1323 3530 1395 Opi-

1915 1424 2088 1479 tulare
2115 1424 2278 1496 igitur
2300 1422 2461 1479 debili
2486 1422 2783 1478 voluntatis
2814 1419 3113 1492 proposito,
3143 1416 3289 1493 quod
3318 1432 3380 1472 ea
3408 1431 3533 1487 qua:

1910 1515 2070 1587 jubes
2094 1514 2318 1587 exsequi
2347 1515 2517 1586 cupit,
2566 1512 2663 1571 sed
2690 1511 2935 1584 corporis
2975 1510 3291 1566 inﬁrmitate
3320 1520 3530 1578 praepe-

1916 1609 2062 1665 ditur
2094 1628 2107 1663 :
2141 1609 2357 1679 porrige
2384 1622 2601 1663 manum
2642 1621 2863 1662 currere
2909 1602 3130 1676 quidem
3177 1600 3485 1657 volentibus
3513 1641 3541 1666 ι

1918 1702 2013 1757 scd
2042 1700 2109 1756 ad
2143 1699 2555 1756 claudicandum
2594 1697 2815 1755 coactis.
2851 1697 2964 1752 Alis
2992 1696 3251 1751 instructa
3298 1700 3383 1748 est
3408 1690 3543 1748 ani-

1919 1808 2031 1859 ma,
2060 1792 2155 1848 sed
2199 1792 2343 1848 illam
2389 1806 2516 1847 caro
2554 1805 2771 1863 gravem
2802 1786 2968 1845 efﬁcit
2997 1804 3012 1853 ;
3046 1787 3164 1844 haec
3187 1785 3257 1843 ad
3293 1784 3540 1841 cmiestia.

1919 1886 2078 1943 velox
2106 1895 2209 1954 est,
2262 1886 2353 1940 illa
2388 1901 2518 1941 vero
2564 1885 2741 1955 gravis
2787 1891 2842 1937 et
2884 1882 2951 1937 ad
3000 1891 3210 1937 terrena
3256 1878 3530 1950 proclivis.

1922 1980 2077 2036 Adsit
2100 1978 2261 2034 modo
2281 1978 2540 2034 auxilium
2566 1987 2736 2041 tuum,
2764 1986 2819 2033 et
2844 1991 2927 2041 ea,
2956 1989 3077 2045 qua:
3102 1973 3221 2028 ﬁeri
3245 1988 3350 2028 non
3376 1987 3535 2042 posse

1880 2110 1883 2115 -
1920 2072 2192 2138 videntur,
2228 2070 2402 2126 facilia
2432 2069 2680 2126 evadent.
2711 2067 2833 2124 Fiat
2862 2068 3023 2139 igitur
3042 2066 3275 2121 uoluntas
3295 2073 3385 2118 tua
3402 2063 3535 2119 sicut

1921 2167 1974 2221 in
2006 2166 2129 2221 uelo
2156 2175 2201 2220 et
2230 2165 2284 2227 in
2309 2174 2463 2219 terra.

1994 2257 2049 2313 5.
2082 2256 2221 2326 Quia
2251 2270 2382 2311 vero
2428 2265 2627 2311 terram
2666 2258 3074 2318 commemorat,
3122 2258 3283 2322 atque
3327 2248 3413 2316 iis,
3443 2248 3536 2319 qui

1924 2366 1989 2404 cx
2016 2358 2159 2405 terra
2206 2348 2468 2418 procreati
2497 2356 2643 2413 sunt,
2687 2347 2740 2401 in
2772 2345 2967 2416 illaque
3005 2351 3291 2399 versantur
3319 2348 3537 2396 terreno

1923 2440 2103 2497 amicti
2147 2456 2396 2512 corpore,
2436 2438 2753 2511 congruenti
2781 2438 2904 2493 cibo
2931 2445 3015 2493 est
3039 2451 3195 2506 opus,
3229 2433 3537 2489 necessario

1924 2533 2199 2605 subjunxit
2228 2552 2239 2588 :
2272 2533 2469 2587 Panem
2498 2543 2729 2587 nostrum
2747 2528 3285 2601 supersubstantialem
3306 2528 3375 2581 du
3395 2526 3538 2588 nobis

1928 2629 2096 2683 hodie.
2130 2628 2331 2683 Panem
2376 2625 2948 2697 supersubstautiaiem
2991 2633 3176 2694 petere
3215 2622 3396 2693 jussit,
3429 2637 3559 2677 nmi.

1928 2722 1978 2775 in
2006 2719 2455 2777 delectamentum
2489 2761 2504 2787 ,
2538 2717 2632 2775 sed
2677 2719 2729 2772 iu
2758 2716 3094 2781 alimentum,
3137 2714 3279 2786 quod
3328 2714 3555 2770 dcccdit'

1926 2811 1993 2866 dc
2011 2826 2237 2881 corpore
2264 2813 2541 2881 supplens,
2563 2818 2616 2865 et
2638 2810 2907 2867 interitum
2936 2825 2999 2864 ex
3023 2808 3163 2864 fame
3190 2808 3424 2887 futurum
3448 2808 3547 2864 dem

1931 2902 2155 2972 pellens.
2198 2901 2312 2958 Non
2345 2903 2634 2958 instructas
2663 2902 2888 2971 dapibus
2918 2916 3133 2955 mensas
3167 2901 3207 2967 ',
3236 2917 3343 2955 non
3380 2916 3528 2971 opsut

1931 2994 2017 3048 nia
2045 2994 2215 3061 varia,
2260 3008 2367 3048 non
2413 2993 2675 3048 delicatos
2724 2991 3049 3047 ferculorum
3081 3002 3389 3062 apparatus,
3433 3009 3544 3047 non

1930 3087 2193 3159 pistorum
2239 3087 2485 3151 artiﬁcia,
2535 3103 2642 3143 non
2688 3086 2811 3142 vina
2856 3084 3025 3143 odore
3073 3085 3456 3153 demulceutia,
3488 3096 3543 3142 et

1931 3196 2050 3251 quae
2092 3181 2195 3236 alia
2236 3182 2470 3251 palatum
2500 3180 2793 3246 delectant,
2826 3190 3069 3235 ventrem
3098 3192 3348 3246 onerant,
3384 3196 3543 3235 men-

1935 3284 2043 3330 tem
2071 3274 2383 3340 obscurant,
2433 3280 2487 3329 et
2531 3273 2743 3343 corpori
2790 3274 2934 3328 vires
2976 3272 3181 3328 addunt
3225 3282 3284 3327 ut
3326 3274 3543 3329 insultet

1932 3366 2147 3430 animae,
2188 3380 2249 3420 ac
2282 3365 2486 3436 pullum
2539 3364 2738 3436 auriga:
2781 3364 3015 3420 reddunt
3071 3363 3380 3420 indocilem.
3426 3364 3543 3421 Non

1934 3457 2048 3513 haec
2079 3465 2137 3511 ut
2177 3471 2461 3527 poscamus
2490 3459 2665 3512 oratio
2706 3455 2907 3521 docuit,
2940 3455 3033 3511 sed
3067 3455 3550 3528 Supersubstantia-

1934 3553 2031 3606 lem
2054 3567 2258 3621 panem,
2288 3549 2341 3605 id
2358 3558 2462 3617 est,
2490 3548 2582 3621 qui
2610 3550 2663 3605 in
2689 3548 3043 3605 substantiam
3061 3550 3307 3620 corporis
3330 3549 3544 3609 transit,

1934 3659 2161 3713 eamque
2190 3642 2512 3698 conﬁrmare
2541 3650 2737 3715 potest.
2775 3641 2927 3697 llunc
2956 3657 3084 3697 vero
3115 3656 3309 3713 panem
3338 3656 3446 3696 non
3475 3640 3541 3697 ad

1935 3738 2159 3792 multum
2190 3752 2453 3793 annorum
2484 3752 2766 3792 numerum
2812 3746 2995 3806 petere
3032 3735 3299 3807 jubemur,
3330 3734 3425 3791 sed
3453 3735 3555 3805 qui

1934 3830 1999 3885 ad
2032 3829 2349 3885 hodiernum
2376 3838 2583 3885 tantum
2614 3828 2757 3885 diem
2784 3829 2915 3884 satis
2943 3827 3015 3883 sit
3043 3844 3058 3882 :
3088 3826 3267 3883 Nolite
3296 3868 3313 3896 ,
3346 3827 3552 3899 inquit,

1934 3924 2136 3979 solliciti
2163 3939 2270 3979 esse
2295 3923 2350 3977 in
2375 3923 2652 3978 crastinum
2686 3921 2900 3994 (Matth.
2939 3921 2995 3977 6.
3027 3921 3144 3993 54).
3170 3920 3281 3977 Cur
3301 3921 3445 3977 enim
3475 3921 3546 3977 de

1933 4018 2172 4072 crastino
2197 4016 2317 4086 quis
2346 4016 2607 4071 sollicitus
2636 4015 2741 4080 sit,
2769 4015 2861 4086 qui
2903 4029 3011 4069 non
3040 4015 3213 4083 ipsum
3254 4014 3398 4070 diem
3425 4028 3545 4069 cra-

1934 4110 2133 4165 stinum
2165 4118 2315 4165 certo
2355 4110 2571 4167 visurus
2596 4110 2705 4173 sit;
2738 4108 2833 4165 sed
2875 4107 2968 4180 qui
3011 4107 3252 4165 laborem
3276 4109 3543 4179 suscipit,

1936 4202 2165 4257 fructum
2188 4218 2296 4258 non
2316 4202 2600 4272 decerpit?
2631 4201 2685 4256 In
2710 4201 2821 4258 Deo
2848 4201 3009 4272 igitur
3036 4199 3285 4256 ﬁduciam
3312 4201 3541 4270 colloca,

1937 4295 2035 4363 Qui
2062 4296 2151 4351 dat
2195 4313 2361 4351 escam
2401 4296 2541 4351 omni
2589 4295 2733 4350 carni
2780 4293 2952 4367 (Psal.
2986 4294 3109 4350 155.
3154 4293 3272 4366 25).
3318 4292 3421 4363 Qui
3450 4294 3549 4351 tibi

1933 4403 2131 4460 corpus
2174 4387 2359 4455 dedit,
2401 4387 2745 4457 animamque
2790 4386 3091 4458 inspiravit,
3138 4395 3299 4457 teque
3344 4386 3551 4442 animal

1935 4482 2195 4539 rationale
2238 4481 2539 4550 constituit,
2568 4490 2730 4551 atque
2755 4481 2935 4536 omnia
2984 4479 3075 4534 tibi
3104 4478 3244 4535 bona
3273 4486 3399 4534 ante
3430 4478 3543 4533 for-

1934 4577 2225 4631 mationem
2268 4575 2608 4646 praeparavit,
2640 4573 2914 4644 quomodo
2947 4582 2999 4627 te
3037 4571 3327 4627 formatum
3354 4586 3541 4641 asper-

1932 4668 2165 4735 nabitur,
2212 4669 2315 4735 Qui
2360 4669 2520 4722 solem
2561 4683 2712 4721 suum
2755 4666 2881 4720 oriri
2925 4666 3047 4736 facit
3092 4681 3248 4737 super
3288 4665 3451 4719 malos
3498 4671 3544 4717 et

1931 4758 2109 4826 bonos,
2144 4768 2187 4826 et
2219 4760 2349 4829 pluit
2374 4776 2529 4829 super
2548 4759 2717 4830 justas
2748 4767 2795 4812 et
2823 4758 3039 4829 injustas
3071 4756 3283 4829 (Matth.
3316 4757 3369 4813 5.
3402 4756 3544 4827 45)?

1933 4852 2069 4907 Huic
2095 4851 2259 4922 igitur
2301 4850 2347 4906 si
2388 4850 2556 4918 ﬁdas,
2598 4850 2971 4921 quotidianum
3020 4858 3223 4905 tantum
3254 4846 3419 4920 posce
3446 4850 3542 4903 ali-

1933 4954 2195 5011 mentum,
2226 4944 2303 4999 illi
2334 4945 2554 4998 crastini
2583 4959 2765 4999 curam
2797 4944 3059 5015 relinque,
3088 4943 3542 5015 quemadmodum

1931 5048 1987 5093 et
2012 5037 2199 5093 beatus
2243 5035 2410 5091 David
2451 5034 2588 5091 dixit
2616 5053 2630 5090 :
2656 5034 2812 5089 Jacta
2852 5052 3005 5107 super
3048 5034 3325 5091 Dominum
3366 5052 3542 5091 curam

1930 5140 2093 5196 tuam,
2122 5139 2168 5185 st
2196 5129 2308 5198 ipse
2337 5138 2386 5185 te
2408 5129 2623 5184 snutriet
2651 5127 2829 5199 (Psal.
2857 5129 2948 5184 54.
2976 5127 3092 5199 23),
3125 5128 3199 5184 Ita
3227 5144 3349 5185 cum
3380 5144 3544 5200 supe-

1932 5224 2164 5282 rioribus
2210 5223 2392 5280 verbis
2432 5238 2739 5294 supremam
2787 5222 3180 5295 philosophiam
3224 5222 3547 5291 docuisset,

1929 5334 2129 5390 gnarus
2161 5317 2275 5374 ﬁeri
2316 5333 2424 5374 non
2453 5331 2637 5389 posse,
2669 5325 2728 5372 ut
2756 5332 2856 5373 nos
2899 5314 3150 5372 homines
3179 5316 3391 5371 mortali
3420 5331 3541 5371 cor-

1932 5426 2063 5481 pore
2100 5409 2417 5466 circumdati
2445 5424 2551 5465 non
2591 5408 2869 5476 cadamus,
2901 5408 3065 5465 etiam
3102 5407 3205 5464 hoc
3233 5407 3412 5464 dicere
3439 5408 3553 5461 do-.

1930 5504 2042 5559 cuit
2069 5519 2084 5558 :
2116 5500 2185 5555 Et
2210 5502 2403 5556 dimitte
2430 5501 2574 5557 nobis
2603 5501 2772 5557 debita
2798 5511 2993 5569 nostra,
3023 5501 3153 5555 sicut
3178 5509 3224 5554 et
3249 5516 3340 5555 nos
3368 5500 3540 5557 dimit-

1932 5597 2086 5651 timus
2112 5596 2419 5650 debitoribus
2442 5596 2645 5651 nostris.
2674 5595 2797 5651 Tria
2829 5594 2989 5649 simul
3016 5593 3153 5648 bona
3185 5593 3334 5649 hisce
3363 5594 3549 5651 verbis

2002 5711 2016 5742 ³
2054 5715 2157 5759 nuo
2180 5716 2309 5771 Mss"
2340 5722 2431 5760 non
2457 5721 2645 5762 mensas
2666 5708 2971 5763 luntritmtes
2995 5712 3042 5757 ct
3065 5706 3130 5757 ad
3154 5704 3439 5771 voluptatem
3461 5707 3540 5771 fu-

1935 5796 2043 5834 rerc
2060 5783 2303 5848 facientes.
3146 5781 3153 5787 ’
