4058 6400
538 278 609 334 47
1260 275 1318 332 8.
1358 271 1642 331 JOANNIS
1679 272 2133 331 οιιιιῖευδτοει

2244 273 2525 333 RCHIEP.
2570 274 3119 334 CONSTANTINOP.
3784 278 3856 330 ιη

540 403 793 459 operatur
826 409 839 449 :
869 408 961 448 eos
993 392 1095 463 qui
1110 389 1175 446 ad
1213 404 1482 446 summum
1523 390 1734 445 virtutis
1760 386 1982 460 gradum
2016 402 2142 457 per-

538 494 799 541 venerunt
845 486 911 540 de
940 500 999 539 se
1037 481 1381 539 mediocriter
1425 483 1627 539 sentire
1664 484 1849 549 docet,
1877 479 2137 550 iubetque

540 586 685 629 recte
713 574 865 629 factis
912 589 1018 629 non
1049 573 1343 641 confidere,
1387 572 1483 629 sed
1512 571 1797 629 formidare
1843 580 2003 641 atque
2032 579 2136 626 tre-

541 683 691 722 mere
737 668 1130 738 praeteritorum
1176 681 1443 723 memores
1480 676 1821 738 peccatorum
1856 682 1868 716 :
1903 663 2045 735 quod
2083 673 2137 719 et

538 760 749 814 divinus
799 758 999 833 Paulus
1029 758 1173 825 facit,
1207 768 1329 829 post
1376 769 1634 814 sexcenta
1686 756 1941 826 pra-clare
1987 765 2135 825 gesta

537 850 723 906 dicens
749 869 762 904 :
794 851 1049 917 Quoniam
1090 850 1318 905 Christus
1343 848 1497 905 Iesus
1534 850 1667 904 venit
1692 849 1747 902 in
1777 847 2025 900 mundum
2068 846 2136 900 ad

535 944 836 996 saluandam
863 950 1161 1012 peccatores,
1188 956 1401 1011 quorum
1422 940 1613 1009 primus
1637 955 1725 1010 ego
1751 956 1861 993 sum
1892 937 1967 1009 (1.
2000 935 2131 992 Tim.

536 1035 587 1087 i.
624 1033 736 1105 l5).
766 1033 882 1089 Non
935 1032 1089 1098 dixit,
1123 1032 1281 1087 Eram
1307 1071 1322 1095 ,
1351 1031 1469 1109 sed,
1494 1029 1625 1086 Sum
1652 1072 1668 1095 ,
1700 1040 2020 1100 praesentem
2075 1045 2135 1086 se

534 1141 750 1196 semper
793 1124 1089 1179 facinorum
1122 1129 1433 1179 memoriam
1483 1124 1684 1179 habere
1712 1124 2036 1194 signiﬁcans.
2069 1121 2135 1177 lis

536 1218 695 1288 igitur
719 1216 813 1287 qui
842 1216 891 1270 in
921 1230 1173 1287 supremo
1201 1214 1413 1270 virtutis
1445 1214 1614 1286 gradu
1642 1222 1789 1279 sunt,
1822 1228 1887 1269 ex
1918 1212 2134 1268 humili-

540 1315 646 1363 tate
675 1307 892 1363 tutelam
927 1322 1024 1378 per
1050 1305 1169 1361 haec
1211 1305 1374 1362 verba
1404 1304 1661 1376 paravit?
1692 1319 1786 1359 eos
1811 1312 2013 1370 autem,
2045 1302 2133 1373 qui

538 1407 659 1470 post
685 1399 939 1470 baptismi
965 1399 1187 1469 gratiam
1213 1398 1345 1468 lapsi
1376 1404 1522 1464 sunt,
1554 1396 1620 1451 de
1645 1396 1815 1451 salute
1848 1395 2136 1465 desperare

534 1505 631 1547 rna
657 1504 763 1545 non
792 1491 938 1553 sinit,
971 1490 1064 1545 sed
1095 1484 1254 1545 docet
1293 1487 1361 1542 ab
1390 1488 1689 1543 animarum
1716 1484 1926 1541 medico
1952 1492 2135 1555 petere

532 1584 704 1639 venia:
734 1582 989 1639 remedia.
1022 1581 1103 1637 Ad
1134 1583 1250 1637 inec
1288 1595 1419 1637 vero
1459 1578 1808 1635 humanitatis
1836 1577 2132 1634 doctrinam

536 1676 789 1746 suggerit.
815 1674 940 1730 Vult
962 1674 1105 1731 enim
1122 1688 1223 1731 nos
1243 1673 1401 1730 mites
1420 1687 1545 1744 erga
1573 1687 1667 1729 eos
1686 1686 1827 1736 esse,
1845 1670 1933 1741 qui
1964 1670 2135 1741 culpat

534 1777 658 1822 sunt
682 1767 921 1831 obnoxii,
945 1774 999 1822 et
1029 1766 1342 1837 injuriarum
1370 1765 1527 1820 nobis
1554 1764 1819 1818 illatarum
1858 1763 2137 1818 immemo-

534 1873 645 1927 res,
676 1867 734 1915 ut
762 1874 857 1930 per
883 1860 1093 1915 veniam
1125 1858 1255 1929 ipsis
1282 1859 1461 1913 datam
1491 1865 1547 1912 et
1574 1871 1671 1911 nos
1698 1856 1909 1913 veniam
1941 1869 2135 1911 conse-

536 1958 893 2021 quamurzet
942 1950 1039 2020 ipsi
1065 1958 1365 2020 praeeuntes
1417 1948 1760 2019 benignitatis
1812 1947 2027 2004 modum
2081 1956 2136 2004 et

540 2058 846 2099 mensuram
896 2042 1185 2098 efferamus
1218 2060 1232 2097 :
1266 2051 1469 2097 tantum
1512 2042 1656 2096 enim
1677 2041 1917 2111 recipere
1956 2050 2138 2111 postu-

535 2137 727 2199 lamus,
759 2144 1014 2205 quantum
1063 2135 1311 2206 proximo
1357 2136 1532 2206 largiti
1578 2149 1763 2190 sumus
1793 2152 1807 2188 :
1836 2143 1889 2189 et
1933 2142 2132 2189 tantam

536 2226 749 2281 veniam
795 2241 1065 2298 rogamus,
1105 2236 1360 2297 quantam
1391 2226 1727 2284 debitoribus
1764 2226 2130 2296 concedimus.

536 2318 864 2391 lnsuperque
892 2320 1071 2376 dicere
1098 2320 1374 2389 docemur,
1409 2320 1475 2376 Et
1507 2338 1570 2376 ne
1589 2339 1682 2376 nos
1711 2322 1922 2376 inducas
1946 2322 2000 2375 in
2024 2331 2134 2375 ten-

537 2410 797 2476 tan’onem,
824 2410 915 2465 sed
933 2410 1091 2465 libera
1120 2428 1210 2465 nos
1236 2429 1269 2467 α
1288 2410 1444 2467 maio.
1462 2411 1622 2467 Multa
1638 2428 1866 2483 namque
1890 2412 2042 2468 nobis
2069 2428 2133 2467 ex

524 2499 728 2567 ,diaboli
744 2514 906 2572 opera
920 2496 1184 2555 accedunt
1200 2498 1367 2578 tristia
1383 2518 1397 2555 :
1415 2499 1579 2557 multa
1590 2502 1715 2559 item
1731 2519 1794 2558 ex
1808 2502 2131 2571 hominibus,

534 2594 618 2647 vel
660 2594 836 2665 palam
856 2594 1076 2658 intestis,
1093 2591 1169 2647 vel
1191 2592 1321 2648 clam
1339 2594 1727 2651 insidiantibus.
1751 2596 1954 2664 Corpus
1971 2596 2129 2651 etiam

2250 388 2411 443 modo
2431 398 2615 445 contra
2637 389 2869 443 animam
2895 389 3356 461 insurgensgrave
3375 391 3632 449 damnum
3660 393 3851 461 infert;

2245 478 2407 536 modo
2434 479 2598 537 variis
2638 480 2969 536 debilitatum
3000 480 3221 550 morbis,
3251 481 3465 539 dolores
3500 484 3655 540 nobis
3683 496 3853 556 atque

2244 573 2530 643 languores
2574 573 2731 643 parit.
2764 572 2946 644 itaque
2985 588 3108 629 cum
3147 574 3310 629 multa
3355 586 3411 631 et
3441 578 3588 631 varia
3620 590 3720 632 nos
3752 594 3853 632 uno

2243 665 2408 736 dique
2435 665 2604 720 tristia
2631 666 2966 733 adoriantur,
2994 666 3063 721 ab
3086 666 3149 721 iis
3175 667 3421 722 omnibus
3443 678 3501 722 ut
3530 669 3857 744 liberemur,

2244 770 2271 809 a
2306 756 2417 811 Deo
2442 756 2815 812 universorum
2858 767 3044 828 petere
3087 756 3435 811 instituimur.
3467 756 3586 828 Ipso
3607 773 3855 827 namque

2242 847 2453 904 vindice
2481 847 2699 903 sedatur
2723 849 2900 904 omnis
2930 857 3241 919 tempestas,
3270 846 3461 903 tluctns
3500 850 3552 903 in
3581 849 3853 918 tranquil-

2244 940 2446 996 litatem
2474 940 2705 1006 cedunt;
2738 941 3110 1011 malignusque
3138 941 3227 997 ille
3258 940 3572 1011 pudefactus
3590 941 3852 1011 discedit,

2241 1030 2691 1101 quemadmodum
2734 1033 2861 1086 olim
2906 1032 3107 1087 relictis
3158 1031 3483 1097 hominibus,
3534 1032 3601 1087 ad
3650 1048 3853 1102 porcos

2242 1125 2489 1180 discessit
2518 1142 2531 1178 :
2565 1140 2740 1196 neque
2769 1134 2944 1181 tamen
2978 1124 3106 1180 illud
3149 1124 3382 1196 injussus
3426 1124 3603 1181 facere
3634 1136 3721 1182 est
3748 1143 3851 1181 au-

2239 1233 2351 1275 sus.
2381 1220 2482 1285 Qui
2511 1234 2637 1275 vero
2660 1234 2729 1275 ne
2760 1219 2812 1273 in
2844 1233 3040 1290 porcos
3060 1218 3277 1289 quidem
3303 1227 3626 1290 potestatein
3656 1218 3848 1285 habet,

2240 1324 2348 1381 quo
2376 1318 2532 1381 pacto
2560 1310 2803 1365 homines
2831 1309 3112 1379 pervigiles
3142 1310 3431 1379 animoque
3453 1317 3849 1379 temperantes,

2240 1400 2337 1456 Dei
2366 1413 2546 1471 septos
2586 1400 2853 1472 presidio,
2881 1400 2973 1471 qui
3006 1415 3132 1473 eum
3165 1398 3366 1471 Regem
3393 1414 3515 1456 esse
3557 1416 3715 1456 suum
3745 1416 3849 1471 pu-

2243 1501 2393 1559 tant;
2421 1494 2635 1547 vincere
2685 1492 2898 1561 possit?
2943 1492 3281 1563 Quapropter
3328 1491 3382 1547 in
3430 1490 3537 1547 ﬂne
3582 1494 3850 1548 orationis

2242 1584 2335 1640 Dei
2367 1600 2611 1656 regnum,
2657 1585 2912 1640 virtutem
2938 1594 2993 1639 et
3021 1584 3311 1654 potentiam
3350 1584 3589 1641 ostwdit
3612 1585 3801 1641 dicens
3832 1605 3848 1641 :

2244 1675 2497 1743 Quoniam
2533 1688 2672 1731 tuum
2711 1687 2785 1733 est
2814 1694 3024 1750 regnum
3067 1688 3113 1733 et
3140 1688 3359 1748 potestas
3386 1686 3432 1731 et
3470 1676 3637 1750 gloria
3666 1678 3720 1731 in
3753 1693 3849 1733 sc-

2241 1769 2379 1835 culn,
2411 1786 2560 1824 amen
2588 1769 2688 1841 (a).
2734 1768 2869 1837 Hoc,
2912 1770 3103 1841 inquit,
3135 1770 3233 1825 abs
3264 1778 3315 1825 te
3338 1780 3483 1840 peto,
3513 1768 3607 1839 qui
3638 1779 3691 1824 te
3723 1770 3849 1824 novi

2242 1860 2443 1932 Regem
2486 1862 2744 1929 omnium,
2774 1870 2980 1917 interno
3006 1861 3288 1932 praeditum
3325 1860 3572 1930 imperio,
3600 1860 3695 1931 qui
3726 1874 3848 1915 om-

2241 1953 2349 2019 nia,
2382 1967 2729 2024 quaecumque
2775 1953 2925 2018 velis,
2966 1962 3141 2023 potes,
3183 1961 3237 2007 et
3276 1951 3448 2023 gloria
3476 1949 3850 2006 circumdatus

2240 2059 2320 2108 es,
2353 2059 2511 2116 quam
2544 2060 2702 2101 nemo
2729 2045 2898 2111 possit
2923 2042 3153 2101 auferre.
3186 2044 3292 2100 Pro
3340 2044 3422 2099 his
3452 2054 3631 2099 autem
3664 2045 3849 2098 omni-

2240 2136 2339 2192 bus
2365 2136 2830 2208 gmtias'agamus
2858 2135 2944 2203 ei,
2990 2136 3079 2206 qui
3120 2149 3220 2191 nos
3268 2135 3429 2189 tantis
3472 2132 3726 2204 dignatus
3766 2142 3849 2189 est

2239 2228 2433 2293 bonis;
2467 2229 2591 2299 quia
2646 2228 2747 2297 ipsi
2794 2228 3043 2284 convenit
3087 2229 3264 2283 omnis
3306 2227 3473 2298 gloria
3500 2268 3516 2293 ,
3570 2226 3751 2283 honor
3795 2237 3882 2283 et.

2241 2320 2546 2390 imperium,
2596 2320 2761 2388 Patri,
2791 2319 2927 2375 Filio
2971 2329 3027 2375 et
3074 2320 3295 2391 Spiritui
3344 2328 3553 2384 sant-to,
3600 2334 3754 2377 nunc
3792 2329 3850 2377 et

2240 2424 2476 2480 semper,
2502 2418 2557 2466 et
2582 2412 2634 2466 in
2664 2410 2859 2465 srecula
2889 2410 3232 2466 steculorum.
3262 2411 3456 2465 Amen.

2301 2543 2374 2608 (a)
2408 2551 2519 2595 meo
2541 2552 2787 2608 postrema
2822 2543 3053 2599 clausula.
3094 2556 3205 2607 qua
3228 2526 3371 2593 abest
3392 2556 3422 2593 a
3446 2542 3670 2606 Vulgata,
3698 2542 3750 2592 in
3774 2544 3850 2591 Bi-

2237 2604 2553 2657 btiis'craecis'
2574 2604 2775 2668 legitur.

2014 3315 2364 3377 MONITUM

638 3530 788 3586 Hanc
814 3533 1092 3587 homiliam
1125 3550 1231 3589 non
1263 3533 1560 3604 publicavit
1600 3532 1866 3588 llenricus
1908 3534 2179 3601 Savilius;
2220 3533 2314 3589 sed
2355 3533 2504 3601 prior
2540 3547 2604 3587 ex
2649 3532 2887 3586 tenebris
2928 3546 2991 3586 ex
3038 3546 3148 3587 uno
3187 3540 3397 3586 tantum
3435 3531 3636 3586 Codice
3664 3532 3813 3586 eruit

566 3641 768 3698 Fronto
820 3642 1069 3700 Ducacus.
1102 3646 1266 3711 Anni,
1299 3662 1408 3717 quo
1438 3646 1619 3701 habita
1668 3645 1784 3701 haec
1825 3644 1947 3712 iuit,
1972 3646 2343 3715 temporisque
2375 3654 2585 3710 notam,
2636 3661 2757 3701 meo
2808 3645 3037 3715 judicio,
3072 3660 3183 3699 non
3235 3645 3456 3699 dubiam
3497 3646 3819 3715 suppeditat

559 3734 984 3828 Chrysostomus
1014 3763 1068 3816 in
1098 3764 1344 3829 exordio,
1375 3780 1498 3819 cum
1533 3766 1609 3819 ait
1648 3760 1706 3819 s'e
1748 3780 1920 3836 nuper
1946 3766 2014 3821 de
2048 3766 2374 3835 Paralytico,
2425 3766 2516 3835 qui
2550 3766 2712 3821 annis
2762 3765 2981 3835 triginta
3030 3772 3155 3819 octo
3202 3763 3514 3818 inﬁrmitate
3557 3762 3819 3819 detentus

560 3870 759 3938 iuerat,
792 3889 1098 3933 sermonem
1135 3879 1395 3937 habuisse
1429 3900 1443 3937 :
1480 3882 1569 3937 ubi
1602 3898 1719 3936 eam
1756 3897 2067 3937 memorare
2092 3888 2320 3953 prorsus
2348 3884 2559 3937 videtur
2594 3882 2895 3949 homiliam,
2931 3898 3094 3953 quam
3128 3896 3319 3937 contra
3351 3882 3643 3937 Anomteos
3670 3881 3811 3935 duo-

540 3986 824 4045 decimam
873 3990 1157 4058 posuimus
1198 3990 1371 4047 Tomo
1398 3992 1438 4047 l.
1468 3992 1524 4046 In
1570 3992 1658 4047 illa
1693 3994 1896 4064 quippe
1945 4003 2134 4050 contra
2177 3996 2475 4051 Anomteos
2511 3995 2782 4064 praecipue
2830 3994 3025 4065 agitur,
3064 3994 3421 4062 exemploque
3462 3991 3747 4062 paralytici
3778 4004 3812 4044 a

556 4103 748 4158 morbo
780 4104 987 4159 liberati
1017 4107 1279 4176 aequalem
1314 4118 1547 4177 paterna:
1570 4109 1691 4164 Filii
1724 4118 2043 4180 potestatem
2073 4118 2465 4165 commonstrat
2490 4108 2547 4163 S.
2581 4110 2814 4174 doctor;
2846 4107 2978 4178 quin
3016 4108 3179 4161 etiam
3217 4116 3275 4160 ut
3320 4105 3441 4160 Filii
3474 4122 3600 4161 cum
3646 4106 3811 4164 Patre

558 4218 915 4272 ate-faliutem
955 4227 1185 4283 asserat,
1226 4218 1371 4275 hunc
1404 4220 1678 4293 Evangelii
1717 4222 1921 4288 locum,
1968 4221 2133 4277 Pater
2168 4239 2308 4277 meus
2346 4240 2506 4293 usque
2546 4222 2698 4275 modo
2738 4232 3005 4291 aperutur,
3042 4232 3089 4273 et
3129 4237 3220 4290 ego
3262 4237 3466 4287 operor,
3505 4221 3812 4289 explanan-

555 4334 685 4386 dum
716 4334 961 4403 suscipit.
1000 4334 1137 4391 llinc
1167 4337 1328 4391 etiam
1362 4337 1507 4393 aliud
1540 4350 1918 4409 argumentum
1947 4340 2213 4404 eruimus,
2250 4356 2359 4409 quo
2392 4340 2653 4410 probatur
2684 4342 2825 4394 hanc
2859 4338 3137 4394 homiliam
3180 4339 3369 4407 paucis
3401 4349 3523 4408 post
3556 4338 3702 4393 illam
3736 4338 3809 4395 de

561 4446 669 4500 alio
694 4448 987 4519 paralytico
1015 4448 1207 4504 diebus
1238 4451 1640 4518 pronuntiatam
1672 4450 1877 4517 fuisse;
1910 4452 1962 4504 in
1990 4452 2091 4504 hac
2121 4452 2265 4504 enim
2301 4465 2519 4521 quoque
2548 4452 2621 4505 de
2653 4450 2772 4505 Filii
2806 4466 2928 4506 cum
2968 4451 3125 4506 Patre
3166 4451 3476 4521 aequalitate
3502 4451 3712 4520 aliqum
3747 4451 3800 4505 in

1937 4926 2433 5011 HOMILIA

533 5108 593 5152 IN
647 5107 1091 5153 PARAIXTICUM
1140 5102 1261 5149 PER
1302 5103 1561 5148 TBCTUM
1605 5102 1950 5157 DEHISSUM,
1997 5103 2134 5156 QUOl

2244 5104 2336 5147 [ΟΝ
2383 5104 2484 5146 SIT
2525 5102 2691 5158 ILLE,
2721 5102 2802 5143 DE
2834 5100 2960 5153 QUO
3010 5100 3172 5143 APUD
3218 5100 3514 5143 JOLNNEM
3549 5100 3818 5157 Ασιτυκς

1540 5246 1752 5299 neque
1796 5244 1948 5287 FlLll
1993 5248 2124 5289 cum
2170 5249 2374 5291 rarae
2421 5245 2855 5299 )EQUALITATE.

2015 5394 2029 5406 '
2061 5388 2325 5444 OIDIDlDiE

612 5524 635 5575 l
697 5521 826 5575 (Tum
860 5522 910 5575 in
942 5519 1289 5589 paralyticum
1315 5518 1461 5587 juxta
1512 5516 1765 5586 piscinam
1811 5518 1863 5570 in
1890 5515 2028 5570 lecto
2052 5515 2132 5584 ja-

538 5621 746 5664 ceutem
778 5626 946 5679 nuper
972 5608 1363 5672 incidissemus,
1395 5609 1616 5662 multum
1646 5618 1698 5661 et
1724 5608 1995 5675 ingentem
2020 5608 2132 5661 the-

541 5720 755 5760 samum
802 5703 1121 5769 invenimus,
1152 5718 1257 5758 non
1288 5713 1480 5759 terram
1512 5700 1844 5768 cﬂ'odicntes,
1878 5702 1972 5757 scd
2016 5701 2131 5771 ejus

2244 5512 2406 5567 animi
2452 5525 2607 5565 sensa
2658 5519 2955 5565 scrutantes
2987 5526 2997 5562 :
3027 5510 3333 5563 thesaurum
3389 5508 3689 5563 invenimus
3734 5525 3841 5564 non

2240 5620 2428 5659 aurum
2456 5614 2508 5657 et
2536 5602 2799 5673 pretiosos
2828 5600 3031 5669 lapides
3070 5601 3454 5665 continentem,
3482 5598 3573 5653 sed
3607 5599 3843 5655 toleran-

2242 5699 2388 5763 tiam,
2424 5694 2835 5765 philosophiam,
2871 5695 3203 5763 pattcntiam,
3234 5704 3286 5748 et
3318 5692 3537 5747 multaut
3571 5692 3624 5747 in
3670 5692 3843 5749 Deum
