4058 6394
268 317 342 373 49
1185 314 1251 371 lN
1292 316 1786 377 PARALYTICUM
1828 320 2168 379 DEMISSUM
2212 323 2349 381 PER
2389 325 2691 387 TECTUM.
3343 350 3346 353 λ
3516 334 3587 389 50

258 440 435 496 spem,
467 441 587 498 quin
612 441 752 484 auro
771 428 966 498 quovis
988 437 1047 485 et
1066 428 1215 485 lucro
1240 432 1430 501 quovis
1451 441 1532 487 est
1557 433 1867 502 pretiosior.

260 516 396 572 Nam
428 518 676 574 sensibus
713 520 930 589 quidem
962 520 1215 591 subjectae
1242 522 1441 578 divitia:
1489 524 1757 579 latronum
1787 525 1870 579 in—

258 607 442 674 sidiis,
475 608 927 680 sycophantarum
957 610 1173 683 linguis,
1203 614 1465 682 parietum
1505 614 1869 684 perfossormn

262 701 550 767 inanibus,
602 711 657 756 et
704 700 1023 758 famulorum
1070 705 1368 762 sceleribus
1415 717 1542 761 sunt
1583 708 1869 774 obnoxiae;

260 805 495 861 cumque
520 795 701 847 omnia
733 796 831 849 ista
852 796 1154 867 effugerint,
1186 809 1297 851 tum
1322 800 1615 853 maximam
1639 800 1873 854 dominis

260 883 561 952 perniciem
589 883 899 956 frequenter
922 898 1224 952 accersunt,
1254 889 1381 960 dum
1411 891 1713 947 invidorum
1742 908 1873 947 ocu-

260 973 348 1030 los
379 976 635 1042 excitant,
662 984 719 1031 et
746 979 977 1047 pericula
1004 988 1195 1035 creant
1222 982 1501 1037 innumera
1527 1001 1539 1035 :
1565 984 1873 1054 spirituales

260 1077 444 1122 autem
475 1068 680 1123 divitia:
710 1069 993 1139 petitiones
1023 1072 1152 1127 istas
1196 1088 1386 1129 omnes
1414 1074 1694 1145 effugiunt,
1726 1084 1782 1130 et
1806 1075 1875 1130 ab

262 1160 477 1230 injuriis
520 1162 640 1217 istis
686 1165 937 1219 omnibus
984 1173 1111 1220 sunt
1149 1182 1440 1233 immunes,
1485 1183 1547 1223 ac
1595 1169 1870 1235 latrones,

266 1253 533 1320 parietum
581 1252 936 1322 perfossores,
986 1257 1229 1320 invidos,
1273 1257 1653 1328 sycophantas,
1702 1260 1874 1330 ipsam

260 1344 495 1415 denique
524 1357 755 1401 mortem
774 1356 1151 1418 aspernantur.
1175 1348 1291 1403 Non
1314 1350 1456 1405 enim
1478 1350 1678 1405 domini
1702 1360 1874 1406 morte

259 1436 614 1500 divelluntur,
640 1439 734 1494 sed
758 1449 868 1494 tum
900 1442 1131 1496 maxime
1157 1442 1321 1497 tutior
1347 1442 1404 1501 fit
1430 1444 1663 1502 dominis
1686 1460 1875 1504 earum

262 1530 540 1598 possessio
574 1549 587 1584 :
619 1545 742 1586 cum
792 1532 896 1590 illis
943 1535 1374 1607 peregrinantur,
1424 1546 1480 1593 et
1523 1540 1591 1593 ad
1641 1539 1873 1595 futuram

260 1622 622 1694 eommigraut
639 1622 819 1692 vitam,
841 1634 1079 1695 patronre
1102 1627 1235 1683 fiunt
1262 1630 1472 1685 illorum
1497 1632 1725 1697 eximiis,
1750 1649 1872 1687 cum

261 1715 462 1785 quibus
493 1716 622 1772 illuc
652 1717 1021 1790 discesserint,
1053 1731 1107 1777 et
1148 1722 1277 1793 ipsis
1307 1725 1594 1794 pr0pitium
1635 1725 1871 1796 judicent

264 1806 516 1862 reddunt.

340 1896 705 1966 Spiritualium
753 1916 909 1969 apum
975 1914 1162 1957 natura
1224 1907 1389 1976 qualis
1434 1908 1535 1971 sit;
1590 1906 1876 1979 Paralytici

263 1998 455 2056 quanta
481 1989 659 2043 virtus.
688 2020 759 2030 —
788 1992 893 2048 Has
923 1993 1230 2050 invenimus
1254 2012 1352 2051 nos
1395 2014 1608 2068 quoque
1662 2000 1874 2054 divitias

265 2077 557 2134 admodum
586 2083 835 2151 copiosas
866 2084 918 2138 in
951 2086 1230 2158 paralytiei
1264 2098 1444 2143 mente
1482 2088 1761 2153 defossas;
1793 2102 1870 2144 te-

267 2180 379 2226 stes
412 2187 507 2227 vos
529 2174 682 2241 estis,
713 2175 805 2245 qui
832 2159 1042 2232 summa
1073 2194 1198 2235 cum
1240 2182 1405 2235 animi
1453 2182 1733 2238 alacritate
1756 2184 1873 2240 illas

264 2266 517 2333 eruistis;
549 2277 856 2325 necatamen
885 2273 1205 2328 evacuastis.
1233 2274 1378 2329 Talis
1398 2274 1593 2345 quippe
1620 2277 1873 2345 spiritua-

265 2355 395 2410 lium
427 2367 507 2412 est
538 2373 699 2427 opum
724 2370 911 2416 natura
946 2380 959 2417 :
991 2362 1228 2419 influxus
1270 2380 1529 2436 aquarum
1572 2367 1871 2433 imitantur,

264 2446 348 2500 vel
371 2449 553 2519 potius
579 2449 786 2505 illarum
817 2455 1029 2524 capiam
1058 2456 1299 2523 vincunt,
1336 2467 1554 2529 tumque
1583 2460 1753 2531 magis
1775 2478 1873 2515 ex-

266 2536 513 2603 uberant,
558 2555 680 2594 cum
723 2542 903 2611 plures
956 2545 1175 2614 fuerint,
1215 2562 1245 2601 a
1295 2550 1493 2619 quibus
1530 2551 1869 2608 hauriuntur.

268 2628 406 2683 Dum
437 2632 580 2685 enim
632 2632 684 2686 in
730 2634 991 2707 cujusque
1036 2640 1279 2694 animum
1326 2640 1718 2712 ingrediuntur,
1766 2660 1871 2699 non

263 2721 598 2785 dividuntur,
623 2740 721 2781 nec
746 2726 1157 2797 imminuuutur,
1174 2732 1268 2787 sed
1300 2733 1366 2788 ad
1395 2734 1634 2804 singulos
1653 2736 1874 2805 integra:

261 2811 586 2881 adveniunt,
630 2825 686 2871 et
732 2818 873 2888 apud
921 2835 1015 2875 eos
1058 2832 1317 2891 perpetuo
1362 2834 1644 2879 morantur
1686 2827 1877 2881 incon-

260 2915 517 2976 sumptie,
548 2922 648 2963 nec
676 2908 909 2965 deficere
940 2922 1166 2981 possunt
1210 2929 1460 2985 umquam
1495 2934 1509 2970 :
1541 2917 1684 2986 quod
1712 2918 1870 2971 nimi-

260 3012 381 3051 rum
411 3007 523 3051 tum
550 2998 710 3053 etiam
739 3002 941 3056 evenit.
966 3003 1100 3057 Cum
1142 3006 1287 3060 enim
1318 3015 1425 3061 tam
1473 3010 1627 3064 multi
1669 3010 1722 3065 in
1750 3009 1871 3068 tbe-

260 3103 479 3145 saurum
501 3092 804 3160 inciderint,
824 3105 1078 3153 etomnes
1096 3099 1218 3155 inde
1239 3116 1335 3170 pro
1356 3102 1555 3156 viribus
1573 3103 1870 3161 hauserint:

260 3182 390 3250 quid
418 3197 521 3252 ego
544 3184 610 3239 de
632 3185 788 3240 vobis
843 3187 1069 3257 IOquor,
1119 3207 1241 3246 cum
1284 3208 1350 3247 ex
1394 3194 1485 3248 illo
1532 3205 1775 3265 tempore
1805 3196 1871 3252 ad

262 3272 407 3329 hunc
431 3291 599 3347 usque
625 3277 767 3332 diem
798 3280 1110 3338 innumeros
1138 3283 1514 3355 locupletarit,
1549 3298 1605 3343 et
1652 3290 1872 3362 integri-

263 3374 428 3419 tatem
454 3382 608 3421 suam
633 3369 898 3426 retineat?
919 3373 996 3427 Ne
1028 3375 1186 3445 igitur
1202 3377 1535 3444 spiritualem
1562 3380 1703 3436 hunc
1724 3400 1875 3453 quae-

262 3464 405 3509 stum
429 3467 701 3515 sectantes
728 3460 1116 3534 defatigemur,
1150 3468 1244 3521 sed
1274 3480 1532 3536 quantum
1588 3472 1639 3525 in
1690 3483 1870 3529 nostra

263 3558 530 3617 potestate
548 3553 709 3608 situm
743 3556 865 3621 erit,
895 3572 1037 3611 nunc
1056 3559 1217 3613 etiam
1242 3559 1576 3628 hauriemus,
1607 3581 1670 3618 ac
1693 3566 1875 3621 videa-

263 3655 384 3694 mus
410 3640 691 3697 Dominum
729 3644 1053 3716 benignum,
1086 3649 1361 3707 videamus
1406 3662 1461 3708 et
1508 3670 1725 3711 servum
1774 3674 1870 3726 pa-

270 3732 512 3789 tientem.
536 3734 772 3807 Triginta
801 3738 997 3808 quippe
1018 3748 1073 3795 et
1101 3750 1225 3797 octo
1252 3758 1422 3799 annos
1465 3760 1586 3800 cum
1620 3748 1870 3804 immedi-

262 3824 424 3878 cabili
457 3826 646 3881 morbo
675 3829 1041 3898 conflictatus,
1071 3846 1135 3888 ac
1166 3844 1425 3905 perpetuo
1474 3836 1868 3908 diverberatus,

264 3932 371 3973 non
402 3934 547 3991 regre
577 3921 717 3987 tulit,
743 3939 850 3977 non
876 3924 1245 3995 blasphemum
1272 3930 1493 3985 verbum
1522 3936 1722 4000 emisit,
1757 3951 1864 3993 non

263 4010 576 4067 Creatorem
598 4018 887 4083 accusavit,
912 4019 1007 4075 sed
1039 4022 1307 4090 patienter
1335 4026 1696 4083 calamitatem
1725 4029 1869 4086 illam

261 4112 317 4158 et
344 4092 513 4159 multa
537 4120 660 4161 cum
692 4109 854 4165 animi
886 4112 1137 4182 :equitate
1166 4115 1448 4171 tolerabat.
1475 4118 1631 4175 Unde
1659 4138 1788 4177 vero
1817 4125 1870 4178 id

261 4197 515 4252 constat?
567 4198 709 4255 dicet
762 4203 999 4272 aliquis:
1033 4222 1206 4277 neque
1246 4210 1389 4264 enim
1433 4211 1501 4266 de
1543 4216 1870 4281 prtecedenti

260 4288 383 4358 ejus
406 4289 511 4345 vita
541 4291 686 4347 clare
711 4294 984 4365 Scriptura
1014 4314 1115 4354 nos
1136 4300 1337 4369 docuit,
1374 4304 1471 4359 sed
1498 4322 1620 4361 eum
1656 4310 1869 4380 triginta

262 4389 387 4435 octo
406 4396 580 4437 annos
606 4386 782 4455 egisse
810 4388 861 4441 in
891 4389 1199 4448 infirmitate
1220 4411 1315 4450 sua
1346 4396 1679 4474 declaravit(
1709 4402 1865 4459 Joan.

262 4472 315 4565 ξ.
354 4472 413 4545 5)
441 4490 455 4527 :
488 4476 631 4545 quod
658 4491 839 4534 autem
869 4497 977 4537 non
1023 4500 1166 4555 aegre
1196 4488 1398 4555 tulerit,
1425 4507 1525 4547 nec
1565 4472 1872 4565 indignatus

261 4564 362 4630 sit,
426 4572 1004 4641 nequestomachatus,
1064 4576 1165 4632 hoc
1220 4594 1326 4635 non
1383 4581 1586 4640 diserte
1642 4564 1866 4643 addidit.

261 4656 517 4713 Attamen
549 4657 652 4715 hoc
690 4663 852 4717 etiam
904 4666 1299 4737 subindicavit,
1336 4674 1380 4728 si
1421 4676 1541 4745 quis
1587 4678 1873 4749 diligenter

261 4752 522 4817 attendat,
553 4762 607 4808 et
632 4770 738 4809 non
771 4758 1131 4825 perfunctorie
1159 4775 1213 4818 et
1241 4768 1702 4825 oscitanter.Cum
1725 4774 1869 4828 enim

262 4845 417 4901 audis
447 4862 593 4914 eum,
618 4851 965 4907 accedentem
992 4854 1287 4924 Christum,
1312 4862 1401 4929 qui
1431 4872 1589 4917 notus
1632 4866 1731 4933 ipsi
1761 4883 1869 4922 non

264 4946 401 5004 erat,
427 4938 521 4993 sed
554 4939 729 4995 nudus
758 4944 918 4997 homo
942 4946 1247 5013 putabatur,
1274 4959 1417 5005 tanta
1462 4968 1583 5007 eum
1608 4955 1869 5011 modestia

259 5043 382 5084 esse
402 5029 756 5100 alloquutum,
778 5036 1166 5103 prmeedentem
1192 5042 1351 5095 etiam
1387 5042 1527 5098 illius
1548 5046 1868 5114 probitatem

259 5135 323 5174 ac
351 5120 750 5192 philosophiam
786 5128 985 5195 poteris
1015 5140 1280 5198 spectare.
1307 5132 1438 5186 Nam
1469 5150 1590 5189 cum
1614 5137 1662 5191 ei
1698 5137 1869 5193 dixis-

259 5226 367 5284 set,
401 5214 491 5272 Vis
517 5237 673 5275 sanus
701 5222 861 5291 ﬁeri?
894 5224 1024 5278 nihil
1051 5226 1156 5281 tale
1204 5227 1359 5292 dixit,
1391 5230 1550 5299 quale
1578 5234 1871 5289 verisimile

260 5319 377 5365 erat
422 5326 547 5365 eum
600 5312 866 5369 dicturum
900 5333 913 5369 ε
946 5317 1109 5374 Vides
1158 5334 1247 5375 me
1292 5322 1525 5393 paralysi
1570 5324 1870 5380 resolutum

260 5410 371 5457 tam
403 5403 660 5461 diuturno
693 5416 936 5479 tempore
955 5411 1159 5481 jacere,
1190 5423 1245 5469 et
1273 5416 1596 5487 interrogas,
1626 5434 1753 5473 num
1786 5434 1873 5473 sa-

261 5511 365 5550 nus
396 5496 511 5552 fieri
544 5499 739 5555 velim?
770 5503 961 5558 venisti
995 5516 1050 5558 ut
1089 5507 1225 5563 meis
1266 5508 1422 5563 malis
1462 5510 1781 5576 insultares,
1812 5521 1873 5566 ut

259 5589 640 5657 exprobrares,
675 5592 951 5661 irrideres,
974 5606 1027 5652 et
1059 5598 1420 5655 subsannares
1461 5601 1819 5656 calamitatem
1848 5602 1871 5655 ’ἒ

258 5681 404 5739 Nihil
434 5682 625 5738 borum
669 5702 843 5755 neque
864 5687 1019 5752 dixit,
1053 5706 1227 5761 neque
1260 5693 1550 5761 cogitavit,
1610 5694 1704 5748 sed
1748 5709 1869 5748 eum

263 5768 514 5844 aquitatc
560 5776 748 5842 animi,
798 5775 1035 5849 Profecto
1089 5780 1305 5837 Domine
1335 5825 1348 5852 ,
1383 5784 1570 5855 inquit.
1623 5785 1776 5854 Quod
1824 5786 1870 5841 si

1993 468 2118 528 post
2142 466 2311 513 annos
2352 458 2475 502 octo
2517 455 2572 502 et
2621 447 2839 517 triginta
2868 446 3007 505 adeo
3052 447 3219 517 mitis,
3247 447 3385 504 adeo
3406 449 3583 504 mode

1976 537 2101 605 lstus
2131 556 2269 612 erat,
2301 560 2423 601 cum
2444 557 2634 597 omnes
2663 539 2735 594 illi
2764 540 2908 595 vires
2956 554 3021 595 ac
3055 539 3220 594 robur
3259 540 3427 611 animi
3480 541 3587 593 fra-

1981 650 2127 697 ctum
2154 655 2217 695 ac
2246 636 2584 693 debilitatum
2608 642 2771 697 esset,
2807 631 2983 701 cogita
3015 630 3228 701 qualem
3261 630 3408 684 illum
3427 630 3592 684 fuisse

1981 734 2051 789 sit
2073 729 2369 803 probabile,
2422 741 2546 782 cum
2593 723 2732 778 mala
2785 731 2991 776 tantum
3042 722 3365 791 inciperent.
3410 720 3594 776 Nostis

1980 828 2177 897 quippe
2201 837 2389 878 omnes
2415 834 2522 874 non
2556 819 2626 872 ita
2654 832 2827 887 a‘gros
2860 815 3012 871 initio
3047 815 3219 871 morbi
3248 829 3370 870 esse
3412 828 3595 867 moro-

1980 931 2093 983 sos,
2126 923 2189 988 ut
2209 929 2332 969 cum
2363 912 2590 966 multum
2644 906 2902 979 temporis
2942 907 3184 977 elapsum
3237 905 3397 960 fuerit
3427 922 3440 957 :
3474 914 3589 958 tum

1981 1008 2127 1064 enim
2158 1005 2425 1078 praecipue
2445 1002 2692 1058 difficiles
2725 1000 2913 1070 aegroti
2957 998 3112 1063 fiunt,
3143 1012 3266 1053 cum
3302 996 3592 1051 infirmitas

1982 1100 2034 1154 in
2062 1100 2278 1170 longum
2302 1092 2513 1165 tempus
2544 1093 2866 1157 excreverit,
2919 1101 3029 1146 tum
3061 1090 3314 1145 omnibus
3354 1097 3480 1144 snnt
3509 1090 3590 1142 in-

1982 1191 2308 1247 tolerabiles.
2341 1188 2442 1257 Qui
2466 1202 2594 1242 vero
2623 1195 2741 1256 post
2771 1194 2845 1240 tot
2868 1198 3039 1239 annos
3062 1184 3131 1238 ita
3157 1182 3593 1255 philosophatur,

1982 1285 2053 1338 ita
2083 1284 2347 1355 patienter
2386 1279 2700 1350 respondet,
2730 1277 2875 1333 haud
2919 1277 3167 1342 dubium,
3211 1278 3340 1347 quin
3388 1291 3591 1346 pra-ee-

1980 1377 2123 1433 denti
2143 1392 2356 1447 quoque
2375 1386 2615 1445 tempore
2636 1389 2759 1428 cum
2779 1371 3044 1442 frequenti
3061 1373 3355 1442 gratiarum
3374 1371 3590 1425 actione

1980 1470 2339 1529 calamitatem
2368 1468 2513 1526 illam
2546 1466 2877 1529 toleraverit.

2056 1567 2185 1631 Qui:
2212 1566 2404 1619 utilitas
2430 1580 2495 1619 ex
2521 1564 2732 1618 historia
2768 1558 3049 1635 Paralytici
3077 1558 3355 1623 derivetur;
3383 1572 3594 1627 compa-

1981 1667 2161 1712 rantur
2189 1657 2481 1727 affiictiones
2512 1672 2625 1709 cum
2670 1654 2898 1724 fornace.
2942 1682 3013 1693 ——
3045 1651 3169 1707 llaec
3196 1650 3361 1723 igitur
3392 1656 3445 1706 et
3489 1663 3587 1704 nos

1981 1766 2103 1803 cum
2136 1750 2317 1804 animo
2361 1760 2548 1802 nostro
2596 1759 2930 1819 reputantes,
2982 1746 3233 1802 conservi
3277 1744 3588 1814 patientiam

1984 1843 2257 1897 imitemur
2290 1859 2303 1894 :
2338 1840 2536 1896 sufflcnt
2565 1842 2707 1895 enim
2735 1840 2801 1895 ad
2830 1848 3041 1894 nostras
3090 1839 3300 1892 animas
3326 1838 3589 1891 corrobo-

1983 1934 2178 1989 raudas
2209 1933 2351 1988 illius
2378 1932 2641 2002 paralvsis
2674 1951 2685 1985 :
2712 1946 2810 1986 nec
2857 1931 2996 1985 ullus
3038 1927 3123 1984 est
3151 1928 3290 1983 adeo
3318 1928 3543 1998 supinus
3572 1971 3587 1993 ,

1981 2036 2035 2081 et
2062 2026 2293 2096 paralysi
2342 2024 2634 2089 resolutus,
2665 2034 2725 2078 ut
2752 2024 2795 2077 si
2831 2023 3153 2078 calamitatis
3185 2022 3327 2075 illius
3357 2020 3592 2089 gravita-

1985 2127 2089 2172 tem
2122 2118 2304 2171 animo
2337 2117 2531 2181 volvat,
2560 2132 2666 2170 non
2698 2117 2895 2178 omnia,
2943 2131 3062 2183 quze
3094 2112 3415 2177 inciderint,
3451 2112 3589 2165 mala

1983 2210 2247 2278 patienter
2303 2207 2460 2273 ferat,
2513 2207 2639 2263 licet
2693 2206 3110 2260 intolerabiliora
3166 2204 3273 2257 sint
3317 2202 3589 2258 omnibus.

1981 2300 2114 2354 Nam
2160 2304 2353 2369 neque
2384 2299 2588 2353 sanitas
2619 2299 2735 2366 ejus
2764 2306 2992 2359 tantum,
3039 2295 3135 2350 sed
3163 2297 3326 2351 etiam
3373 2293 3592 2347 morbus

1984 2392 2271 2445 maximam
2305 2389 2460 2444 nobis
2492 2390 2702 2459 peperit
2730 2389 3011 2442 utilitatem
3049 2401 3207 2440 :cum
3241 2385 3356 2455 ejus
3382 2384 3593 2439 sanatio

1981 2484 2046 2536 ait
2074 2482 2483 2552 gloritieandum
2509 2481 2794 2535 Dominum
2816 2483 3027 2533 animos
3052 2478 3355 2531 auditorum
3388 2476 3593 2530 excitae

1981 2577 2071 2643 rit,
2092 2585 2148 2631 et
2169 2575 2390 2630 morbus
2416 2584 2576 2645 atque
2600 2575 2886 2630 infirmitas
2930 2573 2996 2627 ad
3024 2573 3333 2643 patientiam
3383 2587 3478 2627 vos
3508 2572 3592 2634 in-

1981 2668 2264 2733 struxerit,
2319 2674 2374 2721 et
2403 2665 2470 2719 ad
2526 2666 2756 2719 similem
2798 2666 2970 2719 zelum
3019 2664 3297 2719 cohortata
3353 2663 3443 2724 sit,
3484 2660 3593 2715 imo

1984 2775 2111 2814 vero
2135 2759 2303 2827 ipsam
2328 2773 2542 2828 quoque
2572 2758 2665 2813 Dei
2714 2757 3096 2828 benignitatem
3128 2754 3444 2809 ostenderit.
3481 2752 3592 2806 lloe

1980 2854 2125 2906 enim
2159 2852 2354 2921 ipsum,
2403 2851 2545 2921 quod
2576 2860 2737 2905 tanL'c
2773 2850 2921 2903 illum
2954 2848 3215 2918 objecerit
3263 2844 3589 2917 :rgritndini,

1980 2943 2108 2998 etin
2138 2951 2341 2996 tantam
2385 2942 2643 3011 temporis
2694 2940 3055 3010 prolixitatem
3100 2939 3463 2991 infirmitatem
3494 2951 3591 2990 ex-

1984 3033 2236 3100 tenderit,
2267 3034 2516 3087 maxima:
2568 3033 2825 3087 indicium
2876 3040 2961 3086 est
3003 3028 3402 3085 sollicitudinis.
3456 3026 3591 3082 Nam

1980 3123 2430 3194 quemadmodum
2461 3139 2583 3178 cum
2615 3124 2668 3177 in
2691 3110 3063 3177 conﬂatoria‘m
3088 3120 3361 3175 fornacem
3385 3117 3595 3173 aurifex

1980 3230 2169 3269 aurum
2201 3214 2465 3284 injecerit,
2501 3213 2702 3268 tamdiu
2730 3213 2800 3268 ab
2828 3214 2948 3283 igne
2972 3213 3099 3267 illud
3125 3210 3420 3266 examinari
3440 3208 3589 3275 sinit,

1981 3320 2264 3376 quousque
2294 3306 2481 3375 purius
2524 3303 2719 3359 viderit
2762 3303 3003 3358 evasisse
3031 3321 3044 3357 :
3071 3303 3143 3357 ita
3192 3317 3405 3372 quoque
3451 3301 3593 3355 Deus

1982 3398 2186 3450 tamdiu
2232 3396 2511 3450 hominum
2553 3395 2764 3448 animas
2819 3394 3035 3464 probari
3084 3395 3243 3448 malis
3294 3392 3589 3461 permittit,

1979 3506 2259 3559 quousque
2288 3505 2434 3559 pura:
2464 3489 2617 3554 fiant,
2668 3503 2732 3540 ac
2771 3486 3099 3556 splendidas,
3156 3485 3355 3538 multau
3382 3498 3485 3553 que
3523 3497 3591 3535 ex

1981 3580 2068 3634 illa
2096 3579 2469 3650 exploratione
2512 3578 2795 3632 utilitatem
2852 3576 3209 3648 perceperint.
3257 3574 3442 3643 Itaque
3488 3574 3589 3626 hoc

1978 3688 2193 3743 quoque
2221 3672 2590 3727 beneficentia:
2620 3686 2792 3741 genus
2814 3680 2897 3725 est
2925 3670 3241 3723 maximum.

2050 3764 2108 3818 2.
2148 3762 2226 3819 Ne
2251 3765 2528 3818 turbemur
2560 3763 2740 3833 igitur,
2772 3777 2908 3816 neve
2933 3760 3114 3815 animo
3143 3758 3513 3824 concidamus,
3544 3760 3589 3812 si

1979 3854 2195 3925 quando
2225 3857 2550 3909 tentationes
2594 3868 2693 3908 nos
2724 3854 3040 3907 invaserint.
3090 3852 3149 3906 Si
3193 3852 3338 3906 enim
3379 3850 3588 3904 aurifex

1980 3948 2149 4014 novit,
2183 3956 2384 4017 quanto
2414 3954 2659 4018 tempore
2698 3944 2997 4014 derelinqui
3047 3959 3237 3998 aurum
3279 3946 3329 3996 in
3364 3941 3586 3996 fornace

1979 4039 2287 4107 conveniat,
2316 4047 2372 4093 et
2392 4035 2609 4108 quando
2638 4038 2873 4101 extrahi,
2901 4051 3078 4106 neque
3108 4035 3234 4088 sinit
3265 4048 3503 4103 eousque
3530 4033 3583 4087 in

1982 4134 2102 4203 igne
2136 4148 2443 4197 remanere,
2477 4140 2537 4186 ut
2582 4138 2961 4200 corrumpatur
2988 4138 3043 4184 et
3084 4137 3340 4182 exuratur
3370 4143 3382 4179 :
3417 4126 3588 4180 multo

1982 4224 2151 4294 magis
2175 4223 2226 4277 id
2261 4223 2371 4277 Deo
2413 4232 2600 4277 notum
2624 4231 2727 4285 est,
2760 4230 2962 4276 etcum
2994 4217 3241 4288 puriores
3269 4216 3439 4272 factos
3465 4217 3587 4271 esse

1980 4332 2080 4371 nos
2107 4315 2273 4379 videt,
2306 4315 2634 4371 tentationes
2656 4313 2903 4391 remittit,
2929 4328 2997 4368 ne
3032 4312 3295 4367 malorum
3329 4311 3588 4380 multipli-

1979 4408 2193 4464 catione
2218 4408 2631 4478 supplantemur
2656 4414 2711 4462 et
2736 4404 3106 4461 concidamus.
3133 4403 3209 4459 Ne
3242 4405 3403 4473 igitur
3442 4418 3587 4473 aegre

1981 4499 2243 4563 feramus,
2273 4514 2375 4553 nec
2403 4498 2645 4553 animum
2668 4496 3122 4567 despondeamus,
3169 4495 3212 4549 si
3240 4494 3367 4564 quid
3405 4493 3583 4563 inopi-

1982 4601 2165 4646 natum
2196 4590 2455 4647 acciderit
2494 4609 2506 4645 :
2542 4590 2636 4645 sed
2668 4590 2717 4645 ei
2765 4589 3173 4659 permittamus,
3202 4589 3297 4658 qui
3335 4596 3588 4642 accurate

1980 4686 2079 4740 ista
2114 4684 2283 4746 novit,
2312 4682 2639 4754 utquamdiu
2668 4682 2919 4748 voluerit,
2950 4682 3184 4736 animam
3218 4690 3456 4735 uestram
3483 4695 3582 4733 ex-

1981 4783 2172 4845 purget
2202 4793 2215 4829 :
2242 4776 2450 4831 utiliter
2493 4772 2639 4828 enim
2679 4772 2732 4826 id
2760 4774 2890 4844 agit,
2921 4780 2977 4828 et
3003 4773 3055 4827 in
3099 4788 3214 4827 rein
3257 4786 3445 4826 eorum
3493 4771 3586 4841 qui

1978 4879 2274 4925 tentantur.

2050 4962 2179 5018 Cum
2216 4962 2413 5016 medico
2445 4972 2492 5016 et
2546 4971 2691 5031 patre
2740 4970 3070 5035 comparatur
3116 4958 3295 5025 Deus;
3336 4958 3590 5013 auxilium

1978 5054 2162 5125 gratia:
2187 5054 2826 5108 dirime’necessarium.-
2840 5053 3011 5117 Quam
3032 5050 3102 5105 ob
3122 5065 3341 5104 causam
3370 5050 3587 5120 sapiens

1978 5144 2197 5215 quidam
2215 5143 2492 5208 admonet,
2521 5142 2708 5197 dicens
2743 5160 2757 5197 :
2792 5140 2917 5207 Fili,
2949 5142 2992 5195 si
3031 5142 3243 5195 accedas
3273 5142 3342 5193 ad
3364 5141 3588 5212 servien-

1979 5238 2105 5292 dum
2128 5236 2369 5301 Domino,
2404 5238 2644 5306 prwpdra
2666 5235 2894 5289 animum
2922 5243 3064 5288 tuam
3112 5234 3180 5287 ad
3220 5234 3545 5288 teutationem
3569 5250 3588 5298 ,-

1978 5330 2143 5401 din’ge
2166 5344 2252 5383 cor
2291 5338 2454 5392 tuum,
2485 5337 2532 5383 et
2562 5328 2758 5382 sustine
2787 5336 2873 5382 τρε
2899 5343 2962 5380 ne
3007 5327 3214 5397 festines
3264 5328 3318 5379 in
3368 5334 3589 5393 tempore

1976 5421 2225 5477 illationis
2257 5418 2437 5491 (Eccli.
2458 5418 2510 5473 2.
2538 5419 2588 5487 l,
2608 5419 2684 5491 2).
2707 5417 2925 5483 Omnia,
2962 5419 3156 5489 inquit,
3186 5418 3260 5473 illi
3292 5419 3542 5488 permitte
3571 5434 3586 5474 :

1979 5514 2147 5583 probe
2173 5512 2439 5584 siquidem
2461 5513 2630 5579 novit,
2656 5511 2871 5582 quando
2896 5526 2995 5566 nos
3020 5527 3051 5567 e
3077 5510 3295 5566 fornace
3326 5512 3588 5565 malorum

1978 5603 2229 5674 expediat
2255 5605 2393 5659 erui.
2421 5603 2787 5673 Quamobrem
2820 5603 2895 5658 illi
2927 5603 3124 5675 ubique
3141 5604 3335 5658 cedere
3353 5611 3585 5671 Oportet,

1979 5711 2041 5749 ac
2073 5704 2332 5766 perpetuo
2357 5700 2557 5767 gratias
2605 5710 2786 5766 agere,
2817 5704 2977 5766 atque
3003 5693 3180 5750 omnia
3232 5708 3388 5765 aequo
3408 5693 3589 5747 animo

1982 5786 2142 5856 ferre,
2175 5792 2286 5847 sive
2309 5789 2555 5847 conferat
2588 5790 2845 5847 beneficia
2869 5828 2885 5858 ,
2932 5788 3045 5845 sive
3073 5788 3289 5860 puniat,
3330 5801 3453 5851 cum
3487 5784 3590 5844 hoc
