4058 6392
504 285 563 341 3'
1214 284 1273 341 S.
1312 283 1590 341 JOANNIS
1618 283 2100 341 CHRYSOSTOSH
2142 283 2461 341 AliCﬂiEP.
2502 286 3025 343 CONSTAN'l'lNOP.
3711 295 3780 354 5‘2

504 416 714 471 quoque
762 415 931 471 genus
971 401 1041 469 sit
1088 399 1354 454 bcnelicii.
1399 398 1530 455 Nam
1562 409 1625 479 ἐξ
1672 400 1943 464 medicus,
1977 415 2081 455 non

504 506 624 544 cum
653 489 794 546 lavat
818 490 1011 554 solum,
1044 498 1095 544 et
1118 489 1305 550 nutrit,
1336 497 1498 559 atque
1532 487 1599 545 ad
1634 489 1880 543 viridaria
1906 488 2085 544 educit

506 593 765 652 aegretum
794 598 809 634 :
836 578 927 634 sed
950 587 1005 636 ct
1033 595 1153 635 cum
1188 580 1293 635 urit
1313 588 1367 634 et
1388 590 1553 643 secat,
1579 581 1689 651 pari
1733 578 1938 633 ratione
1968 594 2083 634 me-

502 672 655 727 dicus
680 682 761 727 est
791 690 807 727 :
840 684 891 727 et
926 682 1079 742 pater
1120 687 1225 725 non
1269 671 1431 727 modo
1475 687 1596 727 cum
1641 670 1750 727 ﬁlio
1785 671 2081 737 blanditur,

506 764 598 819 sed
620 764 778 818 etiam
810 778 931 818 cum
954 778 1075 818 eum
1107 763 1256 832 pellit
1281 778 1345 817 ex
1376 763 1577 818 aedibus
1601 770 1654 816 et
1679 778 1799 816 cum
1824 763 2082 830 increpat,

503 868 566 909 ac
590 852 768 924 ﬂagris
796 855 977 919 cmdit,
1011 854 1125 924 pari
1158 853 1366 908 ratione
1398 861 1545 922 pater
1568 860 1682 916 est,
1713 867 1885 922 neque
1910 854 2085 907 minus

502 959 660 1013 quam
690 959 810 999 cum
846 944 1041 999 laudat.
1074 944 1208 999 Cum
1237 945 1396 1015 igitur
1420 943 1684 1012 intelligas
1706 942 1927 998 medicis
1967 958 2085 998 om-

504 1033 661 1088 nibus
713 1034 1151 1105 indulgentiorem
1192 1048 1334 1101 esse,
1389 1048 1453 1089 ac
1505 1032 1696 1102 majori
1741 1032 1934 1088 affectu
1988 1048 2084 1089 nos

508 1124 669 1179 Deum
703 1125 973 1193 prosequi,
1006 1125 1113 1177 noli
1145 1124 1355 1197 curiose
1381 1124 1651 1194 inquirere
1671 1163 1687 1189 ,
1721 1138 1894 1194 neque
1922 1124 2085 1179 ratio-

503 1233 625 1271 nem
651 1217 718 1269 ab
739 1230 806 1271 eo
832 1216 984 1287 exige
1004 1217 1327 1281 curationis;
1362 1216 1456 1271 sed
1489 1217 1603 1271 sive
1634 1231 1879 1272 recreare
1906 1218 2084 1270 volue-

504 1312 591 1374 rit,
619 1310 731 1364 sive
751 1310 958 1379 punire,
980 1307 1045 1363 ad
1080 1317 1361 1379 utrumque
1381 1308 1581 1379 pariter
1609 1318 1820 1379 paratos
1852 1323 1949 1363 nos
1984 1323 2081 1363 ex-

504 1398 1111 1469 bibeamuszsiquidem
1161 1413 1257 1467 per
1315 1408 1597 1467 utrumque
1649 1398 1802 1454 nobis
1855 1399 2085 1453 reStituit

502 1488 804 1553 sanitatem,
846 1499 899 1543 et
943 1503 1039 1544 nos
1085 1489 1185 1544 sibi
1238 1488 1840 1560 reconciliat:cumque
1877 1490 2085 1547 noverit

504 1577 699 1648 quibus
724 1578 958 1648 indigeat
993 1579 1217 1650 quisque
1256 1589 1518 1645 nostrum,
1569 1589 1623 1635 et
1672 1580 1795 1650 quid
1844 1580 2085 1637 conferat

503 1668 715 1738 cuique,
741 1676 919 1738 etquo
945 1668 1154 1723 tandem
1187 1669 1346 1723 modo
1382 1669 1675 1724 servandus
1725 1670 1830 1736 sit,
1868 1668 1968 1725 bac
2001 1670 2082 1726 via

506 1774 603 1815 nos
626 1758 715 1815 ille
737 1758 967 1813 deducit.
998 1757 1294 1829 Sequamur
1319 1758 1480 1829 igitur
1498 1775 1606 1830 quo
1631 1759 1717 1816 ille
1749 1762 2081 1831 praeceperit,

503 1864 674 1919 neque
702 1858 884 1904 exacte
904 1848 1187 1920 quidquam
1212 1850 1568 1919 disquiramus
1585 1894 1599 1919 ,
1624 1851 1735 1907 sive
1754 1867 1851 1923 per
1872 1853 2082 1923 planam

505 1949 559 1995 et
589 1939 829 2006 facilem,
857 1940 971 1995 sive
1011 1956 1106 2011 per
1137 1939 1408 1996 dil‘iicilem
1438 1956 1789 2013 asperamque
1829 1944 1965 1996 viam
1999 1943 2085 1997 in-

506 2030 698 2086 cedere
715 2032 955 2101 jusserit,
984 2032 1433 2102 quemadmodum
1455 2040 1508 2088 et
1536 2033 1691 2087 istum
1711 2034 2083 2105 paralyticum.

507 2119 681 2177 Unum
714 2122 869 2191 igitur
896 2121 996 2177 hoc
1022 2120 1116 2175 fuit
1146 2137 1315 2192 genus
1336 2122 1721 2191 benelicctitim,
1770 2125 1912 2194 quod
1940 2134 2087 2181 tanto

506 2224 741 2281 tempore
766 2211 994 2273 animam
1022 2215 1140 2282 ejus
1166 2215 1422 2284 purgarit,
1440 2227 1663 2285 eamque
1678 2225 1941 2286 tamquam
1954 2230 2086 2271 col:-

509 2302 733 2356 natorite
759 2301 968 2356 cuidam
1013 2301 1215 2357 fornaci
1246 2303 1597 2357 tentationum
1644 2304 1942 2374 probationi
1982 2314 2088 2359 tra-

506 2392 908 2447 diderittaliud
954 2401 1132 2449 autem
1183 2393 1354 2449 nihilo
1397 2395 1621 2451 inferius
1669 2400 1789 2461 isto,
1840 2396 1982 2467 quod
2035 2398 2087 2452 in

508 2483 636 2553 ipsis
669 2483 1051 2538 tentationihus
1080 2483 1154 2537 illi
1178 2483 1427 2551 adfuerit,
1464 2486 1795 2556 multumque
1836 2487 2082 2541 solatium

511 2577 583 2630 illi
610 2577 917 2647 praebuerit.
941 2577 1060 2646 Ipse
1089 2586 1228 2640 erat,
1250 2578 1336 2647 qui
1364 2578 1669 2633 continebat
1712 2594 1837 2636 eum
1864 2620 1878 2641 ,
1922 2588 1975 2634 et
2014 2594 2090 2634 re-

512 2668 734 2735 tinebat,
759 2684 1083 2738 manumque
1100 2669 1427 2739 porrigebat,
1446 2686 1618 2741 neque
1642 2671 1832 2726 collabi
1859 2671 2086 2727 sinebat.

507 2762 640 2815 Cum
686 2770 863 2815 autem
922 2761 1092 2831 ipsum
1139 2759 1304 2816 fuisse
1352 2761 1523 2827 audis,
1571 2762 1677 2817 noli
1733 2763 2083 2835 paralyticnm

509 2851 665 2906 laude
691 2851 918 2921 privare,
944 2866 1041 2906 nec
1069 2852 1215 2909 illum
1240 2866 1338 2907 nec
1357 2851 1515 2907 alium
1540 2850 1805 2909 hominem
1824 2856 2087 2924 quemvis,

510 2944 599 3011 qui
627 2951 859 2998 tentetur
877 2951 931 2998 et
956 2944 1214 3013 patienter
1238 2944 1391 2998 ferat.
1420 2942 1768 3010 Quantumvis
1790 2945 1932 2999 enim
1949 2959 2091 3015 szrpe

514 3033 974 3106 philosophentur,
1003 3037 1247 3105 quamvis
1270 3037 1507 3091 omnium
1544 3035 1899 3091 robusti~simi
1927 3038 2094 3092 simus

513 3142 575 3180 ac
600 3125 936 3191 validissimi,
978 3125 1023 3180 si
1076 3125 1219 3181 illius
1254 3126 1390 3181 absit
1419 3127 1693 3193 auxilium,
1730 3143 1795 3181 ne
1836 3127 2092 3182 mediocri

512 3216 724 3287 quidem
754 3218 1049 3288 poterimus
1073 3217 1349 3273 tentationi
1378 3219 1649 3273 resistere.
1679 3218 1783 3274 Sed
1826 3219 1951 3288 quid
1994 3234 2094 3290 ego

512 3309 583 3364 de
608 3308 764 3364 nobis
796 3308 986 3363 vilibus
1015 3319 1064 3363 et
1096 3308 1319 3377 abjectis
1344 3310 1577 3379 loquor?
1600 3309 1750 3365 Licet
1791 3310 1987 3365 Paulus
2026 3313 2096 3366 sit

512 3399 703 3469 aliquis
726 3408 815 3452 aut
843 3398 1053 3463 Petrus,
1083 3397 1203 3455 licet
1228 3398 1456 3453 Jacobus
1476 3408 1565 3453 aut
1589 3399 2095 3463 Joannes,subsidio

516 3489 713 3545 caelesti
741 3489 976 3559 privatus
1029 3488 1181 3544 facile
1224 3491 1472 3554 vincitur,
1514 3500 1567 3545 ct
1618 3491 2015 3559 supplantatur,
2044 3500 2098 3546 et

514 3582 769 3636 concidit.
812 3581 892 3637 Ad
938 3581 1053 3637 hinc
1080 3583 1256 3637 omnia
1292 3582 1487 3637 tuenda
1516 3583 1667 3639 vobis
1695 3583 1887 3639 Christi
1932 3584 2096 3653 ipsius

517 3686 677 3727 voces
722 3672 958 3727 recitabo
992 3692 1006 3728 :
1035 3672 1294 3741 siquidem
1324 3673 1484 3729 Petro
1510 3673 1642 3729 dixit
1674 3692 1688 3729 :
1719 3673 1850 3729 Ecce
1892 3685 2097 3731 satanas

505 3764 750 3835 expetivit
762 3763 1343 3829 vos,utcribraretsicut
1354 3768 1587 3823 triticum
1598 3784 1617 3822 :
1630 3776 1676 3821 et
1706 3784 1795 3837 ego
1819 3772 1991 3839 rogavi
2003 3784 2096 3838 pro

520 3865 587 3917 te,
621 3844 800 3907 utnon
828 3855 1026 3921 deﬁciat
1047 3856 1173 3923 ﬁdes
1200 3866 1286 3909 tua
1314 3856 1461 3928 (Luc.
1485 3854 1689 3923 22.731.
1714 3857 1825 3929 32).
1847 3858 1982 3927 Quid
2014 3870 2099 3914 est

515 3944 793 4001 cribrare?
822 3945 1101 3999 Abducere
1121 3987 1134 4008 ,
1158 3948 1591 4013 circumducere,
1641 3952 1913 4017 exagitare
1932 3992 1945 4015 ,
1980 3965 2098 4005 mo-

517 4049 662 4096 vere.
688 4045 994 4102 concutere,
1042 4036 1318 4103 divexare,
1376 4039 1515 4093 sicut
1568 4039 1621 4093 in
1670 4040 1735 4094 iis
1764 4056 1883 4110 quae
1924 4042 2100 4096 cribro

516 4128 875 4182 ventilantur:
909 4138 963 4182 at
1010 4144 1110 4199 ego
1152 4128 1487 4196 cohibebam,
1546 4129 1741 4201 inquit,
1794 4132 2100 4201 intelligens

518 4232 851 4287 nequaquam
910 4232 1064 4287 posse
1115 4234 1207 4272 vos
1257 4223 1601 4274 tentationcm
1656 4224 2099 4288 sustinere;cum

516 4307 659 4361 enim
682 4305 776 4373 ait,
805 4305 888 4360 Ne
915 4306 1116 4375 deﬁciat
1144 4308 1271 4376 ﬁdes
1300 4318 1407 4373 tua,
1443 4311 1541 4364 hoc
1566 4312 1844 4382 signiﬁcat,
1863 4313 2097 4371 fttturum

517 4402 702 4468 luisse,
754 4412 810 4455 ut
854 4401 983 4456 fides
1034 4403 1150 4470 ejus
1193 4402 1469 4470 deficeret,
1521 4405 1563 4457 si
1616 4406 1705 4461 ille
1748 4410 2094 4476 permisisset.

516 4490 670 4559 Quod
691 4491 736 4545 si
767 4489 953 4545 Petrus
974 4490 1210 4548 fervidus
1253 4504 1459 4548 amator
1482 4494 1679 4549 Christi
1705 4538 1719 4563 ,
1752 4498 1838 4567 qui
1869 4501 2097 4553 animam

519 4598 671 4637 suam
701 4583 891 4636 millies
914 4599 1009 4652 pro
1039 4585 1153 4652 ipso
1183 4587 1447 4654 exposuit,
1477 4586 1673 4657 quique
1722 4604 1931 4658 semper
1977 4601 2100 4645 ante

519 4683 716 4729 emtum
748 4674 951 4743 prosilit
970 4675 1350 4743 apostolorum,
1380 4687 1430 4731 et
1462 4677 1646 4733 beatus
1665 4694 1693 4732 a
1726 4682 1977 4749 magistro
2004 4698 2100 4736 suo

521 4764 857 4835 praedicatur,
889 4764 1111 4834 ideoque
1162 4766 1350 4821 Petrus
1380 4768 1675 4837 appellatus
1703 4779 1804 4834 est,
1844 4771 1984 4841 quod
2017 4773 2098 4827 in-

519 4868 778 4909 concussa
814 4862 868 4909 et
903 4855 1216 4909 immutabili
1246 4856 1347 4911 iidc
1374 4857 1625 4927 prmditus
1654 4868 1795 4915 esset
1817 4903 1831 4926 ,
1862 4862 2100 4930 dejectus

524 4944 725 5007 lniSset,
750 4954 803 4998 et
826 4960 853 4996 a
881 4944 1213 5001 co:ifessione
1240 4947 1542 5011 excidisset,
1562 4950 1626 5013 si,
1652 4960 1903 5019 quantum
1918 4953 2097 5019 vellet,

522 5044 731 5089 tentare
754 5036 962 5090 diabolo
979 5035 1219 5091 Christus
1241 5040 1589 5105 permisisset,
1604 5043 1722 5110 quis
1749 5043 1881 5096 alius
1902 5044 2099 5112 absque

520 5125 664 5179 illius
685 5128 881 5179 attxilio
910 5128 1101 5195 poterit
1135 5144 1385 5197 umquam
1419 5132 1707 5186 resistere?
1731 5132 1991 5199 Quocirca
2021 5136 2101 5187 di-

518 5220 595 5271 cit
624 5219 784 5271 etiam
834 5218 1049 5284 Paulus,
1078 5218 1271 5273 Fidelis
1305 5219 1457 5287 Deus,
1500 5225 1584 5288 qui
1639 5240 1736 5277 non
1776 5225 1992 5293 patietur
2018 5241 2100 5277 ros

524 5309 703 5360 tentari
725 5325 879 5377 supra
909 5309 980 5369 id,
1001 5312 1134 5379 quod
1156 5312 1359 5376 potestis
1386 5328 1404 5365 .'
1431 5314 1519 5367 sed
1535 5316 1680 5382 faciet
1699 5333 1809 5369 cum
1834 5318 2103 5369 tentalione

522 5408 837 5463 proventum,
871 5408 922 5449 ut
952 5402 1150 5466 possitis
1178 5402 1423 5456 sustinere
1450 5404 1467 5472 (
1497 5406 1541 5457 i.
1573 5404 1687 5458 Cor.
1720 5407 1804 5459 10.
1836 5404 1958 5477 15).
1986 5405 2099 5461 Non

522 5491 665 5543 enim
693 5499 917 5555 muttito,
954 5492 1140 5559 inquit,
1167 5508 1323 5562 supra
1351 5496 1491 5549 vires
1533 5496 1714 5551 inferri
1756 5502 2099 5554 tentationcm

527 5597 630 5634 non
655 5581 801 5641 sinit,
834 5583 924 5635 sed
954 5588 1111 5637 etiam
1159 5587 1209 5638 in
1244 5587 1353 5653 ipsa
1381 5604 1499 5657 quze
1545 5605 1637 5658 pro
1670 5593 1869 5649 ratione
1910 5596 2099 5648 virium

524 5674 823 5739 adhibetur,
870 5694 963 5731 nos
995 5690 1298 5733 sustentans
1339 5682 1507 5747 adest,
1540 5692 1595 5737 et
1644 5701 1737 5739 nos
1769 5688 2095 5751 corroborat,

2192 416 2315 455 cum
2348 416 2444 456 nos
2475 403 2679 473 priores
2708 419 2826 473 qua:
2857 413 3157 459 nostrarum
3209 414 3333 461 sunt
3373 408 3602 477 partium
3640 426 3777 466 con-

2191 491 2493 557 tulerimus,
2522 494 2750 562 exempli
2772 508 2954 559 causa,
2985 494 3313 552 alacritatem
3337 499 3520 564 animi,
3543 513 3697 569 spem
3725 503 3778 556 in

2190 582 2383 649 ipsum,
2410 582 2698 651 gratiarum
2720 586 3005 649 actionem,
3038 585 3401 647 tolerantiam.
3437 588 3777 657 patientiam.

2190 671 2371 739 Neque
2419 680 2620 727 tantum
2665 672 2717 726 in
2771 674 3042 742 periculis,
3072 691 3191 744 qua:
3237 677 3377 732 vires
3429 688 3640 733 nostras
3682 694 3783 734 ex-

2188 764 2404 829 cedunt,
2429 763 2522 819 sed
2550 765 2600 818 in
2631 766 2755 833 ipsis
2778 767 2936 820 etiam
2961 783 3080 836 qua:
3110 784 3215 822 non
3247 769 3543 836 excedunt,
3571 771 3783 827 calcati

2187 856 2387 909 auxilio
2419 855 2735 924 indigemus,
2780 866 2837 911 ut
2877 872 3137 927 generose
3186 860 3448 926 possimus
3484 859 3782 916 obsistere.

2186 945 2459 1015 Siquidem
2482 947 2607 1001 alibi
2648 962 2861 1016 quoque
2888 949 3016 1003 dicit
3051 966 3064 1003 :
3097 948 3242 1004 Sicut
3275 948 3533 1004 abundant
3570 952 3783 1022 passio-

2188 1054 2275 1091 nes
2303 1035 2491 1093 Christi
2512 1038 2564 1091 in
2585 1038 2745 1103 nobis,
2772 1039 2845 1091 ita
2873 1048 2919 1092 et
2945 1055 3036 1108 per
3056 1037 3309 1093 Christum
3334 1038 3561 1094 abundat
3587 1057 3782 1095 conso-

2188 1130 2310 1184 latio
2340 1140 2534 1198 nostra,
2566 1139 2620 1183 ut
2648 1147 2740 1184 nos
2765 1130 3017 1200 possimus
3046 1129 3299 1184 consolari
3319 1147 3423 1195 eos,
3446 1134 3534 1200 qui
3554 1134 3608 1186 in
3635 1136 3783 1188 omni

2190 1237 2425 1290 pressura
2451 1230 2587 1286 sunt,
2635 1238 2723 1290 per
2750 1222 3149 1275 exhortationem
3171 1263 3187 1287 ,
3227 1238 3327 1290 qua
3372 1223 3705 1276 exhortamur
3733 1234 3783 1277 et

2186 1313 2285 1383 ipsi
2314 1329 2346 1365 α
2377 1310 2484 1366 Deo
2506 1310 2581 1382 (2.
2613 1308 2731 1366 Cor.
2760 1312 2809 1365 1.
2845 1312 2897 1366 5.
2927 1310 3001 1382 4).
3031 1310 3212 1380 Itaque
3248 1312 3292 1366 is
3319 1312 3482 1366 etiam
3512 1312 3602 1383 qui
3634 1312 3783 1369 hunc

2187 1403 2493 1458 consolatus
2514 1413 2618 1471 est,
2648 1404 2760 1473 ipse
2782 1404 2978 1472 estqui
3019 1402 3366 1459 tentationem
3406 1405 3650 1473 permisit
3689 1407 3779 1459 in-

2188 1488 2334 1551 ferri.
2369 1495 2499 1551 Vide
2524 1503 2703 1551 autem
2729 1504 2845 1564 post
2866 1496 3195 1550 curationem
3229 1504 3479 1566 quantam
3509 1496 3784 1552 sollicitu-

2186 1585 2371 1641 dinem
2399 1601 2505 1655 prae
2525 1600 2584 1641 se
2605 1586 2755 1639 ferat.
2790 1585 2973 1655 Neque
3002 1584 3143 1639 enim
3178 1585 3266 1639 illo
3281 1584 3503 1640 dimisso
3527 1586 3777 1653 recessit,

2187 1688 2238 1733 at
2264 1685 2539 1746 postquam
2570 1676 2717 1730 illum
2744 1674 2967 1731 oli'cndit
2994 1674 3046 1729 in
3076 1674 3295 1743 templo,
3318 1675 3415 1741 ait,
3461 1674 3590 1729 Ecce
3616 1694 3782 1733 sanus

2186 1760 2349 1830 factus
2369 1776 2439 1824 es,
2469 1759 2572 1813 noli
2602 1759 2822 1829 amplius
2852 1761 3076 1827 peccare,
3105 1774 3166 1811 ne
3200 1758 3418 1812 deterius
3460 1757 3548 1811 tibi
3582 1758 3784 1829 aliquid

2188 1850 2445 1919 contingat
2474 1847 2655 1922 (Joan.
2685 1850 2738 1904 5.
2774 1848 2884 1919 14).
2912 1848 2967 1904 Si
2996 1848 3138 1903 enim
3168 1848 3306 1917 quod
3332 1847 3457 1902 odio
3479 1864 3779 1918 proseque-

2189 1949 2357 2005 retur,
2391 1940 2923 2010 puniripermisissct,
2951 1954 3052 1992 non
3076 1948 3126 1992 te
3153 1938 3452 2011 liberasset,
3478 1952 3584 1994 non
3620 1940 3783 1995 infu-

2192 2038 2366 2085 turuin
2402 2030 2805 2084 communiisset
2837 2046 2850 2083 :
2883 2027 3023 2097 quod
3063 2036 3241 2083 autem
3272 2027 3418 2095 dicit,
3455 2027 3538 2082 Ne
3561 2030 3786 2087 deterius

2188 2120 2279 2174 tibi
2302 2118 2497 2189 aliquid
2515 2120 2791 2191 contingat,
2821 2119 3016 2173 indicat
3037 2133 3159 2173 eum
3188 2117 3377 2173 futuris
3400 2120 3785 2175 malisobviam

2190 2212 2290 2265 ire.
2325 2210 2565 2266 uerbum
2598 2210 2823 2281 depulit,
2859 2220 2913 2266 et
2936 2225 3189 2280 angorem
3223 2224 3328 2264 non
3350 2209 3595 2280 depulit:
3625 2214 3786 2283 πενίη

2192 2300 2427 2356 tudinem
2457 2301 2653 2371 abegit,
2682 2310 2736 2357 et
2762 2310 2959 2358 metttm
3006 2316 3113 2355 non
3155 2299 3354 2371 abegit,
3398 2308 3456 2355 ut
3501 2301 3787 2359 immotum

2191 2401 2404 2448 maneat
2447 2393 2765 2448 beneficium
2814 2392 2955 2463 quod
2982 2400 3068 2448 est
3096 2391 3366 2445 collatum.
3415 2391 3528 2446 Hoc
3574 2394 3786 2463 providi

2191 2491 2274 2538 est
2296 2483 2510 2549 medici,
2536 2492 2591 2538 ut
2622 2499 2726 2537 non
2759 2483 3040 2552 presentia
3088 2490 3292 2539 tantum
3340 2486 3477 2540 mala
3503 2485 3784 2556 depellat,

2192 2577 2286 2631 sed
2314 2586 2369 2633 et
2387 2576 2608 2631 adversa
2632 2576 2806 2632 futura
2831 2588 3129 2647 prtecaveat
3158 2597 3171 2633 :
3200 2579 3341 2649 quod
3365 2580 3544 2651 utique
3564 2579 3695 2633 fecit
3725 2586 3786 2633 et

2192 2667 2457 2732 Christus,
2486 2668 2612 2723 dum
2641 2670 3029 2737 praeteritorum
3062 2671 3319 2726 memoria
3354 2671 3522 2741 ipsius
3546 2670 3787 2724 animam

2193 2757 2546 2813 conﬁrmavit.
2589 2759 2719 2814 Nam
2748 2762 3000 2830 quoniam
3038 2759 3126 2816 ubi
3172 2761 3615 2832 praeterierintea
3664 2775 3789 2831 qua:

2194 2849 2349 2904 nobis
2374 2850 2672 2905 molestiam
2701 2852 3021 2907 exhibebant
3041 2892 3055 2917 ,
3085 2852 3243 2907 simul
3287 2868 3474 2908 eorum
3523 2852 3787 2907 memoria

2195 2954 2337 3007 stupe
2365 2939 2636 3007 dilabitur,
2663 2942 2801 3011 quod
2833 2942 2999 3011 ipsam
3030 2951 3339 3012 perpetuam
3366 2942 3494 2997 velit
3522 2956 3746 2996 manere
3767 2984 3785 3005 ,

2199 3032 2342 3097 Noli,
2370 3032 2556 3102 inquit,
2606 3033 2825 3105 amplius
2867 3050 3092 3105 peccare,
3130 3050 3193 3088 ne
3232 3032 3449 3088 deterius
3474 3034 3562 3086 tibi
3590 3033 3791 3103 aliquid

2196 3126 2473 3194 contingat.

2267 3216 2319 3270 5.
2350 3215 2530 3285 Neque
2566 3229 2692 3270 vero
2730 3230 2797 3271 ex
2828 3215 2930 3271 hoc
2964 3216 3135 3271 solum
3167 3216 3554 3286 providentiam
3581 3215 3788 3287 ejus'et

2198 3307 2497 3376 a-quitatem
2522 3306 2645 3362 licet
2673 3306 2883 3372 intueri,
2914 3307 3007 3363 sed
3035 3308 3247 3376 exipsa,
3266 3322 3383 3378 quae
3410 3308 3620 3363 videtur
3640 3322 3790 3375 esse,

2200 3396 2583 3465 increpatione.
2616 3396 2746 3450 Nam
2772 3407 2984 3467 peccata
3008 3396 3223 3467 quidem
3250 3398 3365 3468 ejus
3395 3414 3501 3453 non
3533 3398 3789 3468 propala-

2199 3488 2274 3539 vit
2304 3528 2319 3551 ,
2362 3486 2456 3541 sed
2482 3502 2601 3540 cum
2635 3498 2850 3556 propter
2877 3497 3091 3556 peccata
3128 3502 3341 3557 passum
3373 3502 3493 3543 esse
3517 3503 3638 3558 qua:
3664 3503 3791 3558 pas-

2198 3592 2290 3631 sus
2340 3587 2421 3631 est
2452 3616 2467 3642 ,
2511 3576 2793 3631 indicavit:
2827 3594 2943 3647 qua:
2983 3594 3111 3633 vero
3140 3584 3326 3633 essent
3363 3589 3579 3649 peccata
3614 3620 3631 3647 ,
3680 3595 3792 3635 non

2201 3667 2481 3723 indicavit:
2515 3684 2685 3739 neque
2712 3669 2861 3732 dixit,
2884 3670 2993 3725 Hoc
3020 3680 3072 3724 et
3094 3671 3222 3724 illud
3252 3672 3480 3739 peccasti
3507 3712 3522 3737 ,
3565 3687 3741 3741 neque
3773 3714 3789 3736 ,

2201 3758 2259 3812 In
2301 3760 2401 3811 hoc
2429 3768 2484 3813 et
2527 3760 2577 3812 in
2622 3760 2712 3813 illo
2756 3759 3022 3829 deliquisti
3052 3802 3068 3827 ,
3106 3761 3198 3815 sed
3230 3776 3335 3815 uno
3364 3762 3591 3832 simplici
3623 3764 3794 3818 verbo

2203 3851 2253 3903 id
2280 3851 2586 3919 exprimens
2609 3891 2625 3917 ,
2670 3849 2796 3905 Noli
2837 3853 3054 3922 amplius
3080 3869 3286 3923 peccare
3306 3893 3320 3919 ,
3358 3862 3672 3923 tantumque
3702 3854 3790 3909 di-

2201 3956 2330 3997 cens
2362 3982 2377 4007 ,
2408 3942 2549 4012 quod
2569 3943 2635 3997 ad
2664 3959 2783 3998 eum
2811 3944 3204 3999 admonendum
3238 3946 3596 4000 necessarium
3620 3955 3735 4000 erat
3771 3987 3790 4011 ,

2203 4032 2592 4102 diligentiorem
2639 4033 2783 4087 illum
2839 4033 3070 4089 reddidit
3118 4036 3171 4088 in
3220 4034 3497 4102 futurum,
3542 4044 3595 4089 et
3623 4035 3796 4107 ipsius

2206 4126 2529 4193 patientiam,
2562 4125 2919 4181 fortitudinem
2940 4168 2953 4191 ,
2986 4141 3050 4181 ac
3074 4127 3462 4196 philosophiam
3491 4125 3647 4181 nobis
3672 4130 3791 4182 om-

2204 4232 2325 4271 nem
2356 4216 2634 4285 patefecit,
2680 4232 2799 4271 cum
2840 4216 2914 4270 illi
2944 4217 3316 4273 necessitatem
3347 4217 3603 4287 imposuit
3622 4227 3792 4272 totam

2203 4307 2556 4361 calamitatem
2584 4322 2730 4361 suam
2761 4307 3067 4377 quiritando
3092 4306 3398 4377 divulgandi
3419 4347 3433 4368 .
3461 4322 3522 4362 ac
3551 4308 3791 4361 studium

2206 4416 2358 4453 suum
2393 4400 2703 4455 ostendendi
2732 4422 2745 4455 :
2771 4399 2903 4452 Dum
2929 4402 3069 4453 venio
3092 4401 3225 4453 enim
3258 4416 3350 4469 ego
3368 4441 3382 4463 ,
3416 4399 3546 4452 alius
3572 4407 3692 4451 ante
3716 4416 3798 4453 me

2204 4493 2458 4546 descendit
2482 4492 2502 4564 (
2528 4492 2684 4546 Joan.
2716 4492 2768 4547 5.
2795 4493 2827 4545 7
2857 4490 2908 4560 );
2937 4500 3147 4562 peccata
3179 4506 3305 4544 vero
3339 4504 3444 4543 non
3474 4490 3792 4559 propalavit.

2202 4586 2350 4640 Sicut
2374 4588 2514 4641 enim
2544 4599 2638 4639 nos
2668 4585 2919 4653 obtegere
2944 4592 3123 4637 nostra
3154 4582 3398 4636 volumus
3424 4623 3439 4647 ,
3462 4580 3539 4634 sic
3568 4593 3624 4635 et
3654 4581 3796 4636 Deus

2206 4677 2371 4730 multo
2419 4677 2586 4745 magis
2632 4690 2791 4743 quam
2828 4689 2925 4728 nos
2948 4688 3137 4743 :quam
3167 4672 3237 4729 ob
3269 4686 3485 4730 causam
3526 4682 3580 4726 et
3608 4686 3793 4727 coram

2204 4768 2450 4823 omnibus
2491 4765 2806 4819 medicinam
2856 4765 3013 4828 fecit,
3044 4762 3467 4817 adhortationem
3515 4770 3694 4816 autem
3740 4772 3797 4817 et

2206 4864 2486 4917 consilium
2511 4860 2753 4931 privatim
2784 4859 3020 4913 adhibet.
3078 4858 3377 4927 Numquam
3408 4856 3549 4910 enim
3578 4858 3794 4927 evulgat

2208 4963 2419 5024 peccata
2452 4964 2657 5015 nostra,
2686 4952 2781 5005 nisi
2812 4950 2947 5004 forte
2975 4949 3018 5002 si
3048 4949 3258 5018 quando
3282 4962 3379 5002 nos
3413 4947 3605 5002 viderit
3633 4950 3781 5002 nullo

2204 5060 2387 5099 eorum
2445 5058 2602 5097 sensu
2644 5042 2804 5097 allici.
2857 5040 2986 5095 Nam
3037 5048 3092 5094 et
3132 5055 3253 5093 cum
3284 5038 3444 5093 dicit:
3478 5037 3793 5093 Esurientem

2205 5155 2283 5191 me
2311 5139 2525 5201 vidistis,
2559 5147 2603 5189 et
2632 5152 2731 5189 non
2760 5134 2959 5186 aluistis
2977 5173 2989 5197 ,
3020 5142 3067 5185 et
3093 5133 3361 5197 sitientem,
3389 5140 3433 5183 et
3451 5146 3550 5182 non
3575 5132 3791 5197 potastis

2209 5230 2417 5300 (.ilattlt.
2437 5229 2525 5283 25.
2551 5227 2643 5296 i9.)
2665 5268 2677 5291 ,
2712 5236 2991 5294 propterea
3016 5224 3145 5276 dicit
3172 5222 3223 5276 in
3251 5222 3497 5290 pricsenti
3525 5231 3792 5289 tempore,

2210 5337 2274 5374 ne
2305 5320 2441 5375 forte
2488 5321 2539 5373 in
2582 5318 2758 5371 futuro
2805 5316 2967 5370 verba
3012 5318 3125 5368 lucc
3164 5314 3463 5368 audiamus.
3516 5310 3749 5367 Minatur
3779 5356 3793 5379 ,

2208 5414 2419 5482 crulgat
2466 5412 2518 5465 in
2552 5410 2649 5464 hac
2680 5409 2781 5463 vita
2818 5450 2830 5471 ,
2863 5424 2929 5462 ne
2954 5408 3005 5461 in
3038 5407 3125 5460 illa
3157 5406 3366 5474 evuiget
3396 5444 3411 5472 ,
3441 5405 3797 5474 quemadmo-

2209 5506 2333 5559 dum
2366 5516 2419 5561 et
2440 5505 2785 5559 Ninivitarum
2809 5504 3076 5558 civitatem
3107 5517 3165 5556 se
3201 5502 3432 5555 minatus
3461 5511 3541 5556 est
3570 5517 3798 5557 eversu-

2213 5613 2348 5658 rum,
2381 5607 2435 5650 ut
2458 5613 2559 5652 non
2582 5606 2866 5652 everteret.
2911 5597 2964 5650 Si
2995 5596 3135 5667 enim
3168 5604 3382 5664 peccata
3420 5596 3583 5651 vellet
3610 5605 3795 5649 nostra

2213 5689 2479 5758 publicare
2506 5730 2516 5755 ,
2548 5704 2879 5759 nequaquam
2903 5703 2959 5743 se
2990 5686 3380 5757 publicaturum
3422 5683 3794 5756 prtetlisissct;
