4058 6394
313 363 381 418 5'5
1215 362 1282 420 IN
1323 362 1814 420 PARALYTICUM
1861 360 2214 419 DEMISSUM
2256 358 2391 416 PER
2432 359 2742 417 TECTUM.
3573 354 3649 409 55

308 484 418 554 jam
447 496 575 536 vero
596 480 797 536 idcirco
821 480 1076 551 prtedicit,
1108 490 1164 535 ut
1192 482 1720 552 publicatiOnisillius
1744 490 1911 546 metu,

310 576 355 629 si
389 574 566 629 atinas
596 573 841 643 supplicii
862 582 1010 627 metu
1027 573 1292 644 castigati,
1312 574 1490 628 omnia
1516 573 1909 643 abstergamus.

313 667 427 721 lloc
452 675 506 721 ct
546 667 600 721 in
644 666 910 735 baptismo
940 664 1034 722 ﬁt:
1077 666 1344 735 siquidem
1374 665 1443 720 ad
1471 679 1733 734 aquarum
1764 663 1915 717 lava-

308 773 460 813 crum
479 756 749 813 hominem
775 755 1014 821 deducit,
1041 772 1139 811 nec
1152 756 1244 810 ulli
1266 757 1385 823 ejus
1406 764 1623 825 peccata
1644 753 1914 825 patefacit:

311 847 407 903 sed
440 844 641 902 donum
686 844 902 915 quidem
948 845 1292 901 manifestum
1337 844 1591 899 omnibus
1618 844 1838 910 reddit,
1862 852 1919 897 et

310 949 534 994 notum:
568 946 787 1007 peaata
816 952 945 992 vero
976 946 1179 1007 praeter
1205 953 1264 993 se
1285 947 1339 992 et
1364 937 1563 1007 ipsum,
1596 938 1680 991 cui
1718 936 1917 992 remis-

308 1032 391 1085 sio
420 1028 689 1094 tribuitur,
728 1044 887 1084 nemo
906 1031 1045 1085 alius
1062 1030 1229 1084 novit.
1259 1029 1370 1084 Hoc
1394 1038 1450 1085 et
1477 1030 1527 1083 in
1562 1031 1665 1084 isto
1694 1029 1913 1084 accidit:

308 1118 662 1191 reprehensio
684 1121 904 1176 remotis
930 1119 1149 1176 arbitris
1174 1119 1481 1184 adhibetur,
1506 1120 1615 1175 imo
1644 1135 1775 1175 vero
1810 1135 1914 1173 non

306 1212 660 1283 reprehensio
683 1221 887 1268 tantum
908 1254 923 1276 ,
952 1212 1047 1269 sed
1069 1222 1123 1269 et
1138 1214 1413 1269 excusatio
1435 1212 1679 1283 quaedam
1702 1222 1785 1268 est
1802 1212 1917 1268 haec

306 1308 482 1361 oratio
506 1349 522 1372 ,
554 1292 805 1377 quasijob
833 1315 1034 1361 tantam
1064 1306 1268 1362 illatam
1291 1304 1638 1361 alﬁictionem
1666 1320 1725 1361 se
1753 1321 1917 1360 excu-

304 1406 472 1463 saret,
504 1400 661 1467 eique
679 1395 907 1464 diceret,
929 1408 985 1452 et
1010 1397 1336 1469 signiﬁcaret
1363 1412 1468 1452 non
1495 1408 1717 1460 temere,
1743 1411 1918 1465 neque

305 1485 510 1543 frustra
541 1490 862 1557 permissum
886 1504 1007 1544 esse
1026 1529 1043 1553 ,
1075 1497 1131 1543 ut
1158 1489 1272 1559 ipse
1313 1496 1465 1543 tanto
1496 1496 1741 1558 tempore
1775 1487 1917 1542 επιε-

303 1587 526 1649 geretur
550 1620 566 1645 ,
597 1588 820 1650 peccata
854 1579 906 1633 in
935 1569 1251 1635 memoriam
1279 1580 1357 1634 illi
1390 1580 1681 1646 revocavit,
1710 1590 1764 1635 et
1788 1594 1917 1635 cau-

304 1681 423 1724 sam
453 1669 667 1740 aperuit
696 1669 1042 1724 inﬁrmitatis.
1068 1670 1195 1727 Cum
1221 1672 1365 1726 enim
1394 1713 1409 1737 ,
1435 1673 1625 1742 inquit,
1650 1671 1919 1725 invenisset

303 1773 420 1812 eunt
444 1760 497 1813 in
524 1761 746 1829 templo,
776 1762 909 1815 dixit
938 1761 1055 1815 illi:
1088 1761 1215 1815 Noli
1236 1762 1460 1831 amplius
1490 1779 1717 1833 peccare,
1747 1780 1810 1817 ne
1831 1768 1918 1816 de-

306 1850 464 1903 terius
485 1850 575 1903 tibi
600 1851 797 1922 aliquid
831 1854 1092 1923 contingat
1117 1852 1295 1923 (Joan.
1319 1856 1368 1909 5.
1399 1856 1513 1921 M).

381 1941 587 1996 Transit
634 1944 703 1996 ad
752 1944 1085 2014 posteriorem
1128 1943 1530 2016 Paralylicum;
1582 1945 1921 2016 Evangelistw

307 2050 411 2089 non
432 2036 562 2088 inter
595 2050 649 2089 se
690 2044 941 2105 pugnant.
978 2034 1125 2101 Quid
1153 2036 1219 2089 sit
1260 2037 1457 2090 diversa
1484 2037 1624 2107 loqui
1644 2048 1690 2091 et
1715 2048 1918 2091 contra-

305 2124 737 2191 ria.~—Quando
769 2124 929 2196 igitur
954 2140 1019 2181 ex
1049 2127 1211 2196 priori
1241 2127 1541 2198 paralytico
1568 2136 1773 2183 tantum
1798 2129 1909 2184 fru-

304 2225 451 2270 ctum
472 2215 809 2285 collegimus,
839 2231 938 2286 age
954 2216 1064 2286 jam
1083 2215 1153 2269 ad
1173 2217 1396 2270 alterunt
1426 2219 1589 2273 etiam
1614 2219 1915 2285 veniamus,

304 2306 375 2361 de
398 2322 507 2377 quo
532 2305 673 2376 apud
692 2306 1001 2361 Matthteum
1028 2308 1201 2377 agitur
1228 2307 1251 2378 (
1275 2307 1459 2362 Matth.
1486 2307 1519 2363 9
1553 2310 1595 2379 ).
1621 2308 1756 2364 Nam
1786 2320 1841 2364 et
1866 2312 1916 2364 in

306 2398 648 2452 metallorum
680 2395 877 2452 fodinis
905 2398 993 2452 ubi
1020 2398 1141 2468 quis
1159 2398 1277 2468 plus
1308 2400 1423 2453 auri
1456 2402 1719 2469 repererit
1753 2441 1769 2467 ,
1812 2401 1920 2456 illic

304 2487 493 2543 eﬁ'odit
518 2503 743 2561 rursus:
773 2496 828 2543 et
851 2489 1049 2543 multos
1070 2490 1273 2543 scimus
1302 2494 1510 2557 eorum,
1532 2490 1620 2559 qui
1644 2491 1919 2561 negligen-

306 2588 391 2633 ter
414 2576 873 2649 legeruiitﬂnum
902 2586 955 2632 et
998 2576 1245 2632 eumdem
1286 2593 1408 2633 esse
1438 2588 1626 2649 putare
1653 2582 1914 2652 paralyti-

305 2684 454 2735 cum,
486 2670 555 2724 de
585 2683 694 2749 ευιο
720 2668 861 2738 apud
887 2679 1118 2738 quatuor
1143 2671 1504 2739 evangelistas
1530 2655 1724 2741 agitur.
1757 2673 1919 2742 Atqui

308 2777 417 2816 non
446 2770 529 2816 est
556 2760 721 2815 idem.
752 2760 1121 2829 Quamobrem
1147 2762 1338 2832 erigite
1370 2778 1463 2816 vos
1496 2804 1511 2828 ,
1542 2778 1606 2818 ac
1636 2764 1921 2834 diligenter

303 2854 585 2910 attendite.
632 2855 818 2926 Neque
856 2856 1000 2910 enim
1052 2855 1120 2911 de
1155 2857 1315 2911 rebus
1361 2857 1667 2913 trivialibus
1693 2859 1921 2928 quaestio

304 2948 537 3003 habetur
557 2987 575 3014 ,
603 2946 698 3002 sed
717 2956 771 3002 et
789 2946 1048 3003 adversus
1070 2949 1297 3017 gentiles
1323 2956 1377 3002 ct
1401 2948 1659 3003 adversus
1679 2949 1920 3018 Judmos,

304 3049 361 3093 et
385 3040 645 3093 adversus
676 3039 877 3095 multos
900 3038 1188 3095 hzcreticos
1231 3038 1376 3094 utilis
1408 3039 1525 3095 haec
1562 3040 1667 3094 erit
1698 3041 1873 3100 oratio
1902 3082 1917 3107 ,

306 3129 396 3184 ubi
430 3128 765 3185 conveniens
801 3130 999 3184 solutio
1029 3128 1191 3185 fuerit
1220 3129 1422 3184 addita.
1456 3128 1588 3184 Nam
1624 3139 1677 3185 et
1713 3131 1784 3185 ita
1830 3147 1920 3185 re-

310 3222 652 3292 prehendunt
679 3238 869 3277 omnes
891 3223 1247 3293 evangelistas
1272 3232 1542 3293 tamquam
1566 3224 1706 3279 inter
1733 3240 1790 3279 se
1815 3242 1915 3294 pu-

306 3322 539 3385 gnantes
579 3330 643 3369 ac
687 3315 1051 3370 dissonantes.
1084 3315 1244 3385 Atqui
1274 3330 1382 3370 non
1409 3317 1480 3370 ita
1514 3331 1602 3371 res
1628 3332 1688 3371 se
1714 3317 1873 3371 habet
1903 3357 1919 3383 ,

307 3406 479 3459 absit:
524 3405 652 3459 licet
698 3403 930 3460 dirersaa
968 3419 1211 3475 personae
1247 3405 1386 3473 sint,
1431 3422 1533 3461 una
1569 3418 1650 3462 est
1690 3406 1922 3477 Spiritus

305 3495 498 3567 gratia,
528 3512 633 3567 qua
665 3497 924 3568 cujusque
949 3499 1127 3551 anima
1161 3508 1442 3553 movetur:
1474 3510 1530 3554 at
1570 3500 1657 3554 ubi
1684 3500 1917 3570 Spiritus

307 3600 391 3646 est
414 3591 590 3662 gratia
621 3632 636 3656 ,
668 3590 865 3645 caritas
892 3630 907 3652 ,
938 3591 1188 3660 gaudium
1219 3631 1235 3658 ,
1267 3606 1404 3661 pax;
1436 3592 1638 3647 bellum
1666 3608 1771 3647 non
1801 3603 1919 3661 est,

308 3693 412 3735 nec
440 3679 707 3735 discordia
730 3721 749 3745 ,
798 3695 897 3734 nec
926 3695 1100 3750 pugna
1126 3721 1141 3741 ,
1186 3696 1287 3736 nec
1317 3681 1428 3736 ulla
1468 3684 1767 3738 contentio.
1805 3684 1922 3752 Quo

310 3770 525 3828 tandem
567 3773 725 3842 igitur
759 3781 916 3841 pacto
942 3770 1284 3827 manifestum
1332 3773 1619 3829 reddemus
1646 3775 1788 3829 hunc
1816 3792 1919 3830 non

307 3879 431 3920 esse
456 3865 606 3918 illum
638 3865 1019 3936 paralyticum,
1047 3864 1144 3919 sed
1161 3866 1386 3921 alterum
1416 3865 1484 3920 ab
1509 3866 1604 3920 illo
1624 3866 1923 3922 diversum?

310 3956 390 4010 Ex
418 3956 599 4010 multis
621 3955 831 4010 indiciis
856 3971 978 4011 cum
1009 3956 1110 4010 loci
1142 3966 1252 4010 tum
1286 3957 1565 4027 temporis,
1596 3966 1650 4012 et
1675 3959 1920 4013 occasio-

311 4062 437 4100 num
467 4088 482 4109 ,
514 4054 569 4100 et
591 4044 694 4099 diei
722 4087 737 4111 ,
774 4055 829 4101 et
858 4062 923 4101 ex
950 4046 1113 4101 modo
1140 4048 1437 4102 curationis
1469 4090 1482 4113 ,
1516 4057 1569 4102 et
1592 4050 1660 4104 ab
1688 4051 1922 4104 adventu

312 4137 502 4192 medici
536 4179 551 4205 ,
604 4147 659 4191 ct
688 4138 805 4207 ejus
831 4139 921 4209 qui
948 4150 1167 4194 curatus
1200 4150 1284 4195 est
1314 4142 1625 4197 solitudine.
1650 4142 1786 4209 Quid
1812 4152 1923 4197 tum

311 4229 536 4299 postea?
562 4228 708 4283 dicet
731 4230 961 4299 aliquis:
988 4246 1111 4284 nam
1140 4241 1195 4285 et
1222 4232 1326 4286 alia
1354 4233 1503 4303 signa
1534 4250 1715 4289 nonne
1738 4234 1921 4288 diver-

311 4334 368 4373 sa
386 4321 593 4375 ratione
624 4321 775 4375 multi
796 4322 1144 4392 evangelista:
1173 4325 1501 4379 narrarunt?
1529 4325 1598 4379 At
1621 4326 1923 4381 enimalind

310 4421 396 4467 est
422 4413 639 4468 diverse
669 4406 889 4469 narrare
922 4455 936 4478 ,
965 4415 1109 4469 aliud
1135 4417 1408 4471 contrario
1430 4418 1625 4472 modo:
1659 4420 1925 4489 siquidem

312 4504 444 4559 illud
476 4504 864 4559 dissonantiam
892 4506 1093 4560 nullam
1121 4507 1287 4577 gignit
1319 4516 1411 4563 aut
1441 4524 1673 4580 pugnam
1701 4528 1714 4564 :
1742 4512 1793 4565 in
1825 4512 1927 4567 hoc

315 4610 446 4649 vero
464 4594 607 4666 quod
638 4605 722 4651 est
750 4612 860 4666 pne
887 4598 1157 4665 manibus,
1187 4600 1353 4653 multa
1375 4612 1597 4670 apparet
1624 4618 1925 4673 repugnan-

317 4689 437 4753 tia,
472 4689 574 4743 nisi
610 4688 841 4743 alterum
868 4704 990 4745 esse
1016 4691 1333 4747 ostendatur
1362 4693 1413 4746 in
1446 4694 1649 4763 piscina
1674 4696 1927 4765 paralyti-

316 4796 440 4834 cum
472 4823 485 4843 ,
516 4796 677 4850 quam
710 4782 753 4837 is
774 4822 788 4845 ,
824 4782 889 4837 de
920 4798 1027 4852 quo
1059 4792 1170 4838 tres
1196 4786 1542 4855 evangelista:
1569 4787 1923 4854 scripserunt.

316 4874 491 4943 Atque
520 4881 577 4926 ut
607 4874 915 4942 intelligatis
953 4876 1089 4944 quid’
1124 4876 1193 4930 sit
1225 4876 1437 4931 diverse
1469 4878 1673 4946 etquid
1698 4887 1916 4932 contra-

316 4964 395 5017 rie.
424 4965 604 5034 loqui:
634 4981 772 5020 unus
802 4982 866 5021 es
896 4968 1243 5036 evangelistis
1278 4968 1414 5022 dixit
1441 4986 1654 5025 crucem
1685 4982 1929 5041 portasse

314 5054 612 5120 Christum,
631 5058 770 5110 alter
795 5067 974 5112 autem
998 5058 1271 5114 Simonem
1295 5059 1643 5131 Cyrenmum:
1671 5064 1774 5117 hoc
1802 5080 1930 5119 vero

318 5149 757 5202 contrarietatem
775 5149 972 5203 nullam
992 5151 1176 5220 gignit,
1195 5162 1286 5205 aut
1314 5168 1565 5223 pugnam.
1590 5154 1689 5221 Qui
1724 5164 1925 5224 potest,

317 5237 513 5308 inquit,
548 5254 653 5292 non
677 5254 798 5293 csse
824 5242 1173 5306 contrarium,
1211 5252 1422 5311 portare
1451 5254 1505 5298 et
1537 5260 1642 5298 non
1671 5248 1928 5314 portare?

317 5332 454 5397 Quia
507 5333 762 5387 nimirum
817 5346 1101 5404 utrumque
1145 5337 1359 5390 accidit.
1410 5338 1625 5391 Etcum
1669 5340 1931 5393 exiissent

317 5424 536 5493 quidem
577 5440 643 5478 ex
690 5426 944 5496 pnetorio
974 5468 988 5491 ,
1023 5430 1257 5496 portavit
1282 5427 1567 5483 Christus:
1599 5445 1721 5484 cum
1747 5441 1927 5484 autem

318 5512 531 5583 longius
575 5517 843 5585 progressi
887 5528 1069 5571 essent
1097 5561 1111 5584 ,
1169 5519 1355 5573 Simon
1387 5520 1453 5573 ab
1501 5520 1592 5573 illo
1636 5523 1847 5589 accepit
1877 5531 1930 5575 et

319 5606 461 5659 tulit.
494 5605 701 5661 ﬂursus
726 5608 793 5662 de
817 5608 1114 5664 latronibus
1146 5626 1284 5664 unus
1333 5612 1548 5680 quidem
1582 5614 1656 5665 ait
1692 5612 1826 5666 duos
1852 5614 1930 5680 ip-

319 5713 439 5750 sum
475 5697 876 5767 blasphemasse
912 5742 926 5765 ,
965 5702 1097 5755 alter
1118 5718 1244 5756 vero
1272 5746 1284 5766 ,
1323 5720 1483 5757 unum
1529 5707 1930 5776 compescuissc

319 5788 473 5845 illum
506 5794 590 5861 qui
635 5795 938 5850 accusabat.
990 5795 1093 5850 Sed
1137 5812 1307 5868 neque
1350 5798 1450 5853 hoc
1482 5814 1667 5854 rursus
1692 5810 1769 5853 est
1800 5815 1930 5854 con-

2030 480 2275 534 trarium.
2316 478 2456 545 Quid
2498 478 2609 533 ita?
2658 478 2922 546 Quoniam
2984 477 3068 532 hic
3105 491 3317 547 quoque
3356 486 3644 545 utrumque

2023 571 2219 626 accidit
2251 611 2267 635 ,
2295 582 2457 641 atque
2503 572 2657 625 initio
2687 571 2903 641 quidem
2940 580 3167 640 uterque
3195 568 3442 638 improbe
3469 583 3531 625 se
3552 585 3642 637 ge-

2025 662 2210 717 rebat:
2255 673 2440 731 postea
2470 677 2598 717 vero
2627 679 2749 716 cum
2773 661 2910 717 facta
2938 670 3121 717 essent
3165 660 3422 715 miracula
3448 700 3463 726 ,
3495 670 3640 714 terra

2023 764 2193 821 mota,
2219 764 2385 825 petrae
2411 757 2598 810 scissa:
2628 796 2641 818 ,
2676 764 2730 809 et
2752 755 2830 809 sol
2864 754 3212 809 absconditus
3239 794 3255 818 ,
3286 752 3423 807 alter
3452 767 3640 806 eorum

2024 840 2321 901 conversus
2357 856 2411 901 et
2441 846 2735 901 medeatior
2760 855 2845 900 est
2876 845 3048 899 factus
3069 886 3083 908 ,
3112 854 3166 898 et
3189 843 3510 898 cruciﬁxum
3544 858 3639 912 ag-

2027 936 2175 990 novit
2198 977 2214 996 .
2243 936 2468 1007 ejusque
2512 952 2735 1006 regnum
2760 934 3047 990 confessus
3067 945 3171 989 est.
3201 933 3336 989 Nam
3390 948 3457 987 ne
3502 932 3642 986 forte

2024 1030 2363 1085 existimares
2389 1030 2713 1089 necessitate
2738 1027 2969 1099 quadam
3008 1042 3073 1082 ac
3111 1026 3161 1080 v‘i
3191 1025 3470 1095 cujusdam
3496 1025 3640 1078 intus

2025 1138 2148 1177 eum
2183 1121 2508 1191 impellentia
2543 1120 2647 1175 hoc
2683 1121 2797 1175 ﬁeri
2827 1160 2843 1186 ,
2876 1134 3010 1174 neve
3039 1118 3316 1173 dubitares
3347 1157 3365 1183 ,
3400 1116 3548 1171 illum
3586 1117 3639 1171 in

2024 1229 2186 1269 cruce
2218 1214 2312 1267 tibi
2336 1214 2560 1268 exhibet
2590 1216 2824 1283 priorem
2855 1212 3033 1267 adhuc
3064 1210 3467 1281 improbitatem
3508 1209 3623 1265 reti-

2027 1316 2266 1371 nentem,
2291 1316 2347 1360 ut
2375 1320 2639 1376 agnoscas
2664 1321 2788 1360 eum
2817 1314 3010 1375 sponte
3033 1313 3194 1374 atque
3222 1318 3252 1357 a
3282 1318 3342 1357 se
3370 1302 3487 1371 ipso
3515 1317 3631 1356 mu-

2028 1408 2195 1452 tatum
2229 1438 2244 1463 ,
2279 1396 2480 1467 Deique
2528 1396 2698 1467 gratia
2746 1396 2999 1451 donatum
3048 1395 3121 1450 ita
3174 1394 3455 1449 meliorem
3512 1407 3641 1449 eva-

2027 1491 2186 1543 sisse.
2216 1486 2221 1487 “

2098 1582 2152 1635 4.
2196 1579 2313 1633 Alia
2337 1594 2551 1649 quoque
2579 1578 2741 1632 multa
2783 1577 3048 1649 ejusmodi
3081 1593 3144 1633 ex
3160 1575 3463 1647 Evangeliis
3487 1576 3641 1631 colli-

2031 1685 2160 1741 gere
2190 1671 2346 1733 licet,
2394 1685 2516 1739 qua:
2560 1668 2809 1724 videntur
2848 1669 3210 1739 suSpicionem
3244 1667 3446 1723 habere
3480 1683 3641 1737 repu-

2029 1762 2266 1832 gnantia:
2294 1780 2308 1816 :
2332 1762 2424 1817 sed
2452 1761 2595 1815 nulla
2620 1768 2801 1815 tamen
2828 1769 2911 1816 est
2931 1760 3305 1840 repugnantia,
3329 1760 3423 1814 sed
3446 1768 3500 1813 et
3520 1775 3643 1829 quas

2025 1856 2096 1911 ab
2119 1856 2243 1921 hoe,
2276 1864 2330 1909 et
2356 1872 2474 1924 qua:
2510 1854 2577 1909 ab
2607 1853 2701 1907 illo
2730 1852 2871 1909 dicta
2902 1861 3046 1918 sunt,
3076 1862 3368 1907 evenerunt
3394 1852 3641 1906 :tametsi

2033 1964 2140 2002 non
2171 1948 2361 2003 eadem
2390 1947 2521 2001 hora
2552 1988 2567 2013 ,
2600 1956 2652 2000 et
2684 1962 2822 2001 unus
2861 1946 3092 2017 primum
3139 1945 3267 1999 illud
3304 1944 3477 2009 dixit,
3507 1945 3645 1999 alter

2028 2039 2152 2094 i;lud
2179 2038 2474 2094 secundum
2500 2055 2515 2092 :
2542 2048 2599 2092 at
2621 2038 2721 2092 hoc
2742 2038 2862 2092 loco
2893 2037 3024 2090 nihil
3057 2045 3139 2091 cst
3163 2036 3291 2102 tale,
3325 2035 3419 2089 sed
3450 2050 3639 2090 eorum

2028 2130 2349 2184 indiciorum
2382 2127 2667 2184 multitudo
2692 2170 2709 2195 ,
2740 2144 2859 2198 quze
2888 2136 3070 2181 notata
3106 2136 3273 2192 sunt,
3304 2127 3368 2180 iis
3392 2168 3408 2191 ,
3433 2125 3523 2195 qui
3557 2136 3643 2178 ut-

2030 2236 2266 2290 cumque
2298 2220 2534 2274 animum
2564 2219 2898 2274 adverterint
2918 2259 2933 2283 ,
2964 2218 3201 2272 ostendit
3240 2216 3469 2270 alterum
3503 2215 3643 2269 hunc

2036 2314 2203 2365 fuisse
2226 2354 2240 2376 ,
2269 2320 2321 2365 et
2349 2296 2579 2365 alterum
2627 2310 2798 2364 illum.
2844 2307 3029 2378 Neque
3065 2322 3194 2362 vero
3227 2307 3514 2361 mediocris
3543 2307 3643 2359 ista

2026 2420 2149 2459 esse
2177 2413 2356 2474 potest
2382 2403 2771 2458 demonstratio
2815 2399 3257 2470 adprobandum
3284 2399 3644 2468 evangelistas

2032 2495 2175 2549 inter
2202 2510 2261 2548 se
2291 2494 2619 2557 consentire,
2648 2508 2759 2547 non
2789 2506 3051 2563 pugnare.
3086 2490 3144 2546 Si
3185 2491 3329 2544 enim
3371 2489 3512 2545 idem
3541 2491 3639 2555 sit,

2028 2601 2222 2657 magna
2251 2600 2428 2655 pugna
2464 2602 2477 2639 :
2510 2584 2591 2639 sin
2620 2596 2800 2639 autem
2847 2583 2986 2638 alter
3027 2591 3112 2637 est
3156 2582 3278 2647 ille,
3312 2581 3519 2636 sublata
3560 2590 3644 2637 est

2028 2678 2205 2732 omnis
2229 2677 2514 2732 dubitatio.

2104 2768 2301 2835 Quibus
2351 2769 2735 2839 distinguantur
2777 2767 2880 2820 duo
2912 2764 3240 2837 Paralytici;
3279 2766 3552 2820 incisiones
3597 2776 3644 2821 et

2027 2860 2253 2913 ustiones
2275 2859 2585 2913 medicorum
2616 2868 2979 2930 comparantur
3007 2874 3121 2911 cum
3144 2859 3409 2912 curatione
3433 2860 3548 2911 ista.
3574 2887 3645 2899 —-

2033 2953 2146 3021 Age
2178 2951 2339 3020 igitur
2367 2966 2560 3005 causas
2586 2952 2729 3020 ipsas
2771 2963 3174 3021 proponamus,
3205 2949 3399 3019 quibus
3427 2949 3644 3004 adducti

2030 3039 2262 3095 dicimus
2277 3041 2420 3094 hunc
2442 3042 2587 3095 illum
2608 3056 2712 3094 non
2750 3056 2891 3095 esse.
2914 3041 3171 3107 Qumnam
3193 3041 3296 3095 illa:
3314 3056 3474 3110 porro
3494 3043 3644 3095 sunt?

2035 3130 2131 3185 Ille
2159 3140 2378 3185 sanatur
2407 3130 2783 3202 Jerosolymis,
2814 3132 2900 3187 hic
2928 3147 3057 3187 vero
3088 3133 3139 3186 in
3166 3132 3566 3204 Capharnaum,
3590 3145 3646 3191 et

2036 3224 2127 3279 ille
2156 3223 2374 3294 quidem
2412 3223 2561 3292 juxta
2612 3223 2872 3295 piscinam
2919 3239 3179 3295 aquarum
3207 3267 3222 3290 ,
3251 3226 3350 3281 iste
3380 3236 3557 3281 autem
3590 3230 3643 3282 in

2036 3317 2269 3386 quodam
2302 3317 2551 3372 cubiculo
2575 3358 2590 3382 ,
2641 3333 2769 3371 ecce
2819 3318 3075 3372 indicium
3104 3334 3133 3372 a
3170 3320 3287 3374 loco
3322 3336 3334 3372 :
3368 3328 3528 3389 atque
3554 3320 3645 3375 ille

2037 3406 2259 3476 quidem
2285 3409 2335 3460 in
2360 3407 2451 3463 die
2479 3407 2619 3462 festo
2640 3450 2656 3475 ,
2683 3424 2811 3463 ecce
2848 3423 2877 3462 a
2930 3410 3186 3478 temporis
3211 3408 3519 3464 conditione
3550 3428 3562 3462 :
3592 3420 3646 3464 et

2035 3497 2130 3552 ille
2158 3498 2373 3566 quidem
2401 3500 2617 3568 triginta
2646 3508 2702 3553 et
2727 3509 2849 3553 octo
2874 3514 3045 3553 annos
3076 3499 3305 3553 habebat
3332 3500 3385 3553 in
3415 3500 3645 3553 inﬁrmi-

2031 3596 2141 3643 tate
2171 3604 2267 3644 sua
2296 3604 2312 3653 ;
2340 3590 2408 3644 de
2443 3590 2544 3644 hoc
2572 3600 2754 3645 autem
2779 3590 2911 3645 nihil
2946 3592 3049 3647 tale
3081 3591 3405 3661 evangelista
3440 3604 3639 3655 narrat,

2032 3698 2161 3737 ecce
2202 3697 2232 3736 a
2285 3691 2529 3752 tempore
2560 3700 2572 3737 :
2602 3693 2656 3738 et
2698 3685 2788 3739 ille
2828 3684 3042 3753 quidem
3076 3686 3128 3738 in
3154 3684 3378 3739 sabbato
3423 3694 3644 3739 sanatus

2036 3784 2139 3836 est,
2166 3788 2293 3828 ecce
2313 3789 2343 3827 a
2365 3774 2452 3828 die
2486 3791 2499 3826 :
2533 3773 2577 3829 si
2606 3775 2750 3827 enim
2778 3776 2828 3827 in
2858 3775 3080 3828 sabbato
3107 3774 3290 3828 luisset
3318 3774 3403 3828 hic
3430 3789 3641 3843 quoque

2031 3848 2256 3921 sanatus
2283 3908 2297 3931 ,
2333 3881 2507 3936 neque
2536 3866 2588 3920 id
2620 3866 2877 3922 tacuisset
2902 3866 3184 3921 Matthxus
3210 3908 3223 3932 ,
3264 3881 3436 3934 neque
3472 3866 3642 3921 Jud:ei

2031 3958 2121 4025 qui
2164 3957 2395 4011 aderant
2424 3995 2440 4020 ,
2484 3956 2819 4025 quievissent
2847 3973 2859 4009 :
2888 3958 2976 4025 qui
3007 3957 3151 4009 enim
3192 3957 3352 4009 etiam
3381 3965 3490 4009 tum
3519 3971 3643 4009 cum

2032 4049 2122 4102 ille
2151 4050 2201 4102 in
2236 4049 2459 4103 sabbato
2485 4057 2707 4103 sanatus
2740 4064 2845 4101 non
2880 4058 2997 4112 est,
3030 4048 3187 4101 aliam
3224 4048 3292 4100 ub
3320 4064 3535 4102 causam
3566 4050 3646 4102 in-

2032 4142 2237 4209 dignati
2279 4150 2439 4205 sunt,
2482 4141 2651 4195 multo
2679 4142 2847 4210 magis
2897 4140 2941 4194 si
2984 4156 3013 4194 a
3057 4150 3296 4208 tempore
3335 4139 3455 4193 data
3500 4148 3646 4194 esset

2031 4249 2159 4288 ansa
2187 4233 2638 4304 reprehendendi,
2661 4249 2995 4303 nequaquam
3008 4231 3275 4301 jactandis
3297 4232 3347 4284 in
3370 4233 3641 4285 Christum

2032 4326 2499 4381 criminationibus
2545 4322 2936 4395 pepercissent.
2979 4326 3155 4393 Atque
3194 4324 3279 4377 hic
3316 4324 3530 4391 quidem
3577 4326 3643 4379 ad

2032 4418 2311 4479 Christum
2339 4418 2601 4481 defertur,
2636 4417 2702 4472 ad
2735 4418 2883 4471 illum
2913 4426 3091 4471 autem
3120 4415 3368 4471 Christus
3393 4417 3598 4472 accedit
3627 4460 3643 4484 ,

2034 4521 2089 4565 et
2123 4511 2194 4563 illi
2224 4509 2400 4564 nullus
2426 4523 2543 4563 ert.
2574 4506 2737 4561 homo
2762 4507 2850 4577 qui
2878 4507 3152 4576 suppetias
3182 4506 3349 4561 ferret
3379 4525 3391 4560 :
3431 4507 3665 4570 Domine,

2034 4604 2201 4669 enim,
2234 4603 2444 4671 inquit,
2478 4601 2735 4655 hominem
2764 4617 2866 4654 non
2897 4599 3056 4654 habeo
3086 4600 3275 4670 (Joan.
3306 4602 3357 4655 5.
3393 4602 3465 4672 7)
3500 4619 3515 4654 :
3548 4603 3647 4655 iste

2035 4709 2166 4747 vero
2189 4693 2385 4750 multos
2416 4692 2645 4746 habebat
2691 4692 3021 4762 propinquos
3046 4734 3060 4757 ,
3087 4691 3178 4762 qui
3222 4702 3277 4747 et
3320 4708 3414 4762 per
3446 4702 3643 4747 tectum

2037 4786 2182 4839 illum
2232 4785 2589 4843 demiserunt.
2646 4784 2715 4837 Et
2768 4784 2910 4839 illius
2963 4785 3179 4854 quidem
3235 4795 3359 4839 ante
3414 4790 3646 4840 animam

2035 4891 2231 4947 Corpus
2256 4877 2495 4930 correxit
2530 4892 2543 4929 :
2575 4875 2843 4945 siquidem
2886 4890 3007 4929 cum
3041 4876 3185 4944 prius
3217 4876 3503 4947 paralysim
3532 4878 3650 4946 ejus

2036 4978 2302 5031 sanasset,
2337 4966 2531 5020 deinde
2562 4966 2729 5031 dixit,
2767 4965 2901 5019 Ecce
2922 4982 3079 5019 sanus
3104 4972 3269 5036 factus
3296 4984 3346 5021 es
3366 5008 3381 5033 ,
3412 4968 3515 5021 noli
3543 4986 3651 5020 am-

2038 5058 2173 5126 plius
2218 5074 2428 5127 peccare
2490 5073 2507 5109 :
2566 5056 2651 5110 hic
2690 5063 2871 5110 autem
2914 5071 3019 5109 non
3067 5058 3137 5110 ita
3170 5075 3181 5110 :
3211 5058 3304 5111 sed
3345 5074 3463 5112 cum
3505 5060 3651 5127 prius

2037 5150 2230 5203 anin'ta:
2264 5152 2404 5203 illius
2432 5149 2731 5203 medicatus
2767 5156 2947 5213 esset;
2972 5148 3045 5201 ait
3071 5149 3211 5202 enim
3244 5150 3341 5219 ipsi
3372 5170 3383 5202 ε
3415 5151 3647 5218 Con/ide,

2038 5246 2148 5313 ﬁli,
2195 5246 2518 5298 remittuntur
2560 5244 2646 5296 tibi
2695 5253 2902 5313 peccata
2946 5253 3034 5294 tua
3094 5242 3307 5311 (Matth.
3338 5244 3391 5298 9.
3422 5244 3502 5312 Ξ),
3536 5253 3649 5296 tum

2038 5334 2233 5389 deinde
2265 5335 2549 5405 paralysin]
2584 5334 2812 5387 sanavit.
2846 5334 3005 5386 llunc
3036 5333 3195 5402 igitur
3218 5334 3363 5386 illum
3398 5348 3503 5385 non
3534 5348 3653 5386 esse

2039 5431 2185 5483 clare
2224 5427 2380 5482 nobis
2408 5445 2471 5481 ex
2506 5428 2590 5481 his
2618 5436 2701 5482 cst
2735 5427 3163 5481 demonstratum
3200 5446 3210 5478 :
3240 5426 3349 5495 jam
3378 5436 3554 5479 autem
3586 5425 3651 5478 ad

2046 5523 2217 5590 ipsum
2255 5521 2580 5575 narrationis
2612 5520 2820 5573 initium
2850 5519 3172 5573 veniendum
3211 5528 3294 5571 est
3317 5558 3329 5581 ,
3370 5533 3430 5569 ac
3464 5518 3650 5570 viden-

2040 5614 2190 5677 dmn,
2221 5629 2326 5681 quo
2351 5624 2507 5681 pacto
2539 5612 2681 5667 hunc
2706 5622 2759 5665 et
2782 5626 2888 5680 quo
2916 5620 3071 5681 pacto
3095 5612 3242 5664 illum
3267 5610 3466 5663 sanarit
3492 5608 3650 5663 Chri-

2048 5718 2163 5761 stus
2189 5748 2203 5773 ,
2237 5718 2290 5761 et
2322 5723 2419 5761 cur
2464 5706 2678 5762 diversa
2726 5708 2933 5761 ratione
2963 5724 2978 5759 :
3011 5723 3105 5761 cur
3143 5706 3284 5761 hunc
3312 5706 3362 5757 in
3391 5704 3651 5766 sathato,

2044 5800 2191 5854 illum
2225 5815 2328 5855 non
2358 5800 2410 5856 in
2439 5800 2697 5870 sabbato,
2732 5808 2787 5854 et
2812 5799 2875 5853 ad
2908 5800 3056 5854 illum
3088 5799 3201 5869 ipse
3233 5798 3435 5852 venerit
3463 5836 3478 5862 ,
3509 5800 3637 5852 hum
