  <div class='ocr_page' id='page_1' title='image "/cluster/home/n/w/nwhite01/storage/ocr_20150623/51/ien.35556001660786/061.png"; bbox 0 0 4058 6408; ppageno 0'>
   <div class='ocr_carea' id='block_1_1' title="bbox 2047 273 2053 318">
    <p class='ocr_par' dir='ltr' id='par_1_1' title="bbox 2047 273 2053 318">
     <span class='ocr_line' id='line_1_1' title="bbox 2047 273 2053 318; baseline 0 0"><span class='ocrx_word' id='word_1_1' title='bbox 2047 273 2053 318; x_wconf 77' lang='lat' dir='ltr'><strong>i</strong></span> 
     </span>
    </p>
   </div>
   <div class='ocr_carea' id='block_1_2' title="bbox 455 335 3766 428">
    <p class='ocr_par' dir='ltr' id='par_1_2' title="bbox 455 335 3766 428">
     <span class='ocr_line' id='line_1_2' title="bbox 455 335 3766 428; baseline 0.011 -37"><span class='ocrx_word' id='word_1_2' title='bbox 455 335 524 392; x_wconf 80' lang='lat'><strong>55</strong></span> <span class='ocrx_word' id='word_1_3' title='bbox 967 366 972 370; x_wconf 89' lang='grc'>·</span> <span class='ocrx_word' id='word_1_4' title='bbox 1195 341 1255 403; x_wconf 73' lang='lat'><strong>8.</strong></span> <span class='ocrx_word' id='word_1_5' title='bbox 1294 341 1574 402; x_wconf 72' lang='lat' dir='ltr'><strong>JOANNIS</strong></span> <span class='ocrx_word' id='word_1_6' title='bbox 1607 343 2089 410; x_wconf 75' lang='lat' dir='ltr'><strong>CilRYSOSTOMl</strong></span> <span class='ocrx_word' id='word_1_7' title='bbox 2140 348 2460 409; x_wconf 81' lang='lat' dir='ltr'><strong>ARCIIIEP.</strong></span> <span class='ocrx_word' id='word_1_8' title='bbox 2504 355 3046 418; x_wconf 75' lang='lat' dir='ltr'><strong>CONSTANTINOP.</strong></span> <span class='ocrx_word' id='word_1_9' title='bbox 3693 369 3766 428; x_wconf 69' lang='lat'><strong><em>56</em></strong></span> 
     </span>
    </p>
   </div>
   <div class='ocr_carea' id='block_1_3' title="bbox 457 454 2050 530">
    <p class='ocr_par' dir='ltr' id='par_1_3' title="bbox 457 454 2050 530">
     <span class='ocr_line' id='line_1_3' title="bbox 457 454 2050 530; baseline 0.007 -26"><span class='ocrx_word' id='word_1_10' title='bbox 457 461 636 507; x_wconf 71' lang='lat' dir='ltr'><strong>autem</strong></span> <span class='ocrx_word' id='word_1_11' title='bbox 661 454 1055 527; x_wconf 71' lang='lat' dir='ltr'><strong>exspectaret-it</strong></span> <span class='ocrx_word' id='word_1_12' title='bbox 1072 455 1138 510; x_wconf 92' lang='lat' dir='ltr'><strong>ad</strong></span> <span class='ocrx_word' id='word_1_13' title='bbox 1158 470 1216 510; x_wconf 88' lang='lat' dir='ltr'><strong>se</strong></span> <span class='ocrx_word' id='word_1_14' title='bbox 1236 455 1454 522; x_wconf 79' lang='lat' dir='ltr'><strong>deferri,</strong></span> <span class='ocrx_word' id='word_1_15' title='bbox 1480 467 1534 513; x_wconf 89' lang='lat' dir='ltr'><strong>et</strong></span> <span class='ocrx_word' id='word_1_16' title='bbox 1560 473 1718 530; x_wconf 85' lang='lat' dir='ltr'><strong>quam</strong></span> <span class='ocrx_word' id='word_1_17' title='bbox 1741 460 1811 515; x_wconf 91' lang='lat' dir='ltr'><strong>ob</strong></span> <span class='ocrx_word' id='word_1_18' title='bbox 1833 475 2050 515; x_wconf 77' lang='lat' dir='ltr'><strong>causam</strong></span> 
     </span>
    </p>
   </div>
   <div class='ocr_carea' id='block_1_4' title="bbox 447 543 2052 621">
    <p class='ocr_par' dir='ltr' id='par_1_4' title="bbox 447 543 2052 621">
     <span class='ocr_line' id='line_1_4' title="bbox 447 543 2052 621; baseline 0.007 -25"><span class='ocrx_word' id='word_1_19' title='bbox 447 543 597 604; x_wconf 85' lang='lat' dir='ltr'><strong>illius</strong></span> <span class='ocrx_word' id='word_1_20' title='bbox 620 547 833 616; x_wconf 86' lang='lat' dir='ltr'><strong>corpori</strong></span> <span class='ocrx_word' id='word_1_21' title='bbox 869 547 1046 616; x_wconf 86' lang='lat' dir='ltr'><strong>prius,</strong></span> <span class='ocrx_word' id='word_1_22' title='bbox 1089 547 1244 618; x_wconf 98' lang='lat' dir='ltr'><strong>hujus</strong></span> <span class='ocrx_word' id='word_1_23' title='bbox 1273 563 1401 605; x_wconf 83' lang='lat' dir='ltr'><strong>vero</strong></span> <span class='ocrx_word' id='word_1_24' title='bbox 1437 550 1631 606; x_wconf 77' lang='lat' dir='ltr'><strong>anima:</strong></span> <span class='ocrx_word' id='word_1_25' title='bbox 1662 551 1808 621; x_wconf 86' lang='lat' dir='ltr'><strong>prius</strong></span> <span class='ocrx_word' id='word_1_26' title='bbox 1839 551 2052 620; x_wconf 57' lang='lat' dir='ltr'><strong>medea.</strong></span> 
     </span>
    </p>
   </div>
   <div class='ocr_carea' id='block_1_5' title="bbox 459 634 2049 711">
    <p class='ocr_par' dir='ltr' id='par_1_5' title="bbox 459 634 2049 711">
     <span class='ocr_line' id='line_1_5' title="bbox 459 634 2049 711; baseline 0.007 -25"><span class='ocrx_word' id='word_1_27' title='bbox 459 642 568 690; x_wconf 87' lang='lat' dir='ltr'><strong>tur.</strong></span> <span class='ocrx_word' id='word_1_28' title='bbox 610 634 793 706; x_wconf 83' lang='lat' dir='ltr'><strong>Neque</strong></span> <span class='ocrx_word' id='word_1_29' title='bbox 835 637 977 690; x_wconf 89' lang='lat' dir='ltr'><strong>enim</strong></span> <span class='ocrx_word' id='word_1_30' title='bbox 1023 644 1225 693; x_wconf 88' lang='lat' dir='ltr'><strong>temere</strong></span> <span class='ocrx_word' id='word_1_31' title='bbox 1266 647 1358 693; x_wconf 83' lang='lat' dir='ltr'><strong>aut</strong></span> <span class='ocrx_word' id='word_1_32' title='bbox 1395 640 1513 696; x_wconf 83' lang='lat' dir='ltr'><strong>sine</strong></span> <span class='ocrx_word' id='word_1_33' title='bbox 1552 655 1713 697; x_wconf 80' lang='lat' dir='ltr'><strong>causa</strong></span> <span class='ocrx_word' id='word_1_34' title='bbox 1754 642 1852 696; x_wconf 86' lang='lat' dir='ltr'><strong>ista</strong></span> <span class='ocrx_word' id='word_1_35' title='bbox 1884 640 2049 711; x_wconf 76' lang='lat' dir='ltr'><strong>facit,</strong></span> 
     </span>
    </p>
   </div>
   <div class='ocr_carea' id='block_1_6' title="bbox 417 727 2049 803">
    <p class='ocr_par' dir='ltr' id='par_1_6' title="bbox 417 727 2049 803">
     <span class='ocr_line' id='line_1_6' title="bbox 417 727 2049 803; baseline 0.006 -25"><span class='ocrx_word' id='word_1_36' title='bbox 417 731 420 734; x_wconf 81' lang='grc'><strong>’</strong></span> <span class='ocrx_word' id='word_1_37' title='bbox 459 739 585 781; x_wconf 89' lang='lat' dir='ltr'><strong>cum</strong></span> <span class='ocrx_word' id='word_1_38' title='bbox 614 727 824 796; x_wconf 78' lang='lat' dir='ltr'><strong>sapiens</strong></span> <span class='ocrx_word' id='word_1_39' title='bbox 853 727 923 781; x_wconf 89' lang='lat' dir='ltr'><strong>sit</strong></span> <span class='ocrx_word' id='word_1_40' title='bbox 943 736 998 782; x_wconf 89' lang='lat' dir='ltr'><strong>et</strong></span> <span class='ocrx_word' id='word_1_41' title='bbox 1023 729 1297 796; x_wconf 85' lang='lat' dir='ltr'><strong>providus.</strong></span> <span class='ocrx_word' id='word_1_42' title='bbox 1327 731 1679 786; x_wconf 74' lang='lat' dir='ltr'><strong>Attendamus</strong></span> <span class='ocrx_word' id='word_1_43' title='bbox 1700 732 1878 803; x_wconf 86' lang='lat' dir='ltr'><strong>igitur,</strong></span> <span class='ocrx_word' id='word_1_44' title='bbox 1894 748 2049 788; x_wconf 91' lang='lat' dir='ltr'><strong>eum-</strong></span> 
     </span>
    </p>
   </div>
   <div class='ocr_carea' id='block_1_7' title="bbox 462 815 2048 890">
    <p class='ocr_par' dir='ltr' id='par_1_7' title="bbox 462 815 2048 890">
     <span class='ocr_line' id='line_1_7' title="bbox 462 815 2048 890; baseline 0.008 -22"><span class='ocrx_word' id='word_1_45' title='bbox 462 829 566 885; x_wconf 83' lang='lat' dir='ltr'><strong>que</strong></span> <span class='ocrx_word' id='word_1_46' title='bbox 611 815 912 872; x_wconf 88' lang='lat' dir='ltr'><strong>medentem</strong></span> <span class='ocrx_word' id='word_1_47' title='bbox 961 822 1407 890; x_wconf 89' lang='lat' dir='ltr'><strong>contemplemur.</strong></span> <span class='ocrx_word' id='word_1_48' title='bbox 1439 821 1494 878; x_wconf 89' lang='lat' dir='ltr'><strong>Si</strong></span> <span class='ocrx_word' id='word_1_49' title='bbox 1521 824 1663 878; x_wconf 87' lang='lat' dir='ltr'><strong>enim</strong></span> <span class='ocrx_word' id='word_1_50' title='bbox 1700 839 1820 878; x_wconf 90' lang='lat' dir='ltr'><strong>cum</strong></span> <span class='ocrx_word' id='word_1_51' title='bbox 1857 824 2048 881; x_wconf 89' lang='lat' dir='ltr'><strong>medici</strong></span> 
     </span>
    </p>
   </div>
   <div class='ocr_carea' id='block_1_8' title="bbox 457 906 2052 986">
    <p class='ocr_par' dir='ltr' id='par_1_8' title="bbox 457 906 2052 986">
     <span class='ocr_line' id='line_1_8' title="bbox 457 906 2052 986; baseline 0.007 -26"><span class='ocrx_word' id='word_1_52' title='bbox 457 906 740 974; x_wconf 76' lang='lat' dir='ltr'><strong>quemdam</strong></span> <span class='ocrx_word' id='word_1_53' title='bbox 788 919 1002 976; x_wconf 87' lang='lat' dir='ltr'><strong>secant,</strong></span> <span class='ocrx_word' id='word_1_54' title='bbox 1051 919 1308 976; x_wconf 80' lang='lat' dir='ltr'><strong>uruntve,</strong></span> <span class='ocrx_word' id='word_1_55' title='bbox 1355 921 1448 967; x_wconf 87' lang='lat' dir='ltr'><strong>aut</strong></span> <span class='ocrx_word' id='word_1_56' title='bbox 1478 913 1584 968; x_wconf 82' lang='lat' dir='ltr'><strong>alio</strong></span> <span class='ocrx_word' id='word_1_57' title='bbox 1617 913 1844 986; x_wconf 88' lang='lat' dir='ltr'><strong>quodam</strong></span> <span class='ocrx_word' id='word_1_58' title='bbox 1889 915 2052 971; x_wconf 89' lang='lat' dir='ltr'><strong>modo</strong></span> 
     </span>
    </p>
   </div>
   <div class='ocr_carea' id='block_1_9' title="bbox 459 998 2048 1070">
    <p class='ocr_par' dir='ltr' id='par_1_9' title="bbox 459 998 2048 1070">
     <span class='ocr_line' id='line_1_9' title="bbox 459 998 2048 1070; baseline 0.009 -21"><span class='ocrx_word' id='word_1_59' title='bbox 459 998 755 1052; x_wconf 86' lang='lat' dir='ltr'><strong>mutilatum</strong></span> <span class='ocrx_word' id='word_1_60' title='bbox 787 1009 838 1052; x_wconf 89' lang='lat' dir='ltr'><strong>et</strong></span> <span class='ocrx_word' id='word_1_61' title='bbox 868 999 1198 1057; x_wconf 85' lang='lat' dir='ltr'><strong>debilitatum</strong></span> <span class='ocrx_word' id='word_1_62' title='bbox 1228 1003 1484 1070; x_wconf 87' lang='lat' dir='ltr'><strong>incidunt,</strong></span> <span class='ocrx_word' id='word_1_63' title='bbox 1514 1019 1577 1060; x_wconf 90' lang='lat' dir='ltr'><strong>ac</strong></span> <span class='ocrx_word' id='word_1_64' title='bbox 1604 1007 1904 1062; x_wconf 81' lang='lat' dir='ltr'><strong>membrum</strong></span> <span class='ocrx_word' id='word_1_65' title='bbox 1928 1024 2048 1064; x_wconf 61' lang='lat' dir='ltr'><strong>amo</strong></span> 
     </span>
    </p>
   </div>
   <div class='ocr_carea' id='block_1_10' title="bbox 456 1091 2051 1166">
    <p class='ocr_par' dir='ltr' id='par_1_10' title="bbox 456 1091 2051 1166">
     <span class='ocr_line' id='line_1_10' title="bbox 456 1091 2051 1166; baseline 0.01 -26"><span class='ocrx_word' id='word_1_66' title='bbox 456 1098 664 1157; x_wconf 83' lang='lat' dir='ltr'><strong>putant,</strong></span> <span class='ocrx_word' id='word_1_67' title='bbox 698 1091 849 1145; x_wconf 88' lang='lat' dir='ltr'><strong>nmlti</strong></span> <span class='ocrx_word' id='word_1_68' title='bbox 877 1101 981 1146; x_wconf 87' lang='lat' dir='ltr'><strong>tam</strong></span> <span class='ocrx_word' id='word_1_69' title='bbox 1007 1109 1208 1162; x_wconf 62' lang='lat' dir='ltr'><strong>aegrum</strong></span> <span class='ocrx_word' id='word_1_70' title='bbox 1230 1110 1387 1166; x_wconf 89' lang='lat' dir='ltr'><strong>quam</strong></span> <span class='ocrx_word' id='word_1_71' title='bbox 1410 1095 1675 1153; x_wconf 90' lang='lat' dir='ltr'><strong>medicum</strong></span> <span class='ocrx_word' id='word_1_72' title='bbox 1701 1098 2051 1157; x_wconf 83' lang='lat' dir='ltr'><strong>circumstant</strong></span> 
     </span>
    </p>
   </div>
   <div class='ocr_carea' id='block_1_11' title="bbox 458 1179 2050 1263">
    <p class='ocr_par' dir='ltr' id='par_1_11' title="bbox 458 1179 2050 1263">
     <span class='ocr_line' id='line_1_11' title="bbox 458 1179 2050 1263; baseline 0.009 -30"><span class='ocrx_word' id='word_1_73' title='bbox 458 1179 558 1234; x_wconf 83' lang='lat' dir='ltr'><strong>ista</strong></span> <span class='ocrx_word' id='word_1_74' title='bbox 607 1179 925 1249; x_wconf 80' lang='lat' dir='ltr'><strong>facientem,</strong></span> <span class='ocrx_word' id='word_1_75' title='bbox 956 1185 1124 1240; x_wconf 87' lang='lat' dir='ltr'><strong>multo</strong></span> <span class='ocrx_word' id='word_1_76' title='bbox 1170 1188 1338 1257; x_wconf 84' lang='lat' dir='ltr'><strong>magis</strong></span> <span class='ocrx_word' id='word_1_77' title='bbox 1382 1202 1479 1244; x_wconf 89' lang='lat' dir='ltr'><strong>nos</strong></span> <span class='ocrx_word' id='word_1_78' title='bbox 1516 1187 1618 1245; x_wconf 89' lang='lat' dir='ltr'><strong>hoc</strong></span> <span class='ocrx_word' id='word_1_79' title='bbox 1664 1189 1788 1246; x_wconf 85' lang='lat' dir='ltr'><strong>loco</strong></span> <span class='ocrx_word' id='word_1_80' title='bbox 1809 1191 1862 1247; x_wconf 90' lang='lat' dir='ltr'><strong>id</strong></span> <span class='ocrx_word' id='word_1_81' title='bbox 1891 1207 2050 1263; x_wconf 88' lang='lat' dir='ltr'><strong>agere</strong></span> 
     </span>
    </p>
   </div>
   <div class='ocr_carea' id='block_1_12' title="bbox 460 1275 2050 1352">
    <p class='ocr_par' dir='ltr' id='par_1_12' title="bbox 460 1275 2050 1352">
     <span class='ocr_line' id='line_1_12' title="bbox 460 1275 2050 1352; baseline 0.009 -28"><span class='ocrx_word' id='word_1_82' title='bbox 460 1280 694 1341; x_wconf 77' lang='lat' dir='ltr'><strong>oportet,</strong></span> <span class='ocrx_word' id='word_1_83' title='bbox 725 1284 921 1342; x_wconf 88' lang='lat' dir='ltr'><strong>quanto</strong></span> <span class='ocrx_word' id='word_1_84' title='bbox 944 1283 998 1328; x_wconf 90' lang='lat' dir='ltr'><strong>et</strong></span> <span class='ocrx_word' id='word_1_85' title='bbox 1028 1275 1267 1332; x_wconf 84' lang='lat' dir='ltr'><strong>medicus</strong></span> <span class='ocrx_word' id='word_1_86' title='bbox 1287 1278 1478 1348; x_wconf 83' lang='lat' dir='ltr'><strong>major,</strong></span> <span class='ocrx_word' id='word_1_87' title='bbox 1511 1289 1567 1335; x_wconf 89' lang='lat' dir='ltr'><strong>et</strong></span> <span class='ocrx_word' id='word_1_88' title='bbox 1591 1282 1807 1352; x_wconf 84' lang='lat' dir='ltr'><strong>gravior</strong></span> <span class='ocrx_word' id='word_1_89' title='bbox 1832 1282 2050 1339; x_wconf 84' lang='lat' dir='ltr'><strong>morbus</strong></span> 
     </span>
    </p>
   </div>
   <div class='ocr_carea' id='block_1_13' title="bbox 460 1363 2044 1440">
    <p class='ocr_par' dir='ltr' id='par_1_13' title="bbox 460 1363 2044 1440">
     <span class='ocr_line' id='line_1_13' title="bbox 460 1363 2044 1440; baseline 0.009 -24"><span class='ocrx_word' id='word_1_90' title='bbox 460 1370 577 1427; x_wconf 81' lang='lat' dir='ltr'><strong>est,</strong></span> <span class='ocrx_word' id='word_1_91' title='bbox 607 1364 698 1431; x_wconf 89' lang='lat' dir='ltr'><strong>qui</strong></span> <span class='ocrx_word' id='word_1_92' title='bbox 719 1380 822 1417; x_wconf 90' lang='lat' dir='ltr'><strong>non</strong></span> <span class='ocrx_word' id='word_1_93' title='bbox 849 1374 963 1419; x_wconf 86' lang='lat' dir='ltr'><strong>arte</strong></span> <span class='ocrx_word' id='word_1_94' title='bbox 989 1363 1219 1421; x_wconf 83' lang='lat' dir='ltr'><strong>humana</strong></span> <span class='ocrx_word' id='word_1_95' title='bbox 1241 1409 1256 1433; x_wconf 89' lang='lat'><strong>,</strong></span> <span class='ocrx_word' id='word_1_96' title='bbox 1289 1369 1384 1425; x_wconf 86' lang='lat' dir='ltr'><strong>sed</strong></span> <span class='ocrx_word' id='word_1_97' title='bbox 1410 1371 1581 1440; x_wconf 83' lang='lat' dir='ltr'><strong>gratia</strong></span> <span class='ocrx_word' id='word_1_98' title='bbox 1605 1372 1782 1428; x_wconf 90' lang='lat' dir='ltr'><strong>divina</strong></span> <span class='ocrx_word' id='word_1_99' title='bbox 1809 1387 2044 1430; x_wconf 81' lang='lat' dir='ltr'><strong>curatur.</strong></span> 
     </span>
    </p>
   </div>
   <div class='ocr_carea' id='block_1_14' title="bbox 452 1456 2047 1533">
    <p class='ocr_par' dir='ltr' id='par_1_14' title="bbox 452 1456 2047 1533">
     <span class='ocr_line' id='line_1_14' title="bbox 452 1456 2047 1533; baseline 0.008 -23"><span class='ocrx_word' id='word_1_100' title='bbox 452 1458 628 1527; x_wconf 81' lang='lat' dir='ltr'><strong>Atque</strong></span> <span class='ocrx_word' id='word_1_101' title='bbox 679 1456 781 1511; x_wconf 89' lang='lat' dir='ltr'><strong>iliic</strong></span> <span class='ocrx_word' id='word_1_102' title='bbox 824 1459 1037 1528; x_wconf 86' lang='lat' dir='ltr'><strong>quidem</strong></span> <span class='ocrx_word' id='word_1_103' title='bbox 1083 1460 1275 1531; x_wconf 86' lang='lat' dir='ltr'><strong>pellem</strong></span> <span class='ocrx_word' id='word_1_104' title='bbox 1324 1465 1594 1520; x_wconf 84' lang='lat' dir='ltr'><strong>concisam</strong></span> <span class='ocrx_word' id='word_1_105' title='bbox 1636 1479 1858 1523; x_wconf 89' lang='lat' dir='ltr'><strong>eernere</strong></span> <span class='ocrx_word' id='word_1_106' title='bbox 1890 1467 2047 1533; x_wconf 88' lang='lat' dir='ltr'><strong>licet,</strong></span> 
     </span>
    </p>
   </div>
   <div class='ocr_carea' id='block_1_15' title="bbox 452 1549 2048 1626">
    <p class='ocr_par' dir='ltr' id='par_1_15' title="bbox 452 1549 2048 1626">
     <span class='ocr_line' id='line_1_15' title="bbox 452 1549 2048 1626; baseline 0.008 -24"><span class='ocrx_word' id='word_1_107' title='bbox 452 1550 660 1603; x_wconf 82' lang='lat' dir='ltr'><strong>saniem</strong></span> <span class='ocrx_word' id='word_1_108' title='bbox 678 1549 1022 1619; x_wconf 87' lang='lat' dir='ltr'><strong>deﬂuentem,</strong></span> <span class='ocrx_word' id='word_1_109' title='bbox 1050 1556 1382 1623; x_wconf 89' lang='lat' dir='ltr'><strong>putrediuem</strong></span> <span class='ocrx_word' id='word_1_110' title='bbox 1398 1567 1728 1626; x_wconf 84' lang='lat' dir='ltr'><strong>evacuatam,</strong></span> <span class='ocrx_word' id='word_1_111' title='bbox 1747 1574 1809 1615; x_wconf 82' lang='lat' dir='ltr'><strong>ac</strong></span> <span class='ocrx_word' id='word_1_112' title='bbox 1827 1561 2048 1615; x_wconf 89' lang='lat' dir='ltr'><strong>multam</strong></span> 
     </span>
    </p>
   </div>
   <div class='ocr_carea' id='block_1_16' title="bbox 459 1639 2047 1723">
    <p class='ocr_par' dir='ltr' id='par_1_16' title="bbox 459 1639 2047 1723">
     <span class='ocr_line' id='line_1_16' title="bbox 459 1639 2047 1723; baseline 0.01 -31"><span class='ocrx_word' id='word_1_113' title='bbox 459 1639 758 1696; x_wconf 81' lang='lat' dir='ltr'><strong>molestiam</strong></span> <span class='ocrx_word' id='word_1_114' title='bbox 783 1658 846 1697; x_wconf 82' lang='lat' dir='ltr'><strong>ex</strong></span> <span class='ocrx_word' id='word_1_115' title='bbox 881 1643 973 1699; x_wconf 85' lang='lat' dir='ltr'><strong>illo</strong></span> <span class='ocrx_word' id='word_1_116' title='bbox 997 1646 1213 1702; x_wconf 81' lang='lat' dir='ltr'><strong>allatam</strong></span> <span class='ocrx_word' id='word_1_117' title='bbox 1242 1650 1554 1723; x_wconf 83' lang='lat' dir='ltr'><strong>spectaculo</strong></span> <span class='ocrx_word' id='word_1_118' title='bbox 1577 1651 1863 1719; x_wconf 87' lang='lat' dir='ltr'><strong>sustinere,</strong></span> <span class='ocrx_word' id='word_1_119' title='bbox 1893 1651 2047 1707; x_wconf 87' lang='lat' dir='ltr'><strong>dolo-</strong></span> 
     </span>
    </p>
   </div>
   <div class='ocr_carea' id='block_1_17' title="bbox 455 1733 2051 1811">
    <p class='ocr_par' dir='ltr' id='par_1_17' title="bbox 455 1733 2051 1811">
     <span class='ocr_line' id='line_1_17' title="bbox 455 1733 2051 1811; baseline 0.009 -28"><span class='ocrx_word' id='word_1_120' title='bbox 455 1745 676 1801; x_wconf 84' lang='lat' dir='ltr'><strong>remque</strong></span> <span class='ocrx_word' id='word_1_121' title='bbox 708 1749 812 1786; x_wconf 91' lang='lat' dir='ltr'><strong>non</strong></span> <span class='ocrx_word' id='word_1_122' title='bbox 847 1733 1171 1792; x_wconf 85' lang='lat' dir='ltr'><strong>mediocrem</strong></span> <span class='ocrx_word' id='word_1_123' title='bbox 1198 1746 1253 1794; x_wconf 89' lang='lat' dir='ltr'><strong>et</strong></span> <span class='ocrx_word' id='word_1_124' title='bbox 1273 1754 1546 1810; x_wconf 77' lang='lat' dir='ltr'><strong>angorem,</strong></span> <span class='ocrx_word' id='word_1_125' title='bbox 1569 1756 1726 1811; x_wconf 83' lang='lat' dir='ltr'><strong>quem</strong></span> <span class='ocrx_word' id='word_1_126' title='bbox 1759 1758 1865 1797; x_wconf 81' lang='lat' dir='ltr'><strong>non</strong></span> <span class='ocrx_word' id='word_1_127' title='bbox 1892 1744 2051 1798; x_wconf 90' lang='lat' dir='ltr'><strong>modo</strong></span> 
     </span>
    </p>
   </div>
   <div class='ocr_carea' id='block_1_18' title="bbox 456 1821 2053 1902">
    <p class='ocr_par' dir='ltr' id='par_1_18' title="bbox 456 1821 2053 1902">
     <span class='ocr_line' id='line_1_18' title="bbox 456 1821 2053 1902; baseline 0.009 -31"><span class='ocrx_word' id='word_1_128' title='bbox 456 1821 737 1878; x_wconf 83' lang='lat' dir='ltr'><strong>vulnerum</strong></span> <span class='ocrx_word' id='word_1_129' title='bbox 766 1833 1083 1894; x_wconf 88' lang='lat' dir='ltr'><strong>conspectus</strong></span> <span class='ocrx_word' id='word_1_130' title='bbox 1103 1868 1119 1894; x_wconf 92' lang='lat'><strong>,</strong></span> <span class='ocrx_word' id='word_1_131' title='bbox 1148 1827 1242 1884; x_wconf 91' lang='lat' dir='ltr'><strong>sed</strong></span> <span class='ocrx_word' id='word_1_132' title='bbox 1272 1844 1459 1885; x_wconf 90' lang='lat' dir='ltr'><strong>eorum</strong></span> <span class='ocrx_word' id='word_1_133' title='bbox 1487 1832 1646 1886; x_wconf 87' lang='lat' dir='ltr'><strong>etiam</strong></span> <span class='ocrx_word' id='word_1_134' title='bbox 1667 1872 1682 1897; x_wconf 92' lang='lat'><strong>,</strong></span> <span class='ocrx_word' id='word_1_135' title='bbox 1711 1833 1798 1902; x_wconf 89' lang='lat' dir='ltr'><strong>qui</strong></span> <span class='ocrx_word' id='word_1_136' title='bbox 1827 1843 2053 1888; x_wconf 90' lang='lat' dir='ltr'><strong>uruntur</strong></span> 
     </span>
    </p>
   </div>
   <div class='ocr_carea' id='block_1_19' title="bbox 453 1917 2052 1982">
    <p class='ocr_par' dir='ltr' id='par_1_19' title="bbox 453 1917 2052 1982">
     <span class='ocr_line' id='line_1_19' title="bbox 453 1917 2052 1982; baseline 0.011 -19"><span class='ocrx_word' id='word_1_137' title='bbox 453 1922 805 1982; x_wconf 88' lang='lat' dir='ltr'><strong>sceanturque</strong></span> <span class='ocrx_word' id='word_1_138' title='bbox 825 1956 841 1981; x_wconf 91' lang='lat'><strong>,</strong></span> <span class='ocrx_word' id='word_1_139' title='bbox 885 1917 1154 1974; x_wconf 80' lang='lat' dir='ltr'><strong>cruciatus</strong></span> <span class='ocrx_word' id='word_1_140' title='bbox 1185 1919 1346 1974; x_wconf 90' lang='lat' dir='ltr'><strong>inurit</strong></span> <span class='ocrx_word' id='word_1_141' title='bbox 1377 1937 1391 1975; x_wconf 90' lang='lat'><strong>:</strong></span> <span class='ocrx_word' id='word_1_142' title='bbox 1424 1921 1604 1976; x_wconf 89' lang='lat' dir='ltr'><strong>nullus</strong></span> <span class='ocrx_word' id='word_1_143' title='bbox 1632 1923 1776 1977; x_wconf 90' lang='lat' dir='ltr'><strong>enim</strong></span> <span class='ocrx_word' id='word_1_144' title='bbox 1808 1934 1892 1980; x_wconf 90' lang='lat' dir='ltr'><strong>est</strong></span> <span class='ocrx_word' id='word_1_145' title='bbox 1916 1925 2052 1980; x_wconf 85' lang='lat' dir='ltr'><strong>adeo</strong></span> 
     </span>
    </p>
   </div>
   <div class='ocr_carea' id='block_1_20' title="bbox 454 2009 2048 2082">
    <p class='ocr_par' dir='ltr' id='par_1_20' title="bbox 454 2009 2048 2082">
     <span class='ocr_line' id='line_1_20' title="bbox 454 2009 2048 2082; baseline 0.009 -26"><span class='ocrx_word' id='word_1_146' title='bbox 454 2015 655 2057; x_wconf 81' lang='lat' dir='ltr'><strong>saxeus</strong></span> <span class='ocrx_word' id='word_1_147' title='bbox 680 2046 693 2069; x_wconf 91' lang='lat'><strong>,</strong></span> <span class='ocrx_word' id='word_1_148' title='bbox 722 2016 782 2059; x_wconf 90' lang='lat' dir='ltr'><strong>ut</strong></span> <span class='ocrx_word' id='word_1_149' title='bbox 807 2023 930 2062; x_wconf 91' lang='lat' dir='ltr'><strong>cum</strong></span> <span class='ocrx_word' id='word_1_150' title='bbox 958 2009 1062 2063; x_wconf 84' lang='lat' dir='ltr'><strong>illis</strong></span> <span class='ocrx_word' id='word_1_151' title='bbox 1088 2047 1105 2076; x_wconf 58' lang='lat'><strong>,~</strong></span> <span class='ocrx_word' id='word_1_152' title='bbox 1136 2011 1224 2080; x_wconf 87' lang='lat' dir='ltr'><strong>qui</strong></span> <span class='ocrx_word' id='word_1_153' title='bbox 1255 2012 1376 2066; x_wconf 90' lang='lat' dir='ltr'><strong>talia</strong></span> <span class='ocrx_word' id='word_1_154' title='bbox 1409 2014 1684 2082; x_wconf 89' lang='lat' dir='ltr'><strong>patiuntur</strong></span> <span class='ocrx_word' id='word_1_155' title='bbox 1707 2056 1722 2078; x_wconf 89' lang='lat'><strong>,</strong></span> <span class='ocrx_word' id='word_1_156' title='bbox 1750 2016 2048 2081; x_wconf 89' lang='lat' dir='ltr'><strong>adstiterit,</strong></span> 
     </span>
    </p>
   </div>
   <div class='ocr_carea' id='block_1_21' title="bbox 456 2095 2052 2173">
    <p class='ocr_par' dir='ltr' id='par_1_21' title="bbox 456 2095 2052 2173">
     <span class='ocr_line' id='line_1_21' title="bbox 456 2095 2052 2173; baseline 0.009 -25"><span class='ocrx_word' id='word_1_157' title='bbox 456 2109 519 2149; x_wconf 78' lang='lat' dir='ltr'><strong>ac</strong></span> <span class='ocrx_word' id='word_1_158' title='bbox 541 2095 896 2154; x_wconf 87' lang='lat' dir='ltr'><strong>lamentantes</strong></span> <span class='ocrx_word' id='word_1_159' title='bbox 926 2103 1211 2170; x_wconf 84' lang='lat' dir='ltr'><strong>udiverit,</strong></span> <span class='ocrx_word' id='word_1_160' title='bbox 1243 2120 1346 2160; x_wconf 90' lang='lat' dir='ltr'><strong>non</strong></span> <span class='ocrx_word' id='word_1_161' title='bbox 1373 2115 1796 2173; x_wconf 84' lang='lat' dir='ltr'><strong>commoveatur,</strong></span> <span class='ocrx_word' id='word_1_162' title='bbox 1828 2109 2052 2163; x_wconf 79' lang='lat' dir='ltr'><strong>confun-</strong></span> 
     </span>
    </p>
   </div>
   <div class='ocr_carea' id='block_1_22' title="bbox 457 2185 2050 2265">
    <p class='ocr_par' dir='ltr' id='par_1_22' title="bbox 457 2185 2050 2265">
     <span class='ocr_line' id='line_1_22' title="bbox 457 2185 2050 2265; baseline 0.01 -27"><span class='ocrx_word' id='word_1_163' title='bbox 457 2185 615 2239; x_wconf 84' lang='lat' dir='ltr'><strong>datur</strong></span> <span class='ocrx_word' id='word_1_164' title='bbox 638 2229 652 2250; x_wconf 90' lang='lat'><strong>,</strong></span> <span class='ocrx_word' id='word_1_165' title='bbox 693 2197 748 2243; x_wconf 89' lang='lat' dir='ltr'><strong>et</strong></span> <span class='ocrx_word' id='word_1_166' title='bbox 784 2191 1049 2260; x_wconf 88' lang='lat' dir='ltr'><strong>ingentem</strong></span> <span class='ocrx_word' id='word_1_167' title='bbox 1079 2195 1264 2247; x_wconf 83' lang='lat' dir='ltr'><strong>animo</strong></span> <span class='ocrx_word' id='word_1_168' title='bbox 1295 2196 1561 2265; x_wconf 88' lang='lat' dir='ltr'><strong>concipiat</strong></span> <span class='ocrx_word' id='word_1_169' title='bbox 1591 2211 1877 2252; x_wconf 69' lang='lat' dir='ltr'><strong>maerorem</strong></span> <span class='ocrx_word' id='word_1_170' title='bbox 1913 2218 1926 2252; x_wconf 88' lang='lat'><strong>:</strong></span> <span class='ocrx_word' id='word_1_171' title='bbox 1957 2216 2050 2255; x_wconf 83' lang='lat' dir='ltr'><strong>ve-</strong></span> 
     </span>
    </p>
   </div>
   <div class='ocr_carea' id='block_1_23' title="bbox 459 2283 2051 2354">
    <p class='ocr_par' dir='ltr' id='par_1_23' title="bbox 459 2283 2051 2354">
     <span class='ocr_line' id='line_1_23' title="bbox 459 2283 2051 2354; baseline 0.008 -22"><span class='ocrx_word' id='word_1_172' title='bbox 459 2290 756 2335; x_wconf 90' lang='lat' dir='ltr'><strong>rumtamen</strong></span> <span class='ocrx_word' id='word_1_173' title='bbox 786 2283 853 2336; x_wconf 90' lang='lat' dir='ltr'><strong>ob</strong></span> <span class='ocrx_word' id='word_1_174' title='bbox 881 2285 1157 2353; x_wconf 78' lang='lat' dir='ltr'><strong>Spectandi</strong></span> <span class='ocrx_word' id='word_1_175' title='bbox 1180 2287 1523 2354; x_wconf 82' lang='lat' dir='ltr'><strong>cupiditatem</strong></span> <span class='ocrx_word' id='word_1_176' title='bbox 1546 2288 1662 2345; x_wconf 63' lang='lat' dir='ltr'><strong>haec</strong></span> <span class='ocrx_word' id='word_1_177' title='bbox 1682 2293 1856 2344; x_wconf 87' lang='lat' dir='ltr'><strong>omnia</strong></span> <span class='ocrx_word' id='word_1_178' title='bbox 1885 2294 2051 2346; x_wconf 89' lang='lat' dir='ltr'><strong>susti-</strong></span> 
     </span>
    </p>
   </div>
   <div class='ocr_carea' id='block_1_24' title="bbox 461 2373 2048 2453">
    <p class='ocr_par' dir='ltr' id='par_1_24' title="bbox 461 2373 2048 2453">
     <span class='ocr_line' id='line_1_24' title="bbox 461 2373 2048 2453; baseline 0.008 -29"><span class='ocrx_word' id='word_1_179' title='bbox 461 2386 670 2428; x_wconf 89' lang='lat' dir='ltr'><strong>nemus.</strong></span> <span class='ocrx_word' id='word_1_180' title='bbox 707 2373 802 2428; x_wconf 82' lang='lat' dir='ltr'><strong>ilic</strong></span> <span class='ocrx_word' id='word_1_181' title='bbox 825 2385 1003 2430; x_wconf 90' lang='lat' dir='ltr'><strong>autem</strong></span> <span class='ocrx_word' id='word_1_182' title='bbox 1031 2375 1159 2430; x_wconf 88' lang='lat' dir='ltr'><strong>nihil</strong></span> <span class='ocrx_word' id='word_1_183' title='bbox 1190 2379 1291 2432; x_wconf 87' lang='lat' dir='ltr'><strong>tale</strong></span> <span class='ocrx_word' id='word_1_184' title='bbox 1317 2395 1538 2435; x_wconf 87' lang='lat' dir='ltr'><strong>cernere</strong></span> <span class='ocrx_word' id='word_1_185' title='bbox 1569 2380 1710 2442; x_wconf 87' lang='lat' dir='ltr'><strong>licet,</strong></span> <span class='ocrx_word' id='word_1_186' title='bbox 1746 2398 1851 2436; x_wconf 90' lang='lat' dir='ltr'><strong>non</strong></span> <span class='ocrx_word' id='word_1_187' title='bbox 1874 2384 2048 2453; x_wconf 80' lang='lat' dir='ltr'><strong>ignem</strong></span> 
     </span>
    </p>
   </div>
   <div class='ocr_carea' id='block_1_25' title="bbox 461 2461 2045 2540">
    <p class='ocr_par' dir='ltr' id='par_1_25' title="bbox 461 2461 2045 2540">
     <span class='ocr_line' id='line_1_25' title="bbox 461 2461 2045 2540; baseline 0.008 -26"><span class='ocrx_word' id='word_1_188' title='bbox 461 2461 759 2527; x_wconf 75' lang='lat' dir='ltr'><strong>admoveri,</strong></span> <span class='ocrx_word' id='word_1_189' title='bbox 781 2479 884 2518; x_wconf 89' lang='lat' dir='ltr'><strong>non</strong></span> <span class='ocrx_word' id='word_1_190' title='bbox 909 2465 1106 2520; x_wconf 75' lang='lat' dir='ltr'><strong>ferrum</strong></span> <span class='ocrx_word' id='word_1_191' title='bbox 1132 2470 1393 2538; x_wconf 82' lang='lat' dir='ltr'><strong>immergi,</strong></span> <span class='ocrx_word' id='word_1_192' title='bbox 1419 2485 1523 2524; x_wconf 89' lang='lat' dir='ltr'><strong>non</strong></span> <span class='ocrx_word' id='word_1_193' title='bbox 1544 2473 1858 2540; x_wconf 70' lang='lat' dir='ltr'><strong>sanguinem</strong></span> <span class='ocrx_word' id='word_1_194' title='bbox 1882 2473 2045 2539; x_wconf 76' lang='lat' dir='ltr'><strong>fundi,</strong></span> 
     </span>
    </p>
   </div>
   <div class='ocr_carea' id='block_1_26' title="bbox 458 2556 2052 2624">
    <p class='ocr_par' dir='ltr' id='par_1_26' title="bbox 458 2556 2052 2624">
     <span class='ocr_line' id='line_1_26' title="bbox 458 2556 2052 2624; baseline 0.009 -19"><span class='ocrx_word' id='word_1_195' title='bbox 458 2567 562 2606; x_wconf 89' lang='lat' dir='ltr'><strong>non</strong></span> <span class='ocrx_word' id='word_1_196' title='bbox 600 2567 799 2623; x_wconf 70' lang='lat' dir='ltr'><strong>aegrum</strong></span> <span class='ocrx_word' id='word_1_197' title='bbox 845 2556 1111 2624; x_wconf 86' lang='lat' dir='ltr'><strong>cruciari,</strong></span> <span class='ocrx_word' id='word_1_198' title='bbox 1151 2574 1258 2612; x_wconf 88' lang='lat' dir='ltr'><strong>non</strong></span> <span class='ocrx_word' id='word_1_199' title='bbox 1286 2559 1565 2615; x_wconf 80' lang='lat' dir='ltr'><strong>lamentari</strong></span> <span class='ocrx_word' id='word_1_200' title='bbox 1602 2563 1695 2616; x_wconf 89' lang='lat' dir='ltr'><strong>:in</strong></span> <span class='ocrx_word' id='word_1_201' title='bbox 1725 2579 1885 2618; x_wconf 87' lang='lat' dir='ltr'><strong>causa</strong></span> <span class='ocrx_word' id='word_1_202' title='bbox 1927 2579 2052 2620; x_wconf 87' lang='lat' dir='ltr'><strong>vero</strong></span> 
     </span>
    </p>
   </div>
   <div class='ocr_carea' id='block_1_27' title="bbox 456 2645 2051 2720">
    <p class='ocr_par' dir='ltr' id='par_1_27' title="bbox 456 2645 2051 2720">
     <span class='ocr_line' id='line_1_27' title="bbox 456 2645 2051 2720; baseline 0.008 -25"><span class='ocrx_word' id='word_1_203' title='bbox 456 2653 540 2695; x_wconf 85' lang='lat' dir='ltr'><strong>est</strong></span> <span class='ocrx_word' id='word_1_204' title='bbox 567 2645 755 2697; x_wconf 90' lang='lat' dir='ltr'><strong>medici</strong></span> <span class='ocrx_word' id='word_1_205' title='bbox 787 2646 1043 2714; x_wconf 84' lang='lat' dir='ltr'><strong>sapientia</strong></span> <span class='ocrx_word' id='word_1_206' title='bbox 1067 2687 1082 2711; x_wconf 91' lang='lat'><strong>,</strong></span> <span class='ocrx_word' id='word_1_207' title='bbox 1116 2663 1234 2717; x_wconf 75' lang='lat' dir='ltr'><strong>qnte</strong></span> <span class='ocrx_word' id='word_1_208' title='bbox 1264 2649 1422 2704; x_wconf 83' lang='lat' dir='ltr'><strong>nullis</strong></span> <span class='ocrx_word' id='word_1_209' title='bbox 1451 2650 1644 2720; x_wconf 81' lang='lat' dir='ltr'><strong>indiget</strong></span> <span class='ocrx_word' id='word_1_210' title='bbox 1681 2653 1840 2706; x_wconf 88' lang='lat' dir='ltr'><strong>rebus</strong></span> <span class='ocrx_word' id='word_1_211' title='bbox 1866 2665 2051 2708; x_wconf 72' lang='lat' dir='ltr'><strong>exter-</strong></span> 
     </span>
    </p>
   </div>
   <div class='ocr_carea' id='block_1_28' title="bbox 461 2734 2052 2803">
    <p class='ocr_par' dir='ltr' id='par_1_28' title="bbox 461 2734 2052 2803">
     <span class='ocr_line' id='line_1_28' title="bbox 461 2734 2052 2803; baseline 0.009 -18"><span class='ocrx_word' id='word_1_212' title='bbox 461 2734 566 2792; x_wconf 89' lang='lat' dir='ltr'><strong>nis.</strong></span> <span class='ocrx_word' id='word_1_213' title='bbox 600 2734 693 2787; x_wconf 87' lang='lat' dir='ltr'><strong>sed</strong></span> <span class='ocrx_word' id='word_1_214' title='bbox 723 2735 834 2803; x_wconf 90' lang='lat' dir='ltr'><strong>ipsa</strong></span> <span class='ocrx_word' id='word_1_215' title='bbox 863 2735 1060 2791; x_wconf 76' lang='lat' dir='ltr'><strong>sufficit</strong></span> <span class='ocrx_word' id='word_1_216' title='bbox 1087 2738 1208 2794; x_wconf 89' lang='lat' dir='ltr'><strong>sibi.</strong></span> <span class='ocrx_word' id='word_1_217' title='bbox 1241 2738 1509 2803; x_wconf 89' lang='lat' dir='ltr'><strong>Siquidem</strong></span> <span class='ocrx_word' id='word_1_218' title='bbox 1541 2744 1736 2798; x_wconf 83' lang='lat' dir='ltr'><strong>sullieit</strong></span> <span class='ocrx_word' id='word_1_219' title='bbox 1765 2753 1966 2798; x_wconf 87' lang='lat' dir='ltr'><strong>tantum</strong></span> <span class='ocrx_word' id='word_1_220' title='bbox 1997 2754 2052 2799; x_wconf 86' lang='grc' dir='ltr'><strong>ιιι</strong></span> 
     </span>
    </p>
   </div>
   <div class='ocr_carea' id='block_1_29' title="bbox 460 2825 2050 2902">
    <p class='ocr_par' dir='ltr' id='par_1_29' title="bbox 460 2825 2050 2902">
     <span class='ocr_line' id='line_1_29' title="bbox 460 2825 2050 2902; baseline 0.008 -26"><span class='ocrx_word' id='word_1_221' title='bbox 460 2825 687 2893; x_wconf 88' lang='lat' dir='ltr'><strong>imperet</strong></span> <span class='ocrx_word' id='word_1_222' title='bbox 708 2867 722 2888; x_wconf 86' lang='lat'><strong>,</strong></span> <span class='ocrx_word' id='word_1_223' title='bbox 752 2837 804 2880; x_wconf 91' lang='lat' dir='ltr'><strong>et</strong></span> <span class='ocrx_word' id='word_1_224' title='bbox 834 2828 1010 2881; x_wconf 89' lang='lat' dir='ltr'><strong>omnia</strong></span> <span class='ocrx_word' id='word_1_225' title='bbox 1039 2831 1176 2884; x_wconf 88' lang='lat' dir='ltr'><strong>mala</strong></span> <span class='ocrx_word' id='word_1_226' title='bbox 1204 2832 1488 2899; x_wconf 82' lang='lat' dir='ltr'><strong>pelluntur.</strong></span> <span class='ocrx_word' id='word_1_227' title='bbox 1523 2833 1705 2902; x_wconf 72' lang='lat' dir='ltr'><strong>Neque</strong></span> <span class='ocrx_word' id='word_1_228' title='bbox 1734 2851 1858 2889; x_wconf 83' lang='lat' dir='ltr'><strong>vero</strong></span> <span class='ocrx_word' id='word_1_229' title='bbox 1880 2835 2050 2889; x_wconf 88' lang='lat' dir='ltr'><strong>admi-</strong></span> 
     </span>
    </p>
   </div>
   <div class='ocr_carea' id='block_1_30' title="bbox 460 2918 2050 2992">
    <p class='ocr_par' dir='ltr' id='par_1_30' title="bbox 460 2918 2050 2992">
     <span class='ocr_line' id='line_1_30' title="bbox 460 2918 2050 2992; baseline 0.009 -25"><span class='ocrx_word' id='word_1_230' title='bbox 460 2918 666 2971; x_wconf 80' lang='lat' dir='ltr'><strong>ratione</strong></span> <span class='ocrx_word' id='word_1_231' title='bbox 687 2919 902 2988; x_wconf 77' lang='lat' dir='ltr'><strong>digntnn</strong></span> <span class='ocrx_word' id='word_1_232' title='bbox 932 2921 1036 2975; x_wconf 89' lang='lat' dir='ltr'><strong>hoc</strong></span> <span class='ocrx_word' id='word_1_233' title='bbox 1059 2933 1176 2986; x_wconf 89' lang='lat' dir='ltr'><strong>est,</strong></span> <span class='ocrx_word' id='word_1_234' title='bbox 1206 2923 1344 2992; x_wconf 91' lang='lat' dir='ltr'><strong>quod</strong></span> <span class='ocrx_word' id='word_1_235' title='bbox 1379 2933 1520 2978; x_wconf 90' lang='lat' dir='ltr'><strong>tanta</strong></span> <span class='ocrx_word' id='word_1_236' title='bbox 1549 2925 1800 2981; x_wconf 80' lang='lat' dir='ltr'><strong>facilitate</strong></span> <span class='ocrx_word' id='word_1_237' title='bbox 1828 2927 2050 2982; x_wconf 61' lang='lat' dir='ltr'><strong>medicia</strong></span> 
     </span>
    </p>
   </div>
   <div class='ocr_carea' id='block_1_31' title="bbox 460 3009 2051 3081">
    <p class='ocr_par' dir='ltr' id='par_1_31' title="bbox 460 3009 2051 3081">
     <span class='ocr_line' id='line_1_31' title="bbox 460 3009 2051 3081; baseline 0.009 -21"><span class='ocrx_word' id='word_1_238' title='bbox 460 3024 581 3062; x_wconf 86' lang='lat' dir='ltr'><strong>nam</strong></span> <span class='ocrx_word' id='word_1_239' title='bbox 609 3009 799 3077; x_wconf 81' lang='lat' dir='ltr'><strong>faciat,</strong></span> <span class='ocrx_word' id='word_1_240' title='bbox 843 3013 934 3066; x_wconf 86' lang='lat' dir='ltr'><strong>sed</strong></span> <span class='ocrx_word' id='word_1_241' title='bbox 967 3013 1107 3081; x_wconf 89' lang='lat' dir='ltr'><strong>quod</strong></span> <span class='ocrx_word' id='word_1_242' title='bbox 1134 3015 1248 3068; x_wconf 85' lang='lat' dir='ltr'><strong>sine</strong></span> <span class='ocrx_word' id='word_1_243' title='bbox 1277 3015 1463 3070; x_wconf 90' lang='lat' dir='ltr'><strong>dolore</strong></span> <span class='ocrx_word' id='word_1_244' title='bbox 1488 3058 1501 3079; x_wconf 90' lang='lat'><strong>,</strong></span> <span class='ocrx_word' id='word_1_245' title='bbox 1534 3031 1631 3074; x_wconf 90' lang='lat' dir='ltr'><strong>ncc</strong></span> <span class='ocrx_word' id='word_1_246' title='bbox 1660 3018 1819 3072; x_wconf 90' lang='lat' dir='ltr'><strong>ullam</strong></span> <span class='ocrx_word' id='word_1_247' title='bbox 1852 3020 2051 3074; x_wconf 78' lang='lat' dir='ltr'><strong>moles-</strong></span> 
     </span>
    </p>
   </div>
   <div class='ocr_carea' id='block_1_32' title="bbox 457 3100 2054 3177">
    <p class='ocr_par' dir='ltr' id='par_1_32' title="bbox 457 3100 2054 3177">
     <span class='ocr_line' id='line_1_32' title="bbox 457 3100 2054 3177; baseline 0.009 -26"><span class='ocrx_word' id='word_1_248' title='bbox 457 3100 585 3154; x_wconf 88' lang='lat' dir='ltr'><strong>tiam</strong></span> <span class='ocrx_word' id='word_1_249' title='bbox 615 3100 801 3154; x_wconf 74' lang='lat' dir='ltr'><strong>all‘erat</strong></span> <span class='ocrx_word' id='word_1_250' title='bbox 846 3102 908 3155; x_wconf 86' lang='lat' dir='ltr'><strong>iis</strong></span> <span class='ocrx_word' id='word_1_251' title='bbox 949 3104 1036 3172; x_wconf 89' lang='lat' dir='ltr'><strong>qui</strong></span> <span class='ocrx_word' id='word_1_252' title='bbox 1068 3115 1342 3158; x_wconf 89' lang='lat' dir='ltr'><strong>curantur.</strong></span> <span class='ocrx_word' id='word_1_253' title='bbox 1367 3107 1592 3174; x_wconf 89' lang='lat' dir='ltr'><strong>Quando</strong></span> <span class='ocrx_word' id='word_1_254' title='bbox 1635 3109 1791 3177; x_wconf 83' lang='lat' dir='ltr'><strong>igitur</strong></span> <span class='ocrx_word' id='word_1_255' title='bbox 1814 3119 1869 3163; x_wconf 89' lang='lat' dir='ltr'><strong>et</strong></span> <span class='ocrx_word' id='word_1_256' title='bbox 1891 3111 2054 3164; x_wconf 86' lang='lat' dir='ltr'><strong>mira-</strong></span> 
     </span>
    </p>
   </div>
   <div class='ocr_carea' id='block_1_33' title="bbox 460 3190 2051 3262">
    <p class='ocr_par' dir='ltr' id='par_1_33' title="bbox 460 3190 2051 3262">
     <span class='ocr_line' id='line_1_33' title="bbox 460 3190 2051 3262; baseline 0.009 -19"><span class='ocrx_word' id='word_1_257' title='bbox 460 3190 637 3244; x_wconf 87' lang='lat' dir='ltr'><strong>culum</strong></span> <span class='ocrx_word' id='word_1_258' title='bbox 663 3194 834 3260; x_wconf 88' lang='lat' dir='ltr'><strong>majus</strong></span> <span class='ocrx_word' id='word_1_259' title='bbox 851 3201 903 3246; x_wconf 85' lang='lat' dir='ltr'><strong>ct</strong></span> <span class='ocrx_word' id='word_1_260' title='bbox 920 3195 1184 3262; x_wconf 88' lang='lat' dir='ltr'><strong>copiosior</strong></span> <span class='ocrx_word' id='word_1_261' title='bbox 1205 3196 1486 3261; x_wconf 87' lang='lat' dir='ltr'><strong>medicina,</strong></span> <span class='ocrx_word' id='word_1_262' title='bbox 1517 3207 1570 3253; x_wconf 90' lang='lat' dir='ltr'><strong>et</strong></span> <span class='ocrx_word' id='word_1_263' title='bbox 1585 3199 1651 3254; x_wconf 86' lang='lat' dir='ltr'><strong>ab</strong></span> <span class='ocrx_word' id='word_1_264' title='bbox 1671 3202 1814 3255; x_wconf 92' lang='lat' dir='ltr'><strong>omni</strong></span> <span class='ocrx_word' id='word_1_265' title='bbox 1843 3202 2051 3257; x_wconf 89' lang='lat' dir='ltr'><strong>tristitia</strong></span> 
     </span>
    </p>
   </div>
   <div class='ocr_carea' id='block_1_34' title="bbox 463 3278 2051 3364">
    <p class='ocr_par' dir='ltr' id='par_1_34' title="bbox 463 3278 2051 3364">
     <span class='ocr_line' id='line_1_34' title="bbox 463 3278 2051 3364; baseline 0.011 -31"><span class='ocrx_word' id='word_1_266' title='bbox 463 3283 715 3336; x_wconf 87' lang='lat' dir='ltr'><strong>immunis</strong></span> <span class='ocrx_word' id='word_1_267' title='bbox 745 3278 1133 3352; x_wconf 78' lang='lat' dir='ltr'><strong>spectatoribus</strong></span> <span class='ocrx_word' id='word_1_268' title='bbox 1164 3291 1406 3360; x_wconf 81' lang='lat' dir='ltr'><strong>voluptas</strong></span> <span class='ocrx_word' id='word_1_269' title='bbox 1435 3291 1673 3355; x_wconf 76' lang='lat' dir='ltr'><strong>oii&#39;ertur,</strong></span> <span class='ocrx_word' id='word_1_270' title='bbox 1703 3309 1800 3363; x_wconf 81' lang='lat' dir='ltr'><strong>age</strong></span> <span class='ocrx_word' id='word_1_271' title='bbox 1825 3294 2051 3364; x_wconf 77' lang='lat' dir='ltr'><strong>diligen-</strong></span> 
     </span>
    </p>
   </div>
   <div class='ocr_carea' id='block_1_35' title="bbox 464 3376 2053 3450">
    <p class='ocr_par' dir='ltr' id='par_1_35' title="bbox 464 3376 2053 3450">
     <span class='ocr_line' id='line_1_35' title="bbox 464 3376 2053 3450; baseline 0.009 -22"><span class='ocrx_word' id='word_1_272' title='bbox 464 3383 548 3428; x_wconf 87' lang='lat' dir='ltr'><strong>ter</strong></span> <span class='ocrx_word' id='word_1_273' title='bbox 572 3385 846 3429; x_wconf 80' lang='lat' dir='ltr'><strong>curantem</strong></span> <span class='ocrx_word' id='word_1_274' title='bbox 876 3376 1141 3433; x_wconf 88' lang='lat' dir='ltr'><strong>Christum</strong></span> <span class='ocrx_word' id='word_1_275' title='bbox 1167 3391 1487 3450; x_wconf 86' lang='lat' dir='ltr'><strong>spectemus.</strong></span> <span class='ocrx_word' id='word_1_276' title='bbox 1515 3382 1582 3437; x_wconf 86' lang='lat' dir='ltr'><strong>Et</strong></span> <span class='ocrx_word' id='word_1_277' title='bbox 1608 3387 1878 3440; x_wconf 75' lang='lat' dir='ltr'><strong>ascendens</strong></span> <span class='ocrx_word' id='word_1_278' title='bbox 1895 3386 2053 3442; x_wconf 78' lang='lat' dir='ltr'><strong>Jesus</strong></span> 
     </span>
    </p>
   </div>
   <div class='ocr_carea' id='block_1_36' title="bbox 458 3467 2053 3539">
    <p class='ocr_par' dir='ltr' id='par_1_36' title="bbox 458 3467 2053 3539">
     <span class='ocr_line' id='line_1_36' title="bbox 458 3467 2053 3539; baseline 0.008 -20"><span class='ocrx_word' id='word_1_279' title='bbox 458 3467 510 3519; x_wconf 84' lang='lat' dir='ltr'><strong>in</strong></span> <span class='ocrx_word' id='word_1_280' title='bbox 531 3467 815 3520; x_wconf 69' lang='lat' dir='ltr'><strong>naviculam</strong></span> <span class='ocrx_word' id='word_1_281' title='bbox 832 3471 1190 3539; x_wconf 73' lang='lat' dir='ltr'><strong>trmtsfretavit,</strong></span> <span class='ocrx_word' id='word_1_282' title='bbox 1217 3483 1264 3525; x_wconf 78' lang='lat' dir='ltr'><strong>et</strong></span> <span class='ocrx_word' id='word_1_283' title='bbox 1287 3475 1416 3527; x_wconf 73' lang='lat' dir='ltr'><strong>venit</strong></span> <span class='ocrx_word' id='word_1_284' title='bbox 1442 3477 1493 3527; x_wconf 87' lang='lat' dir='ltr'><strong>in</strong></span> <span class='ocrx_word' id='word_1_285' title='bbox 1518 3477 1765 3530; x_wconf 85' lang='lat' dir='ltr'><strong>civitatem</strong></span> <span class='ocrx_word' id='word_1_286' title='bbox 1791 3494 1955 3532; x_wconf 84' lang='lat' dir='ltr'><strong>suam.</strong></span> <span class='ocrx_word' id='word_1_287' title='bbox 1984 3477 2053 3532; x_wconf 85' lang='lat' dir='ltr'><strong>Et</strong></span> 
     </span>
    </p>
   </div>
   <div class='ocr_carea' id='block_1_37' title="bbox 459 3559 2052 3634">
    <p class='ocr_par' dir='ltr' id='par_1_37' title="bbox 459 3559 2052 3634">
     <span class='ocr_line' id='line_1_37' title="bbox 459 3559 2052 3634; baseline 0.008 -25"><span class='ocrx_word' id='word_1_288' title='bbox 459 3573 572 3609; x_wconf 85' lang='lat' dir='ltr'><strong>ecce</strong></span> <span class='ocrx_word' id='word_1_289' title='bbox 601 3559 888 3612; x_wconf 78' lang='lat' dir='ltr'><strong>obtulerunt</strong></span> <span class='ocrx_word' id='word_1_290' title='bbox 935 3560 1012 3612; x_wconf 80' lang='lat' dir='ltr'><strong>illi</strong></span> <span class='ocrx_word' id='word_1_291' title='bbox 1052 3564 1390 3633; x_wconf 81' lang='lat' dir='ltr'><strong>paralyticum</strong></span> <span class='ocrx_word' id='word_1_292' title='bbox 1419 3565 1672 3634; x_wconf 79' lang='lat' dir='ltr'><strong>jnccntem</strong></span> <span class='ocrx_word' id='word_1_293' title='bbox 1711 3569 1761 3621; x_wconf 88' lang='lat' dir='ltr'><strong>in</strong></span> <span class='ocrx_word' id='word_1_294' title='bbox 1807 3569 1932 3622; x_wconf 71' lang='lat' dir='ltr'><strong>lecto</strong></span> <span class='ocrx_word' id='word_1_295' title='bbox 1964 3579 2052 3622; x_wconf 87' lang='lat' dir='ltr'><strong>:et</strong></span> 
     </span>
    </p>
   </div>
   <div class='ocr_carea' id='block_1_38' title="bbox 458 3649 2048 3731">
    <p class='ocr_par' dir='ltr' id='par_1_38' title="bbox 458 3649 2048 3731">
     <span class='ocr_line' id='line_1_38' title="bbox 458 3649 2048 3731; baseline 0.008 -32"><span class='ocrx_word' id='word_1_296' title='bbox 458 3649 633 3700; x_wconf 76' lang='lat' dir='ltr'><strong>uidens</strong></span> <span class='ocrx_word' id='word_1_297' title='bbox 663 3649 814 3704; x_wconf 82' lang='lat' dir='ltr'><strong>Jesus</strong></span> <span class='ocrx_word' id='word_1_298' title='bbox 847 3651 997 3718; x_wconf 78' lang='lat' dir='ltr'><strong>ﬁdem</strong></span> <span class='ocrx_word' id='word_1_299' title='bbox 1037 3653 1239 3706; x_wconf 82' lang='lat' dir='ltr'><strong>illorum</strong></span> <span class='ocrx_word' id='word_1_300' title='bbox 1278 3656 1405 3708; x_wconf 68' lang='lat' dir='ltr'><strong>dixit</strong></span> <span class='ocrx_word' id='word_1_301' title='bbox 1435 3657 1717 3731; x_wconf 74' lang='lat' dir='ltr'><strong>paralytico</strong></span> <span class='ocrx_word' id='word_1_302' title='bbox 1752 3674 1769 3712; x_wconf 91' lang='lat'><em>:</em></span> <span class='ocrx_word' id='word_1_303' title='bbox 1800 3658 2010 3726; x_wconf 78' lang='lat' dir='ltr'><strong>Conﬁde</strong></span> <span class='ocrx_word' id='word_1_304' title='bbox 2033 3702 2048 3726; x_wconf 93' lang='lat'><strong>,</strong></span> 
     </span>
    </p>
   </div>
   <div class='ocr_carea' id='block_1_39' title="bbox 456 3737 2049 3818">
    <p class='ocr_par' dir='ltr' id='par_1_39' title="bbox 456 3737 2049 3818">
     <span class='ocr_line' id='line_1_39' title="bbox 456 3737 2049 3818; baseline 0.009 -27"><span class='ocrx_word' id='word_1_305' title='bbox 456 3737 567 3804; x_wconf 78' lang='lat' dir='ltr'><strong>ﬁli,</strong></span> <span class='ocrx_word' id='word_1_306' title='bbox 601 3742 924 3795; x_wconf 74' lang='lat' dir='ltr'><strong>remittuntur</strong></span> <span class='ocrx_word' id='word_1_307' title='bbox 972 3744 1060 3796; x_wconf 81' lang='lat' dir='ltr'><strong>tibi</strong></span> <span class='ocrx_word' id='word_1_308' title='bbox 1117 3757 1324 3812; x_wconf 85' lang='lat' dir='ltr'><strong>peccata</strong></span> <span class='ocrx_word' id='word_1_309' title='bbox 1386 3756 1475 3800; x_wconf 82' lang='lat' dir='ltr'><strong>tua</strong></span> <span class='ocrx_word' id='word_1_310' title='bbox 1530 3746 1759 3816; x_wconf 78' lang='lat' dir='ltr'><strong>(Mall/t.</strong></span> <span class='ocrx_word' id='word_1_311' title='bbox 1801 3749 1848 3802; x_wconf 88' lang='lat'><strong>9.</strong></span> <span class='ocrx_word' id='word_1_312' title='bbox 1898 3749 1943 3801; x_wconf 78' lang='grc'><strong>1.</strong></span> <span class='ocrx_word' id='word_1_313' title='bbox 1975 3751 2049 3818; x_wconf 72' lang='grc'><strong>2).</strong></span> 
     </span>
    </p>
   </div>
   <div class='ocr_carea' id='block_1_40' title="bbox 461 3824 2050 3906">
    <p class='ocr_par' dir='ltr' id='par_1_40' title="bbox 461 3824 2050 3906">
     <span class='ocr_line' id='line_1_40' title="bbox 461 3824 2050 3906; baseline 0.008 -26"><span class='ocrx_word' id='word_1_314' title='bbox 461 3829 790 3882; x_wconf 72' lang='lat' dir='ltr'><strong>Ceutorioue</strong></span> <span class='ocrx_word' id='word_1_315' title='bbox 845 3831 1056 3901; x_wconf 83' lang='lat' dir='ltr'><strong>quidem</strong></span> <span class='ocrx_word' id='word_1_316' title='bbox 1115 3835 1390 3891; x_wconf 79' lang='lat' dir='ltr'><strong>inferiores</strong></span> <span class='ocrx_word' id='word_1_317' title='bbox 1430 3824 1573 3902; x_wconf 68' lang='lat' dir='ltr'><strong>sunt,</strong></span> <span class='ocrx_word' id='word_1_318' title='bbox 1617 3838 1790 3906; x_wconf 88' lang='lat' dir='ltr'><strong>quoad</strong></span> <span class='ocrx_word' id='word_1_319' title='bbox 1853 3839 2050 3906; x_wconf 84' lang='lat' dir='ltr'><strong>iidem,</strong></span> 
     </span>
    </p>
   </div>
   <div class='ocr_carea' id='block_1_41' title="bbox 465 3919 2048 3998">
    <p class='ocr_par' dir='ltr' id='par_1_41' title="bbox 465 3919 2048 3998">
     <span class='ocr_line' id='line_1_41' title="bbox 465 3919 2048 3998; baseline 0.008 -30"><span class='ocrx_word' id='word_1_320' title='bbox 465 3919 554 3970; x_wconf 86' lang='lat' dir='ltr'><strong>illo</strong></span> <span class='ocrx_word' id='word_1_321' title='bbox 584 3932 757 3973; x_wconf 83' lang='lat' dir='ltr'><strong>autem</strong></span> <span class='ocrx_word' id='word_1_322' title='bbox 803 3923 852 3972; x_wconf 87' lang='lat' dir='ltr'><strong>in</strong></span> <span class='ocrx_word' id='word_1_323' title='bbox 905 3925 1100 3991; x_wconf 79' lang='lat' dir='ltr'><strong>piscina</strong></span> <span class='ocrx_word' id='word_1_324' title='bbox 1133 3927 1347 3993; x_wconf 70' lang='lat' dir='ltr'><strong>jacente</strong></span> <span class='ocrx_word' id='word_1_325' title='bbox 1391 3928 1680 3997; x_wconf 86' lang='lat' dir='ltr'><strong>paralytico</strong></span> <span class='ocrx_word' id='word_1_326' title='bbox 1724 3932 2048 3998; x_wconf 88' lang='lat' dir='ltr'><strong>superiores.</strong></span> 
     </span>
    </p>
   </div>
   <div class='ocr_carea' id='block_1_42' title="bbox 465 4005 2051 4089">
    <p class='ocr_par' dir='ltr' id='par_1_42' title="bbox 465 4005 2051 4089">
     <span class='ocr_line' id='line_1_42' title="bbox 465 4005 2051 4089; baseline 0.008 -29"><span class='ocrx_word' id='word_1_327' title='bbox 465 4005 598 4060; x_wconf 77' lang='lat' dir='ltr'><strong>Nam</strong></span> <span class='ocrx_word' id='word_1_328' title='bbox 650 4011 738 4063; x_wconf 87' lang='lat' dir='ltr'><strong>ille</strong></span> <span class='ocrx_word' id='word_1_329' title='bbox 786 4013 998 4080; x_wconf 85' lang='lat' dir='ltr'><strong>quidem</strong></span> <span class='ocrx_word' id='word_1_330' title='bbox 1037 4031 1209 4083; x_wconf 89' lang='lat' dir='ltr'><strong>neque</strong></span> <span class='ocrx_word' id='word_1_331' title='bbox 1249 4016 1513 4070; x_wconf 83' lang='lat' dir='ltr'><strong>medic-um</strong></span> <span class='ocrx_word' id='word_1_332' title='bbox 1554 4019 1753 4082; x_wconf 76' lang='lat' dir='ltr'><strong>traxit,</strong></span> <span class='ocrx_word' id='word_1_333' title='bbox 1788 4034 1959 4089; x_wconf 84' lang='lat' dir='ltr'><strong>neque</strong></span> <span class='ocrx_word' id='word_1_334' title='bbox 1989 4020 2051 4073; x_wconf 89' lang='lat' dir='ltr'><strong>ad</strong></span> 
     </span>
    </p>
   </div>
   <div class='ocr_carea' id='block_1_43' title="bbox 459 4099 2053 4176">
    <p class='ocr_par' dir='ltr' id='par_1_43' title="bbox 459 4099 2053 4176">
     <span class='ocr_line' id='line_1_43' title="bbox 459 4099 2053 4176; baseline 0.009 -25"><span class='ocrx_word' id='word_1_335' title='bbox 459 4099 722 4154; x_wconf 86' lang='lat' dir='ltr'><strong>medicum</strong></span> <span class='ocrx_word' id='word_1_336' title='bbox 756 4103 906 4156; x_wconf 77' lang='lat' dir='ltr'><strong>duxit</strong></span> <span class='ocrx_word' id='word_1_337' title='bbox 929 4116 1224 4174; x_wconf 75' lang='lat' dir='ltr'><strong>trgrotum;</strong></span> <span class='ocrx_word' id='word_1_338' title='bbox 1255 4109 1345 4161; x_wconf 86' lang='lat' dir='ltr'><strong>sed</strong></span> <span class='ocrx_word' id='word_1_339' title='bbox 1376 4119 1642 4176; x_wconf 83' lang='lat' dir='ltr'><strong>tamquam</strong></span> <span class='ocrx_word' id='word_1_340' title='bbox 1674 4109 1740 4163; x_wconf 89' lang='lat' dir='ltr'><strong>ad</strong></span> <span class='ocrx_word' id='word_1_341' title='bbox 1772 4109 1934 4163; x_wconf 83' lang='lat' dir='ltr'><strong>Deum</strong></span> <span class='ocrx_word' id='word_1_342' title='bbox 1961 4127 2053 4166; x_wconf 85' lang='lat' dir='ltr'><strong>ac—</strong></span> 
     </span>
    </p>
   </div>
   <div class='ocr_carea' id='block_1_44' title="bbox 459 4195 2056 4271">
    <p class='ocr_par' dir='ltr' id='par_1_44' title="bbox 459 4195 2056 4271">
     <span class='ocr_line' id='line_1_44' title="bbox 459 4195 2056 4271; baseline 0.005 -25"><span class='ocrx_word' id='word_1_343' title='bbox 459 4195 657 4261; x_wconf 81' lang='lat' dir='ltr'><strong>cessit,</strong></span> <span class='ocrx_word' id='word_1_344' title='bbox 707 4205 761 4250; x_wconf 83' lang='lat' dir='ltr'><strong>et</strong></span> <span class='ocrx_word' id='word_1_345' title='bbox 804 4199 916 4250; x_wconf 87' lang='lat' dir='ltr'><strong>ait:</strong></span> <span class='ocrx_word' id='word_1_346' title='bbox 955 4197 1045 4251; x_wconf 87' lang='lat' dir='ltr'><strong>Dic</strong></span> <span class='ocrx_word' id='word_1_347' title='bbox 1096 4199 1241 4252; x_wconf 79' lang='lat' dir='ltr'><strong>verbo</strong></span> <span class='ocrx_word' id='word_1_348' title='bbox 1280 4210 1474 4253; x_wconf 81' lang='lat' dir='ltr'><strong>tantum</strong></span> <span class='ocrx_word' id='word_1_349' title='bbox 1500 4241 1514 4265; x_wconf 94' lang='lat'><strong>,</strong></span> <span class='ocrx_word' id='word_1_350' title='bbox 1548 4211 1591 4254; x_wconf 85' lang='lat' dir='ltr'><strong>et</strong></span> <span class='ocrx_word' id='word_1_351' title='bbox 1635 4202 1896 4253; x_wconf 76' lang='lat' dir='ltr'><strong>sanabitur</strong></span> <span class='ocrx_word' id='word_1_352' title='bbox 1934 4220 2056 4271; x_wconf 80' lang='lat' dir='ltr'><strong>puer</strong></span> 
     </span>
    </p>
   </div>
   <div class='ocr_carea' id='block_1_45' title="bbox 458 4284 2053 4355">
    <p class='ocr_par' dir='ltr' id='par_1_45' title="bbox 458 4284 2053 4355">
     <span class='ocr_line' id='line_1_45' title="bbox 458 4284 2053 4355; baseline 0.008 -21"><span class='ocrx_word' id='word_1_353' title='bbox 458 4300 599 4336; x_wconf 74' lang='lat' dir='ltr'><strong>mens</strong></span> <span class='ocrx_word' id='word_1_354' title='bbox 625 4286 768 4354; x_wconf 78' lang='lat' dir='ltr'><strong>(Luc.</strong></span> <span class='ocrx_word' id='word_1_355' title='bbox 791 4285 840 4339; x_wconf 80' lang='lat'><strong>7.</strong></span> <span class='ocrx_word' id='word_1_356' title='bbox 866 4287 932 4355; x_wconf 85' lang='lat'><strong>7).</strong></span> <span class='ocrx_word' id='word_1_357' title='bbox 957 4284 1046 4340; x_wconf 82' lang='lat' dir='ltr'><strong>isti</strong></span> <span class='ocrx_word' id='word_1_358' title='bbox 1069 4302 1194 4341; x_wconf 85' lang='lat' dir='ltr'><strong>vero</strong></span> <span class='ocrx_word' id='word_1_359' title='bbox 1216 4289 1477 4342; x_wconf 80' lang='lat' dir='ltr'><strong>medicntn</strong></span> <span class='ocrx_word' id='word_1_360' title='bbox 1502 4290 1552 4342; x_wconf 92' lang='lat' dir='ltr'><strong>in</strong></span> <span class='ocrx_word' id='word_1_361' title='bbox 1577 4291 1719 4344; x_wconf 72' lang='lat' dir='ltr'><strong>aedes</strong></span> <span class='ocrx_word' id='word_1_362' title='bbox 1747 4307 1850 4343; x_wconf 87' lang='lat' dir='ltr'><strong>non</strong></span> <span class='ocrx_word' id='word_1_363' title='bbox 1882 4301 2053 4347; x_wconf 76' lang='lat' dir='ltr'><strong>traxe—</strong></span> 
     </span>
    </p>
   </div>
   <div class='ocr_carea' id='block_1_46' title="bbox 458 4376 2053 4453">
    <p class='ocr_par' dir='ltr' id='par_1_46' title="bbox 458 4376 2053 4453">
     <span class='ocr_line' id='line_1_46' title="bbox 458 4376 2053 4453; baseline 0.004 -23"><span class='ocrx_word' id='word_1_364' title='bbox 458 4385 583 4430; x_wconf 88' lang='lat' dir='ltr'><strong>runt</strong></span> <span class='ocrx_word' id='word_1_365' title='bbox 608 4417 619 4439; x_wconf 89' lang='lat'><strong>,</strong></span> <span class='ocrx_word' id='word_1_366' title='bbox 655 4384 708 4429; x_wconf 91' lang='lat' dir='ltr'><strong>et</strong></span> <span class='ocrx_word' id='word_1_367' title='bbox 738 4376 787 4429; x_wconf 90' lang='lat' dir='ltr'><strong>in</strong></span> <span class='ocrx_word' id='word_1_368' title='bbox 818 4376 920 4432; x_wconf 91' lang='lat' dir='ltr'><strong>hoc</strong></span> <span class='ocrx_word' id='word_1_369' title='bbox 950 4379 1248 4432; x_wconf 86' lang='lat' dir='ltr'><strong>centurioni</strong></span> <span class='ocrx_word' id='word_1_370' title='bbox 1290 4391 1412 4434; x_wconf 90' lang='lat' dir='ltr'><strong>sunt</strong></span> <span class='ocrx_word' id='word_1_371' title='bbox 1437 4383 1702 4452; x_wconf 72' lang='lat' dir='ltr'><strong>aequales;</strong></span> <span class='ocrx_word' id='word_1_372' title='bbox 1732 4385 1826 4438; x_wconf 89' lang='lat' dir='ltr'><strong>sed</strong></span> <span class='ocrx_word' id='word_1_373' title='bbox 1856 4400 2053 4453; x_wconf 72' lang='lat' dir='ltr'><strong>aegrum</strong></span> 
     </span>
    </p>
   </div>
   <div class='ocr_carea' id='block_1_47' title="bbox 459 4469 2054 4546">
    <p class='ocr_par' dir='ltr' id='par_1_47' title="bbox 459 4469 2054 4546">
     <span class='ocr_line' id='line_1_47' title="bbox 459 4469 2054 4546; baseline 0.006 -25"><span class='ocrx_word' id='word_1_374' title='bbox 459 4469 754 4522; x_wconf 75' lang='lat' dir='ltr'><strong>altuierunt</strong></span> <span class='ocrx_word' id='word_1_375' title='bbox 783 4469 848 4522; x_wconf 89' lang='lat' dir='ltr'><strong>ad</strong></span> <span class='ocrx_word' id='word_1_376' title='bbox 882 4470 1167 4537; x_wconf 85' lang='lat' dir='ltr'><strong>medicum,</strong></span> <span class='ocrx_word' id='word_1_377' title='bbox 1196 4483 1249 4525; x_wconf 87' lang='lat' dir='ltr'><strong>et</strong></span> <span class='ocrx_word' id='word_1_378' title='bbox 1271 4471 1319 4525; x_wconf 91' lang='lat' dir='ltr'><strong>in</strong></span> <span class='ocrx_word' id='word_1_379' title='bbox 1351 4473 1452 4527; x_wconf 92' lang='lat' dir='ltr'><strong>hoc</strong></span> <span class='ocrx_word' id='word_1_380' title='bbox 1475 4485 1596 4527; x_wconf 90' lang='lat' dir='ltr'><strong>sunt</strong></span> <span class='ocrx_word' id='word_1_381' title='bbox 1627 4477 1882 4542; x_wconf 77' lang='lat' dir='ltr'><strong>minores,</strong></span> <span class='ocrx_word' id='word_1_382' title='bbox 1912 4476 2054 4546; x_wconf 85' lang='lat' dir='ltr'><strong>quod</strong></span> 
     </span>
    </p>
   </div>
   <div class='ocr_carea' id='block_1_48' title="bbox 465 4561 2053 4638">
    <p class='ocr_par' dir='ltr' id='par_1_48' title="bbox 465 4561 2053 4638">
     <span class='ocr_line' id='line_1_48' title="bbox 465 4561 2053 4638; baseline 0.006 -25"><span class='ocrx_word' id='word_1_383' title='bbox 465 4574 569 4613; x_wconf 86' lang='lat' dir='ltr'><strong>non</strong></span> <span class='ocrx_word' id='word_1_384' title='bbox 603 4561 852 4626; x_wconf 81' lang='lat' dir='ltr'><strong>dixerint,</strong></span> <span class='ocrx_word' id='word_1_385' title='bbox 891 4561 984 4615; x_wconf 87' lang='lat' dir='ltr'><strong>Dic</strong></span> <span class='ocrx_word' id='word_1_386' title='bbox 1011 4565 1156 4618; x_wconf 72' lang='lat' dir='ltr'><strong>verba</strong></span> <span class='ocrx_word' id='word_1_387' title='bbox 1187 4575 1400 4618; x_wconf 81' lang='lat' dir='ltr'><strong>tantum.</strong></span> <span class='ocrx_word' id='word_1_388' title='bbox 1436 4566 1530 4618; x_wconf 91' lang='lat' dir='ltr'><strong>lllo</strong></span> <span class='ocrx_word' id='word_1_389' title='bbox 1556 4567 1766 4637; x_wconf 87' lang='lat' dir='ltr'><strong>quidem</strong></span> <span class='ocrx_word' id='word_1_390' title='bbox 1793 4579 1939 4623; x_wconf 88' lang='lat' dir='ltr'><strong>certe</strong></span> <span class='ocrx_word' id='word_1_391' title='bbox 1966 4569 2053 4638; x_wconf 91' lang='lat' dir='ltr'><strong>qui</strong></span> 
     </span>
    </p>
   </div>
   <div class='ocr_carea' id='block_1_49' title="bbox 460 4652 2054 4729">
    <p class='ocr_par' dir='ltr' id='par_1_49' title="bbox 460 4652 2054 4729">
     <span class='ocr_line' id='line_1_49' title="bbox 460 4652 2054 4729; baseline 0.008 -28"><span class='ocrx_word' id='word_1_392' title='bbox 460 4652 526 4703; x_wconf 84' lang='lat' dir='ltr'><strong>ad</strong></span> <span class='ocrx_word' id='word_1_393' title='bbox 571 4652 828 4718; x_wconf 77' lang='lat' dir='ltr'><strong>piscinam</strong></span> <span class='ocrx_word' id='word_1_394' title='bbox 863 4653 1072 4722; x_wconf 79' lang='lat' dir='ltr'><strong>jacebat</strong></span> <span class='ocrx_word' id='word_1_395' title='bbox 1108 4656 1273 4709; x_wconf 89' lang='lat' dir='ltr'><strong>multo</strong></span> <span class='ocrx_word' id='word_1_396' title='bbox 1305 4666 1429 4710; x_wconf 88' lang='lat' dir='ltr'><strong>sunt</strong></span> <span class='ocrx_word' id='word_1_397' title='bbox 1461 4658 1544 4711; x_wconf 84' lang='lat' dir='ltr'><strong>isti</strong></span> <span class='ocrx_word' id='word_1_398' title='bbox 1573 4657 1858 4724; x_wconf 81' lang='lat' dir='ltr'><strong>meliores,</strong></span> <span class='ocrx_word' id='word_1_399' title='bbox 1888 4661 2054 4729; x_wconf 87' lang='lat' dir='ltr'><strong>siqui-</strong></span> 
     </span>
    </p>
   </div>
   <div class='ocr_carea' id='block_1_50' title="bbox 459 4744 2056 4817">
    <p class='ocr_par' dir='ltr' id='par_1_50' title="bbox 459 4744 2056 4817">
     <span class='ocr_line' id='line_1_50' title="bbox 459 4744 2056 4817; baseline 0.007 -22"><span class='ocrx_word' id='word_1_400' title='bbox 459 4744 578 4795; x_wconf 80' lang='lat' dir='ltr'><strong>dem</strong></span> <span class='ocrx_word' id='word_1_401' title='bbox 626 4746 712 4797; x_wconf 75' lang='lat' dir='ltr'><strong>ille</strong></span> <span class='ocrx_word' id='word_1_402' title='bbox 747 4746 909 4812; x_wconf 87' lang='lat' dir='ltr'><strong>dicit,</strong></span> <span class='ocrx_word' id='word_1_403' title='bbox 939 4746 1175 4815; x_wconf 83' lang='lat' dir='ltr'><strong>Domine,</strong></span> <span class='ocrx_word' id='word_1_404' title='bbox 1218 4749 1470 4804; x_wconf 81' lang='lat' dir='ltr'><strong>hominen:</strong></span> <span class='ocrx_word' id='word_1_405' title='bbox 1501 4767 1602 4804; x_wconf 85' lang='lat' dir='ltr'><strong>non</strong></span> <span class='ocrx_word' id='word_1_406' title='bbox 1642 4751 1797 4806; x_wconf 80' lang='lat' dir='ltr'><strong>habeo</strong></span> <span class='ocrx_word' id='word_1_407' title='bbox 1820 4795 1832 4817; x_wconf 95' lang='lat'><strong>,</strong></span> <span class='ocrx_word' id='word_1_408' title='bbox 1866 4764 1918 4805; x_wconf 87' lang='lat' dir='ltr'><strong>ul</strong></span> <span class='ocrx_word' id='word_1_409' title='bbox 1940 4771 2056 4806; x_wconf 87' lang='lat' dir='ltr'><strong>cum</strong></span> 
     </span>
    </p>
   </div>
   <div class='ocr_carea' id='block_1_51' title="bbox 458 4835 2051 4916">
    <p class='ocr_par' dir='ltr' id='par_1_51' title="bbox 458 4835 2051 4916">
     <span class='ocr_line' id='line_1_51' title="bbox 458 4835 2051 4916; baseline 0.011 -33"><span class='ocrx_word' id='word_1_410' title='bbox 458 4835 658 4887; x_wconf 59' lang='lat' dir='ltr'><strong>turbam</strong></span> <span class='ocrx_word' id='word_1_411' title='bbox 683 4839 834 4905; x_wconf 76' lang='lat' dir='ltr'><strong>fuerit</strong></span> <span class='ocrx_word' id='word_1_412' title='bbox 855 4855 1006 4908; x_wconf 79' lang='lat' dir='ltr'><strong>aqua,</strong></span> <span class='ocrx_word' id='word_1_413' title='bbox 1027 4842 1191 4892; x_wconf 79' lang='lat' dir='ltr'><strong>mittat</strong></span> <span class='ocrx_word' id='word_1_414' title='bbox 1217 4857 1292 4894; x_wconf 87' lang='lat' dir='ltr'><strong>nte</strong></span> <span class='ocrx_word' id='word_1_415' title='bbox 1311 4843 1361 4894; x_wconf 87' lang='lat' dir='ltr'><strong>in</strong></span> <span class='ocrx_word' id='word_1_416' title='bbox 1386 4844 1628 4912; x_wconf 80' lang='lat' dir='ltr'><strong>piscinam</strong></span> <span class='ocrx_word' id='word_1_417' title='bbox 1661 4845 1840 4914; x_wconf 81' lang='lat' dir='ltr'><strong>(Joun.</strong></span> <span class='ocrx_word' id='word_1_418' title='bbox 1869 4847 1922 4898; x_wconf 84' lang='lat'><strong>5.</strong></span> <span class='ocrx_word' id='word_1_419' title='bbox 1963 4847 2014 4916; x_wconf 91' lang='lat'><strong>7)</strong></span> <span class='ocrx_word' id='word_1_420' title='bbox 2038 4864 2051 4900; x_wconf 87' lang='lat'><strong>:</strong></span> 
     </span>
    </p>
   </div>
   <div class='ocr_carea' id='block_1_52' title="bbox 461 4925 2053 5005">
    <p class='ocr_par' dir='ltr' id='par_1_52' title="bbox 461 4925 2053 5005">
     <span class='ocr_line' id='line_1_52' title="bbox 461 4925 2053 5005; baseline 0.01 -30"><span class='ocrx_word' id='word_1_421' title='bbox 461 4925 544 4976; x_wconf 86' lang='lat' dir='ltr'><strong>isti</strong></span> <span class='ocrx_word' id='word_1_422' title='bbox 602 4941 729 4979; x_wconf 84' lang='lat' dir='ltr'><strong>vero</strong></span> <span class='ocrx_word' id='word_1_423' title='bbox 779 4927 942 4980; x_wconf 85' lang='lat' dir='ltr'><strong>nihilo</strong></span> <span class='ocrx_word' id='word_1_424' title='bbox 1005 4929 1244 5001; x_wconf 86' lang='lat' dir='ltr'><strong>indigere</strong></span> <span class='ocrx_word' id='word_1_425' title='bbox 1289 4930 1559 5005; x_wconf 85' lang='lat' dir='ltr'><strong>Christum</strong></span> <span class='ocrx_word' id='word_1_426' title='bbox 1612 4937 1896 5001; x_wconf 89' lang='lat' dir='ltr'><strong>sciebant,</strong></span> <span class='ocrx_word' id='word_1_427' title='bbox 1948 4954 2053 4992; x_wconf 91' lang='lat' dir='ltr'><strong>non</strong></span> 
     </span>
    </p>
   </div>
   <div class='ocr_carea' id='block_1_53' title="bbox 459 5014 2054 5097">
    <p class='ocr_par' dir='ltr' id='par_1_53' title="bbox 459 5014 2054 5097">
     <span class='ocr_line' id='line_1_53' title="bbox 459 5014 2054 5097; baseline 0.013 -34"><span class='ocrx_word' id='word_1_428' title='bbox 459 5014 647 5082; x_wconf 81' lang='lat' dir='ltr'><strong>aquis,</strong></span> <span class='ocrx_word' id='word_1_429' title='bbox 700 5034 802 5070; x_wconf 89' lang='lat' dir='ltr'><strong>non</strong></span> <span class='ocrx_word' id='word_1_430' title='bbox 846 5021 1046 5086; x_wconf 81' lang='lat' dir='ltr'><strong>piscina</strong></span> <span class='ocrx_word' id='word_1_431' title='bbox 1069 5065 1084 5085; x_wconf 92' lang='lat'><strong>,</strong></span> <span class='ocrx_word' id='word_1_432' title='bbox 1120 5039 1222 5076; x_wconf 90' lang='lat' dir='ltr'><strong>non</strong></span> <span class='ocrx_word' id='word_1_433' title='bbox 1253 5024 1356 5077; x_wconf 87' lang='lat' dir='ltr'><strong>alia</strong></span> <span class='ocrx_word' id='word_1_434' title='bbox 1403 5041 1460 5079; x_wconf 91' lang='lat' dir='ltr'><strong>re</strong></span> <span class='ocrx_word' id='word_1_435' title='bbox 1501 5029 1745 5097; x_wconf 87' lang='lat' dir='ltr'><strong>quapiam</strong></span> <span class='ocrx_word' id='word_1_436' title='bbox 1773 5047 1785 5081; x_wconf 88' lang='lat'><strong>:</strong></span> <span class='ocrx_word' id='word_1_437' title='bbox 1818 5039 2054 5084; x_wconf 81' lang='lat' dir='ltr'><strong>attamen</strong></span> 
     </span>
    </p>
   </div>
   <div class='ocr_carea' id='block_1_54' title="bbox 459 5105 2056 5186">
    <p class='ocr_par' dir='ltr' id='par_1_54' title="bbox 459 5105 2056 5186">
     <span class='ocr_line' id='line_1_54' title="bbox 459 5105 2056 5186; baseline 0.011 -28"><span class='ocrx_word' id='word_1_438' title='bbox 459 5105 704 5162; x_wconf 68' lang='lat' dir='ltr'><strong>Christus</strong></span> <span class='ocrx_word' id='word_1_439' title='bbox 737 5126 840 5164; x_wconf 87' lang='lat' dir='ltr'><strong>non</strong></span> <span class='ocrx_word' id='word_1_440' title='bbox 871 5115 1198 5169; x_wconf 79' lang='lat' dir='ltr'><strong>centurionis</strong></span> <span class='ocrx_word' id='word_1_441' title='bbox 1225 5125 1427 5170; x_wconf 85' lang='lat' dir='ltr'><strong>tantum</strong></span> <span class='ocrx_word' id='word_1_442' title='bbox 1458 5134 1698 5186; x_wconf 83' lang='lat' dir='ltr'><strong>puetum,</strong></span> <span class='ocrx_word' id='word_1_443' title='bbox 1725 5121 1817 5176; x_wconf 84' lang='lat' dir='ltr'><strong>sed</strong></span> <span class='ocrx_word' id='word_1_444' title='bbox 1839 5131 1886 5175; x_wconf 86' lang='lat' dir='ltr'><strong>et</strong></span> <span class='ocrx_word' id='word_1_445' title='bbox 1915 5122 2056 5176; x_wconf 89' lang='lat' dir='ltr'><strong>hunc</strong></span> 
     </span>
    </p>
   </div>
   <div class='ocr_carea' id='block_1_55' title="bbox 459 5200 2054 5283">
    <p class='ocr_par' dir='ltr' id='par_1_55' title="bbox 459 5200 2054 5283">
     <span class='ocr_line' id='line_1_55' title="bbox 459 5200 2054 5283; baseline 0.011 -33"><span class='ocrx_word' id='word_1_446' title='bbox 459 5210 512 5252; x_wconf 81' lang='lat' dir='ltr'><strong>ct</strong></span> <span class='ocrx_word' id='word_1_447' title='bbox 558 5200 704 5254; x_wconf 87' lang='lat' dir='ltr'><strong>illum</strong></span> <span class='ocrx_word' id='word_1_448' title='bbox 743 5204 930 5258; x_wconf 81' lang='lat' dir='ltr'><strong>morbo</strong></span> <span class='ocrx_word' id='word_1_449' title='bbox 981 5207 1255 5273; x_wconf 81' lang='lat' dir='ltr'><strong>liberavit;</strong></span> <span class='ocrx_word' id='word_1_450' title='bbox 1303 5223 1478 5280; x_wconf 86' lang='lat' dir='ltr'><strong>neque</strong></span> <span class='ocrx_word' id='word_1_451' title='bbox 1510 5211 1683 5265; x_wconf 77' lang='lat' dir='ltr'><strong>dixit:</strong></span> <span class='ocrx_word' id='word_1_452' title='bbox 1714 5213 2054 5283; x_wconf 86' lang='lat' dir='ltr'><strong>Quandoqui-</strong></span> 
     </span>
    </p>
   </div>
   <div class='ocr_carea' id='block_1_56' title="bbox 457 5290 2052 5373">
    <p class='ocr_par' dir='ltr' id='par_1_56' title="bbox 457 5290 2052 5373">
     <span class='ocr_line' id='line_1_56' title="bbox 457 5290 2052 5373; baseline 0.013 -34"><span class='ocrx_word' id='word_1_453' title='bbox 457 5290 578 5343; x_wconf 75' lang='lat' dir='ltr'><strong>dem</strong></span> <span class='ocrx_word' id='word_1_454' title='bbox 608 5291 764 5346; x_wconf 75' lang='lat' dir='ltr'><strong>(idem</strong></span> <span class='ocrx_word' id='word_1_455' title='bbox 789 5295 1027 5349; x_wconf 71' lang='lat' dir='ltr'><strong>obtulisti</strong></span> <span class='ocrx_word' id='word_1_456' title='bbox 1056 5298 1317 5352; x_wconf 83' lang='lat' dir='ltr'><strong>minoer</strong></span> <span class='ocrx_word' id='word_1_457' title='bbox 1342 5343 1352 5361; x_wconf 80' lang='lat'><strong>,</strong></span> <span class='ocrx_word' id='word_1_458' title='bbox 1381 5302 1709 5356; x_wconf 81' lang='lat' dir='ltr'><strong>curationem</strong></span> <span class='ocrx_word' id='word_1_459' title='bbox 1741 5306 1939 5373; x_wconf 78' lang='lat' dir='ltr'><strong>pariter</strong></span> <span class='ocrx_word' id='word_1_460' title='bbox 1959 5321 2052 5359; x_wconf 85' lang='lat' dir='ltr'><strong>ac-</strong></span> 
     </span>
    </p>
   </div>
   <div class='ocr_carea' id='block_1_57' title="bbox 459 5383 2057 5459">
    <p class='ocr_par' dir='ltr' id='par_1_57' title="bbox 459 5383 2057 5459">
     <span class='ocr_line' id='line_1_57' title="bbox 459 5383 2057 5459; baseline 0.014 -28"><span class='ocrx_word' id='word_1_461' title='bbox 459 5383 624 5447; x_wconf 69' lang='lat' dir='ltr'><strong>cipies</strong></span> <span class='ocrx_word' id='word_1_462' title='bbox 657 5385 785 5438; x_wconf 85' lang='lat' dir='ltr'><strong>:sed</strong></span> <span class='ocrx_word' id='word_1_463' title='bbox 813 5402 932 5440; x_wconf 87' lang='lat' dir='ltr'><strong>cum</strong></span> <span class='ocrx_word' id='word_1_464' title='bbox 966 5389 1220 5459; x_wconf 78' lang='lat' dir='ltr'><strong>majorem</strong></span> <span class='ocrx_word' id='word_1_465' title='bbox 1252 5393 1580 5448; x_wconf 70' lang='lat' dir='ltr'><strong>exhibuisset</strong></span> <span class='ocrx_word' id='word_1_466' title='bbox 1607 5435 1620 5458; x_wconf 91' lang='lat'><strong>,</strong></span> <span class='ocrx_word' id='word_1_467' title='bbox 1662 5410 1781 5448; x_wconf 88' lang='lat' dir='ltr'><strong>cum</strong></span> <span class='ocrx_word' id='word_1_468' title='bbox 1814 5397 2057 5453; x_wconf 80' lang='lat' dir='ltr'><strong>laudibus</strong></span> 
     </span>
    </p>
   </div>
   <div class='ocr_carea' id='block_1_58' title="bbox 459 5477 2052 5553">
    <p class='ocr_par' dir='ltr' id='par_1_58' title="bbox 459 5477 2052 5553">
     <span class='ocr_line' id='line_1_58' title="bbox 459 5477 2052 5553; baseline 0.014 -34"><span class='ocrx_word' id='word_1_469' title='bbox 459 5484 508 5524; x_wconf 77' lang='lat' dir='ltr'><strong>et</strong></span> <span class='ocrx_word' id='word_1_470' title='bbox 545 5477 759 5529; x_wconf 84' lang='lat' dir='ltr'><strong>coronis</strong></span> <span class='ocrx_word' id='word_1_471' title='bbox 790 5493 910 5532; x_wconf 86' lang='lat' dir='ltr'><strong>eum</strong></span> <span class='ocrx_word' id='word_1_472' title='bbox 935 5481 1165 5547; x_wconf 89' lang='lat' dir='ltr'><strong>dimisit,</strong></span> <span class='ocrx_word' id='word_1_473' title='bbox 1194 5484 1376 5538; x_wconf 88' lang='lat' dir='ltr'><strong>dicens</strong></span> <span class='ocrx_word' id='word_1_474' title='bbox 1413 5503 1425 5538; x_wconf 93' lang='lat'>:</span> <span class='ocrx_word' id='word_1_475' title='bbox 1466 5484 1642 5553; x_wconf 81' lang='lat' dir='ltr'><strong>Neque</strong></span> <span class='ocrx_word' id='word_1_476' title='bbox 1669 5487 1721 5539; x_wconf 83' lang='lat' dir='ltr'><strong>in</strong></span> <span class='ocrx_word' id='word_1_477' title='bbox 1749 5487 1913 5542; x_wconf 77' lang='lat' dir='ltr'><strong>Israel</strong></span> <span class='ocrx_word' id='word_1_478' title='bbox 1939 5499 2052 5542; x_wconf 79' lang='lat' dir='ltr'><strong>tan-</strong></span> 
     </span>
    </p>
   </div>
   <div class='ocr_carea' id='block_1_59' title="bbox 471 5568 2052 5650">
    <p class='ocr_par' dir='ltr' id='par_1_59' title="bbox 471 5568 2052 5650">
     <span class='ocr_line' id='line_1_59' title="bbox 471 5568 2052 5650; baseline 0.013 -33"><span class='ocrx_word' id='word_1_479' title='bbox 471 5575 571 5617; x_wconf 76' lang='lat' dir='ltr'><strong>tum</strong></span> <span class='ocrx_word' id='word_1_480' title='bbox 596 5568 748 5634; x_wconf 70' lang='lat' dir='ltr'><strong>ﬁdem</strong></span> <span class='ocrx_word' id='word_1_481' title='bbox 779 5572 942 5625; x_wconf 61' lang='lat' dir='ltr'><strong>inveni</strong></span> <span class='ocrx_word' id='word_1_482' title='bbox 976 5574 1103 5643; x_wconf 83' lang='lat' dir='ltr'><strong>(Luc</strong></span> <span class='ocrx_word' id='word_1_483' title='bbox 1129 5578 1178 5630; x_wconf 82' lang='lat'><strong>7.</strong></span> <span class='ocrx_word' id='word_1_484' title='bbox 1211 5576 1287 5647; x_wconf 81' lang='grc'><strong>9).</strong></span> <span class='ocrx_word' id='word_1_485' title='bbox 1325 5577 1461 5634; x_wconf 82' lang='lat' dir='ltr'><strong>Eum</strong></span> <span class='ocrx_word' id='word_1_486' title='bbox 1491 5595 1639 5642; x_wconf 83' lang='lat' dir='ltr'><strong>vero,</strong></span> <span class='ocrx_word' id='word_1_487' title='bbox 1673 5581 1760 5650; x_wconf 89' lang='lat' dir='ltr'><strong>qui</strong></span> <span class='ocrx_word' id='word_1_488' title='bbox 1793 5583 2052 5638; x_wconf 84' lang='lat' dir='ltr'><strong>minorem</strong></span> 
     </span>
    </p>
   </div>
   <div class='ocr_carea' id='block_1_60' title="bbox 463 5661 2053 5744">
    <p class='ocr_par' dir='ltr' id='par_1_60' title="bbox 463 5661 2053 5744">
     <span class='ocr_line' id='line_1_60' title="bbox 463 5661 2053 5744; baseline 0.016 -40"><span class='ocrx_word' id='word_1_489' title='bbox 463 5672 620 5722; x_wconf 84' lang='lat' dir='ltr'><strong>quam</strong></span> <span class='ocrx_word' id='word_1_490' title='bbox 656 5661 741 5717; x_wconf 88' lang='lat' dir='ltr'><strong>illc</strong></span> <span class='ocrx_word' id='word_1_491' title='bbox 766 5661 924 5744; x_wconf 77' lang='lat' dir='ltr'><strong>[idem</strong></span> <span class='ocrx_word' id='word_1_492' title='bbox 965 5668 1257 5734; x_wconf 81' lang='lat' dir='ltr'><strong>obtulerat,</strong></span> <span class='ocrx_word' id='word_1_493' title='bbox 1291 5671 1437 5725; x_wconf 79' lang='lat' dir='ltr'><strong>nullo</strong></span> <span class='ocrx_word' id='word_1_494' title='bbox 1462 5672 1620 5726; x_wconf 86' lang='lat' dir='ltr'><strong>modo</strong></span> <span class='ocrx_word' id='word_1_495' title='bbox 1654 5673 1882 5729; x_wconf 77' lang='lat' dir='ltr'><strong>laudavit</strong></span> <span class='ocrx_word' id='word_1_496' title='bbox 1908 5695 1920 5729; x_wconf 87' lang='lat'>:</span> <span class='ocrx_word' id='word_1_497' title='bbox 1949 5694 2053 5730; x_wconf 84' lang='lat' dir='ltr'><strong>non</strong></span> 
     </span>
    </p>
   </div>
   <div class='ocr_carea' id='block_1_61' title="bbox 463 5756 2059 5836">
    <p class='ocr_par' dir='ltr' id='par_1_61' title="bbox 463 5756 2059 5836">
     <span class='ocr_line' id='line_1_61' title="bbox 463 5756 2059 5836; baseline 0.014 -36"><span class='ocrx_word' id='word_1_498' title='bbox 463 5756 638 5806; x_wconf 83' lang='lat' dir='ltr'><strong>tamen</strong></span> <span class='ocrx_word' id='word_1_499' title='bbox 662 5756 889 5812; x_wconf 77' lang='lat' dir='ltr'><strong>sanitate</strong></span> <span class='ocrx_word' id='word_1_500' title='bbox 921 5760 1168 5828; x_wconf 86' lang='lat' dir='ltr'><strong>privavit,</strong></span> <span class='ocrx_word' id='word_1_501' title='bbox 1199 5764 1290 5818; x_wconf 81' lang='lat' dir='ltr'><strong>sed</strong></span> <span class='ocrx_word' id='word_1_502' title='bbox 1323 5779 1418 5820; x_wconf 83' lang='lat' dir='ltr'><strong>nec</strong></span> <span class='ocrx_word' id='word_1_503' title='bbox 1450 5766 1619 5834; x_wconf 84' lang='lat' dir='ltr'><strong>illum,</strong></span> <span class='ocrx_word' id='word_1_504' title='bbox 1652 5766 1739 5836; x_wconf 88' lang='lat' dir='ltr'><strong>qui</strong></span> <span class='ocrx_word' id='word_1_505' title='bbox 1771 5769 1969 5822; x_wconf 87' lang='lat' dir='ltr'><strong>nullam</strong></span> <span class='ocrx_word' id='word_1_506' title='bbox 1995 5768 2059 5822; x_wconf 86' lang='lat' dir='ltr'><strong>li-</strong></span> 
     </span>
    </p>
   </div>
   <div class='ocr_carea' id='block_1_62' title="bbox 2159 462 3761 542">
    <p class='ocr_par' dir='ltr' id='par_1_62' title="bbox 2159 462 3761 542">
     <span class='ocr_line' id='line_1_62' title="bbox 2159 462 3761 542; baseline 0.011 -24"><span class='ocrx_word' id='word_1_507' title='bbox 2159 462 2280 518; x_wconf 91' lang='lat' dir='ltr'><strong>dem</strong></span> <span class='ocrx_word' id='word_1_508' title='bbox 2326 466 2661 524; x_wconf 80' lang='lat' dir='ltr'><strong>exhibuerat.</strong></span> <span class='ocrx_word' id='word_1_509' title='bbox 2696 468 2895 526; x_wconf 74' lang='lat' dir='ltr'><strong>Verum</strong></span> <span class='ocrx_word' id='word_1_510' title='bbox 2926 473 3373 542; x_wconf 87' lang='lat' dir='ltr'><strong>quemadmodum</strong></span> <span class='ocrx_word' id='word_1_511' title='bbox 3405 477 3600 533; x_wconf 88' lang='lat' dir='ltr'><strong>medici</strong></span> <span class='ocrx_word' id='word_1_512' title='bbox 3636 493 3761 534; x_wconf 90' lang='lat' dir='ltr'><strong>cum</strong></span> 
     </span>
    </p>
   </div>
   <div class='ocr_carea' id='block_1_63' title="bbox 2160 557 3762 633">
    <p class='ocr_par' dir='ltr' id='par_1_63' title="bbox 2160 557 3762 633">
     <span class='ocr_line' id='line_1_63' title="bbox 2160 557 3762 633; baseline 0.011 -23"><span class='ocrx_word' id='word_1_513' title='bbox 2160 557 2408 612; x_wconf 88' lang='lat' dir='ltr'><strong>eumdem</strong></span> <span class='ocrx_word' id='word_1_514' title='bbox 2433 560 2678 614; x_wconf 91' lang='lat' dir='ltr'><strong>morbum</strong></span> <span class='ocrx_word' id='word_1_515' title='bbox 2696 572 2907 627; x_wconf 89' lang='lat' dir='ltr'><strong>curent,</strong></span> <span class='ocrx_word' id='word_1_516' title='bbox 2936 577 2964 617; x_wconf 83' lang='lat' dir='ltr'><strong>a</strong></span> <span class='ocrx_word' id='word_1_517' title='bbox 2987 564 3300 633; x_wconf 83' lang='lat' dir='ltr'><strong>quibusdam</strong></span> <span class='ocrx_word' id='word_1_518' title='bbox 3323 579 3538 624; x_wconf 90' lang='lat' dir='ltr'><strong>centum</strong></span> <span class='ocrx_word' id='word_1_519' title='bbox 3564 585 3762 627; x_wconf 79' lang='lat' dir='ltr'><strong>aureos</strong></span> 
     </span>
    </p>
   </div>
   <div class='ocr_carea' id='block_1_64' title="bbox 2160 645 3759 729">
    <p class='ocr_par' dir='ltr' id='par_1_64' title="bbox 2160 645 3759 729">
     <span class='ocr_line' id='line_1_64' title="bbox 2160 645 3759 729; baseline 0.013 -33"><span class='ocrx_word' id='word_1_520' title='bbox 2160 645 2451 718; x_wconf 86' lang='lat' dir='ltr'><strong>accipiunt,</strong></span> <span class='ocrx_word' id='word_1_521' title='bbox 2481 650 2548 703; x_wconf 91' lang='lat' dir='ltr'><strong>ab</strong></span> <span class='ocrx_word' id='word_1_522' title='bbox 2573 651 2692 705; x_wconf 90' lang='lat' dir='ltr'><strong>aliis</strong></span> <span class='ocrx_word' id='word_1_523' title='bbox 2722 654 3131 726; x_wconf 81' lang='lat' dir='ltr'><strong>quinquaginta,</strong></span> <span class='ocrx_word' id='word_1_524' title='bbox 3161 658 3228 713; x_wconf 88' lang='lat' dir='ltr'><strong>ab</strong></span> <span class='ocrx_word' id='word_1_525' title='bbox 3254 659 3373 714; x_wconf 87' lang='lat' dir='ltr'><strong>aliis</strong></span> <span class='ocrx_word' id='word_1_526' title='bbox 3399 661 3706 729; x_wconf 86' lang='lat' dir='ltr'><strong>pauciores,</strong></span> <span class='ocrx_word' id='word_1_527' title='bbox 3731 683 3759 716; x_wconf 86' lang='lat' dir='ltr'><strong>a</strong></span> 
     </span>
    </p>
   </div>
   <div class='ocr_carea' id='block_1_65' title="bbox 2157 739 3761 826">
    <p class='ocr_par' dir='ltr' id='par_1_65' title="bbox 2157 739 3761 826">
     <span class='ocr_line' id='line_1_65' title="bbox 2157 739 3761 826; baseline 0.01 -35"><span class='ocrx_word' id='word_1_528' title='bbox 2157 739 2475 808; x_wconf 91' lang='lat' dir='ltr'><strong>quibusdam</strong></span> <span class='ocrx_word' id='word_1_529' title='bbox 2506 741 2636 798; x_wconf 91' lang='lat' dir='ltr'><strong>nihil</strong></span> <span class='ocrx_word' id='word_1_530' title='bbox 2665 746 2874 814; x_wconf 90' lang='lat' dir='ltr'><strong>penitus</strong></span> <span class='ocrx_word' id='word_1_531' title='bbox 2905 748 3022 803; x_wconf 90' lang='lat' dir='ltr'><strong>:sic</strong></span> <span class='ocrx_word' id='word_1_532' title='bbox 3063 750 3315 826; x_wconf 85' lang='lat' dir='ltr'><strong>nimirum</strong></span> <span class='ocrx_word' id='word_1_533' title='bbox 3356 759 3414 806; x_wconf 88' lang='lat' dir='ltr'><strong>et</strong></span> <span class='ocrx_word' id='word_1_534' title='bbox 3453 749 3706 807; x_wconf 82' lang='lat' dir='ltr'><strong>Christus</strong></span> <span class='ocrx_word' id='word_1_535' title='bbox 3732 768 3761 807; x_wconf 87' lang='lat' dir='ltr'><strong>a</strong></span> 
     </span>
    </p>
   </div>
   <div class='ocr_carea' id='block_1_66' title="bbox 2156 836 3761 908">
    <p class='ocr_par' dir='ltr' id='par_1_66' title="bbox 2156 836 3761 908">
     <span class='ocr_line' id='line_1_66' title="bbox 2156 836 3761 908; baseline 0.007 -20"><span class='ocrx_word' id='word_1_536' title='bbox 2156 836 2470 890; x_wconf 87' lang='lat' dir='ltr'><strong>centurione</strong></span> <span class='ocrx_word' id='word_1_537' title='bbox 2499 837 2711 908; x_wconf 88' lang='lat' dir='ltr'><strong>quidem</strong></span> <span class='ocrx_word' id='word_1_538' title='bbox 2743 840 2962 894; x_wconf 88' lang='lat' dir='ltr'><strong>multam</strong></span> <span class='ocrx_word' id='word_1_539' title='bbox 2991 851 3045 897; x_wconf 89' lang='lat' dir='ltr'><strong>et</strong></span> <span class='ocrx_word' id='word_1_540' title='bbox 3066 842 3378 898; x_wconf 88' lang='lat' dir='ltr'><strong>immensam</strong></span> <span class='ocrx_word' id='word_1_541' title='bbox 3413 843 3572 899; x_wconf 85' lang='lat' dir='ltr'><strong>tidem</strong></span> <span class='ocrx_word' id='word_1_542' title='bbox 3601 859 3761 901; x_wconf 83' lang='lat' dir='ltr'><strong>acce-</strong></span> 
     </span>
    </p>
   </div>
   <div class='ocr_carea' id='block_1_67' title="bbox 2157 925 3760 1007">
    <p class='ocr_par' dir='ltr' id='par_1_67' title="bbox 2157 925 3760 1007">
     <span class='ocr_line' id='line_1_67' title="bbox 2157 925 3760 1007; baseline 0.008 -27"><span class='ocrx_word' id='word_1_543' title='bbox 2157 925 2269 995; x_wconf 86' lang='lat' dir='ltr'><strong>pit,</strong></span> <span class='ocrx_word' id='word_1_544' title='bbox 2298 926 2503 983; x_wconf 85' lang='lat' dir='ltr'><strong>abhoc</strong></span> <span class='ocrx_word' id='word_1_545' title='bbox 2528 937 2703 984; x_wconf 79' lang='lat' dir='ltr'><strong>autem</strong></span> <span class='ocrx_word' id='word_1_546' title='bbox 2749 932 3011 986; x_wconf 89' lang='lat' dir='ltr'><strong>minorem</strong></span> <span class='ocrx_word' id='word_1_547' title='bbox 3036 973 3052 999; x_wconf 94' lang='lat'><strong>,</strong></span> <span class='ocrx_word' id='word_1_548' title='bbox 3079 932 3147 987; x_wconf 90' lang='lat' dir='ltr'><strong>ab</strong></span> <span class='ocrx_word' id='word_1_549' title='bbox 3175 933 3270 988; x_wconf 89' lang='lat' dir='ltr'><strong>illo</strong></span> <span class='ocrx_word' id='word_1_550' title='bbox 3299 949 3430 990; x_wconf 90' lang='lat' dir='ltr'><strong>vero</strong></span> <span class='ocrx_word' id='word_1_551' title='bbox 3471 936 3760 1007; x_wconf 87' lang='lat' dir='ltr'><strong>nequidem</strong></span> 
     </span>
    </p>
   </div>
   <div class='ocr_carea' id='block_1_68' title="bbox 2158 1017 3763 1098">
    <p class='ocr_par' dir='ltr' id='par_1_68' title="bbox 2158 1017 3763 1098">
     <span class='ocr_line' id='line_1_68' title="bbox 2158 1017 3763 1098; baseline 0.007 -28"><span class='ocrx_word' id='word_1_552' title='bbox 2158 1017 2486 1073; x_wconf 87' lang='lat' dir='ltr'><strong>mediocrem</strong></span> <span class='ocrx_word' id='word_1_553' title='bbox 2508 1062 2524 1086; x_wconf 94' lang='lat'><strong>,</strong></span> <span class='ocrx_word' id='word_1_554' title='bbox 2553 1029 2608 1075; x_wconf 91' lang='lat' dir='ltr'><strong>et</strong></span> <span class='ocrx_word' id='word_1_555' title='bbox 2637 1030 2813 1077; x_wconf 89' lang='lat' dir='ltr'><strong>tamen</strong></span> <span class='ocrx_word' id='word_1_556' title='bbox 2840 1039 3028 1078; x_wconf 71' lang='lat' dir='ltr'><strong>omnes</strong></span> <span class='ocrx_word' id='word_1_557' title='bbox 3059 1026 3287 1080; x_wconf 79' lang='lat' dir='ltr'><strong>sanavit.</strong></span> <span class='ocrx_word' id='word_1_558' title='bbox 3311 1023 3590 1098; x_wconf 86' lang='lat' dir='ltr'><strong>Curigitut</strong></span> <span class='ocrx_word' id='word_1_559' title='bbox 3616 1027 3763 1083; x_wconf 89' lang='lat' dir='ltr'><strong>hunc</strong></span> 
     </span>
    </p>
   </div>
   <div class='ocr_carea' id='block_1_69' title="bbox 2156 1116 3761 1194">
    <p class='ocr_par' dir='ltr' id='par_1_69' title="bbox 2156 1116 3761 1194">
     <span class='ocr_line' id='line_1_69' title="bbox 2156 1116 3761 1194; baseline 0.008 -30"><span class='ocrx_word' id='word_1_560' title='bbox 2156 1127 2372 1183; x_wconf 86' lang='lat' dir='ltr'><strong>quoque</strong></span> <span class='ocrx_word' id='word_1_561' title='bbox 2391 1116 2480 1186; x_wconf 89' lang='lat' dir='ltr'><strong>qui</strong></span> <span class='ocrx_word' id='word_1_562' title='bbox 2521 1116 2654 1172; x_wconf 88' lang='lat' dir='ltr'><strong>nihil</strong></span> <span class='ocrx_word' id='word_1_563' title='bbox 2688 1118 3027 1190; x_wconf 75' lang='lat' dir='ltr'><strong>cpntulerat,</strong></span> <span class='ocrx_word' id='word_1_564' title='bbox 3056 1121 3319 1177; x_wconf 80' lang='lat' dir='ltr'><strong>beneﬂcio</strong></span> <span class='ocrx_word' id='word_1_565' title='bbox 3349 1121 3600 1194; x_wconf 86' lang='lat' dir='ltr'><strong>dignatus</strong></span> <span class='ocrx_word' id='word_1_566' title='bbox 3629 1124 3761 1180; x_wconf 74' lang='lat' dir='ltr'><strong>est?</strong></span> 
     </span>
    </p>
   </div>
   <div class='ocr_carea' id='block_1_70' title="bbox 2155 1205 3762 1285">
    <p class='ocr_par' dir='ltr' id='par_1_70' title="bbox 2155 1205 3762 1285">
     <span class='ocr_line' id='line_1_70' title="bbox 2155 1205 3762 1285; baseline 0.009 -26"><span class='ocrx_word' id='word_1_567' title='bbox 2155 1205 2311 1272; x_wconf 85' lang='lat' dir='ltr'><strong>Quod</strong></span> <span class='ocrx_word' id='word_1_568' title='bbox 2341 1224 2448 1264; x_wconf 91' lang='lat' dir='ltr'><strong>non</strong></span> <span class='ocrx_word' id='word_1_569' title='bbox 2475 1224 2584 1279; x_wconf 70' lang='lat' dir='ltr'><strong>pra:</strong></span> <span class='ocrx_word' id='word_1_570' title='bbox 2609 1211 2772 1266; x_wconf 88' lang='lat' dir='ltr'><strong>nimia</strong></span> <span class='ocrx_word' id='word_1_571' title='bbox 2801 1213 3155 1285; x_wconf 82' lang='lat' dir='ltr'><strong>negligentia,</strong></span> <span class='ocrx_word' id='word_1_572' title='bbox 3197 1229 3298 1269; x_wconf 88' lang='lat' dir='ltr'><strong>nec</strong></span> <span class='ocrx_word' id='word_1_573' title='bbox 3327 1214 3396 1271; x_wconf 91' lang='lat' dir='ltr'><strong>ob</strong></span> <span class='ocrx_word' id='word_1_574' title='bbox 3425 1216 3620 1271; x_wconf 70' lang='lat' dir='ltr'><strong>animae</strong></span> <span class='ocrx_word' id='word_1_575' title='bbox 3639 1225 3762 1273; x_wconf 80' lang='lat' dir='ltr'><strong>stu-</strong></span> 
     </span>
    </p>
   </div>
   <div class='ocr_carea' id='block_1_71' title="bbox 2157 1298 3762 1376">
    <p class='ocr_par' dir='ltr' id='par_1_71' title="bbox 2157 1298 3762 1376">
     <span class='ocr_line' id='line_1_71' title="bbox 2157 1298 3762 1376; baseline 0.007 -25"><span class='ocrx_word' id='word_1_576' title='bbox 2157 1310 2365 1366; x_wconf 86' lang='lat' dir='ltr'><strong>porcm,</strong></span> <span class='ocrx_word' id='word_1_577' title='bbox 2394 1298 2487 1354; x_wconf 86' lang='lat' dir='ltr'><strong>sed</strong></span> <span class='ocrx_word' id='word_1_578' title='bbox 2515 1300 2656 1370; x_wconf 91' lang='lat' dir='ltr'><strong>quod</strong></span> <span class='ocrx_word' id='word_1_579' title='bbox 2678 1299 2953 1356; x_wconf 86' lang='lat' dir='ltr'><strong>Christum</strong></span> <span class='ocrx_word' id='word_1_580' title='bbox 2976 1302 3195 1357; x_wconf 90' lang='lat' dir='ltr'><strong>minime</strong></span> <span class='ocrx_word' id='word_1_581' title='bbox 3215 1313 3420 1371; x_wconf 88' lang='lat' dir='ltr'><strong>nosset,</strong></span> <span class='ocrx_word' id='word_1_582' title='bbox 3447 1305 3762 1376; x_wconf 81' lang='lat' dir='ltr'><strong>nullumque</strong></span> 
     </span>
    </p>
   </div>
   <div class='ocr_carea' id='block_1_72' title="bbox 2157 1393 3758 1462">
    <p class='ocr_par' dir='ltr' id='par_1_72' title="bbox 2157 1393 3758 1462">
     <span class='ocr_line' id='line_1_72' title="bbox 2157 1393 3758 1462; baseline 0.006 -20"><span class='ocrx_word' id='word_1_583' title='bbox 2157 1403 2381 1457; x_wconf 84' lang='lat' dir='ltr'><strong>parvum</strong></span> <span class='ocrx_word' id='word_1_584' title='bbox 2412 1401 2500 1446; x_wconf 91' lang='lat' dir='ltr'><strong>aut</strong></span> <span class='ocrx_word' id='word_1_585' title='bbox 2533 1407 2784 1462; x_wconf 89' lang='lat' dir='ltr'><strong>magnum</strong></span> <span class='ocrx_word' id='word_1_586' title='bbox 2813 1393 2880 1449; x_wconf 92' lang='lat' dir='ltr'><strong>de</strong></span> <span class='ocrx_word' id='word_1_587' title='bbox 2908 1393 2999 1448; x_wconf 78' lang='lat' dir='ltr'><strong>illo</strong></span> <span class='ocrx_word' id='word_1_588' title='bbox 3021 1394 3338 1449; x_wconf 89' lang='lat' dir='ltr'><strong>miraculum</strong></span> <span class='ocrx_word' id='word_1_589' title='bbox 3367 1396 3659 1462; x_wconf 85' lang='lat' dir='ltr'><strong>audiisset,</strong></span> <span class='ocrx_word' id='word_1_590' title='bbox 3691 1401 3758 1451; x_wconf 80' lang='lat' dir='ltr'><strong>ti-</strong></span> 
     </span>
    </p>
   </div>
   <div class='ocr_carea' id='block_1_73' title="bbox 2156 1480 3756 1557">
    <p class='ocr_par' dir='ltr' id='par_1_73' title="bbox 2156 1480 3756 1557">
     <span class='ocr_line' id='line_1_73' title="bbox 2156 1480 3756 1557; baseline 0.004 -22"><span class='ocrx_word' id='word_1_591' title='bbox 2156 1480 2280 1536; x_wconf 91' lang='lat' dir='ltr'><strong>dem</strong></span> <span class='ocrx_word' id='word_1_592' title='bbox 2329 1498 2434 1538; x_wconf 89' lang='lat' dir='ltr'><strong>non</strong></span> <span class='ocrx_word' id='word_1_593' title='bbox 2472 1484 2798 1540; x_wconf 80' lang='lat' dir='ltr'><strong>exhibuerit.</strong></span> <span class='ocrx_word' id='word_1_594' title='bbox 2829 1485 3032 1541; x_wconf 88' lang='lat' dir='ltr'><strong>Idcirco</strong></span> <span class='ocrx_word' id='word_1_595' title='bbox 3060 1501 3188 1557; x_wconf 88' lang='lat' dir='ltr'><strong>ergo</strong></span> <span class='ocrx_word' id='word_1_596' title='bbox 3219 1487 3429 1541; x_wconf 88' lang='lat' dir='ltr'><strong>veniam</strong></span> <span class='ocrx_word' id='word_1_597' title='bbox 3474 1488 3708 1543; x_wconf 89' lang='lat' dir='ltr'><strong>obtinuit</strong></span> <span class='ocrx_word' id='word_1_598' title='bbox 3742 1505 3756 1542; x_wconf 78' lang='grc' dir='ltr'><em>τ</em></span> 
     </span>
    </p>
   </div>
   <div class='ocr_carea' id='block_1_74' title="bbox 2156 1573 3754 1648">
    <p class='ocr_par' dir='ltr' id='par_1_74' title="bbox 2156 1573 3754 1648">
     <span class='ocr_line' id='line_1_74' title="bbox 2156 1573 3754 1648; baseline 0.003 -21"><span class='ocrx_word' id='word_1_599' title='bbox 2156 1573 2296 1643; x_wconf 92' lang='lat' dir='ltr'><strong>quod</strong></span> <span class='ocrx_word' id='word_1_600' title='bbox 2321 1584 2373 1628; x_wconf 89' lang='lat' dir='ltr'><strong>et</strong></span> <span class='ocrx_word' id='word_1_601' title='bbox 2403 1576 2633 1631; x_wconf 86' lang='lat' dir='ltr'><strong>obscure</strong></span> <span class='ocrx_word' id='word_1_602' title='bbox 2657 1577 2900 1632; x_wconf 88' lang='lat' dir='ltr'><strong>iudicans</strong></span> <span class='ocrx_word' id='word_1_603' title='bbox 2920 1578 3244 1648; x_wconf 83' lang='lat' dir='ltr'><strong>evangelista</strong></span> <span class='ocrx_word' id='word_1_604' title='bbox 3276 1577 3410 1632; x_wconf 81' lang='lat' dir='ltr'><strong>dixit</strong></span> <span class='ocrx_word' id='word_1_605' title='bbox 3436 1598 3447 1631; x_wconf 92' lang='lat'><strong>:</strong></span> <span class='ocrx_word' id='word_1_606' title='bbox 3475 1576 3754 1633; x_wconf 80' lang='lat' dir='ltr'><strong>Nesciebat</strong></span> 
     </span>
    </p>
   </div>
   <div class='ocr_carea' id='block_1_75' title="bbox 2155 1667 3761 1742">
    <p class='ocr_par' dir='ltr' id='par_1_75' title="bbox 2155 1667 3761 1742">
     <span class='ocr_line' id='line_1_75' title="bbox 2155 1667 3761 1742; baseline 0.004 -23"><span class='ocrx_word' id='word_1_607' title='bbox 2155 1667 2288 1720; x_wconf 85' lang='lat' dir='ltr'><strong>enim</strong></span> <span class='ocrx_word' id='word_1_608' title='bbox 2314 1669 2426 1736; x_wconf 75' lang='lat' dir='ltr'><strong>quis</strong></span> <span class='ocrx_word' id='word_1_609' title='bbox 2466 1677 2593 1722; x_wconf 78' lang='lat' dir='ltr'><strong>esset</strong></span> <span class='ocrx_word' id='word_1_610' title='bbox 2621 1667 2798 1741; x_wconf 79' lang='lat' dir='ltr'><strong>(Joan.</strong></span> <span class='ocrx_word' id='word_1_611' title='bbox 2824 1670 2876 1722; x_wconf 86' lang='lat'><strong>5.</strong></span> <span class='ocrx_word' id='word_1_612' title='bbox 2909 1667 3010 1742; x_wconf 80' lang='grc'>15)</span> <span class='ocrx_word' id='word_1_613' title='bbox 3035 1712 3050 1736; x_wconf 89' lang='grc'><em>,</em></span> <span class='ocrx_word' id='word_1_614' title='bbox 3083 1684 3267 1725; x_wconf 90' lang='lat' dir='ltr'><strong>verum</strong></span> <span class='ocrx_word' id='word_1_615' title='bbox 3302 1686 3370 1726; x_wconf 80' lang='lat' dir='ltr'><strong>ex</strong></span> <span class='ocrx_word' id='word_1_616' title='bbox 3397 1679 3618 1741; x_wconf 86' lang='lat' dir='ltr'><strong>aspectu</strong></span> <span class='ocrx_word' id='word_1_617' title='bbox 3641 1671 3761 1725; x_wconf 86' lang='lat' dir='ltr'><strong>solo</strong></span> 
     </span>
    </p>
   </div>
   <div class='ocr_carea' id='block_1_76' title="bbox 2157 1760 3466 1834">
    <p class='ocr_par' dir='ltr' id='par_1_76' title="bbox 2157 1760 3466 1834">
     <span class='ocr_line' id='line_1_76' title="bbox 2157 1760 3466 1834; baseline 0.002 -19"><span class='ocrx_word' id='word_1_618' title='bbox 2157 1760 2305 1815; x_wconf 90' lang='lat' dir='ltr'><strong>illum</strong></span> <span class='ocrx_word' id='word_1_619' title='bbox 2339 1764 2574 1833; x_wconf 86' lang='lat' dir='ltr'><strong>agnovit,</strong></span> <span class='ocrx_word' id='word_1_620' title='bbox 2605 1778 2726 1818; x_wconf 91' lang='lat' dir='ltr'><strong>cum</strong></span> <span class='ocrx_word' id='word_1_621' title='bbox 2751 1763 2802 1817; x_wconf 93' lang='lat' dir='ltr'><strong>iu</strong></span> <span class='ocrx_word' id='word_1_622' title='bbox 2829 1763 3004 1834; x_wconf 85' lang='lat' dir='ltr'><strong>ipsum</strong></span> <span class='ocrx_word' id='word_1_623' title='bbox 3036 1764 3229 1828; x_wconf 86' lang='lat' dir='ltr'><strong>iterum</strong></span> <span class='ocrx_word' id='word_1_624' title='bbox 3260 1763 3466 1819; x_wconf 89' lang='lat' dir='ltr'><strong>incidit.</strong></span> 
     </span>
    </p>
   </div>
   <div class='ocr_carea' id='block_1_77' title="bbox 2229 1853 3760 1924">
    <p class='ocr_par' dir='ltr' id='par_1_77' title="bbox 2229 1853 3760 1924">
     <span class='ocr_line' id='line_1_77' title="bbox 2229 1853 3760 1924; baseline 0.003 -18"><span class='ocrx_word' id='word_1_625' title='bbox 2229 1853 2283 1907; x_wconf 87' lang='lat'><strong>5.</strong></span> <span class='ocrx_word' id='word_1_626' title='bbox 2323 1853 2548 1922; x_wconf 74' lang='lat' dir='ltr'><strong>Quidam</strong></span> <span class='ocrx_word' id='word_1_627' title='bbox 2581 1854 2744 1924; x_wconf 85' lang='lat' dir='ltr'><strong>igitur</strong></span> <span class='ocrx_word' id='word_1_628' title='bbox 2767 1855 2951 1910; x_wconf 90' lang='lat' dir='ltr'><strong>dicunt</strong></span> <span class='ocrx_word' id='word_1_629' title='bbox 2977 1855 3117 1910; x_wconf 87' lang='lat' dir='ltr'><strong>hunc</strong></span> <span class='ocrx_word' id='word_1_630' title='bbox 3143 1865 3385 1910; x_wconf 89' lang='lat' dir='ltr'><strong>curatum</strong></span> <span class='ocrx_word' id='word_1_631' title='bbox 3417 1855 3602 1921; x_wconf 80' lang='lat' dir='ltr'><strong>fuisse,</strong></span> <span class='ocrx_word' id='word_1_632' title='bbox 3634 1870 3760 1911; x_wconf 87' lang='lat' dir='ltr'><strong>eum</strong></span> 
     </span>
    </p>
   </div>
   <div class='ocr_carea' id='block_1_78' title="bbox 2160 1944 3759 2014">
    <p class='ocr_par' dir='ltr' id='par_1_78' title="bbox 2160 1944 3759 2014">
     <span class='ocr_line' id='line_1_78' title="bbox 2160 1944 3759 2014; baseline 0.001 -16"><span class='ocrx_word' id='word_1_633' title='bbox 2160 1944 2258 2013; x_wconf 79' lang='lat' dir='ltr'><strong>illi,</strong></span> <span class='ocrx_word' id='word_1_634' title='bbox 2284 1947 2375 2014; x_wconf 86' lang='lat' dir='ltr'><strong>qni</strong></span> <span class='ocrx_word' id='word_1_635' title='bbox 2400 1944 2730 2012; x_wconf 87' lang='lat' dir='ltr'><strong>obtulerant,</strong></span> <span class='ocrx_word' id='word_1_636' title='bbox 2759 1946 3116 2001; x_wconf 86' lang='lat' dir='ltr'><strong>credidissent</strong></span> <span class='ocrx_word' id='word_1_637' title='bbox 3154 1955 3358 2001; x_wconf 90' lang='lat' dir='ltr'><strong>tantum</strong></span> <span class='ocrx_word' id='word_1_638' title='bbox 3390 1964 3403 2000; x_wconf 87' lang='lat'><strong>:</strong></span> <span class='ocrx_word' id='word_1_639' title='bbox 3433 1947 3524 2001; x_wconf 89' lang='lat' dir='ltr'><strong>sed</strong></span> <span class='ocrx_word' id='word_1_640' title='bbox 3550 1962 3656 2000; x_wconf 91' lang='lat' dir='ltr'><strong>non</strong></span> <span class='ocrx_word' id='word_1_641' title='bbox 3687 1947 3759 2001; x_wconf 87' lang='lat' dir='ltr'><strong>ita</strong></span> 
     </span>
    </p>
   </div>
   <div class='ocr_carea' id='block_1_79' title="bbox 2104 2035 3761 2109">
    <p class='ocr_par' dir='ltr' id='par_1_79' title="bbox 2104 2035 3761 2109">
     <span class='ocr_line' id='line_1_79' title="bbox 2104 2035 3761 2109; baseline -0.001 -17"><span class='ocrx_word' id='word_1_642' title='bbox 2104 2094 2116 2108; x_wconf 57' lang='lat'><strong>,</strong></span> <span class='ocrx_word' id='word_1_643' title='bbox 2156 2046 2259 2092; x_wconf 67' lang='lat' dir='ltr'><strong>est.</strong></span> <span class='ocrx_word' id='word_1_644' title='bbox 2298 2035 2485 2091; x_wconf 72' lang='lat' dir='ltr'><strong>Vident</strong></span> <span class='ocrx_word' id='word_1_645' title='bbox 2507 2038 2648 2092; x_wconf 88' lang='lat' dir='ltr'><strong>enim</strong></span> <span class='ocrx_word' id='word_1_646' title='bbox 2677 2038 2830 2107; x_wconf 81' lang='lat' dir='ltr'><strong>ﬁdem</strong></span> <span class='ocrx_word' id='word_1_647' title='bbox 2863 2038 3092 2103; x_wconf 81' lang='lat' dir='ltr'><strong>illorum,</strong></span> <span class='ocrx_word' id='word_1_648' title='bbox 3127 2053 3234 2092; x_wconf 80' lang='lat' dir='ltr'><strong>non</strong></span> <span class='ocrx_word' id='word_1_649' title='bbox 3264 2053 3450 2092; x_wconf 89' lang='lat' dir='ltr'><strong>eorum</strong></span> <span class='ocrx_word' id='word_1_650' title='bbox 3481 2038 3571 2109; x_wconf 82' lang='lat' dir='ltr'><strong>qui</strong></span> <span class='ocrx_word' id='word_1_651' title='bbox 3597 2040 3761 2093; x_wconf 86' lang='lat' dir='ltr'><strong>obtu-</strong></span> 
     </span>
    </p>
   </div>
   <div class='ocr_carea' id='block_1_80' title="bbox 2159 2127 3766 2199">
    <p class='ocr_par' dir='ltr' id='par_1_80' title="bbox 2159 2127 3766 2199">
     <span class='ocr_line' id='line_1_80' title="bbox 2159 2127 3766 2199; baseline 0 -17"><span class='ocrx_word' id='word_1_652' title='bbox 2159 2128 2339 2182; x_wconf 89' lang='lat' dir='ltr'><strong>lerunt</strong></span> <span class='ocrx_word' id='word_1_653' title='bbox 2364 2137 2592 2195; x_wconf 86' lang='lat' dir='ltr'><strong>tantum,</strong></span> <span class='ocrx_word' id='word_1_654' title='bbox 2626 2127 2720 2183; x_wconf 88' lang='lat' dir='ltr'><strong>sed</strong></span> <span class='ocrx_word' id='word_1_655' title='bbox 2745 2137 2798 2182; x_wconf 91' lang='lat' dir='ltr'><strong>et</strong></span> <span class='ocrx_word' id='word_1_656' title='bbox 2823 2128 2988 2199; x_wconf 78' lang='lat' dir='ltr'><strong>ipsius</strong></span> <span class='ocrx_word' id='word_1_657' title='bbox 3009 2129 3098 2199; x_wconf 85' lang='lat' dir='ltr'><strong>qui</strong></span> <span class='ocrx_word' id='word_1_658' title='bbox 3126 2128 3338 2182; x_wconf 89' lang='lat' dir='ltr'><strong>oblatus</strong></span> <span class='ocrx_word' id='word_1_659' title='bbox 3363 2138 3465 2183; x_wconf 88' lang='lat' dir='ltr'><strong>est.</strong></span> <span class='ocrx_word' id='word_1_660' title='bbox 3497 2127 3638 2196; x_wconf 84' lang='lat' dir='ltr'><strong>Quid</strong></span> <span class='ocrx_word' id='word_1_661' title='bbox 3667 2128 3766 2198; x_wconf 81' lang='lat' dir='ltr'><strong>igi-</strong></span> 
     </span>
    </p>
   </div>
   <div class='ocr_carea' id='block_1_81' title="bbox 2155 2218 3757 2290">
    <p class='ocr_par' dir='ltr' id='par_1_81' title="bbox 2155 2218 3757 2290">
     <span class='ocr_line' id='line_1_81' title="bbox 2155 2218 3757 2290; baseline -0.001 -19"><span class='ocrx_word' id='word_1_662' title='bbox 2155 2219 2275 2272; x_wconf 86' lang='lat' dir='ltr'><strong>tur?</strong></span> <span class='ocrx_word' id='word_1_663' title='bbox 2300 2219 2470 2274; x_wconf 90' lang='lat' dir='ltr'><strong>altero</strong></span> <span class='ocrx_word' id='word_1_664' title='bbox 2496 2218 2749 2274; x_wconf 90' lang='lat' dir='ltr'><strong>credente</strong></span> <span class='ocrx_word' id='word_1_665' title='bbox 2773 2220 2909 2273; x_wconf 85' lang='lat' dir='ltr'><strong>alter</strong></span> <span class='ocrx_word' id='word_1_666' title='bbox 2937 2236 3042 2273; x_wconf 87' lang='lat' dir='ltr'><strong>non</strong></span> <span class='ocrx_word' id='word_1_667' title='bbox 3066 2229 3283 2274; x_wconf 90' lang='lat' dir='ltr'><strong>sanatur</strong></span> <span class='ocrx_word' id='word_1_668' title='bbox 3306 2218 3328 2271; x_wconf 80' lang='lat'><strong>?</strong></span> <span class='ocrx_word' id='word_1_669' title='bbox 3357 2219 3501 2274; x_wconf 89' lang='lat' dir='ltr'><strong>dicet</strong></span> <span class='ocrx_word' id='word_1_670' title='bbox 3536 2220 3757 2290; x_wconf 87' lang='lat' dir='ltr'><strong>aliquis.</strong></span> 
     </span>
    </p>
   </div>
   <div class='ocr_carea' id='block_1_82' title="bbox 2158 2308 3762 2382">
    <p class='ocr_par' dir='ltr' id='par_1_82' title="bbox 2158 2308 3762 2382">
     <span class='ocr_line' id='line_1_82' title="bbox 2158 2308 3762 2382; baseline -0.002 -16"><span class='ocrx_word' id='word_1_671' title='bbox 2158 2311 2272 2366; x_wconf 85' lang='lat' dir='ltr'><strong>Non</strong></span> <span class='ocrx_word' id='word_1_672' title='bbox 2302 2311 2551 2382; x_wconf 90' lang='lat' dir='ltr'><strong>equidem</strong></span> <span class='ocrx_word' id='word_1_673' title='bbox 2572 2311 2834 2376; x_wconf 83' lang='lat' dir='ltr'><strong>arbitror,</strong></span> <span class='ocrx_word' id='word_1_674' title='bbox 2868 2311 2966 2365; x_wconf 91' lang='lat' dir='ltr'><strong>nisi</strong></span> <span class='ocrx_word' id='word_1_675' title='bbox 2999 2310 3138 2365; x_wconf 81' lang='lat' dir='ltr'><strong>forte</strong></span> <span class='ocrx_word' id='word_1_676' title='bbox 3161 2311 3205 2365; x_wconf 90' lang='lat' dir='ltr'><strong>si</strong></span> <span class='ocrx_word' id='word_1_677' title='bbox 3229 2310 3315 2365; x_wconf 88' lang='lat' dir='ltr'><strong>vel</strong></span> <span class='ocrx_word' id='word_1_678' title='bbox 3343 2319 3562 2380; x_wconf 89' lang='lat' dir='ltr'><strong>propter</strong></span> <span class='ocrx_word' id='word_1_679' title='bbox 3583 2308 3762 2364; x_wconf 79' lang='lat' dir='ltr'><strong>:etatis</strong></span> 
     </span>
    </p>
   </div>
   <div class='ocr_carea' id='block_1_83' title="bbox 2158 2403 3763 2470">
    <p class='ocr_par' dir='ltr' id='par_1_83' title="bbox 2158 2403 3763 2470">
     <span class='ocr_line' id='line_1_83' title="bbox 2158 2403 3763 2470; baseline 0.001 -13"><span class='ocrx_word' id='word_1_680' title='bbox 2158 2405 2619 2470; x_wconf 75' lang='lat' dir='ltr'><strong>immaturitatem,</strong></span> <span class='ocrx_word' id='word_1_681' title='bbox 2647 2405 2728 2457; x_wconf 89' lang='lat' dir='ltr'><strong>vel</strong></span> <span class='ocrx_word' id='word_1_682' title='bbox 2752 2404 2820 2458; x_wconf 92' lang='lat' dir='ltr'><strong>ob</strong></span> <span class='ocrx_word' id='word_1_683' title='bbox 2838 2404 3054 2457; x_wconf 88' lang='lat' dir='ltr'><strong>nimiam</strong></span> <span class='ocrx_word' id='word_1_684' title='bbox 3082 2403 3444 2457; x_wconf 79' lang='lat' dir='ltr'><strong>inﬁrmitatem</strong></span> <span class='ocrx_word' id='word_1_685' title='bbox 3468 2403 3763 2458; x_wconf 84' lang='lat' dir='ltr'><strong>destitutus</strong></span> 
     </span>
    </p>
   </div>
   <div class='ocr_carea' id='block_1_84' title="bbox 2159 2494 3760 2586">
    <p class='ocr_par' dir='ltr' id='par_1_84' title="bbox 2159 2494 3760 2586">
     <span class='ocr_line' id='line_1_84' title="bbox 2159 2494 3760 2586; baseline 0.001 -40"><span class='ocrx_word' id='word_1_686' title='bbox 2159 2495 2363 2547; x_wconf 84' lang='lat' dir='ltr'><strong>viribus</strong></span> <span class='ocrx_word' id='word_1_687' title='bbox 2404 2495 2628 2549; x_wconf 85' lang='lat' dir='ltr'><strong>credere</strong></span> <span class='ocrx_word' id='word_1_688' title='bbox 2658 2505 2906 2563; x_wconf 85' lang='lat' dir='ltr'><strong>nequeat.</strong></span> <span class='ocrx_word' id='word_1_689' title='bbox 2952 2494 3233 2559; x_wconf 88' lang='lat' dir='ltr'><strong>Quomodo</strong></span> <span class='ocrx_word' id='word_1_690' title='bbox 3261 2495 3421 2586; x_wconf 56' lang='lat' dir='ltr'><strong>igi&quot;</strong></span> <span class='ocrx_word' id='word_1_691' title='bbox 3450 2495 3504 2548; x_wconf 93' lang='lat' dir='ltr'><strong>in</strong></span> <span class='ocrx_word' id='word_1_692' title='bbox 3530 2494 3760 2548; x_wconf 75' lang='lat' dir='ltr'><strong>historia</strong></span> 
     </span>
    </p>
   </div>
   <div class='ocr_carea' id='block_1_85' title="bbox 2157 2584 3762 2654">
    <p class='ocr_par' dir='ltr' id='par_1_85' title="bbox 2157 2584 3762 2654">
     <span class='ocr_line' id='line_1_85' title="bbox 2157 2584 3762 2654; baseline 0.001 -17"><span class='ocrx_word' id='word_1_693' title='bbox 2157 2584 2494 2649; x_wconf 71' lang='lat' dir='ltr'><strong>Chananzcaz,</strong></span> <span class='ocrx_word' id='word_1_694' title='bbox 2527 2585 2732 2654; x_wconf 86' lang='lat' dir='ltr'><strong>inquit,</strong></span> <span class='ocrx_word' id='word_1_695' title='bbox 2762 2584 2988 2638; x_wconf 91' lang='lat' dir='ltr'><strong>credidit</strong></span> <span class='ocrx_word' id='word_1_696' title='bbox 3018 2584 3233 2653; x_wconf 89' lang='lat' dir='ltr'><strong>quidem</strong></span> <span class='ocrx_word' id='word_1_697' title='bbox 3265 2584 3452 2648; x_wconf 85' lang='lat' dir='ltr'><strong>mater,</strong></span> <span class='ocrx_word' id='word_1_698' title='bbox 3488 2585 3596 2639; x_wconf 88' lang='lat' dir='ltr'><strong>lilia</strong></span> <span class='ocrx_word' id='word_1_699' title='bbox 3632 2599 3762 2640; x_wconf 88' lang='lat' dir='ltr'><strong>vero</strong></span> 
     </span>
    </p>
   </div>
   <div class='ocr_carea' id='block_1_86' title="bbox 2157 2673 3765 2744">
    <p class='ocr_par' dir='ltr' id='par_1_86' title="bbox 2157 2673 3765 2744">
     <span class='ocr_line' id='line_1_86' title="bbox 2157 2673 3765 2744; baseline 0.001 -17"><span class='ocrx_word' id='word_1_700' title='bbox 2157 2681 2340 2727; x_wconf 87' lang='lat' dir='ltr'><strong>sanata</strong></span> <span class='ocrx_word' id='word_1_701' title='bbox 2366 2673 2490 2727; x_wconf 77' lang='lat' dir='ltr'><strong>est?</strong></span> <span class='ocrx_word' id='word_1_702' title='bbox 2519 2683 2571 2727; x_wconf 90' lang='lat' dir='ltr'><strong>et</strong></span> <span class='ocrx_word' id='word_1_703' title='bbox 2598 2688 2719 2727; x_wconf 88' lang='lat' dir='ltr'><strong>eum</strong></span> <span class='ocrx_word' id='word_1_704' title='bbox 2747 2673 2992 2728; x_wconf 92' lang='lat' dir='ltr'><strong>centurio</strong></span> <span class='ocrx_word' id='word_1_705' title='bbox 3023 2673 3213 2727; x_wconf 65' lang='lat' dir='ltr'><strong>fuisset</strong></span> <span class='ocrx_word' id='word_1_706' title='bbox 3252 2673 3595 2738; x_wconf 89' lang='lat' dir='ltr'><strong>incredulus,</strong></span> <span class='ocrx_word' id='word_1_707' title='bbox 3626 2689 3765 2744; x_wconf 85' lang='lat' dir='ltr'><strong>quo-</strong></span> 
     </span>
    </p>
   </div>
   <div class='ocr_carea' id='block_1_87' title="bbox 2157 2764 3760 2836">
    <p class='ocr_par' dir='ltr' id='par_1_87' title="bbox 2157 2764 3760 2836">
     <span class='ocr_line' id='line_1_87' title="bbox 2157 2764 3760 2836; baseline 0 -17"><span class='ocrx_word' id='word_1_708' title='bbox 2157 2766 2317 2820; x_wconf 92' lang='lat' dir='ltr'><strong>modo</strong></span> <span class='ocrx_word' id='word_1_709' title='bbox 2347 2781 2477 2836; x_wconf 89' lang='lat' dir='ltr'><strong>puer</strong></span> <span class='ocrx_word' id='word_1_710' title='bbox 2503 2766 2758 2831; x_wconf 79' lang='lat' dir='ltr'><strong>surrexit,</strong></span> <span class='ocrx_word' id='word_1_711' title='bbox 2791 2774 2845 2821; x_wconf 91' lang='lat' dir='ltr'><strong>et</strong></span> <span class='ocrx_word' id='word_1_712' title='bbox 2871 2766 3050 2820; x_wconf 86' lang='lat' dir='ltr'><strong>salvus</strong></span> <span class='ocrx_word' id='word_1_713' title='bbox 3076 2765 3294 2819; x_wconf 81' lang='lat' dir='ltr'><strong>evasit?</strong></span> <span class='ocrx_word' id='word_1_714' title='bbox 3322 2764 3474 2832; x_wconf 90' lang='lat' dir='ltr'><strong>Quod</strong></span> <span class='ocrx_word' id='word_1_715' title='bbox 3504 2765 3760 2820; x_wconf 87' lang='lat' dir='ltr'><strong>nimirum</strong></span> 
     </span>
    </p>
   </div>
   <div class='ocr_carea' id='block_1_88' title="bbox 2155 2853 3764 2924">
    <p class='ocr_par' dir='ltr' id='par_1_88' title="bbox 2155 2853 3764 2924">
     <span class='ocr_line' id='line_1_88' title="bbox 2155 2853 3764 2924; baseline 0 -16"><span class='ocrx_word' id='word_1_716' title='bbox 2155 2854 2376 2908; x_wconf 86' lang='lat' dir='ltr'><strong>credere</strong></span> <span class='ocrx_word' id='word_1_717' title='bbox 2406 2854 2628 2908; x_wconf 89' lang='lat' dir='ltr'><strong>minime</strong></span> <span class='ocrx_word' id='word_1_718' title='bbox 2656 2864 2877 2924; x_wconf 89' lang='lat' dir='ltr'><strong>possent</strong></span> <span class='ocrx_word' id='word_1_719' title='bbox 2900 2854 3109 2924; x_wconf 63' lang='lat' dir='ltr'><strong>aegroti.</strong></span> <span class='ocrx_word' id='word_1_720' title='bbox 3144 2853 3278 2907; x_wconf 82' lang='lat' dir='ltr'><strong>Audi</strong></span> <span class='ocrx_word' id='word_1_721' title='bbox 3309 2869 3439 2908; x_wconf 89' lang='lat' dir='ltr'><strong>sane</strong></span> <span class='ocrx_word' id='word_1_722' title='bbox 3465 2855 3592 2924; x_wconf 89' lang='lat' dir='ltr'><strong>quid</strong></span> <span class='ocrx_word' id='word_1_723' title='bbox 3619 2854 3764 2908; x_wconf 88' lang='lat' dir='ltr'><strong>Cha-</strong></span> 
     </span>
    </p>
   </div>
   <div class='ocr_carea' id='block_1_89' title="bbox 2157 2945 3765 3009">
    <p class='ocr_par' dir='ltr' id='par_1_89' title="bbox 2157 2945 3765 3009">
     <span class='ocr_line' id='line_1_89' title="bbox 2157 2945 3765 3009; baseline -0.001 -10"><span class='ocrx_word' id='word_1_724' title='bbox 2157 2961 2341 3000; x_wconf 73' lang='lat' dir='ltr'><strong>nanaea</strong></span> <span class='ocrx_word' id='word_1_725' title='bbox 2387 2947 2553 3001; x_wconf 91' lang='lat' dir='ltr'><strong>dicit:</strong></span> <span class='ocrx_word' id='word_1_726' title='bbox 2590 2945 2729 3000; x_wconf 83' lang='lat' dir='ltr'><strong>Filia</strong></span> <span class='ocrx_word' id='word_1_727' title='bbox 2769 2963 2879 2999; x_wconf 81' lang='lat' dir='ltr'><strong>mea</strong></span> <span class='ocrx_word' id='word_1_728' title='bbox 2922 2947 3055 2998; x_wconf 83' lang='lat' dir='ltr'><strong>male</strong></span> <span class='ocrx_word' id='word_1_729' title='bbox 3095 2963 3126 2998; x_wconf 92' lang='lat' dir='ltr'><strong>a</strong></span> <span class='ocrx_word' id='word_1_730' title='bbox 3154 2945 3406 3000; x_wconf 71' lang='lat' dir='ltr'><strong>daemonio</strong></span> <span class='ocrx_word' id='word_1_731' title='bbox 3445 2955 3676 3009; x_wconf 73' lang='lat' dir='ltr'><strong>vexatur,</strong></span> <span class='ocrx_word' id='word_1_732' title='bbox 3713 2955 3765 2998; x_wconf 81' lang='lat' dir='ltr'><strong>et</strong></span> 
     </span>
    </p>
   </div>
   <div class='ocr_carea' id='block_1_90' title="bbox 2156 3036 3766 3106">
    <p class='ocr_par' dir='ltr' id='par_1_90' title="bbox 2156 3036 3766 3106">
     <span class='ocr_line' id='line_1_90' title="bbox 2156 3036 3766 3106; baseline 0 -16"><span class='ocrx_word' id='word_1_733' title='bbox 2156 3054 2290 3090; x_wconf 86' lang='lat' dir='ltr'><strong>nunc</strong></span> <span class='ocrx_word' id='word_1_734' title='bbox 2330 3037 2531 3106; x_wconf 82' lang='lat' dir='ltr'><strong>quidem</strong></span> <span class='ocrx_word' id='word_1_735' title='bbox 2583 3038 2718 3090; x_wconf 82' lang='lat' dir='ltr'><strong>cadit</strong></span> <span class='ocrx_word' id='word_1_736' title='bbox 2766 3039 2818 3090; x_wconf 87' lang='lat' dir='ltr'><strong>in</strong></span> <span class='ocrx_word' id='word_1_737' title='bbox 2866 3052 3050 3106; x_wconf 87' lang='lat' dir='ltr'><strong>aquam</strong></span> <span class='ocrx_word' id='word_1_738' title='bbox 3074 3077 3091 3104; x_wconf 90' lang='lat'><strong>,</strong></span> <span class='ocrx_word' id='word_1_739' title='bbox 3126 3052 3262 3090; x_wconf 86' lang='lat' dir='ltr'><strong>nunc</strong></span> <span class='ocrx_word' id='word_1_740' title='bbox 3301 3044 3472 3090; x_wconf 82' lang='lat' dir='ltr'><strong>autem</strong></span> <span class='ocrx_word' id='word_1_741' title='bbox 3507 3037 3561 3089; x_wconf 86' lang='lat' dir='ltr'><strong>in</strong></span> <span class='ocrx_word' id='word_1_742' title='bbox 3593 3036 3766 3106; x_wconf 74' lang='lat' dir='ltr'><strong>ignem</strong></span> 
     </span>
    </p>
   </div>
   <div class='ocr_carea' id='block_1_91' title="bbox 2157 3128 3766 3202">
    <p class='ocr_par' dir='ltr' id='par_1_91' title="bbox 2157 3128 3766 3202">
     <span class='ocr_line' id='line_1_91' title="bbox 2157 3128 3766 3202; baseline 0.001 -21"><span class='ocrx_word' id='word_1_743' title='bbox 2157 3130 2238 3200; x_wconf 87' lang='lat' dir='ltr'><strong>(a)</strong></span> <span class='ocrx_word' id='word_1_744' title='bbox 2268 3129 2480 3202; x_wconf 79' lang='lat' dir='ltr'><strong>(Matth.</strong></span> <span class='ocrx_word' id='word_1_745' title='bbox 2524 3130 2610 3185; x_wconf 80' lang='grc'><strong>15.</strong></span> <span class='ocrx_word' id='word_1_746' title='bbox 2644 3128 2737 3199; x_wconf 72' lang='lat'><strong>22)</strong></span> <span class='ocrx_word' id='word_1_747' title='bbox 2779 3147 2792 3181; x_wconf 92' lang='lat'><strong>:</strong></span> <span class='ocrx_word' id='word_1_748' title='bbox 2827 3129 2922 3193; x_wconf 51' lang='lat' dir='ltr'><strong>illa,</strong></span> <span class='ocrx_word' id='word_1_749' title='bbox 2945 3144 3074 3184; x_wconf 88' lang='lat' dir='ltr'><strong>vero</strong></span> <span class='ocrx_word' id='word_1_750' title='bbox 3104 3129 3364 3198; x_wconf 83' lang='lat' dir='ltr'><strong>vertigine</strong></span> <span class='ocrx_word' id='word_1_751' title='bbox 3393 3129 3670 3196; x_wconf 87' lang='lat' dir='ltr'><strong>laborans,</strong></span> <span class='ocrx_word' id='word_1_752' title='bbox 3707 3138 3766 3183; x_wconf 91' lang='lat' dir='ltr'><strong>et</strong></span> 
     </span>
    </p>
   </div>
   <div class='ocr_carea' id='block_1_92' title="bbox 2156 3219 3766 3290">
    <p class='ocr_par' dir='ltr' id='par_1_92' title="bbox 2156 3219 3766 3290">
     <span class='ocr_line' id='line_1_92' title="bbox 2156 3219 3766 3290; baseline -0.001 -18"><span class='ocrx_word' id='word_1_753' title='bbox 2156 3234 2185 3272; x_wconf 94' lang='lat' dir='ltr'><strong>a</strong></span> <span class='ocrx_word' id='word_1_754' title='bbox 2212 3220 2455 3273; x_wconf 62' lang='lat' dir='ltr'><strong>det-mone</strong></span> <span class='ocrx_word' id='word_1_755' title='bbox 2498 3230 2777 3288; x_wconf 88' lang='lat' dir='ltr'><strong>correpta,</strong></span> <span class='ocrx_word' id='word_1_756' title='bbox 2811 3234 3036 3290; x_wconf 69' lang='lat' dir='ltr'><strong>qumque</strong></span> <span class='ocrx_word' id='word_1_757' title='bbox 3082 3233 3370 3287; x_wconf 89' lang='lat' dir='ltr'><strong>numquam</strong></span> <span class='ocrx_word' id='word_1_758' title='bbox 3410 3219 3609 3272; x_wconf 90' lang='lat' dir='ltr'><strong>mentis</strong></span> <span class='ocrx_word' id='word_1_759' title='bbox 3647 3233 3766 3275; x_wconf 67' lang='lat' dir='ltr'><strong>suae</strong></span> 
     </span>
    </p>
   </div>
   <div class='ocr_carea' id='block_1_93' title="bbox 2157 3319 3766 3381">
    <p class='ocr_par' dir='ltr' id='par_1_93' title="bbox 2157 3319 3766 3381">
     <span class='ocr_line' id='line_1_93' title="bbox 2157 3319 3766 3381; baseline -0.001 -16"><span class='ocrx_word' id='word_1_760' title='bbox 2157 3325 2377 3379; x_wconf 88' lang='lat' dir='ltr'><strong>eompos</strong></span> <span class='ocrx_word' id='word_1_761' title='bbox 2407 3325 2527 3365; x_wconf 89' lang='lat' dir='ltr'><strong>esse</strong></span> <span class='ocrx_word' id='word_1_762' title='bbox 2557 3320 2784 3379; x_wconf 86' lang='lat' dir='ltr'><strong>poterat,</strong></span> <span class='ocrx_word' id='word_1_763' title='bbox 2810 3325 2982 3381; x_wconf 89' lang='lat' dir='ltr'><strong>neque</strong></span> <span class='ocrx_word' id='word_1_764' title='bbox 3009 3323 3135 3364; x_wconf 90' lang='lat' dir='ltr'><strong>sana</strong></span> <span class='ocrx_word' id='word_1_765' title='bbox 3166 3324 3308 3376; x_wconf 85' lang='lat' dir='ltr'><strong>esse,</strong></span> <span class='ocrx_word' id='word_1_766' title='bbox 3333 3323 3438 3378; x_wconf 92' lang='lat' dir='ltr'><strong>quo</strong></span> <span class='ocrx_word' id='word_1_767' title='bbox 3461 3319 3621 3380; x_wconf 86' lang='lat' dir='ltr'><strong>pacto</strong></span> <span class='ocrx_word' id='word_1_768' title='bbox 3640 3324 3766 3365; x_wconf 87' lang='lat' dir='ltr'><strong>cre-</strong></span> 
     </span>
    </p>
   </div>
   <div class='ocr_carea' id='block_1_94' title="bbox 2155 3401 2610 3472">
    <p class='ocr_par' dir='ltr' id='par_1_94' title="bbox 2155 3401 2610 3472">
     <span class='ocr_line' id='line_1_94' title="bbox 2155 3401 2610 3472; baseline -0.004 -16"><span class='ocrx_word' id='word_1_769' title='bbox 2155 3401 2284 3457; x_wconf 80' lang='lat' dir='ltr'><strong>dere</strong></span> <span class='ocrx_word' id='word_1_770' title='bbox 2312 3401 2610 3472; x_wconf 79' lang='lat' dir='ltr'><strong>potuisset?</strong></span> 
     </span>
    </p>
   </div>
   <div class='ocr_carea' id='block_1_95' title="bbox 2234 3491 3770 3563">
    <p class='ocr_par' dir='ltr' id='par_1_95' title="bbox 2234 3491 3770 3563">
     <span class='ocr_line' id='line_1_95' title="bbox 2234 3491 3770 3563; baseline -0.002 -16"><span class='ocrx_word' id='word_1_771' title='bbox 2234 3492 2415 3547; x_wconf 83' lang='lat' dir='ltr'><strong>Fidem</strong></span> <span class='ocrx_word' id='word_1_772' title='bbox 2441 3494 2657 3547; x_wconf 79' lang='lat' dir='ltr'><strong>ostendit</strong></span> <span class='ocrx_word' id='word_1_773' title='bbox 2691 3491 2994 3563; x_wconf 86' lang='lat' dir='ltr'><strong>Paraiytici.</strong></span> <span class='ocrx_word' id='word_1_774' title='bbox 3025 3522 3096 3533; x_wconf 89' lang='lat'><strong>-—</strong></span> <span class='ocrx_word' id='word_1_775' title='bbox 3121 3491 3187 3548; x_wconf 89' lang='lat' dir='ltr'><strong>Ut</strong></span> <span class='ocrx_word' id='word_1_776' title='bbox 3213 3493 3371 3563; x_wconf 83' lang='lat' dir='ltr'><strong>igitur</strong></span> <span class='ocrx_word' id='word_1_777' title='bbox 3391 3492 3528 3562; x_wconf 87' lang='lat' dir='ltr'><strong>apud</strong></span> <span class='ocrx_word' id='word_1_778' title='bbox 3550 3492 3770 3548; x_wconf 84' lang='lat' dir='ltr'><strong>Chana-</strong></span> 
     </span>
    </p>
   </div>
   <div class='ocr_carea' id='block_1_96' title="bbox 2156 3583 3767 3654">
    <p class='ocr_par' dir='ltr' id='par_1_96' title="bbox 2156 3583 3767 3654">
     <span class='ocr_line' id='line_1_96' title="bbox 2156 3583 3767 3654; baseline 0.002 -16"><span class='ocrx_word' id='word_1_779' title='bbox 2156 3599 2326 3638; x_wconf 74' lang='lat' dir='ltr'><strong>nccam</strong></span> <span class='ocrx_word' id='word_1_780' title='bbox 2354 3627 2366 3651; x_wconf 93' lang='lat'><strong>,</strong></span> <span class='ocrx_word' id='word_1_781' title='bbox 2411 3585 2490 3640; x_wconf 92' lang='lat' dir='ltr'><strong>sic</strong></span> <span class='ocrx_word' id='word_1_782' title='bbox 2521 3594 2574 3640; x_wconf 90' lang='lat' dir='ltr'><strong>et</strong></span> <span class='ocrx_word' id='word_1_783' title='bbox 2607 3583 2747 3654; x_wconf 88' lang='lat' dir='ltr'><strong>apud</strong></span> <span class='ocrx_word' id='word_1_784' title='bbox 2793 3585 3200 3651; x_wconf 85' lang='lat' dir='ltr'><strong>centurionem;</strong></span> <span class='ocrx_word' id='word_1_785' title='bbox 3237 3586 3287 3638; x_wconf 92' lang='lat' dir='ltr'><strong>in</strong></span> <span class='ocrx_word' id='word_1_786' title='bbox 3317 3584 3520 3639; x_wconf 83' lang='lat' dir='ltr'><strong>:edibus</strong></span> <span class='ocrx_word' id='word_1_787' title='bbox 3545 3584 3767 3652; x_wconf 76' lang='lat' dir='ltr'><strong>iacebat</strong></span> 
     </span>
    </p>
   </div>
   <div class='ocr_carea' id='block_1_97' title="bbox 2158 3676 3768 3748">
    <p class='ocr_par' dir='ltr' id='par_1_97' title="bbox 2158 3676 3768 3748">
     <span class='ocr_line' id='line_1_97' title="bbox 2158 3676 3768 3748; baseline -0.001 -16"><span class='ocrx_word' id='word_1_788' title='bbox 2158 3692 2310 3748; x_wconf 89' lang='lat' dir='ltr'><strong>puer,</strong></span> <span class='ocrx_word' id='word_1_789' title='bbox 2343 3678 2433 3747; x_wconf 89' lang='lat' dir='ltr'><strong>qui</strong></span> <span class='ocrx_word' id='word_1_790' title='bbox 2464 3692 2563 3730; x_wconf 89' lang='lat' dir='ltr'><strong>nec</strong></span> <span class='ocrx_word' id='word_1_791' title='bbox 2587 3677 2698 3746; x_wconf 90' lang='lat' dir='ltr'><strong>ipse</strong></span> <span class='ocrx_word' id='word_1_792' title='bbox 2719 3687 2942 3730; x_wconf 87' lang='lat' dir='ltr'><strong>noverat</strong></span> <span class='ocrx_word' id='word_1_793' title='bbox 2970 3676 3264 3739; x_wconf 89' lang='lat' dir='ltr'><strong>Christum,</strong></span> <span class='ocrx_word' id='word_1_794' title='bbox 3295 3691 3468 3746; x_wconf 86' lang='lat' dir='ltr'><strong>neque</strong></span> <span class='ocrx_word' id='word_1_795' title='bbox 3493 3677 3616 3746; x_wconf 86' lang='lat' dir='ltr'><strong>quis</strong></span> <span class='ocrx_word' id='word_1_796' title='bbox 3638 3685 3768 3731; x_wconf 88' lang='lat' dir='ltr'><strong>tan-</strong></span> 
     </span>
    </p>
   </div>
   <div class='ocr_carea' id='block_1_98' title="bbox 2161 3769 3766 3838">
    <p class='ocr_par' dir='ltr' id='par_1_98' title="bbox 2161 3769 3766 3838">
     <span class='ocr_line' id='line_1_98' title="bbox 2161 3769 3766 3838; baseline 0.001 -17"><span class='ocrx_word' id='word_1_797' title='bbox 2161 3770 2282 3824; x_wconf 88' lang='lat' dir='ltr'><strong>dem</strong></span> <span class='ocrx_word' id='word_1_798' title='bbox 2311 3779 2488 3834; x_wconf 87' lang='lat' dir='ltr'><strong>esset,</strong></span> <span class='ocrx_word' id='word_1_799' title='bbox 2535 3770 2621 3838; x_wconf 90' lang='lat' dir='ltr'><strong>qui</strong></span> <span class='ocrx_word' id='word_1_800' title='bbox 2648 3769 2907 3838; x_wconf 89' lang='lat' dir='ltr'><strong>potuisset</strong></span> <span class='ocrx_word' id='word_1_801' title='bbox 2947 3769 3107 3837; x_wconf 87' lang='lat' dir='ltr'><strong>igitur</strong></span> <span class='ocrx_word' id='word_1_802' title='bbox 3135 3770 3182 3823; x_wconf 90' lang='lat' dir='ltr'><strong>ei</strong></span> <span class='ocrx_word' id='word_1_803' title='bbox 3207 3784 3365 3838; x_wconf 89' lang='lat' dir='ltr'><strong>quem</strong></span> <span class='ocrx_word' id='word_1_804' title='bbox 3405 3783 3510 3821; x_wconf 89' lang='lat' dir='ltr'><strong>non</strong></span> <span class='ocrx_word' id='word_1_805' title='bbox 3538 3779 3766 3822; x_wconf 85' lang='lat' dir='ltr'><strong>noverat</strong></span> 
     </span>
    </p>
   </div>
   <div class='ocr_carea' id='block_1_99' title="bbox 2157 3858 3762 3927">
    <p class='ocr_par' dir='ltr' id='par_1_99' title="bbox 2157 3858 3762 3927">
     <span class='ocr_line' id='line_1_99' title="bbox 2157 3858 3762 3927; baseline 0 -15"><span class='ocrx_word' id='word_1_806' title='bbox 2157 3859 2411 3925; x_wconf 85' lang='lat' dir='ltr'><strong>credere,</strong></span> <span class='ocrx_word' id='word_1_807' title='bbox 2440 3869 2492 3912; x_wconf 90' lang='lat' dir='ltr'><strong>et</strong></span> <span class='ocrx_word' id='word_1_808' title='bbox 2518 3861 2670 3927; x_wconf 85' lang='lat' dir='ltr'><strong>cujus</strong></span> <span class='ocrx_word' id='word_1_809' title='bbox 2703 3859 2996 3926; x_wconf 85' lang='lat' dir='ltr'><strong>periculum</strong></span> <span class='ocrx_word' id='word_1_810' title='bbox 3039 3859 3239 3912; x_wconf 90' lang='lat' dir='ltr'><strong>nullum</strong></span> <span class='ocrx_word' id='word_1_811' title='bbox 3265 3858 3496 3912; x_wconf 79' lang='lat' dir='ltr'><strong>fecerat?</strong></span> <span class='ocrx_word' id='word_1_812' title='bbox 3525 3860 3762 3913; x_wconf 83' lang='lat' dir='ltr'><strong>Atenim</strong></span> 
     </span>
    </p>
   </div>
   <div class='ocr_carea' id='block_1_100' title="bbox 2159 3948 3767 4018">
    <p class='ocr_par' dir='ltr' id='par_1_100' title="bbox 2159 3948 3767 4018">
     <span class='ocr_line' id='line_1_100' title="bbox 2159 3948 3767 4018; baseline -0.001 -14"><span class='ocrx_word' id='word_1_813' title='bbox 2159 3950 2226 4004; x_wconf 88' lang='lat' dir='ltr'><strong>de</strong></span> <span class='ocrx_word' id='word_1_814' title='bbox 2259 3950 2360 4003; x_wconf 89' lang='lat' dir='ltr'><strong>hoc</strong></span> <span class='ocrx_word' id='word_1_815' title='bbox 2385 3949 2565 4003; x_wconf 89' lang='lat' dir='ltr'><strong>dicere</strong></span> <span class='ocrx_word' id='word_1_816' title='bbox 2596 3948 2734 4001; x_wconf 91' lang='lat' dir='ltr'><strong>istud</strong></span> <span class='ocrx_word' id='word_1_817' title='bbox 2779 3963 2884 4003; x_wconf 91' lang='lat' dir='ltr'><strong>non</strong></span> <span class='ocrx_word' id='word_1_818' title='bbox 2919 3950 3038 4003; x_wconf 89' lang='lat' dir='ltr'><strong>licet</strong></span> <span class='ocrx_word' id='word_1_819' title='bbox 3077 3967 3087 4001; x_wconf 93' lang='lat'>:</span> <span class='ocrx_word' id='word_1_820' title='bbox 3120 3949 3380 4017; x_wconf 88' lang='lat' dir='ltr'><strong>siquidem</strong></span> <span class='ocrx_word' id='word_1_821' title='bbox 3407 3950 3633 4004; x_wconf 88' lang='lat' dir='ltr'><strong>credidit</strong></span> <span class='ocrx_word' id='word_1_822' title='bbox 3664 3966 3767 4018; x_wconf 65' lang='lat' dir='ltr'><strong>pa-</strong></span> 
     </span>
    </p>
   </div>
   <div class='ocr_carea' id='block_1_101' title="bbox 2157 4039 3766 4111">
    <p class='ocr_par' dir='ltr' id='par_1_101' title="bbox 2157 4039 3766 4111">
     <span class='ocr_line' id='line_1_101' title="bbox 2157 4039 3766 4111; baseline 0.001 -18"><span class='ocrx_word' id='word_1_823' title='bbox 2157 4041 2430 4111; x_wconf 80' lang='lat' dir='ltr'><strong>ralytieus.</strong></span> <span class='ocrx_word' id='word_1_824' title='bbox 2465 4039 2617 4095; x_wconf 86' lang='lat' dir='ltr'><strong>Unde</strong></span> <span class='ocrx_word' id='word_1_825' title='bbox 2648 4040 2698 4093; x_wconf 90' lang='lat' dir='ltr'><strong>id</strong></span> <span class='ocrx_word' id='word_1_826' title='bbox 2726 4041 2972 4094; x_wconf 87' lang='lat' dir='ltr'><strong>constat?</strong></span> <span class='ocrx_word' id='word_1_827' title='bbox 3004 4040 3080 4094; x_wconf 81' lang='lat' dir='ltr'><strong>Ex</strong></span> <span class='ocrx_word' id='word_1_828' title='bbox 3125 4041 3239 4106; x_wconf 87' lang='lat' dir='ltr'><strong>ipso</strong></span> <span class='ocrx_word' id='word_1_829' title='bbox 3287 4040 3479 4104; x_wconf 91' lang='lat' dir='ltr'><strong>modo,</strong></span> <span class='ocrx_word' id='word_1_830' title='bbox 3514 4056 3620 4107; x_wconf 88' lang='lat' dir='ltr'><strong>quo</strong></span> <span class='ocrx_word' id='word_1_831' title='bbox 3667 4041 3766 4094; x_wconf 84' lang='lat' dir='ltr'><strong>ad-</strong></span> 
     </span>
    </p>
   </div>
   <div class='ocr_carea' id='block_1_102' title="bbox 2160 4132 3763 4204">
    <p class='ocr_par' dir='ltr' id='par_1_102' title="bbox 2160 4132 3763 4204">
     <span class='ocr_line' id='line_1_102' title="bbox 2160 4132 3763 4204; baseline 0 -16"><span class='ocrx_word' id='word_1_832' title='bbox 2160 4134 2356 4188; x_wconf 88' lang='lat' dir='ltr'><strong>ductus</strong></span> <span class='ocrx_word' id='word_1_833' title='bbox 2385 4145 2491 4190; x_wconf 88' lang='lat' dir='ltr'><strong>est.</strong></span> <span class='ocrx_word' id='word_1_834' title='bbox 2518 4133 2701 4202; x_wconf 88' lang='lat' dir='ltr'><strong>Neque</strong></span> <span class='ocrx_word' id='word_1_835' title='bbox 2728 4135 2870 4187; x_wconf 88' lang='lat' dir='ltr'><strong>enim</strong></span> <span class='ocrx_word' id='word_1_836' title='bbox 2902 4133 3028 4187; x_wconf 79' lang='lat' dir='ltr'><strong>illud</strong></span> <span class='ocrx_word' id='word_1_837' title='bbox 3051 4135 3340 4187; x_wconf 85' lang='lat' dir='ltr'><strong>oscitanter</strong></span> <span class='ocrx_word' id='word_1_838' title='bbox 3364 4132 3549 4186; x_wconf 86' lang='lat' dir='ltr'><strong>audias</strong></span> <span class='ocrx_word' id='word_1_839' title='bbox 3570 4176 3582 4196; x_wconf 89' lang='lat'><strong>,</strong></span> <span class='ocrx_word' id='word_1_840' title='bbox 3616 4133 3763 4204; x_wconf 87' lang='lat' dir='ltr'><strong>quod</strong></span> 
     </span>
    </p>
   </div>
   <div class='ocr_carea' id='block_1_103' title="bbox 2159 4223 3764 4293">
    <p class='ocr_par' dir='ltr' id='par_1_103' title="bbox 2159 4223 3764 4293">
     <span class='ocr_line' id='line_1_103' title="bbox 2159 4223 3764 4293; baseline 0.002 -15"><span class='ocrx_word' id='word_1_841' title='bbox 2159 4226 2491 4280; x_wconf 87' lang='lat' dir='ltr'><strong>demiserunt</strong></span> <span class='ocrx_word' id='word_1_842' title='bbox 2522 4237 2642 4278; x_wconf 85' lang='lat' dir='ltr'><strong>eum</strong></span> <span class='ocrx_word' id='word_1_843' title='bbox 2682 4240 2775 4293; x_wconf 88' lang='lat' dir='ltr'><strong>per</strong></span> <span class='ocrx_word' id='word_1_844' title='bbox 2801 4234 2998 4278; x_wconf 90' lang='lat' dir='ltr'><strong>tectum</strong></span> <span class='ocrx_word' id='word_1_845' title='bbox 3028 4241 3038 4276; x_wconf 91' lang='lat'>:</span> <span class='ocrx_word' id='word_1_846' title='bbox 3065 4223 3158 4277; x_wconf 89' lang='lat' dir='ltr'><strong>sed</strong></span> <span class='ocrx_word' id='word_1_847' title='bbox 3186 4239 3304 4277; x_wconf 91' lang='lat' dir='ltr'><strong>cum</strong></span> <span class='ocrx_word' id='word_1_848' title='bbox 3347 4225 3526 4277; x_wconf 90' lang='lat' dir='ltr'><strong>animo</strong></span> <span class='ocrx_word' id='word_1_849' title='bbox 3550 4234 3642 4280; x_wconf 87' lang='lat' dir='ltr'><strong>tuo</strong></span> <span class='ocrx_word' id='word_1_850' title='bbox 3672 4241 3764 4281; x_wconf 88' lang='lat' dir='ltr'><strong>rc-</strong></span> 
     </span>
    </p>
   </div>
   <div class='ocr_carea' id='block_1_104' title="bbox 2163 4314 3760 4385">
    <p class='ocr_par' dir='ltr' id='par_1_104' title="bbox 2163 4314 3760 4385">
     <span class='ocr_line' id='line_1_104' title="bbox 2163 4314 3760 4385; baseline 0.003 -18"><span class='ocrx_word' id='word_1_851' title='bbox 2163 4326 2284 4383; x_wconf 88' lang='lat' dir='ltr'><strong>puta</strong></span> <span class='ocrx_word' id='word_1_852' title='bbox 2311 4358 2324 4380; x_wconf 90' lang='lat'><strong>,</strong></span> <span class='ocrx_word' id='word_1_853' title='bbox 2372 4327 2628 4385; x_wconf 91' lang='lat' dir='ltr'><strong>quantum</strong></span> <span class='ocrx_word' id='word_1_854' title='bbox 2661 4316 2730 4368; x_wconf 88' lang='lat' dir='ltr'><strong>sit</strong></span> <span class='ocrx_word' id='word_1_855' title='bbox 2760 4323 3016 4383; x_wconf 79' lang='lat' dir='ltr'><strong>:cgrotum</strong></span> <span class='ocrx_word' id='word_1_856' title='bbox 3048 4314 3096 4367; x_wconf 90' lang='lat' dir='ltr'><strong>id</strong></span> <span class='ocrx_word' id='word_1_857' title='bbox 3135 4314 3240 4382; x_wconf 89' lang='lat' dir='ltr'><strong>pati</strong></span> <span class='ocrx_word' id='word_1_858' title='bbox 3277 4323 3587 4368; x_wconf 90' lang='lat' dir='ltr'><strong>contentum</strong></span> <span class='ocrx_word' id='word_1_859' title='bbox 3617 4332 3760 4372; x_wconf 89' lang='lat' dir='ltr'><strong>esse.</strong></span> 
     </span>
    </p>
   </div>
   <div class='ocr_carea' id='block_1_105' title="bbox 2165 4406 3765 4476">
    <p class='ocr_par' dir='ltr' id='par_1_105' title="bbox 2165 4406 3765 4476">
     <span class='ocr_line' id='line_1_105' title="bbox 2165 4406 3765 4476; baseline 0.001 -16"><span class='ocrx_word' id='word_1_860' title='bbox 2165 4406 2338 4460; x_wconf 84' lang='lat' dir='ltr'><strong>Probe</strong></span> <span class='ocrx_word' id='word_1_861' title='bbox 2369 4407 2628 4476; x_wconf 87' lang='lat' dir='ltr'><strong>siquidem</strong></span> <span class='ocrx_word' id='word_1_862' title='bbox 2661 4408 2832 4459; x_wconf 86' lang='lat' dir='ltr'><strong>nostis</strong></span> <span class='ocrx_word' id='word_1_863' title='bbox 2865 4406 2998 4459; x_wconf 90' lang='lat' dir='ltr'><strong>adeo</strong></span> <span class='ocrx_word' id='word_1_864' title='bbox 3026 4406 3395 4474; x_wconf 87' lang='lat' dir='ltr'><strong>pusillanimes</strong></span> <span class='ocrx_word' id='word_1_865' title='bbox 3423 4421 3487 4460; x_wconf 80' lang='lat' dir='ltr'><strong>ac</strong></span> <span class='ocrx_word' id='word_1_866' title='bbox 3515 4422 3765 4462; x_wconf 88' lang='lat' dir='ltr'><strong>morosos</strong></span> 
     </span>
    </p>
   </div>
   <div class='ocr_carea' id='block_1_106' title="bbox 2165 4498 3766 4569">
    <p class='ocr_par' dir='ltr' id='par_1_106' title="bbox 2165 4498 3766 4569">
     <span class='ocr_line' id='line_1_106' title="bbox 2165 4498 3766 4569; baseline 0.001 -17"><span class='ocrx_word' id='word_1_867' title='bbox 2165 4515 2336 4569; x_wconf 68' lang='lat' dir='ltr'><strong>(egros</strong></span> <span class='ocrx_word' id='word_1_868' title='bbox 2363 4514 2504 4563; x_wconf 86' lang='lat' dir='ltr'><strong>esse,</strong></span> <span class='ocrx_word' id='word_1_869' title='bbox 2534 4509 2592 4552; x_wconf 90' lang='lat' dir='ltr'><strong>ut</strong></span> <span class='ocrx_word' id='word_1_870' title='bbox 2624 4499 2916 4552; x_wconf 76' lang='lat' dir='ltr'><strong>ministeria</strong></span> <span class='ocrx_word' id='word_1_871' title='bbox 2953 4515 3071 4566; x_wconf 67' lang='lat' dir='ltr'><strong>quae</strong></span> <span class='ocrx_word' id='word_1_872' title='bbox 3093 4499 3393 4567; x_wconf 85' lang='lat' dir='ltr'><strong>jacentibus</strong></span> <span class='ocrx_word' id='word_1_873' title='bbox 3423 4500 3474 4552; x_wconf 89' lang='lat' dir='ltr'><strong>in</strong></span> <span class='ocrx_word' id='word_1_874' title='bbox 3497 4498 3639 4553; x_wconf 87' lang='lat' dir='ltr'><strong>lecto</strong></span> <span class='ocrx_word' id='word_1_875' title='bbox 3668 4499 3766 4554; x_wconf 82' lang='lat' dir='ltr'><strong>dc-</strong></span> 
     </span>
    </p>
   </div>
   <div class='ocr_carea' id='block_1_107' title="bbox 2161 4589 3766 4660">
    <p class='ocr_par' dir='ltr' id='par_1_107' title="bbox 2161 4589 3766 4660">
     <span class='ocr_line' id='line_1_107' title="bbox 2161 4589 3766 4660; baseline -0.001 -14"><span class='ocrx_word' id='word_1_876' title='bbox 2161 4590 2435 4653; x_wconf 77' lang='lat' dir='ltr'><strong>ferunlttr,</strong></span> <span class='ocrx_word' id='word_1_877' title='bbox 2471 4605 2841 4660; x_wconf 68' lang='lat' dir='ltr'><strong>saepenumero</strong></span> <span class='ocrx_word' id='word_1_878' title='bbox 2867 4589 3216 4642; x_wconf 85' lang='lat' dir='ltr'><strong>adversentur</strong></span> <span class='ocrx_word' id='word_1_879' title='bbox 3236 4630 3248 4650; x_wconf 91' lang='lat'><strong>,</strong></span> <span class='ocrx_word' id='word_1_880' title='bbox 3291 4589 3581 4659; x_wconf 88' lang='lat' dir='ltr'><strong>malintque</strong></span> <span class='ocrx_word' id='word_1_881' title='bbox 3612 4605 3766 4644; x_wconf 85' lang='lat' dir='ltr'><strong>mor-</strong></span> 
     </span>
    </p>
   </div>
   <div class='ocr_carea' id='block_1_108' title="bbox 2165 4681 3765 4752">
    <p class='ocr_par' dir='ltr' id='par_1_108' title="bbox 2165 4681 3765 4752">
     <span class='ocr_line' id='line_1_108' title="bbox 2165 4681 3765 4752; baseline -0.003 -13"><span class='ocrx_word' id='word_1_882' title='bbox 2165 4687 2354 4739; x_wconf 90' lang='lat' dir='ltr'><strong>borum</strong></span> <span class='ocrx_word' id='word_1_883' title='bbox 2382 4684 2599 4736; x_wconf 79' lang='lat' dir='ltr'><strong>dolores</strong></span> <span class='ocrx_word' id='word_1_884' title='bbox 2642 4681 2879 4750; x_wconf 74' lang='lat' dir='ltr'><strong>perferre</strong></span> <span class='ocrx_word' id='word_1_885' title='bbox 2905 4723 2917 4742; x_wconf 86' lang='grc'>,</span> <span class='ocrx_word' id='word_1_886' title='bbox 2960 4696 3116 4752; x_wconf 89' lang='lat' dir='ltr'><strong>quam</strong></span> <span class='ocrx_word' id='word_1_887' title='bbox 3151 4682 3421 4735; x_wconf 86' lang='lat' dir='ltr'><strong>molestias</strong></span> <span class='ocrx_word' id='word_1_888' title='bbox 3447 4697 3631 4735; x_wconf 87' lang='lat' dir='ltr'><strong>eorum</strong></span> <span class='ocrx_word' id='word_1_889' title='bbox 3671 4685 3765 4750; x_wconf 88' lang='lat' dir='ltr'><strong>qui</strong></span> 
     </span>
    </p>
   </div>
   <div class='ocr_carea' id='block_1_109' title="bbox 2161 4771 3766 4843">
    <p class='ocr_par' dir='ltr' id='par_1_109' title="bbox 2161 4771 3766 4843">
     <span class='ocr_line' id='line_1_109' title="bbox 2161 4771 3766 4843; baseline -0.002 -14"><span class='ocrx_word' id='word_1_890' title='bbox 2161 4776 2415 4843; x_wconf 83' lang='lat' dir='ltr'><strong>adjuvant</strong></span> <span class='ocrx_word' id='word_1_891' title='bbox 2466 4775 2751 4827; x_wconf 83' lang='lat' dir='ltr'><strong>sustinere.</strong></span> <span class='ocrx_word' id='word_1_892' title='bbox 2810 4773 2912 4828; x_wconf 65' lang='lat' dir='ltr'><strong>Iste</strong></span> <span class='ocrx_word' id='word_1_893' title='bbox 2957 4788 3082 4825; x_wconf 86' lang='lat' dir='ltr'><strong>vero</strong></span> <span class='ocrx_word' id='word_1_894' title='bbox 3131 4782 3183 4825; x_wconf 88' lang='lat' dir='ltr'><strong>et</strong></span> <span class='ocrx_word' id='word_1_895' title='bbox 3225 4789 3289 4826; x_wconf 76' lang='lat' dir='ltr'><strong>ex</strong></span> <span class='ocrx_word' id='word_1_896' title='bbox 3340 4771 3542 4826; x_wconf 73' lang='lat' dir='ltr'><strong>(edibus</strong></span> <span class='ocrx_word' id='word_1_897' title='bbox 3579 4773 3766 4842; x_wconf 72' lang='lat' dir='ltr'><strong>egredi</strong></span> 
     </span>
    </p>
   </div>
   <div class='ocr_carea' id='block_1_110' title="bbox 2161 4862 3761 4931">
    <p class='ocr_par' dir='ltr' id='par_1_110' title="bbox 2161 4862 3761 4931">
     <span class='ocr_line' id='line_1_110' title="bbox 2161 4862 3761 4931; baseline -0.003 -13"><span class='ocrx_word' id='word_1_898' title='bbox 2161 4875 2444 4919; x_wconf 89' lang='lat' dir='ltr'><strong>contentus</strong></span> <span class='ocrx_word' id='word_1_899' title='bbox 2475 4872 2610 4928; x_wconf 85' lang='lat' dir='ltr'><strong>erat,</strong></span> <span class='ocrx_word' id='word_1_900' title='bbox 2637 4872 2690 4915; x_wconf 89' lang='lat' dir='ltr'><strong>et</strong></span> <span class='ocrx_word' id='word_1_901' title='bbox 2716 4879 2809 4930; x_wconf 88' lang='lat' dir='ltr'><strong>per</strong></span> <span class='ocrx_word' id='word_1_902' title='bbox 2836 4862 3008 4916; x_wconf 80' lang='lat' dir='ltr'><strong>forum</strong></span> <span class='ocrx_word' id='word_1_903' title='bbox 3044 4862 3267 4931; x_wconf 86' lang='lat' dir='ltr'><strong>ingredi,</strong></span> <span class='ocrx_word' id='word_1_904' title='bbox 3295 4877 3413 4913; x_wconf 86' lang='lat' dir='ltr'><strong>cum</strong></span> <span class='ocrx_word' id='word_1_905' title='bbox 3437 4872 3761 4930; x_wconf 68' lang='lat' dir='ltr'><strong>gestrtretur,</strong></span> 
     </span>
    </p>
   </div>
   <div class='ocr_carea' id='block_1_111' title="bbox 2168 4952 3766 5026">
    <p class='ocr_par' dir='ltr' id='par_1_111' title="bbox 2168 4952 3766 5026">
     <span class='ocr_line' id='line_1_111' title="bbox 2168 4952 3766 5026; baseline -0.001 -17"><span class='ocrx_word' id='word_1_906' title='bbox 2168 4971 2331 5026; x_wconf 89' lang='lat' dir='ltr'><strong>seque</strong></span> <span class='ocrx_word' id='word_1_907' title='bbox 2357 4965 2433 5009; x_wconf 90' lang='lat' dir='ltr'><strong>tot</strong></span> <span class='ocrx_word' id='word_1_908' title='bbox 2466 4954 2820 5023; x_wconf 78' lang='lat' dir='ltr'><strong>przesentibns</strong></span> <span class='ocrx_word' id='word_1_909' title='bbox 2849 4952 3158 5006; x_wconf 79' lang='lat' dir='ltr'><strong>hominibus</strong></span> <span class='ocrx_word' id='word_1_910' title='bbox 3188 4953 3491 5007; x_wconf 80' lang='lat' dir='ltr'><strong>ostendere.</strong></span> <span class='ocrx_word' id='word_1_911' title='bbox 3528 4955 3620 5007; x_wconf 78' lang='lat' dir='ltr'><strong>Est</strong></span> <span class='ocrx_word' id='word_1_912' title='bbox 3664 4955 3766 5007; x_wconf 80' lang='lat' dir='ltr'><strong>hoc.</strong></span> 
     </span>
    </p>
   </div>
   <div class='ocr_carea' id='block_1_112' title="bbox 2162 5042 3764 5115">
    <p class='ocr_par' dir='ltr' id='par_1_112' title="bbox 2162 5042 3764 5115">
     <span class='ocr_line' id='line_1_112' title="bbox 2162 5042 3764 5115; baseline -0.004 -13"><span class='ocrx_word' id='word_1_913' title='bbox 2162 5047 2398 5102; x_wconf 86' lang='lat' dir='ltr'><strong>etiamin</strong></span> <span class='ocrx_word' id='word_1_914' title='bbox 2430 5061 2578 5100; x_wconf 89' lang='lat' dir='ltr'><strong>more</strong></span> <span class='ocrx_word' id='word_1_915' title='bbox 2610 5046 2839 5115; x_wconf 88' lang='lat' dir='ltr'><strong>positum</strong></span> <span class='ocrx_word' id='word_1_916' title='bbox 2872 5053 3214 5113; x_wconf 62' lang='lat' dir='ltr'><strong>agniturum,</strong></span> <span class='ocrx_word' id='word_1_917' title='bbox 3251 5042 3331 5114; x_wconf 80' lang='lat' dir='ltr'><strong>[ut</strong></span> <span class='ocrx_word' id='word_1_918' title='bbox 3361 5059 3465 5097; x_wconf 88' lang='lat' dir='ltr'><strong>non</strong></span> <span class='ocrx_word' id='word_1_919' title='bbox 3493 5042 3645 5096; x_wconf 72' lang='lat' dir='ltr'><strong>facile</strong></span> <span class='ocrx_word' id='word_1_920' title='bbox 3668 5061 3764 5096; x_wconf 74' lang='lat' dir='ltr'><strong>vc-</strong></span> 
     </span>
    </p>
   </div>
   <div class='ocr_carea' id='block_1_113' title="bbox 2162 5132 3764 5206">
    <p class='ocr_par' dir='ltr' id='par_1_113' title="bbox 2162 5132 3764 5206">
     <span class='ocr_line' id='line_1_113' title="bbox 2162 5132 3764 5206; baseline -0.002 -14"><span class='ocrx_word' id='word_1_921' title='bbox 2162 5139 2259 5192; x_wconf 90' lang='lat' dir='ltr'><strong>lint</strong></span> <span class='ocrx_word' id='word_1_922' title='bbox 2286 5139 2454 5194; x_wconf 89' lang='lat' dir='ltr'><strong>ullum</strong></span> <span class='ocrx_word' id='word_1_923' title='bbox 2483 5152 2593 5192; x_wconf 65' lang='lat' dir='ltr'><strong>suae</strong></span> <span class='ocrx_word' id='word_1_924' title='bbox 2626 5135 2951 5204; x_wconf 63' lang='lat' dir='ltr'><strong>aegritudinis</strong></span> <span class='ocrx_word' id='word_1_925' title='bbox 2979 5150 3099 5188; x_wconf 87' lang='lat' dir='ltr'><strong>esse</strong></span> <span class='ocrx_word' id='word_1_926' title='bbox 3129 5132 3342 5206; x_wconf 85' lang='lat' dir='ltr'><strong>testem]</strong></span> <span class='ocrx_word' id='word_1_927' title='bbox 3376 5150 3390 5185; x_wconf 92' lang='lat'>:</span> <span class='ocrx_word' id='word_1_928' title='bbox 3424 5134 3500 5186; x_wconf 90' lang='lat' dir='ltr'><strong>sic</strong></span> <span class='ocrx_word' id='word_1_929' title='bbox 3523 5142 3580 5185; x_wconf 91' lang='lat' dir='ltr'><strong>ut</strong></span> <span class='ocrx_word' id='word_1_930' title='bbox 3611 5135 3764 5188; x_wconf 87' lang='lat' dir='ltr'><strong>multi</strong></span> 
     </span>
    </p>
   </div>
   <div class='ocr_carea' id='block_1_114' title="bbox 2163 5226 3760 5298">
    <p class='ocr_par' dir='ltr' id='par_1_114' title="bbox 2163 5226 3760 5298">
     <span class='ocr_line' id='line_1_114' title="bbox 2163 5226 3760 5298; baseline -0.003 -14"><span class='ocrx_word' id='word_1_931' title='bbox 2163 5231 2449 5285; x_wconf 89' lang='lat' dir='ltr'><strong>maluerint</strong></span> <span class='ocrx_word' id='word_1_932' title='bbox 2475 5228 2716 5298; x_wconf 83' lang='lat' dir='ltr'><strong>oppressi</strong></span> <span class='ocrx_word' id='word_1_933' title='bbox 2747 5227 2945 5281; x_wconf 83' lang='lat' dir='ltr'><strong>morbis</strong></span> <span class='ocrx_word' id='word_1_934' title='bbox 2975 5227 3209 5287; x_wconf 85' lang='lat' dir='ltr'><strong>interire,</strong></span> <span class='ocrx_word' id='word_1_935' title='bbox 3243 5242 3400 5295; x_wconf 87' lang='lat' dir='ltr'><strong>quam</strong></span> <span class='ocrx_word' id='word_1_936' title='bbox 3429 5226 3760 5280; x_wconf 79' lang='lat' dir='ltr'><strong>calamitates</strong></span> 
     </span>
    </p>
   </div>
   <div class='ocr_carea' id='block_1_115' title="bbox 2163 5318 3766 5391">
    <p class='ocr_par' dir='ltr' id='par_1_115' title="bbox 2163 5318 3766 5391">
     <span class='ocr_line' id='line_1_115' title="bbox 2163 5318 3766 5391; baseline -0.003 -15"><span class='ocrx_word' id='word_1_937' title='bbox 2163 5337 2286 5377; x_wconf 85' lang='lat' dir='ltr'><strong>suas</strong></span> <span class='ocrx_word' id='word_1_938' title='bbox 2307 5323 2578 5391; x_wconf 84' lang='lat' dir='ltr'><strong>detegere.</strong></span> <span class='ocrx_word' id='word_1_939' title='bbox 2625 5320 2693 5375; x_wconf 74' lang='lat' dir='ltr'><strong>At</strong></span> <span class='ocrx_word' id='word_1_940' title='bbox 2714 5336 2817 5372; x_wconf 90' lang='lat' dir='ltr'><strong>non</strong></span> <span class='ocrx_word' id='word_1_941' title='bbox 2862 5321 2930 5374; x_wconf 91' lang='lat' dir='ltr'><strong>ita</strong></span> <span class='ocrx_word' id='word_1_942' title='bbox 2975 5334 3116 5389; x_wconf 77' lang='lat' dir='ltr'><strong>:rger</strong></span> <span class='ocrx_word' id='word_1_943' title='bbox 3144 5322 3241 5373; x_wconf 83' lang='lat' dir='ltr'><strong>iste</strong></span> <span class='ocrx_word' id='word_1_944' title='bbox 3261 5318 3289 5378; x_wconf 59' lang='grc'><strong>,⁷</strong></span> <span class='ocrx_word' id='word_1_945' title='bbox 3310 5333 3494 5372; x_wconf 80' lang='lat' dir='ltr'><strong>verum</strong></span> <span class='ocrx_word' id='word_1_946' title='bbox 3523 5332 3644 5371; x_wconf 89' lang='lat' dir='ltr'><strong>cum</strong></span> <span class='ocrx_word' id='word_1_947' title='bbox 3675 5333 3766 5371; x_wconf 84' lang='lat' dir='ltr'><strong>rc-</strong></span> 
     </span>
    </p>
   </div>
   <div class='ocr_carea' id='block_1_116' title="bbox 2166 5409 3762 5484">
    <p class='ocr_par' dir='ltr' id='par_1_116' title="bbox 2166 5409 3762 5484">
     <span class='ocr_line' id='line_1_116' title="bbox 2166 5409 3762 5484; baseline -0.004 -16"><span class='ocrx_word' id='word_1_948' title='bbox 2166 5416 2363 5484; x_wconf 86' lang='lat' dir='ltr'><strong>pletum</strong></span> <span class='ocrx_word' id='word_1_949' title='bbox 2392 5414 2598 5467; x_wconf 77' lang='lat' dir='ltr'><strong>videret</strong></span> <span class='ocrx_word' id='word_1_950' title='bbox 2628 5413 2915 5472; x_wconf 75' lang='lat' dir='ltr'><strong>theatrum,</strong></span> <span class='ocrx_word' id='word_1_951' title='bbox 2957 5411 3132 5464; x_wconf 85' lang='lat' dir='ltr'><strong>aditus</strong></span> <span class='ocrx_word' id='word_1_952' title='bbox 3165 5409 3482 5463; x_wconf 65' lang='lat' dir='ltr'><strong>interclusos</strong></span> <span class='ocrx_word' id='word_1_953' title='bbox 3503 5450 3515 5472; x_wconf 94' lang='lat'><strong>,</strong></span> <span class='ocrx_word' id='word_1_954' title='bbox 3549 5418 3762 5476; x_wconf 78' lang='lat' dir='ltr'><strong>portum</strong></span> 
     </span>
    </p>
   </div>
   <div class='ocr_carea' id='block_1_117' title="bbox 2165 5501 3765 5576">
    <p class='ocr_par' dir='ltr' id='par_1_117' title="bbox 2165 5501 3765 5576">
     <span class='ocr_line' id='line_1_117' title="bbox 2165 5501 3765 5576; baseline -0.003 -18"><span class='ocrx_word' id='word_1_955' title='bbox 2165 5509 2444 5576; x_wconf 84' lang='lat' dir='ltr'><strong>obseptum</strong></span> <span class='ocrx_word' id='word_1_956' title='bbox 2473 5549 2484 5569; x_wconf 92' lang='lat'><strong>,</strong></span> <span class='ocrx_word' id='word_1_957' title='bbox 2524 5521 2616 5575; x_wconf 89' lang='lat' dir='ltr'><strong>per</strong></span> <span class='ocrx_word' id='word_1_958' title='bbox 2659 5513 2856 5558; x_wconf 84' lang='lat' dir='ltr'><strong>tectum</strong></span> <span class='ocrx_word' id='word_1_959' title='bbox 2903 5503 3108 5557; x_wconf 85' lang='lat' dir='ltr'><strong>demitti</strong></span> <span class='ocrx_word' id='word_1_960' title='bbox 3152 5511 3437 5556; x_wconf 84' lang='lat' dir='ltr'><strong>contentus</strong></span> <span class='ocrx_word' id='word_1_961' title='bbox 3469 5501 3586 5554; x_wconf 67' lang='lat' dir='ltr'><strong>fuit.</strong></span> <span class='ocrx_word' id='word_1_962' title='bbox 3614 5502 3765 5554; x_wconf 76' lang='lat' dir='ltr'><strong>Adeo</strong></span> 
     </span>
    </p>
   </div>
   <div class='ocr_carea' id='block_1_118' title="bbox 2162 5593 3762 5664">
    <p class='ocr_par' dir='ltr' id='par_1_118' title="bbox 2162 5593 3762 5664">
     <span class='ocr_line' id='line_1_118' title="bbox 2162 5593 3762 5664; baseline -0.006 -10"><span class='ocrx_word' id='word_1_963' title='bbox 2162 5600 2336 5654; x_wconf 83' lang='lat' dir='ltr'><strong>solcrs</strong></span> <span class='ocrx_word' id='word_1_964' title='bbox 2359 5608 2440 5653; x_wconf 90' lang='lat' dir='ltr'><strong>cst</strong></span> <span class='ocrx_word' id='word_1_965' title='bbox 2471 5613 2642 5661; x_wconf 89' lang='lat' dir='ltr'><strong>amor,</strong></span> <span class='ocrx_word' id='word_1_966' title='bbox 2674 5604 2727 5650; x_wconf 90' lang='lat' dir='ltr'><strong>et</strong></span> <span class='ocrx_word' id='word_1_967' title='bbox 2756 5595 2992 5664; x_wconf 89' lang='lat' dir='ltr'><strong>locuples</strong></span> <span class='ocrx_word' id='word_1_968' title='bbox 3019 5595 3235 5648; x_wconf 77' lang='lat' dir='ltr'><strong>caritas.</strong></span> <span class='ocrx_word' id='word_1_969' title='bbox 3269 5593 3398 5646; x_wconf 76' lang='lat' dir='ltr'><strong>Nam</strong></span> <span class='ocrx_word' id='word_1_970' title='bbox 3427 5593 3514 5662; x_wconf 86' lang='lat' dir='ltr'><strong>qui</strong></span> <span class='ocrx_word' id='word_1_971' title='bbox 3543 5593 3762 5661; x_wconf 81' lang='lat' dir='ltr'><strong>qurerit,</strong></span> 
     </span>
    </p>
   </div>
   <div class='ocr_carea' id='block_1_119' title="bbox 2231 5769 3460 5837">
    <p class='ocr_par' dir='ltr' id='par_1_119' title="bbox 2231 5769 3460 5837">
     <span class='ocr_line' id='line_1_119' title="bbox 2231 5769 3460 5837; baseline -0.007 -14"><span class='ocrx_word' id='word_1_972' title='bbox 2231 5776 2302 5836; x_wconf 89' lang='lat' dir='ltr'><strong>(a)</strong></span> <span class='ocrx_word' id='word_1_973' title='bbox 2339 5777 2417 5824; x_wconf 87' lang='lat' dir='ltr'><strong>llic</strong></span> <span class='ocrx_word' id='word_1_974' title='bbox 2442 5773 2662 5837; x_wconf 62' lang='lat' dir='ltr'><strong>quantam</strong></span> <span class='ocrx_word' id='word_1_975' title='bbox 2687 5772 2962 5834; x_wconf 61' lang='lat' dir='ltr'><strong>adjicmnttn</strong></span> <span class='ocrx_word' id='word_1_976' title='bbox 3001 5784 3061 5819; x_wconf 67' lang='lat' dir='ltr'><strong>ex</strong></span> <span class='ocrx_word' id='word_1_977' title='bbox 3091 5771 3250 5818; x_wconf 52' lang='lat' dir='ltr'><strong>Titattb.</strong></span> <span class='ocrx_word' id='word_1_978' title='bbox 3285 5770 3354 5816; x_wconf 86' lang='lat' dir='ltr'><strong>l7.</strong></span> <span class='ocrx_word' id='word_1_979' title='bbox 3389 5769 3460 5817; x_wconf 75' lang='lat' dir='ltr'><strong>tt.</strong></span> 
     </span>
    </p>
   </div>
  </div>
