4058 6402
527 339 599 398 57
1167 338 1227 396 S.
1267 337 1553 416 JOANNIS
1593 335 2090 394 CIIRYSOSTOMI
2130 336 2451 394 ARCIIIEP.
2493 336 3041 396 CONSTANTINOP.
3729 329 3806 390 58'

521 447 682 503 τοῦτό
716 450 892 516 Enna;
927 449 979 504 τί
1023 448 1370 522 θορυϐεῖσθε;
1400 435 1452 502 τί
1491 448 1549 502 δέ
1583 447 1906 518 λπειγεσθες
1948 446 2107 499 Ἀνα-

524 534 786 609 σχώμεθα
842 531 1138 604 κενωθῆναι
1198 531 1260 584 τὸ
1312 532 1620 603 δωμάτιον,
1678 529 1994 599 διαλυθῆναι
2046 527 2108 581 τὸ

529 620 788 690 θέατρον·
842 615 1289 686 ἀναχωρήσουσιν
1324 616 1375 668 ot
1426 614 1850 684 συνειλεγμένοι,
1885 611 2109 683 δυνησό-

534 701 671 771 μεθα
723 697 967 752 κατιδίαν
1015 697 1159 767 αὐτῷ
1216 696 1550 769 προσελθεῖν,
1592 694 1687 749 καὶ
1737 696 1862 765 περὶ
1906 692 2109 748 τούτων

531 781 1016 838 ἀνακοινώσασθαι.
1063 779 1128 834 Τί
1164 780 1245 834 δεῖ
1291 780 1508 833 πάντων
1548 778 1795 850 ὁρώντων
1827 779 1906 841 είς
1944 776 2109 848 μέσον

532 866 859 938 προτεθῆναι
903 865 1004 928 τάς
1045 862 1186 934 ἐμὰς
1221 863 1525 933 συμφοράς.
1559 861 1656 914 καὶ
1687 860 1894 915 ἀνωθεν
1939 859 2108 930 χαλᾶ-

533 951 678 1004 σθαι.
728 949 820 1002 καὶ
861 949 1227 1018 ἀσχημονεῖν,
1279 944 1497 998 Τούτων
1547 944 1696 997 οὑδέν
1729 945 1935 1007 ἐκεῖνος
1986 941 2110 996 οὔτε

533 1031 670 1100 πρὸς
701 1031 920 1098 ἑαυτὸν,
948 1028 1073 1083 οὑτε
1100 1028 1237 1098 πρὸς
1261 1027 1386 1090 τοὺς
1423 1025 1747 1096 κομίζοντας
1776 1019 1949 1090 εἶπεν,
1976 1024 2112 1079 ἀλλά

532 1113 737 1183 κόσμον
787 1108 924 1166 εῖναι
963 1111 1179 1181 ἐνόμιζε
1219 1108 1281 1163 τὸ
1323 1109 1603 1180 μάρτυρας
1647 1106 1936 1171 τοσούτους
1966 1108 2114 1178 ποιή-

535 1193 732 1248 σασθαι
773 1193 873 1264 τῆς
921 1190 1116 1248 ἐαυτοῦ
1165 1190 1482 1262 θεραπείας.
1516 1190 1630 1244 υύκ
1679 1189 1788 1244 ἀπὸ
1820 1188 2009 1243 τούτου
2055 1188 2113 1242 δέ

538 1277 697 1348 μόνον
721 1275 885 1330 αὑτοῦ
914 1275 1013 1346 τὴν
1045 1274 1226 1327 πίστιν
1255 1269 1322 1346 ἦν
1349 1273 1518 1336 Mdv,
1537 1271 1674 1340 ἀλλά
1699 1271 1792 1326 xal
1813 1273 1905 1326 ἀπ’
1934 1270 2114 1324 αὑτῶν

534 1358 644 1413 τῶν
674 1358 767 1412 τοῦ
813 1357 1048 1428 Χριστοῦ
1101 1355 1381 1427 ῥημάτων.
1428 1355 1645 1426 Ἐπειδὴ
1691 1355 1801 1426 γὰρ
1841 1353 2113 1425 ἐχαλάσθη

537 1442 632 1495 καὶ
658 1439 1024 1511 προσηνέχθη,
1053 1436 1218 1510 φησὶν
1242 1435 1391 1508 αὑτῷ
1410 1440 1438 1490 6
1461 1437 1696 1507 Χριστός
1716 1455 1729 1468 ·
1757 1437 1992 1504 Θάρσει,
2024 1435 2114 1489 τέ·

535 1539 707 1587 κνον,
747 1519 1046 1590 ἀφέωνταί
1073 1535 1172 1575 σοι
1205 1523 1264 1573 αι
1283 1519 1578 1588 ἁμαρτίαι.
1610 1520 1722 1572 Kal
1740 1518 1912 1572 ταῦτα
1951 1513 2116 1570 ἀκού-

537 1623 640 1670 σας
671 1605 773 1660 οὑκ
825 1604 1226 1675 ἠγανάκτησεν,
1282 1605 1382 1658 οὑκ
1431 1603 1809 1677 ἐδυσχέρανεν,
1855 1603 1956 1656 οὐκ
1995 1597 2116 1655 εἷπε

539 1689 676 1763 πρὸς
696 1690 789 1743 τὸν
819 1689 1004 1762 ίατρόν
1026 1706 1040 1719 ⁶
1073 1690 1139 1747 Τί
1169 1704 1301 1742 ποτε
1331 1688 1490 1741 τοῦτό
1530 1690 1715 1752 ἐστινς
1749 1680 2116 1756 ἕτερον’ἦλθον

537 1771 942 1844 θεραπευθῆναι
975 1771 1167 1834 πάθος,
1205 1772 1300 1825 καὶ
1332 1771 1523 1842 ἓτερον
1569 1769 1732 1833 αὐτὸς
1792 1767 2114 1840 θεραπεύεις

537 1853 743 1924 Σκῆψις
766 1853 938 1906 ταῦτα
984 1850 1078 1905 καὶ
1121 1851 1413 1922 πρόφασις,
1449 1853 1543 1904 καὶ
1586 1850 1873 1914 ἀσθενείας
1912 1866 2119 1920 προκα-

535 1924 816 2007 λύμματα.
861 1934 1159 2006 ’ἁμαρτίας
1199 1934 1379 2003 ἀφίεις
1408 1933 1505 1998 τάς
1538 1934 1636 2004 οὑχ
1667 1933 1985 2004 ὁρωμένας
2014 1934 2119 1987 Οὑ-

535 2017 625 2072 δέν
651 2017 857 2070 τούτων
883 2017 984 2070 οὑκ
1021 2012 1195 2078 εἶπεν,
1230 2017 1332 2070 οὑκ
1370 2017 1680 2087 ἐνενόησενο
1717 2015 1832 2069 ἀλλ’
1859 2015 2119 2084 ἀνέμενεν

467 2167 470 2172 ,
539 2100 849 2171 ἐπιτρέπων
900 2099 991 2152 τὸν
1043 2098 1227 2170 ίατρὺν
1280 2097 1388 2168 όδῷ
1438 2098 1747 2170 χρήσασθαι
1796 2096 2117 2168 θεραπείας,
2208 2119 2210 2121 ·

537 2179 720 2254 ἧσπερ
741 2173 1012 2235 ἐϐούλετο.
1041 2180 1138 2234 Διά
1160 2179 1319 2233 τοῦτο
1345 2181 1440 2234 καὶ
1467 2184 1496 2234 ό
1524 2179 1759 2250 Χριστὸς
1789 2179 1890 2232 οὑκ
1909 2178 2118 2249 ἀπῆλθε

539 2264 676 2334 πρὸς
720 2263 904 2326 αὑτὸν,
944 2261 1058 2315 ἀλλ’
1089 2261 1372 2333 ἀνέμεινεν
1411 2260 1574 2316 αὑτὸν
1623 2260 1818 2322 ἐλθεῖν,
1852 2259 1938 2313 ἵνα
1989 2261 2117 2313 ἐπι-

538 2348 685 2419 δείξῃ
732 2345 896 2400 αὑτοῦ
938 2344 1037 2418 τὴν
1081 2344 1261 2399 πίστιν
1295 2345 1450 2398 πᾶσι.
1481 2345 1572 2414 Μὴ
1615 2344 1723 2416 7&9
1761 2343 1859 2398 οὑκ
1887 2342 2120 2414 ἠδύνατο

539 2430 640 2501 τὴν
686 2429 889 2483 εῖσοδον
940 2429 1163 2498 ποιῆσαι
1225 2425 1482 2494 εὖκολονς
1527 2426 1664 2480 Ἀλλ’
1715 2426 1863 2480 οὑδέν
1915 2424 2119 2478 τούτων

540 2509 814 2576 ἐποίησεν,
850 2509 936 2562 [va
957 2509 1124 2562 πᾶσιν
1152 2508 1320 2562 αὑτοῦ
1346 2509 1444 2580 τὴν
1471 2509 1708 2579 σπουδὴν
1741 2507 2003 2580 ἐπιδείξῃ,
2027 2507 2121 2560 καὶ

539 2590 638 2663 τὴν
669 2590 896 2655 ζέουσαν
946 2589 1150 2643 πίστιν.
1191 2589 1460 2659 Καθάπερ
1490 2589 1598 2660 7&9
1620 2591 1757 2658 πρὸς
1791 2591 1997 2642 ἐκεῖνον
2029 2587 2120 2639 τὸν

541 2675 836 2746 τριάκοντα
855 2671 999 2726 ὀκτὼ
1018 2671 1114 2742 ἱτη
1143 2672 1334 2742 ἔχοντα
1356 2671 1522 2742 ἀπῄει
1540 2671 1627 2724 διά
1651 2672 1712 2724 τὸ
1746 2669 1949 2741 μηδένα
1973 2668 2122 2738 αὑτῷ

543 2758 834 2828 παρεῖναιο
885 2753 1031 2809 οὕτω
1063 2755 1272 2817 τοῦτον,
1323 2753 1510 2825 ἐπειδὴ
1563 2753 1790 2814 πολλοὺς
1836 2747 1950 2823 εἶχε
1994 2753 2122 2816 τοὺς

544 2838 942 2910 προσήκοντας,
990 2836 1273 2908 ἀνέμεινεν
1303 2835 1476 2889 ἐλθεῖν
1510 2836 1642 2907 πρὸς
1685 2833 1866 2900 αὑτὸν,
1900 2834 1986 2886 ῖνα
2026 2835 2122 2887 καὶ

542 2919 734 2973 τούτου
765 2919 862 2990 τὴν
889 2920 1070 2991 πίστιν
1101 2919 1300 2991 ποιήσῃ
1335 2918 1498 2989 δήλην
1525 2919 1613 2972 διὰ
1643 2917 1733 2970 τοῦ
1767 2916 2124 2988 προσενεχθῆ-

507 3055 524 3075 ,
546 3020 656 3065 ναι,
682 2989 936 3055 κάκείνου
971 2989 1068 3072 τῆν
1100 2989 1333 3072 ἐρημίαν
1365 3002 1514 3072 ἡμᾶς
1541 2999 1728 3074 διδάξῃ
1752 2999 1840 3052 διά
1863 2997 1956 3052 τοῦ
1985 2999 2123 3069 πρὸς

545 3084 708 3140 αὑτὸν
737 3083 1012 3149 ἀπελθεῖν,
1052 3084 1148 3136 καὶ
1193 3083 1384 3136 τούτου
1436 3083 1536 3152 τὴν
1585 3081 1819 3152 σπουδὴν
1869 3081 2122 3135 κάκείνου

545 3170 646 3238 τὴν
679 3163 959 3236 ὑπομονὴν
980 3166 1260 3237 ἐκκαλύψῃ
1291 3167 1446 3228 πᾶσι,
1482 3167 1576 3218 καὶ
1607 3166 1842 3234 μάλιστα
1864 3163 1976 3227 τοῖς
2001 3164 2124 3216 τότε

549 3249 837 3321 παροῦσιν.
873 3248 1091 3320 Ἐπειδὴ
1126 3245 1235 3320 7&9
1275 3248 1528 3302 είώθασιν
1581 3247 1821 3300 Ἰουδαῖοι
1866 3245 2124 3316 βάσκανοι

547 3349 693 3392 τινες
724 3331 819 3384 καὶ
847 3329 1223 3401 μισάνθρωποι
1250 3333 1370 3393 ταῖς
1394 3329 1502 3382 τῶν
1530 3328 1754 3400 πλησίον
1785 3329 2124 3399 εὐεργεσίαις

551 3415 787 3485 φθονεῖν,
823 3415 918 3467 καὶ
950 3413 1044 3468 νῦν
1076 3413 1184 3467 ἀπὸ
1207 3412 1303 3466 τοῦ
1335 3412 1526 3483 καιροῦ
1557 3415 1672 3474 τοῖς
1705 3411 1972 3481 θαύμασιν
2003 3412 2125 3464 ἑπι-

554 3499 816 3567 σκήπτειν
853 3495 1122 3564 λέγοντες,
1163 3495 1246 3549 ὅτι
1281 3497 1338 3548 ἐν
1383 3493 1639 3565 σαϐϐάτῳ
1681 3493 1995 3565 θεραπεύει,
2029 3493 2125 3547 νῦν

551 3579 608 3633 δέ
641 3579 750 3632 ἀπὺ
790 3578 882 3633 τοῦ
939 3577 1052 3648 βίου
1088 3577 1194 3632 τῶν
1241 3576 1708 3649 εὐεργετουμένων
1750 3576 1998 3643 λέγοντες
2026 3599 2031 3602 ·
2059 3579 2129 3630 El

554 3658 633 3730 ἦν
663 3659 970 3728 προφήτης
1001 3655 1200 3725 οὗτος,
1240 3658 1368 3729 ᾔδει
1405 3660 1498 3724 τίς
1524 3654 1660 3728 ἧνή
1692 3657 1846 3725 γυνὴ
1871 3659 1908 3725 ἡ
1944 3658 2127 3710 ἁπτο-

555 3741 708 3813 μένη
741 3742 943 3796 αὐτοῦ’
971 3743 1070 3795 οὑκ
1113 3741 1336 3806 ειδότες,
1375 3740 1456 3794 ὅτι
1489 3740 1673 3818 ίατρρῦ
1715 3740 1949 3811 μάλιστα
1974 3738 2130 3793 τοῦτό

555 3827 675 3878 ἐστι
711 3825 774 3877 τὸ
821 3827 932 3887 τοῖς
973 3823 1346 3897 ἀρρωστοῦσιν
1392 3823 1808 3892 ἀναμίγνυσθαι,
1841 3823 1935 3875 καὶ
1980 3822 2131 3894 παρά

556 3909 681 3969 τοὺς
703 3905 988 3968 νοσοῦντας
1015 3907 1100 3959 ἀεὶ
1123 3904 1427 3976 φαίνεσθαι,
1457 3904 1591 3959 ἀλλά
1620 3905 1694 3975 μὴ
1723 3907 1912 3974 φυγεῖν
1934 3905 2132 3968 αὐτοὺς

555 3986 694 4055 μηδὲ
742 3989 1048 4056 ἀποπηδᾷν.
1089 3989 1267 4058 Ὅπερ
1299 3983 1392 4040 οὖν
1435 3988 1526 4040 καὶ
1564 3988 1698 4058 πρὸς
1738 3987 1978 4051 ἐκείνους
2018 3986 2130 4060 με]

562 4069 975 4138 ἀποτεινόμενος
1006 4069 1218 4137 ἔλεγεν·
1253 4071 1334 4123 Ub
1361 4070 1569 4137 χρείαν
1593 4069 1842 4137 ἔχουσιν
1865 4073 1917 4124 οί
1947 4071 2134 4142 ὑγιαί-

560 4166 774 4215 νοντες
817 4149 1037 4217 ίατροῦ,
1074 4151 1209 4204 ἀλλ’
1244 4154 1298 4204 οι
1339 4149 1536 4216 κακῶς
1575 4149 1841 4217 ἔχοντες.
1885 4153 2001 4205 Ἵνα
2041 4149 2134 4204 οῦν

565 4233 644 4303 μὴ
685 4234 752 4285 τά
780 4233 920 4286 αὑτά
952 4232 1112 4287 πάλιν
1147 4231 1440 4301 ἐγκαλῶσι,
1467 4232 1729 4303 πρότερον
1758 4232 2028 4286 δείκνυσιν
2059 4234 2134 4298 ῶς

563 4315 706 4380 ἄξιοι
737 4315 834 4386 τῆς
866 4314 1158 4384 θεραπείας
1205 4315 1339 4369 εἰσὶν
1371 4315 1421 4368 οί
1463 4315 1776 4384 προσιόντες
1806 4315 1893 4369 διά
1924 4316 2021 4387 τὴν
2049 4318 2136 4368 πί-

567 4415 705 4458 στιν,
739 4399 803 4468 ἠν
833 4397 1218 4451 ἐκδείκνυνται.
1252 4398 1348 4451 Διά
1384 4397 1540 4451 τοῦτο
1585 4397 1838 4451 κάκείνου
1880 4399 1980 4470 τὴν
2009 4403 2137 4469 ἐρη-

563 4481 715 4551 μίαν.
748 4482 841 4533 καὶ
886 4480 1075 4534 τούτου
1109 4481 1207 4551 τὴν
1230 4480 1458 4543 ζέουσαν
1498 4480 1676 4534 πίστιν
1712 4482 1805 4534 xal
1832 4481 2136 4553 προθυμίαν

565 4563 735 4630 ἔδειξε
761 4581 774 4593 ·
828 4562 915 4614 διά
952 4561 1109 4615 τοῦτο
1146 4564 1351 4616 ἐκεῖνον
1406 4562 1504 4632 μὲν
1541 4565 1598 4615 ὲν
1651 4562 1903 4632 σαϐϐάτῳ
1947 4564 2135 4636 ἐθερά-

563 4663 753 4710 πευσε,
773 4644 962 4697 τοῦτον
981 4644 1037 4697 δέ
1063 4646 1162 4696 οὑκ
1179 4646 1234 4696 ἐν
1248 4644 1506 4714 σαϐϐάτῳ
1527 4660 1539 4672 ο
1575 4644 1662 4708 ἶν’,
1690 4647 1816 4699 ὅταν
1834 4647 1949 4716 ἴδῃς
1965 4650 2058 4701 καὶ
2081 4651 2137 4701 ἐν

565 4729 918 4798 ἐτέρᾳήμέρᾳ
935 4727 1295 4795 ἐγκαλοῦντας
1317 4729 1408 4780 καὶ
1426 4728 1790 4798 ἐπιτιμῶντας
1807 4729 1883 4798 τῷ
1897 4731 2134 4800 Χριστῷ,

570 4810 765 4879 μάθῃς,
797 4811 879 4863 ὅτι
917 4810 1012 4861 καὶ
1053 4810 1176 4861 τότε
1205 4810 1265 4861 οὑ
1291 4809 1376 4862 διὰ
1411 4810 1509 4880 τὴν
1546 4809 1639 4863 τοῦ
1678 4813 1843 4882 νόμου
1887 4816 2135 4886 παρατήο

569 4908 726 4961 ρησιν
759 4891 1061 4952 ἐνεκάλουν,
1091 4889 1227 4944 ἀλλά
1255 4891 1352 4961 τὴν
1390 4893 1597 4944 οἰκείαν
1624 4893 1922 4962 βασκανίαν
1953 4897 2139 4966 φέρειν

563 4973 666 5026 οὑκ
717 4973 946 5042 ἔχοντες.
989 4973 1086 5026 Διά
1127 4972 1266 5025 τίδὲ
1307 4974 1408 5026 οὐκ
1459 4975 1553 5027 ἐπὶ
1585 4975 1645 5028 τὸ
1688 4977 1787 5047 τὴν
1836 4979 2139 5048 παράλυσιν

563 5055 801 5127 ὀρθῶσαι
833 5058 1094 5128 πρότερον
1114 5050 1297 5126 ἦλθεν,
1325 5054 1465 5109 ἀλλά
1479 5073 1629 5127 φησι·
1652 5057 1889 5127 Θάρσει,
1907 5061 2143 5127 τέκνον,

565 5131 866 5201 ἀφέωνταί
879 5137 1065 5189 σουαί
1079 5137 1378 5205 ἁμαρτίας
1405 5137 1512 5188 Καὶ
1534 5136 1686 5190 τοῦτο
1710 5141 1910 5212 σφόδρα
1937 5143 2136 5212 σοφῶς.

570 5215 677 5268 Kal
704 5214 811 5284 γὰρ
843 5219 954 5278 τοῖς
981 5219 1184 5286 ἰατροῖς
1205 5217 1323 5282 ἐθος
1355 5218 1470 5271 ἐστὶ
1501 5219 1574 5288 μὴ
1601 5220 1860 5292 πρότερον
1881 5225 1948 5277 τὰ
1975 5227 2134 5296 νοσήο

574 5313 720 5365 ματα
752 5297 920 5361 λύειν,
963 5297 1099 5351 ἀλλὰ
1129 5299 1226 5363 τὰς
1266 5300 1450 5370 πηγάς
1491 5301 1671 5354 αὐτῶν
1714 5303 1973 5374 ἀναιρεῖν.
2015 5304 2139 5362 Οἷον

573 5375 832 5438 πολλάκις
916 5380 1019 5432 ὑπὸ
1069 5382 1303 5453 πονηροῦ
1366 5383 1538 5452 χυμοῦ
1597 5385 1691 5438 καὶ
1745 5386 2138 5462 διεφθαρμένου

568 5463 848 5545 ῥεύματος
884 5463 1281 5532 ἐνοχλουμένων
1319 5465 1636 5534 ὀφθαλμῶν,
1681 5469 1839 5536 ἀφεὶς
1883 5473 1909 5522 ὁ
1959 5475 2140 5545 ίατρὸς

569 5546 665 5615 τὴν
700 5544 956 5597 νοσοῦσαν
1000 5545 1330 5616 θεραπεῦσαι
1372 5548 1558 5619 κόρην,
1600 5551 1698 5618 τῆς
1740 5553 1980 5623 κεφαλῆς
2014 5544 2138 5609 ἐπει

573 5627 863 5706 μελήσατο,
893 5627 1017 5679 ἔνθα
1046 5630 1077 5697 η
1126 5629 1249 5697 ῥίζα
1279 5633 1372 5682 καὶ
1411 5633 1442 5700 ἡ
1499 5633 1647 5702 πηγὴ
1681 5633 1780 5703 τῆς
1828 5637 2139 5706 ἀρρωστίας

572 5700 659 5775 ἦν·
708 5707 848 5760 οῦτω
888 5709 978 5760 καὶ
1014 5713 1040 5762 ὁ
1097 5711 1324 5781 Χριστὸς
1362 5700 1602 5783 ἐποίησε,
1637 5700 1748 5786 τὴν
1791 5700 1970 5789 πηγὴν
2013 5700 2136 5774 ml

2219 447 2427 501 στέλλει
2466 448 2574 502 τῶν
2604 449 2789 502 κακῶν
2827 449 3111 520 πρότερον.
3157 447 3313 520 Πηγὴ
3345 447 3454 519 γάρ
3487 447 3681 502 κακῶν
3704 450 3805 502 καὶ

2219 539 2345 610 ρίζα
2374 541 2467 593 καὶ
2502 542 2686 612 μήτηρ
2717 542 2937 596 πάντων
2965 541 3084 594 ἐστὶ
3117 540 3215 610 τῆς
3246 538 3520 610 ἁμαρτίας
3551 539 3587 611 η
3615 539 3806 608 φύσις.

2217 626 2367 699 Δῦτη
2401 630 2470 683 τά
2515 631 2745 700 σώματα
2768 629 2928 702 ἡμῶν
2974 628 3274 701 παραλύει·
3306 628 3446 699 αῦτη
3484 628 3584 690 τάς
3609 627 3810 693 νόσους

2217 718 2414 788 ἐπάγει
2435 735 2452 751 ο
2473 720 2559 774 διὰ
2579 720 2736 774 τοῦτο
2751 722 2845 774 καὶ
2862 718 3100 774 ἐνταῦθά
3113 736 3246 788 φησι
3301 718 3539 787 Θάρσει,
3558 716 3805 783 τέκνον,

2217 810 2516 879 ἀφέωνταί
2558 829 2677 867 σου
2723 814 2782 866 αι
2832 813 3138 883 ἁμαρτίαι·
3185 812 3347 866 κάκεῖ
3390 826 3589 882 φησιν’
3644 810 3810 866 Ἰδοὺ

2217 902 2395 973 ὑγιὴς
2424 904 2696 975 γέγονας,
2736 904 2948 974 μηκέτι
2987 904 3312 976 ἁμάρτανε,
3352 904 3452 957 ἵνα
3480 901 3567 972 μὴ
3599 902 3812 972 χεῖρόν

2218 995 2277 1048 τί
2305 1009 2403 1050 σοι
2427 997 2688 1066 γένηται,
2720 997 2895 1068 δηλῶν
2933 995 3286 1067 ἀμφοτέροις,
3322 995 3404 1048 ὅτι
3438 991 3497 1060 ἐξ
3550 993 3810 1065 ἁμαρτη-

2223 1083 2407 1153 μάτων
2439 1085 2739 1158 ἐτέχθησαν
2786 1074 2947 1141 αῦται
2985 1089 3041 1140 al
3080 1086 3248 1140 νόσοι.
3281 1085 3391 1139 Kal
3433 1087 3494 1140 ἐν
3525 1087 3672 1156 ἀρχῇ
3709 1086 3810 1138 καὶ

2219 1174 2279 1224 ἐν
2309 1173 2615 1244 προοιμίοις
2646 1175 2748 1246 τῆς
2792 1176 3024 1242 κτίσεως
3057 1175 3116 1242 ἐξ
3147 1174 3422 1248 ἁμαρτίας
3465 1177 3501 1246 ἡ
3535 1175 3695 1240 νόσος
3724 1175 3810 1238 είς

2219 1263 2281 1317 τὺ
2308 1262 2402 1317 τοῦ
2437 1266 2576 1320 Κάῖν
2604 1266 2916 1337 κατέσκηψε
2948 1265 3128 1338 σῶμα.
3152 1267 3262 1321 Καὶ
3288 1267 3398 1338 7&9
3430 1269 3638 1330 ἐκεῖνος
3664 1265 3812 1336 μετὰ

2220 1356 2320 1426 τὴν
2364 1356 2798 1426 ἀδελφοκτονίαν,
2844 1359 2986 1428 μετά
3022 1358 3122 1429 τὴν
3170 1357 3512 1428 παρανομίαν
3561 1357 3806 1427 ἐκείνην,

2221 1448 2342 1501 τότε
2377 1448 2652 1520 παρελύθη
2697 1449 2758 1504 τὸ
2793 1450 2972 1521 σῶμα.
3007 1450 3080 1503 Τὸ
3107 1450 3215 1521 7&9
3240 1450 3466 1521 τρέμειν
3495 1450 3646 1504 οὑδέν
3687 1449 3812 1503 ιτε-

2225 1537 2317 1609 ρόν
2339 1539 2484 1592 ἐστιν
2521 1539 2555 1610 ἢ
2589 1540 2910 1610 παράλυσις.
2945 1541 3057 1594 Kal
3093 1539 3202 1610 7&9
3233 1541 3362 1594 ὅταν
3391 1541 3425 1610 ἡ
3465 1540 3527 1593 τὸ
3559 1539 3701 1603 ζῶον
3723 1539 3809 1592 οί-

2223 1628 2528 1700 κονομοῦσα
2584 1629 2814 1701 δύναμις
2864 1631 3230 1703 ἀσθενεστέρα
3300 1632 3556 1702 γένηται,
3618 1630 3810 1685 οὑκέτι

2223 1720 2494 1790 δυναμένη
2522 1721 2700 1775 πάντα
2724 1720 3106 1785 διαϐαστάζειν
3130 1722 3200 1776 τά
3227 1721 3384 1794 μέλη,
3409 1721 3636 1792 ἀφίησιν
3663 1721 3812 1776 αὑτά

2225 1810 2325 1881 τῆς
2351 1812 2557 1877 οἰκείας
2585 1813 2862 1882 προνοίας,
2885 1809 3002 1868 εἶτα
3041 1813 3377 1885 χαλασθέντα
3402 1817 3585 1868 ἐκεῖνα
3608 1813 3805 1886 τρέμει

2226 1901 2321 1954 καὶ
2345 1902 2721 1974 περιφέρεται.

2296 2039 2370 2106 ς’.
2387 2040 2560 2097 Τοῦτο
2573 2041 2671 2097 καὶ
2691 2036 2899 2103 Παῦλος
2923 2038 3187 2112 ἐδήλωσεν
3207 2055 3222 2071 ο
3241 2039 3512 2113 ἁμαρτίαν
3545 2039 3654 2110 γάρ
3683 2055 3815 2093 τινα

2221 2127 2537 2200 Κορινθίοις
2576 2130 2824 2199 ἐγκαλῶν
2878 2145 3046 2201 φησι·
3101 2133 3204 2187 Διά
3248 2135 3426 2188 τοῦτο
3459 2133 3681 2188 πολλοὶ
3739 2133 3815 2186 ἐν

2224 2218 2368 2289 ὑμῖν
2385 2220 2662 2288 ἀσθενεῖς
2689 2223 2786 2276 καί
2815 2222 3107 2292 ἄρρωστοι
3124 2242 3138 2256 ·
3174 2224 3263 2278 διὰ
3297 2226 3456 2279 τοῦτο
3494 2227 3588 2296 καὶ
3617 2227 3648 2280 ὁ
3677 2223 3813 2297 X9:-

2227 2311 2351 2373 στὺς
2397 2313 2660 2384 πρότερον
2695 2315 2794 2384 τὴν
2830 2315 3010 2370 αἰτίαν
3045 2317 3262 2387 ἀναιρεῖ
3306 2315 3416 2370 τῶν
3461 2316 3677 2380 κακῶν,
3713 2317 3814 2369 καὶ

2225 2401 2414 2467 εἰπὼν,
2444 2403 2683 2473 Θάρσει,
2709 2407 2943 2472 τέκνον,
2957 2406 3257 2476 ἀφέωνταί
3277 2424 3393 2463 σου
3414 2411 3475 2462 al
3505 2407 3814 2477 ἁμαρτίαι,

2228 2498 2508 2568 ἀνίστησιν
2539 2497 2704 2551 αὑτοῦ
2737 2497 2798 2551 τὸ
2840 2498 3117 2569 φρόνημα,
3157 2499 3413 2569 διεγείρει
3464 2498 3814 2569 καταϐεϐλη-

2233 2590 2401 2661 μένην
2430 2591 2530 2661 τήν
2557 2590 2739 2661 ψυχήν
2758 2607 2772 2621 ο
2805 2593 2834 2644 ὁ
2854 2590 2963 2661 7&9
2985 2591 3141 2659 λόγος
3171 2591 3331 2661 ἔργον
3357 2591 3589 2660 ἐγίνετο,
3615 2591 3708 2646 καὶ
3734 2593 3820 2654 είς

2229 2681 2288 2733 τὸ
2322 2682 2559 2746 συνειδὸς
2598 2681 2854 2737 είσελθὼν
2892 2685 3064 2753 αὐτῆς
3100 2685 3304 2755 ἥπτετο
3351 2685 3450 2754 τῆς
3480 2685 3685 2756 ψυχῆς,
3715 2685 3821 2740 καὶ

2229 2773 2411 2825 πᾶσαν
2458 2774 2695 2841 ἀγωνίαν
2729 2773 3001 2840 ἰξέϐαλεν.
3033 2775 3199 2828 υὺδέν
3250 2774 3360 2847 7&9
3392 2773 3569 2839 οὑτως
3609 2775 3818 2847 ἡδονὴν

2230 2865 2393 2928 mut,
2435 2864 2529 2918 καὶ
2554 2865 2784 2935 παρέχει
2817 2865 3039 2937 θαρρεῖν
3080 2865 3156 2930 ὡς
3187 2865 3250 2919 τὸ
3287 2865 3452 2937 μηδὲν
3481 2865 3680 2919 ἐαυτοῦ
3721 2882 3822 2920 κα-

2229 2957 2502 3026 τηγορεῖν.
2537 2955 2773 3034 Θάρσει2
2801 2957 3038 3020 τέκνον,
3061 2956 3357 3025 ἀφέωνταί
3388 2941 3585 3012 σουάί
3625 2957 3824 3026 ἆμαρ-

2231 3047 2368 3100 τίαι.
2402 3047 2574 3100 Ὅπου
2604 3049 2712 3118 7&9
2758 3048 3170 3120 ἁμαρτημάτων
3215 3047 3430 3117 ἄφεσις,
3473 3049 3593 3101 ἐκεῖ
3643 3049 3827 3103 υἱοθε-

2235 3133 2344 3188 σία.
2399 3133 2556 3188 Οῦτω
2591 3135 2721 3204 γοῦν
2763 3136 2857 3189 καὶ
2890 3137 3051 3206 ἡμεῖς
3108 3137 3170 3189 οὑ
3226 3135 3493 3208 πρότερον
3536 3137 3826 3207 δυνάμεθα

2234 3225 2458 3279 καλέσαι
2492 3227 2729 3296 Πατέρα,
2767 3226 2871 3290 ἓως
2903 3228 2962 3279 ἐν
2986 3229 3053 3299 τῇ
3084 3227 3436 3298 κολυμϐήθρα
3469 3227 3579 3280 τῶν
3608 3227 3828 3283 ὑδάτων

2232 3316 2341 3368 τῶν
2371 3317 2540 3384 ἀγίων
2563 3317 2956 3388 ἀπονιψώμεθα
2985 3319 3050 3371 τά
3066 3319 3458 3390 ἁμαρτήματα.
3492 3318 3665 3372 Ὅταν
3689 3316 3828 3388 γοῦν

2233 3406 2444 3459 ἐκεῖθεν
2482 3407 2796 3479 ἀνέλθωμεν
2827 3409 2888 3462 τὸ
2921 3409 3158 3481 πονηρὸν
3202 3411 3378 3462 ἐκεῖνο
3423 3408 3646 3480 φορτίον
3685 3411 3830 3463 ἀπο-

2235 3497 2472 3570 θέμενοι,
2502 3499 2623 3554 τότε
2649 3501 2901 3572 λέγομεν,
2922 3502 3114 3570 Πάτερ
3140 3499 3329 3571 ἡμῶν,
3361 3505 3393 3556 ό
3412 3501 3483 3554 ἐν
3503 3501 3627 3568 τοῖς
3652 3502 3833 3568 οὑραο

2235 3591 2384 3657 νοῖς.
2433 3591 2594 3645 Ἀλλά
2639 3592 2783 3656 τίνος
2824 3592 3010 3646 ἕνεκεν
3060 3594 3153 3646 ἐπὶ
3188 3593 3284 3646 τοῦ
3333 3591 3628 3664 τριάκοντα
3675 3590 3830 3645 ὀκτὼ

2237 3681 2451 3751 ἔχοντος
2501 3683 2600 3753 οὑχ
2649 3681 2821 3745 οὑτως
2872 3683 3147 3752 ἐποίησεν,
3187 3683 3322 3737 ἀλλά
3361 3683 3423 3737 τὸ
3458 3683 3618 3752 σῶμα
3653 3681 3831 3736 αὑτοῦ

2240 3769 2354 3844 [ιὸ]
2383 3771 2658 3843 διώρθωσε
2700 3773 2999 3844 πρότερονς
3039 3773 3161 3826 Ὅτι
3203 3774 3396 3842 ἐκείνῳ
3425 3775 3522 3844 μὲν
3552 3773 3631 3843 τῷ
3655 3777 3834 3845 μήκει

2237 3862 2332 3915 τοῦ
2361 3862 2549 3933 χρόνου
2571 3863 2638 3916 τὰ
2665 3863 3041 3933 ἁμαρτήματα
3068 3863 3403 3934 δεδαπάνητο
3425 3881 3437 3894 ·
3465 3863 3690 3917 δύναται
3715 3864 3834 3935 γὰρ

2239 3950 2546 4022 πειρασμοῦ
2597 3951 2823 4021 μέγεθος
2876 3951 2938 4004 τὺ
2985 3951 3094 4004 τῶν
3148 3953 3558 4025 ἁμαρτημάτων
3604 3954 3834 4024 φορτίον

2239 4040 2440 4110 κοῦφον
2464 4042 2667 4093 ποιεῖν’
2702 4039 2892 4110 ὥσπερ
2924 4035 3016 4094 οῦν
3048 4040 3142 4093 καὶ
3180 4041 3272 4092 ἐπὶ
3299 4039 3394 4092 τοῦ
3428 4038 3679 4110 Λαζάρου
3720 4055 3835 4109 φη-

2244 4133 2347 4196 σὶν,
2376 4131 2462 4184 ὅτι
2487 4130 2727 4184 ἀπέλαϐε
2748 4128 2818 4182 τά
2843 4130 2989 4183 κακὰ
3027 4129 3214 4194 αὑτοῦ,
3247 4131 3343 4184 καὶ
3375 4129 3608 4184 ἐνταῦθα
3640 4145 3833 4199 παρα-

2243 4221 2526 4273 καλεῖται’
2579 4220 2674 4272 καὶ
2718 4219 2882 4272 πάλιν
2936 4219 3170 4288 ἀλλαχοῦ
3213 4236 3375 4288 φησι·
3418 4219 3835 4287 ﬂammai“

2245 4311 2534 4365 tér..ladr
2555 4328 2697 4380 μου,
2726 4309 3038 4377 ,ια-ἰήσατο
3065 4313 3152 4377 είς
3176 4311 3290 4378 τὴν
3316 4310 3568 4379 καρδίαν
3607 4312 3834 4380 Ἰερου-

2245 4401 2477 4470 σαλὴμ,
2516 4402 2610 4455 ὅτι
2647 4402 2892 4466 ἐδέξατο
2931 4403 3000 4456 ἐκ
3031 4402 3230 4472 χειρὸς
3270 4403 3490 4470 Κυρίου
3529 4403 3717 4458 διπλᾶ
3753 4405 3834 4458 τὰ

2247 4491 2634 4560 ἁμαρτήματα
2656 4490 2864 4558 αὐτῆς.
2901 4492 3010 4545 Kal
3037 4491 3197 4544 πάλιν
3225 4493 3254 4544 ὁ
3288 4493 3592 4563 προφήτης,
3627 4493 3832 4562 Κύριε,

2244 4584 2496 4653 εἰρήνην
2545 4575 2652 4649 δὸς
2699 4583 2862 4652 ἡμῖν,
2899 4583 3095 4637 πάντα
3145 4586 3255 4653 γὰρ
3302 4583 3615 4650 ἀπέδωκας
3660 4586 3833 4655 ἡμῖν,

2247 4675 2549 4745 ἐμφαίνων,
2584 4676 2665 4728 ὅτι
2695 4677 2752 4727 αί
2794 4675 3054 4747 τιμωρίαι
3097 4676 3191 4727 καὶ
3218 4677 3271 4727 αἱ
3301 4675 3551 4738 κολάσεις
3577 4676 3837 4748 ἁμαρτη-

2249 4769 2436 4838 μάτων
2483 4767 2829 4836 συγχώρησιν
2880 4766 3113 4832 ποιοῦσι,
3155 4765 3250 4820 καὶ
3299 4766 3624 4837 πολλαχόθεν
3672 4767 3838 4821 τοῦτὸ

2248 4864 2367 4915 ἐστι
2396 4860 2629 4930 φανερὸν
2652 4857 2896 4927 ποιῆσαι.

2330 4991 2484 5062 Ἐμοὶ
2517 4991 2690 5044 τοίνυν
2711 4990 2857 5043 δοκεῖ
2875 4990 3040 5062 μηδὲν
3064 4989 3255 5061 ἐκείνῳ
3290 4991 3416 5062 περὶ
3438 4990 3686 5058 ἀφέσεως
3712 4988 3802 5041 δια
3820 5019 3835 5029 ~

2245 5082 2524 5152 λεχθῆναι,
2553 5082 2688 5134 ἀλλά
2733 5080 2868 5152 πρὸς
2901 5080 3183 5150 τὺιμέλλον
3213 5081 3374 5134 αὑτὸν
3405 5078 3837 5150 ἀσφαλίσασθαι,

2245 5174 2321 5237 ὼς
2356 5175 2464 5229 τῶν
2499 5175 2599 5245 ἤδη
2659 5173 3158 5244 πλημμεληθέντων
3194 5173 3271 5243 τῷ
3307 5175 3470 5243 μήκει
3513 5174 3613 5242 τῆς
3647 5173 3839 5244 άρρωο

2251 5266 2399 5327 otia;
2479 5265 2590 5335 ἦεί
2635 5264 2709 5334 μὴ
2750 5264 2926 5327 τοῦτο,
2960 5265 3046 5318 διά
3096 5265 3157 5317 τὸ
3199 5264 3362 5334 μηδὲν
3400 5263 3559 5316 αὑτὸν
3609 5264 3841 5336 μηδέπω

2253 5359 2380 5427 περὶ
2425 5355 2518 5408 τοῦ
2551 5355 2783 5427 Χριστοῦ
2831 5355 3118 5409 πεπεῖσθαι
3153 5356 3314 5425 μέγα,
3347 5356 3434 5408 διὰ
3473 5356 3630 5409 τοῦτο
3664 5358 3841 5411 ὲπὶτὺ

2247 5448 2466 5500 ἔλαττον
2528 5449 2787 5517 πρότερον
2835 5442 2986 5516 ἦλθε,
3015 5450 3108 5499 καί⁸
3161 5447 3222 5499 τὸ
3252 5447 3480 5518 φανερὸν
3523 5447 3616 5500 καὶ
3655 5448 3837 5517 δῆλον,

2243 5534 2341 5606 τὴν
2362 5539 2458 5593 τοῦ
2494 5538 2740 5609 σώματος
2794 5538 2979 5606 ὑγείαν
3005 5556 3016 5567 ·
3059 5539 3150 5590 ἐπὶ
3190 5538 3247 5590 δὲ
3291 5539 3480 5590 τούτου
3510 5540 3610 5609 οὑχ
3639 5539 3837 5604 οὕτως.

2245 5632 2361 5683 ἀλλ’
2394 5633 2576 5702 ἐπειδὴ
2619 5632 2818 5704 μᾶλλον
2873 5633 3181 5695 ἐπίστευσε,
3228 5632 3321 5684 καὶ
3354 5631 3690 5703 ὑψηλοτέραν
3725 5631 3841 5706 εἶχε

2247 5726 2442 5795 ψυχὴν,
2474 5725 2558 5776 διά
2621 5725 2771 5778 τοῦτο
2817 5724 2964 5795 αὐτῷ
2993 5726 3117 5797 περὶ
3148 5726 3242 5795 τῆς
3288 5725 3677 5796 χαλεπωτέρας
3712 5731 3844 5799 πρό·
