4058 6402
472 370 543 425 ω
1195 367 1252 420 S.
1297 362 1578 422 JOANNIS
1606 360 2083 420 CIIRYSOSTOMI
2117 364 2437 423 ABCHIEP.
2475 367 3026 424 CONSTANTINOP.
3682 372 3772 426 θος)

473 493 527 535 ιιι
553 480 850 535 sublimiori
878 488 1055 535 mente
1082 477 1335 548 prmtlilus
1362 488 1478 532 crat
1496 519 1512 545 ,
1545 486 1826 548 propterea
1847 476 1915 533 de
1938 493 2059 549 gra-

474 573 607 626 viori
642 573 791 643 prius
821 571 1139 641 apud-illum
1180 570 1371 623 morbo
1396 568 1650 624 disseruit
1680 586 1692 621 :
1723 578 1919 638 praeter
1950 570 2067 623 hate

471 662 675 724 omnia,
701 671 759 715 ut
777 661 878 716 sibi
924 660 1183 728 mqttalem
1227 675 1348 713 cum
1396 658 1557 715 Patre
1581 658 1763 715 deberi
1807 658 2066 712 honorem

470 754 807 809 ostenderet.
850 750 922 808 Ut
956 752 1100 807 enim
1149 752 1256 806 illic
1288 752 1341 807 in
1394 752 1616 807 sabbato
1654 752 1895 815 curavit,
1925 748 2068 821 quod

472 859 573 899 eos
597 846 755 899 vellet
782 858 813 897 a
838 841 1058 898 Judaica
1079 843 1456 898 observatione
1483 855 1739 897 revocare
1767 880 1782 904 ,
1813 851 1975 911 atque
2003 855 2070 895 ex

481 938 693 995 illorqu
716 936 1179 990 criminationibus
1200 935 1535 990 occasionem
1556 942 1795 1003 captaret
1811 932 2072 1002 :equalem

480 1046 541 1086 se
555 1031 796 1086 Gcnitori
826 1029 1148 1085 ostendendi
1173 1047 1186 1082 :
1212 1030 1281 1083 ita
1308 1028 1558 1082 nimirum
1584 1035 1639 1082 et
1659 1025 1747 1081 hic
1774 1024 2075 1095 prmvidens

484 1122 625 1192 quod
652 1131 807 1178 erant
835 1121 1053 1185 dicturi,
1086 1124 1199 1174 haec
1217 1118 1377 1173 verba
1408 1117 1659 1188 protulit,
1688 1126 1743 1169 ut
1771 1115 1893 1169 hinc
1921 1114 2074 1167 initio

486 1218 667 1283 ducto,
685 1227 741 1271 et
760 1213 1039 1269 occasione
1064 1220 1273 1281 sumpta
1296 1210 1631 1265 demonstret
1652 1207 1840 1278 mquali
1870 1220 1930 1261 se
1953 1219 2077 1259 cum

489 1312 746 1365 Genitore
791 1307 1009 1377 dignum
1043 1304 1265 1358 honore.
1291 1302 1404 1357 Non
1446 1301 1589 1356 enim
1618 1314 1683 1354 ex
1724 1314 1878 1368 atquo
1906 1312 1965 1352 se
1994 1310 2080 1350 res

492 1404 652 1457 habet
673 1443 688 1466 ,
718 1401 763 1455 si
796 1400 1009 1455 nemine
1051 1394 1485 1466 reprehendente
1512 1393 1595 1448 vel
1632 1401 1919 1447 accusante
1939 1431 1952 1453 ,
1984 1404 2079 1444 sua

492 1501 686 1562 sponte
714 1491 835 1561 quis
857 1490 908 1543 in
939 1502 1241 1543 sermonem
1285 1485 1353 1540 de
1383 1484 1470 1540 his
1499 1482 1797 1545 delabatur,
1830 1490 1884 1536 et
1920 1481 1965 1535 si
1980 1495 2083 1533 ete-

496 1586 624 1638 tcris
650 1597 866 1638 causam
892 1580 1271 1651 praabentibus,
1295 1580 1512 1632 nomine
1534 1591 1597 1629 ac
1626 1574 1804 1643 specie
1825 1571 2087 1626 defensio-

496 1676 581 1730 nis
608 1674 711 1729 hoc
755 1674 927 1744 ipsum
957 1671 1286 1743 praestiterit.
1336 1669 1468 1723 Nam
1501 1668 1592 1721 ille
1621 1665 1835 1737 quidem
1863 1664 2085 1719 demon-

504 1764 794 1818 strationis.
818 1763 1010 1817 modus
1040 1762 1310 1815 auditores
1329 1758 1679 1813 oﬂ'endisset:
1712 1754 1800 1811 bic
1830 1768 1959 1809 vero
1986 1754 2087 1807 mi-

502 1873 600 1911 nus
628 1855 846 1911 odiosus
893 1864 1045 1919 erat,
1076 1863 1131 1908 et
1160 1850 1370 1906 facilius
1416 1850 1625 1905 admitti
1660 1857 1902 1918 poterat,
1938 1846 2090 1899 vide-

503 1963 729 2016 musque
750 1947 1019 2001 Christum
1050 1946 1152 1999 hoc
1192 1942 1392 2011 ubique
1437 1948 1695 2010 praestare
1718 1979 1734 2004 ,
1762 1952 1935 2007 neque
1985 1945 2091 1989 tam

504 2038 683 2093 verbis
709 2053 869 2108 quam
902 2036 1056 2091 factis
1080 2035 1441 2104 aequalitatem
1471 2045 1621 2086 suam
1649 2028 1953 2084 ostendere.
1985 2026 2097 2081 lloc

503 2128 720 2198 quidem
753 2139 902 2182 certe
933 2126 1277 2181 subindicaus
1304 2120 1632 2191 evangelista
1673 2118 1883 2173 dicebat
1914 2116 2095 2184 (Joan.

506 2218 559 2272 5.
590 2219 680 2289 16)
709 2257 725 2281 ,
765 2227 1045 2287 propterea
1089 2221 1440 2284 persequutos
1483 2224 1607 2265 eum
1652 2208 1817 2263 fuisse
1845 2206 2057 2262 Judaros
2082 2245 2096 2268 ,

512 2325 616 2365 non
642 2310 815 2364 solum
845 2310 967 2379 quia
1013 2309 1253 2363 solvebat
1281 2305 1571 2361 sabbatum
1593 2345 1609 2369 ,
1634 2302 1729 2357 sed
1760 2310 1815 2357 et
1853 2303 1975 2370 quia
2007 2316 2098 2369 pa-

510 2412 647 2455 trem
677 2417 830 2455 suum
862 2400 1075 2455 diccbat
1100 2400 1268 2453 Deum
1286 2439 1300 2461 ,
1328 2397 1591 2468 :equalem
1617 2409 1677 2449 se
1724 2394 1926 2449 faciens
1953 2393 2064 2446 Deo
2082 2433 2097 2457 ,

513 2490 655 2561 quod
687 2492 856 2545 nmlto
907 2500 992 2545 est
1022 2491 1195 2559 majus
1224 2508 1236 2541 :
1269 2488 1370 2543 hoc
1399 2488 1543 2543 enim
1586 2487 1760 2555 ipsum
1791 2500 1887 2554 per
1923 2499 2103 2539 rerum

511 2582 1025 2637 demonstrationem
1060 2580 1392 2635 adstrucbat.
1434 2578 1577 2645 Quid
1627 2577 1788 2647 igitur
1819 2574 1981 2629 invidi
2032 2575 2106 2628 illi

514 2685 673 2743 atque
711 2674 993 2737 scelerati,
1026 2672 1117 2741 qui
1166 2672 1394 2725 aliorum
1443 2669 1599 2723 bonis
1643 2674 2005 2727 macerantur,
2052 2674 2108 2719 ct

520 2765 752 2834 undique
776 2779 961 2819 ansam
990 2760 1417 2833 reprehendendi
1451 2758 1807 2829 perquirunt?
1835 2757 1969 2825 Quid
1992 2758 2107 2823 hic,

517 2856 795 2925 inquiunt,
831 2854 1205 2924 blasphemat?
1231 2851 1555 2907 Nemo-enim
1589 2859 1748 2920 potest
1785 2858 1993 2918 peccata
2022 2850 2109 2901 di-

517 2946 712 2999 mittere
735 2986 750 3010 ,
783 2945 881 2998 nisi
924 2944 1062 2998 solus
1090 2943 1225 2997 Dcus
1263 2942 1453 3012 (Marc.
1476 2939 1531 2994 2.
1561 2941 1635 3010 7).
1664 2938 1814 2993 Sicut
1861 2938 1966 2992 illic
1986 2954 2111 2993 eum

521 3036 995 3106 persequebantur,
1029 3034 1169 3105 quod
1210 3034 1490 3088 sabbatum
1520 3031 1781 3095 solveret,
1802 3039 1859 3085 et
1880 3045 1948 3085 ex
1992 3029 2114 3085 ilio-

523 3141 640 3179 rum
685 3124 1195 3195 reprehensionibus
1224 3133 1435 3194 sumpta
1480 3123 1762 3178 occasione
1792 3120 2116 3175 defensionis

527 3219 741 3273 nomine
766 3233 829 3271 ac
862 3218 1043 3287 specie
1092 3233 1241 3272 suam
1275 3232 1397 3271 cum
1448 3216 1605 3270 Patre
1633 3214 1993 3284 aequalitatem
2030 3228 2117 3267 os-

528 3308 696 3362 tendit
718 3350 732 3372 ,
761 3323 823 3361 ac
862 3307 993 3361 dixit
1022 3326 1034 3362 :
1062 3305 1218 3361 Pater
1252 3323 1391 3360 meus
1436 3316 1699 3375 soporatur,
1736 3315 1781 3358 et
1810 3322 1901 3375 ego
1939 3320 2119 3373 operor

531 3400 710 3469 (Joan.
737 3400 790 3453 5.
822 3400 909 3469 17)
946 3400 1060 3453 :sic
1090 3399 1340 3453 nimirum
1378 3398 1477 3453 hoc
1517 3399 1635 3452 loco
1676 3413 1737 3451 ex
1770 3398 1834 3450 iis
1870 3413 1988 3465 qua:
2019 3397 2118 3465 ipsi

526 3490 805 3556 objiciunt,
833 3490 973 3542 Patri
1004 3504 1098 3557 per
1124 3490 1300 3543 omnia
1334 3489 1560 3543 similem
1591 3488 1826 3556 seipsmn
1857 3488 2113 3540 ostendit.

530 3579 665 3644 Quid
694 3581 833 3634 cnim
859 3581 974 3635 ait?
1005 3580 1169 3633 Nemo
1193 3590 1349 3647 potest
1374 3590 1577 3646 peccato
1598 3580 1849 3632 dimittere
1872 3580 1968 3631 nisi
1986 3579 2122 3631 solus

532 3670 692 3725 Deus.
738 3664 961 3737 Quando
999 3671 1157 3743 igitur
1188 3673 1285 3742 ipsi
1333 3671 1473 3724 hunc
1524 3672 1743 3724 limitem
1792 3676 2118 3738 pesuerunt,

535 3762 632 3830 ipsi
675 3762 811 3817 hanc
840 3764 1074 3832 regulam
1119 3762 1474 3827 induxerunt,
1507 3761 1605 3830 ipsi
1636 3764 1802 3830 legem
1852 3761 2120 3827 tulerunt,

540 3852 765 3920 propriis
798 3852 913 3905 illos
943 3854 1117 3905 verbis
1149 3852 1339 3905 irretit.
1360 3852 1488 3916 Vos,
1520 3852 1709 3923 inquit,
1735 3850 1963 3904 confessi
1996 3852 2125 3905 estis

536 3943 700 3995 solius
723 3958 839 3996 esse
868 3944 956 3997 Dei
983 3953 1195 4011 peccata
1214 3942 1505 4006 dimittere;
1529 3928 1825 3995 indubitata
1860 3942 2017 4011 igitur
2046 3951 2128 3994 est

536 4035 832 4103 a-qualitas.
857 4034 1039 4104 Neque
1066 4050 1191 4087 vero
1231 4034 1315 4089 isti
1355 4035 1527 4087 solum
1574 4032 1675 4087 hoc
1704 4033 1921 4099 dicunt,
1951 4032 2044 4086 sed
2076 4042 2129 4086 et

538 4125 829 4195 propheta,
872 4125 997 4178 dum
1052 4126 1120 4177 ita
1178 4126 1409 4195 loquitur
1450 4122 1619 4188 :Quis
1670 4122 1803 4176 Deus
1855 4124 1982 4177 sicut
2036 4123 2131 4175 tu?

540 4216 734 4269 deinde
776 4216 903 4285 quid
934 4220 1004 4270 sit
1032 4217 1303 4286 proprium
1350 4216 1591 4269 indicans
1622 4214 1848 4282 adjecit,
1884 4214 2130 4282 Auferen:

540 4310 829 4378 iniquitates
850 4351 863 4372 ,
911 4318 955 4361 et
1004 4310 1360 4365 transcendit-ns
1389 4310 1671 4378 impietates
1699 4308 1887 4379 (Mich.
1937 4310 1988 4361 7.
2020 4309 2131 4379 18).

542 4399 596 4453 Si
626 4400 743 4467 quis
772 4415 900 4469 ergo
943 4400 1079 4453 alius
1104 4409 1385 4469 appareat.
1419 4401 1508 4469 qui
1551 4399 1652 4454 hoc
1683 4404 1854 4469 ipsum
1897 4402 1964 4453 ita
2000 4415 2133 4469 pra-

546 4498 686 4549 stet,
714 4490 875 4541 etiam
921 4489 1059 4543 Deus
1101 4499 1215 4554 est,
1250 4500 1303 4543 et
1350 4490 1490 4543 Deus
1527 4490 1971 4557 quemadmodum
2026 4491 2133 4545 ille.

553 4578 658 4632 Sed
705 4578 978 4633 videamus
1022 4595 1129 4649 quo
1177 4589 1329 4649 pact;
1374 4580 1492 4633 illos
1529 4582 1852 4649 argumentis
1889 4582 2137 4637 Christus

549 4680 756 4739 urgeat,
785 4687 944 4741 quam
974 4682 1250 4727 mansuete
1284 4687 1346 4726 ac
1372 4672 1611 4727 modeste
1636 4715 1647 4731 ,
1678 4689 1989 4742 summaque
2014 4689 2134 4729 cum

551 4764 928 4819 sollicitudine.
972 4762 1039 4818 Et
1068 4781 1174 4818 accc
1219 4764 1422 4833 quidam
1461 4765 1524 4817 de
1550 4766 1727 4818 scribis
1748 4765 1976 4818 dicebant
2005 4767 2138 4819 intra

548 4856 741 4925 seipsos
774 4872 792 4909 :
823 4854 921 4908 llic
972 4856 1284 4925 blasphcntat
1314 4856 1524 4925 (Matth.
1566 4856 1619 4909 9.
1672 4855 1747 4925 5).
1797 4856 2136 4926 Nequaquam

549 4949 769 5001 verbum
800 4947 1153 5015 protulerunt,
1187 4962 1293 5001 non
1322 4947 1731 5016 pronuntiarunt
1751 4946 1950 5016 lingua,
1972 4948 2061 5001 sed
2086 4950 2137 5002 in

550 5038 748 5092 mentis
787 5052 984 5093 arcano
1026 5038 1351 5107 cogitabant.
1381 5037 1519 5105 Quid
1554 5052 1683 5107 ergo
1703 5036 1987 5093 Christus?
2018 5038 2140 5093 lllo-

553 5144 671 5181 rum
718 5144 941 5183 arcanas
989 5132 1339 5199 cogitationes
1372 5131 1586 5200 protulit
1615 5130 1669 5184 in
1706 5130 1967 5194 medium,
1991 5140 2143 5185 ante.

553 5234 713 5288 quam
736 5220 801 5273 ad
829 5219 1337 5276 demonStrationem
1372 5223 1597 5284 veniret,
1624 5237 1780 5292 quam
1808 5237 1872 5275 ex
1902 5224 2142 5292 corporis

556 5308 831 5379 paralytici
860 5302 1132 5365 CuratiOne
1185 5312 1485 5381 prolaturus
1524 5320 1675 5376 erat,
1716 5312 1854 5380 quod
1900 5314 2003 5367 illis
2032 5329 2142 5367 sua:

556 5403 848 5471 divinitatis
871 5406 1029 5459 vellet
1076 5408 1364 5475 potentiam
1404 5405 1707 5460 declarare.
1737 5404 1807 5459 Ut
1849 5407 1987 5460 enim
2015 5422 2145 5459 con-

560 5505 663 5547 stet
714 5496 879 5549 solius
926 5496 1017 5551 Dei
1068 5513 1184 5552 esse
1236 5498 1432 5551 mentis
1474 5514 1665 5551 arcana
1710 5497 2039 5565 patefazcre,
2076 5498 2147 5552 Tu

562 5605 767 5656 prorsus
795 5588 929 5641 solus
957 5592 1084 5642 uosti
1106 5592 1260 5643 corda
1287 5592 1341 5657 (3
1371 5589 1501 5659 Reg.
1531 5590 1584 5644 8.
1616 5589 1731 5659 59),
1768 5590 1955 5657 inquit.
1990 5590 2147 5644 Vides

562 5678 691 5731 illud
724 5680 874 5734 Solus
905 5697 1086 5733 rursus
1117 5697 1219 5735 non
1259 5682 1326 5735 ad
1354 5680 1752 5735 distinctionem
1787 5680 1902 5735 Filii
1946 5682 2146 5735 dictum

563 5770 722 5825 es'se?
749 5772 803 5825 Si
843 5774 984 5829 enim
1011 5770 1165 5827 Pater
1191 5773 1329 5828 solus
1370 5772 1528 5829 corda
1565 5774 1733 5830 novit.
1766 5774 2033 5845 quomodo
2063 5775 2143 5829 Fi.

2179 478 2283 534 lius
2313 481 2460 536 novit
2485 479 2796 536 abscondita
2821 468 3024 534 cordis?
3052 479 3176 551 Ipse
3194 482 3347 545 enim,
3374 481 3567 550 inquit,
3589 483 3775 537 sciebat

2174 572 2297 639 quid
2318 571 2516 626 essetin
2544 570 2746 625 homine
2776 569 2954 641 (Joau.
2983 569 3150 642 2.25)
3180 590 3193 626 :
3227 582 3282 627 et
3312 572 3511 627 Paulus
3534 574 3779 626 iudicans

2179 663 2603 731 propriumesse
2632 661 2723 717 Dei
2764 672 2973 715 secreta
3017 676 3379 732 cognoscere,
3411 663 3487 718 sit
3516 680 3528 717 :
3556 661 3661 729 Qui
3680 680 3779 713 au-

2168 762 2276 806 tem
2320 762 2578 806 scrutatur
2609 751 2765 805 corda
2793 751 2973 819 (Rom.
3017 750 3070 807 8.
3101 752 3194 823 27)
3229 771 3242 807 :
3272 754 3467 824 quibus
3502 752 3688 807 verbis
3715 756 3785 805 si-

2180 843 2396 915 gniﬁcat
2418 842 2534 899 haec
2558 843 2804 899 eamdem
2832 844 2940 898 vim
2974 843 3194 909 habere,
3224 860 3385 916 quam
3418 846 3532 915 ipsa
3563 843 3661 898 Dei
3691 842 3785 895 ha-

2182 938 2271 992 bet
2297 936 2604 1006 appellatio.
2635 934 2705 991 Ut
2727 936 2872 991 enim
2898 951 3024 992 cum
3056 936 3213 1003 dico,
3245 938 3337 1007 qni
3367 937 3545 1013 pluit,
3577 936 3788 991 nullum

2185 1028 2348 1083 alium
2374 1036 2570 1097 praeter
2594 1027 2764 1082 Deum
2796 1026 3023 1098 designo
3049 1043 3145 1099 per
3164 1041 3287 1082 rem
3315 1027 3495 1095 illam,
3528 1026 3788 1098 quoniam

2188 1119 2283 1173 Dei
2314 1119 2482 1173 solius
2508 1128 2592 1173 est
2615 1118 2740 1173 illud
2764 1133 2943 1189 agere;
2968 1127 3023 1173 et
3050 1118 3095 1172 si
3121 1118 3315 1183 dicam,
3340 1118 3430 1188 qui
3458 1119 3629 1174 solem
3662 1118 3793 1172 oriri

2189 1209 2335 1278 facit,
2364 1224 2463 1265 nec
2497 1209 2689 1264 addam
2711 1252 2727 1273 ,
2783 1209 2957 1273 Deus,
2992 1219 3168 1264 tamen
3219 1224 3315 1278 per
3330 1224 3455 1264 rem
3490 1210 3637 1264 illam
3671 1224 3794 1264 eum

2190 1304 2415 1358 ostendo
2445 1319 2457 1355 :
2482 1304 2561 1357 sic
2592 1303 2842 1357 nimirum
2874 1310 2931 1357 et
2965 1302 3164 1357 Paulus
3208 1316 3330 1357 cum
3358 1303 3432 1356 ait
3465 1320 3478 1356 :
3510 1300 3615 1367 Qui
3646 1318 3799 1355 scru-

2194 1404 2330 1448 tatur
2355 1394 2724 1459 rorda,~solius
2740 1392 2921 1462 ipsius
2946 1408 3066 1448 esse
3084 1393 3308 1448 scrutari
3340 1394 3503 1449 corda
3530 1393 3797 1447 declarat.

2195 1483 2305 1540 Nisi
2335 1485 2477 1538 enim
2510 1484 2610 1539 hoc
2636 1484 2883 1539 eamdem
2920 1485 3028 1538 vim
3061 1484 3284 1539 haberet
3304 1526 3320 1551 ,
3362 1499 3521 1555 quam
3553 1498 3761 1539 nomen
3782 1524 3799 1545 ,

2199 1578 2363 1644 Deus,
2393 1578 2459 1632 ad
2481 1594 2604 1632 eum
2628 1579 2783 1633 nobis
2806 1578 3149 1633 indicandum
3170 1578 3259 1648 qui
3286 1578 3694 1649 designabatur,
3715 1593 3809 1631 so-

2200 1668 2305 1722 lum
2339 1668 2389 1723 id
2423 1669 2640 1723 minime
2672 1669 2970 1739 posuisset.
3002 1668 3134 1723 Nam
3157 1670 3201 1722 si
3237 1668 3340 1724 hoc
3368 1678 3513 1725 esset
3560 1669 3635 1722 illi
3680 1682 3803 1722 cum

2198 1770 2445 1816 creatura
2476 1775 2780 1826 commune,
2798 1742 2948 1814 illuiu
2971 1761 3060 1829 qui
3079 1760 3391 1830 designatur
3417 1774 3524 1812 non
3548 1772 3822 1827 agnoseo-

2203 1868 2403 1917 remus,
2436 1868 2559 1907 cum
2587 1852 2949 1906 communitas
2976 1851 3064 1905 illa
3093 1850 3466 1905 confusionem
3507 1848 3560 1902 in
3609 1862 3811 1903 menn.

2205 1944 2305 1998 bus
2348 1944 2590 2015 gigneret
2626 1942 2951 1999 auditorum.
3005 1941 3142 1998 Cum
3190 1942 3351 2011 igitur
3393 1948 3655 2009 appareat
3693 1937 3812 1993 ‘bec

2207 2036 2483 2106 proprium
2518 2034 2689 2089 Patris
2718 2049 2839 2089 esse
2859 2076 2874 2100 ,
2905 2034 3139 2103 itemque
3168 2033 3303 2087 Filio
3346 2040 3562 2087 constet
3590 2045 3813 2099 compc-

2210 2134 2321 2179 tere
2340 2165 2356 2189 ,
2384 2140 2505 2179 cum
2537 2139 2643 2193 quo
2669 2124 2960 2179 indubitata
2991 2124 3308 2193 relinquitur
3336 2122 3457 2177 inde
3487 2122 3801 2192 aequalitas,

2210 2218 2409 2273 idcirco
2433 2260 2447 2282 ,
2500 2218 2637 2284 Quid
2681 2218 2957 2288 cogitatis,
3014 2217 3218 2287 inquit,
3271 2216 3409 2269 mola
3468 2216 3524 2269 in
3574 2212 3816 2268 cordibus

2212 2313 2431 2366 vestris?
2460 2311 2598 2377 Quid
2629 2313 2763 2365 enim
2790 2322 2858 2365 est
2882 2310 3088 2379 facilius
3117 2309 3303 2373 dicere,
3326 2306 3671 2361 Dimittuntur
3699 2320 3817 2375 prec

2211 2414 2326 2457 cata
2355 2414 2461 2465 tua,
2484 2420 2550 2456 an
2573 2404 2759 2468 dicere,
2794 2402 2962 2473 Surge
2988 2411 3035 2455 et
3060 2400 3265 2474 amputa
3293 2398 3512 2470 (Matth.
3538 2399 3595 2454 9.
3626 2402 3680 2452 4.
3714 2398 3772 2465 5)
3792 2397 3819 2448 2

2272 2494 2340 2547 Ἶ.
2362 2494 2533 2547 Altera
2548 2493 2911 2546 demonstratio
2930 2490 3240 2544 remissionis
3254 2485 3822 2558 peccatorum—Ecce

2216 2586 2439 2641 alterum
2486 2585 2645 2638 etiam
2697 2582 2915 2638 exhibet
2955 2580 3293 2636 remissionis
3338 2586 3685 2649 peccatorum
3724 2578 3823 2631 de-

2218 2676 2688 2730 monstrationem.
2722 2672 2853 2727 Nam
2895 2671 3165 2725 dimittere
3198 2681 3415 2739 peccata
3446 2670 3617 2722 multo
3647 2667 3825 2736 majus

2219 2777 2302 2820 est
2327 2808 2341 2831 ,
2373 2780 2531 2835 quam
2566 2778 2761 2838 corpus
2806 2776 2998 2816 sanare
3023 2800 3039 2826 ,
3060 2769 3330 2830 tantoque
3380 2757 3554 2829 majus
3576 2800 3592 2822 ,
3618 2767 3825 2827 quanto

2222 2862 2397 2913 anima
2424 2872 2671 2927 corpore.
2702 2854 2775 2911 Ut
2799 2855 2940 2909 enim
2981 2853 3228 2922 corporis
3251 2852 3471 2907 morbus
3496 2861 3580 2907 est
3598 2850 3827 2921 paraly-

2222 2952 2318 3018 sis,
2350 2950 2427 3005 sic
2454 2958 2509 3004 et
2535 2948 2729 3001 anima:
2762 2945 2987 3001 morbus
3022 2954 3301 3015 peccatum
3327 2953 3411 2999 est
3438 2962 3451 2997 :
3477 2957 3662 2995 verum
3693 2940 3827 2994 illud

2225 3043 2324 3098 etsi
2351 3041 2523 3109 majus
2550 3048 2666 3093 erat
2686 3080 2701 3103 ,
2733 3038 3019 3094 obscurum
3055 3046 3206 3091 erat:
3234 3036 3336 3090 hoc
3360 3051 3492 3092 vero
3514 3035 3618 3090 etsi
3643 3035 3829 3089 minus

2226 3143 2382 3200 erat,
2415 3131 2753 3186 manifestum
2790 3139 2924 3184 erat.
2974 3129 3239 3197 Quoniam
3276 3129 3436 3198 igitur
3489 3126 3557 3181 ad
3600 3126 3830 3181 demon-

2227 3226 2539 3278 strationem
2584 3223 2801 3291 majoris
2848 3236 3042 3275 usurus
3067 3230 3147 3275 est
3180 3220 3373 3274 minori
3399 3262 3415 3285 ,
3446 3217 3741 3274 ostendens
3772 3232 3832 3273 se

2229 3328 2445 3387 propter
2473 3317 2682 3370 illorum
2712 3315 3075 3369 inﬁrmitatem
3109 3314 3179 3366 ita
3203 3312 3403 3367 fecisse
3425 3352 3441 3377 ,
3475 3321 3638 3381 atque
3664 3310 3731 3364 ad
3767 3312 3834 3363 il-

2229 3410 2399 3463 lorum
2442 3407 2793 3461 humilitatem
2838 3420 2897 3459 se
2942 3405 3260 3468 demisisse,
3289 3402 3427 3471 Quid
3470 3412 3544 3456 est
3590 3402 3832 3471 facilius,

2232 3501 2419 3569 inquit,
2447 3500 2629 3559 dicere,
2652 3497 2992 3550 Dimittuntur
3013 3506 3219 3564 peccata
3238 3505 3340 3556 tua,
3364 3510 3432 3546 an
3451 3493 3641 3556 dicere,
3670 3491 3837 3561 Surge

2231 3604 2277 3647 et
2303 3593 2534 3646 ambula?
2562 3592 2671 3643 Cur
2714 3590 2873 3659 igitur
2902 3588 2965 3641 ad
3014 3588 3192 3641 minus
3244 3594 3463 3655 propter
3496 3584 3617 3638 illos
3648 3583 3838 3637 venis?

2233 3683 2494 3747 Quoniam
2532 3681 2580 3734 id
2610 3680 2750 3749 quod
2784 3678 3123 3733 manifestum
3145 3684 3227 3731 est
3246 3717 3260 3739 ,
3284 3676 3517 3729 obscuro
3547 3672 3839 3729 clariorem

2234 3774 2449 3828 exhibet
2473 3772 3011 3827 demonstrationem.
3046 3769 3335 3837 Propterea
3369 3780 3475 3819 non
3507 3764 3654 3834 prius
3690 3764 3842 3817 illmn

2234 3868 2425 3928 erexit,
2454 3881 2614 3933 quam
2637 3864 2772 3916 dixit
2803 3863 2942 3915 illis:
2980 3859 3046 3914 Ut
3084 3870 3259 3911 autem
3288 3857 3492 3918 sciatis,
3518 3856 3641 3924 quia
3669 3853 3843 3908 Filius

2238 3958 2454 4011 hominis
2496 3956 2640 4009 habet
2671 3962 2964 4024 potestatem
3006 3952 3060 4005 in
3104 3962 3239 4003 terra
3268 3948 3553 4002 dimittendi
3606 3955 3843 4016 peccata,

2238 4058 2355 4100 tunc
2403 4046 2474 4099 ait
2529 4046 2807 4115 parulgtico
2832 4084 2847 4105 ,
2879 4042 3047 4113 Surge
3072 4050 3118 4094 et
3156 4039 3364 4092 ambula
3401 4035 3619 4107 (Matth.
3648 4034 3704 4090 9.
3740 4035 3802 4099 6)
3830 4051 3844 4089 :

2238 4138 2388 4209 quasi
2438 4138 2673 4199 diceret,
2708 4135 2881 4204 majus
2929 4133 3143 4203 quidem
3189 4132 3399 4201 signum
3455 4139 3541 4184 est
3584 4128 3849 4182 remissio

2242 4242 2606 4301 peccatorum,
2626 4227 2718 4282 sed
2743 4236 2965 4297 propter
2995 4239 3091 4277 vos
3123 4222 3264 4292 quod
3295 4223 3471 4275 minus
3494 4228 3577 4274 est
3604 4218 3806 4288 adjicio
3828 4260 3847 4276 .

2242 4320 2672 4391 quandoquidem
2703 4319 2802 4372 hoc
2833 4317 2987 4370 vobis
3019 4316 3158 4369 illius
3199 4329 3319 4368 esse
3344 4311 3743 4367 demonstratio
3766 4310 3851 4362 vi-

2243 4417 2419 4471 detur.
2463 4415 2593 4468 Nam
2641 4410 3093 4482 quemadmodum
3142 4409 3249 4462 illic
3304 4422 3428 4461 cum
3465 4404 3848 4458 centurionem

2245 4507 2513 4563 laudasset
2543 4506 2631 4574 qui
2656 4504 2897 4559 dixerat:
2926 4502 3019 4554 Dir
3062 4512 3259 4553 tantum
3289 4496 3435 4551 verba
3461 4539 3474 4559 ,
3508 4507 3554 4551 et
3582 4496 3851 4549 witﬂbi‘c’tﬂ’

2247 4616 2373 4670 puer
2402 4614 2582 4653 meus:
2602 4613 2722 4650 nam
2750 4606 2793 4649 et
2815 4611 2906 4665 ego
2924 4596 3036 4647 dico
3059 4594 3195 4655 huic,
3224 4589 3388 4657 Vade,
3407 4600 3451 4644 et
3476 4588 3637 4653 vadit,
3658 4597 3704 4639 et
3734 4588 3849 4650 alii,

2258 4690 2401 4754 Veni,
2426 4704 2473 4743 et
2502 4690 2632 4743 venit
2664 4687 2876 4760 (Matth.
2906 4686 2959 4739 8.
3008 4686 3061 4739 8.
3084 4684 3165 4755 9),
3191 4682 3428 4736 animum
3460 4680 3578 4749 ejus
3598 4680 3851 4733 landilms

2249 4782 2585 4838 conﬁrmavit
2612 4797 2627 4835 :
2655 4790 2709 4835 et
2746 4792 2936 4833 rursus
2980 4792 3101 4831 cmn
3151 4774 3367 4830 Iudaeos
3408 4769 3852 4841 reprehendisset

2250 4875 2351 4929 sibi
2381 4874 2694 4944 objicientes
2745 4873 2796 4925 in
2823 4870 3045 4927 sabbato
3094 4868 3264 4939 lrgem
3298 4868 3366 4922 ab
3386 4866 3503 4941 ipso
3532 4862 3721 4918 violari
3750 4906 3766 4927 ,
3796 4863 3852 4917 ia

2250 4983 2345 5021 sua
2375 4975 2635 5036 potestate
2680 4964 2842 5020 situm
2882 4977 3002 5017 esse
3047 4960 3281 5016 ostendit
3324 4961 3469 5028 leges
3516 4957 3804 5012 immutare
3840 4980 3858 5019 ε

2253 5061 2331 5117 sic
2352 5060 2605 5115 nimirum
2635 5059 2736 5112 hoc
2765 5058 2884 5111 loco
2906 5096 2921 5121 ,
2952 5069 3073 5108 cum
3125 5054 3197 5108 illi
3228 5051 3494 5107 dixissent
3513 5091 3528 5112 ,
3561 5047 3854 5120 Equalcm

2256 5164 2307 5209 te
2344 5156 2514 5223 ipsum
2560 5152 2690 5207 facis
2714 5150 2855 5215 Deo,
2888 5148 3204 5218 promittens
3236 5161 3297 5199 ea
3320 5188 3335 5209 ,
3358 5159 3478 5214 qua:
3508 5142 3675 5197 solius
3728 5151 3851 5194 sunt

2255 5246 2445 5305 Patris.
2476 5240 2877 5313 reprehendens
2902 5254 2995 5293 eos
3017 5277 3032 5301 ,
3067 5249 3120 5292 et
3148 5250 3404 5291 accusans
3431 5275 3447 5297 ,
3477 5243 3639 5299 atque
3666 5238 3850 5297 opert-

2254 5340 2354 5395 bus
2380 5339 2506 5409 ipsis
2532 5334 2825 5391 ostendens
2851 5347 2909 5387 se
2949 5331 3167 5385 minimc
3196 5325 3567 5396 blasphemare
3592 5365 3606 5386 ,
3640 5320 3852 5376 indubi-

2256 5442 2417 5485 tatam
2458 5429 2610 5483 nobis
2639 5424 2865 5495 praebuit
2890 5420 3435 5482 demonstrationem,
3464 5421 3604 5469 unde
3640 5423 3857 5467 constet

2254 5507 2440 5577 eadem
2493 5522 2702 5590 ipsum,
2746 5531 2863 5585 qua:
2914 5514 3158 5579 Genitor,
3194 5525 3350 5580 posse
3399 5516 3677 5578 priestare.
3712 5502 3853 5559 Vide

2258 5616 2434 5684 igitur,
2467 5626 2572 5680 quo
2597 5620 2750 5680 pacto
2773 5606 2909 5661 istud
2947 5605 3234 5661 contendat
3261 5602 3538 5656 adstruere
3562 5640 3577 5664 ,
3608 5614 3727 5669 qua:
3754 5598 3857 5652 Pa-

2259 5706 2355 5760 tris
2384 5704 2549 5758 solius
2570 5713 2696 5757 sunt
2719 5743 2731 5765 ,
2755 5717 2815 5755 ea
2845 5700 3011 5769 ipsius
3045 5710 3205 5753 etiam
3232 5710 3351 5751 esse
3376 5713 3388 5749 :
3414 5710 3519 5748 non
3552 5693 3696 5747 enim
3724 5693 3855 5744 sim-

2266 5799 2475 5873 pliciter
2499 5797 2847 5863 paralyticum
2876 5792 3066 5859 erexit,
3102 5789 3194 5847 sed
3227 5804 3344 5849 cum
3372 5786 3627 5849 dixisset,
3661 5785 3722 5840 Π
3754 5800 3857 5838 an-
