  <div class='ocr_page' id='page_1' title='image "/cluster/home/n/w/nwhite01/storage/ocr_20150623/51/ien.35556001660786/068.png"; bbox 0 0 4058 6400; ppageno 0'>
   <div class='ocr_carea' id='block_1_1' title="bbox 234 349 1880 458">
    <p class='ocr_par' dir='ltr' id='par_1_1' title="bbox 234 358 1876 458">
     <span class='ocr_line' id='line_1_1' title="bbox 234 358 1876 458; baseline -0.026 0"><span class='ocrx_word' id='word_1_1' title='bbox 234 399 299 458; x_wconf 82' lang='lat'><strong>6|</strong></span> <span class='ocrx_word' id='word_1_2' title='bbox 1142 378 1221 435; x_wconf 72' lang='grc' dir='ltr'><strong>ΙΝ·</strong></span> <span class='ocrx_word' id='word_1_3' title='bbox 1250 362 1744 433; x_wconf 60' lang='lat' dir='ltr'><strong>PARALYTICUM</strong></span> <span class='ocrx_word' id='word_1_4' title='bbox 1786 358 1876 417; x_wconf 71' lang='lat' dir='ltr'><strong>DF.</strong></span> 
     </span>
    </p>
   </div>
   <div class='ocr_carea' id='block_1_2' title="bbox 1986 349 2671 458">
    <p class='ocr_par' dir='ltr' id='par_1_2' title="bbox 1986 349 2671 414">
     <span class='ocr_line' id='line_1_2' title="bbox 1986 349 2671 414; baseline -0.01 -1"><span class='ocrx_word' id='word_1_5' title='bbox 1986 355 2141 414; x_wconf 71' lang='lat' dir='ltr'><strong>iSUiI</strong></span> <span class='ocrx_word' id='word_1_6' title='bbox 2187 354 2323 414; x_wconf 78' lang='lat' dir='ltr'><strong>PER</strong></span> <span class='ocrx_word' id='word_1_7' title='bbox 2366 349 2671 411; x_wconf 70' lang='lat' dir='ltr'><strong>TECTUM.</strong></span> 
     </span>
    </p>
   </div>
   <div class='ocr_carea' id='block_1_3' title="bbox 234 460 1840 556">
    <p class='ocr_par' dir='ltr' id='par_1_3' title="bbox 234 460 1840 556">
     <span class='ocr_line' id='line_1_3' title="bbox 234 460 1840 556; baseline -0.023 -8"><span class='ocrx_word' id='word_1_8' title='bbox 234 504 338 549; x_wconf 81' lang='lat' dir='ltr'><strong>tem</strong></span> <span class='ocrx_word' id='word_1_9' title='bbox 382 489 589 553; x_wconf 84' lang='lat' dir='ltr'><strong>sciatis,</strong></span> <span class='ocrx_word' id='word_1_10' title='bbox 620 484 741 556; x_wconf 73' lang='lat' dir='ltr'><strong>quia</strong></span> <span class='ocrx_word' id='word_1_11' title='bbox 777 481 948 537; x_wconf 73' lang='lat' dir='ltr'><strong>Filius</strong></span> <span class='ocrx_word' id='word_1_12' title='bbox 982 475 1203 533; x_wconf 72' lang='lat' dir='ltr'><strong>hominis</strong></span> <span class='ocrx_word' id='word_1_13' title='bbox 1242 472 1389 526; x_wconf 86' lang='lat' dir='ltr'><strong>habet</strong></span> <span class='ocrx_word' id='word_1_14' title='bbox 1438 460 1840 556; x_wconf 40' lang='lat' dir='ltr'><strong>potestatem-in</strong></span> 
     </span>
    </p>
   </div>
   <div class='ocr_carea' id='block_1_4' title="bbox 236 549 1850 646">
    <p class='ocr_par' dir='ltr' id='par_1_4' title="bbox 236 549 1850 646">
     <span class='ocr_line' id='line_1_4' title="bbox 236 549 1850 646; baseline -0.022 -7"><span class='ocrx_word' id='word_1_15' title='bbox 236 595 376 639; x_wconf 76' lang='lat' dir='ltr'><strong>terra</strong></span> <span class='ocrx_word' id='word_1_16' title='bbox 415 549 937 646; x_wconf 57' lang='lat' dir='ltr'><strong>discutiendi-peccata</strong></span> <span class='ocrx_word' id='word_1_17' title='bbox 964 567 1179 637; x_wconf 63' lang='lat' dir='ltr'><strong>(Matth.</strong></span> <span class='ocrx_word' id='word_1_18' title='bbox 1211 564 1266 620; x_wconf 83' lang='lat'><strong>9.</strong></span> <span class='ocrx_word' id='word_1_19' title='bbox 1297 559 1367 631; x_wconf 86' lang='lat'><strong>6)</strong></span> <span class='ocrx_word' id='word_1_20' title='bbox 1406 549 1850 615; x_wconf 82' lang='lat' dir='ltr'><strong>:adeocurabat</strong></span> 
     </span>
    </p>
   </div>
   <div class='ocr_carea' id='block_1_5' title="bbox 236 645 1849 730">
    <p class='ocr_par' dir='ltr' id='par_1_5' title="bbox 236 645 1849 730">
     <span class='ocr_line' id='line_1_5' title="bbox 236 645 1849 730; baseline -0.021 0"><span class='ocrx_word' id='word_1_21' title='bbox 236 690 304 730; x_wconf 87' lang='lat' dir='ltr'><strong>ac</strong></span> <span class='ocrx_word' id='word_1_22' title='bbox 326 669 586 728; x_wconf 80' lang='lat' dir='ltr'><strong>studebat</strong></span> <span class='ocrx_word' id='word_1_23' title='bbox 606 667 711 725; x_wconf 75' lang='lat' dir='ltr'><strong>hoc</strong></span> <span class='ocrx_word' id='word_1_24' title='bbox 733 645 979 721; x_wconf 84' lang='lat' dir='ltr'><strong>maxime</strong></span> <span class='ocrx_word' id='word_1_25' title='bbox 1003 657 1292 716; x_wconf 77' lang='lat' dir='ltr'><strong>ostendere</strong></span> <span class='ocrx_word' id='word_1_26' title='bbox 1330 651 1432 708; x_wconf 87' lang='lat' dir='ltr'><strong>sibi</strong></span> <span class='ocrx_word' id='word_1_27' title='bbox 1455 645 1702 705; x_wconf 82' lang='lat' dir='ltr'><strong>eamdem</strong></span> <span class='ocrx_word' id='word_1_28' title='bbox 1725 655 1849 698; x_wconf 83' lang='lat' dir='ltr'><strong>esse</strong></span> 
     </span>
    </p>
   </div>
   <div class='ocr_carea' id='block_1_6' title="bbox 236 758 987 822">
    <p class='ocr_par' dir='ltr' id='par_1_6' title="bbox 236 758 987 822">
     <span class='ocr_line' id='line_1_6' title="bbox 236 758 987 822; baseline -0.02 1"><span class='ocrx_word' id='word_1_29' title='bbox 236 763 618 822; x_wconf 70' lang='lat' dir='ltr'><strong>essetoritstem</strong></span> <span class='ocrx_word' id='word_1_30' title='bbox 644 773 781 815; x_wconf 86' lang='lat' dir='ltr'><strong>cum-</strong></span> <span class='ocrx_word' id='word_1_31' title='bbox 797 758 987 815; x_wconf 66' lang='lat' dir='ltr'><strong>Patre-</strong></span> 
     </span>
    </p>
   </div>
   <div class='ocr_carea' id='block_1_7' title="bbox 282 826 1852 922">
    <p class='ocr_par' dir='ltr' id='par_1_7' title="bbox 282 826 1852 922">
     <span class='ocr_line' id='line_1_7' title="bbox 282 826 1852 922; baseline -0.02 -11"><span class='ocrx_word' id='word_1_32' title='bbox 282 852 372 911; x_wconf 75' lang='lat'><strong>-8.</strong></span> <span class='ocrx_word' id='word_1_33' title='bbox 410 850 666 922; x_wconf 71' lang='lat' dir='ltr'><strong>Epilogus</strong></span> <span class='ocrx_word' id='word_1_34' title='bbox 692 847 942 903; x_wconf 75' lang='lat' dir='ltr'><strong>sermonis</strong></span> <span class='ocrx_word' id='word_1_35' title='bbox 975 858 1076 913; x_wconf 82' lang='lat' dir='ltr'><strong>quo</strong></span> <span class='ocrx_word' id='word_1_36' title='bbox 1114 839 1184 894; x_wconf 89' lang='lat' dir='ltr'><strong>ad</strong></span> <span class='ocrx_word' id='word_1_37' title='bbox 1214 836 1511 909; x_wconf 73' lang='lat' dir='ltr'><strong>patientiam</strong></span> <span class='ocrx_word' id='word_1_38' title='bbox 1540 831 1595 885; x_wconf 86' lang='lat' dir='ltr'><strong>in</strong></span> <span class='ocrx_word' id='word_1_39' title='bbox 1624 826 1852 883; x_wconf 75' lang='lat' dir='ltr'><strong>adversis</strong></span> 
     </span>
    </p>
   </div>
   <div class='ocr_carea' id='block_1_8' title="bbox 236 922 1852 1011">
    <p class='ocr_par' dir='ltr' id='par_1_8' title="bbox 236 922 1852 1011">
     <span class='ocr_line' id='line_1_8' title="bbox 236 922 1852 1011; baseline -0.018 -9"><span class='ocrx_word' id='word_1_40' title='bbox 236 941 766 1001; x_wconf 60' lang='lat' dir='ltr'><strong>cohortatum—Hec</strong></span> <span class='ocrx_word' id='word_1_41' title='bbox 795 938 954 1011; x_wconf 87' lang='lat' dir='ltr'><strong>igitur</strong></span> <span class='ocrx_word' id='word_1_42' title='bbox 972 934 1151 991; x_wconf 97' lang='lat' dir='ltr'><strong>omnia</strong></span> <span class='ocrx_word' id='word_1_43' title='bbox 1172 942 1225 987; x_wconf 89' lang='lat' dir='ltr'><strong>et</strong></span> <span class='ocrx_word' id='word_1_44' title='bbox 1251 944 1372 1002; x_wconf 66' lang='lat' dir='ltr'><strong>quae</strong></span> <span class='ocrx_word' id='word_1_45' title='bbox 1402 927 1660 983; x_wconf 86' lang='lat' dir='ltr'><strong>hesterno</strong></span> <span class='ocrx_word' id='word_1_46' title='bbox 1677 922 1764 977; x_wconf 90' lang='lat' dir='ltr'><strong>die</strong></span> <span class='ocrx_word' id='word_1_47' title='bbox 1788 934 1852 974; x_wconf 85' lang='lat' dir='ltr'><strong>ac</strong></span> 
     </span>
    </p>
   </div>
   <div class='ocr_carea' id='block_1_9' title="bbox 238 1014 1853 1094">
    <p class='ocr_par' dir='ltr' id='par_1_9' title="bbox 238 1014 1853 1094">
     <span class='ocr_line' id='line_1_9' title="bbox 238 1014 1853 1094; baseline -0.016 -3"><span class='ocrx_word' id='word_1_48' title='bbox 238 1032 638 1091; x_wconf 70' lang='lat' dir='ltr'><strong>nudiustertius</strong></span> <span class='ocrx_word' id='word_1_49' title='bbox 671 1032 813 1087; x_wconf 86' lang='lat' dir='ltr'><strong>dicta</strong></span> <span class='ocrx_word' id='word_1_50' title='bbox 854 1037 1002 1093; x_wconf 88' lang='lat' dir='ltr'><strong>sunt,</strong></span> <span class='ocrx_word' id='word_1_51' title='bbox 1049 1026 1334 1094; x_wconf 78' lang='lat' dir='ltr'><strong>diligenter</strong></span> <span class='ocrx_word' id='word_1_52' title='bbox 1376 1014 1635 1073; x_wconf 78' lang='lat' dir='ltr'><strong>memoria</strong></span> <span class='ocrx_word' id='word_1_53' title='bbox 1668 1023 1853 1068; x_wconf 83' lang='lat' dir='ltr'><strong>tenea-</strong></span> 
     </span>
    </p>
   </div>
   <div class='ocr_carea' id='block_1_10' title="bbox 241 1102 1854 1193">
    <p class='ocr_par' dir='ltr' id='par_1_10' title="bbox 241 1102 1854 1193">
     <span class='ocr_line' id='line_1_10' title="bbox 241 1102 1854 1193; baseline -0.017 -10"><span class='ocrx_word' id='word_1_54' title='bbox 241 1140 387 1192; x_wconf 86' lang='lat' dir='ltr'><strong>mus,</strong></span> <span class='ocrx_word' id='word_1_55' title='bbox 407 1140 473 1181; x_wconf 86' lang='lat' dir='ltr'><strong>ac</strong></span> <span class='ocrx_word' id='word_1_56' title='bbox 495 1125 664 1181; x_wconf 85' lang='lat' dir='ltr'><strong>Deum</strong></span> <span class='ocrx_word' id='word_1_57' title='bbox 686 1134 991 1193; x_wconf 85' lang='lat' dir='ltr'><strong>precemur,</strong></span> <span class='ocrx_word' id='word_1_58' title='bbox 1020 1124 1079 1171; x_wconf 91' lang='lat' dir='ltr'><strong>ut</strong></span> <span class='ocrx_word' id='word_1_59' title='bbox 1103 1132 1167 1171; x_wconf 91' lang='lat' dir='ltr'><strong>ea</strong></span> <span class='ocrx_word' id='word_1_60' title='bbox 1195 1115 1247 1169; x_wconf 92' lang='lat' dir='ltr'><strong>in</strong></span> <span class='ocrx_word' id='word_1_61' title='bbox 1270 1120 1453 1168; x_wconf 85' lang='lat' dir='ltr'><strong>nostra</strong></span> <span class='ocrx_word' id='word_1_62' title='bbox 1480 1115 1662 1164; x_wconf 86' lang='lat' dir='ltr'><strong>mente</strong></span> <span class='ocrx_word' id='word_1_63' title='bbox 1678 1102 1854 1159; x_wconf 88' lang='lat' dir='ltr'><strong>defixa</strong></span> 
     </span>
    </p>
   </div>
   <div class='ocr_carea' id='block_1_11' title="bbox 243 1200 1857 1287">
    <p class='ocr_par' dir='ltr' id='par_1_11' title="bbox 243 1200 1857 1287">
     <span class='ocr_line' id='line_1_11' title="bbox 243 1200 1857 1287; baseline -0.015 -14"><span class='ocrx_word' id='word_1_64' title='bbox 243 1222 624 1287; x_wconf 85' lang='lat' dir='ltr'><strong>permaneant,</strong></span> <span class='ocrx_word' id='word_1_65' title='bbox 648 1221 1001 1281; x_wconf 90' lang='lat' dir='ltr'><strong>nostrumque</strong></span> <span class='ocrx_word' id='word_1_66' title='bbox 1030 1205 1267 1262; x_wconf 88' lang='lat' dir='ltr'><strong>studium</strong></span> <span class='ocrx_word' id='word_1_67' title='bbox 1298 1200 1664 1287; x_wconf 82' lang='lat' dir='ltr'><strong>conferamus,</strong></span> <span class='ocrx_word' id='word_1_68' title='bbox 1692 1205 1857 1287; x_wconf 79' lang='lat' dir='ltr'><strong>atque</strong></span> 
     </span>
    </p>
   </div>
   <div class='ocr_carea' id='block_1_12' title="bbox 243 1285 1857 1371">
    <p class='ocr_par' dir='ltr' id='par_1_12' title="bbox 243 1285 1857 1371">
     <span class='ocr_line' id='line_1_12' title="bbox 243 1285 1857 1371; baseline -0.014 -10"><span class='ocrx_word' id='word_1_69' title='bbox 243 1285 316 1360; x_wconf 71' lang='lat' dir='ltr'><strong>ad</strong></span> <span class='ocrx_word' id='word_1_70' title='bbox 345 1305 491 1361; x_wconf 89' lang='lat' dir='ltr'><strong>hunc</strong></span> <span class='ocrx_word' id='word_1_71' title='bbox 519 1303 698 1359; x_wconf 92' lang='lat' dir='ltr'><strong>locum</strong></span> <span class='ocrx_word' id='word_1_72' title='bbox 728 1300 1041 1371; x_wconf 84' lang='lat' dir='ltr'><strong>frequenter</strong></span> <span class='ocrx_word' id='word_1_73' title='bbox 1068 1294 1407 1352; x_wconf 84' lang='lat' dir='ltr'><strong>accedamus.</strong></span> <span class='ocrx_word' id='word_1_74' title='bbox 1452 1290 1543 1345; x_wconf 89' lang='lat' dir='ltr'><strong>Sic</strong></span> <span class='ocrx_word' id='word_1_75' title='bbox 1566 1286 1711 1343; x_wconf 89' lang='lat' dir='ltr'><strong>enim</strong></span> <span class='ocrx_word' id='word_1_76' title='bbox 1743 1285 1857 1352; x_wconf 89' lang='lat' dir='ltr'><strong>fiet,</strong></span> 
     </span>
    </p>
   </div>
   <div class='ocr_carea' id='block_1_13' title="bbox 246 1378 1858 1467">
    <p class='ocr_par' dir='ltr' id='par_1_13' title="bbox 246 1378 1858 1467">
     <span class='ocr_line' id='line_1_13' title="bbox 246 1378 1858 1467; baseline -0.012 -15"><span class='ocrx_word' id='word_1_77' title='bbox 246 1407 306 1451; x_wconf 85' lang='lat' dir='ltr'><strong>ut</strong></span> <span class='ocrx_word' id='word_1_78' title='bbox 336 1404 393 1452; x_wconf 85' lang='lat' dir='ltr'><strong>et</strong></span> <span class='ocrx_word' id='word_1_79' title='bbox 420 1411 484 1451; x_wconf 85' lang='lat' dir='ltr'><strong>ea</strong></span> <span class='ocrx_word' id='word_1_80' title='bbox 512 1409 633 1467; x_wconf 70' lang='lat' dir='ltr'><strong>qua</strong></span> <span class='ocrx_word' id='word_1_81' title='bbox 660 1393 906 1463; x_wconf 81' lang='lat' dir='ltr'><strong>superius</strong></span> <span class='ocrx_word' id='word_1_82' title='bbox 925 1390 1068 1445; x_wconf 83' lang='lat' dir='ltr'><strong>dicta</strong></span> <span class='ocrx_word' id='word_1_83' title='bbox 1094 1396 1220 1443; x_wconf 84' lang='lat' dir='ltr'><strong>sunt</strong></span> <span class='ocrx_word' id='word_1_84' title='bbox 1246 1395 1652 1447; x_wconf 74' lang='lat' dir='ltr'><strong>conservemus,</strong></span> <span class='ocrx_word' id='word_1_85' title='bbox 1674 1388 1729 1435; x_wconf 91' lang='lat' dir='ltr'><strong>et</strong></span> <span class='ocrx_word' id='word_1_86' title='bbox 1755 1378 1858 1433; x_wconf 87' lang='lat' dir='ltr'><strong>alia</strong></span> 
     </span>
    </p>
   </div>
   <div class='ocr_carea' id='block_1_14' title="bbox 247 1474 1859 1555">
    <p class='ocr_par' dir='ltr' id='par_1_14' title="bbox 247 1474 1859 1555">
     <span class='ocr_line' id='line_1_14' title="bbox 247 1474 1859 1555; baseline -0.014 -11"><span class='ocrx_word' id='word_1_87' title='bbox 247 1501 439 1543; x_wconf 87' lang='lat' dir='ltr'><strong>rursus</strong></span> <span class='ocrx_word' id='word_1_88' title='bbox 466 1485 808 1555; x_wconf 88' lang='lat' dir='ltr'><strong>scquiramus</strong></span> <span class='ocrx_word' id='word_1_89' title='bbox 834 1498 865 1537; x_wconf 87' lang='lat'><strong>:.</strong></span> <span class='ocrx_word' id='word_1_90' title='bbox 886 1480 1112 1553; x_wconf 78' lang='lat' dir='ltr'><strong>quodsi</strong></span> <span class='ocrx_word' id='word_1_91' title='bbox 1131 1477 1258 1549; x_wconf 73' lang='lat' dir='ltr'><strong>quid</strong></span> <span class='ocrx_word' id='word_1_92' title='bbox 1287 1474 1427 1531; x_wconf 88' lang='lat' dir='ltr'><strong>forte</strong></span> <span class='ocrx_word' id='word_1_93' title='bbox 1460 1475 1615 1545; x_wconf 88' lang='lat' dir='ltr'><strong>lapsu</strong></span> <span class='ocrx_word' id='word_1_94' title='bbox 1647 1483 1859 1541; x_wconf 84' lang='lat' dir='ltr'><strong>tempo-</strong></span> 
     </span>
    </p>
   </div>
   <div class='ocr_carea' id='block_1_15' title="bbox 245 1564 1856 1643">
    <p class='ocr_par' dir='ltr' id='par_1_15' title="bbox 245 1564 1856 1643">
     <span class='ocr_line' id='line_1_15' title="bbox 245 1564 1856 1643; baseline -0.012 -8"><span class='ocrx_word' id='word_1_95' title='bbox 245 1581 327 1635; x_wconf 85' lang='lat' dir='ltr'><strong>ris</strong></span> <span class='ocrx_word' id='word_1_96' title='bbox 353 1578 639 1643; x_wconf 88' lang='lat' dir='ltr'><strong>effluxerit,</strong></span> <span class='ocrx_word' id='word_1_97' title='bbox 670 1576 826 1632; x_wconf 78' lang='lat' dir='ltr'><strong>facile</strong></span> <span class='ocrx_word' id='word_1_98' title='bbox 851 1573 984 1630; x_wconf 86' lang='lat' dir='ltr'><strong>illud</strong></span> <span class='ocrx_word' id='word_1_99' title='bbox 1013 1571 1228 1635; x_wconf 88' lang='lat' dir='ltr'><strong>assidua</strong></span> <span class='ocrx_word' id='word_1_100' title='bbox 1255 1568 1499 1624; x_wconf 90' lang='lat' dir='ltr'><strong>doctrina</strong></span> <span class='ocrx_word' id='word_1_101' title='bbox 1525 1564 1721 1621; x_wconf 75' lang='lat' dir='ltr'><strong>exculti</strong></span> <span class='ocrx_word' id='word_1_102' title='bbox 1751 1579 1856 1633; x_wconf 87' lang='lat' dir='ltr'><strong>po-</strong></span> 
     </span>
    </p>
   </div>
   <div class='ocr_carea' id='block_1_16' title="bbox 249 1656 1861 1739">
    <p class='ocr_par' dir='ltr' id='par_1_16' title="bbox 249 1656 1861 1739">
     <span class='ocr_line' id='line_1_16' title="bbox 249 1656 1861 1739; baseline -0.011 -13"><span class='ocrx_word' id='word_1_103' title='bbox 249 1669 475 1724; x_wconf 81' lang='lat' dir='ltr'><strong>terimus</strong></span> <span class='ocrx_word' id='word_1_104' title='bbox 494 1681 838 1739; x_wconf 70' lang='lat' dir='ltr'><strong>recupenre.</strong></span> <span class='ocrx_word' id='word_1_105' title='bbox 863 1665 1048 1733; x_wconf 79' lang='lat' dir='ltr'><strong>Neque</strong></span> <span class='ocrx_word' id='word_1_106' title='bbox 1071 1678 1206 1718; x_wconf 90' lang='lat' dir='ltr'><strong>vero</strong></span> <span class='ocrx_word' id='word_1_107' title='bbox 1231 1658 1360 1716; x_wconf 83' lang='lat' dir='ltr'><strong>sana</strong></span> <span class='ocrx_word' id='word_1_108' title='bbox 1384 1669 1589 1713; x_wconf 89' lang='lat' dir='ltr'><strong>tantum</strong></span> <span class='ocrx_word' id='word_1_109' title='bbox 1612 1656 1861 1727; x_wconf 89' lang='lat' dir='ltr'><strong>dogmata</strong></span> 
     </span>
    </p>
   </div>
   <div class='ocr_carea' id='block_1_17' title="bbox 249 1752 1862 1832">
    <p class='ocr_par' dir='ltr' id='par_1_17' title="bbox 249 1752 1862 1832">
     <span class='ocr_line' id='line_1_17' title="bbox 249 1752 1862 1832; baseline -0.012 -12"><span class='ocrx_word' id='word_1_110' title='bbox 249 1761 647 1832; x_wconf 86' lang='lat' dir='ltr'><strong>permanebunt</strong></span> <span class='ocrx_word' id='word_1_111' title='bbox 692 1768 755 1815; x_wconf 81' lang='lat' dir='ltr'><strong>et</strong></span> <span class='ocrx_word' id='word_1_112' title='bbox 789 1759 1121 1826; x_wconf 89' lang='lat' dir='ltr'><strong>incorrupta,</strong></span> <span class='ocrx_word' id='word_1_113' title='bbox 1169 1753 1264 1809; x_wconf 80' lang='lat' dir='ltr'><strong>sed</strong></span> <span class='ocrx_word' id='word_1_114' title='bbox 1310 1761 1379 1808; x_wconf 86' lang='lat' dir='ltr'><strong>et</strong></span> <span class='ocrx_word' id='word_1_115' title='bbox 1411 1752 1573 1805; x_wconf 89' lang='lat' dir='ltr'><strong>vitam</strong></span> <span class='ocrx_word' id='word_1_116' title='bbox 1623 1757 1862 1803; x_wconf 77' lang='lat' dir='ltr'><strong>nostram</strong></span> 
     </span>
    </p>
   </div>
   <div class='ocr_carea' id='block_1_18' title="bbox 251 1839 1865 1923">
    <p class='ocr_par' dir='ltr' id='par_1_18' title="bbox 251 1839 1865 1923">
     <span class='ocr_line' id='line_1_18' title="bbox 251 1839 1865 1923; baseline -0.008 -16"><span class='ocrx_word' id='word_1_117' title='bbox 251 1852 444 1923; x_wconf 85' lang='lat' dir='ltr'><strong>majori</strong></span> <span class='ocrx_word' id='word_1_118' title='bbox 468 1839 601 1908; x_wconf 77' lang='lat' dir='ltr'><strong>cura</strong></span> <span class='ocrx_word' id='word_1_119' title='bbox 640 1858 695 1905; x_wconf 89' lang='lat' dir='ltr'><strong>et</strong></span> <span class='ocrx_word' id='word_1_120' title='bbox 722 1849 971 1906; x_wconf 84' lang='lat' dir='ltr'><strong>cautione</strong></span> <span class='ocrx_word' id='word_1_121' title='bbox 996 1847 1312 1916; x_wconf 82' lang='lat' dir='ltr'><strong>dirigemus,</strong></span> <span class='ocrx_word' id='word_1_122' title='bbox 1352 1851 1562 1897; x_wconf 63' lang='lat' dir='ltr'><strong>etcum</strong></span> <span class='ocrx_word' id='word_1_123' title='bbox 1592 1840 1865 1908; x_wconf 78' lang='lat' dir='ltr'><strong>voluptate</strong></span> 
     </span>
    </p>
   </div>
   <div class='ocr_carea' id='block_1_19' title="bbox 250 1929 1863 2014">
    <p class='ocr_par' dir='ltr' id='par_1_19' title="bbox 250 1929 1863 2014">
     <span class='ocr_line' id='line_1_19' title="bbox 250 1929 1863 2014; baseline -0.01 -16"><span class='ocrx_word' id='word_1_124' title='bbox 250 1944 527 2014; x_wconf 84' lang='lat' dir='ltr'><strong>animique</strong></span> <span class='ocrx_word' id='word_1_125' title='bbox 553 1940 937 2012; x_wconf 85' lang='lat' dir='ltr'><strong>tranquillitate</strong></span> <span class='ocrx_word' id='word_1_126' title='bbox 970 1938 1074 1993; x_wconf 88' lang='lat' dir='ltr'><strong>hoc</strong></span> <span class='ocrx_word' id='word_1_127' title='bbox 1118 1951 1314 1991; x_wconf 65' lang='lat' dir='ltr'><strong>aevum</strong></span> <span class='ocrx_word' id='word_1_128' title='bbox 1334 1932 1634 2002; x_wconf 75' lang='lat' dir='ltr'><strong>transigere</strong></span> <span class='ocrx_word' id='word_1_129' title='bbox 1662 1929 1863 1985; x_wconf 84' lang='lat' dir='ltr'><strong>licebit.</strong></span> 
     </span>
    </p>
   </div>
   <div class='ocr_carea' id='block_1_20' title="bbox 250 2021 1865 2105">
    <p class='ocr_par' dir='ltr' id='par_1_20' title="bbox 250 2021 1865 2105">
     <span class='ocr_line' id='line_1_20' title="bbox 250 2021 1865 2105; baseline -0.011 -15"><span class='ocrx_word' id='word_1_130' title='bbox 250 2033 389 2090; x_wconf 74' lang='lat' dir='ltr'><strong>Nam</strong></span> <span class='ocrx_word' id='word_1_131' title='bbox 412 2046 760 2105; x_wconf 79' lang='lat' dir='ltr'><strong>quzecumque</strong></span> <span class='ocrx_word' id='word_1_132' title='bbox 783 2030 995 2086; x_wconf 80' lang='lat' dir='ltr'><strong>tandem</strong></span> <span class='ocrx_word' id='word_1_133' title='bbox 1020 2025 1351 2098; x_wconf 84' lang='lat' dir='ltr'><strong>perturbatio</strong></span> <span class='ocrx_word' id='word_1_134' title='bbox 1372 2032 1609 2079; x_wconf 83' lang='lat' dir='ltr'><strong>nostram</strong></span> <span class='ocrx_word' id='word_1_135' title='bbox 1631 2021 1865 2075; x_wconf 85' lang='lat' dir='ltr'><strong>animam</strong></span> 
     </span>
    </p>
   </div>
   <div class='ocr_carea' id='block_1_21' title="bbox 252 2112 1871 2195">
    <p class='ocr_par' dir='ltr' id='par_1_21' title="bbox 252 2112 1871 2195">
     <span class='ocr_line' id='line_1_21' title="bbox 252 2112 1871 2195; baseline -0.009 -15"><span class='ocrx_word' id='word_1_136' title='bbox 252 2125 511 2195; x_wconf 73' lang='lat' dir='ltr'><strong>exagitet,</strong></span> <span class='ocrx_word' id='word_1_137' title='bbox 539 2124 665 2178; x_wconf 91' lang='lat' dir='ltr'><strong>dum</strong></span> <span class='ocrx_word' id='word_1_138' title='bbox 697 2122 751 2178; x_wconf 92' lang='lat' dir='ltr'><strong>in</strong></span> <span class='ocrx_word' id='word_1_139' title='bbox 779 2120 921 2176; x_wconf 89' lang='lat' dir='ltr'><strong>hunc</strong></span> <span class='ocrx_word' id='word_1_140' title='bbox 950 2116 1526 2181; x_wconf 88' lang='lat' dir='ltr'><strong>locumconvenimus,</strong></span> <span class='ocrx_word' id='word_1_141' title='bbox 1559 2112 1717 2168; x_wconf 82' lang='lat' dir='ltr'><strong>facile</strong></span> <span class='ocrx_word' id='word_1_142' title='bbox 1747 2113 1871 2167; x_wconf 72' lang='lat' dir='ltr'><strong>dis-—</strong></span> 
     </span>
    </p>
   </div>
   <div class='ocr_carea' id='block_1_22' title="bbox 254 2205 1865 2286">
    <p class='ocr_par' dir='ltr' id='par_1_22' title="bbox 254 2205 1865 2286">
     <span class='ocr_line' id='line_1_22' title="bbox 254 2205 1865 2286; baseline -0.009 -14"><span class='ocrx_word' id='word_1_143' title='bbox 254 2217 370 2273; x_wconf 90' lang='lat' dir='ltr'><strong>cuti</strong></span> <span class='ocrx_word' id='word_1_144' title='bbox 402 2219 603 2286; x_wconf 90' lang='lat' dir='ltr'><strong>poterit</strong></span> <span class='ocrx_word' id='word_1_145' title='bbox 634 2233 648 2269; x_wconf 91' lang='lat'><strong>:</strong></span> <span class='ocrx_word' id='word_1_146' title='bbox 678 2212 1197 2285; x_wconf 72' lang='lat' dir='ltr'><strong>quandoquidemet</strong></span> <span class='ocrx_word' id='word_1_147' title='bbox 1223 2208 1468 2264; x_wconf 79' lang='lat' dir='ltr'><strong>Christus</strong></span> <span class='ocrx_word' id='word_1_148' title='bbox 1507 2220 1651 2259; x_wconf 84' lang='lat' dir='ltr'><strong>nunc</strong></span> <span class='ocrx_word' id='word_1_149' title='bbox 1692 2205 1865 2270; x_wconf 85' lang='lat' dir='ltr'><strong>adest,</strong></span> 
     </span>
    </p>
   </div>
   <div class='ocr_carea' id='block_1_23' title="bbox 254 2297 1869 2379">
    <p class='ocr_par' dir='ltr' id='par_1_23' title="bbox 254 2297 1869 2379">
     <span class='ocr_line' id='line_1_23' title="bbox 254 2297 1869 2379; baseline -0.01 -14"><span class='ocrx_word' id='word_1_150' title='bbox 254 2318 315 2365; x_wconf 87' lang='lat' dir='ltr'><strong>et</strong></span> <span class='ocrx_word' id='word_1_151' title='bbox 341 2310 431 2379; x_wconf 92' lang='lat' dir='ltr'><strong>qui</strong></span> <span class='ocrx_word' id='word_1_152' title='bbox 458 2322 579 2364; x_wconf 89' lang='lat' dir='ltr'><strong>cum</strong></span> <span class='ocrx_word' id='word_1_153' title='bbox 622 2307 728 2363; x_wconf 86' lang='lat' dir='ltr'><strong>fide</strong></span> <span class='ocrx_word' id='word_1_154' title='bbox 757 2306 823 2360; x_wconf 86' lang='lat' dir='ltr'><strong>ad</strong></span> <span class='ocrx_word' id='word_1_155' title='bbox 871 2306 1019 2360; x_wconf 88' lang='lat' dir='ltr'><strong>illum</strong></span> <span class='ocrx_word' id='word_1_156' title='bbox 1049 2302 1299 2366; x_wconf 70' lang='lat' dir='ltr'><strong>accedit,</strong></span> <span class='ocrx_word' id='word_1_157' title='bbox 1325 2299 1536 2354; x_wconf 82' lang='lat' dir='ltr'><strong>facilem</strong></span> <span class='ocrx_word' id='word_1_158' title='bbox 1576 2297 1869 2366; x_wconf 85' lang='lat' dir='ltr'><strong>adepturus</strong></span> 
     </span>
    </p>
   </div>
   <div class='ocr_carea' id='block_1_24' title="bbox 257 2387 1896 2467">
    <p class='ocr_par' dir='ltr' id='par_1_24' title="bbox 257 2387 1896 2467">
     <span class='ocr_line' id='line_1_24' title="bbox 257 2387 1896 2467; baseline -0.009 -12"><span class='ocrx_word' id='word_1_159' title='bbox 257 2410 344 2455; x_wconf 84' lang='lat' dir='ltr'><strong>est</strong></span> <span class='ocrx_word' id='word_1_160' title='bbox 369 2400 723 2454; x_wconf 89' lang='lat' dir='ltr'><strong>curationem.</strong></span> <span class='ocrx_word' id='word_1_161' title='bbox 758 2397 1079 2467; x_wconf 81' lang='lat' dir='ltr'><strong>Paupertate</strong></span> <span class='ocrx_word' id='word_1_162' title='bbox 1110 2394 1230 2465; x_wconf 87' lang='lat' dir='ltr'><strong>quis</strong></span> <span class='ocrx_word' id='word_1_163' title='bbox 1259 2391 1477 2446; x_wconf 88' lang='lat' dir='ltr'><strong>assidua</strong></span> <span class='ocrx_word' id='word_1_164' title='bbox 1508 2387 1896 2452; x_wconf 79' lang='lat' dir='ltr'><strong>conﬂictatur,-</strong></span> 
     </span>
    </p>
   </div>
   <div class='ocr_carea' id='block_1_25' title="bbox 258 2480 1872 2549">
    <p class='ocr_par' dir='ltr' id='par_1_25' title="bbox 258 2480 1872 2549">
     <span class='ocr_line' id='line_1_25' title="bbox 258 2480 1872 2549; baseline -0.007 -2"><span class='ocrx_word' id='word_1_165' title='bbox 258 2501 323 2547; x_wconf 90' lang='lat' dir='ltr'><strong>et</strong></span> <span class='ocrx_word' id='word_1_166' title='bbox 344 2490 997 2547; x_wconf 81' lang='lat' dir='ltr'><strong>necessariisdestituitur</strong></span> <span class='ocrx_word' id='word_1_167' title='bbox 1022 2488 1312 2549; x_wconf 88' lang='lat' dir='ltr'><strong>alimentis,</strong></span> <span class='ocrx_word' id='word_1_168' title='bbox 1342 2492 1398 2539; x_wconf 90' lang='lat' dir='ltr'><strong>et</strong></span> <span class='ocrx_word' id='word_1_169' title='bbox 1425 2483 1567 2538; x_wconf 89' lang='lat' dir='ltr'><strong>fame</strong></span> <span class='ocrx_word' id='word_1_170' title='bbox 1594 2480 1872 2537; x_wconf 86' lang='lat' dir='ltr'><strong>confectus</strong></span> 
     </span>
    </p>
   </div>
   <div class='ocr_carea' id='block_1_26' title="bbox 258 2559 1871 2655">
    <p class='ocr_par' dir='ltr' id='par_1_26' title="bbox 258 2559 1871 2655">
     <span class='ocr_line' id='line_1_26' title="bbox 258 2559 1871 2655; baseline -0.009 -14"><span class='ocrx_word' id='word_1_171' title='bbox 258 2599 637 2655; x_wconf 64' lang='lat' dir='ltr'><strong>sapeuumero</strong></span> <span class='ocrx_word' id='word_1_172' title='bbox 656 2582 853 2639; x_wconf 88' lang='lat' dir='ltr'><strong>lectum</strong></span> <span class='ocrx_word' id='word_1_173' title='bbox 884 2559 1035 2651; x_wconf 81' lang='lat' dir='ltr'><strong>petiit</strong></span> <span class='ocrx_word' id='word_1_174' title='bbox 1062 2597 1075 2633; x_wconf 92' lang='lat'><strong>:</strong></span> <span class='ocrx_word' id='word_1_175' title='bbox 1108 2588 1285 2634; x_wconf 89' lang='lat' dir='ltr'><strong>tamen</strong></span> <span class='ocrx_word' id='word_1_176' title='bbox 1304 2577 1407 2631; x_wconf 90' lang='lat' dir='ltr'><strong>huc</strong></span> <span class='ocrx_word' id='word_1_177' title='bbox 1430 2576 1723 2646; x_wconf 87' lang='lat' dir='ltr'><strong>ingressus.</strong></span> <span class='ocrx_word' id='word_1_178' title='bbox 1750 2588 1871 2627; x_wconf 91' lang='lat' dir='ltr'><strong>cum</strong></span> 
     </span>
    </p>
   </div>
   <div class='ocr_carea' id='block_1_27' title="bbox 261 2667 1874 2740">
    <p class='ocr_par' dir='ltr' id='par_1_27' title="bbox 261 2667 1874 2740">
     <span class='ocr_line' id='line_1_27' title="bbox 261 2667 1874 2740; baseline -0.007 -7"><span class='ocrx_word' id='word_1_179' title='bbox 261 2678 495 2734; x_wconf 77' lang='lat' dir='ltr'><strong>audierit</strong></span> <span class='ocrx_word' id='word_1_180' title='bbox 518 2676 742 2732; x_wconf 90' lang='lat' dir='ltr'><strong>Paulum</strong></span> <span class='ocrx_word' id='word_1_181' title='bbox 773 2675 1067 2740; x_wconf 86' lang='lat' dir='ltr'><strong>dicentem,</strong></span> <span class='ocrx_word' id='word_1_182' title='bbox 1098 2674 1152 2727; x_wconf 87' lang='lat' dir='ltr'><strong>in</strong></span> <span class='ocrx_word' id='word_1_183' title='bbox 1180 2670 1320 2725; x_wconf 89' lang='lat' dir='ltr'><strong>fame</strong></span> <span class='ocrx_word' id='word_1_184' title='bbox 1348 2680 1402 2724; x_wconf 90' lang='lat' dir='ltr'><strong>et</strong></span> <span class='ocrx_word' id='word_1_185' title='bbox 1431 2670 1518 2723; x_wconf 85' lang='lat' dir='ltr'><strong>siti</strong></span> <span class='ocrx_word' id='word_1_186' title='bbox 1549 2678 1603 2723; x_wconf 91' lang='lat' dir='ltr'><strong>et</strong></span> <span class='ocrx_word' id='word_1_187' title='bbox 1634 2667 1874 2722; x_wconf 82' lang='lat' dir='ltr'><strong>nuditate</strong></span> 
     </span>
    </p>
   </div>
   <div class='ocr_carea' id='block_1_28' title="bbox 262 2758 1887 2839">
    <p class='ocr_par' dir='ltr' id='par_1_28' title="bbox 262 2758 1887 2839">
     <span class='ocr_line' id='line_1_28' title="bbox 262 2758 1887 2839; baseline -0.007 -15"><span class='ocrx_word' id='word_1_188' title='bbox 262 2785 326 2823; x_wconf 90' lang='lat' dir='ltr'><strong>se</strong></span> <span class='ocrx_word' id='word_1_189' title='bbox 352 2768 575 2839; x_wconf 88' lang='lat' dir='ltr'><strong>degere,</strong></span> <span class='ocrx_word' id='word_1_190' title='bbox 592 2781 758 2837; x_wconf 82' lang='lat' dir='ltr'><strong>seque</strong></span> <span class='ocrx_word' id='word_1_191' title='bbox 785 2781 893 2821; x_wconf 91' lang='lat' dir='ltr'><strong>non</strong></span> <span class='ocrx_word' id='word_1_192' title='bbox 916 2780 1042 2828; x_wconf 92' lang='lat' dir='ltr'><strong>uno,</strong></span> <span class='ocrx_word' id='word_1_193' title='bbox 1075 2774 1167 2818; x_wconf 90' lang='lat' dir='ltr'><strong>aut</strong></span> <span class='ocrx_word' id='word_1_194' title='bbox 1195 2761 1425 2827; x_wconf 90' lang='lat' dir='ltr'><strong>duobus,</strong></span> <span class='ocrx_word' id='word_1_195' title='bbox 1452 2768 1544 2815; x_wconf 88' lang='lat' dir='ltr'><strong>aut</strong></span> <span class='ocrx_word' id='word_1_196' title='bbox 1566 2759 1740 2814; x_wconf 84' lang='lat' dir='ltr'><strong>tribus</strong></span> <span class='ocrx_word' id='word_1_197' title='bbox 1755 2758 1887 2813; x_wconf 75' lang='lat' dir='ltr'><strong>die-</strong></span> 
     </span>
    </p>
   </div>
   <div class='ocr_carea' id='block_1_29' title="bbox 265 2848 1874 2937">
    <p class='ocr_par' dir='ltr' id='par_1_29' title="bbox 265 2848 1874 2937">
     <span class='ocr_line' id='line_1_29' title="bbox 265 2848 1874 2937; baseline -0.009 -22"><span class='ocrx_word' id='word_1_198' title='bbox 265 2858 514 2937; x_wconf 20' lang='lat' dir='ltr'><strong>bns,rsed</strong></span> <span class='ocrx_word' id='word_1_199' title='bbox 545 2868 805 2930; x_wconf 88' lang='lat' dir='ltr'><strong>perpetuo</strong></span> <span class='ocrx_word' id='word_1_200' title='bbox 846 2871 1063 2927; x_wconf 87' lang='lat' dir='ltr'><strong>passum</strong></span> <span class='ocrx_word' id='word_1_201' title='bbox 1104 2870 1226 2910; x_wconf 82' lang='lat' dir='ltr'><strong>esse</strong></span> <span class='ocrx_word' id='word_1_202' title='bbox 1266 2851 1431 2925; x_wconf 90' lang='lat' dir='ltr'><strong>(quod</strong></span> <span class='ocrx_word' id='word_1_203' title='bbox 1470 2850 1686 2921; x_wconf 87' lang='lat' dir='ltr'><strong>quidem</strong></span> <span class='ocrx_word' id='word_1_204' title='bbox 1733 2848 1874 2922; x_wconf 82' lang='lat' dir='ltr'><strong>iqdi-</strong></span> 
     </span>
    </p>
   </div>
   <div class='ocr_carea' id='block_1_30' title="bbox 170 2936 1879 3021">
    <p class='ocr_par' dir='ltr' id='par_1_30' title="bbox 170 2936 1879 3021">
     <span class='ocr_line' id='line_1_30' title="bbox 170 2936 1879 3021; baseline -0.01 -12"><span class='ocrx_word' id='word_1_205' title='bbox 170 2936 177 2939; x_wconf 20' lang='lat' dir='ltr'><strong>A</strong></span> <span class='ocrx_word' id='word_1_206' title='bbox 260 2968 399 3008; x_wconf 88' lang='lat' dir='ltr'><strong>cans</strong></span> <span class='ocrx_word' id='word_1_207' title='bbox 424 2951 623 3016; x_wconf 86' lang='lat' dir='ltr'><strong>aiebat,</strong></span> <span class='ocrx_word' id='word_1_208' title='bbox 657 2948 832 3021; x_wconf 75' lang='lat' dir='ltr'><strong>Usque</strong></span> <span class='ocrx_word' id='word_1_209' title='bbox 857 2949 1070 3004; x_wconf 75' lang='lat' dir='ltr'><strong>tnhonc</strong></span> <span class='ocrx_word' id='word_1_210' title='bbox 1099 2948 1355 3001; x_wconf 73' lang='lat' dir='ltr'><strong>horamst</strong></span> <span class='ocrx_word' id='word_1_211' title='bbox 1396 2944 1739 3009; x_wconf 80' lang='lat' dir='ltr'><strong>esurimus,.et</strong></span> <span class='ocrx_word' id='word_1_212' title='bbox 1768 2942 1879 2995; x_wconf 77' lang='lat' dir='ltr'><strong>siti-</strong></span> 
     </span>
    </p>
   </div>
   <div class='ocr_carea' id='block_1_31' title="bbox 265 3031 1879 3109">
    <p class='ocr_par' dir='ltr' id='par_1_31' title="bbox 265 3031 1879 3109">
     <span class='ocr_line' id='line_1_31' title="bbox 265 3031 1879 3109; baseline -0.007 -12"><span class='ocrx_word' id='word_1_213' title='bbox 265 3058 403 3105; x_wconf 81' lang='lat' dir='ltr'><strong>mus,</strong></span> <span class='ocrx_word' id='word_1_214' title='bbox 433 3040 632 3096; x_wconf 79' lang='lat' dir='ltr'><strong>st-nudi</strong></span> <span class='ocrx_word' id='word_1_215' title='bbox 660 3045 863 3109; x_wconf 83' lang='lat' dir='ltr'><strong>sumus|</strong></span> <span class='ocrx_word' id='word_1_216' title='bbox 887 3046 912 3096; x_wconf 86' lang='grc'><strong>1</strong></span> <span class='ocrx_word' id='word_1_217' title='bbox 945 3052 1066 3093; x_wconf 71' lang='grc' dir='ltr'><strong>δον.</strong></span> <span class='ocrx_word' id='word_1_218' title='bbox 1097 3039 1150 3093; x_wconf 78' lang='grc'><strong>4.</strong></span> <span class='ocrx_word' id='word_1_219' title='bbox 1185 3031 1308 3104; x_wconf 77' lang='lat' dir='ltr'><strong>il],</strong></span> <span class='ocrx_word' id='word_1_220' title='bbox 1333 3034 1689 3090; x_wconf 88' lang='lat' dir='ltr'><strong>sufficientem</strong></span> <span class='ocrx_word' id='word_1_221' title='bbox 1716 3047 1879 3087; x_wconf 73' lang='lat' dir='ltr'><strong>exeo</strong></span> 
     </span>
    </p>
   </div>
   <div class='ocr_carea' id='block_1_32' title="bbox 272 3126 1881 3203">
    <p class='ocr_par' dir='ltr' id='par_1_32' title="bbox 272 3126 1881 3203">
     <span class='ocr_line' id='line_1_32' title="bbox 272 3126 1881 3203; baseline -0.004 -17"><span class='ocrx_word' id='word_1_222' title='bbox 272 3133 700 3188; x_wconf 75' lang='lat' dir='ltr'><strong>uottsolationem</strong></span> <span class='ocrx_word' id='word_1_223' title='bbox 732 3130 1011 3203; x_wconf 85' lang='lat' dir='ltr'><strong>percipiet,</strong></span> <span class='ocrx_word' id='word_1_224' title='bbox 1042 3145 1165 3185; x_wconf 91' lang='lat' dir='ltr'><strong>cum</strong></span> <span class='ocrx_word' id='word_1_225' title='bbox 1198 3145 1261 3183; x_wconf 88' lang='lat' dir='ltr'><strong>ex</strong></span> <span class='ocrx_word' id='word_1_226' title='bbox 1306 3128 1372 3183; x_wconf 88' lang='lat' dir='ltr'><strong>iis</strong></span> <span class='ocrx_word' id='word_1_227' title='bbox 1414 3143 1534 3199; x_wconf 69' lang='lat' dir='ltr'><strong>quae</strong></span> <span class='ocrx_word' id='word_1_228' title='bbox 1572 3126 1715 3180; x_wconf 81' lang='lat' dir='ltr'><strong>dicta</strong></span> <span class='ocrx_word' id='word_1_229' title='bbox 1754 3133 1881 3180; x_wconf 89' lang='lat' dir='ltr'><strong>sunt</strong></span> 
     </span>
    </p>
   </div>
   <div class='ocr_carea' id='block_1_33' title="bbox 268 3220 1880 3294">
    <p class='ocr_par' dir='ltr' id='par_1_33' title="bbox 268 3220 1880 3294">
     <span class='ocr_line' id='line_1_33' title="bbox 268 3220 1880 3294; baseline -0.004 -15"><span class='ocrx_word' id='word_1_230' title='bbox 268 3224 521 3280; x_wconf 83' lang='lat' dir='ltr'><strong>didicerit</strong></span> <span class='ocrx_word' id='word_1_231' title='bbox 542 3224 736 3289; x_wconf 88' lang='lat' dir='ltr'><strong>Deum,</strong></span> <span class='ocrx_word' id='word_1_232' title='bbox 764 3240 871 3279; x_wconf 88' lang='lat' dir='ltr'><strong>non</strong></span> <span class='ocrx_word' id='word_1_233' title='bbox 892 3222 1036 3294; x_wconf 91' lang='lat' dir='ltr'><strong>quod</strong></span> <span class='ocrx_word' id='word_1_234' title='bbox 1058 3222 1203 3278; x_wconf 91' lang='lat' dir='ltr'><strong>illum</strong></span> <span class='ocrx_word' id='word_1_235' title='bbox 1230 3220 1452 3283; x_wconf 87' lang='lat' dir='ltr'><strong>odisset,</strong></span> <span class='ocrx_word' id='word_1_236' title='bbox 1483 3220 1535 3274; x_wconf 90' lang='lat' dir='ltr'><strong>in</strong></span> <span class='ocrx_word' id='word_1_237' title='bbox 1564 3227 1880 3290; x_wconf 87' lang='lat' dir='ltr'><strong>paupertate</strong></span> 
     </span>
    </p>
   </div>
   <div class='ocr_carea' id='block_1_34' title="bbox 269 3312 1881 3389">
    <p class='ocr_par' dir='ltr' id='par_1_34' title="bbox 269 3312 1881 3389">
     <span class='ocr_line' id='line_1_34' title="bbox 269 3312 1881 3389; baseline -0.006 -13"><span class='ocrx_word' id='word_1_238' title='bbox 269 3318 479 3377; x_wconf 86' lang='lat' dir='ltr'><strong>versari</strong></span> <span class='ocrx_word' id='word_1_239' title='bbox 503 3317 814 3389; x_wconf 79' lang='lat' dir='ltr'><strong>permisisse</strong></span> <span class='ocrx_word' id='word_1_240' title='bbox 842 3335 855 3372; x_wconf 88' lang='grc'>;</span> <span class='ocrx_word' id='word_1_241' title='bbox 885 3316 1255 3387; x_wconf 78' lang='lat' dir='ltr'><strong>nequeenim,</strong></span> <span class='ocrx_word' id='word_1_242' title='bbox 1275 3315 1320 3369; x_wconf 90' lang='lat' dir='ltr'><strong>si</strong></span> <span class='ocrx_word' id='word_1_243' title='bbox 1347 3314 1473 3368; x_wconf 90' lang='lat' dir='ltr'><strong>odio</strong></span> <span class='ocrx_word' id='word_1_244' title='bbox 1502 3314 1753 3385; x_wconf 80' lang='lat' dir='ltr'><strong>prosequi</strong></span> <span class='ocrx_word' id='word_1_245' title='bbox 1777 3312 1881 3367; x_wconf 80' lang='lat' dir='ltr'><strong>hoc</strong></span> 
     </span>
    </p>
   </div>
   <div class='ocr_carea' id='block_1_35' title="bbox 272 3403 1888 3479">
    <p class='ocr_par' dir='ltr' id='par_1_35' title="bbox 272 3403 1888 3479">
     <span class='ocr_line' id='line_1_35' title="bbox 272 3403 1888 3479; baseline -0.004 -16"><span class='ocrx_word' id='word_1_246' title='bbox 272 3417 443 3475; x_wconf 79' lang='lat' dir='ltr'><strong>esset,</strong></span> <span class='ocrx_word' id='word_1_247' title='bbox 478 3409 646 3463; x_wconf 88' lang='lat' dir='ltr'><strong>Paulo</strong></span> <span class='ocrx_word' id='word_1_248' title='bbox 678 3424 789 3479; x_wconf 80' lang='lat' dir='ltr'><strong>prae</strong></span> <span class='ocrx_word' id='word_1_249' title='bbox 817 3417 1030 3464; x_wconf 64' lang='lat' dir='ltr'><strong>caeteris</strong></span> <span class='ocrx_word' id='word_1_250' title='bbox 1055 3406 1306 3463; x_wconf 87' lang='lat' dir='ltr'><strong>omnibus</strong></span> <span class='ocrx_word' id='word_1_251' title='bbox 1330 3406 1506 3459; x_wconf 88' lang='lat' dir='ltr'><strong>amico</strong></span> <span class='ocrx_word' id='word_1_252' title='bbox 1533 3420 1632 3459; x_wconf 88' lang='lat' dir='ltr'><strong>suo</strong></span> <span class='ocrx_word' id='word_1_253' title='bbox 1663 3404 1714 3457; x_wconf 91' lang='lat' dir='ltr'><strong>id</strong></span> <span class='ocrx_word' id='word_1_254' title='bbox 1744 3403 1888 3457; x_wconf 78' lang='lat' dir='ltr'><strong>acri-</strong></span> 
     </span>
    </p>
   </div>
   <div class='ocr_carea' id='block_1_36' title="bbox 271 3494 1887 3569">
    <p class='ocr_par' dir='ltr' id='par_1_36' title="bbox 271 3494 1887 3569">
     <span class='ocr_line' id='line_1_36' title="bbox 271 3494 1887 3569; baseline -0.005 -14"><span class='ocrx_word' id='word_1_255' title='bbox 271 3499 407 3555; x_wconf 80' lang='lat' dir='ltr'><strong>dere</strong></span> <span class='ocrx_word' id='word_1_256' title='bbox 431 3498 765 3569; x_wconf 80' lang='lat' dir='ltr'><strong>permisisset</strong></span> <span class='ocrx_word' id='word_1_257' title='bbox 794 3520 807 3552; x_wconf 88' lang='lat'><strong>:</strong></span> <span class='ocrx_word' id='word_1_258' title='bbox 840 3515 1023 3554; x_wconf 86' lang='lat' dir='ltr'><strong>verum</strong></span> <span class='ocrx_word' id='word_1_259' title='bbox 1053 3497 1193 3569; x_wconf 92' lang='lat' dir='ltr'><strong>quod</strong></span> <span class='ocrx_word' id='word_1_260' title='bbox 1233 3496 1304 3552; x_wconf 87' lang='lat' dir='ltr'><strong>de</strong></span> <span class='ocrx_word' id='word_1_261' title='bbox 1325 3511 1393 3551; x_wconf 91' lang='lat' dir='ltr'><strong>eo</strong></span> <span class='ocrx_word' id='word_1_262' title='bbox 1432 3494 1691 3550; x_wconf 86' lang='lat' dir='ltr'><strong>sollicitus</strong></span> <span class='ocrx_word' id='word_1_263' title='bbox 1716 3504 1887 3562; x_wconf 85' lang='lat' dir='ltr'><strong>esset,</strong></span> 
     </span>
    </p>
   </div>
   <div class='ocr_carea' id='block_1_37' title="bbox 274 3586 1887 3661">
    <p class='ocr_par' dir='ltr' id='par_1_37' title="bbox 274 3586 1887 3661">
     <span class='ocr_line' id='line_1_37' title="bbox 274 3586 1887 3661; baseline -0.002 -17"><span class='ocrx_word' id='word_1_264' title='bbox 274 3591 437 3661; x_wconf 79' lang='lat' dir='ltr'><strong>eique</strong></span> <span class='ocrx_word' id='word_1_265' title='bbox 467 3590 793 3661; x_wconf 80' lang='lat' dir='ltr'><strong>provideret,</strong></span> <span class='ocrx_word' id='word_1_266' title='bbox 840 3598 1001 3660; x_wconf 87' lang='lat' dir='ltr'><strong>atque</strong></span> <span class='ocrx_word' id='word_1_267' title='bbox 1046 3589 1119 3644; x_wconf 76' lang='lat' dir='ltr'><strong>ad</strong></span> <span class='ocrx_word' id='word_1_268' title='bbox 1162 3588 1421 3658; x_wconf 77' lang='lat' dir='ltr'><strong>majorem</strong></span> <span class='ocrx_word' id='word_1_269' title='bbox 1466 3588 1614 3641; x_wconf 86' lang='lat' dir='ltr'><strong>illum</strong></span> <span class='ocrx_word' id='word_1_270' title='bbox 1645 3586 1887 3657; x_wconf 86' lang='lat' dir='ltr'><strong>philoso-</strong></span> 
     </span>
    </p>
   </div>
   <div class='ocr_carea' id='block_1_38' title="bbox 277 3678 1889 3751">
    <p class='ocr_par' dir='ltr' id='par_1_38' title="bbox 277 3678 1889 3751">
     <span class='ocr_line' id='line_1_38' title="bbox 277 3678 1889 3751; baseline -0.001 -16"><span class='ocrx_word' id='word_1_271' title='bbox 277 3681 459 3751; x_wconf 85' lang='lat' dir='ltr'><strong>phiam</strong></span> <span class='ocrx_word' id='word_1_272' title='bbox 491 3690 848 3750; x_wconf 75' lang='lat' dir='ltr'><strong>promoveret.</strong></span> <span class='ocrx_word' id='word_1_273' title='bbox 895 3681 989 3735; x_wconf 84' lang='lat' dir='ltr'><strong>Est</strong></span> <span class='ocrx_word' id='word_1_274' title='bbox 1015 3681 1151 3733; x_wconf 89' lang='lat' dir='ltr'><strong>alius</strong></span> <span class='ocrx_word' id='word_1_275' title='bbox 1190 3678 1478 3749; x_wconf 86' lang='lat' dir='ltr'><strong>quispiam,</strong></span> <span class='ocrx_word' id='word_1_276' title='bbox 1509 3678 1660 3747; x_wconf 86' lang='lat' dir='ltr'><strong>cujus</strong></span> <span class='ocrx_word' id='word_1_277' title='bbox 1693 3692 1889 3745; x_wconf 82' lang='lat' dir='ltr'><strong>corpus</strong></span> 
     </span>
    </p>
   </div>
   <div class='ocr_carea' id='block_1_39' title="bbox 279 3772 1889 3831">
    <p class='ocr_par' dir='ltr' id='par_1_39' title="bbox 279 3772 1889 3831">
     <span class='ocr_line' id='line_1_39' title="bbox 279 3772 1889 3831; baseline -0.003 -3"><span class='ocrx_word' id='word_1_278' title='bbox 279 3774 483 3829; x_wconf 85' lang='lat' dir='ltr'><strong>morbis</strong></span> <span class='ocrx_word' id='word_1_279' title='bbox 527 3789 592 3830; x_wconf 83' lang='lat' dir='ltr'><strong>ac</strong></span> <span class='ocrx_word' id='word_1_280' title='bbox 636 3775 791 3831; x_wconf 84' lang='lat' dir='ltr'><strong>malls</strong></span> <span class='ocrx_word' id='word_1_281' title='bbox 824 3774 1124 3829; x_wconf 89' lang='lat' dir='ltr'><strong>innumeris</strong></span> <span class='ocrx_word' id='word_1_282' title='bbox 1166 3772 1491 3829; x_wconf 70' lang='lat' dir='ltr'><strong>obsidetur?</strong></span> <span class='ocrx_word' id='word_1_283' title='bbox 1520 3772 1889 3826; x_wconf 86' lang='lat' dir='ltr'><strong>Snflicientcm</strong></span> 
     </span>
    </p>
   </div>
   <div class='ocr_carea' id='block_1_40' title="bbox 280 3862 1890 3933">
    <p class='ocr_par' dir='ltr' id='par_1_40' title="bbox 280 3862 1890 3933">
     <span class='ocr_line' id='line_1_40' title="bbox 280 3862 1890 3933; baseline -0.001 -16"><span class='ocrx_word' id='word_1_284' title='bbox 280 3864 405 3920; x_wconf 84' lang='lat' dir='ltr'><strong>linic</strong></span> <span class='ocrx_word' id='word_1_285' title='bbox 449 3863 677 3920; x_wconf 83' lang='lat' dir='ltr'><strong>afferent</strong></span> <span class='ocrx_word' id='word_1_286' title='bbox 729 3864 1157 3919; x_wconf 84' lang='lat' dir='ltr'><strong>consolationem</strong></span> <span class='ocrx_word' id='word_1_287' title='bbox 1200 3862 1621 3933; x_wconf 85' lang='lat' dir='ltr'><strong>paralyticorum</strong></span> <span class='ocrx_word' id='word_1_288' title='bbox 1666 3862 1890 3915; x_wconf 90' lang='lat' dir='ltr'><strong>istorum</strong></span> 
     </span>
    </p>
   </div>
   <div class='ocr_carea' id='block_1_41' title="bbox 279 3952 1895 4024">
    <p class='ocr_par' dir='ltr' id='par_1_41' title="bbox 279 3952 1895 4024">
     <span class='ocr_line' id='line_1_41' title="bbox 279 3952 1895 4024; baseline -0.002 -15"><span class='ocrx_word' id='word_1_289' title='bbox 279 3969 528 4024; x_wconf 81' lang='lat' dir='ltr'><strong>corpora,</strong></span> <span class='ocrx_word' id='word_1_290' title='bbox 564 3964 621 4009; x_wconf 91' lang='lat' dir='ltr'><strong>et</strong></span> <span class='ocrx_word' id='word_1_291' title='bbox 649 3969 771 4009; x_wconf 90' lang='lat' dir='ltr'><strong>cum</strong></span> <span class='ocrx_word' id='word_1_292' title='bbox 804 3956 908 4009; x_wconf 85' lang='lat' dir='ltr'><strong>illis</strong></span> <span class='ocrx_word' id='word_1_293' title='bbox 936 3955 1127 4009; x_wconf 87' lang='lat' dir='ltr'><strong>beatus</strong></span> <span class='ocrx_word' id='word_1_294' title='bbox 1162 3969 1224 4007; x_wconf 91' lang='lat' dir='ltr'><strong>ac</strong></span> <span class='ocrx_word' id='word_1_295' title='bbox 1252 3968 1557 4024; x_wconf 83' lang='lat' dir='ltr'><strong>generosus</strong></span> <span class='ocrx_word' id='word_1_296' title='bbox 1592 3952 1761 4007; x_wconf 79' lang='lat' dir='ltr'><strong>Pauli</strong></span> <span class='ocrx_word' id='word_1_297' title='bbox 1785 3953 1895 4006; x_wconf 84' lang='lat' dir='ltr'><strong>dis—</strong></span> 
     </span>
    </p>
   </div>
   <div class='ocr_carea' id='block_1_42' title="bbox 280 4042 1892 4117">
    <p class='ocr_par' dir='ltr' id='par_1_42' title="bbox 280 4042 1892 4117">
     <span class='ocr_line' id='line_1_42' title="bbox 280 4042 1892 4117; baseline -0.005 -16"><span class='ocrx_word' id='word_1_298' title='bbox 280 4045 631 4117; x_wconf 70' lang='lat' dir='ltr'><strong>eipulus,.qui</strong></span> <span class='ocrx_word' id='word_1_299' title='bbox 660 4046 930 4115; x_wconf 85' lang='lat' dir='ltr'><strong>perpetuis</strong></span> <span class='ocrx_word' id='word_1_300' title='bbox 954 4044 1156 4099; x_wconf 86' lang='lat' dir='ltr'><strong>morbis</strong></span> <span class='ocrx_word' id='word_1_301' title='bbox 1184 4042 1614 4105; x_wconf 63' lang='lat' dir='ltr'><strong>conﬂictabatur,</strong></span> <span class='ocrx_word' id='word_1_302' title='bbox 1645 4056 1743 4095; x_wconf 89' lang='lat' dir='ltr'><strong>nec</strong></span> <span class='ocrx_word' id='word_1_303' title='bbox 1773 4057 1892 4094; x_wconf 88' lang='lat' dir='ltr'><strong>utn-</strong></span> 
     </span>
    </p>
   </div>
   <div class='ocr_carea' id='block_1_43' title="bbox 282 4134 1895 4210">
    <p class='ocr_par' dir='ltr' id='par_1_43' title="bbox 282 4134 1895 4210">
     <span class='ocr_line' id='line_1_43' title="bbox 282 4134 1895 4210; baseline -0.002 -18"><span class='ocrx_word' id='word_1_304' title='bbox 282 4154 495 4207; x_wconf 79' lang='lat' dir='ltr'><strong>qnama</strong></span> <span class='ocrx_word' id='word_1_305' title='bbox 526 4141 682 4210; x_wconf 84' lang='lat' dir='ltr'><strong>longa</strong></span> <span class='ocrx_word' id='word_1_306' title='bbox 704 4138 1022 4209; x_wconf 65' lang='lat' dir='ltr'><strong>aegritudine</strong></span> <span class='ocrx_word' id='word_1_307' title='bbox 1050 4136 1371 4206; x_wconf 83' lang='lat' dir='ltr'><strong>respirabat.</strong></span> <span class='ocrx_word' id='word_1_308' title='bbox 1406 4135 1547 4206; x_wconf 80' lang='lat' dir='ltr'><strong>quod</strong></span> <span class='ocrx_word' id='word_1_309' title='bbox 1570 4134 1732 4189; x_wconf 87' lang='lat' dir='ltr'><strong>etiam</strong></span> <span class='ocrx_word' id='word_1_310' title='bbox 1758 4135 1895 4189; x_wconf 79' lang='lat' dir='ltr'><strong>Pau-</strong></span> 
     </span>
    </p>
   </div>
   <div class='ocr_carea' id='block_1_44' title="bbox 286 4226 1895 4297">
    <p class='ocr_par' dir='ltr' id='par_1_44' title="bbox 286 4226 1895 4297">
     <span class='ocr_line' id='line_1_44' title="bbox 286 4226 1895 4297; baseline -0.005 -11"><span class='ocrx_word' id='word_1_311' title='bbox 286 4232 370 4286; x_wconf 64' lang='lat' dir='ltr'><strong>lis</strong></span> <span class='ocrx_word' id='word_1_312' title='bbox 404 4231 617 4287; x_wconf 85' lang='lat' dir='ltr'><strong>dicebat</strong></span> <span class='ocrx_word' id='word_1_313' title='bbox 669 4250 683 4287; x_wconf 89' lang='lat'><strong>:</strong></span> <span class='ocrx_word' id='word_1_314' title='bbox 727 4230 933 4285; x_wconf 73' lang='lat' dir='ltr'><strong>Modico</strong></span> <span class='ocrx_word' id='word_1_315' title='bbox 978 4231 1091 4283; x_wconf 78' lang='lat' dir='ltr'><strong>vino</strong></span> <span class='ocrx_word' id='word_1_316' title='bbox 1138 4232 1280 4282; x_wconf 79' lang='lat' dir='ltr'><strong>utere</strong></span> <span class='ocrx_word' id='word_1_317' title='bbox 1320 4236 1529 4297; x_wconf 81' lang='lat' dir='ltr'><strong>propter</strong></span> <span class='ocrx_word' id='word_1_318' title='bbox 1576 4226 1895 4280; x_wconf 88' lang='lat' dir='ltr'><strong>stomacfmm</strong></span> 
     </span>
    </p>
   </div>
   <div class='ocr_carea' id='block_1_45' title="bbox 286 4316 1893 4391">
    <p class='ocr_par' dir='ltr' id='par_1_45' title="bbox 286 4316 1893 4391">
     <span class='ocr_line' id='line_1_45' title="bbox 286 4316 1893 4391; baseline -0.004 -14"><span class='ocrx_word' id='word_1_319' title='bbox 286 4333 450 4387; x_wconf 79' lang='lat' dir='ltr'><strong>tuum,</strong></span> <span class='ocrx_word' id='word_1_320' title='bbox 483 4333 530 4376; x_wconf 78' lang='lat' dir='ltr'><strong>et</strong></span> <span class='ocrx_word' id='word_1_321' title='bbox 560 4323 849 4391; x_wconf 73' lang='lat' dir='ltr'><strong>frequentes</strong></span> <span class='ocrx_word' id='word_1_322' title='bbox 879 4331 992 4374; x_wconf 85' lang='lat' dir='ltr'><strong>tuas</strong></span> <span class='ocrx_word' id='word_1_323' title='bbox 1032 4320 1354 4387; x_wconf 82' lang='lat' dir='ltr'><strong>inﬁrmitates</strong></span> <span class='ocrx_word' id='word_1_324' title='bbox 1387 4320 1405 4389; x_wconf 96' lang='lat'><strong>(</strong></span> <span class='ocrx_word' id='word_1_325' title='bbox 1434 4320 1482 4371; x_wconf 88' lang='lat' dir='ltr'><strong>l.</strong></span> <span class='ocrx_word' id='word_1_326' title='bbox 1520 4316 1651 4370; x_wconf 86' lang='lat' dir='ltr'><strong>Tim.</strong></span> <span class='ocrx_word' id='word_1_327' title='bbox 1686 4317 1737 4372; x_wconf 83' lang='grc'><strong>5.</strong></span> <span class='ocrx_word' id='word_1_328' title='bbox 1767 4316 1836 4370; x_wconf 72' lang='grc'><strong>23</strong></span> <span class='ocrx_word' id='word_1_329' title='bbox 1856 4318 1893 4383; x_wconf 91' lang='lat'><strong>),</strong></span> 
     </span>
    </p>
   </div>
   <div class='ocr_carea' id='block_1_46' title="bbox 286 4409 1895 4485">
    <p class='ocr_par' dir='ltr' id='par_1_46' title="bbox 286 4409 1895 4485">
     <span class='ocr_line' id='line_1_46' title="bbox 286 4409 1895 4485; baseline -0.004 -14"><span class='ocrx_word' id='word_1_330' title='bbox 286 4432 393 4471; x_wconf 89' lang='lat' dir='ltr'><strong>non</strong></span> <span class='ocrx_word' id='word_1_331' title='bbox 426 4414 740 4485; x_wconf 83' lang='lat' dir='ltr'><strong>simpliciter</strong></span> <span class='ocrx_word' id='word_1_332' title='bbox 768 4414 903 4468; x_wconf 73' lang='lat' dir='ltr'><strong>dixit</strong></span> <span class='ocrx_word' id='word_1_333' title='bbox 935 4413 1295 4466; x_wconf 84' lang='lat' dir='ltr'><strong>infirmitates.</strong></span> <span class='ocrx_word' id='word_1_334' title='bbox 1328 4411 1479 4464; x_wconf 82' lang='lat' dir='ltr'><strong>Alius</strong></span> <span class='ocrx_word' id='word_1_335' title='bbox 1507 4409 1773 4480; x_wconf 87' lang='lat' dir='ltr'><strong>quispiam</strong></span> <span class='ocrx_word' id='word_1_336' title='bbox 1802 4425 1895 4465; x_wconf 87' lang='lat' dir='ltr'><strong>ca.-</strong></span> 
     </span>
    </p>
   </div>
   <div class='ocr_carea' id='block_1_47' title="bbox 287 4500 1895 4575">
    <p class='ocr_par' dir='ltr' id='par_1_47' title="bbox 287 4500 1895 4575">
     <span class='ocr_line' id='line_1_47' title="bbox 287 4500 1895 4575; baseline -0.005 -14"><span class='ocrx_word' id='word_1_337' title='bbox 287 4506 506 4561; x_wconf 88' lang='lat' dir='ltr'><strong>lnmniis</strong></span> <span class='ocrx_word' id='word_1_338' title='bbox 544 4505 819 4575; x_wconf 78' lang='lat' dir='ltr'><strong>appetitus</strong></span> <span class='ocrx_word' id='word_1_339' title='bbox 846 4514 929 4559; x_wconf 90' lang='lat' dir='ltr'><strong>est</strong></span> <span class='ocrx_word' id='word_1_340' title='bbox 958 4504 1026 4557; x_wconf 90' lang='lat' dir='ltr'><strong>ab</strong></span> <span class='ocrx_word' id='word_1_341' title='bbox 1072 4504 1158 4570; x_wconf 89' lang='lat' dir='ltr'><strong>iis,</strong></span> <span class='ocrx_word' id='word_1_342' title='bbox 1207 4503 1298 4572; x_wconf 91' lang='lat' dir='ltr'><strong>qui</strong></span> <span class='ocrx_word' id='word_1_343' title='bbox 1343 4516 1590 4570; x_wconf 87' lang='lat' dir='ltr'><strong>magnam</strong></span> <span class='ocrx_word' id='word_1_344' title='bbox 1633 4500 1707 4555; x_wconf 92' lang='lat' dir='ltr'><strong>illi</strong></span> <span class='ocrx_word' id='word_1_345' title='bbox 1755 4500 1895 4570; x_wconf 90' lang='lat' dir='ltr'><strong>apud</strong></span> 
     </span>
    </p>
   </div>
   <div class='ocr_carea' id='block_1_48' title="bbox 288 4590 1896 4670">
    <p class='ocr_par' dir='ltr' id='par_1_48' title="bbox 288 4590 1896 4670">
     <span class='ocr_line' id='line_1_48' title="bbox 288 4590 1896 4670; baseline -0.004 -19"><span class='ocrx_word' id='word_1_346' title='bbox 288 4598 544 4670; x_wconf 79' lang='lat' dir='ltr'><strong>populum</strong></span> <span class='ocrx_word' id='word_1_347' title='bbox 566 4594 867 4651; x_wconf 71' lang='lat' dir='ltr'><strong>conhnrunt</strong></span> <span class='ocrx_word' id='word_1_348' title='bbox 884 4594 1179 4661; x_wconf 87' lang='lat' dir='ltr'><strong>infamiam,</strong></span> <span class='ocrx_word' id='word_1_349' title='bbox 1210 4602 1369 4663; x_wconf 89' lang='lat' dir='ltr'><strong>atque</strong></span> <span class='ocrx_word' id='word_1_350' title='bbox 1392 4590 1494 4646; x_wconf 91' lang='lat' dir='ltr'><strong>hoc</strong></span> <span class='ocrx_word' id='word_1_351' title='bbox 1515 4591 1634 4661; x_wconf 86' lang='lat' dir='ltr'><strong>ejus</strong></span> <span class='ocrx_word' id='word_1_352' title='bbox 1659 4590 1896 4645; x_wconf 89' lang='lat' dir='ltr'><strong>animum</strong></span> 
     </span>
    </p>
   </div>
   <div class='ocr_carea' id='block_1_49' title="bbox 286 4682 1898 4762">
    <p class='ocr_par' dir='ltr' id='par_1_49' title="bbox 286 4682 1898 4762">
     <span class='ocr_line' id='line_1_49' title="bbox 286 4682 1898 4762; baseline -0.004 -18"><span class='ocrx_word' id='word_1_353' title='bbox 286 4692 523 4762; x_wconf 81' lang='lat' dir='ltr'><strong>graviter</strong></span> <span class='ocrx_word' id='word_1_354' title='bbox 548 4689 695 4758; x_wconf 80' lang='lat' dir='ltr'><strong>angit</strong></span> <span class='ocrx_word' id='word_1_355' title='bbox 722 4698 776 4743; x_wconf 93' lang='lat' dir='ltr'><strong>et</strong></span> <span class='ocrx_word' id='word_1_356' title='bbox 808 4697 1068 4757; x_wconf 85' lang='lat' dir='ltr'><strong>perpetuo</strong></span> <span class='ocrx_word' id='word_1_357' title='bbox 1094 4688 1299 4741; x_wconf 85' lang='lat' dir='ltr'><strong>cruciat</strong></span> <span class='ocrx_word' id='word_1_358' title='bbox 1329 4704 1341 4739; x_wconf 90' lang='lat'><strong>:</strong></span> <span class='ocrx_word' id='word_1_359' title='bbox 1377 4687 1420 4740; x_wconf 89' lang='lat' dir='ltr'><strong>si</strong></span> <span class='ocrx_word' id='word_1_360' title='bbox 1462 4685 1735 4754; x_wconf 86' lang='lat' dir='ltr'><strong>ingressus</strong></span> <span class='ocrx_word' id='word_1_361' title='bbox 1779 4682 1898 4738; x_wconf 83' lang='lat' dir='ltr'><strong>fue-</strong></span> 
     </span>
    </p>
   </div>
   <div class='ocr_carea' id='block_1_50' title="bbox 287 4776 1901 4848">
    <p class='ocr_par' dir='ltr' id='par_1_50' title="bbox 287 4776 1901 4848">
     <span class='ocr_line' id='line_1_50' title="bbox 287 4776 1901 4848; baseline -0.005 -11"><span class='ocrx_word' id='word_1_362' title='bbox 287 4784 377 4848; x_wconf 88' lang='lat' dir='ltr'><strong>rit,</strong></span> <span class='ocrx_word' id='word_1_363' title='bbox 408 4789 463 4836; x_wconf 89' lang='lat' dir='ltr'><strong>et</strong></span> <span class='ocrx_word' id='word_1_364' title='bbox 490 4780 748 4845; x_wconf 81' lang='lat' dir='ltr'><strong>audierit,</strong></span> <span class='ocrx_word' id='word_1_365' title='bbox 772 4778 916 4833; x_wconf 90' lang='lat' dir='ltr'><strong>Beati</strong></span> <span class='ocrx_word' id='word_1_366' title='bbox 942 4780 1081 4845; x_wconf 90' lang='lat' dir='ltr'><strong>estis,</strong></span> <span class='ocrx_word' id='word_1_367' title='bbox 1112 4795 1230 4832; x_wconf 86' lang='lat' dir='ltr'><strong>cum</strong></span> <span class='ocrx_word' id='word_1_368' title='bbox 1253 4776 1613 4831; x_wconf 74' lang='lat' dir='ltr'><strong>maledixerint</strong></span> <span class='ocrx_word' id='word_1_369' title='bbox 1642 4776 1780 4830; x_wconf 81' lang='lat' dir='ltr'><strong>vobis</strong></span> <span class='ocrx_word' id='word_1_370' title='bbox 1815 4777 1901 4829; x_wconf 87' lang='lat' dir='ltr'><strong>ho-</strong></span> 
     </span>
    </p>
   </div>
   <div class='ocr_carea' id='block_1_51' title="bbox 288 4870 1902 4945">
    <p class='ocr_par' dir='ltr' id='par_1_51' title="bbox 288 4870 1902 4945">
     <span class='ocr_line' id='line_1_51' title="bbox 288 4870 1902 4945; baseline -0.003 -19"><span class='ocrx_word' id='word_1_371' title='bbox 288 4874 468 4934; x_wconf 71' lang='lat' dir='ltr'><strong>mines,</strong></span> <span class='ocrx_word' id='word_1_372' title='bbox 507 4883 559 4925; x_wconf 80' lang='lat' dir='ltr'><strong>st-</strong></span> <span class='ocrx_word' id='word_1_373' title='bbox 580 4872 807 4926; x_wconf 75' lang='lat' dir='ltr'><strong>dixerint</strong></span> <span class='ocrx_word' id='word_1_374' title='bbox 834 4886 983 4945; x_wconf 75' lang='lat' dir='ltr'><strong>pmne</strong></span> <span class='ocrx_word' id='word_1_375' title='bbox 1010 4871 1205 4923; x_wconf 81' lang='lat' dir='ltr'><strong>malum</strong></span> <span class='ocrx_word' id='word_1_376' title='bbox 1234 4870 1498 4923; x_wconf 83' lang='lat' dir='ltr'><strong>adversum</strong></span> <span class='ocrx_word' id='word_1_377' title='bbox 1530 4884 1615 4922; x_wconf 77' lang='lat' dir='ltr'><strong>vos</strong></span> <span class='ocrx_word' id='word_1_378' title='bbox 1653 4870 1902 4922; x_wconf 86' lang='lat' dir='ltr'><strong>mentien-</strong></span> 
     </span>
    </p>
   </div>
   <div class='ocr_carea' id='block_1_52' title="bbox 289 4962 1901 5036">
    <p class='ocr_par' dir='ltr' id='par_1_52' title="bbox 289 4962 1901 5036">
     <span class='ocr_line' id='line_1_52' title="bbox 289 4962 1901 5036; baseline -0.004 -17"><span class='ocrx_word' id='word_1_379' title='bbox 289 4977 405 5020; x_wconf 87' lang='lat' dir='ltr'><strong>tes:</strong></span> <span class='ocrx_word' id='word_1_380' title='bbox 435 4966 652 5036; x_wconf 73' lang='lat' dir='ltr'><strong>gaudete</strong></span> <span class='ocrx_word' id='word_1_381' title='bbox 696 4975 741 5018; x_wconf 88' lang='lat' dir='ltr'><strong>et</strong></span> <span class='ocrx_word' id='word_1_382' title='bbox 780 4962 1049 5028; x_wconf 73' lang='lat' dir='ltr'><strong>multata,</strong></span> <span class='ocrx_word' id='word_1_383' title='bbox 1090 4963 1331 5031; x_wconf 82' lang='lat' dir='ltr'><strong>quoniam</strong></span> <span class='ocrx_word' id='word_1_384' title='bbox 1375 4976 1563 5015; x_wconf 86' lang='lat' dir='ltr'><strong>merces</strong></span> <span class='ocrx_word' id='word_1_385' title='bbox 1606 4973 1767 5014; x_wconf 84' lang='lat' dir='ltr'><strong>vestra</strong></span> <span class='ocrx_word' id='word_1_386' title='bbox 1812 4976 1901 5013; x_wconf 81' lang='lat' dir='ltr'><strong>co-</strong></span> 
     </span>
    </p>
   </div>
   <div class='ocr_carea' id='block_1_53' title="bbox 292 5053 1903 5129">
    <p class='ocr_par' dir='ltr' id='par_1_53' title="bbox 292 5053 1903 5129">
     <span class='ocr_line' id='line_1_53' title="bbox 292 5053 1903 5129; baseline -0.001 -20"><span class='ocrx_word' id='word_1_387' title='bbox 292 5060 437 5129; x_wconf 82' lang='lat' dir='ltr'><strong>piosa</strong></span> <span class='ocrx_word' id='word_1_388' title='bbox 464 5066 535 5112; x_wconf 85' lang='lat' dir='ltr'><strong>est</strong></span> <span class='ocrx_word' id='word_1_389' title='bbox 557 5058 609 5111; x_wconf 83' lang='lat' dir='ltr'><strong>in</strong></span> <span class='ocrx_word' id='word_1_390' title='bbox 648 5058 787 5111; x_wconf 83' lang='lat' dir='ltr'><strong>ca&#39;lis</strong></span> <span class='ocrx_word' id='word_1_391' title='bbox 807 5056 1025 5125; x_wconf 72' lang='lat' dir='ltr'><strong>(Matth.</strong></span> <span class='ocrx_word' id='word_1_392' title='bbox 1050 5055 1103 5109; x_wconf 88' lang='lat'><strong>5.</strong></span> <span class='ocrx_word' id='word_1_393' title='bbox 1153 5056 1241 5109; x_wconf 89' lang='grc'><strong>11.</strong></span> <span class='ocrx_word' id='word_1_394' title='bbox 1277 5055 1364 5122; x_wconf 75' lang='grc'><strong>12)</strong></span> <span class='ocrx_word' id='word_1_395' title='bbox 1392 5072 1404 5110; x_wconf 93' lang='lat'>:</span> <span class='ocrx_word' id='word_1_396' title='bbox 1428 5070 1645 5109; x_wconf 83' lang='lat' dir='ltr'><strong>omnem</strong></span> <span class='ocrx_word' id='word_1_397' title='bbox 1667 5053 1903 5123; x_wconf 82' lang='lat' dir='ltr'><strong>deponet</strong></span> 
     </span>
    </p>
   </div>
   <div class='ocr_carea' id='block_1_54' title="bbox 290 5146 1907 5217">
    <p class='ocr_par' dir='ltr' id='par_1_54' title="bbox 290 5146 1907 5217">
     <span class='ocr_line' id='line_1_54' title="bbox 290 5146 1907 5217; baseline -0.004 -12"><span class='ocrx_word' id='word_1_398' title='bbox 290 5164 607 5214; x_wconf 71' lang='lat' dir='ltr'><strong>maerorem,</strong></span> <span class='ocrx_word' id='word_1_399' title='bbox 626 5160 681 5204; x_wconf 87' lang='lat' dir='ltr'><strong>et</strong></span> <span class='ocrx_word' id='word_1_400' title='bbox 703 5164 925 5203; x_wconf 65' lang='lat' dir='ltr'><strong>summa</strong></span> <span class='ocrx_word' id='word_1_401' title='bbox 947 5150 1223 5217; x_wconf 89' lang='lat' dir='ltr'><strong>voluptate</strong></span> <span class='ocrx_word' id='word_1_402' title='bbox 1254 5146 1637 5217; x_wconf 85' lang='lat' dir='ltr'><strong>perfundetur;</strong></span> <span class='ocrx_word' id='word_1_403' title='bbox 1680 5146 1907 5201; x_wconf 81' lang='lat' dir='ltr'><strong>subsilite</strong></span> 
     </span>
    </p>
   </div>
   <div class='ocr_carea' id='block_1_55' title="bbox 290 5238 1904 5308">
    <p class='ocr_par' dir='ltr' id='par_1_55' title="bbox 290 5238 1904 5308">
     <span class='ocr_line' id='line_1_55' title="bbox 290 5238 1904 5308; baseline -0.004 -7"><span class='ocrx_word' id='word_1_404' title='bbox 290 5245 435 5301; x_wconf 82' lang='lat' dir='ltr'><strong>enim</strong></span> <span class='ocrx_word' id='word_1_405' title='bbox 466 5253 514 5297; x_wconf 91' lang='lat' dir='ltr'><strong>et</strong></span> <span class='ocrx_word' id='word_1_406' title='bbox 542 5238 814 5302; x_wconf 31' lang='lat' dir='ltr'><strong>exsu’ltate,</strong></span> <span class='ocrx_word' id='word_1_407' title='bbox 858 5241 1050 5308; x_wconf 84' lang='lat' dir='ltr'><strong>inquit,</strong></span> <span class='ocrx_word' id='word_1_408' title='bbox 1093 5257 1208 5292; x_wconf 76' lang='lat' dir='ltr'><strong>cum</strong></span> <span class='ocrx_word' id='word_1_409' title='bbox 1251 5240 1515 5307; x_wconf 83' lang='lat' dir='ltr'><strong>injeeerint</strong></span> <span class='ocrx_word' id='word_1_410' title='bbox 1554 5240 1689 5293; x_wconf 83' lang='lat' dir='ltr'><strong>vobis</strong></span> <span class='ocrx_word' id='word_1_411' title='bbox 1725 5256 1904 5295; x_wconf 81' lang='lat' dir='ltr'><strong>nomen</strong></span> 
     </span>
    </p>
   </div>
   <div class='ocr_carea' id='block_1_56' title="bbox 292 5331 1904 5402">
    <p class='ocr_par' dir='ltr' id='par_1_56' title="bbox 292 5331 1904 5402">
     <span class='ocr_line' id='line_1_56' title="bbox 292 5331 1904 5402; baseline -0.003 -11"><span class='ocrx_word' id='word_1_412' title='bbox 292 5339 489 5393; x_wconf 82' lang='lat' dir='ltr'><strong>malum</strong></span> <span class='ocrx_word' id='word_1_413' title='bbox 511 5334 664 5401; x_wconf 86' lang='lat' dir='ltr'><strong>(Luc.</strong></span> <span class='ocrx_word' id='word_1_414' title='bbox 695 5334 747 5389; x_wconf 84' lang='lat'><strong>6.</strong></span> <span class='ocrx_word' id='word_1_415' title='bbox 776 5333 867 5387; x_wconf 70' lang='lat'><strong>2‘2.</strong></span> <span class='ocrx_word' id='word_1_416' title='bbox 892 5334 1008 5399; x_wconf 69' lang='grc'><strong>23).</strong></span> <span class='ocrx_word' id='word_1_417' title='bbox 1035 5333 1209 5401; x_wconf 80' lang='lat' dir='ltr'><strong>Atque</strong></span> <span class='ocrx_word' id='word_1_418' title='bbox 1232 5332 1354 5385; x_wconf 83' lang='lat' dir='ltr'><strong>ilios</strong></span> <span class='ocrx_word' id='word_1_419' title='bbox 1376 5331 1593 5400; x_wconf 84' lang='lat' dir='ltr'><strong>quidem</strong></span> <span class='ocrx_word' id='word_1_420' title='bbox 1608 5333 1697 5402; x_wconf 86' lang='lat' dir='ltr'><strong>qui</strong></span> <span class='ocrx_word' id='word_1_421' title='bbox 1716 5333 1904 5386; x_wconf 85' lang='lat' dir='ltr'><strong>convi-</strong></span> 
     </span>
    </p>
   </div>
   <div class='ocr_carea' id='block_1_57' title="bbox 291 5422 1906 5488">
    <p class='ocr_par' dir='ltr' id='par_1_57' title="bbox 291 5422 1906 5488">
     <span class='ocr_line' id='line_1_57' title="bbox 291 5422 1906 5488; baseline -0.003 -7"><span class='ocrx_word' id='word_1_422' title='bbox 291 5430 391 5484; x_wconf 80' lang='lat' dir='ltr'><strong>ciis</strong></span> <span class='ocrx_word' id='word_1_423' title='bbox 449 5426 777 5488; x_wconf 85' lang='lat' dir='ltr'><strong>afficiuntur,</strong></span> <span class='ocrx_word' id='word_1_424' title='bbox 836 5424 938 5478; x_wconf 87' lang='lat' dir='ltr'><strong>hoc</strong></span> <span class='ocrx_word' id='word_1_425' title='bbox 988 5423 1152 5477; x_wconf 89' lang='lat' dir='ltr'><strong>modo</strong></span> <span class='ocrx_word' id='word_1_426' title='bbox 1205 5422 1515 5476; x_wconf 79' lang='lat' dir='ltr'><strong>consolatur</strong></span> <span class='ocrx_word' id='word_1_427' title='bbox 1568 5440 1581 5476; x_wconf 88' lang='lat'><strong>:</strong></span> <span class='ocrx_word' id='word_1_428' title='bbox 1634 5437 1728 5476; x_wconf 87' lang='lat' dir='ltr'><strong>eos</strong></span> <span class='ocrx_word' id='word_1_429' title='bbox 1777 5439 1906 5477; x_wconf 86' lang='lat' dir='ltr'><strong>vero</strong></span> 
     </span>
    </p>
   </div>
   <div class='ocr_carea' id='block_1_58' title="bbox 291 5514 1903 5591">
    <p class='ocr_par' dir='ltr' id='par_1_58' title="bbox 291 5514 1903 5591">
     <span class='ocr_line' id='line_1_58' title="bbox 291 5514 1903 5591; baseline -0.003 -17"><span class='ocrx_word' id='word_1_430' title='bbox 291 5521 383 5591; x_wconf 81' lang='lat' dir='ltr'><strong>qui</strong></span> <span class='ocrx_word' id='word_1_431' title='bbox 439 5518 699 5576; x_wconf 78' lang='lat' dir='ltr'><strong>conviciis</strong></span> <span class='ocrx_word' id='word_1_432' title='bbox 753 5516 1027 5582; x_wconf 87' lang='lat' dir='ltr'><strong>afficiunt,</strong></span> <span class='ocrx_word' id='word_1_433' title='bbox 1092 5516 1247 5569; x_wconf 88' lang='lat' dir='ltr'><strong>aliter</strong></span> <span class='ocrx_word' id='word_1_434' title='bbox 1307 5524 1505 5578; x_wconf 84' lang='lat' dir='ltr'><strong>terret,</strong></span> <span class='ocrx_word' id='word_1_435' title='bbox 1567 5529 1689 5569; x_wconf 86' lang='lat' dir='ltr'><strong>cum</strong></span> <span class='ocrx_word' id='word_1_436' title='bbox 1755 5514 1830 5568; x_wconf 88' lang='lat' dir='ltr'><strong>ait</strong></span> <span class='ocrx_word' id='word_1_437' title='bbox 1892 5534 1903 5569; x_wconf 92' lang='lat'>:</span> 
     </span>
    </p>
   </div>
   <div class='ocr_carea' id='block_1_59' title="bbox 297 5608 1903 5678">
    <p class='ocr_par' dir='ltr' id='par_1_59' title="bbox 297 5608 1903 5678">
     <span class='ocr_line' id='line_1_59' title="bbox 297 5608 1903 5678; baseline -0.007 -10"><span class='ocrx_word' id='word_1_438' title='bbox 297 5612 693 5670; x_wconf 53' lang='lat' dir='ltr'><strong>Otune&#39;oerbum</strong></span> <span class='ocrx_word' id='word_1_439' title='bbox 718 5612 954 5673; x_wconf 85' lang='lat' dir='ltr'><strong>otiosum,</strong></span> <span class='ocrx_word' id='word_1_440' title='bbox 1003 5608 1138 5678; x_wconf 84' lang='lat' dir='ltr'><strong>quod</strong></span> <span class='ocrx_word' id='word_1_441' title='bbox 1179 5608 1373 5677; x_wconf 88' lang='lat' dir='ltr'><strong>loquuti</strong></span> <span class='ocrx_word' id='word_1_442' title='bbox 1422 5609 1607 5678; x_wconf 76' lang='lat' dir='ltr'><strong>fuerint</strong></span> <span class='ocrx_word' id='word_1_443' title='bbox 1654 5608 1903 5670; x_wconf 75' lang='lat' dir='ltr'><strong>homines,</strong></span> 
     </span>
    </p>
   </div>
   <div class='ocr_carea' id='block_1_60' title="bbox 295 5700 1906 5770">
    <p class='ocr_par' dir='ltr' id='par_1_60' title="bbox 295 5700 1906 5770">
     <span class='ocr_line' id='line_1_60' title="bbox 295 5700 1906 5770; baseline -0.006 -9"><span class='ocrx_word' id='word_1_444' title='bbox 295 5708 508 5761; x_wconf 75' lang='lat' dir='ltr'><strong>reddent</strong></span> <span class='ocrx_word' id='word_1_445' title='bbox 537 5708 601 5758; x_wconf 86' lang='lat' dir='ltr'><strong>de</strong></span> <span class='ocrx_word' id='word_1_446' title='bbox 629 5721 687 5758; x_wconf 80' lang='lat' dir='ltr'><strong>eo</strong></span> <span class='ocrx_word' id='word_1_447' title='bbox 717 5704 987 5765; x_wconf 86' lang='lat' dir='ltr'><strong>rationem,</strong></span> <span class='ocrx_word' id='word_1_448' title='bbox 1032 5703 1135 5755; x_wconf 77' lang='lat' dir='ltr'><strong>sive</strong></span> <span class='ocrx_word' id='word_1_449' title='bbox 1165 5702 1349 5753; x_wconf 88' lang='lat' dir='ltr'><strong>bonum</strong></span> <span class='ocrx_word' id='word_1_450' title='bbox 1378 5700 1552 5770; x_wconf 65' lang='lat' dir='ltr'><strong>fuerit,</strong></span> <span class='ocrx_word' id='word_1_451' title='bbox 1586 5700 1688 5753; x_wconf 80' lang='lat' dir='ltr'><strong>sive</strong></span> <span class='ocrx_word' id='word_1_452' title='bbox 1714 5700 1906 5752; x_wconf 84' lang='lat' dir='ltr'><strong>malum</strong></span> 
     </span>
    </p>
   </div>
   <div class='ocr_carea' id='block_1_61' title="bbox 296 5790 1903 5869">
    <p class='ocr_par' dir='ltr' id='par_1_61' title="bbox 296 5790 1903 5869">
     <span class='ocr_line' id='line_1_61' title="bbox 296 5790 1903 5869; baseline -0.003 -18"><span class='ocrx_word' id='word_1_453' title='bbox 296 5797 511 5869; x_wconf 74' lang='lat' dir='ltr'><strong>(Matth.</strong></span> <span class='ocrx_word' id='word_1_454' title='bbox 553 5796 635 5851; x_wconf 72' lang='grc'><strong>12.</strong></span> <span class='ocrx_word' id='word_1_455' title='bbox 671 5792 784 5867; x_wconf 73' lang='grc'><strong>56).</strong></span> <span class='ocrx_word' id='word_1_456' title='bbox 821 5793 1061 5847; x_wconf 72' lang='lat' dir='ltr'><strong>Filiolam</strong></span> <span class='ocrx_word' id='word_1_457' title='bbox 1100 5791 1363 5862; x_wconf 71' lang='lat' dir='ltr'><strong>quispiam</strong></span> <span class='ocrx_word' id='word_1_458' title='bbox 1406 5791 1540 5845; x_wconf 79' lang='lat' dir='ltr'><strong>alius</strong></span> <span class='ocrx_word' id='word_1_459' title='bbox 1573 5790 1769 5858; x_wconf 77' lang='lat' dir='ltr'><strong>amisit,</strong></span> <span class='ocrx_word' id='word_1_460' title='bbox 1811 5799 1903 5846; x_wconf 81' lang='lat' dir='ltr'><strong>aut</strong></span> 
     </span>
    </p>
   </div>
   <div class='ocr_carea' id='block_1_62' title="bbox 1956 442 3571 521">
    <p class='ocr_par' dir='ltr' id='par_1_62' title="bbox 1956 442 3571 521">
     <span class='ocr_line' id='line_1_62' title="bbox 1956 442 3571 521; baseline -0.005 -13"><span class='ocrx_word' id='word_1_461' title='bbox 1956 454 2264 521; x_wconf 87' lang='lat' dir='ltr'><strong>filium,.aut</strong></span> <span class='ocrx_word' id='word_1_462' title='bbox 2290 451 2456 507; x_wconf 86' lang='lat' dir='ltr'><strong>alium</strong></span> <span class='ocrx_word' id='word_1_463' title='bbox 2483 450 2713 521; x_wconf 85' lang='lat' dir='ltr'><strong>aliquem</strong></span> <span class='ocrx_word' id='word_1_464' title='bbox 2736 462 2800 503; x_wconf 83' lang='lat' dir='ltr'><strong>ex</strong></span> <span class='ocrx_word' id='word_1_465' title='bbox 2829 444 3168 519; x_wconf 71' lang='lat' dir='ltr'><strong>propinquis,</strong></span> <span class='ocrx_word' id='word_1_466' title='bbox 3198 452 3255 500; x_wconf 85' lang='lat' dir='ltr'><strong>et</strong></span> <span class='ocrx_word' id='word_1_467' title='bbox 3281 442 3370 499; x_wconf 84' lang='lat' dir='ltr'><strong>hic</strong></span> <span class='ocrx_word' id='word_1_468' title='bbox 3390 443 3437 498; x_wconf 89' lang='lat' dir='ltr'><strong>si</strong></span> <span class='ocrx_word' id='word_1_469' title='bbox 3466 443 3571 500; x_wconf 74' lang='lat' dir='ltr'><strong>huc</strong></span> 
     </span>
    </p>
   </div>
   <div class='ocr_carea' id='block_1_63' title="bbox 1952 537 3565 614">
    <p class='ocr_par' dir='ltr' id='par_1_63' title="bbox 1952 537 3565 614">
     <span class='ocr_line' id='line_1_63' title="bbox 1952 537 3565 614; baseline -0.007 -13"><span class='ocrx_word' id='word_1_470' title='bbox 1952 547 2157 614; x_wconf 81' lang='lat' dir='ltr'><strong>veniat,</strong></span> <span class='ocrx_word' id='word_1_471' title='bbox 2185 560 2307 600; x_wconf 91' lang='lat' dir='ltr'><strong>cum</strong></span> <span class='ocrx_word' id='word_1_472' title='bbox 2335 543 2538 600; x_wconf 73' lang='lat' dir='ltr'><strong>Paulus</strong></span> <span class='ocrx_word' id='word_1_473' title='bbox 2575 550 2794 611; x_wconf 80' lang='lat' dir='ltr'><strong>propter</strong></span> <span class='ocrx_word' id='word_1_474' title='bbox 2837 548 3159 610; x_wconf 66' lang='lat' dir='ltr'><strong>praesentem</strong></span> <span class='ocrx_word' id='word_1_475' title='bbox 3204 538 3369 597; x_wconf 85' lang='lat' dir='ltr'><strong>vitam</strong></span> <span class='ocrx_word' id='word_1_476' title='bbox 3411 537 3565 607; x_wconf 83' lang='lat' dir='ltr'><strong>inge-</strong></span> 
     </span>
    </p>
   </div>
   <div class='ocr_carea' id='block_1_64' title="bbox 1955 626 3574 703">
    <p class='ocr_par' dir='ltr' id='par_1_64' title="bbox 1955 626 3574 703">
     <span class='ocr_line' id='line_1_64' title="bbox 1955 626 3574 703; baseline -0.007 -10"><span class='ocrx_word' id='word_1_477' title='bbox 1955 638 2167 703; x_wconf 84' lang='lat' dir='ltr'><strong>miscat,</strong></span> <span class='ocrx_word' id='word_1_478' title='bbox 2214 643 2272 692; x_wconf 87' lang='lat' dir='ltr'><strong>et</strong></span> <span class='ocrx_word' id='word_1_479' title='bbox 2301 634 2533 690; x_wconf 87' lang='lat' dir='ltr'><strong>futuram</strong></span> <span class='ocrx_word' id='word_1_480' title='bbox 2564 632 2754 687; x_wconf 82' lang='lat' dir='ltr'><strong>videre</strong></span> <span class='ocrx_word' id='word_1_481' title='bbox 2772 631 2975 701; x_wconf 90' lang='lat' dir='ltr'><strong>cupiat,</strong></span> <span class='ocrx_word' id='word_1_482' title='bbox 2995 644 3237 699; x_wconf 81' lang='lat' dir='ltr'><strong>eumque</strong></span> <span class='ocrx_word' id='word_1_483' title='bbox 3261 626 3457 683; x_wconf 70' lang='lat' dir='ltr'><strong>tsrdeat</strong></span> <span class='ocrx_word' id='word_1_484' title='bbox 3486 627 3574 681; x_wconf 87' lang='lat' dir='ltr'><strong>hic</strong></span> 
     </span>
    </p>
   </div>
   <div class='ocr_carea' id='block_1_65' title="bbox 1956 720 3573 793">
    <p class='ocr_par' dir='ltr' id='par_1_65' title="bbox 1956 720 3573 793">
     <span class='ocr_line' id='line_1_65' title="bbox 1956 720 3573 793; baseline -0.008 -8"><span class='ocrx_word' id='word_1_485' title='bbox 1956 730 2157 786; x_wconf 86' lang='lat' dir='ltr'><strong>tamdiu</strong></span> <span class='ocrx_word' id='word_1_486' title='bbox 2202 727 2422 793; x_wconf 87' lang='lat' dir='ltr'><strong>morari,</strong></span> <span class='ocrx_word' id='word_1_487' title='bbox 2456 724 2746 780; x_wconf 79' lang='lat' dir='ltr'><strong>sufficienti</strong></span> <span class='ocrx_word' id='word_1_488' title='bbox 2788 730 2844 779; x_wconf 89' lang='lat' dir='ltr'><strong>et</strong></span> <span class='ocrx_word' id='word_1_489' title='bbox 2880 722 2996 792; x_wconf 85' lang='lat' dir='ltr'><strong>ipse</strong></span> <span class='ocrx_word' id='word_1_490' title='bbox 3039 720 3436 776; x_wconf 87' lang='lat' dir='ltr'><strong>medicamento</strong></span> <span class='ocrx_word' id='word_1_491' title='bbox 3475 733 3573 773; x_wconf 86' lang='lat' dir='ltr'><strong>ac-</strong></span> 
     </span>
    </p>
   </div>
   <div class='ocr_carea' id='block_1_66' title="bbox 1954 810 3568 892">
    <p class='ocr_par' dir='ltr' id='par_1_66' title="bbox 1954 810 3568 892">
     <span class='ocr_line' id='line_1_66' title="bbox 1954 810 3568 892; baseline -0.008 -14"><span class='ocrx_word' id='word_1_492' title='bbox 1954 832 2113 892; x_wconf 83' lang='lat' dir='ltr'><strong>cepto</strong></span> <span class='ocrx_word' id='word_1_493' title='bbox 2142 820 2403 883; x_wconf 85' lang='lat' dir='ltr'><strong>discedet,</strong></span> <span class='ocrx_word' id='word_1_494' title='bbox 2427 818 2515 875; x_wconf 90' lang='lat' dir='ltr'><strong>ubi</strong></span> <span class='ocrx_word' id='word_1_495' title='bbox 2540 817 2807 874; x_wconf 86' lang='lat' dir='ltr'><strong>dicentem</strong></span> <span class='ocrx_word' id='word_1_496' title='bbox 2837 815 2989 870; x_wconf 89' lang='lat' dir='ltr'><strong>illum</strong></span> <span class='ocrx_word' id='word_1_497' title='bbox 3009 812 3275 870; x_wconf 79' lang='lat' dir='ltr'><strong>audiverit</strong></span> <span class='ocrx_word' id='word_1_498' title='bbox 3304 830 3316 867; x_wconf 89' lang='lat'><strong>:</strong></span> <span class='ocrx_word' id='word_1_499' title='bbox 3341 810 3423 868; x_wconf 84' lang='lat' dir='ltr'><strong>De</strong></span> <span class='ocrx_word' id='word_1_500' title='bbox 3445 811 3568 866; x_wconf 81' lang='lat' dir='ltr'><strong>dor-</strong></span> 
     </span>
    </p>
   </div>
   <div class='ocr_carea' id='block_1_67' title="bbox 1958 908 3572 982">
    <p class='ocr_par' dir='ltr' id='par_1_67' title="bbox 1958 908 3572 982">
     <span class='ocr_line' id='line_1_67' title="bbox 1958 908 3572 982; baseline -0.004 -13"><span class='ocrx_word' id='word_1_501' title='bbox 1958 915 2232 970; x_wconf 86' lang='lat' dir='ltr'><strong>mientibus</strong></span> <span class='ocrx_word' id='word_1_502' title='bbox 2258 923 2429 968; x_wconf 84' lang='lat' dir='ltr'><strong>autem</strong></span> <span class='ocrx_word' id='word_1_503' title='bbox 2454 912 2574 967; x_wconf 89' lang='lat' dir='ltr'><strong>nolo</strong></span> <span class='ocrx_word' id='word_1_504' title='bbox 2599 927 2688 967; x_wconf 75' lang='lat' dir='ltr'><strong>vos</strong></span> <span class='ocrx_word' id='word_1_505' title='bbox 2715 911 2973 982; x_wconf 80' lang='lat' dir='ltr'><strong>ignorare,</strong></span> <span class='ocrx_word' id='word_1_506' title='bbox 3001 908 3207 981; x_wconf 74' lang='lat' dir='ltr'><strong>fratres,</strong></span> <span class='ocrx_word' id='word_1_507' title='bbox 3236 916 3293 963; x_wconf 80' lang='lat' dir='ltr'><strong>ut</strong></span> <span class='ocrx_word' id='word_1_508' title='bbox 3317 924 3419 962; x_wconf 75' lang='lat' dir='ltr'><strong>non</strong></span> <span class='ocrx_word' id='word_1_509' title='bbox 3448 922 3572 962; x_wconf 79' lang='lat' dir='ltr'><strong>ron-</strong></span> 
     </span>
    </p>
   </div>
   <div class='ocr_carea' id='block_1_68' title="bbox 1960 997 3571 1075">
    <p class='ocr_par' dir='ltr' id='par_1_68' title="bbox 1960 997 3571 1075">
     <span class='ocr_line' id='line_1_68' title="bbox 1960 997 3571 1075; baseline -0.006 -13"><span class='ocrx_word' id='word_1_510' title='bbox 1960 1006 2229 1062; x_wconf 78' lang='lat' dir='ltr'><strong>tristemini</strong></span> <span class='ocrx_word' id='word_1_511' title='bbox 2256 1006 2388 1061; x_wconf 84' lang='lat' dir='ltr'><strong>sicut</strong></span> <span class='ocrx_word' id='word_1_512' title='bbox 2408 1014 2457 1059; x_wconf 87' lang='lat' dir='ltr'><strong>et</strong></span> <span class='ocrx_word' id='word_1_513' title='bbox 2481 1006 2671 1071; x_wconf 66' lang='lat' dir='ltr'><strong>ceteri,</strong></span> <span class='ocrx_word' id='word_1_514' title='bbox 2689 1003 2779 1075; x_wconf 80' lang='lat' dir='ltr'><strong>qui</strong></span> <span class='ocrx_word' id='word_1_515' title='bbox 2798 1018 2941 1074; x_wconf 85' lang='lat' dir='ltr'><strong>spem</strong></span> <span class='ocrx_word' id='word_1_516' title='bbox 2966 1018 3067 1055; x_wconf 84' lang='lat' dir='ltr'><strong>non</strong></span> <span class='ocrx_word' id='word_1_517' title='bbox 3089 1002 3275 1056; x_wconf 80' lang='lat' dir='ltr'><strong>habent</strong></span> <span class='ocrx_word' id='word_1_518' title='bbox 3302 1000 3352 1073; x_wconf 88' lang='lat' dir='ltr'><strong>(i</strong></span> <span class='ocrx_word' id='word_1_519' title='bbox 3387 997 3571 1054; x_wconf 84' lang='lat' dir='ltr'><strong>Thess.</strong></span> 
     </span>
    </p>
   </div>
   <div class='ocr_carea' id='block_1_69' title="bbox 1960 1092 3571 1170">
    <p class='ocr_par' dir='ltr' id='par_1_69' title="bbox 1960 1092 3571 1170">
     <span class='ocr_line' id='line_1_69' title="bbox 1960 1092 3571 1170; baseline -0.006 -14"><span class='ocrx_word' id='word_1_520' title='bbox 1960 1100 2014 1156; x_wconf 77' lang='grc'><strong>4.</strong></span> <span class='ocrx_word' id='word_1_521' title='bbox 2049 1097 2163 1170; x_wconf 73' lang='grc'><strong>12).</strong></span> <span class='ocrx_word' id='word_1_522' title='bbox 2212 1096 2327 1153; x_wconf 79' lang='lat' dir='ltr'><strong>Non</strong></span> <span class='ocrx_word' id='word_1_523' title='bbox 2357 1096 2494 1153; x_wconf 82' lang='lat' dir='ltr'><strong>dixit</strong></span> <span class='ocrx_word' id='word_1_524' title='bbox 2526 1096 2604 1151; x_wconf 87' lang='lat' dir='ltr'><strong>De</strong></span> <span class='ocrx_word' id='word_1_525' title='bbox 2630 1095 3002 1159; x_wconf 86' lang='lat' dir='ltr'><strong>morientibus,</strong></span> <span class='ocrx_word' id='word_1_526' title='bbox 3033 1092 3129 1149; x_wconf 89' lang='lat' dir='ltr'><strong>sed</strong></span> <span class='ocrx_word' id='word_1_527' title='bbox 3159 1092 3240 1147; x_wconf 79' lang='lat' dir='ltr'><strong>De</strong></span> <span class='ocrx_word' id='word_1_528' title='bbox 3268 1092 3571 1147; x_wconf 63' lang='lat' dir='ltr'><strong>dentienti-</strong></span> 
     </span>
    </p>
   </div>
   <div class='ocr_carea' id='block_1_70' title="bbox 1961 1183 3573 1257">
    <p class='ocr_par' dir='ltr' id='par_1_70' title="bbox 1961 1183 3573 1257">
     <span class='ocr_line' id='line_1_70' title="bbox 1961 1183 3573 1257; baseline -0.004 -12"><span class='ocrx_word' id='word_1_529' title='bbox 1961 1189 2074 1257; x_wconf 86' lang='lat' dir='ltr'><strong>bus,</strong></span> <span class='ocrx_word' id='word_1_530' title='bbox 2116 1204 2366 1245; x_wconf 81' lang='lat' dir='ltr'><strong>somnum</strong></span> <span class='ocrx_word' id='word_1_531' title='bbox 2404 1202 2525 1243; x_wconf 87' lang='lat' dir='ltr'><strong>esse</strong></span> <span class='ocrx_word' id='word_1_532' title='bbox 2556 1196 2787 1242; x_wconf 89' lang='lat' dir='ltr'><strong>mortem</strong></span> <span class='ocrx_word' id='word_1_533' title='bbox 2815 1184 3134 1241; x_wconf 88' lang='lat' dir='ltr'><strong>ostendens.</strong></span> <span class='ocrx_word' id='word_1_534' title='bbox 3167 1183 3239 1242; x_wconf 87' lang='lat' dir='ltr'><strong>Ut</strong></span> <span class='ocrx_word' id='word_1_535' title='bbox 3264 1184 3426 1255; x_wconf 90' lang='lat' dir='ltr'><strong>igitur</strong></span> <span class='ocrx_word' id='word_1_536' title='bbox 3450 1199 3573 1239; x_wconf 88' lang='lat' dir='ltr'><strong>cum</strong></span> 
     </span>
    </p>
   </div>
   <div class='ocr_carea' id='block_1_71' title="bbox 1962 1275 3577 1349">
    <p class='ocr_par' dir='ltr' id='par_1_71' title="bbox 1962 1275 3577 1349">
     <span class='ocr_line' id='line_1_71' title="bbox 1962 1275 3577 1349; baseline -0.002 -14"><span class='ocrx_word' id='word_1_537' title='bbox 1962 1280 2201 1336; x_wconf 81' lang='lat' dir='ltr'><strong>dormire</strong></span> <span class='ocrx_word' id='word_1_538' title='bbox 2242 1277 2531 1349; x_wconf 86' lang='lat' dir='ltr'><strong>quemdam</strong></span> <span class='ocrx_word' id='word_1_539' title='bbox 2580 1276 2849 1343; x_wconf 87' lang='lat' dir='ltr'><strong>videmus,</strong></span> <span class='ocrx_word' id='word_1_540' title='bbox 2898 1291 3007 1332; x_wconf 90' lang='lat' dir='ltr'><strong>non</strong></span> <span class='ocrx_word' id='word_1_541' title='bbox 3054 1275 3353 1341; x_wconf 87' lang='lat' dir='ltr'><strong>turbamur,</strong></span> <span class='ocrx_word' id='word_1_542' title='bbox 3400 1291 3577 1347; x_wconf 81' lang='lat' dir='ltr'><strong>neque</strong></span> 
     </span>
    </p>
   </div>
   <div class='ocr_carea' id='block_1_72' title="bbox 1964 1369 3577 1439">
    <p class='ocr_par' dir='ltr' id='par_1_72' title="bbox 1964 1369 3577 1439">
     <span class='ocr_line' id='line_1_72' title="bbox 1964 1369 3577 1439; baseline -0.002 -11"><span class='ocrx_word' id='word_1_543' title='bbox 1964 1387 2199 1429; x_wconf 73' lang='lat' dir='ltr'><strong>utterore</strong></span> <span class='ocrx_word' id='word_1_544' title='bbox 2223 1370 2509 1437; x_wconf 88' lang='lat' dir='ltr'><strong>aflicimur,</strong></span> <span class='ocrx_word' id='word_1_545' title='bbox 2535 1370 2684 1438; x_wconf 83' lang='lat' dir='ltr'><strong>illum</strong></span> <span class='ocrx_word' id='word_1_546' title='bbox 2714 1369 2869 1439; x_wconf 89' lang='lat' dir='ltr'><strong>plane</strong></span> <span class='ocrx_word' id='word_1_547' title='bbox 2892 1377 3322 1425; x_wconf 85' lang='lat' dir='ltr'><strong>resurrecturum</strong></span> <span class='ocrx_word' id='word_1_548' title='bbox 3348 1383 3577 1439; x_wconf 86' lang='lat' dir='ltr'><strong>speran-</strong></span> 
     </span>
    </p>
   </div>
   <div class='ocr_carea' id='block_1_73' title="bbox 1966 1458 3579 1532">
    <p class='ocr_par' dir='ltr' id='par_1_73' title="bbox 1966 1458 3579 1532">
     <span class='ocr_line' id='line_1_73' title="bbox 1966 1458 3579 1532; baseline -0.002 -13"><span class='ocrx_word' id='word_1_549' title='bbox 1966 1474 2049 1519; x_wconf 87' lang='lat' dir='ltr'><strong>tes</strong></span> <span class='ocrx_word' id='word_1_550' title='bbox 2080 1480 2094 1517; x_wconf 89' lang='lat'><strong>:</strong></span> <span class='ocrx_word' id='word_1_551' title='bbox 2124 1464 2195 1517; x_wconf 89' lang='lat' dir='ltr'><strong>ita</strong></span> <span class='ocrx_word' id='word_1_552' title='bbox 2224 1478 2348 1518; x_wconf 91' lang='lat' dir='ltr'><strong>cum</strong></span> <span class='ocrx_word' id='word_1_553' title='bbox 2380 1471 2608 1516; x_wconf 90' lang='lat' dir='ltr'><strong>mortem</strong></span> <span class='ocrx_word' id='word_1_554' title='bbox 2635 1460 2836 1515; x_wconf 87' lang='lat' dir='ltr'><strong>obiisse</strong></span> <span class='ocrx_word' id='word_1_555' title='bbox 2862 1458 3153 1532; x_wconf 88' lang='lat' dir='ltr'><strong>quemdam</strong></span> <span class='ocrx_word' id='word_1_556' title='bbox 3193 1459 3462 1524; x_wconf 76' lang='lat' dir='ltr'><strong>videmus,</strong></span> <span class='ocrx_word' id='word_1_557' title='bbox 3492 1460 3579 1515; x_wconf 85' lang='lat' dir='ltr'><strong>Iti-</strong></span> 
     </span>
    </p>
   </div>
   <div class='ocr_carea' id='block_1_74' title="bbox 1967 1551 3580 1627">
    <p class='ocr_par' dir='ltr' id='par_1_74' title="bbox 1967 1551 3580 1627">
     <span class='ocr_line' id='line_1_74' title="bbox 1967 1551 3580 1627; baseline -0.002 -17"><span class='ocrx_word' id='word_1_558' title='bbox 1967 1558 2041 1611; x_wconf 77' lang='lat' dir='ltr'><strong>ltil</strong></span> <span class='ocrx_word' id='word_1_559' title='bbox 2069 1554 2465 1627; x_wconf 89' lang='lat' dir='ltr'><strong>pcrturbemur,</strong></span> <span class='ocrx_word' id='word_1_560' title='bbox 2490 1568 2663 1625; x_wconf 90' lang='lat' dir='ltr'><strong>neque</strong></span> <span class='ocrx_word' id='word_1_561' title='bbox 2689 1553 2872 1608; x_wconf 88' lang='lat' dir='ltr'><strong>animo</strong></span> <span class='ocrx_word' id='word_1_562' title='bbox 2895 1551 3243 1609; x_wconf 86' lang='lat' dir='ltr'><strong>concidamus</strong></span> <span class='ocrx_word' id='word_1_563' title='bbox 3268 1570 3281 1607; x_wconf 90' lang='lat'>:</span> <span class='ocrx_word' id='word_1_564' title='bbox 3312 1552 3580 1623; x_wconf 86' lang='lat' dir='ltr'><strong>siquidem</strong></span> 
     </span>
    </p>
   </div>
   <div class='ocr_carea' id='block_1_75' title="bbox 1967 1644 3581 1721">
    <p class='ocr_par' dir='ltr' id='par_1_75' title="bbox 1967 1644 3581 1721">
     <span class='ocr_line' id='line_1_75' title="bbox 1967 1644 3581 1721; baseline -0.002 -16"><span class='ocrx_word' id='word_1_565' title='bbox 1967 1651 2071 1705; x_wconf 90' lang='lat' dir='ltr'><strong>hoc</strong></span> <span class='ocrx_word' id='word_1_566' title='bbox 2100 1664 2315 1721; x_wconf 91' lang='lat' dir='ltr'><strong>quoque</strong></span> <span class='ocrx_word' id='word_1_567' title='bbox 2343 1663 2567 1703; x_wconf 88' lang='lat' dir='ltr'><strong>somnus</strong></span> <span class='ocrx_word' id='word_1_568' title='bbox 2586 1656 2701 1712; x_wconf 87' lang='lat' dir='ltr'><strong>est;</strong></span> <span class='ocrx_word' id='word_1_569' title='bbox 2733 1646 2993 1718; x_wconf 80' lang='lat' dir='ltr'><strong>prolixior</strong></span> <span class='ocrx_word' id='word_1_570' title='bbox 3012 1645 3255 1717; x_wconf 90' lang='lat' dir='ltr'><strong>quidem,</strong></span> <span class='ocrx_word' id='word_1_571' title='bbox 3278 1644 3373 1701; x_wconf 88' lang='lat' dir='ltr'><strong>sed</strong></span> <span class='ocrx_word' id='word_1_572' title='bbox 3402 1654 3581 1701; x_wconf 83' lang='lat' dir='ltr'><strong>tamen</strong></span> 
     </span>
    </p>
   </div>
   <div class='ocr_carea' id='block_1_76' title="bbox 1968 1739 3579 1812">
    <p class='ocr_par' dir='ltr' id='par_1_76' title="bbox 1968 1739 3579 1812">
     <span class='ocr_line' id='line_1_76' title="bbox 1968 1739 3579 1812; baseline -0.003 -13"><span class='ocrx_word' id='word_1_573' title='bbox 1968 1757 2212 1799; x_wconf 88' lang='lat' dir='ltr'><strong>somnus.</strong></span> <span class='ocrx_word' id='word_1_574' title='bbox 2246 1742 2429 1812; x_wconf 88' lang='lat' dir='ltr'><strong>Itaque</strong></span> <span class='ocrx_word' id='word_1_575' title='bbox 2448 1740 2788 1796; x_wconf 90' lang='lat' dir='ltr'><strong>dormitionis</strong></span> <span class='ocrx_word' id='word_1_576' title='bbox 2813 1740 3034 1794; x_wconf 85' lang='lat' dir='ltr'><strong>nomine</strong></span> <span class='ocrx_word' id='word_1_577' title='bbox 3059 1740 3305 1809; x_wconf 88' lang='lat' dir='ltr'><strong>lugentes</strong></span> <span class='ocrx_word' id='word_1_578' title='bbox 3327 1739 3579 1794; x_wconf 76' lang='lat' dir='ltr'><strong>consulta-</strong></span> 
     </span>
    </p>
   </div>
   <div class='ocr_carea' id='block_1_77' title="bbox 1969 1828 3581 1901">
    <p class='ocr_par' dir='ltr' id='par_1_77' title="bbox 1969 1828 3581 1901">
     <span class='ocr_line' id='line_1_77' title="bbox 1969 1828 3581 1901; baseline -0.003 -11"><span class='ocrx_word' id='word_1_579' title='bbox 1969 1844 2057 1891; x_wconf 87' lang='lat' dir='ltr'><strong>tus</strong></span> <span class='ocrx_word' id='word_1_580' title='bbox 2082 1845 2185 1901; x_wconf 89' lang='lat' dir='ltr'><strong>est,</strong></span> <span class='ocrx_word' id='word_1_581' title='bbox 2215 1833 2615 1888; x_wconf 86' lang='lat' dir='ltr'><strong>accusationem</strong></span> <span class='ocrx_word' id='word_1_582' title='bbox 2652 1828 3159 1886; x_wconf 27' lang='lat' dir='ltr'><strong>autem-[infidelium</strong></span> <span class='ocrx_word' id='word_1_583' title='bbox 3204 1828 3480 1885; x_wconf 77' lang='lat' dir='ltr'><strong>refutavit.</strong></span> <span class='ocrx_word' id='word_1_584' title='bbox 3524 1828 3581 1885; x_wconf 80' lang='lat' dir='ltr'><strong>Si</strong></span> 
     </span>
    </p>
   </div>
   <div class='ocr_carea' id='block_1_78' title="bbox 1969 1921 3582 1995">
    <p class='ocr_par' dir='ltr' id='par_1_78' title="bbox 1969 1921 3582 1995">
     <span class='ocr_line' id='line_1_78' title="bbox 1969 1921 3582 1995; baseline -0.004 -13"><span class='ocrx_word' id='word_1_585' title='bbox 1969 1927 2284 1982; x_wconf 84' lang='lat' dir='ltr'><strong>defunctum</strong></span> <span class='ocrx_word' id='word_1_586' title='bbox 2298 1925 2643 1995; x_wconf 75' lang='lat' dir='ltr'><strong>impatienter</strong></span> <span class='ocrx_word' id='word_1_587' title='bbox 2662 1923 2834 1994; x_wconf 79' lang='lat' dir='ltr'><strong>luges,</strong></span> <span class='ocrx_word' id='word_1_588' title='bbox 2861 1922 3131 1977; x_wconf 90' lang='lat' dir='ltr'><strong>infidelem</strong></span> <span class='ocrx_word' id='word_1_589' title='bbox 3160 1921 3309 1977; x_wconf 87' lang='lat' dir='ltr'><strong>illum</strong></span> <span class='ocrx_word' id='word_1_590' title='bbox 3332 1922 3582 1987; x_wconf 87' lang='lat' dir='ltr'><strong>imitaris,</strong></span> 
     </span>
    </p>
   </div>
   <div class='ocr_carea' id='block_1_79' title="bbox 1969 2014 3576 2092">
    <p class='ocr_par' dir='ltr' id='par_1_79' title="bbox 1969 2014 3576 2092">
     <span class='ocr_line' id='line_1_79' title="bbox 1969 2014 3576 2092; baseline -0.002 -14"><span class='ocrx_word' id='word_1_591' title='bbox 1969 2022 2062 2092; x_wconf 89' lang='lat' dir='ltr'><strong>qui</strong></span> <span class='ocrx_word' id='word_1_592' title='bbox 2093 2018 2507 2076; x_wconf 84' lang='lat' dir='ltr'><strong>resurrectionis</strong></span> <span class='ocrx_word' id='word_1_593' title='bbox 2536 2017 2697 2073; x_wconf 88' lang='lat' dir='ltr'><strong>fidem</strong></span> <span class='ocrx_word' id='word_1_594' title='bbox 2730 2020 2847 2072; x_wconf 79' lang='lat' dir='ltr'><strong>non</strong></span> <span class='ocrx_word' id='word_1_595' title='bbox 2864 2016 3050 2072; x_wconf 83' lang='lat' dir='ltr'><strong>habet.</strong></span> <span class='ocrx_word' id='word_1_596' title='bbox 3090 2014 3181 2071; x_wconf 85' lang='lat' dir='ltr'><strong>Ille</strong></span> <span class='ocrx_word' id='word_1_597' title='bbox 3227 2025 3373 2072; x_wconf 85' lang='lat' dir='ltr'><strong>recte</strong></span> <span class='ocrx_word' id='word_1_598' title='bbox 3410 2015 3576 2087; x_wconf 79' lang='lat' dir='ltr'><strong>luget.</strong></span> 
     </span>
    </p>
   </div>
   <div class='ocr_carea' id='block_1_80' title="bbox 1973 2106 3576 2184">
    <p class='ocr_par' dir='ltr' id='par_1_80' title="bbox 1973 2106 3576 2184">
     <span class='ocr_line' id='line_1_80' title="bbox 1973 2106 3576 2184; baseline -0.004 -15"><span class='ocrx_word' id='word_1_599' title='bbox 1973 2122 2158 2184; x_wconf 90' lang='lat' dir='ltr'><strong>utpote</strong></span> <span class='ocrx_word' id='word_1_600' title='bbox 2186 2112 2279 2183; x_wconf 91' lang='lat' dir='ltr'><strong>qui</strong></span> <span class='ocrx_word' id='word_1_601' title='bbox 2304 2110 2437 2166; x_wconf 86' lang='lat' dir='ltr'><strong>nihil</strong></span> <span class='ocrx_word' id='word_1_602' title='bbox 2466 2109 2535 2167; x_wconf 91' lang='lat' dir='ltr'><strong>dc</strong></span> <span class='ocrx_word' id='word_1_603' title='bbox 2564 2109 2725 2166; x_wconf 88' lang='lat' dir='ltr'><strong>rebus</strong></span> <span class='ocrx_word' id='word_1_604' title='bbox 2756 2106 2951 2163; x_wconf 90' lang='lat' dir='ltr'><strong>futuris</strong></span> <span class='ocrx_word' id='word_1_605' title='bbox 2980 2106 3345 2177; x_wconf 83' lang='lat' dir='ltr'><strong>philosophari</strong></span> <span class='ocrx_word' id='word_1_606' title='bbox 3372 2118 3537 2177; x_wconf 78' lang='lat' dir='ltr'><strong>queat</strong></span> <span class='ocrx_word' id='word_1_607' title='bbox 3564 2126 3576 2161; x_wconf 93' lang='lat'>:</span> 
     </span>
    </p>
   </div>
   <div class='ocr_carea' id='block_1_81' title="bbox 1974 2199 3581 2261">
    <p class='ocr_par' dir='ltr' id='par_1_81' title="bbox 1974 2199 3581 2261">
     <span class='ocr_line' id='line_1_81' title="bbox 1974 2199 3581 2261; baseline -0.004 0"><span class='ocrx_word' id='word_1_608' title='bbox 1974 2216 2030 2261; x_wconf 92' lang='lat' dir='ltr'><strong>tu</strong></span> <span class='ocrx_word' id='word_1_609' title='bbox 2061 2220 2191 2261; x_wconf 90' lang='lat' dir='ltr'><strong>vero</strong></span> <span class='ocrx_word' id='word_1_610' title='bbox 2218 2204 2305 2261; x_wconf 91' lang='lat' dir='ltr'><strong>cui</strong></span> <span class='ocrx_word' id='word_1_611' title='bbox 2354 2214 2429 2260; x_wconf 91' lang='lat' dir='ltr'><strong>tot</strong></span> <span class='ocrx_word' id='word_1_612' title='bbox 2458 2203 2597 2257; x_wconf 68' lang='lat' dir='ltr'><strong>datae</strong></span> <span class='ocrx_word' id='word_1_613' title='bbox 2626 2211 2752 2258; x_wconf 88' lang='lat' dir='ltr'><strong>sunt</strong></span> <span class='ocrx_word' id='word_1_614' title='bbox 2780 2201 2847 2257; x_wconf 91' lang='lat' dir='ltr'><strong>de</strong></span> <span class='ocrx_word' id='word_1_615' title='bbox 2891 2201 3067 2257; x_wconf 61' lang='lat' dir='ltr'><strong>futura</strong></span> <span class='ocrx_word' id='word_1_616' title='bbox 3100 2201 3207 2255; x_wconf 81' lang='lat' dir='ltr'><strong>vita</strong></span> <span class='ocrx_word' id='word_1_617' title='bbox 3236 2199 3581 2257; x_wconf 85' lang='lat' dir='ltr'><strong>demonstra-</strong></span> 
     </span>
    </p>
   </div>
   <div class='ocr_carea' id='block_1_82' title="bbox 1974 2290 3582 2368">
    <p class='ocr_par' dir='ltr' id='par_1_82' title="bbox 1974 2290 3582 2368">
     <span class='ocr_line' id='line_1_82' title="bbox 1974 2290 3582 2368; baseline -0.004 -15"><span class='ocrx_word' id='word_1_618' title='bbox 1974 2299 2170 2364; x_wconf 87' lang='lat' dir='ltr'><strong>tiones,</strong></span> <span class='ocrx_word' id='word_1_619' title='bbox 2198 2310 2359 2368; x_wconf 88' lang='lat' dir='ltr'><strong>quam</strong></span> <span class='ocrx_word' id='word_1_620' title='bbox 2389 2295 2460 2351; x_wconf 90' lang='lat' dir='ltr'><strong>ob</strong></span> <span class='ocrx_word' id='word_1_621' title='bbox 2488 2309 2707 2351; x_wconf 85' lang='lat' dir='ltr'><strong>causam</strong></span> <span class='ocrx_word' id='word_1_622' title='bbox 2752 2294 2805 2348; x_wconf 92' lang='lat' dir='ltr'><strong>in</strong></span> <span class='ocrx_word' id='word_1_623' title='bbox 2842 2292 3088 2348; x_wconf 89' lang='lat' dir='ltr'><strong>eamdem</strong></span> <span class='ocrx_word' id='word_1_624' title='bbox 3114 2307 3240 2347; x_wconf 91' lang='lat' dir='ltr'><strong>cum</strong></span> <span class='ocrx_word' id='word_1_625' title='bbox 3273 2292 3366 2347; x_wconf 92' lang='lat' dir='ltr'><strong>illo</strong></span> <span class='ocrx_word' id='word_1_626' title='bbox 3408 2290 3582 2347; x_wconf 52' lang='lat' dir='ltr'><strong>imbc.</strong></span> 
     </span>
    </p>
   </div>
   <div class='ocr_carea' id='block_1_83' title="bbox 1974 2382 3589 2456">
    <p class='ocr_par' dir='ltr' id='par_1_83' title="bbox 1974 2382 3589 2456">
     <span class='ocr_line' id='line_1_83' title="bbox 1974 2382 3589 2456; baseline -0.006 -9"><span class='ocrx_word' id='word_1_627' title='bbox 1974 2391 2249 2447; x_wconf 86' lang='lat' dir='ltr'><strong>cillitatetn</strong></span> <span class='ocrx_word' id='word_1_628' title='bbox 2272 2387 2606 2445; x_wconf 80' lang='lat' dir='ltr'><strong>devolveris?</strong></span> <span class='ocrx_word' id='word_1_629' title='bbox 2637 2386 2925 2456; x_wconf 84' lang='lat' dir='ltr'><strong>Propterea</strong></span> <span class='ocrx_word' id='word_1_630' title='bbox 2970 2384 3123 2451; x_wconf 88' lang='lat' dir='ltr'><strong>dicit,</strong></span> <span class='ocrx_word' id='word_1_631' title='bbox 3172 2382 3251 2439; x_wconf 81' lang='lat' dir='ltr'><strong>Ds</strong></span> <span class='ocrx_word' id='word_1_632' title='bbox 3286 2384 3589 2438; x_wconf 82' lang='lat' dir='ltr'><strong>dormienti-</strong></span> 
     </span>
    </p>
   </div>
   <div class='ocr_carea' id='block_1_84' title="bbox 1976 2477 3588 2552">
    <p class='ocr_par' dir='ltr' id='par_1_84' title="bbox 1976 2477 3588 2552">
     <span class='ocr_line' id='line_1_84' title="bbox 1976 2477 3588 2552; baseline -0.004 -14"><span class='ocrx_word' id='word_1_633' title='bbox 1976 2484 2067 2539; x_wconf 82' lang='lat' dir='ltr'><strong>bus</strong></span> <span class='ocrx_word' id='word_1_634' title='bbox 2095 2484 2333 2537; x_wconf 82' lang='lat' dir='ltr'><strong>nolumus</strong></span> <span class='ocrx_word' id='word_1_635' title='bbox 2361 2498 2449 2536; x_wconf 75' lang='lat' dir='ltr'><strong>vos</strong></span> <span class='ocrx_word' id='word_1_636' title='bbox 2490 2482 2749 2552; x_wconf 85' lang='lat' dir='ltr'><strong>ignorare,</strong></span> <span class='ocrx_word' id='word_1_637' title='bbox 2781 2489 2835 2532; x_wconf 87' lang='lat' dir='ltr'><strong>ut</strong></span> <span class='ocrx_word' id='word_1_638' title='bbox 2879 2494 2983 2533; x_wconf 88' lang='lat' dir='ltr'><strong>non</strong></span> <span class='ocrx_word' id='word_1_639' title='bbox 3025 2477 3413 2543; x_wconf 80' lang='lat' dir='ltr'><strong>contristentini,</strong></span> <span class='ocrx_word' id='word_1_640' title='bbox 3455 2477 3588 2532; x_wconf 81' lang='lat' dir='ltr'><strong>sicut</strong></span> 
     </span>
    </p>
   </div>
   <div class='ocr_carea' id='block_1_85' title="bbox 1978 2573 2905 2646">
    <p class='ocr_par' dir='ltr' id='par_1_85' title="bbox 1978 2573 2905 2646">
     <span class='ocr_line' id='line_1_85' title="bbox 1978 2573 2905 2646; baseline -0.009 -14"><span class='ocrx_word' id='word_1_641' title='bbox 1978 2586 2024 2632; x_wconf 89' lang='lat' dir='ltr'><strong>et</strong></span> <span class='ocrx_word' id='word_1_642' title='bbox 2052 2576 2246 2641; x_wconf 69' lang='lat' dir='ltr'><strong>ueteri,</strong></span> <span class='ocrx_word' id='word_1_643' title='bbox 2274 2574 2361 2646; x_wconf 82' lang='lat' dir='ltr'><strong>qui</strong></span> <span class='ocrx_word' id='word_1_644' title='bbox 2385 2591 2525 2646; x_wconf 86' lang='lat' dir='ltr'><strong>spem</strong></span> <span class='ocrx_word' id='word_1_645' title='bbox 2552 2589 2653 2628; x_wconf 90' lang='lat' dir='ltr'><strong>non</strong></span> <span class='ocrx_word' id='word_1_646' title='bbox 2682 2573 2905 2627; x_wconf 54' lang='lat' dir='ltr'><strong>habent-</strong></span> 
     </span>
    </p>
   </div>
   <div class='ocr_carea' id='block_1_86' title="bbox 2051 2662 3585 2737">
    <p class='ocr_par' dir='ltr' id='par_1_86' title="bbox 2051 2662 3585 2737">
     <span class='ocr_line' id='line_1_86' title="bbox 2051 2662 3585 2737; baseline -0.002 -14"><span class='ocrx_word' id='word_1_647' title='bbox 2051 2668 2367 2737; x_wconf 70' lang='lat' dir='ltr'><strong>Ewnplum</strong></span> <span class='ocrx_word' id='word_1_648' title='bbox 2402 2667 2679 2737; x_wconf 65' lang='lat' dir='ltr'><strong>patientia.</strong></span> <span class='ocrx_word' id='word_1_649' title='bbox 2698 2696 2769 2706; x_wconf 95' lang='lat'><strong><em>—</em></strong></span> <span class='ocrx_word' id='word_1_650' title='bbox 2788 2664 2974 2736; x_wconf 83' lang='lat' dir='ltr'><strong>Neque</strong></span> <span class='ocrx_word' id='word_1_651' title='bbox 3013 2677 3144 2721; x_wconf 85' lang='lat' dir='ltr'><strong>vero</strong></span> <span class='ocrx_word' id='word_1_652' title='bbox 3184 2679 3253 2720; x_wconf 75' lang='lat' dir='ltr'><strong>ea</strong></span> <span class='ocrx_word' id='word_1_653' title='bbox 3282 2662 3432 2719; x_wconf 82' lang='lat' dir='ltr'><strong>Novo</strong></span> <span class='ocrx_word' id='word_1_654' title='bbox 3462 2672 3585 2720; x_wconf 83' lang='lat' dir='ltr'><strong>tau-</strong></span> 
     </span>
    </p>
   </div>
   <div class='ocr_carea' id='block_1_87' title="bbox 1983 2758 3593 2829">
    <p class='ocr_par' dir='ltr' id='par_1_87' title="bbox 1983 2758 3593 2829">
     <span class='ocr_line' id='line_1_87' title="bbox 1983 2758 3593 2829; baseline -0.001 -14"><span class='ocrx_word' id='word_1_655' title='bbox 1983 2771 2113 2825; x_wconf 89' lang='lat' dir='ltr'><strong>tum,</strong></span> <span class='ocrx_word' id='word_1_656' title='bbox 2134 2759 2413 2815; x_wconf 83' lang='lat' dir='ltr'><strong>sedetiam</strong></span> <span class='ocrx_word' id='word_1_657' title='bbox 2428 2775 2494 2814; x_wconf 89' lang='lat' dir='ltr'><strong>ex</strong></span> <span class='ocrx_word' id='word_1_658' title='bbox 2519 2758 2698 2814; x_wconf 86' lang='lat' dir='ltr'><strong>Veteri</strong></span> <span class='ocrx_word' id='word_1_659' title='bbox 2715 2758 3068 2815; x_wconf 82' lang='lat' dir='ltr'><strong>Testamento</strong></span> <span class='ocrx_word' id='word_1_660' title='bbox 3085 2771 3372 2829; x_wconf 87' lang='lat' dir='ltr'><strong>possumus</strong></span> <span class='ocrx_word' id='word_1_661' title='bbox 3397 2772 3593 2814; x_wconf 74' lang='lat' dir='ltr'><strong>conso~</strong></span> 
     </span>
    </p>
   </div>
   <div class='ocr_carea' id='block_1_88' title="bbox 1983 2849 3596 2921">
    <p class='ocr_par' dir='ltr' id='par_1_88' title="bbox 1983 2849 3596 2921">
     <span class='ocr_line' id='line_1_88' title="bbox 1983 2849 3596 2921; baseline -0.002 -12"><span class='ocrx_word' id='word_1_662' title='bbox 1983 2856 2238 2909; x_wconf 77' lang='lat' dir='ltr'><strong>lationem</strong></span> <span class='ocrx_word' id='word_1_663' title='bbox 2259 2853 2494 2907; x_wconf 86' lang='lat' dir='ltr'><strong>haurire.</strong></span> <span class='ocrx_word' id='word_1_664' title='bbox 2511 2851 2647 2907; x_wconf 87' lang='lat' dir='ltr'><strong>Cum</strong></span> <span class='ocrx_word' id='word_1_665' title='bbox 2662 2851 2807 2907; x_wconf 85' lang='lat' dir='ltr'><strong>enim</strong></span> <span class='ocrx_word' id='word_1_666' title='bbox 2825 2849 2929 2906; x_wconf 84' lang='lat' dir='ltr'><strong>Job</strong></span> <span class='ocrx_word' id='word_1_667' title='bbox 2944 2851 3095 2905; x_wconf 85' lang='lat' dir='ltr'><strong>audis</strong></span> <span class='ocrx_word' id='word_1_668' title='bbox 3112 2850 3596 2921; x_wconf 82' lang='lat' dir='ltr'><strong>postpecuniarum</strong></span> 
     </span>
    </p>
   </div>
   <div class='ocr_carea' id='block_1_89' title="bbox 1978 2944 3599 3018">
    <p class='ocr_par' dir='ltr' id='par_1_89' title="bbox 1978 2944 3599 3018">
     <span class='ocr_line' id='line_1_89' title="bbox 1978 2944 3599 3018; baseline -0.001 -19"><span class='ocrx_word' id='word_1_669' title='bbox 1978 2946 2267 3018; x_wconf 86' lang='lat' dir='ltr'><strong>jacturam,</strong></span> <span class='ocrx_word' id='word_1_670' title='bbox 2303 2954 2423 3016; x_wconf 88' lang='lat' dir='ltr'><strong>post</strong></span> <span class='ocrx_word' id='word_1_671' title='bbox 2452 2944 2729 2999; x_wconf 77' lang='lat' dir='ltr'><strong>interitum</strong></span> <span class='ocrx_word' id='word_1_672' title='bbox 2770 2952 3164 3010; x_wconf 76' lang='lat' dir='ltr'><strong>amentorum,</strong></span> <span class='ocrx_word' id='word_1_673' title='bbox 3196 2958 3306 2997; x_wconf 90' lang='lat' dir='ltr'><strong>non</strong></span> <span class='ocrx_word' id='word_1_674' title='bbox 3336 2958 3504 2998; x_wconf 90' lang='lat' dir='ltr'><strong>unum</strong></span> <span class='ocrx_word' id='word_1_675' title='bbox 3544 2952 3599 2997; x_wconf 92' lang='lat' dir='ltr'><strong>ct</strong></span> 
     </span>
    </p>
   </div>
   <div class='ocr_carea' id='block_1_90' title="bbox 1984 3035 3600 3108">
    <p class='ocr_par' dir='ltr' id='par_1_90' title="bbox 1984 3035 3600 3108">
     <span class='ocr_line' id='line_1_90' title="bbox 1984 3035 3600 3108; baseline -0.004 -13"><span class='ocrx_word' id='word_1_676' title='bbox 1984 3039 2141 3104; x_wconf 88' lang='lat' dir='ltr'><strong>duos,</strong></span> <span class='ocrx_word' id='word_1_677' title='bbox 2172 3037 2521 3104; x_wconf 84' lang='lat' dir='ltr'><strong>actres,-sed</strong></span> <span class='ocrx_word' id='word_1_678' title='bbox 2552 3037 2819 3108; x_wconf 87' lang='lat' dir='ltr'><strong>integrum</strong></span> <span class='ocrx_word' id='word_1_679' title='bbox 2861 3047 3062 3092; x_wconf 68' lang='lat' dir='ltr'><strong>castum</strong></span> <span class='ocrx_word' id='word_1_680' title='bbox 3106 3035 3336 3089; x_wconf 88' lang='lat' dir='ltr'><strong>filiorum</strong></span> <span class='ocrx_word' id='word_1_681' title='bbox 3383 3036 3435 3089; x_wconf 91' lang='lat' dir='ltr'><strong>in</strong></span> <span class='ocrx_word' id='word_1_682' title='bbox 3481 3036 3600 3106; x_wconf 87' lang='lat' dir='ltr'><strong>ipso</strong></span> 
     </span>
    </p>
   </div>
   <div class='ocr_carea' id='block_1_91' title="bbox 1985 3129 3597 3199">
    <p class='ocr_par' dir='ltr' id='par_1_91' title="bbox 1985 3129 3597 3199">
     <span class='ocr_line' id='line_1_91' title="bbox 1985 3129 3597 3199; baseline -0.003 -12"><span class='ocrx_word' id='word_1_683' title='bbox 1985 3131 2161 3187; x_wconf 60' lang='lat' dir='ltr'><strong>astatis</strong></span> <span class='ocrx_word' id='word_1_684' title='bbox 2203 3129 2338 3185; x_wconf 80' lang='lat' dir='ltr'><strong>ﬂore</strong></span> <span class='ocrx_word' id='word_1_685' title='bbox 2381 3129 2649 3193; x_wconf 70' lang='lat' dir='ltr'><strong>amisisse,</strong></span> <span class='ocrx_word' id='word_1_686' title='bbox 2695 3138 2818 3199; x_wconf 88' lang='lat' dir='ltr'><strong>post</strong></span> <span class='ocrx_word' id='word_1_687' title='bbox 2860 3136 3066 3184; x_wconf 88' lang='lat' dir='ltr'><strong>tantam</strong></span> <span class='ocrx_word' id='word_1_688' title='bbox 3110 3129 3275 3184; x_wconf 85' lang='lat' dir='ltr'><strong>animi</strong></span> <span class='ocrx_word' id='word_1_689' title='bbox 3320 3131 3597 3197; x_wconf 86' lang='lat' dir='ltr'><strong>virtutem,</strong></span> 
     </span>
    </p>
   </div>
   <div class='ocr_carea' id='block_1_92' title="bbox 1986 3222 3600 3295">
    <p class='ocr_par' dir='ltr' id='par_1_92' title="bbox 1986 3222 3600 3295">
     <span class='ocr_line' id='line_1_92' title="bbox 1986 3222 3600 3295; baseline 0.001 -20"><span class='ocrx_word' id='word_1_690' title='bbox 1986 3224 2232 3295; x_wconf 75' lang='lat' dir='ltr'><strong>quamvis</strong></span> <span class='ocrx_word' id='word_1_691' title='bbox 2274 3223 2514 3278; x_wconf 89' lang='lat' dir='ltr'><strong>omnium</strong></span> <span class='ocrx_word' id='word_1_692' title='bbox 2561 3222 2638 3277; x_wconf 90' lang='lat' dir='ltr'><strong>sis</strong></span> <span class='ocrx_word' id='word_1_693' title='bbox 2686 3222 3121 3285; x_wconf 87' lang='lat' dir='ltr'><strong>infirmissimus.</strong></span> <span class='ocrx_word' id='word_1_694' title='bbox 3166 3222 3323 3278; x_wconf 80' lang='lat' dir='ltr'><strong>facile</strong></span> <span class='ocrx_word' id='word_1_695' title='bbox 3365 3223 3600 3292; x_wconf 86' lang='lat' dir='ltr'><strong>teipsqu</strong></span> 
     </span>
    </p>
   </div>
   <div class='ocr_carea' id='block_1_93' title="bbox 1989 3312 3605 3385">
    <p class='ocr_par' dir='ltr' id='par_1_93' title="bbox 1989 3312 3605 3385">
     <span class='ocr_line' id='line_1_93' title="bbox 1989 3312 3605 3385; baseline -0.002 -13"><span class='ocrx_word' id='word_1_696' title='bbox 1989 3315 2291 3373; x_wconf 83' lang='lat' dir='ltr'><strong>refociliare</strong></span> <span class='ocrx_word' id='word_1_697' title='bbox 2346 3314 2549 3385; x_wconf 84' lang='lat' dir='ltr'><strong>poteris</strong></span> <span class='ocrx_word' id='word_1_698' title='bbox 2588 3327 2652 3368; x_wconf 86' lang='lat' dir='ltr'><strong>ac</strong></span> <span class='ocrx_word' id='word_1_699' title='bbox 2698 3312 2946 3368; x_wconf 87' lang='lat' dir='ltr'><strong>reficere.</strong></span> <span class='ocrx_word' id='word_1_700' title='bbox 2993 3312 3124 3368; x_wconf 86' lang='lat' dir='ltr'><strong>Nam</strong></span> <span class='ocrx_word' id='word_1_701' title='bbox 3176 3322 3230 3368; x_wconf 88' lang='lat' dir='ltr'><strong>tu</strong></span> <span class='ocrx_word' id='word_1_702' title='bbox 3276 3313 3522 3384; x_wconf 88' lang='lat' dir='ltr'><strong>quidem,</strong></span> <span class='ocrx_word' id='word_1_703' title='bbox 3570 3329 3605 3369; x_wconf 89' lang='grc' dir='ltr'><strong>ο</strong></span> 
     </span>
    </p>
   </div>
   <div class='ocr_carea' id='block_1_94' title="bbox 1991 3405 3606 3478">
    <p class='ocr_par' dir='ltr' id='par_1_94' title="bbox 1991 3405 3606 3478">
     <span class='ocr_line' id='line_1_94' title="bbox 1991 3405 3606 3478; baseline 0 -16"><span class='ocrx_word' id='word_1_704' title='bbox 1991 3408 2176 3475; x_wconf 90' lang='lat' dir='ltr'><strong>homo,</strong></span> <span class='ocrx_word' id='word_1_705' title='bbox 2208 3407 2490 3478; x_wconf 68' lang='lat' dir='ltr'><strong>(egrotanti</strong></span> <span class='ocrx_word' id='word_1_706' title='bbox 2522 3405 2634 3460; x_wconf 86' lang='lat' dir='ltr'><strong>lilio</strong></span> <span class='ocrx_word' id='word_1_707' title='bbox 2658 3405 2898 3472; x_wconf 87' lang='lat' dir='ltr'><strong>adfuisti,</strong></span> <span class='ocrx_word' id='word_1_708' title='bbox 2931 3405 3346 3462; x_wconf 87' lang='lat' dir='ltr'><strong>decumbentesn</strong></span> <span class='ocrx_word' id='word_1_709' title='bbox 3376 3408 3429 3461; x_wconf 83' lang='lat' dir='ltr'><strong>iu</strong></span> <span class='ocrx_word' id='word_1_710' title='bbox 3462 3408 3606 3462; x_wconf 85' lang='lat' dir='ltr'><strong>lectu</strong></span> 
     </span>
    </p>
   </div>
   <div class='ocr_carea' id='block_1_95' title="bbox 1992 3498 3607 3569">
    <p class='ocr_par' dir='ltr' id='par_1_95' title="bbox 1992 3498 3607 3569">
     <span class='ocr_line' id='line_1_95' title="bbox 1992 3498 3607 3569; baseline 0.001 -16"><span class='ocrx_word' id='word_1_711' title='bbox 1992 3500 2192 3565; x_wconf 86' lang='lat' dir='ltr'><strong>vidisti,</strong></span> <span class='ocrx_word' id='word_1_712' title='bbox 2224 3508 2495 3569; x_wconf 89' lang='lat' dir='ltr'><strong>postrema</strong></span> <span class='ocrx_word' id='word_1_713' title='bbox 2518 3498 2681 3554; x_wconf 89' lang='lat' dir='ltr'><strong>verba</strong></span> <span class='ocrx_word' id='word_1_714' title='bbox 2705 3498 3067 3568; x_wconf 89' lang='lat' dir='ltr'><strong>proferentem</strong></span> <span class='ocrx_word' id='word_1_715' title='bbox 3097 3498 3336 3564; x_wconf 85' lang='lat' dir='ltr'><strong>audiisti,</strong></span> <span class='ocrx_word' id='word_1_716' title='bbox 3353 3507 3607 3554; x_wconf 63' lang='lat' dir='ltr'><strong>etaextro-</strong></span> 
     </span>
    </p>
   </div>
   <div class='ocr_carea' id='block_1_96' title="bbox 1994 3588 3607 3659">
    <p class='ocr_par' dir='ltr' id='par_1_96' title="bbox 1994 3588 3607 3659">
     <span class='ocr_line' id='line_1_96' title="bbox 1994 3588 3607 3659; baseline 0.002 -13"><span class='ocrx_word' id='word_1_717' title='bbox 1994 3606 2140 3646; x_wconf 90' lang='lat' dir='ltr'><strong>mum</strong></span> <span class='ocrx_word' id='word_1_718' title='bbox 2164 3590 2389 3645; x_wconf 88' lang='lat' dir='ltr'><strong>halitum</strong></span> <span class='ocrx_word' id='word_1_719' title='bbox 2407 3589 2677 3645; x_wconf 85' lang='lat' dir='ltr'><strong>exhalanti</strong></span> <span class='ocrx_word' id='word_1_720' title='bbox 2694 3588 3302 3659; x_wconf 79' lang='lat' dir='ltr'><strong>adstitisti,.depressisti</strong></span> <span class='ocrx_word' id='word_1_721' title='bbox 3322 3591 3537 3656; x_wconf 81' lang='lat' dir='ltr'><strong>oculos,</strong></span> <span class='ocrx_word' id='word_1_722' title='bbox 3552 3600 3607 3649; x_wconf 83' lang='lat' dir='ltr'><strong>ct</strong></span> 
     </span>
    </p>
   </div>
   <div class='ocr_carea' id='block_1_97' title="bbox 1993 3681 3609 3753">
    <p class='ocr_par' dir='ltr' id='par_1_97' title="bbox 1993 3681 3609 3753">
     <span class='ocr_line' id='line_1_97' title="bbox 1993 3681 3609 3753; baseline -0.001 -14"><span class='ocrx_word' id='word_1_723' title='bbox 1993 3700 2055 3739; x_wconf 90' lang='lat' dir='ltr'><strong>os</strong></span> <span class='ocrx_word' id='word_1_724' title='bbox 2084 3684 2438 3739; x_wconf 84' lang='lat' dir='ltr'><strong>conclusisti:</strong></span> <span class='ocrx_word' id='word_1_725' title='bbox 2462 3692 2517 3737; x_wconf 88' lang='lat' dir='ltr'><strong>at</strong></span> <span class='ocrx_word' id='word_1_726' title='bbox 2544 3683 2636 3738; x_wconf 91' lang='lat' dir='ltr'><strong>ille</strong></span> <span class='ocrx_word' id='word_1_727' title='bbox 2655 3698 2827 3753; x_wconf 90' lang='lat' dir='ltr'><strong>neque</strong></span> <span class='ocrx_word' id='word_1_728' title='bbox 2849 3681 3085 3736; x_wconf 78' lang='lat' dir='ltr'><strong>animam</strong></span> <span class='ocrx_word' id='word_1_729' title='bbox 3111 3681 3488 3737; x_wconf 76' lang='lat' dir='ltr'><strong>exhalantibus</strong></span> <span class='ocrx_word' id='word_1_730' title='bbox 3514 3682 3609 3737; x_wconf 79' lang='lat' dir='ltr'><strong>ad-</strong></span> 
     </span>
    </p>
   </div>
   <div class='ocr_carea' id='block_1_98' title="bbox 1996 3775 3610 3845">
    <p class='ocr_par' dir='ltr' id='par_1_98' title="bbox 1996 3775 3610 3845">
     <span class='ocr_line' id='line_1_98' title="bbox 1996 3775 3610 3845; baseline -0.001 -14"><span class='ocrx_word' id='word_1_731' title='bbox 1996 3776 2114 3842; x_wconf 91' lang='lat' dir='ltr'><strong>fuit,</strong></span> <span class='ocrx_word' id='word_1_732' title='bbox 2136 3790 2235 3830; x_wconf 90' lang='lat' dir='ltr'><strong>nec</strong></span> <span class='ocrx_word' id='word_1_733' title='bbox 2256 3776 2594 3845; x_wconf 77' lang='lat' dir='ltr'><strong>exspirante5</strong></span> <span class='ocrx_word' id='word_1_734' title='bbox 2610 3775 2846 3844; x_wconf 82' lang='lat' dir='ltr'><strong>aspexit,</strong></span> <span class='ocrx_word' id='word_1_735' title='bbox 2871 3788 3055 3828; x_wconf 86' lang='lat' dir='ltr'><strong>verum</strong></span> <span class='ocrx_word' id='word_1_736' title='bbox 3077 3780 3348 3843; x_wconf 89' lang='lat' dir='ltr'><strong>tamquam</strong></span> <span class='ocrx_word' id='word_1_737' title='bbox 3369 3788 3610 3830; x_wconf 87' lang='lat' dir='ltr'><strong>unocon-</strong></span> 
     </span>
    </p>
   </div>
   <div class='ocr_carea' id='block_1_99' title="bbox 1997 3864 3606 3937">
    <p class='ocr_par' dir='ltr' id='par_1_99' title="bbox 1997 3864 3606 3937">
     <span class='ocr_line' id='line_1_99' title="bbox 1997 3864 3606 3937; baseline 0 -15"><span class='ocrx_word' id='word_1_738' title='bbox 1997 3869 2091 3923; x_wconf 90' lang='lat' dir='ltr'><strong>diti</strong></span> <span class='ocrx_word' id='word_1_739' title='bbox 2137 3876 2265 3923; x_wconf 89' lang='lat' dir='ltr'><strong>sunt</strong></span> <span class='ocrx_word' id='word_1_740' title='bbox 2300 3866 2781 3937; x_wconf 79' lang='lat' dir='ltr'><strong>eomes-sepulcro</strong></span> <span class='ocrx_word' id='word_1_741' title='bbox 2824 3864 3030 3920; x_wconf 66' lang='lat' dir='ltr'><strong>sedibus</strong></span> <span class='ocrx_word' id='word_1_742' title='bbox 3059 3866 3192 3928; x_wconf 87' lang='lat' dir='ltr'><strong>suis.</strong></span> <span class='ocrx_word' id='word_1_743' title='bbox 3234 3874 3290 3921; x_wconf 91' lang='lat' dir='ltr'><strong>et</strong></span> <span class='ocrx_word' id='word_1_744' title='bbox 3332 3866 3383 3919; x_wconf 92' lang='lat' dir='ltr'><strong>in</strong></span> <span class='ocrx_word' id='word_1_745' title='bbox 3415 3865 3606 3922; x_wconf 88' lang='lat' dir='ltr'><strong>eadem</strong></span> 
     </span>
    </p>
   </div>
   <div class='ocr_carea' id='block_1_100' title="bbox 1998 3958 3612 4030">
    <p class='ocr_par' dir='ltr' id='par_1_100' title="bbox 1998 3958 3612 4030">
     <span class='ocr_line' id='line_1_100' title="bbox 1998 3958 3612 4030; baseline -0.004 -13"><span class='ocrx_word' id='word_1_746' title='bbox 1998 3977 2183 4017; x_wconf 86' lang='lat' dir='ltr'><strong>mensa</strong></span> <span class='ocrx_word' id='word_1_747' title='bbox 2196 3964 2477 4018; x_wconf 85' lang='lat' dir='ltr'><strong>cerebrum</strong></span> <span class='ocrx_word' id='word_1_748' title='bbox 2499 3962 2697 4029; x_wconf 86' lang='lat' dir='ltr'><strong>pariter</strong></span> <span class='ocrx_word' id='word_1_749' title='bbox 2714 3969 2767 4015; x_wconf 88' lang='lat' dir='ltr'><strong>et</strong></span> <span class='ocrx_word' id='word_1_750' title='bbox 2780 3960 2999 4030; x_wconf 87' lang='lat' dir='ltr'><strong>sanguis</strong></span> <span class='ocrx_word' id='word_1_751' title='bbox 3018 3958 3359 4025; x_wconf 86' lang='lat' dir='ltr'><strong>fundebatur,</strong></span> <span class='ocrx_word' id='word_1_752' title='bbox 3376 3968 3432 4015; x_wconf 91' lang='lat' dir='ltr'><strong>et</strong></span> <span class='ocrx_word' id='word_1_753' title='bbox 3446 3958 3612 4029; x_wconf 80' lang='lat' dir='ltr'><strong>ligna,</strong></span> 
     </span>
    </p>
   </div>
   <div class='ocr_carea' id='block_1_101' title="bbox 1998 4051 3613 4124">
    <p class='ocr_par' dir='ltr' id='par_1_101' title="bbox 1998 4051 3613 4124">
     <span class='ocr_line' id='line_1_101' title="bbox 1998 4051 3613 4124; baseline -0.001 -14"><span class='ocrx_word' id='word_1_754' title='bbox 1998 4064 2053 4111; x_wconf 83' lang='lat' dir='ltr'><strong>et</strong></span> <span class='ocrx_word' id='word_1_755' title='bbox 2074 4053 2285 4124; x_wconf 60' lang='lat' dir='ltr'><strong>tegula,</strong></span> <span class='ocrx_word' id='word_1_756' title='bbox 2308 4065 2361 4108; x_wconf 89' lang='lat' dir='ltr'><strong>et</strong></span> <span class='ocrx_word' id='word_1_757' title='bbox 2379 4052 2573 4122; x_wconf 87' lang='lat' dir='ltr'><strong>pulvis,</strong></span> <span class='ocrx_word' id='word_1_758' title='bbox 2589 4061 2847 4108; x_wconf 88' lang='lat' dir='ltr'><strong>etcarnes</strong></span> <span class='ocrx_word' id='word_1_759' title='bbox 2862 4051 3116 4117; x_wconf 63' lang='lat' dir='ltr'><strong>concisas,</strong></span> <span class='ocrx_word' id='word_1_760' title='bbox 3139 4060 3194 4107; x_wconf 92' lang='lat' dir='ltr'><strong>et</strong></span> <span class='ocrx_word' id='word_1_761' title='bbox 3208 4052 3386 4109; x_wconf 87' lang='lat' dir='ltr'><strong>omnia</strong></span> <span class='ocrx_word' id='word_1_762' title='bbox 3407 4054 3613 4124; x_wconf 86' lang='lat' dir='ltr'><strong>pariter</strong></span> 
     </span>
    </p>
   </div>
   <div class='ocr_carea' id='block_1_102' title="bbox 1999 4144 3610 4215">
    <p class='ocr_par' dir='ltr' id='par_1_102' title="bbox 1999 4144 3610 4215">
     <span class='ocr_line' id='line_1_102' title="bbox 1999 4144 3610 4215; baseline -0.001 -14"><span class='ocrx_word' id='word_1_763' title='bbox 1999 4146 2389 4201; x_wconf 88' lang='lat' dir='ltr'><strong>miscebantur.</strong></span> <span class='ocrx_word' id='word_1_764' title='bbox 2418 4144 2798 4199; x_wconf 81' lang='lat' dir='ltr'><strong>Verumtamen</strong></span> <span class='ocrx_word' id='word_1_765' title='bbox 2828 4153 2949 4215; x_wconf 89' lang='lat' dir='ltr'><strong>post</strong></span> <span class='ocrx_word' id='word_1_766' title='bbox 2970 4152 3048 4197; x_wconf 93' lang='lat' dir='ltr'><strong>tot</strong></span> <span class='ocrx_word' id='word_1_767' title='bbox 3076 4154 3130 4199; x_wconf 91' lang='lat' dir='ltr'><strong>et</strong></span> <span class='ocrx_word' id='word_1_768' title='bbox 3157 4154 3303 4198; x_wconf 88' lang='lat' dir='ltr'><strong>tanta</strong></span> <span class='ocrx_word' id='word_1_769' title='bbox 3334 4146 3471 4199; x_wconf 82' lang='lat' dir='ltr'><strong>Inala</strong></span> <span class='ocrx_word' id='word_1_770' title='bbox 3503 4160 3610 4201; x_wconf 90' lang='lat' dir='ltr'><strong>non</strong></span> 
     </span>
    </p>
   </div>
   <div class='ocr_carea' id='block_1_103' title="bbox 2003 4233 3617 4305">
    <p class='ocr_par' dir='ltr' id='par_1_103' title="bbox 2003 4233 3617 4305">
     <span class='ocr_line' id='line_1_103' title="bbox 2003 4233 3617 4305; baseline 0.001 -16"><span class='ocrx_word' id='word_1_771' title='bbox 2003 4237 2155 4303; x_wconf 89' lang='lat' dir='ltr'><strong>luxit,</strong></span> <span class='ocrx_word' id='word_1_772' title='bbox 2177 4250 2282 4290; x_wconf 92' lang='lat' dir='ltr'><strong>non</strong></span> <span class='ocrx_word' id='word_1_773' title='bbox 2303 4234 2647 4305; x_wconf 88' lang='lat' dir='ltr'><strong>impatienter</strong></span> <span class='ocrx_word' id='word_1_774' title='bbox 2665 4234 2781 4288; x_wconf 91' lang='lat' dir='ltr'><strong>tulit</strong></span> <span class='ocrx_word' id='word_1_775' title='bbox 2805 4252 2817 4287; x_wconf 87' lang='lat'>:</span> <span class='ocrx_word' id='word_1_776' title='bbox 2848 4233 2944 4289; x_wconf 83' lang='lat' dir='ltr'><strong>sed</strong></span> <span class='ocrx_word' id='word_1_777' title='bbox 2962 4234 3089 4303; x_wconf 91' lang='lat' dir='ltr'><strong>quid</strong></span> <span class='ocrx_word' id='word_1_778' title='bbox 3118 4234 3230 4288; x_wconf 83' lang='lat' dir='ltr'><strong>ait?</strong></span> <span class='ocrx_word' id='word_1_779' title='bbox 3258 4234 3510 4290; x_wconf 80' lang='lat' dir='ltr'><strong>Dominus</strong></span> <span class='ocrx_word' id='word_1_780' title='bbox 3528 4235 3617 4291; x_wconf 83' lang='lat' dir='ltr'><strong>de-</strong></span> 
     </span>
    </p>
   </div>
   <div class='ocr_carea' id='block_1_104' title="bbox 2002 4323 3616 4397">
    <p class='ocr_par' dir='ltr' id='par_1_104' title="bbox 2002 4323 3616 4397">
     <span class='ocr_line' id='line_1_104' title="bbox 2002 4323 3616 4397; baseline -0.001 -17"><span class='ocrx_word' id='word_1_781' title='bbox 2002 4327 2097 4391; x_wconf 87' lang='lat' dir='ltr'><strong>a&#39;it,</strong></span> <span class='ocrx_word' id='word_1_782' title='bbox 2118 4326 2370 4381; x_wconf 82' lang='lat' dir='ltr'><strong>Dominus</strong></span> <span class='ocrx_word' id='word_1_783' title='bbox 2388 4325 2613 4391; x_wconf 78' lang='lat' dir='ltr'><strong>abstulit,</strong></span> <span class='ocrx_word' id='word_1_784' title='bbox 2633 4326 2763 4379; x_wconf 88' lang='lat' dir='ltr'><strong>sicut</strong></span> <span class='ocrx_word' id='word_1_785' title='bbox 2792 4323 3013 4379; x_wconf 84' lang='lat' dir='ltr'><strong>Domino</strong></span> <span class='ocrx_word' id='word_1_786' title='bbox 3038 4325 3249 4395; x_wconf 85' lang='lat' dir='ltr'><strong>placuit,</strong></span> <span class='ocrx_word' id='word_1_787' title='bbox 3269 4328 3342 4380; x_wconf 87' lang='lat' dir='ltr'><strong>ita</strong></span> <span class='ocrx_word' id='word_1_788' title='bbox 3358 4337 3403 4381; x_wconf 88' lang='lat' dir='ltr'><strong>et</strong></span> <span class='ocrx_word' id='word_1_789' title='bbox 3424 4333 3616 4397; x_wconf 77' lang='lat' dir='ltr'><strong>factum</strong></span> 
     </span>
    </p>
   </div>
   <div class='ocr_carea' id='block_1_105' title="bbox 2001 4416 3618 4488">
    <p class='ocr_par' dir='ltr' id='par_1_105' title="bbox 2001 4416 3618 4488">
     <span class='ocr_line' id='line_1_105' title="bbox 2001 4416 3618 4488; baseline 0.001 -17"><span class='ocrx_word' id='word_1_790' title='bbox 2001 4429 2073 4473; x_wconf 88' lang='lat' dir='ltr'><strong>est</strong></span> <span class='ocrx_word' id='word_1_791' title='bbox 2094 4419 2195 4471; x_wconf 89' lang='lat' dir='ltr'><strong>.‘sit</strong></span> <span class='ocrx_word' id='word_1_792' title='bbox 2212 4434 2394 4472; x_wconf 85' lang='lat' dir='ltr'><strong>nomen</strong></span> <span class='ocrx_word' id='word_1_793' title='bbox 2411 4417 2623 4472; x_wconf 86' lang='lat' dir='ltr'><strong>Domini</strong></span> <span class='ocrx_word' id='word_1_794' title='bbox 2645 4416 2964 4471; x_wconf 77' lang='lat' dir='ltr'><strong>benedictum</strong></span> <span class='ocrx_word' id='word_1_795' title='bbox 2980 4416 3033 4471; x_wconf 88' lang='lat' dir='ltr'><strong>in</strong></span> <span class='ocrx_word' id='word_1_796' title='bbox 3055 4416 3244 4472; x_wconf 64' lang='grc' dir='ltr'><strong>πενία</strong></span> <span class='ocrx_word' id='word_1_797' title='bbox 3284 4416 3405 4488; x_wconf 78' lang='lat' dir='ltr'><strong>(Job</strong></span> <span class='ocrx_word' id='word_1_798' title='bbox 3426 4420 3477 4473; x_wconf 86' lang='grc'><strong>1.</strong></span> <span class='ocrx_word' id='word_1_799' title='bbox 3498 4418 3562 4473; x_wconf 72' lang='grc'><strong>21</strong></span> <span class='ocrx_word' id='word_1_800' title='bbox 3576 4421 3618 4488; x_wconf 92' lang='grc'><strong>).</strong></span> 
     </span>
    </p>
   </div>
   <div class='ocr_carea' id='block_1_106' title="bbox 2004 4509 3619 4581">
    <p class='ocr_par' dir='ltr' id='par_1_106' title="bbox 2004 4509 3619 4581">
     <span class='ocr_line' id='line_1_106' title="bbox 2004 4509 3619 4581; baseline 0 -17"><span class='ocrx_word' id='word_1_801' title='bbox 2004 4510 2153 4564; x_wconf 87' lang='lat' dir='ltr'><strong>lianc</strong></span> <span class='ocrx_word' id='word_1_802' title='bbox 2174 4524 2275 4564; x_wconf 90' lang='lat' dir='ltr'><strong>nos</strong></span> <span class='ocrx_word' id='word_1_803' title='bbox 2290 4525 2505 4581; x_wconf 87' lang='lat' dir='ltr'><strong>quoque</strong></span> <span class='ocrx_word' id='word_1_804' title='bbox 2522 4524 2709 4565; x_wconf 89' lang='lat' dir='ltr'><strong>vocem</strong></span> <span class='ocrx_word' id='word_1_805' title='bbox 2734 4510 2785 4563; x_wconf 92' lang='lat' dir='ltr'><strong>in</strong></span> <span class='ocrx_word' id='word_1_806' title='bbox 2808 4509 3031 4579; x_wconf 86' lang='lat' dir='ltr'><strong>singulis</strong></span> <span class='ocrx_word' id='word_1_807' title='bbox 3046 4524 3166 4579; x_wconf 70' lang='lat' dir='ltr'><strong>qua:</strong></span> <span class='ocrx_word' id='word_1_808' title='bbox 3184 4509 3341 4565; x_wconf 88' lang='lat' dir='ltr'><strong>nobis</strong></span> <span class='ocrx_word' id='word_1_809' title='bbox 3366 4510 3619 4565; x_wconf 85' lang='lat' dir='ltr'><strong>accidunt</strong></span> 
     </span>
    </p>
   </div>
   <div class='ocr_carea' id='block_1_107' title="bbox 2003 4603 3618 4675">
    <p class='ocr_par' dir='ltr' id='par_1_107' title="bbox 2003 4603 3618 4675">
     <span class='ocr_line' id='line_1_107' title="bbox 2003 4603 3618 4675; baseline 0 -18"><span class='ocrx_word' id='word_1_810' title='bbox 2003 4604 2362 4675; x_wconf 74' lang='lat' dir='ltr'><strong>proferamus,</strong></span> <span class='ocrx_word' id='word_1_811' title='bbox 2413 4605 2529 4659; x_wconf 87' lang='lat' dir='ltr'><strong>sive</strong></span> <span class='ocrx_word' id='word_1_812' title='bbox 2571 4603 2919 4673; x_wconf 78' lang='lat' dir='ltr'><strong>pecuniarum</strong></span> <span class='ocrx_word' id='word_1_813' title='bbox 2955 4604 3187 4673; x_wconf 88' lang='lat' dir='ltr'><strong>jactura,</strong></span> <span class='ocrx_word' id='word_1_814' title='bbox 3222 4604 3337 4659; x_wconf 85' lang='lat' dir='ltr'><strong>sive</strong></span> <span class='ocrx_word' id='word_1_815' title='bbox 3371 4606 3618 4674; x_wconf 80' lang='lat' dir='ltr'><strong>corporis</strong></span> 
     </span>
    </p>
   </div>
   <div class='ocr_carea' id='block_1_108' title="bbox 2006 4695 3623 4766">
    <p class='ocr_par' dir='ltr' id='par_1_108' title="bbox 2006 4695 3623 4766">
     <span class='ocr_line' id='line_1_108' title="bbox 2006 4695 3623 4766; baseline 0.001 -15"><span class='ocrx_word' id='word_1_816' title='bbox 2006 4698 2321 4763; x_wconf 75' lang='lat' dir='ltr'><strong>infirmitas,</strong></span> <span class='ocrx_word' id='word_1_817' title='bbox 2337 4698 2452 4752; x_wconf 89' lang='lat' dir='ltr'><strong>sive</strong></span> <span class='ocrx_word' id='word_1_818' title='bbox 2472 4696 2820 4764; x_wconf 89' lang='lat' dir='ltr'><strong>contumelia,</strong></span> <span class='ocrx_word' id='word_1_819' title='bbox 2844 4695 2958 4751; x_wconf 89' lang='lat' dir='ltr'><strong>sive</strong></span> <span class='ocrx_word' id='word_1_820' title='bbox 2988 4695 3279 4761; x_wconf 83' lang='lat' dir='ltr'><strong>calumnia,</strong></span> <span class='ocrx_word' id='word_1_821' title='bbox 3307 4696 3421 4751; x_wconf 87' lang='lat' dir='ltr'><strong>sive</strong></span> <span class='ocrx_word' id='word_1_822' title='bbox 3447 4697 3623 4766; x_wconf 88' lang='lat' dir='ltr'><strong>quod-</strong></span> 
     </span>
    </p>
   </div>
   <div class='ocr_carea' id='block_1_109' title="bbox 2005 4788 3621 4855">
    <p class='ocr_par' dir='ltr' id='par_1_109' title="bbox 2005 4788 3621 4855">
     <span class='ocr_line' id='line_1_109' title="bbox 2005 4788 3621 4855; baseline 0 -12"><span class='ocrx_word' id='word_1_823' title='bbox 2005 4792 2085 4844; x_wconf 86' lang='lat' dir='ltr'><strong>vis</strong></span> <span class='ocrx_word' id='word_1_824' title='bbox 2122 4790 2269 4845; x_wconf 85' lang='lat' dir='ltr'><strong>aliud</strong></span> <span class='ocrx_word' id='word_1_825' title='bbox 2299 4790 2592 4845; x_wconf 87' lang='lat' dir='ltr'><strong>humanum</strong></span> <span class='ocrx_word' id='word_1_826' title='bbox 2638 4790 2839 4843; x_wconf 90' lang='lat' dir='ltr'><strong>malum</strong></span> <span class='ocrx_word' id='word_1_827' title='bbox 2886 4788 3163 4855; x_wconf 89' lang='lat' dir='ltr'><strong>acciderit,</strong></span> <span class='ocrx_word' id='word_1_828' title='bbox 3210 4789 3309 4842; x_wconf 84' lang='lat' dir='ltr'><strong>ista</strong></span> <span class='ocrx_word' id='word_1_829' title='bbox 3348 4788 3621 4855; x_wconf 87' lang='lat' dir='ltr'><strong>dicamus,</strong></span> 
     </span>
    </p>
   </div>
   <div class='ocr_carea' id='block_1_110' title="bbox 2008 4879 3619 4951">
    <p class='ocr_par' dir='ltr' id='par_1_110' title="bbox 2008 4879 3619 4951">
     <span class='ocr_line' id='line_1_110' title="bbox 2008 4879 3619 4951; baseline -0.001 -16"><span class='ocrx_word' id='word_1_830' title='bbox 2008 4880 2262 4936; x_wconf 84' lang='lat' dir='ltr'><strong>Dominus</strong></span> <span class='ocrx_word' id='word_1_831' title='bbox 2284 4882 2441 4948; x_wconf 82' lang='lat' dir='ltr'><strong>dedit,</strong></span> <span class='ocrx_word' id='word_1_832' title='bbox 2466 4879 2717 4934; x_wconf 87' lang='lat' dir='ltr'><strong>Dominus</strong></span> <span class='ocrx_word' id='word_1_833' title='bbox 2735 4880 2943 4935; x_wconf 88' lang='lat' dir='ltr'><strong>abstulit</strong></span> <span class='ocrx_word' id='word_1_834' title='bbox 2967 4897 2985 4933; x_wconf 90' lang='lat'><strong><em>:</em></strong></span> <span class='ocrx_word' id='word_1_835' title='bbox 3004 4882 3135 4934; x_wconf 85' lang='lat' dir='ltr'><strong>sicut</strong></span> <span class='ocrx_word' id='word_1_836' title='bbox 3157 4880 3381 4934; x_wconf 89' lang='lat' dir='ltr'><strong>Domino</strong></span> <span class='ocrx_word' id='word_1_837' title='bbox 3403 4880 3619 4951; x_wconf 83' lang='lat' dir='ltr'><strong>placuit,</strong></span> 
     </span>
    </p>
   </div>
   <div class='ocr_carea' id='block_1_111' title="bbox 2007 4968 3621 5041">
    <p class='ocr_par' dir='ltr' id='par_1_111' title="bbox 2007 4968 3621 5041">
     <span class='ocr_line' id='line_1_111' title="bbox 2007 4968 3621 5041; baseline 0 -16"><span class='ocrx_word' id='word_1_838' title='bbox 2007 4973 2080 5025; x_wconf 90' lang='lat' dir='ltr'><strong>ita</strong></span> <span class='ocrx_word' id='word_1_839' title='bbox 2110 4983 2155 5026; x_wconf 89' lang='lat' dir='ltr'><strong>et</strong></span> <span class='ocrx_word' id='word_1_840' title='bbox 2182 4974 2375 5041; x_wconf 77' lang='lat' dir='ltr'><strong>factum</strong></span> <span class='ocrx_word' id='word_1_841' title='bbox 2405 4981 2477 5026; x_wconf 88' lang='lat' dir='ltr'><strong>est</strong></span> <span class='ocrx_word' id='word_1_842' title='bbox 2503 4988 2522 5025; x_wconf 92' lang='lat'><strong><em>:</em></strong></span> <span class='ocrx_word' id='word_1_843' title='bbox 2552 4972 2617 5025; x_wconf 85' lang='lat' dir='ltr'><strong>sit</strong></span> <span class='ocrx_word' id='word_1_844' title='bbox 2644 4987 2827 5026; x_wconf 88' lang='lat' dir='ltr'><strong>nomen</strong></span> <span class='ocrx_word' id='word_1_845' title='bbox 2857 4968 3067 5024; x_wconf 87' lang='lat' dir='ltr'><strong>Domini</strong></span> <span class='ocrx_word' id='word_1_846' title='bbox 3098 4971 3415 5025; x_wconf 83' lang='lat' dir='ltr'><strong>benedictum</strong></span> <span class='ocrx_word' id='word_1_847' title='bbox 3443 4973 3496 5025; x_wconf 88' lang='lat' dir='ltr'><strong>in</strong></span> <span class='ocrx_word' id='word_1_848' title='bbox 3524 4987 3621 5025; x_wconf 75' lang='lat' dir='ltr'><strong>sa:-</strong></span> 
     </span>
    </p>
   </div>
   <div class='ocr_carea' id='block_1_112' title="bbox 2010 5062 3623 5134">
    <p class='ocr_par' dir='ltr' id='par_1_112' title="bbox 2010 5062 3623 5134">
     <span class='ocr_line' id='line_1_112' title="bbox 2010 5062 3623 5134; baseline 0 -16"><span class='ocrx_word' id='word_1_849' title='bbox 2010 5066 2145 5119; x_wconf 83' lang='lat' dir='ltr'><strong>cnla.</strong></span> <span class='ocrx_word' id='word_1_850' title='bbox 2175 5063 2248 5118; x_wconf 86' lang='lat' dir='ltr'><strong>ita</strong></span> <span class='ocrx_word' id='word_1_851' title='bbox 2276 5065 2321 5118; x_wconf 92' lang='lat' dir='ltr'><strong>si</strong></span> <span class='ocrx_word' id='word_1_852' title='bbox 2349 5062 2811 5134; x_wconf 81' lang='lat' dir='ltr'><strong>philosophemur,</strong></span> <span class='ocrx_word' id='word_1_853' title='bbox 2842 5062 2974 5117; x_wconf 84' lang='lat' dir='ltr'><strong>nihil</strong></span> <span class='ocrx_word' id='word_1_854' title='bbox 3007 5078 3263 5131; x_wconf 85' lang='lat' dir='ltr'><strong>umquam</strong></span> <span class='ocrx_word' id='word_1_855' title='bbox 3295 5064 3419 5117; x_wconf 91' lang='lat' dir='ltr'><strong>mali</strong></span> <span class='ocrx_word' id='word_1_856' title='bbox 3452 5063 3623 5133; x_wconf 84' lang='lat' dir='ltr'><strong>patie-</strong></span> 
     </span>
    </p>
   </div>
   <div class='ocr_carea' id='block_1_113' title="bbox 2013 5152 3617 5225">
    <p class='ocr_par' dir='ltr' id='par_1_113' title="bbox 2013 5152 3617 5225">
     <span class='ocr_line' id='line_1_113' title="bbox 2013 5152 3617 5225; baseline -0.001 -14"><span class='ocrx_word' id='word_1_857' title='bbox 2013 5173 2155 5221; x_wconf 89' lang='lat' dir='ltr'><strong>mur,</strong></span> <span class='ocrx_word' id='word_1_858' title='bbox 2188 5156 2314 5211; x_wconf 90' lang='lat' dir='ltr'><strong>licet</strong></span> <span class='ocrx_word' id='word_1_859' title='bbox 2358 5158 2635 5210; x_wconf 86' lang='lat' dir='ltr'><strong>innumera</strong></span> <span class='ocrx_word' id='word_1_860' title='bbox 2680 5155 2945 5225; x_wconf 82' lang='lat' dir='ltr'><strong>patiamur</strong></span> <span class='ocrx_word' id='word_1_861' title='bbox 2992 5171 3005 5208; x_wconf 93' lang='lat'><strong>:</strong></span> <span class='ocrx_word' id='word_1_862' title='bbox 3051 5152 3143 5209; x_wconf 86' lang='lat' dir='ltr'><strong>sed</strong></span> <span class='ocrx_word' id='word_1_863' title='bbox 3196 5154 3371 5225; x_wconf 88' lang='lat' dir='ltr'><strong>majus</strong></span> <span class='ocrx_word' id='word_1_864' title='bbox 3412 5154 3617 5211; x_wconf 87' lang='lat' dir='ltr'><strong>lucrum</strong></span> 
     </span>
    </p>
   </div>
   <div class='ocr_carea' id='block_1_114' title="bbox 2012 5250 3623 5325">
    <p class='ocr_par' dir='ltr' id='par_1_114' title="bbox 2012 5250 3623 5325">
     <span class='ocr_line' id='line_1_114' title="bbox 2012 5250 3623 5325; baseline -0.004 -15"><span class='ocrx_word' id='word_1_865' title='bbox 2012 5256 2114 5310; x_wconf 84' lang='lat' dir='ltr'><strong>erit</strong></span> <span class='ocrx_word' id='word_1_866' title='bbox 2142 5269 2303 5325; x_wconf 89' lang='lat' dir='ltr'><strong>quam</strong></span> <span class='ocrx_word' id='word_1_867' title='bbox 2328 5252 2606 5318; x_wconf 90' lang='lat' dir='ltr'><strong>damnum,</strong></span> <span class='ocrx_word' id='word_1_868' title='bbox 2642 5252 2792 5321; x_wconf 85' lang='lat' dir='ltr'><strong>plura</strong></span> <span class='ocrx_word' id='word_1_869' title='bbox 2821 5250 2960 5306; x_wconf 85' lang='lat' dir='ltr'><strong>bona</strong></span> <span class='ocrx_word' id='word_1_870' title='bbox 2989 5265 3167 5320; x_wconf 78' lang='lat' dir='ltr'><strong>quam.</strong></span> <span class='ocrx_word' id='word_1_871' title='bbox 3197 5250 3337 5305; x_wconf 83' lang='lat' dir='ltr'><strong>mala</strong></span> <span class='ocrx_word' id='word_1_872' title='bbox 3375 5266 3471 5320; x_wconf 89' lang='lat' dir='ltr'><strong>per</strong></span> <span class='ocrx_word' id='word_1_873' title='bbox 3508 5251 3623 5305; x_wconf 66' lang='lat' dir='ltr'><strong>hare</strong></span> 
     </span>
    </p>
   </div>
   <div class='ocr_carea' id='block_1_115' title="bbox 2014 5340 3624 5414">
    <p class='ocr_par' dir='ltr' id='par_1_115' title="bbox 2014 5340 3624 5414">
     <span class='ocr_line' id='line_1_115' title="bbox 2014 5340 3624 5414; baseline 0 -15"><span class='ocrx_word' id='word_1_874' title='bbox 2014 5348 2174 5401; x_wconf 68' lang='lat' dir='ltr'><strong>verba</strong></span> <span class='ocrx_word' id='word_1_875' title='bbox 2209 5348 2302 5402; x_wconf 89' lang='lat' dir='ltr'><strong>tibi</strong></span> <span class='ocrx_word' id='word_1_876' title='bbox 2332 5346 2606 5411; x_wconf 85' lang='lat' dir='ltr'><strong>evenient,</strong></span> <span class='ocrx_word' id='word_1_877' title='bbox 2628 5344 2755 5399; x_wconf 90' lang='lat' dir='ltr'><strong>dum</strong></span> <span class='ocrx_word' id='word_1_878' title='bbox 2784 5354 2838 5399; x_wconf 92' lang='lat' dir='ltr'><strong>et</strong></span> <span class='ocrx_word' id='word_1_879' title='bbox 2865 5344 3159 5414; x_wconf 90' lang='lat' dir='ltr'><strong>propitium</strong></span> <span class='ocrx_word' id='word_1_880' title='bbox 3194 5340 3301 5398; x_wconf 74' lang='lat' dir='ltr'><strong>tibi</strong></span> <span class='ocrx_word' id='word_1_881' title='bbox 3322 5343 3421 5412; x_wconf 86' lang='lat' dir='ltr'><strong>ipsi</strong></span> <span class='ocrx_word' id='word_1_882' title='bbox 3453 5343 3624 5399; x_wconf 86' lang='lat' dir='ltr'><strong>Deum</strong></span> 
     </span>
    </p>
   </div>
   <div class='ocr_carea' id='block_1_116' title="bbox 2013 5434 3623 5510">
    <p class='ocr_par' dir='ltr' id='par_1_116' title="bbox 2013 5434 3623 5510">
     <span class='ocr_line' id='line_1_116' title="bbox 2013 5434 3623 5510; baseline -0.002 -15"><span class='ocrx_word' id='word_1_883' title='bbox 2013 5441 2227 5506; x_wconf 85' lang='lat' dir='ltr'><strong>reddes,</strong></span> <span class='ocrx_word' id='word_1_884' title='bbox 2252 5449 2306 5495; x_wconf 89' lang='lat' dir='ltr'><strong>et</strong></span> <span class='ocrx_word' id='word_1_885' title='bbox 2322 5438 2523 5494; x_wconf 90' lang='lat' dir='ltr'><strong>inimici</strong></span> <span class='ocrx_word' id='word_1_886' title='bbox 2544 5438 2879 5510; x_wconf 85' lang='lat' dir='ltr'><strong>tyrannidem</strong></span> <span class='ocrx_word' id='word_1_887' title='bbox 2905 5438 3265 5509; x_wconf 86' lang='lat' dir='ltr'><strong>propulsabis.</strong></span> <span class='ocrx_word' id='word_1_888' title='bbox 3284 5434 3456 5493; x_wconf 83' lang='lat' dir='ltr'><strong>Simul</strong></span> <span class='ocrx_word' id='word_1_889' title='bbox 3479 5452 3623 5492; x_wconf 88' lang='lat' dir='ltr'><strong>eutm</strong></span> 
     </span>
    </p>
   </div>
   <div class='ocr_carea' id='block_1_117' title="bbox 2013 5529 3622 5603">
    <p class='ocr_par' dir='ltr' id='par_1_117' title="bbox 2013 5529 3622 5603">
     <span class='ocr_line' id='line_1_117' title="bbox 2013 5529 3622 5603; baseline -0.002 -18"><span class='ocrx_word' id='word_1_890' title='bbox 2013 5545 2172 5603; x_wconf 89' lang='lat' dir='ltr'><strong>atque</strong></span> <span class='ocrx_word' id='word_1_891' title='bbox 2199 5532 2363 5588; x_wconf 84' lang='lat' dir='ltr'><strong>verba</strong></span> <span class='ocrx_word' id='word_1_892' title='bbox 2412 5532 2503 5586; x_wconf 91' lang='lat' dir='ltr'><strong>illa</strong></span> <span class='ocrx_word' id='word_1_893' title='bbox 2552 5532 2730 5602; x_wconf 83' lang='lat' dir='ltr'><strong>lingua</strong></span> <span class='ocrx_word' id='word_1_894' title='bbox 2770 5531 3025 5601; x_wconf 74' lang='lat' dir='ltr'><strong>protulit,</strong></span> <span class='ocrx_word' id='word_1_895' title='bbox 3049 5530 3296 5585; x_wconf 87' lang='lat' dir='ltr'><strong>diabolus</strong></span> <span class='ocrx_word' id='word_1_896' title='bbox 3336 5529 3622 5585; x_wconf 81' lang='lat' dir='ltr'><strong>contestim</strong></span> 
     </span>
    </p>
   </div>
   <div class='ocr_carea' id='block_1_118' title="bbox 2012 5624 3619 5695">
    <p class='ocr_par' dir='ltr' id='par_1_118' title="bbox 2012 5624 3619 5695">
     <span class='ocr_line' id='line_1_118' title="bbox 2012 5624 3619 5695; baseline 0.001 -18"><span class='ocrx_word' id='word_1_897' title='bbox 2012 5625 2276 5682; x_wconf 71' lang='lat' dir='ltr'><strong>absccs~it</strong></span> <span class='ocrx_word' id='word_1_898' title='bbox 2310 5644 2323 5680; x_wconf 91' lang='lat'>:</span> <span class='ocrx_word' id='word_1_899' title='bbox 2359 5626 2451 5680; x_wconf 93' lang='lat' dir='ltr'><strong>illo</strong></span> <span class='ocrx_word' id='word_1_900' title='bbox 2481 5640 2641 5695; x_wconf 83' lang='lat' dir='ltr'><strong>porro</strong></span> <span class='ocrx_word' id='word_1_901' title='bbox 2667 5624 3015 5691; x_wconf 84' lang='lat' dir='ltr'><strong>abscedente,</strong></span> <span class='ocrx_word' id='word_1_902' title='bbox 3061 5625 3230 5679; x_wconf 89' lang='lat' dir='ltr'><strong>nubes</strong></span> <span class='ocrx_word' id='word_1_903' title='bbox 3270 5638 3483 5694; x_wconf 85' lang='lat' dir='ltr'><strong>quoque</strong></span> <span class='ocrx_word' id='word_1_904' title='bbox 3529 5626 3619 5679; x_wconf 85' lang='lat' dir='ltr'><strong>tri-</strong></span> 
     </span>
    </p>
   </div>
   <div class='ocr_carea' id='block_1_119' title="bbox 2014 5714 3622 5786">
    <p class='ocr_par' dir='ltr' id='par_1_119' title="bbox 2014 5714 3622 5786">
     <span class='ocr_line' id='line_1_119' title="bbox 2014 5714 3622 5786; baseline -0.002 -13"><span class='ocrx_word' id='word_1_905' title='bbox 2014 5720 2172 5773; x_wconf 76' lang='lat' dir='ltr'><strong>stitia:</strong></span> <span class='ocrx_word' id='word_1_906' title='bbox 2200 5719 2503 5784; x_wconf 83' lang='lat' dir='ltr'><strong>discutitur,</strong></span> <span class='ocrx_word' id='word_1_907' title='bbox 2538 5728 2591 5773; x_wconf 89' lang='lat' dir='ltr'><strong>et</strong></span> <span class='ocrx_word' id='word_1_908' title='bbox 2615 5734 2737 5773; x_wconf 90' lang='lat' dir='ltr'><strong>cum</strong></span> <span class='ocrx_word' id='word_1_909' title='bbox 2771 5719 2859 5774; x_wconf 84' lang='lat' dir='ltr'><strong>illa</strong></span> <span class='ocrx_word' id='word_1_910' title='bbox 2890 5718 3139 5773; x_wconf 79' lang='lat' dir='ltr'><strong>celeriter</strong></span> <span class='ocrx_word' id='word_1_911' title='bbox 3167 5714 3445 5786; x_wconf 86' lang='lat' dir='ltr'><strong>anfugiunt</strong></span> <span class='ocrx_word' id='word_1_912' title='bbox 3478 5716 3622 5783; x_wconf 60' lang='lat' dir='ltr'><strong>cogi-</strong></span> 
     </span>
    </p>
   </div>
   <div class='ocr_carea' id='block_1_120' title="bbox 2020 5803 3624 5880">
    <p class='ocr_par' dir='ltr' id='par_1_120' title="bbox 2020 5803 3624 5880">
     <span class='ocr_line' id='line_1_120' title="bbox 2020 5803 3624 5880; baseline -0.01 -11"><span class='ocrx_word' id='word_1_913' title='bbox 2020 5815 2271 5880; x_wconf 79' lang='lat' dir='ltr'><strong>tationes,</strong></span> <span class='ocrx_word' id='word_1_914' title='bbox 2303 5830 2422 5877; x_wconf 75' lang='lat' dir='ltr'><strong>qua:</strong></span> <span class='ocrx_word' id='word_1_915' title='bbox 2468 5824 2568 5868; x_wconf 84' lang='lat' dir='ltr'><strong>nos</strong></span> <span class='ocrx_word' id='word_1_916' title='bbox 2598 5808 2879 5879; x_wconf 68' lang='lat' dir='ltr'><strong>afﬂigunt;</strong></span> <span class='ocrx_word' id='word_1_917' title='bbox 2930 5822 2994 5863; x_wconf 85' lang='lat' dir='ltr'><strong>ac</strong></span> <span class='ocrx_word' id='word_1_918' title='bbox 3040 5814 3236 5872; x_wconf 68' lang='grc' dir='ltr'><strong>ιηίυιυτ</strong></span> <span class='ocrx_word' id='word_1_919' title='bbox 3289 5807 3401 5863; x_wconf 73' lang='lat' dir='ltr'><strong>lucc</strong></span> <span class='ocrx_word' id='word_1_920' title='bbox 3444 5803 3624 5859; x_wconf 86' lang='lat' dir='ltr'><strong>omnia</strong></span> 
     </span>
    </p>
   </div>
  </div>
