4058 6454
498 341 590 397 6'5-
601 341 676 396 (Π

1202 335 1259 390 5.
1306 332 1594 392 JOANNlS
1628 326 2124 389 CHRYSOSTOMI
2164 324 2486 383 ARCIIIEP.
2526 314 3075 380 CONSTANTINOP.

3594 299 3765 361 66-68

982 520 994 530 α
1521 524 1528 531 ι
1979 530 2055 540 --Ι

2164 493 3768 540 __._.___———'———-——-—---—'—-—'-‘—"‘

1936 759 2320 838 SERMO

479 1024 566 1078 Π),
602 1023 716 1068 EOS
758 1022 869 1076 ρυι
911 1021 1300 1068 οουνεκτυιι
1343 1021 1658 1069 ECCLBSIE
1699 1021 2055 1066 DEBERUEII

2164 1025 2189 1079 ',
2236 1024 2318 1067 ΒΤ
2387 1023 2559 1077 QUOD
2628 1027 2754 1071 NON
2797 1027 3130 1073 OPOITBA'I'
3184 1029 3523 1075 SACIAIUI
3595 1031 3785 1076 δεκε-

555 1094 902 1168 rruunttl
945 1121 1212 1166 TITULOB
1256 1120 1836 1177 ηιςηιιιιιπειιις,
1897 1120 1979 1163 er
2020 1120 2055 1164 ι]

2164 1121 2622 1170 NSCIIPTIONBM
2666 1127 2955 1185 Αιτιιιιε,
3000 1129 3083 1173 ET
3122 1129 3185 1173 IN
3241 1130 3452 1174 NUPEI
3512 1118 3778 1175 ιιιυιιι-

556 1226 592 1268 ﬂ
601 1225 780 1269 Ατοι.

1998 1289 2092 1332 OG

543 1432 594 1485 Ι.
638 1425 776 1497 Quid
808 1425 910 1482 hoc
937 1425 1039 1481 sibi
1090 1424 1238 1482 vult?
1287 1423 1404 1492 Quo
1452 1422 1608 1478 nobis
1651 1421 1783 1477 festa
1831 1421 2059 1478 ulterius

468 1519 906 1594 progrediuntur,
937 1531 1005 1573 eo
1047 1517 1285 1572 minores
1311 1515 1554 1572 collecta:
1599 1515 1753 1570 fiunt.
1783 1511 1858 1569 Ne
1883 1521 2061 1569 tamen

467 1613 671 1668 idcirco
714 1608 928 1666 desides
971 1609 1140 1678 simus
1170 1622 1270 1663 nos
1309 1607 1400 1677 qui
1446 1607 1700 1660 adsumus
1733 1621 1748 1660 :
1797 1601 2061 1674 siquidem

467 1707 708 1762 minores
737 1701 972 1769 ﬂunt,si
1023 1699 1418 1755 multitudinem
1454 1705 1697 1767 spectes;
1729 1694 1775 1750 si
1813 1694 2063 1749 alacrita-

465 1808 575 1852 tem
600 1795 786 1862 animi,
805 1808 910 1848 non
935 1792 1068 1846 fiunt
1089 1791 1362 1869 minores:
1391 1803 1616 1844 numero
1645 1788 1780 1842 liunt
1803 1787 2062 1853 minores,

468 1887 819 1944 non‘affectu.
849 1884 1019 1942 Porro
1036 1883 1234 1939 idcirco
1263 1883 1597 1947 minuuntur,
1629 1889 1689 1936 ut
1711 1881 1800 1950 qui
1828 1881 1880 1935 in
1912 1879 2065 1935 vobis

467 1980 836 2052 probatisunt,
851 1975 1117 2032 manifesti
1140 1974 1288 2039 ﬂant,
1309 1983 1364 2029 et
1387 1974 1606 2044 quinam
1632 1987 1700 2027 ex
1723 1969 2066 2026 consuetudi-

465 2072 812 2145 ne,quinam
840 2069 1143 2127 divinorum
1187 2067 1526 2139 eloquiorum
1569 2065 1894 2136 cupiditate,
1946 2065 2064 2134 qui-

465 2181 591 2222 nam
640 2163 884 2220 lectionis
912 2159 1206 2230 spiritualis
1251 2158 1520 2214 desiderio
1544 2157 1686 2213 ducti
1713 2157 1781 2212 ad
1828 2172 2058 2211 annuam

463 2255 727 2312 ventitent
750 2251 1141 2309 solemnitatem
1162 2289 1179 2316 ,
1205 2249 1462 2306 sciamus.
1509 2247 1838 2304 Praecedenti
1882 2247 2060 2302 domi-

465 2347 585 2404 nica
612 2346 803 2401 civitas
846 2344 933 2399 hic
974 2342 1162 2397 aderat
1185 2342 1434 2395 universa
1455 2380 1470 2406 ,
1522 2338 1680 2409 plena
1708 2347 2053 2407 erantsepta,

463 2446 520 2492 et
543 2434 830 2491 multitudo
857 2432 1173 2489 recedentes
1205 2430 1398 2486 ﬂuctus
1425 2440 1586 2501 atque
1614 2429 1905 2484 redeuntes
1932 2428 2057 2483 inti-

465 2526 718 2582 tabatur:
758 2524 853 2580 sed
882 2523 1013 2579 mihi
1043 2522 1296 2578 ﬂuctibus
1348 2521 1453 2576 illis
1481 2521 1715 2590 optatior
1758 2529 1814 2588 et
1859 2521 2061 2590 gratior

462 2627 548 2674 est
576 2615 931 2686 tranquillitas
951 2623 1161 2680 vestra;
1191 2611 1360 2684 pluris
1387 2627 1488 2683 ego
1513 2611 1648 2666 facio
1673 2611 1907 2681 quietem
1967 2624 2063 2663 ve-

464 2720 656 2774 stram,
676 2721 834 2779 quam
859 2705 1146 2774 tumultum
1169 2713 1224 2759 et
1240 2702 1424 2757 turbas
1452 2702 1586 2756 illas.
1609 2700 1744 2756 Tum
1776 2709 2058 2770 praesentia

462 2801 808 2855 dinumerare
835 2813 1060 2869 corpora
1087 2796 1300 2863 licebat,
1326 2809 1467 2850 nunc
1492 2793 1712 2849 affectus
1734 2794 1921 2863 plenos
1942 2793 2059 2864 pie-

463 2891 608 2944 tatis.
637 2889 695 2945 Si
719 2889 841 2959 quis
863 2887 1002 2942 hanc
1027 2900 1326 2957 paucorum
1351 2885 1626 2940 hominum
1666 2883 1944 2940 collectam
1961 2923 1977 2948 ,
2005 2892 2060 2938 et

461 2997 529 3036 cx
557 2980 881 3051 pauperibus
910 2977 1099 3049 majori
1123 2992 1188 3033 ex
1230 2984 1380 3048 parte
1406 2984 1742 3031 constantem
1763 3016 1776 3040 ,
1827 2984 1881 3030 et
1909 2974 2057 3030 illam

461 3072 750 3127 multorum
803 3069 1080 3124 hominum
1126 3083 1197 3124 ex
1236 3066 1490 3122 divitibus
1541 3065 1746 3134 majore
1783 3080 1851 3120 ex
1907 3074 2058 3134 parte

461 3163 745 3220 conﬂatam
765 3203 782 3226 ,
809 3162 856 3217 si
900 3162 1022 3231 quis
1049 3170 1300 3230 utrasque
1328 3159 1579 3214 collectas
1620 3159 1752 3214 istas
1788 3167 2056 3228 tamquam

460 3257 517 3311 in
563 3254 760 3309 trutina
805 3261 860 3309 et
886 3260 1082 3308 statera
1135 3250 1433 3321 ponderare
1454 3249 1713 3315 voluerit,
1750 3247 1885 3302 hanc
1909 3263 2061 3304 eom-

462 3345 634 3416 periet
687 3343 1119 3415 praeponderare.
1152 3342 1482 3412 Quamquam
1531 3341 1706 3406 enim,
1759 3340 1804 3394 si
1849 3339 2056 3395 numeri

459 3440 598 3496 ratio
628 3438 906 3504 habeatur,
935 3435 1172 3491 minores
1194 3435 1323 3490 estis
1355 3452 1369 3489 :
1403 3435 1446 3488 si
1494 3442 1671 3487 tamen
1712 3431 2055 3502 cupiditatem

458 3530 816 3600 aﬂ'ectumque
834 3537 1155 3598 spectemus,
1185 3527 1355 3597 pluris
1385 3524 1613 3581 faciendi
1632 3525 1781 3579 estis.
1815 3523 1890 3579 Ita
1917 3524 1975 3578 ﬂt
2003 3524 2054 3578 in

461 3623 643 3687 rebus,
675 3637 794 3690 qua:
837 3617 1202 3691 ponderantur
1242 3635 1254 3670 :
1284 3617 1329 3672 si
1376 3616 1496 3686 quis
1518 3617 1706 3671 decem
1735 3630 1927 3670 aureos
1948 3625 2057 3669 sta-

460 3725 606 3769 teras
636 3721 846 3778 sumat,
879 3720 934 3766 et
977 3710 1029 3765 in
1061 3725 1164 3765 una
1192 3711 1341 3764 lance
1385 3709 1653 3778 deponat,
1687 3722 1749 3762 ac
1773 3707 1966 3762 deinde
1999 3706 2049 3760 in

458 3809 626 3862 altera
653 3815 869 3861 centum
895 3818 1071 3859 aereos
1099 3816 1375 3864 nummos;
1411 3800 1664 3864 trutinam
1692 3799 1903 3868 quidem
1929 3812 2055 3853 cenv

460 3911 570 3952 tum
625 3897 750 3952 a'rei
805 3896 1009 3950 nummi
1053 3894 1306 3954 deorsum
1345 3891 1410 3948 ad
1440 3908 1500 3948 se
1542 3890 1788 3953 trahunt,
1819 3899 2053 3945 attamen

459 3990 605 4044 aurei
646 3988 829 4043 decem
859 3987 931 4041 illi
961 4002 1085 4042 cum
1117 3985 1296 4040 habita
1326 3983 1534 4038 ratione
1567 3982 1803 4036 materiae
1843 3980 2054 4048 gravio—

457 4097 547 4135 res
570 4082 676 4134 sint
704 4093 766 4134 ac
810 4077 1150 4146 pretiosiores
1175 4117 1190 4142 ,
1221 4084 1426 4128 naturae
1470 4087 1580 4125 suae
1607 4071 1862 4138 dignitate
1909 4085 2052 4138 pra:-

457 4172 776 4242 ponderant.
827 4169 1008 4236 Itaque
1038 4166 1150 4220 fieri
1181 4173 1388 4234 potest,
1424 4164 1590 4232 utqui
1619 4162 1769 4231 pauci
1805 4171 1928 4216 sunt
1952 4178 2052 4215 nu-

461 4277 610 4316 mero
629 4302 644 4326 ,
670 4260 837 4329 pluris
879 4256 1101 4310 faciendi
1130 4255 1238 4310 sint
1264 4263 1318 4309 et
1353 4255 1592 4306 utiliores
1621 4252 1918 4307 habeantur
1948 4253 2053 4307 illis

459 4355 548 4425 qui
590 4366 812 4406 numero
835 4349 987 4404 multi
1028 4349 1153 4403 sint.
1185 4346 1290 4401 Sed
1319 4345 1446 4415 quid
1477 4360 1576 4413 ego
1605 4343 1758 4397 vobis
1808 4344 2052 4411 exempla

459 4445 672 4515 profero
715 4458 743 4496 a
771 4441 933 4497 rebus
958 4437 1230 4494 consuetis
1255 4435 1478 4504 repetita
1499 4475 1512 4498 ,
1542 4449 1661 4487 cum
1687 4434 1855 4502 ipsam
1886 4448 1913 4485 a
1944 4433 2054 4485 Deo

458 4539 718 4606 prolatam
763 4531 1080 4588 sententiam
1135 4537 1380 4596 oporteat
1434 4526 1487 4579 in
1551 4525 1783 4579 medium
1829 4524 2052 4578 aﬂerri?

457 4629 592 4698 Quid
620 4628 776 4697 igitur
805 4625 890 4678 illa
917 4621 1079 4676 dicit?
1108 4620 1291 4673 Melior
1315 4627 1392 4672 est
1436 4632 1569 4669 unus
1595 4617 1787 4689 faciens
1815 4617 2051 4669 volunta-

459 4732 557 4774 tem
587 4718 820 4781 Domini,
853 4731 1003 4783 quant
1025 4711 1277 4766 innumeri
1307 4707 1716 4778 prwvaricatores
1740 4705 1927 4774 (Eccli.
1958 4706 2045 4760 16.

457 4813 536 4879 5).
574 4810 664 4864 Est
687 4807 830 4863 enim
852 4846 866 4871 ,
895 4814 977 4858 est
1002 4817 1145 4872 saepe
1190 4815 1326 4854 unus
1349 4797 1834 4853 homovinnumeris
1887 4797 2052 4867 aequi—

459 4902 746 4972 parandus.
777 4897 913 4966 Quid
943 4896 1062 4950 dico
1089 4909 1252 4948 unum
1286 4892 1560 4945 hominem
1615 4890 1786 4944 solum
1817 4889 2054 4958 a-quipa-

458 4997 683 5052 randum
713 4988 1042 5046 innumeris?
1069 4989 1176 5041 imo
1205 4994 1316 5039 toto
1337 4985 1467 5040 orbe
1512 4993 1771 5038 terrarum
1797 4983 1973 5037 utilior
1998 4989 2052 5035 et

458 5085 740 5155 pretiosior
783 5091 1050 5137 censetur.
1100 5082 1277 5147 Atque
1309 5075 1463 5144 hujus
1493 5076 1567 5129 rei
1600 5074 1954 5128 testimonium
1984 5088 2048 5127 ex

458 5176 609 5232 Pauli
643 5173 823 5228 verbis
853 5170 1156 5225 mutuabor.
1188 5170 1320 5222 Cum
1352 5166 1493 5219 enim
1534 5164 1806 5218 hominum
1849 5179 2047 5233 paupe—

459 5285 616 5334 rum,
662 5274 978 5320 vexatorum
1007 5304 1022 5328 ,
1069 5260 1491 5330 exagitatorum,
1544 5255 1857 5310 afﬂictorum
1899 5272 2048 5310 men-

462 5364 660 5417 tionem
710 5357 942 5420 fecisset,
975 5353 1212 5422 adjecit:
1245 5349 1564 5405 Circuierunt
1620 5347 1671 5399 in
1721 5348 1949 5414 melotis,
1998 5349 2050 5401 in

461 5454 673 5514 pellibus
726 5448 967 5519 caprinis,
1007 5454 1223 5516 egentes,
1274 5440 1579 5512 angttstiali,
1629 5441 1829 5509 aﬂlicti,
1871 5439 2049 5507 quibus

463 5550 644 5616 dignus
672 5561 769 5597 non
798 5551 903 5595 erat
946 5539 1160 5592 mundus
1191 5537 1347 5608 (Urb.
1377 5537 1462 5591 Η.
1496 5536 1583 5590 57.
1612 5535 1724 5600 58).
1773 5534 1906 5602 Quid
1938 5532 2051 5587 ais?

461 5637 771 5691 llmninibus
797 5632 1074 5701 egentibus
1096 5671 1110 5696 ,
1155 5629 1384 5693 afﬂictis,
1420 5626 1614 5694 patrias
1641 5625 1792 5680 sedes
1823 5641 1925 5679 non
1961 5624 2052 5677 ha-

461 5726 710 5782 bentibus
738 5724 921 5790 dignus
953 5738 1058 5779 non
1108 5730 1222 5777 erat
1267 5715 1531 5774 mundus?
1562 5715 1676 5772 Non
1723 5717 1864 5771 vides
1894 5735 2051 5789 quam

2176 1438 2380 1496 paucos
2404 1434 2510 1482 tam
2561 1427 2744 1485 multis
2769 1430 3124 1500 opposueris?
3148 1430 3333 1500 Video,
3356 1432 3548 1504 inquit,
3572 1445 3630 1490 et
3656 1435 3788 1490 ideo

2173 1514 2284 1572 dixi
2321 1517 2577 1574 mundum
2603 1518 2714 1575 illis
2761 1536 2866 1576 non
2897 1519 3064 1592 fuisse
3091 1521 3309 1593 dignum
3337 1539 3350 1577 :
3393 1533 3518 1579 nota
3551 1526 3778 1596 quippe

2172 1608 2308 1665 mihi
2332 1617 2417 1665 est
2445 1609 2826 1667 numismatum
2853 1615 3080 1668 istorum
3108 1623 3317 1669 natura.
3346 1614 3403 1670 Si
3435 1622 3636 1671 terram
3669 1632 3778 1687 po-

2173 1716 2355 1768 suero,
2407 1718 2576 1772 mare,
2603 1719 2778 1777 reges,
2827 1704 3134 1774 praefectos,
3153 1713 3209 1762 et
3237 1706 3402 1761 totam
3421 1709 3646 1763 omnino
3675 1723 3780 1763 na-

2173 1799 2347 1847 turam
2386 1792 2704 1861 humanam,
2733 1802 2789 1851 et
2810 1794 2948 1850 duos
2979 1805 3155 1851 tresve
3184 1810 3447 1867 pauperes
3486 1797 3572 1852 his
3600 1813 3783 1868 oppo-

2171 1899 2353 1953 suero,
2384 1887 2718 1943 confidenter
2766 1903 3005 1944 asseram
3062 1888 3198 1954 fore,
3255 1898 3314 1943 ut
3359 1905 3636 1961 pauperes
3686 1891 3778 1945 isti

2171 1977 2601 2047 praeponderent.
2655 1978 2809 2045 Quod
2836 1979 2882 2035 si
2926 1979 3000 2034 illi
3024 1994 3056 2035 e
3081 1979 3269 2049 patriis
3289 1980 3505 2054 sedibus
3527 1980 3778 2051 expelle-

2172 2066 2386 2134 bantur,
2427 2078 2605 2124 tamen
2645 2070 2871 2140 patriam
2917 2083 3207 2142 supernam
3250 2070 3546 2127 Jerusalem
3599 2072 3776 2129 habe-

2172 2156 2320 2212 bant.
2343 2157 2398 2212 ln
2429 2169 2742 2229 paupertate
2768 2161 2932 2214 vitam
2977 2161 3203 2231 agebant
3228 2177 3244 2226 ;
3271 2171 3326 2216 at
3352 2163 3550 2232 pietate
3575 2161 3776 2218 divites

2168 2254 2343 2301 erant.
2370 2246 2688 2303 Hominibus
2707 2259 2862 2303 erant
2886 2249 3080 2316 odiosi,
3111 2258 3165 2303 at
3207 2250 3318 2304 Deo
3346 2251 3506 2320 grati.
3530 2251 3776 2319 Quinam

2168 2336 2244 2391 illi
2289 2352 2448 2407 porro
2488 2338 2654 2392 sunt?
2685 2338 2892 2405 Helias,
2925 2339 3173 2407 Elisaeus,
3228 2348 3282 2394 et
3329 2340 3469 2395 illius
3508 2342 3774 2410 temporis

2168 2442 2376 2482 omnes.
2408 2427 2593 2501 Neque
2639 2445 2768 2484 vero
2813 2429 2866 2485 id
2908 2440 3155 2500 spectes,
3206 2431 3350 2503 quod
3398 2448 3466 2488 ne
3511 2434 3772 2499 alimenta

2166 2518 2383 2588 quidem
2408 2518 2512 2574 illis
2538 2520 2839 2575 necessaria
2861 2521 3219 2590 suppetebant
3242 2539 3256 2575 :
3278 2530 3333 2576 at
3353 2522 3494 2592 quod
3511 2538 3573 2578 os
3602 2523 3775 2580 llelia:

2165 2610 2356 2665 caelum
2383 2610 2635 2666 clauserit
2662 2619 2718 2666 et
2744 2612 3055 2683 aperuerit,
3073 2612 3296 2685 ejusque
3349 2615 3549 2670 melote
3573 2614 3774 2672 Jorda-

2166 2716 2290 2757 nem
2312 2712 2460 2758 retro
2484 2701 2712 2759 ﬂexerit.

2240 2792 2509 2848 Invenitur
2552 2796 2605 2849 in
2635 2811 2718 2850 eos
2745 2797 2833 2866 qui
2858 2797 3160 2866 spectaculis
3197 2797 3466 2853 intersunt.
3497 2829 3570 2839 —
3595 2799 3771 2870 Atque

2166 2882 2281 2939 h:rc
2306 2901 2426 2939 cum
2457 2885 2589 2940 mihi
2616 2887 2835 2941 veniunt
2855 2887 2909 2942 in
2939 2898 3173 2943 mentem
3192 2931 3206 2952 ,
3238 2889 3476 2959 gaudeo,
3499 2899 3556 2945 et
3569 2891 3768 2946 doleo:

2165 2976 2371 3046 gaudeo
2396 2977 2612 3046 quidem
2659 2986 2876 3049 propter
2928 2994 3026 3034 vos
3066 2981 3154 3048 qui
3184 2979 3417 3035 adestis:
3448 2981 3607 3036 doleo
3639 2998 3771 3036 vero

2164 3075 2384 3136 propter
2410 3082 2505 3123 eos
2532 3068 2621 3138 qui
2645 3068 2840 3124 absunt
2869 3087 2884 3123 :
2906 3068 3066 3123 doleo
3092 3069 3263 3134 valde,
3286 3070 3620 3142 molesteque
3649 3071 3768 3127 fero

2163 3168 2220 3212 et
2241 3157 2405 3214 corde
2447 3167 2715 3214 conteror.
2748 3159 2876 3226 Quis
2909 3161 3051 3214 enim
3069 3169 3152 3215 est
3181 3161 3318 3215 adeo
3342 3177 3534 3217 sensus
3561 3163 3770 3219 doloris

2163 3262 2391 3318 expers,
2445 3258 2502 3304 ut
2527 3265 2634 3304 non
2677 3250 2858 3305 doleat
2882 3265 3002 3306 cum
3054 3251 3106 3306 in
3133 3267 3195 3307 ea
3225 3268 3343 3322 quae
3391 3253 3458 3308 ad
3485 3254 3763 3310 diabolum

2162 3339 2464 3408 pertinent,
2509 3341 2626 3410 plus
2679 3340 2838 3396 studii
2868 3342 3104 3398 conferri
3151 3347 3369 3399 cernat?
3397 3345 3559 3415 Atqui
3617 3347 3765 3400 nulla

2161 3443 2286 3500 spes
2318 3432 2484 3486 veniae
2505 3432 2660 3486 nobis
2684 3433 2767 3486 vel
2791 3435 3154 3490 excusationis
3174 3436 3375 3506 reliqua
3400 3447 3575 3504 esset,
3607 3440 3654 3493 si
3679 3440 3765 3493 vel

2163 3522 2369 3592 aequale
2393 3523 2627 3578 studium
2655 3524 2989 3580 conferretur
3018 3544 3032 3581 :
3063 3541 3183 3581 cum
3208 3537 3386 3583 autem
3412 3530 3572 3585 etiam
3604 3532 3765 3601 longe

2163 3622 2416 3682 superet,
2468 3614 2588 3684 quis
2623 3615 2779 3670 nobis
2825 3615 3153 3671 defensionis
3197 3618 3346 3673 locus
3400 3620 3766 3690 relinquitur?

2161 3704 2410 3772 Quotidie
2432 3721 2528 3761 nos
2559 3706 2783 3762 invitant
2811 3711 3138 3778 spectacula,
3159 3726 3257 3765 nec
3282 3712 3422 3766 ullus
3453 3713 3764 3781 pigritatur,

2160 3796 2338 3850 nullus
2359 3805 2441 3849 est
2470 3797 2558 3866 qui
2600 3807 2913 3864 cunctetur;
2948 3801 3127 3856 nullus
3157 3811 3240 3856 est
3281 3803 3370 3871 qui
3422 3804 3762 3873 negotiorum

2159 3887 2538 3956 occupationes
2575 3888 2829 3943 obtendat
2860 3930 2876 3954 ,
2931 3890 3024 3944 sed
3081 3899 3346 3961 tamquam
3399 3892 3634 3961 expediti
3709 3902 3766 3947 et

2159 3979 2302 4030 omni
2356 3992 2484 4032 cura
2527 3978 2685 4032 soluti
2730 3989 3014 4034 accurrunt
3047 3995 3235 4036 omnes
3284 3998 3297 4033 :
3347 3997 3451 4035 non
3505 3983 3763 4036 canitiem

2159 4083 2326 4122 senex
2357 4081 2651 4136 reveretur,
2675 4087 2782 4124 non
2804 4072 3050 4127 ardorem
3080 4081 3282 4128 naturae
3312 4088 3373 4128 ac
3404 4073 3640 4129 libidinis
3666 4076 3759 4143 ju-

2160 4157 2313 4213 venis
2343 4169 2652 4228 suspectum
2684 4159 2877 4224 habet,
2911 4176 3082 4231 neque
3106 4162 3416 4231 dignitatem
3448 4178 3600 4217 suam
3633 4180 3764 4232 pro-

2158 4248 2255 4303 bro
2281 4264 2339 4302 se
2360 4249 2575 4304 allicere
2599 4259 2783 4304 censet
2808 4251 3111 4320 opulentus.
3143 4253 3214 4306 At
3238 4253 3283 4305 si
3313 4252 3526 4322 quidem
3555 4255 3623 4307 ad
3666 4271 3762 4309 ec-

2158 4339 2373 4393 clesiam
2401 4340 2719 4395 veniendum
2749 4341 2846 4408 sit,
2874 4344 3024 4412 quasi
3047 4358 3112 4398 ex
3134 4343 3313 4414 aliquo
3342 4343 3557 4398 sublimi
3585 4346 3760 4414 gradu

2158 4441 2211 4485 et
2239 4431 2441 4486 honore
2471 4433 2823 4491 desiliendum
2852 4437 2954 4500 sit,
2979 4436 3048 4489 ita
3076 4413 3355 4507 pigiitatur
3376 4446 3429 4491 et
3454 4413 3630 4508 torprit
3656 4481 3672 4504 ,
3707 4449 3765 4494 et

2159 4523 2374 4577 inﬂatur
2399 4524 2594 4582 deinde
2617 4567 2631 4591 ,
2683 4527 2834 4596 quasi
2865 4528 3133 4596 quidpiam
3159 4529 3314 4582 fuerit
3345 4529 3458 4584 Deo
3480 4530 3710 4599 largitus
3742 4551 3757 4586 :

2156 4628 2279 4669 cum
2310 4630 2434 4670 vero
2474 4628 2724 4686 properat
2770 4618 2837 4672 ad
2888 4619 3187 4686 theatrum,
3249 4620 3337 4674 ubi
3384 4632 3507 4675 sunt
3556 4621 3760 4677 lasciva

2156 4710 2459 4776 spectacula
2502 4718 2556 4764 et
2601 4719 2938 4775 acroamata,
2993 4727 3100 4766 non
3153 4713 3425 4767 existimat
3467 4728 3526 4768 se
3557 4717 3761 4784 probro

2156 4801 2393 4870 seipsum
2425 4800 2646 4857 afficere
2669 4845 2684 4868 ,
2732 4817 2836 4857 non
2865 4803 3076 4858 divitias
3100 4819 3225 4858 suas
3252 4819 3349 4858 nec
3397 4803 3755 4876 nobilitatem.

2154 4891 2305 4947 Scire
2329 4907 2578 4962 cuperem
2600 4933 2615 4956 ,
2663 4893 2751 4947 ubi
2783 4908 2924 4948 nunc
2970 4894 3111 4959 sint,
3144 4895 3232 4963 qui
3259 4903 3365 4948 tum
3417 4895 3511 4949 illo
3540 4895 3628 4950 die
3660 4913 3762 4950 nos

2158 4984 2578 5039 interturhabant
2612 5027 2626 5050 ,
2654 4986 2916 5056 siquidem
2965 4987 3335 5041 interturbatio
3362 4988 3609 5056 quaedam
3641 4999 3761 5043 erat

2164 5077 2400 5146 ipsorum
2424 5077 2709 5146 praesentia
2737 5095 2749 5131 :
2779 5078 2918 5131 seire
2947 5092 3199 5147 cuperem
3237 5078 3361 5147 quid
3390 5092 3532 5133 nunc
3562 5090 3756 5148 agant,

2156 5166 2282 5236 quid
2313 5168 2494 5223 utilius
2539 5169 2657 5235 his,
2703 5184 2821 5238 quae
2851 5169 3004 5224 nobis
3024 5179 3150 5224 sunt
3178 5186 3287 5239 prae
3317 5171 3562 5224 manibus
3586 5213 3600 5234 ,
3635 5172 3758 5225 illos

2156 5269 2398 5326 occupet.
2432 5260 2541 5314 lmo
2589 5262 2730 5315 nulla
2754 5250 3035 5332 oce'upatio
3076 5262 3194 5316 illos
3214 5262 3452 5327 detinet,
3483 5262 3576 5317 sed
3608 5265 3758 5319 solus

2156 5351 2341 5404 fastus.
2393 5350 2510 5416 Quo
2539 5351 2663 5419 quid
2693 5351 2932 5406 insanius
2987 5352 3156 5406 videri
3189 5352 3400 5422 potest?
3435 5353 3549 5408 Cur
3569 5356 3713 5408 enim
3737 5394 3754 5418 ,

2155 5455 2338 5510 quaeso
2358 5483 2373 5504 ,
2404 5441 2683 5511 magnifice
2705 5457 2767 5496 ac
2788 5443 3020 5512 superbe
3058 5442 3124 5497 de
3155 5454 3205 5498 te
3227 5443 3427 5512 sentis,
3454 5446 3528 5500 mi
3558 5443 3757 5500 homo?

2158 5540 2315 5600 teque
2345 5531 2494 5586 nobis
2521 5531 2805 5602 gratiﬁcari
2834 5549 3023 5588 censes
3045 5576 3057 5600 ,
3082 5534 3127 5589 si
3159 5550 3281 5589 cum
3313 5537 3415 5591 huc
3435 5539 3647 5592 veneris
3673 5550 3760 5591 ιιι

2159 5621 2368 5686 lendas,
2401 5631 2454 5676 et
2479 5637 2594 5692 quae
2625 5622 2689 5677 ad
2735 5624 2962 5679 salutem
2992 5625 3184 5680 animae
3231 5637 3331 5681 tua:
3358 5630 3626 5697 pertinent
3652 5645 3752 5681 an-

2158 5717 2308 5773 dias?
2335 5731 2492 5786 quam
2524 5712 2593 5770 ob
2619 5730 2866 5783 causam,
2916 5732 3118 5788 quaeso,
3165 5728 3219 5775 et
3263 5720 3415 5792 cujus
3458 5721 3531 5776 rei
3583 5717 3755 5793 gratia
