4058 6396
282 372 353 425 69
880 363 945 420 ΙΝ
984 352 1509 419 INSCBIPTIONEM
1551 348 1849 408 ALTARIS

2018 346 2084 402 IN
2124 342 2525 402 rmacmuu
2565 341 2923 401 ACTORUM.
2966 341 3010 399 ι.
3184 296 3185 299 γ
3515 344 3582 401 7ο
3640 334 3663 339 ν·

273 489 644 559 εῑοῆπὶεἳαιι
680 485 752 541 ob
773 482 1021 541 divitias?
1064 495 1134 535 an
1163 477 1235 533 ob
1264 485 1440 532 vestes
1487 469 1719 527 sericas?
1766 467 1874 522 Cur

276 598 382 638 non
410 581 586 652 potius
614 578 819 649 cogitas
842 575 957 630 illas
980 572 1244 627 vermium
1270 581 1392 623 esse
1414 563 1641 620 stamina
1672 568 1728 615 et
1747 559 1875 652 bar-

276 648 526 728 barorum
554 648 830 724 hominum
880 662 1133 721 inventa?
1154 659 1468 716 meretrices
1510 654 1616 710 illis
1644 667 1708 707 ac
1736 648 1877 705 inol-

276 765 477 826 les,-et
521 750 891 835 sepulcrorum
939 756 1306 826 perlossores,
1367 763 1431 803 ac
1472 747 1709 835 latrones
1762 741 1877 797 uti?

273 853 495 907 Divitias
520 834 752 922 agnosce
777 847 1041 918 legitimas
1062 886 1079 911 ,
1112 841 1264 899 etab
1303 839 1395 895 illo
1429 834 1649 893 sublimi
1700 845 1870 888 vano-

270 957 378 1011 que
399 941 537 996 fastu
576 937 864 1010 aliquando
911 935 1196 998 delabere;
1226 938 1432 986 natura:
1460 926 1717 980 vilitatem
1743 936 1875 979 con-

270 1032 471 1087 sidera.
502 1030 669 1086 Terra
714 1044 775 1085 es
803 1037 859 1084 et
901 1026 1077 1098 pulvis
1095 1066 1111 1091 ,
1134 1022 1269 1078 cinis
1293 1030 1351 1079 et
1378 1018 1591 1083 favilla,
1620 1016 1799 1071 fumus
1822 1023 1880 1070 et

254 1125 499 1189 .umbra,
535 1121 738 1178 fmnum
765 1127 825 1177 et
847 1121 948 1176 tios
992 1117 1141 1173 freni.
1176 1114 1383 1179 Taliue,
1416 1126 1635 1182 quaeso,
1687 1118 1876 1163 natura

266 1214 556 1284 gloriaris?
583 1213 719 1282 Quid
736 1227 866 1269 vero
888 1224 1009 1267 esse
1036 1216 1214 1281 potest
1237 1207 1407 1276 magis
1429 1202 1713 1259 ridiculum
1738 1201 1879 1255 ?At-

266 1305 365 1375 qui
385 1305 567 1361 multis
587 1298 900 1360 hominibus
922 1301 1191 1373 imperas?
1210 1297 1349 1368 Quid
1374 1296 1477 1351 hoc
1506 1296 1600 1350 tibi
1633 1293 1874 1365 prodest,

267 1398 416 1469 quod
447 1396 754 1452 hominibus
798 1397 1065 1465 imperes,
1094 1408 1216 1447 cum
1249 1387 1715 1461 perturbationum
1758 1395 1877 1438 tua-

266 1504 395 1543 rum
443 1502 633 1544 servus
680 1496 735 1542 et
780 1485 1025 1556 captivus
1050 1483 1161 1539 sis?
1200 1477 1663 1549 Quemadmodum
1690 1476 1879 1545 siquis

265 1579 418 1635 domi
445 1579 661 1650 quidem
688 1592 719 1633 a
749 1577 963 1632 famulis
988 1573 1304 1630 verberibus
1329 1585 1393 1627 ac
1410 1569 1718 1627 vulneribus
1742 1582 1877 1622 con-

264 1671 500 1737 cidatur,
533 1668 665 1725 foris
694 1678 875 1726 autem
903 1669 955 1723 in
985 1666 1161 1723 forum
1184 1664 1438 1729 veniens,
1460 1659 1605 1733 quod
1628 1660 1745 1714 aliis
1772 1658 1876 1713 imo

268 1771 444 1833 peret,
498 1742 796 1834 glorietur:
829 1763 904 1817 ita
932 1776 1054 1817 cum
1088 1771 1141 1818 te
1185 1759 1436 1813 verberet
1480 1754 1653 1809 inanis
1691 1751 1879 1821 gloria:

266 1853 559 1924 cupiditas,
581 1868 706 1909 cum
736 1853 833 1908 tibi
864 1851 1085 1907 vulnera
1113 1848 1320 1919 infligat
1346 1845 1552 1901 luxuria
1574 1882 1590 1911 ,
1618 1856 1739 1898 cum
1763 1858 1880 1896 om-

267 1944 419 1999 nium
450 1943 915 2014 perturbationum
941 1956 1134 1997 servus
1158 1928 1256 2005 sis,
1286 1938 1532 2009 gloriaris
1551 1934 1696 2007 quod
1744 1949 1877 2004 geu-

270 2037 456 2091 tilibus
485 2036 589 2091 tuis
626 2034 898 2106 imperes?
923 2035 1099 2105 Atque
1129 2033 1331 2087 utinam
1387 2030 1496 2085 illis
1545 2026 1875 2099 imperares!

268 2124 476 2180 utinam
504 2124 921 2196 :equiparandus
951 2123 1055 2179 iliis
1082 2121 1264 2178 esses!

340 2214 395 2270 2.
431 2214 554 2269 Non
580 2214 791 2282 divitia,
817 2214 908 2269 sed
933 2214 1223 2268 divitiarum
1246 2211 1434 2266 abusus
1459 2211 1881 2264 damnandus.—

268 2307 387 2363 Non
418 2318 477 2363 ut
498 2307 693 2363 divites
713 2321 964 2363 accusem
998 2306 1115 2361 hinc
1132 2305 1284 2370 dico,
1318 2303 1413 2359 sed
1443 2317 1538 2358 eos
1563 2304 1652 2372 qui
1680 2300 1879 2355 divitiis

268 2415 553 2471 perperam
585 2410 829 2455 utuntur.
861 2397 1046 2469 Neque
1069 2397 1213 2453 enim
1245 2396 1446 2450 malum
1481 2403 1607 2450 sunt
1641 2391 1876 2458 divitias,

268 2492 418 2548 sicis
439 2499 497 2546 ut
517 2498 732 2561 oportet
761 2491 837 2545 uti
863 2490 1213 2553 voluerimus,
1250 2486 1345 2542 sed
1371 2486 1620 2557 superbia
1648 2492 1705 2539 et
1731 2500 1880 2537 arro-

267 2581 474 2648 gantia.
495 2579 554 2636 Si
574 2578 772 2635 malum
796 2587 981 2635 essent
1000 2576 1219 2642 divitiae,
1245 2590 1583 2647 nequaquam
1603 2574 1671 2629 ad
1702 2574 1879 2628 sinum

270 2671 505 2726 Abrahae
533 2670 819 2739 pervenire
846 2679 1156 2740 optaremus
1182 2681 1373 2723 omnes
1397 2708 1413 2734 ,
1439 2666 1532 2737 qui
1559 2663 1881 2720 vernaculos

270 2762 458 2818 habuit
487 2770 760 2817 trecentos
786 2770 842 2816 et
869 2760 1169 2816 octodecim
1201 2759 1451 2814 famulos.
1481 2758 1600 2813 Non
1626 2764 1754 2813 sunt
1782 2758 1883 2827 igi-

271 2866 360 2909 tur
405 2852 835 2908 malumdivitize
860 2829 1000 2918 ,‘sed
1045 2851 1359 2920 illegitimus
1398 2864 1583 2903 earum
1625 2863 1754 2903 usus
1798 2854 1884 2902 est

269 2944 498 2999 malum.
522 2943 591 2998 Et
614 2943 755 2997 sicut
782 2958 954 3012 nuper
975 2941 1045 2997 de
1074 2941 1336 2997 ebrietate
1361 2939 1523 2995 verba
1544 2940 1750 2994 faciens
1770 2953 1880 2992 non

270 3034 460 3089 vinum
500 3034 819 3089 accusabam
849 3031 926 3106 (a)
957 3049 973 3100 ;
1001 3032 1201 3102 quippe
1244 3046 1367 3087 cum
1418 3030 1595 3085 omnis
1634 3039 1882 3087 creatura

272 3121 369 3180 Dei
400 3124 541 3179 bona
564 3163 581 3189 ,
610 3122 849 3195 nihilque
875 3122 1227 3193 rejicieudum
1253 3122 1325 3177 sit
1356 3121 1500 3191 quod
1526 3136 1649 3175 cum
1677 3120 1884 3192 gratia-

272 3229 394 3269 rum
421 3214 635 3269 actione
662 3214 958 3285 percipitur
976 3214 1052 3285 (l.
1076 3213 1213 3268 Tini.
1246 3214 1299 3269 4.
1328 3213 1395 3283 4)
1429 3230 1442 3266 :
1476 3213 1549 3269 ita
1576 3228 1718 3268 nunc
1744 3228 1887 3284 quo-

272 3320 382 3376 que
424 3320 533 3360 non
561 3305 757 3361 divites
782 3320 1003 3372 accuso,
1043 3320 1220 3375 neque
1247 3305 1502 3375 pecunias
1528 3304 1580 3358 in
1627 3303 1883 3358 invidiam

274 3399 507 3465 adduco,
538 3398 635 3453 sed
664 3398 864 3453 malum
888 3414 1043 3452 usum
1072 3396 1441 3467 pecuniarum,
1472 3404 1530 3451 et
1556 3395 1649 3466 qui
1679 3396 1733 3449 in
1760 3395 1886 3449 libi-

275 3490 433 3545 dines
468 3488 817 3559 impenditur.
839 3487 1132 3558 Propterea
1171 3500 1403 3557 χρήματα
1431 3486 1508 3558 (b)
1537 3486 1776 3555 pecunia:
1806 3484 1889 3540 di-

278 3590 494 3648 cuntur,
522 3589 581 3636 ut
607 3595 707 3635 nos
733 3581 841 3635 illis
879 3590 1124 3646 utamur,
1152 3589 1208 3635 et
1250 3594 1359 3635 non
1388 3580 1494 3634 illae
1533 3579 1687 3635 nobis
1720 3595 1736 3633 :
1766 3593 1890 3648 pro-

265 3680 463 3742 pterea
509 3671 881 3741 possessiones
906 3672 1193 3739 dicuntur,
1227 3681 1285 3725 ut
1329 3686 1431 3726 nos
1466 3670 1586 3725 illas
1615 3670 1891 3740 possidea-

280 3777 439 3827 ntus,
469 3769 527 3816 et
585 3776 693 3816 non
752 3760 859 3815 illre
914 3775 1035 3816 nos.
1086 3761 1194 3816 Cur
1248 3761 1409 3831 igitur
1455 3776 1671 3816 servum
1722 3762 1891 3817 habes

279 3852 597 3907 dominum?
642 3867 738 3906 cur
792 3852 1056 3907 invertisti
1101 3852 1384 3907 ordinem?
1427 3854 1498 3908 At
1549 3854 1693 3909 enim
1751 3854 1891 3910 scire

281 3956 665 4013 percuperem,
694 3942 821 4012 quid
861 3944 939 3998 illi
970 3957 1112 3997 nunc
1152 3952 1315 4013 agant
1340 3944 1431 4013 qui
1461 3944 1744 3999 collectam
1790 3946 1891 4001 de-

282 4042 602 4099 seruerunt,
641 4041 697 4088 et
738 4033 932 4104 quibus
953 4044 1307 4106 occupentur.
1340 4034 1600 4089 Nimirum
1642 4044 1734 4089 aut
1774 4037 1891 4092 alea

285 4125 473 4180 ludunt
492 4167 509 4192 ,
540 4135 634 4179 ant
658 4127 881 4181 omnino
909 4127 1073 4182 rebus
1100 4128 1449 4183 szecularibus
1471 4168 1487 4195 ,
1512 4144 1634 4198 quae
1662 4130 1893 4184 tumultu

285 4214 623 4279 redundant,
651 4215 993 4271 distinentur.
1026 4216 1125 4272 ilic
1148 4218 1194 4273 si
1219 4218 1467 4284 adesses,
1501 4220 1573 4273 mi
1604 4218 1768 4274 homo
1790 4260 1806 4285 ,
1837 4219 1892 4275 in

286 4308 672 4378 tranquillitate
698 4318 859 4378 atque
884 4309 937 4363 in
964 4318 1120 4381 portu
1142 4324 1325 4366 esses:
1349 4326 1453 4365 non
1482 4311 1757 4382 ingressus
1784 4311 1895 4368 dis-

287 4407 543 4467 pensator
586 4399 1007 4467 interturbaret,
1064 4416 1171 4457 non
1212 4412 1530 4472 procurator
1578 4404 1894 4474 interpella-

288 4499 400 4555 ret,
450 4506 558 4545 non
616 4490 845 4546 famulus
884 4493 955 4548 ob
1000 4494 1278 4549 saecularia
1329 4496 1542 4566 negotia
1592 4497 1894 4552 molestiam

287 4582 525 4645 all'erret.
556 4598 662 4639 non
684 4585 822 4639 alius
848 4586 990 4642 ullus
1012 4586 1269 4654 irritaret,
1298 4589 1393 4644 sed
1424 4591 1475 4643 in
1502 4591 1681 4659 quiete
1704 4591 1897 4646 vivens

287 4670 486 4728 divinis
514 4674 833 4730 lectionibus
876 4677 1185 4732 interesses.
1215 4678 1485 4749 Nusquam
1534 4681 1619 4736 bic
1659 4680 1894 4737 fluctus:

290 4781 555 4838 nusquam
610 4768 902 4835 tumultus,
948 4769 1059 4837 ,sed
1118 4770 1424 4826 benedictio
1469 4783 1525 4828 et
1571 4788 1797 4843 preces,
1845 4786 1900 4830 ct

290 4872 472 4913 sermo
502 4858 799 4928 spiritualis
823 4901 839 4927 ,
884 4870 940 4917 et
965 4861 1017 4916 iu
1047 4862 1240 4918 etc-lum
1284 4865 1679 4935 commigratio,
1709 4874 1764 4921 et
1785 4868 1898 4937 jam

289 4965 355 5004 cx
385 4948 489 5005 ltoc
508 4951 628 5005 loco
647 4991 662 5015 ,
691 4961 915 5020 accepto
956 4952 1178 5023 pignore
1208 4953 1358 5023 regni
1402 4955 1692 5025 caelorum,
1723 4957 1901 5015 disce-

290 5040 470 5095 deres.
501 5040 673 5108 Quam
702 5041 772 5096 ob
797 5056 1014 5097 causam
1041 5044 1352 5112 opulentam
1398 5046 1535 5103 hanc
1572 5063 1815 5105 mensam
1845 5059 1900 5105 et

292 5131 569 5200 cpiparam
616 5128 872 5188 deserens
895 5175 911 5201 ,
948 5134 1014 5188 ad
1041 5135 1201 5190 aliam
1248 5139 1416 5191 multo
1448 5140 1814 5196 molestiorem
1848 5152 1901 5197 te

295 5221 612 5275 transtulisti
638 5263 653 5284 ,
690 5231 746 5277 et
773 5222 1030 5278 derelicto
1063 5236 1217 5291 portu
1243 5242 1367 5282 cum
1404 5230 1575 5285 turbis
1604 5234 1902 5302 tranquilli-

296 5323 459 5367 tatem
486 5314 867 5369 eommutasti?
897 5316 991 5370 Est
1018 5318 1148 5371 illud
1170 5319 1384 5389 quidem
1412 5337 1596 5391 grave,
1625 5324 1769 5394 quod
1792 5341 1899 5381 non

296 5405 545 5461 intersint
576 5423 838 5477 pauperes
859 5450 873 5471 ,
904 5411 993 5479 qui
1023 5420 1132 5466 tum
1162 5412 1387 5468 aderant
1415 5433 1427 5469 :
1459 5416 1555 5470 sed
1588 5420 1789 5491 nonita
1818 5429 1900 5491 ta-

297 5512 418 5552 men
449 5512 611 5567 grave
633 5539 648 5564 ,
680 5507 737 5552 ut
775 5499 917 5570 quod
951 5501 1144 5559 divites
1174 5519 1281 5560 non
1312 5507 1577 5561 intersint.
1613 5488 1747 5576 Quid
1781 5488 1853 5565 ita
1879 5511 1902 5564 ?

298 5651 588 5762 αἰεξὲυκωο
622 5666 767 5715 supra
806 5656 977 5705 ttomil.
1014 5668 1181 5709 contra
1220 5663 1440 5714 Ebriosus
1477 5671 1527 5715 et
1557 5664 1622 5715 de
1664 5672 1902 5719 ncsurre-

367 5773 438 5836 (τι)
475 5774 513 5823 Α
540 5778 708 5832 verbo.
728 5793 914 5841 γράψαι,
942 5782 986 5831 id
1015 5793 1109 5844 est,
1138 5789 1264 5839 utor.

1983 461 2137 530 Quod
2174 476 2441 531 pauperes
2484 462 2806 527 necessariis
2833 460 3280 530 occupationibus
3314 459 3607 518 detinean-

1985 562 2093 618 tur,
2126 553 2423 623 quotidiani
2450 553 2650 623 opiilcii
2680 551 3063 611 sollicitudine.
3094 551 3343 609 manibus
3372 554 3488 610 suis
3516 552 3596 607 vi-

1982 652 2129 699 ctum
2164 644 2268 699 sibi
2296 654 2677 715 comparantes
2706 662 2720 698 :
2747 644 3150 701 educaudorum
3178 644 3472 702 liberorum
3500 661 3598 702 cu-

1984 750 2099 791 ram
2122 745 2341 805 gerunt,
2373 750 2599 791 uxorem
2625 744 2861 803 tuentur,
2888 750 2953 791 ac
2982 737 3083 791 nisi
3115 736 3382 803 laborent,
3415 738 3596 801 vivere

1985 838 2279 899 nequeunt.
2315 827 2440 883 Haec
2470 842 2499 881 a
2528 839 2616 883 me
2652 827 2942 893 dicuntur,
2969 842 3077 882 non
3124 838 3181 883 ut
3222 827 3595 884 defensionem

1984 918 2093 973 illis
2137 931 2482 996 componam,
2526 915 2624 973 sed
2669 926 2727 972 ut
2765 917 2960 972 divites
3012 916 3200 987 majori
3254 920 3598 973 accusatione

1983 1023 2107 1065 esse
2168 1008 2361 1081 dignos
2417 1009 2723 1065 ostendam.
2778 1008 2992 1077 Quanto
3053 1007 3245 1079 majori
3308 1009 3598 1065 securitate

1983 1099 2257 1165 fruuntur,
2287 1109 2436 1156 tanto
2467 1101 2638 1172 magis
2660 1098 3078 1166 datnnabuntur,
3101 1098 3244 1170 quod
3268 1099 3428 1154 nullis
3451 1098 3599 1171 ejus-

1983 1192 2127 1247 modi
2156 1191 2319 1248 rebus
2353 1200 2704 1261 occupentur.

2054 1282 2256 1338 Judteis
2277 1284 2474 1354 peiores
2508 1283 2596 1356 qui
2624 1281 2808 1337 absunt
2827 1281 2892 1337 ab
2910 1281 3144 1336 ecclesia.
3176 1311 3248 1321 —
3268 1280 3459 1337 Nonne
3495 1280 3597 1338 Ju-

1984 1372 2131 1427 daeos
2164 1373 2357 1428 videtis
2380 1414 2397 1441 ,
2430 1373 2542 1429 Deo
2590 1372 2857 1434 rebelles.
2889 1374 2979 1443 qui
3022 1371 3245 1442 Spiritui
3286 1384 3472 1428 sancto
3520 1390 3600 1430 re-

1984 1465 2216 1531 sistunt,
2276 1465 2440 1520 duros
2486 1466 2605 1521 illos
2652 1466 2904 1521 cervice?
2954 1465 3049 1520 His
3104 1466 3327 1521 omnino
3385 1466 3596 1537 pejores

1984 1566 2147 1623 sunt,
2182 1556 2275 1627 qui
2317 1572 2423 1612 non
2473 1567 2758 1611 venerunt.
2789 1556 2901 1612 Illis
2951 1558 2995 1611 si
3053 1556 3291 1613 dixerint
3336 1558 3597 1613 sacerdo—

1985 1656 2069 1704 tes
2116 1657 2322 1717 septem
2365 1647 2560 1703 diebus
2598 1649 2667 1703 ab
2708 1648 2964 1717 Operibus
3006 1647 3360 1714 cessandum,
3392 1649 3477 1705 vel
3502 1649 3599 1704 de-

1984 1756 2144 1810 cem,
2177 1741 2261 1796 vel
2308 1741 2536 1812 viginti,
2580 1741 2667 1797 vel
2720 1742 2970 1812 triginta,
3022 1757 3127 1796 non
3176 1742 3596 1797 contradicunt:

1986 1836 2201 1891 tametsi
2232 1835 2359 1905 quid
2389 1834 2477 1890 illa
2504 1837 2784 1891 vacatione
2812 1835 3093 1889 molestius
3118 1834 3230 1889 ileri
3258 1835 3475 1905 potest?
3503 1833 3599 1889 Fo-

1984 1940 2073 1979 res
2103 1924 2392 1979 occludunt
2411 1966 2428 1992 ,
2459 1940 2560 1980 nec
2588 1924 2765 1995 ignem
2793 1925 3131 1987 accendunt.
3165 1940 3268 1981 nec
3296 1940 3490 1996 aquam
3522 1924 3600 1981 fe-

1984 2022 2145 2080 runt,
2178 2030 2353 2086 neque
2393 2016 2539 2072 aliud
2577 2016 2868 2088 quidquam
2908 2017 2976 2070 ad
3006 2015 3271 2087 ejusmodi
3315 2033 3469 2071 usuin
3499 2032 3597 2086 ag-

1984 2106 2135 2177 gredi
2163 2105 2269 2163 illis
2312 2108 2678 2178 permittitur:
2710 2108 2805 2164 sed
2834 2107 2946 2162 otio
2969 2116 3240 2178 tamquam
3270 2120 3461 2164 catena
3490 2108 3601 2161 viu-

1984 2198 2218 2266 ciuntur,
2247 2209 2302 2255 et
2327 2214 2396 2255 ne
2436 2208 2546 2254 tum
2569 2199 2787 2270 quidem
2818 2200 3215 2256 contradicunt.
3242 2202 3309 2253 At
3339 2216 3439 2268 ego
3463 2198 3597 2254 nihil

1987 2288 2093 2344 tale
2117 2288 2239 2344 dico
2259 2331 2276 2355 ,
2308 2304 2417 2344 nou
2460 2290 2670 2361 impero
2697 2299 2753 2344 ut
2781 2300 2987 2360 septem
3017 2291 3277 2346 decemve
3311 2290 3503 2345 dit-bus
3528 2290 3599 2345 ab

1985 2380 2240 2449 operibus
2268 2381 2561 2447 abstineas,
2593 2382 2691 2438 sed
2715 2382 2853 2437 duas
2875 2383 3006 2437 mibi
3031 2382 3141 2437 diei
3174 2383 3335 2436 horas
3364 2392 3417 2436 ut
3444 2397 3597 2437 com-

1985 2470 2194 2537 modes,
2218 2472 2455 2542 reliquas
2498 2474 2614 2543 ipse
2637 2472 2733 2527 tibi
2763 2472 2997 2538 habeas,
3026 2482 3080 2529 et
3114 2488 3185 2527 ne
3215 2472 3354 2527 hanc
3375 2474 3595 2545 quidem

1986 2564 2119 2618 milii
2151 2579 2460 2619 mensuram
2508 2566 2827 2621 contribuis.
2860 2564 2973 2619 lmo
3002 2580 3133 2619 vero
3177 2564 3308 2619 mihi
3354 2581 3421 2619 ne
3458 2580 3601 2619 com-

1987 2655 2177 2710 modes
2203 2655 2338 2710 duas
2378 2655 2575 2718 horas,
2616 2656 2712 2711 sed
2746 2656 2839 2711 tibi
2870 2655 2995 2725 ipsi,
3038 2656 3098 2710 tit
3127 2671 3193 2710 ex
3221 2656 3465 2711 oratione
3510 2672 3602 2724 pa-

1988 2752 2129 2798 trum
2176 2745 2412 2815 aliquam
2445 2744 2871 2800 consolationem
2922 2746 3230 2816 percipias,
3271 2754 3331 2801 ut
3378 2746 3602 2802 benedi-

1987 2834 2257 2889 ctionibus
2284 2836 2479 2906 plenus
2508 2835 2761 2904 recedas,
2794 2846 2853 2890 ut
2897 2838 3045 2891 omni
3091 2852 3155 2893 ex
3199 2846 3350 2907 parte
3376 2853 3603 2895 securus

1986 2922 2174 2991 abeas,
2203 2932 2262 2979 ut
2286 2926 2654 2995 spiritualibus
2677 2930 2916 2997 acceptis
2935 2929 3102 2983 armis
3130 2928 3363 2984 invictus
3385 2930 3603 2987 diabolo

1989 3022 2044 3068 et
2070 3014 2498 3086 inexpugnabilis
2522 3016 2640 3072 fias.
2671 3016 2810 3086 Quid
2830 3018 3120 3088 jucundius
3139 3059 3157 3086 ,
3186 3035 3407 3090 quasso,
3440 3036 3603 3091 quam

1990 3104 2080 3160 bic
2100 3107 2345 3162 versari?
2372 3107 2429 3165 Si
2452 3108 2597 3163 enim
2626 3118 2769 3163 totos
2788 3109 2905 3164 dies
2937 3109 3025 3167 hic
3054 3112 3353 3182 transigere
3380 3127 3605 3171 necesse

1989 3206 2157 3263 esset,
2185 3198 2314 3269 quid
2345 3200 2699 3269 przeclarius?
2726 3200 2855 3270 quid
2888 3201 3077 3266 tutius,
3112 3202 3200 3258 ubi
3232 3212 3312 3258 tot
3341 3212 3467 3259 sunt
3495 3205 3604 3261 fra-

1994 3297 2124 3355 tres,
2154 3288 2245 3343 ubi
2272 3288 2501 3360 Spiritus
2523 3301 2768 3359 sanctus,
2794 3293 2885 3347 ubi
2917 3294 3128 3351 medius
3152 3294 3333 3361 Jesus,
3364 3307 3421 3351 et
3446 3297 3606 3354 Pater

1991 3379 2152 3449 ejus?
2185 3378 2409 3448 Qualem
2447 3381 2608 3436 aliain
2651 3383 2814 3439 talem
2860 3387 3332 3457 congregationem
3364 3386 3607 3460 quieris!

1992 3470 2207 3539 qualem
2232 3472 2398 3525 alium
2426 3482 2674 3528 senatum
2692 3475 2718 3528 ?
2737 3475 2955 3547 qualem
2983 3490 3309 3534 conventum
3332 3480 3355 3535 2
3381 3482 3485 3536 'l’ut
3511 3481 3607 3538 bo-

1994 3562 2081 3615 nis
2110 3562 2307 3618 referta
2335 3574 2418 3619 est
2449 3580 2656 3633 mensa,
2682 3576 2762 3622 tot
2798 3567 2960 3623 lectio
2987 3568 3302 3641 Scriptum,
3329 3584 3406 3627 tot
3433 3572 3605 3629 bene-

1993 3655 2282 3722 dictiones,
2313 3666 2390 3712 tot
2417 3673 2626 3729 preces,
2650 3668 2729 3715 tot
2756 3661 2857 3732 ipsi
2884 3678 3207 3734 congressus
3238 3684 3251 3720 :
3282 3675 3337 3721 et
3366 3676 3419 3721 tu
3447 3667 3607 3723 aliam

1994 3751 2460 3807 conversationem
2483 3760 2537 3807 et
2568 3753 2836 3824 colloquia
2864 3758 3125 3825 spectas?
3152 3757 3394 3826 Quanam
3426 3772 3609 3816 autem

1995 3841 2151 3894 venia
2181 3840 2377 3911 dignus
2399 3843 2741 3900 censebcre?
2773 3844 2900 3901 liae
2941 3862 2970 3901 a
3013 3864 3099 3904 me
3128 3849 3269 3903 dicta
3312 3859 3472 3918 sunt,
3502 3868 3609 3907 non

1997 3924 2178 3985 ut'vos
2206 3932 2436 3989 audiatis
2466 3952 2478 3987 :
2514 3950 2692 4005 neque
2723 3938 2869 3991 enim
2899 3953 2997 3993 vos
3024 3941 3434 3996 medicamentis
3457 3945 3609 4012 ejus-

1998 4026 2145 4080 modi
2172 4026 2443 4097 indigetis,
2470 4028 2561 4099 qui
2590 4029 2722 4099 ipsis
2747 4031 3001 4099 operibus
3023 4047 3185 4088 sanos
3213 4049 3310 4088 vos
3330 4050 3451 4091 eSse
3471 4052 3612 4091 coin-

2000 4117 2309 4187 probastis,
2359 4120 2453 4189 qui
2502 4120 2777 4185 obeditis,
2825 4123 2916 4192 qui
2949 4131 3099 4177 muto
3144 4125 3323 4180 studio
3373 4138 3611 4185 vestrum

2000 4221 2241 4263 amorem
2264 4210 2582 4267 ostendistis
2606 4230 2619 4266 :
2645 4212 2739 4267 sed
2768 4212 2837 4268 ad
2868 4229 2962 4269 vos
2985 4214 3102 4269 hare
3127 4215 3270 4271 dicta
3297 4227 3425 4272 sunt
3446 4235 3478 4274 a
3501 4236 3609 4287 me,

2001 4310 2061 4354 ut
2090 4316 2154 4355 ex
2184 4301 2334 4356 vobis
2363 4302 2585 4357 audiant
2613 4305 2703 4374 qui
2732 4321 2838 4359 non
2869 4306 3086 4360 adsunt.
3116 4306 3294 4362 Nolite
3321 4308 3504 4366 dicere
3529 4327 3612 4367 suo

2004 4393 2113 4447 lum
2148 4409 2177 4446 a
2211 4408 2297 4448 me
2323 4404 2605 4449 accusatos
2634 4410 2729 4451 eos
2759 4412 2879 4451 esse
2913 4399 3002 4467 qui
3047 4416 3151 4453 non
3183 4416 3443 4455 venerunt
3471 4445 3484 4467 ,
3516 4405 3616 4459 sed

2005 4491 2171 4538 totam
2214 4499 2244 4539 a
2290 4486 2551 4554 principio
2584 4486 2687 4541 illis
2728 4488 3029 4544 orationem
3072 4500 3307 4546 narrate.
3344 4492 3615 4551 Revocalc

2004 4576 2113 4632 illis
2154 4578 2205 4631 in
2255 4580 2569 4633 memoriam
2597 4578 2849 4647 Judzeos,
2891 4591 3144 4637 revocate
3195 4583 3247 4637 in
3296 4591 3612 4642 memoriam

2006 4670 2221 4739 negotia
2252 4670 2531 4726 saecularia
2564 4688 2576 4723 :
2607 4670 2770 4726 dicite
2797 4682 3000 4742 quanto
3030 4676 3373 4743 praestantior
3400 4680 3470 4733 sit
3512 4681 3617 4735 iste

2005 4771 2347 4815 conventus:
2379 4761 2540 4817 dicite
2570 4773 2828 4833 quantum
2858 4780 2983 4835 erga
3019 4782 3106 4822 res
3145 4768 3450 4826 mundanas
3497 4779 3611 4826 stu-

2006 4852 2153 4907 dium
2183 4853 2512 4921 eitliibeaut,
2544 4856 2709 4910 dicite
2746 4867 2945 4926 quanta
2974 4873 3185 4913 merces
3211 4861 3335 4914 illos
3367 4874 3609 4925 maneat,

2006 4943 2096 5014 qui
2118 4943 2205 4999 hic
2229 4957 2643 5016 congregantur.
2666 4946 2721 5002 Si
2745 4949 2889 5002 enim
2912 4958 3116 5004 tantum
3141 4950 3385 5007 dixeritis
3405 4971 3623 5010 accusa-

2008 5035 2228 5092 tos'illos
2251 5053 2281 5093 a
2304 5053 2390 5093 me
2414 5038 2601 5105 fuisse,
2627 5041 2759 5095 iram
2786 5042 3109 5107 excitabitis,
3134 5052 3188 5098 et
3205 5045 3400 5101 vulnus
3423 5047 3629 5116 inﬂige-

2009 5126 2098 5191 tis,
2117 5144 2223 5183 non
2254 5130 2574 5185 medicinam
2601 5131 2963 5188 admovebitis
2992 5151 3005 5186 ε
3035 5135 3117 5189 sin
3149 5145 3328 5192 autem
3368 5138 3489 5194 illos
3518 5140 3611 5193 do-

2007 5222 2230 5279 cueritis
2257 5240 2343 5280 ine
2369 5241 2477 5281 non
2500 5236 2771 5298 tamquam
2797 5231 3070 5286 inimicum
3094 5248 3399 5297 accusasse,
3431 5253 3617 5294 verum

2008 5324 2281 5388 tamquam
2311 5322 2545 5376 amicum
2574 5322 2886 5391 indoluisse,
2911 5332 3073 5396 atque
3095 5327 3200 5382 illis
3221 5334 3620 5400 persuaseritis,

2010 5409 2279 5467 Fideliara
2330 5431 2437 5469 esse
2501 5418 2711 5470 vulnera
2764 5420 3083 5485 amicorum,
3136 5438 3291 5489 quam
3339 5435 3622 5493 spontanee

2011 5506 2187 5560 oscula
2215 5503 2538 5561 iuimicdrum
2569 5507 2754 5578 (Prov.
2784 5510 2875 5565 27.
2904 5511 2993 5581 6),
3023 5514 3423 5569 accusationem
3452 5518 3620 5571 multa

2010 5613 2133 5654 cum
2165 5599 2438 5669 voluptate
2485 5602 2779 5670 suscipient
2808 5620 2821 5657 :
2854 5617 2959 5657 non
3002 5604 3145 5658 enim
3182 5603 3251 5659 ad
3281 5607 3481 5674 verba,
3527 5612 3623 5665 sed

2012 5690 2076 5743 ad
2109 5692 2427 5746 sententiam
2457 5691 2687 5748 dicentis
2722 5694 3021 5751 attondent.
3056 5695 3132 5751 lta
3171 5696 3365 5753 fratres
3411 5711 3619 5757 vestros

2014 5794 2222 5841 curate.
2248 5784 2409 5843 Nobis
2449 5787 2634 5844 salutis
2677 5788 2917 5843 omnium
2955 5798 3238 5859 vestrum,
3265 5791 3354 5863 qui
3385 5794 3621 5857 adestis,
