4058 6412
466 338 531 401 7t
1068 311 1076 318 ’
1178 339 1236 399 s
1275 308 1556 399 tenvius
1592 334 2071 396 CllKYSOSTOill
2110 338 2430 400 ARClllEP.
2471 328 3036 405 cossrANrtNor.-.
3693 348 3781 403 η

458 464 546 515 est
562 460 699 514 ratio
720 455 1013 524 reddenda.
1028 457 1202 525 vobis,
1229 468 1419 515 eorum
1436 462 1529 527 qui
1549 458 1762 509 absum.
1781 453 1898 508 Non
1927 466 2057 523 pos-

460 561 649 605 sunt.
687 550 787 620 ipsi
823 564 920 620 per
954 554 1055 606 nos
1082 564 1207 607 cum
1245 549 1349 605 illis
1383 548 1438 604 in
1474 543 1797 614 colloquium
1837 542 2057 612 venire,

436 643 560 714 ’να
586 657 679 699 vos
697 657 820 700 eam
848 643 954 700 illis
978 642 1040 699 lu
1063 641 1397 722 adloquium
1414 637 1693 696 veniamus
1711 677 1726 700 .
1748 647 1804 692 et
1831 651 1928 707 per
1958 649 2058 691 ve-

460 748 629 792 stram
654 736 1010 794 auditionem
1044 755 1059 791 :
1089 738 1162 793 sit
1187 734 1343 792 nobis
1372 733 1541 789 instar
1569 730 1747 802 pontis
1779 726 2059 799 cujusdam

461 845 588 901 erga
612 827 735 885 illos
765 831 967 887 caritas
1002 840 1228 903 vestra;
1258 825 1464 885 efﬁcite
1482 834 1541 880 ιιι
1574 839 1671 895 per
1702 822 1941 894 linguam
1968 835 2060 877 ve-

461 928 629 974 stram
656 919 830 975 nostri
858 934 1137 977 sermones
1158 917 1229 973 ad
1269 916 1480 972 illorum
1518 926 1679 972 aures
1704 911 2057 982 trajiciantur.

461 1010 739 1068 Sullicieut
762 1010 990 1067 fortasse
1031 1025 1151 1081 quia:
1191 1007 1425 1063 diximus
1445 1006 1514 1062 de
1552 1003 1679 1068 illis,
1706 1004 1796 1075 qui
1815 1002 2061 1059 collecta:

464 1118 574 1161 nou
602 1105 889 1167 intersunt,
918 1115 1094 1173 neque
1121 1098 1410 1172 quidquam
1438 1104 1528 1154 est
1565 1092 1893 1151 addendum.
1922 1093 2059 1149 Nam

462 1196 611 1266 plura
639 1194 856 1266 quidem
882 1194 1062 1250 dicere
1091 1192 1477 1267 potuissemus,
1505 1188 1612 1245 sed‘
1642 1203 1709 1243 ne
1730 1195 1897 1244 totum
1925 1195 2062 1242 tem-

461 1302 563 1360 pus
589 1287 643 1343 iu
672 1286 935 1358 ejusmodi
966 1284 1337 1360 accusationes
1366 1280 1757 1353 impendamus,
1785 1286 1843 1335 et
1867 1277 1935 1333 ad
1960 1290 2059 1332 vos

461 1359 610 1451 ipsos
629 1420 649 1446 ,
683 1379 771 1450 qui
807 1376 1008 1434 adestis
1021 1359 1185 1442 {hinc
1216 1372 1591 1431 utilitas'null'a
1622 1372 1889 1434 dimanet,
1920 1383 2055 1440 age,

460 1472 615 1528 vobis
639 1473 803 1527 etiam
834 1468 1107 1525 insolitum
1136 1482 1200 1523 ae
1229 1481 1426 1522 lile
1464 1462 1730 1536 quoddam
1774 1461 2058 1531 opsonium

459 1576 802 1635 appenninus
834 1577 849 1615 :
891 1558 1165 1615 insolitum
1211 1566 1391 1611 autem
1433 1570 1497 1611 ac
1536 1568 1728 1607 novum
1764 1551 1919 1618 dico,
1949 1565 2055 1605 non

463 1654 646 1709 habita
669 1651 887 1708 ratione
903 1665 1103 1706 mensas
1128 1648 1420 1721 spiritualis
1440 1685 1456 1714 ,
1487 1644 1587 1702 sed
1611 1644 1820 1700 aurium
1848 1651 2057 1699 vestra-

460 1762 580 1803 rum
612 1744 789 1801 habita
821 1743 1047 1799 ratione.

532 1837 585 1894 3.
614 1834 997 1906 Superioribus
1020 1832 1158 1904 apud
1180 1847 1276 1888 vos
1298 1831 1489 1888 diebus
1512 1830 1582 1887 de
1603 1828 1910 1901 apostolicis
1940 1842 2061 1884 ver-

459 1928 543 1982 bis
574 1918 795 1996 ,‘deque
844 1923 1164 1995 evangelicis
1210 1922 1596 2001 disseruimus,
1641 1935 1764 1976 cum
1811 1918 1880 1974 de
1922 1914 2057 1973 ludi

461 2017 621 2075 verba
647 2015 946 2073 faceremus
974 2014 1051 2086 (α)
1086 2032 1099 2069 :
1126 2012 1480 2069 disseruimus
1502 2023 1555 2066 et
1588 2010 1657 2067 de
1688 2008 2010 2081 propheticis
2040 2024 2055 2073 ;

463 2107 722 2163 hodierno
756 2105 843 2162 die
880 2105 1125 2160 volumus
1170 2103 1238 2159 de
1283 2104 1663 2177 Apostolorum
1703 2101 1852 2156 Actis
1897 2100 2056 2155 verba

459 2198 657 2254 facere.
688 2197 978 2266 Propterea
1003 2195 1277 2249 insolitum
1296 2193 1414 2259 ,disi
1440 2192 1722 2263 opsonium
1750 2201 1805 2248 et
1832 2206 1938 2246 non
1970 2190 2057 2245 in-

460 2289 696 2345 solitum.
723 2287 840 2344 Non
872 2287 1143 2343 insolitum
1188 2284 1402 2355 quidem
1428 2327 1444 2351 ,
1468 2283 1611 2355 quod
1644 2282 1711 2338 ad
1738 2284 1931 2337 seriem
1970 2297 2057 2336 sa-

460 2395 673 2436 crarum
729 2378 993 2449 pertineat
1039 2379 1435 2446 Scripturarum
1470 2394 1483 2429 :
1526 2375 1794 2430 insolitum
1838 2382 2013 2428 autem
2038 2413 2053 2438 ,

457 2469 601 2539 quod
642 2483 803 2525 aures
842 2468 1067 2523 fortasse
1110 2475 1301 2521 vestra:
1350 2466 1569 2520 minime
1612 2465 1718 2520 sint
1766 2464 2057 2519 narrationi

459 2558 723 2629 ejusmodi
767 2566 1015 2614 assuette.
1043 2555 1220 2610 Multis
1246 2554 1460 2625 quidem
1491 2563 1637 2609 certe
1664 2571 1764 2610 nec
1789 2563 1947 2609 notus
1973 2563 2056 2609 est

462 2652 597 2708 liber
627 2653 725 2706 iste
756 2667 769 2702 :
800 2665 833 2706 a
872 2650 1051 2703 multis
1078 2662 1265 2701 rursus
1292 2662 1413 2701 cum
1440 2646 1616 2700 clarus
1641 2655 1695 2699 et
1730 2656 1949 2715 apertus
1974 2645 2055 2699 vi-

460 2746 671 2809 deatur,
702 2752 881 2798 tamen
910 2740 1271 2797 contemnitur
1303 2757 1315 2792 τ
1348 2748 1403 2793 ει
1433 2738 1516 2792 his
1540 2737 1755 2807 quidem
1783 2738 2014 2807 cognitio
2036 2777 2053 2805 ,

462 2836 566 2891 illis
590 2842 770 2889 autem
796 2832 1088 2904 ignorantia
1130 2830 1464 2884 occasionem
1499 2826 1656 2882 ali‘ert
1694 2828 2053 2901 negligentiae.

463 2923 530 2981 Ut
554 2923 715 2996 igitur
737 2934 793 2978 et
820 2921 909 2991 qui
934 2936 1039 2997 non
1070 2927 1371 2986 noverunt,
1402 2925 1458 2973 et
1483 2918 1571 2988 qui
1601 2918 1747 2972 clare
1771 2933 1830 2972 se
1860 2917 2060 2973 intelli-

457 3033 586 3090 gere
611 3017 958 3079 arbitrantur,
988 3012 1181 3067 multas
1206 3011 1261 3066 in
1290 3025 1356 3065 eo
1386 3010 1673 3079 profundas
1700 3019 1752 3065 et
1780 3009 2056 3065 abstrusas

459 3124 582 3165 esse
610 3106 905 3163 sententias
925 3105 1133 3160 discant
1158 3144 1173 3169 ,
1210 3117 1388 3171 operm
1423 3103 1657 3175 pretium
1682 3100 1839 3156 fuerit
1867 3102 2057 3157 ambo-

462 3217 580 3256 rum
620 3196 994 3269 negligentiam
1028 3194 1285 3249 hodierno
1309 3194 1395 3248 die
1422 3194 1711 3263 corrigere.
1743 3190 1897 3247 Prius
1922 3193 2059 3247 scia-

463 3304 583 3347 mus
611 3304 747 3358 opus
774 3294 857 3343 est
878 3327 892 3353 ,
932 3284 1269 3355 quislibrum
1296 3283 1571 3351 scripserit
1600 3300 1614 3333 :
1644 3282 1729 3336 hic
1753 3282 1897 3336 enim
1917 3282 2056 3354 opti-

465 3394 585 3434 tnns
614 3376 969 3447 indagationis
1002 3382 1085 3428 est
1112 3373 1245 3427 ordo
1266 3414 1281 3439 ,
1315 3382 1369 3426 ut
1406 3371 1475 3427 de
1503 3380 1722 3426 auctore
1747 3370 2051 3439 videamus,

462 3482 532 3522 an
570 3468 730 3522 homo
755 3466 826 3520 sit
847 3506 863 3531 ,
892 3479 958 3517 an
988 3479 1115 3519 vero
1143 3464 1280 3517 Deus
1309 3479 1324 3517 :
1353 3477 1415 3517 ac
1443 3462 1487 3516 si
1512 3461 1674 3516 homo
1703 3461 1917 3531 quidem
1952 3462 2053 3529 sit,

462 3561 768 3625 rejieiamus
805 3572 819 3611 :
858 3555 1033 3611 Nolite
1079 3556 1223 3609 enim
1250 3597 1263 3618 ,
1305 3556 1501 3623 inquit,
1547 3570 1724 3607 uocare
1760 3555 2055 3623 magistrum

463 3667 615 3720 super
642 3660 825 3702 terram
852 3648 870 3719 (
899 3646 1083 3700 Matth.
1112 3647 1203 3700 23.
1228 3645 1281 3714 8)
1312 3663 1326 3699 :
1358 3648 1438 3700 sin
1465 3656 1643 3699 autem
1673 3645 1833 3710 Deus,
1863 3644 2057 3700 admit-

466 3750 638 3792 lamus
672 3756 685 3791 :
715 3737 945 3792 caelestis
987 3736 1128 3790 enim
1169 3744 1251 3788 est
1280 3744 1335 3789 et
1361 3750 1588 3805 superna
1620 3733 1800 3789 schola
1831 3742 2013 3788 nostra
2037 3774 2051 3800 ,

463 3827 726 3897 siquidem
766 3826 882 3881 talis
928 3837 1007 3880 est
1046 3826 1275 3895 dignitas
1303 3825 1456 3894 hujus
1499 3825 1727 3891 theatri,
1763 3834 1819 3878 ut
1848 3825 1917 3880 ab
1954 3824 2050 3879 ho-

464 3919 696 3973 minibus
724 3916 875 3981 nihil,
902 3916 993 3970 sed
1025 3933 1117 3985 per
1147 3915 1390 3969 homines
1418 3931 1447 3968 a
1482 3916 1589 3969 Deo
1618 3915 1908 3969 discamus.

540 4006 698 4059 Tituli
724 4004 1006 4077 Scriptura:
1027 4021 1123 4057 non
1165 4005 1515 4072 praetereundi.
1547 4032 1610 4044 --
1641 4002 2051 4073 Disquirendum

463 4099 616 4154 nobis
637 4105 747 4163 est,
775 4097 893 4167 quis
928 4097 1204 4165 scripserit
1223 4138 1236 4159 ,
1266 4107 1319 4151 et
1343 4097 1555 4165 quando
1585 4096 1879 4164 scripserit,
1906 4104 1961 4150 et
1986 4097 2053 4152 de

462 4189 675 4256 quibus,
705 4197 759 4242 et
782 4202 883 4255 qua
906 4187 973 4241 de
1002 4201 1160 4240 causa
1193 4196 1516 4256 pra-ceptum
1547 4187 1635 4253 sit,
1662 4196 1720 4239 ut
1759 4187 1845 4240 ille
1874 4188 1926 4239 in
1956 4187 2054 4242 hac

463 4276 796 4332 solemnitate
843 4283 1107 4345 egeretur.
1136 4274 1267 4329 Nam
1298 4282 1409 4329 toto
1435 4275 1677 4331 fortassis
1702 4291 1842 4331 anno
1867 4277 1967 4347 legi
1992 4277 2055 4330 li-

471 4370 623 4421 brum
652 4381 755 4420 non
783 4367 989 4420 auditis.
1050 4366 1336 4420 Enimvero
1375 4365 1478 4423 hoc
1504 4383 1714 4438 quoque
1741 4384 1900 4424 nosse
1928 4384 2052 4437 pro-

466 4462 586 4514 dest
616 4479 628 4513 :
660 4470 724 4511 ac
750 4454 943 4512 deinde
973 4457 1321 4525 qumreudum
1348 4465 1426 4511 est
1496 4474 1597 4524 qua
1629 4458 1697 4514 de
1724 4474 1881 4513 causa
1912 4458 2053 4513 hunc

464 4550 674 4605 titulum
702 4563 812 4620 prta
851 4563 909 4603 se
951 4550 1115 4613 lenit,
1143 4547 1272 4601 Acta
1294 4549 1672 4618 Apostolorum.
1704 4549 1886 4620 Neque
1907 4551 2051 4605 enim

467 4653 669 4695 temere
699 4638 1049 4709 prmtereundi
1086 4648 1210 4692 sunt
1239 4640 1374 4693 tituli
1400 4680 1414 4705 ,
1445 4654 1617 4709 neque
1644 4640 1923 4695 confestim
1953 4642 2053 4696 ini-

460 4734 590 4787 tium
613 4731 733 4785 libri
756 4727 1121 4800 attingendum
1146 4738 1230 4784 est
1260 4750 1273 4785 :
1301 4729 1395 4784 sed
1429 4733 1574 4799 prius
1597 4730 1713 4784 libri
1748 4736 1947 4787 nomen
1968 4733 2051 4785 vi-

461 4822 715 4877 dendum.
743 4820 875 4875 Nam
902 4819 1350 4890 quemadmodum
1394 4822 1447 4876 in
1475 4823 1627 4877 nobis
1661 4836 1731 4877 ex
1760 4824 1936 4895 capite
1966 4840 2054 4879 re-

460 4913 663 4981 liquum
703 4926 898 4981 corpus
942 4912 1001 4965 lit
1030 4912 1239 4978 notius,
1286 4921 1341 4967 et
1367 4929 1597 4981 superne
1642 4913 1927 4971 imminens
1976 4916 2049 4971 illi

458 5002 623 5056 iacies
649 5000 985 5055 manifestum
1026 4999 1157 5054 illud
1206 5001 1377 5057 reddit
1404 5044 1419 5068 ,
1449 5004 1525 5057 sic
1546 5019 1577 5057 a
1602 5006 1861 5074 superiori
1901 5016 2050 5076 parte

460 5094 743 5161 impositus
766 5093 929 5145 textui
961 5093 1145 5147 titulus
1166 5093 1218 5147 in
1250 5093 1422 5150 fronte
1442 5096 1702 5166 reliquam
1728 5098 2048 5167 scripturam

458 5185 623 5239 efiicit
658 5185 949 5239 notiorem.
992 5183 1181 5241 Nonne
1230 5185 1334 5241 hoc
1372 5187 1567 5241 videtis
1600 5190 1652 5241 in
1684 5189 1845 5258 regiis
1886 5191 2046 5243 etiam

460 5278 801 5349 imaginibus,
831 5284 891 5333 ut
918 5293 1129 5334 sursum
1161 5279 1375 5349 quidem
1405 5280 1574 5349 posita
1603 5280 1671 5333 sit
1703 5282 1894 5351 imago,
1928 5297 2049 5352 qua:

460 5372 598 5438 regis
621 5383 814 5422 nomen
844 5370 1159 5437 inscriptum
1189 5370 1368 5435 habet,
1393 5371 1614 5427 inferius
1646 5371 1696 5423 in
1729 5371 1839 5425 basi
1870 5373 2049 5427 trium-

459 5464 595 5529 phos
638 5459 811 5529 regis,
844 5460 1093 5516 victorias
1128 5471 1183 5519 et
1221 5464 1473 5532 praeclara
1512 5463 1746 5519 facinora
1796 5464 2049 5535 inscripta

460 5550 662 5607 habet?
690 5551 834 5607 ldem
866 5552 916 5607 in
948 5552 1238 5625 Scripturis
1265 5555 1387 5611 licet
1416 5571 1661 5611 eernere.
1692 5556 1911 5612 Sursum
1934 5559 2050 5628 qui-

459 5646 577 5699 dum
605 5644 813 5715 depicta
849 5654 931 5700 est
956 5645 1128 5718 imago
1154 5648 1296 5717 regia
1327 5669 1339 5703 :
1372 5648 1590 5703 inferius
1620 5660 1796 5705 autem
1830 5651 2045 5707 victoria

523 5759 594 5815 (η)
634 5755 744 5805 \idc
770 5757 999 5805 monitum
1024 5758 1081 5805 ad
1108 5757 1347 5808 homiliatn
1373 5760 1421 5809 in
1446 5759 1631 5808 Jtttlatu.

2166 459 2421 530 inscripta
2446 468 2607 515 estet
2632 468 2834 531 troptea
2864 468 2922 515 et
2954 476 3043 517 res
3067 475 3259 517 omnes
3296 461 3555 531 pmlare
3572 473 3767 534 gest-tn

2164 548 2241 605 lta
2271 548 2496 607 facimus
2524 551 2683 607 etiam
2702 593 2719 619 ,
2746 566 2868 607 cum
2896 552 3175 624 epistolam
3207 556 3619 623 acceperimus":
3653 572 3765 611 non

2163 640 2423 696 continuo
2451 642 2723 698 vinculqu
2748 642 3027 709 sentimus,
3059 648 3510 716 neque'cantlnuo
3536 662 3657 717 quae
3681 648 3770 701 in-

2165 742 2253 790 tus
2280 733 2489 801 latent,
2522 734 2749 807 legimus
2779 757 2802 794 τ’
2822 736 2918 792 sed
2944 738 3181 793 exterius
3206 737 3431 809 positam
3460 738 3769 809 inscriptio-

2164 840 2288 883 nem
2329 826 2479 897 prius
2517 831 2884 900 percurrimus
2910 872 2925 897 ,
2955 838 3023 886 et‘
3046 845 3115 886 ex
3153 830 3243 887 illa
3285 830 3544 886 discimus
3578 839 3633 885 et
3670 830 3769 900 qui

2163 919 2472 987 miserit,.et
2506 934 2535 973 a
2565 936 2674 991 quo
2703 921 2865 992 recipi
2893 920 3103 977 debeat.
3132 922 3527 994 A'nnnn~igitur
3564 911 3808 983 aliaue-7

2162 1008 2291 1066 dum
2316 1018 2423 1077 est,
2452 1018 2520 1067 ut
2537 1011 2592 1066 in
2618 1011 2779 1067 rebus
2799 1012 3015 1083 quidem
3046 1011 3619 1084 ste-eularlbus‘tautum
3644 998 3769 1068 stu-

2163 1098 2239 1155 dii
2260 1098 2647 1168 adhibeamus,
2672 1096 2845 1173 neque
2870 1116 3339 1170 commoveatnur,
3364 1104 3785 1174 autperturbe~

2164 1206 2306 1259 mur,
2332 1191 2643 1249 sed'ordine
2666 1192 2874 1263 singula
2907 1208 3286 1263 percurramus
3315 1216 3330 1250 :
3359 1194 3461 1249 hoc
3485 1208 3617 1250 vero
3642 1193 3769 1249 loco

2162 1299 2306 1356 aegre
2353 1284 2627 1353 teramus,
2672 1294 2728 1343 et
2767 1285 3047 1341 confestim
3094 1286 3302 1342 initium
3344 1286 3770 1358 aggrediamur?

2164 1374 2336 1431 Vultis
2361 1376 2890 1448 intelligere'quants
2916 1381 2987 1433 sit
3009 1378 3091 1433 vis
3116 1378 3291 1444 tituli,
3323 1388 3521 1450 quanta
3546 1380 3629 1435 sit‘
3650 1380 3768 1435 vir-

2164 1470 2285 1529 tus,
2332 1474 2566 1536 quantus
2604 1465 2661 1520 in
2689 1465 3087 1538 Scripturarum
3134 1467 3299 1525 initiis
3346 1468 3656 1525 reconditus
3693 1470 3770 1526 sit

2164 1553 2494 1611 thesaurus?
2513 1557 2846 1622 Auscultate,
2872 1573 2941 1614 ne
2965 1573 3242 1615 sacron
3266 1559 3547 1615 Librorum
3580 1560 3770 1616 titulos

2161 1646 2538 1703 contemnati’s.
2558 1648 2799 1704 Athenas
2814 1648 3100 1719 aliquando
3125 1648 3324 1715 Paulus
3344 1650 3616 1722 ingressus
3643 1660 3725 1707 est
3748 1673 3763 1709 :
3788 1696 3792 1699 .

2165 1738 2279 1794 btee
2316 1738 2536 1794 historia
2590 1738 2788 1810 scripta
2827 1749 2923 1795 est‘
2954 1742 3007 1795 in
3054 1739 3158 1795 hoc
3211 1741 3330 1810 ipso
3382 1741 3551 1808 libro;
3607 1759 3767 1812 repe-

2164 1831 2233 1884 rit
2280 1830 2335 1885 in
2380 1829 2513 1886 urbe
2553 1845 2660 1885 non
2699 1832 2895 1886 librum
2952 1846 3202 1899 sacrmn,
3234 1831 3329 1887 sed
3379 1830 3645 1887 idolorum
3688 1833 3767 1886 al-

2166 1933 2278 1980 tare
2309 1945 2322 1980 :
2357 1924 2757 1992 inscriptionem
2802 1924 3005 1995 reperit
3048 1940 3170 1996 qua:
3208 1928 3288 1980 sic
3322 1923 3540 1989 habuit,
3567 1924 3768 1981 [exoro

2166 2016 2279 2071 Deo
2308 2016 2447 2083 (Act.
2478 2017 2563 2075 Π.
2593 2016 2686 2086 25)
2718 2036 2732 2072 :
2764 2030 2937 2087 neque
2965 2016 3242 2086 praeteriit,
3260 2015 3354 2071 sed
3386 2015 3545 2085 hujus
3576 2016 3767 2070 inseri-

2162 2106 2360 2176 ptionis
2403 2106 2589 2162 altaris
2633 2122 2797 2177 opera
2838 2107 3012 2177 ipsum
3042 2108 3211 2162 altare
3240 2108 3524 2163 subvertit.
3566 2108 3784 2163 Paulus-

2163 2197 2253 2252 ille
2278 2208 2515 2265 sanctus,
2546 2200 2633 2269 qui
2663 2198 2895 2269 Spiritus
2919 2200 3145 2270 gratiam
3173 2199 3428 2266 habebat,
3451 2200 3639 2253 altaris
3680 2200 3767 2254 in-

2162 2292 2506 2361 scriptionem
2546 2307 2653 2347 non
2682 2293 2973 2363 praeteriit,
2995 2301 3050 2348 et
3077 2302 3131 2347 tu
3153 2292 3552 2363 Scripturarum
3583 2293 3782 2348 titulos

2164 2384 2439 2452 praeteris?
2458 2384 2551 2440 llle
2571 2384 2712 2454 quod
2731 2384 3087 2440 Athenienses
3106 2383 3765 2454 idololatraascripserant.

2165 2488 2271 2526 non
2299 2473 2505 2540 omisit,
2525 2484 2579 2530 et
2603 2483 2659 2529 tu
2688 2490 2807 2544 quae
2833 2474 3066 2545 Spiritus
3093 2484 3311 2531 sanctus
3337 2478 3553 2545 scripsit
3580 2492 3761 2532 neces-

2162 2565 2300 2619 saria
2344 2579 2466 2619 esse
2513 2580 2619 2620 non
2669 2566 2903 2621 censes?
2930 2567 3046 2634 Qua
3087 2566 3308 2623 tandem
3353 2569 3509 2624 venia
3565 2569 3766 2639 dignus

2161 2651 2311 2709 eris?
2348 2650 2539 2709 Verum
2567 2654 2711 2710 enim
2735 2671 2865 2711 vero
2892 2665 3150 2726 quantam
3182 2659 3456 2729 pepererit
3478 2645 3783 2715 utilitatem-

2165 2744 2280 2799 haac
2319 2743 2595 2815 inscriptio
2631 2746 2928 2803 videamus.
2956 2746 3089 2803 Cum
3114 2764 3245 2819 ergo
3263 2748 3418 2804 silari
3444 2750 3785 2821 insculptam‘

2162 2832 2564 2905 inscriptionem
2601 2845 2801 2891 tantam
2842 2836 3040 2894 videris
3078 2840 3452 2909 suppeditasse
3484 2841 3779 2907 virtutem,

2163 2925 2330 2981 multo
2357 2927 2527 2997 magis
2555 2943 2585 2982 a
2611 2928 3008 3008 Scripturarum
3032 2929 3471 3001 inscriptionibus
3507 2931 3564 2985 id
3580 2935 3784 3001 perlici-

2169 3031 2330 3086 posse
2360 3014 2649 3090 intelliges.
2678 3019 2955 3091 Ingressus
2981 3030 3067 3077 est
3094 3022 3283 3077 urbem
3311 3022 3529 3089 Paulus,
3565 3025 3785 3081 invenit:

2162 3107 2351 3172 altare,
2378 3109 2464 3164 cui
2485 3118 2600 3163 erat
2627 3109 2943 3180 inscriptum
2971 3110 3159 3182 Ignoto
3188 3111 3317 3167 Deo.
3340 3114 3496 3181 Q’uid‘
3504 3114 3602 3170 fuit
3626 3132 3769 3184 opus

2162 3198 2303 3253 facto
2328 3197 2353 3252 τ
2381 3196 2619 3253 Gentiles
2643 3209 2801 3254 erant
2827 3215 3039 3267 omnes,
3072 3201 3221 3271 impii
3251 3218 3439 3259 omnes
3466 3225 3478 3259 :
3510 3205 3779 3281 quid'igi-

2164 3296 2248 3343 tur
2279 3288 2579 3345 faciendum
2620 3290 2762 3346 fuit?
2795 3293 2867 3347 De
2888 3289 3188 3362 Evangeliis
3232 3294 3392 3348 verba
3437 3294 3656 3350 facere?
3698 3294 3769 3351 A‘t

2160 3380 2607 3437 s-bsannassent.
2634 3382 2771 3438 Num
2817 3383 2887 3439 de
2921 3384 3302 3453 prephetarum
3348 3386 3498 3442 libris
3522 3428 3537 3451 ,
3565 3388 3652 3441 vel
3696 3389 3769 3443 de

2163 3471 2293 3541 legis
2316 3472 2582 3551 mandatis
2607 3474 2630 3527 ἲ
2650 3474 2720 3528 At
2742 3490 2847 3529 non
2869 3475 3247 3531 credidissent.
3279 3477 3416 3542 Quid
3438 3493 3568 3548 ergo
3598 3477 3726 3534 fecit
3746 3481 3772 3533 ?

2162 3562 2408 3617 Accurrit
2430 3563 2499 3618 ad
2536 3565 2723 3627 altare,
2747 3573 2802 3619 et
2840 3566 2949 3620 suis
2978 3566 3216 3635 ipsorum
3244 3566 3407 3621 armis
3431 3567 3617 3623 hostes
3637 3572 3769 3623 suti-

2162 3654 2289 3721 egit.
2323 3655 2495 3723 Atque
2538 3653 2638 3709 hoc
2678 3654 2809 3709 illud
2848 3665 2930 3711 est
2968 3656 3117 3726 quod
3149 3656 3396 3725 dicebat,
3432 3657 3625 3711 Factus
3649 3677 3766 3713 sum

2163 3744 2392 3797 omnibus
2417 3745 2606 3809 omnia,
2635 3743 2832 3799 Iudicis
2874 3754 3131 3814 tamquam
3155 3745 3403 3812 Jud‘tsus',
3436 3748 3497 3799 iis
3528 3750 3613 3817 qui
3654 3750 3768 3802 sine

2162 3832 2269 3899 lege
2302 3842 2476 3897 erant,
2511 3843 2765 3903 tamquam
2803 3835 2913 3888 sine
2954 3834 3062 3905 lege
3099 3852 3255 3889 essem
3292 3839 3310 3905 (
3340 3836 3388 3890 i.
3420 3834 3541 3891 Cor.
3564 3838 3599 3891 9
3646 3837 3762 3907 2i).

2164 3924 2308 3979 Vidit
2345 3925 2544 3991 altare,
2576 3926 2706 3981 vidit
2737 3926 3140 3995 inscriptionem
3166 3969 3180 3989 ,
3220 3927 3511 3981 insurrexit
3536 3929 3762 3996 Spit-im.

2161 4017 2304 4072 Talis
2324 4019 2467 4073 enim
2489 4028 2571 4073 est
2591 4006 2819 4089 Spiritus
2846 4020 3015 4090 gratia
3042 4040 3055 4076 ε
3085 4020 3251 4073 efﬁcit
3291 4030 3346 4073 ut
3390 4020 3477 4088 qui
3518 4034 3637 4074 eam
3673 4037 3769 4072 ηε-

2160 4109 2438 4176 ceperint,
2471 4108 2707 4177 undique
2736 4110 2939 4163 lucrum
2968 4109 3263 4177 colligant;
3297 4108 3418 4162 talia
3457 4117 3582 4162 sunt
3607 4123 3772 4163 arma

2163 4208 2343 4253 nostra
2373 4200 2689 4268 spiritualia.
2719 4197 2784 4252 In
2815 4200 3158 4267 captivitatem
3184 4199 3349 4263 enim,
3394 4197 3585 4266 inquit,
3619 4200 3759 4250 retii-

2160 4302 2326 4359 gentes
2352 4274 2550 4344 omnem
2588 4289 2902 4344 intellectum
2927 4291 2980 4344 in
3006 4289 3298 4357 obsequium
3323 4286 3511 4343 Christi
3540 4290 3615 4358 (2.
3637 4287 3759 4343 Cor.

2162 4382 2249 4437 l0.
2279 4381 2380 4455 5).
2416 4384 2556 4437 Vidit
2591 4398 2720 4453 ergo
2761 4382 2954 4451 altare,
3000 4398 3098 4438 nec
3127 4379 3517 4445 reformidavit,
3547 4382 3641 4435 sed
3693 4382 3772 4435 ad‘

2160 4474 2393 4545 seipsum
2446 4475 2611 4530 altare
2642 4476 2873 4531 traduxit
2903 4495 2915 4531 :
2950 4476 3039 4532 vel
3082 4476 3257 4545 potius
3280 4476 3509 4552 emissis
3550 4475 3723 4529 literis
3744 4518 3767 4541 τ

2158 4567 2275 4634 ejus
2300 4578 2516 4628 sensum
2540 4570 2915 4625 transmutavit
2939 4590 2952 4624 :
2977 4577 3032 4622 et
3060 4568 3509 4639 quemadmodum
3538 4569 3591 4623 in
3616 4568 3762 4624 bello

2156 4657 2262 4711 dux
2293 4658 2561 4713 exercitus
2585 4659 2628 4713 si
2654 4673 2975 4729 generosum
3004 4659 3225 4713 militem
3256 4658 3308 4713 in
3334 4659 3508 4714 hostili
3543 4660 3659 4714 acie
3693 4661 3764 4713 vi-

2156 4747 2329 4812 derit,
2363 4755 2418 4802 et
2460 4762 2613 4803 coma
2658 4749 2979 4818 prehensum
3021 4747 3086 4802 ad
3132 4748 3302 4803 aciem
3352 4748 3575 4804 militem
3610 4750 3759 4803 illum

2159 4839 2525 4905 transtulerit,
2559 4848 2720 4910 atque
2764 4849 2819 4893 ut
2861 4854 2956 4909 pro
2994 4853 3055 4894 se
3099 4848 3341 4911 pugnet,
3373 4838 3611 4895 eﬂ'ecerit
3643 4862 3656 4897 :
3689 4842 3759 4894 ita
3810 4830 3821 4869 ἶ

2156 4947 2366 5001 quoque
2394 4932 2589 4987 Paulus
2632 4932 2778 5001 egit,
2808 4946 2931 4985 cum
2972 4941 3241 4999 tamquam
3285 4932 3341 4985 in
3379 4931 3611 4986 hostium
3645 4934 3763 4988 acie

2157 5022 2561 5092 inscriptionem
2588 5021 2743 5075 altari
2775 5021 3091 5091 insculptum
3121 5019 3431 5074 olfeudisset
3453 5059 3470 5087 ,
3502 5020 3572 5073 ad
3602 5037 3759 5075 suam

2155 5115 2323 5167 aciem
2356 5112 2647 5177 transtulit,
2677 5120 2735 5165 ut
2763 5112 3022 5166 adversus
3048 5111 3402 5165 Athenienses
3427 5125 3547 5163 cum
3592 5111 3766 5165 Paulo

2155 5214 2447 5275 pugnaret,
2482 5218 2586 5258 non
2624 5218 2745 5257 cum
2782 5202 3207 5258 Atheniensibus
3254 5201 3474 5256 Paulum
3511 5215 3763 5270 percute-

2158 5309 2239 5351 ret
2272 5318 2285 5351 :
2316 5296 2523 5366 gladius
2549 5296 2692 5351 enim
2720 5306 2834 5351 erat
2864 5295 3305 5360 Atheniensium,
3329 5294 3473 5349 ensis
3499 5304 3616 5348 erat
3656 5295 3759 5347 bo-

2156 5388 2316 5440 Sillim
2364 5387 2450 5440 illa
2508 5385 2948 5456 inscriptiozsed
2996 5385 3085 5441 hic
3129 5386 3277 5444 ensis
3316 5384 3547 5440 hostium
3593 5398 3761 5453 caput

2156 5478 2467 5547 amputavit.
2498 5477 2614 5533 Non
2647 5478 2719 5531 ita
2746 5477 2987 5533 mirabile
3014 5476 3235 5540 fuisset,
3260 5477 3303 5530 si
3325 5476 3446 5546 quis
3469 5476 3635 5545 ipsius
3669 5492 3757 5530 ar-

2156 5572 2256 5624 mis
2285 5585 2379 5625 cos
2409 5570 2695 5625 devicisset
2724 5590 2737 5624 :
2768 5569 2869 5624 hoc
2905 5570 3047 5625 enim
3075 5569 3268 5623 merito
3295 5568 3489 5622 accidit
3519 5587 3531 5621 :
3566 5583 3752 5620 vermn

2157 5660 2284 5715 illud
2315 5676 2509 5716 novum
2550 5668 2712 5715 estet
2739 5659 2995 5725 insolens,
3021 5674 3140 5713 cum
3172 5658 3399 5711 hostium
3430 5670 3574 5710 arma
3610 5665 3750 5709 tam-

2161 5768 2318 5821 quam
2343 5751 2618 5808 machinas
2651 5749 2893 5807 ltOstibus
2919 5749 3263 5805 admovemus
3288 5788 3302 5815 ,
3332 5762 3449 5801 cum
3494 5746 3702 5817 gladius
3723 5787 3741 5812 ,
