4058 6396
242 352 317 412 75
860 339 924 394 IN
959 326 1491 393 INSCRIPTIONEM
1530 319 1828 380 ALTARIS
1868 316 1958 373 ΕΤ
1997 316 2065 373 ΙΝ
2103 311 2515 372 PRINCIPIUM'
2547 309 2904 375 ACTORUM.
2948 307 2989 364 1.
3501 304 3569 361 ’14

245 477 405 536 quem
430 460 482 514 in
516 470 613 511 nos
638 460 868 527 gestant,
900 450 987 505 hic
1017 448 1123 504 illis
1147 444 1306 501 letale
1335 441 1531 536 vulnus
1563 434 1777 536 infligit.

319 556 376 608 ι.
409 526 749 617 Comparatur
772 544 970 600 I’uttlits
996 557 1111 594 non
1139 536 1351 591 Davide.
1390 562 1459 574 -
1488 530 1635 585 Talis
1650 526 1852 597 quippe

249 646 424 701 virtus
465 652 549 697 est
568 640 824 711 Spiritus.
858 636 932 690 Ita
978 630 1250 705 quondam
1278 627 1388 698 egit
1432 625 1594 680 etiam
1640 617 1854 675 David:

248 738 415 793 exivit
457 734 623 790 armis
655 730 849 794 nudus,
904 735 963 781 ut
1006 722 1147 779 unda
1187 718 1355 790 gratia
1399 715 1492 769 Dei
1544 714 1852 781 appareret.

251 828 394 884 Nihil
420 826 586 888 enim,
619 821 809 892 inquit,
834 819 1126 874 humanum
1165 813 1255 877 sit,
1304 806 1518 880 quando
1566 816 1665 873 pro
1702 798 1857 892 nobis

255 929 453 992 pugnat
484 918 644 972 Deus.
679 890 856 969 Exivit
891 924 1021 980 ergo
1047 905 1224 961 nudus
1251 901 1437 963 armis,
1467 908 1523 952 et
1571 892 1764 950 turrim
1791 890 1849 945 il-

256 1013 362 1067 lam
387 1008 602 1079 dejecit.
637 1004 835 1061 Deinde
858 1017 979 1057 eum
1007 997 1175 1054 armis
1217 994 1508 1050 destitutus
1533 996 1699 1050 esset,
1729 1000 1856 1041 cur-

256 1121 383 1160 rens
412 1102 645 1173 gladium
682 1094 917 1154 Goliathi
948 1090 1148 1162 rapuit,
1172 1098 1333 1157 atque
1362 1085 1433 1139 ita
1459 1080 1670 1173 barbari
1700 1083 1859 1173 caput

254 1166 550 1266 ampuiavit
579 1210 593 1246 :
626 1191 696 1245 ita
724 1200 937 1259 quoque
968 1182 1163 1238 Paulus
1190 1182 1241 1233 in
1266 1178 1365 1231 hac
1394 1171 1741 1266 inscriptione
1772 1166 1861 1223 fe-

257 1259 364 1339 cit:
383 1290 555 1353 Atque
603 1289 661 1335 ut
696 1276 1029 1332 manifestior
1057 1272 1148 1326 fiat
1168 1268 1406 1323 victorite
1455 1262 1667 1329 modus,
1690 1259 1860 1353 virtu-

261 1390 367 1434 tem
390 1351 541 1431 vobis
560 1370 922 1442 inscriptionis
951 1364 1264 1422 declarabo.
1291 1361 1475 1415 Altare
1503 1356 1667 1426 igitur
1693 1351 1864 1408 Athe-

262 1476 346 1529 nis
373 1473 568 1528 Paulus
598 1468 839 1529 invenit,
866 1465 953 1519 cui
984 1461 1296 1530 inscriptum
1337 1463 1488 1518 erat,
1521 1449 1706 1521 Ignoto
1733 1445 1861 1499 Deo.

263 1567 392 1634 Quis
413 1576 591 1618 autem
616 1562 706 1617 ille
734 1560 1081 1628 crat‘ignotus
1098 1596 1113 1617 ,
1137 1551 1238 1605 nisi
1258 1543 1539 1605 Christus?
1572 1539 1733 1634 Vides
1756 1551 1865 1608 quo

264 1630 832 1727 levetoittscriptionem
855 1646 1161 1716 captivitate
1180 1638 1437 1703 liberarit,
1465 1650 1570 1727 non
1592 1630 1865 1727 utdamno

260 1720 502 1801 alliceret
524 1720 621 1799 eos
643 1743 732 1813 qui
755 1740 1107 1807 scripserunt,
1136 1732 1230 1786 sed
1247 1740 1304 1784 ut
1323 1742 1419 1783 eos
1444 1726 1621 1780 salvos
1639 1720 1864 1785 faceret,

261 1843 446 1909 eisque
486 1833 800 1908 prodesset?
821 1830 959 1900 Quid
991 1827 1187 1898 igitur?
1227 1839 1294 1877 an
1327 1826 1544 1891 propter
1568 1813 1863 1909 Christum,

263 1904 401 1986 dicet
446 1904 660 1997 aliquis,
700 1922 839 1980 istud
860 1922 1194 1989 scripserant
1235 1908 1632 1968 Athenienses?
1655 1904 1713 1961 Si
1742 1918 1867 1997 pro-

264 2031 381 2090 pter
406 1992 677 2074 Christum
705 2013 821 2068 h:ee
849 2010 1209 2067 Athenienses
1227 2002 1590 2073 scripsissent,
1622 2009 1711 2053 res
1730 1992 1868 2090 adeo

267 2085 526 2166 irritabilis
546 2123 663 2163 nou
698 2106 885 2161 fuisset
912 2115 1130 2156 :verttin
1156 2099 1260 2153 hoc
1287 2105 1371 2152 est
1405 2090 1672 2157 mirabile,
1722 2085 1867 2157 quod

262 2205 339 2258 illi
366 2201 581 2273 quidem
623 2198 781 2273 aliter
806 2192 1141 2263 scripserint,
1191 2188 1278 2242 hic
1330 2196 1509 2240 autem
1540 2180 1697 2236 aliter
1738 2176 1866 2232 illttd

266 2296 497 2365 potuerit
526 2296 829 2348 immutare.
853 2287 1044 2357 Operae
1066 2282 1296 2354 pretium
1327 2288 1411 2334 est
1432 2278 1578 2347 prius
1604 2274 1865 2365 dicamus,

263 2362 367 2458 qua
400 2388 473 2441 de
523 2400 684 2440 causa
723 2378 1039 2449 scripserint
1082 2372 1460 2436 Atheuienses,
1512 2366 1697 2437 Ignoto
1736 2362 1870 2458 DeoT

266 2452 568 2545 Quamnam
619 2475 777 2544 igitur
816 2471 889 2526 ob
922 2482 1145 2523 causam
1166 2460 1528 2532 scripserunt?
1564 2456 1756 2545 Multos
1794 2452 1869 2505 illi

269 2544 409 2625 licus
439 2567 724 2630 habebant,
754 2565 838 2617 vel
882 2561 1057 2632 putius
1086 2557 1284 2611 multos
1327 2552 1602 2608 dzemones
1633 2565 1647 2601 :
1682 2544 1872 2600 Ouum

267 2662 463 2732 quippe
489 2659 560 2710 dii
585 2656 808 2727 gentium
835 2651 1089 2705 dmuonia
1132 2648 1154 2710 (
1168 2645 1309 2715 Psal.
1352 2644 1445 2699 95.
1476 2640 1568 2714 5
1594 2638 1874 2732 Habebam.

266 2729 321 2807 et
365 2729 566 2820 patrios
590 2754 645 2801 et
690 2742 1023 2815 peregrinos.
1072 2738 1275 2793 Videtis
1326 2743 1523 2805 quanta
1574 2731 1771 2787 irrisio.

266 2819 414 2896 enim
466 2842 605 2894 heus
629 2844 733 2900 est,
784 2849 893 2889 non
929 2841 1009 2886 est
1052 2828 1370 2900 peregrinus
1409 2843 1421 2878 :
1454 2822 1718 2893 siquidem
1751 2819 1873 2873 uni-

268 2932 411 2987 verm‘
460 2941 724 2985 terrarum
770 2925 917 2980 orbis
963 2930 1051 2976 est
1101 2920 1369 2974 dominus.
1404 2914 1676 2983 Quosdam
1714 2913 1875 2982 igitur

268 3026 494 3079 istorum
524 3022 657 3075 alios
681 3034 710 3071 a
743 3017 982 3088 patribus
1008 3015 1120 3067 suis
1147 3021 1399 3081 acceptos
1427 3006 1716 3071 habebant,
1740 3005 1874 3057 alios

268 3132 298 3173 ιι
332 3113 575 3169 ﬁnitimis
594 3108 922 3170 nationibus,
944 3115 1125 3175 utpote
1150 3118 1180 3156 a
1214 3099 1431 3173 Scythis
1455 3141 1471 3165 ,
1500 3114 1531 3153 a
1554 3094 1872 3161 Thracibus,

270 3211 339 3262 ab
370 3204 639 3277 Egyptiis
673 3220 686 3255 :
716 3198 860 3271 quod
886 3198 929 3251 si
960 3195 1196 3267 profana:
1222 3192 1379 3262 periti
1394 3190 1585 3246 essetis
1610 3188 1873 3243 eruditio-

272 3307 377 3365 nis,
410 3301 505 3353 has
535 3296 696 3352 etiam
728 3291 878 3347 vobis
898 3303 1086 3344 omnes
1112 3285 1358 3340 historias
1396 3282 1701 3336 recitarem.
1729 3280 1876 3344 Quo-

272 3397 415 3449 niam
444 3393 605 3463 igitur
632 3401 822 3443 omnes
841 3384 911 3439 ab
934 3382 1085 3437 initio
1110 3395 1216 3434 non
1236 3383 1606 3446 susceperant,
1640 3372 1734 3427 sed
1769 3372 1877 3425 illis

273 3486 467 3542 invecti
500 3481 753 3553 paulatim
790 3477 1023 3540 fuerant,
1054 3472 1147 3527 alii
1182 3468 1397 3541 quidem
1450 3475 1662 3537 patrum
1692 3470 1874 3527 aetate,

274 3580 365 3633 alii
388 3591 515 3631 vero
552 3576 789 3641 ipsorum
816 3578 1078 3637 tempore,
1114 3563 1501 3618 convenientes
1530 3558 1783 3613 dixerunt
1811 3553 1877 3607 ad

276 3672 506 3727 invicem
536 3685 549 3720 :
578 3660 1039 3732 Quemadmodum
1057 3657 1190 3711 istos
1212 3651 1609 3723 ignorabamus,
1639 3646 1881 3718 quando-

274 3763 491 3833 quidem
518 3760 665 3828 ipsos
692 3756 948 3820 deinceps
970 3748 1276 3816 accepimus
1328 3752 1383 3799 et
1412 3742 1728 3833 agnovimus
1763 3756 1777 3792 :
1808 3736 1878 3833 ita

277 3828 395 3909 tieri
421 3858 617 3922 potest,
650 3855 711 3900 ut
749 3845 822 3898 sit
840 3842 1034 3912 aliquis
1060 3838 1195 3892 alios
1217 3837 1448 3906 ignotus,
1479 3832 1567 3902 qni
1616 3844 1774 3885 verus
1797 3828 1883 3922 sit

280 3920 445 4012 Deus,
473 3942 567 3999 sed
588 3958 619 3995 s
658 3938 815 3994 nobis
840 3936 1062 3989 minime
1104 3929 1377 3999 cognitus,
1409 3925 1501 3995 qui
1532 3939 1563 3978 a
1594 3921 1751 3977 nobis
1781 3920 1881 4012 in-

279 4039 407 4093 sciis
429 4011 712 4105 propterea
742 4028 1043 4097 negligatur
1069 4031 1126 4077 et
1157 4036 1263 4074 non
1288 4018 1517 4072 colatur.
1551 4012 1691 4080 Quid
1704 4011 1883 4105 igitur

282 4102 572 4184 fecerunt?
601 4125 764 4178 Aram
789 4123 1077 4173 erexerunt
1104 4156 1118 4175 ,
1148 4124 1202 4167 et
1250 4109 1659 4179 inscripserunt,
1694 4102 1883 4174 Ignoto

282 4220 413 4283 Deo,
452 4226 508 4271 ut
540 4230 635 4285 per
661 4209 1064 4278 inscriptionem
1120 4204 1221 4257 hoc
1251 4199 1632 4270 signiﬁcarent,
1658 4196 1713 4251 Si
1747 4195 1885 4248 forte

284 4309 549 4385 quispiam
578 4305 648 4359 sit
675 4304 811 4357 alius
838 4301 999 4360 Deus,
1018 4296 1105 4365 qui
1136 4293 1372 4348 nondum
1394 4290 1547 4345 nobis
1570 4288 1885 4353 innotuerit,

286 4380 426 4457 hunc
448 4380 607 4455 etiam
629 4396 890 4451 colemus.
913 4390 1044 4443 Vide
1066 4386 1405 4442 immodicam
1427 4380 1885 4452 superstitionem.

288 4498 577 4566 Propterea
601 4488 737 4544 dixit
761 4502 791 4539 a
824 4481 1084 4555 principio
1134 4478 1351 4541 Paulus,
1387 4474 1488 4528 Per
1524 4473 1697 4527 omnia
1745 4472 1889 4542 quasi

287 4584 735 4660 superstitiosiores
779 4594 865 4633 vos
904 4577 1047 4631 video
1100 4576 1116 4644 (
1146 4576 1257 4626 Act.
1294 4568 1479 4625 17.22
1511 4570 1527 4638 )
1560 4582 1703 4623 :non
1742 4566 1888 4621 enim

288 4682 445 4737 vobis
471 4685 625 4732 notos
653 4664 995 4727 solummodo
1024 4666 1199 4721 colitis
1224 4664 1377 4727 deos,
1407 4661 1503 4716 sed
1555 4674 1650 4715 eos
1676 4660 1839 4714 etiam
1870 4699 1885 4722 ,

288 4773 378 4843 qui
406 4770 559 4825 vobis
588 4764 827 4820 nondum
849 4758 1200 4843 innotueriut.
1246 4753 1641 4822 lnscripscrant
1667 4750 1741 4805 illi
1765 4750 1891 4821 qui-

289 4840 437 4927 dem,
468 4859 654 4931 Igns'o
678 4855 804 4917 Deo,
837 4840 1162 4907 sed'Paulus
1210 4848 1595 4913 interpretatus
1610 4852 1731 4908 est;
1768 4858 1891 4896 nam

291 4958 365 5010 illi
393 4954 608 5024 quidem
641 4950 693 5004 id
719 4948 787 5003 de
815 4945 937 5001 aliis
966 4943 1233 5005 dixerant,
1266 4948 1321 4993 at
1366 4940 1494 4994 illud
1518 4940 1630 5008 ipse
1660 4936 1894 4992 traduxit

290 5049 355 5103 ad
386 5046 677 5108 Christum,
721 5050 777 5097 ct
802 5039 855 5093 in
882 5036 1245 5108 captivitatem
1292 5046 1507 5086 sensum
1543 5029 1788 5099 redegit,
1839 5038 1894 5081 et

292 5140 344 5194 itt
386 5152 484 5194 sua
515 5150 697 5190 secum
728 5133 843 5187 acie
881 5127 1165 5209 collocavit
1197 5142 1210 5177 :
1245 5123 1409 5191 Quem
1437 5123 1572 5177 cuius
1598 5123 1893 5193 ignorantes

293 5248 379 5288 ros
400 5231 587 5293 colitis,
619 5226 751 5280 hunc
774 5238 869 5294 ego
893 5220 1031 5278 vobis
1051 5217 1300 5272 annuntio
1317 5214 1425 5287 (Ib.
1453 5230 1501 5267 υ.
1525 5212 1639 5284 28),
1674 5212 1848 5283 inquit
1875 5226 1891 5277 ;

295 5326 507 5394 ignotus
533 5320 677 5375 enim
709 5317 847 5371 alios
892 5313 1033 5368 Deus
1071 5326 1178 5373 non
1208 5320 1313 5371 est,
1367 5307 1469 5363 nisi
1500 5303 1765 5360 Christus.
1820 5307 1899 5358 Ae

296 5417 419 5487 vide
468 5411 810 5485 prudentiam
854 5403 1212 5475 spiritualem.
1241 5399 1511 5468 Objecturi
1542 5398 1797 5465 deinceps
1824 5396 1899 5450 illi

297 5518 475 5570 erant,
504 5504 649 5560 Nova
680 5500 924 5572 mundam
952 5498 1201 5568 dogmata
1244 5492 1409 5548 infers
1434 5491 1651 5545 auribus
1678 5489 1898 5552 nostris,

299 5600 452 5655 novis
482 5596 645 5652 rebus
693 5593 881 5649 studes
906 5632 922 5655 ,
956 5590 1122 5644 Deum
1152 5586 1381 5647 invehis,
1409 5599 1565 5653 quem
1615 5597 1721 5636 non
1753 5580 1905 5634 novi-

302 5706 441 5746 tnns.
483 5688 551 5746 Ut
581 5688 741 5757 igitur
773 5685 873 5739 illis
930 5682 1289 5753 suspicionem
1320 5678 1582 5732 eximeret
1626 5672 1901 5737 novitatis,

302 5798 466 5855 seque
498 5795 696 5837 novum
744 5777 909 5833 Deum
944 5774 1162 5829 minime
1208 5770 1499 5842 prtrdicarc
1549 5768 1901 5835 ostenderet,

1959 427 2055 483 sed
2086 442 2247 499 quem
2280 428 2379 499 ipsi
2429 425 2579 497 prius
2619 424 2767 480 cultu
2796 421 3170 479 honorandum
3196 432 3518 479 censuerant
3552 464 3570 488 ,

1958 518 2210 589 adjunxit
2232 530 2286 575 et
2311 519 2467 585 dixit,
2502 518 2665 585 Quem
2686 517 2981 590 ignorantes
3004 514 3196 583 colitis,
3218 531 3335 570 eum
3363 529 3458 585 ego
3481 529 3568 567 oo-

1962 609 2037 664 bis
2059 611 2333 664 enuntio.
2364 608 2471 664 Vos
2496 623 2587 664 me
2609 602 2964 679 pravenistii,
2994 606 3165 676 inquit
3190 621 3206 671 ;
3234 605 3573 676 praedicatio.

1963 716 2087 756 nem
2115 716 2292 756 meam
2317 700 2495 756 cultus
2522 710 2703 756 vester
2728 698 3149 773 przeoccupavit.
3173 696 3253 753 Ne
3280 697 3444 770 igitur
3469 697 3543 753 ob
3561 724 3575 739 ο

1959 791 2159 861 jiciatis
2204 807 2404 846 novum
2439 807 2471 847 a
2522 807 2613 848 me
2645 792 2812 848 Deum
2845 789 3031 847 inferri
3058 807 3074 845 :
3098 789 3243 845 hunc
3291 788 3439 845 enim
3469 802 3571 842 an-

1965 883 2155 938 nuntio
2179 898 2339 953 quem
2362 899 2457 940 vos
2472 883 2649 939 colitis
2676 884 3005 955 ignorantes,
3036 897 3142 938 non
3163 882 3328 952 digno
3355 879 3572 951 quidem

1967 974 2151 1039 modo,
2184 975 2280 1030 sed
2312 987 2488 1031 tamen
2519 976 2715 1031 colitis.
2744 974 2861 1030 Non
2910 974 3058 1031 enim
3086 974 3193 1030 tale
3218 973 3435 1029 Christo
3461 975 3571 1028 eri-

1964 1067 2111 1137 gitur
2128 1068 2316 1133 altare,
2350 1069 2444 1123 sed
2478 1068 2773 1123 animatum
2822 1068 2993 1124 altare
3020 1082 3087 1123 ac
3129 1067 3445 1139 spirituale;
3477 1082 3575 1121 ve-

1966 1169 2268 1214 rumtamen
2297 1160 2366 1215 ab
2393 1159 2496 1214 hoc
2523 1160 2592 1215 ad
2621 1159 2753 1215 illud
2784 1174 2880 1215 vos
2906 1173 3126 1230 possum
3158 1158 3473 1229 perducere.
3498 1158 3574 1213 ιω

1965 1269 2189 1325 quoque
2216 1254 2391 1309 Judzei
2419 1256 2691 1326 quondam
2744 1256 2951 1311 cultum
3000 1255 3366 1311 exhibebant:
3395 1255 3489 1310 sed
3540 1270 3569 1307 a

1966 1349 2238 1417 corporali
2269 1348 2417 1403 cultu
2440 1357 2801 1413 recesserunt,
2824 1357 2874 1404 et
2898 1347 2966 1403 ad
2983 1346 3317 1418 spiritualem
3346 1345 3575 1401 traducti

1967 1448 2110 1503 sunt,
2133 1440 2221 1509 qui
2245 1438 2590 1494 crediderunt
2615 1453 2824 1495 omnes.
2858 1438 3020 1495 Vides
3042 1437 3193 1494 Pauli
3218 1438 3578 1508 sapientiam?

1973 1531 2122 1585 vides
2171 1531 2557 1600 prudentiam?
2604 1531 2756 1586 vides
2785 1547 2893 1602 quo
2944 1539 3101 1601 pacto
3153 1530 3274 1585 illos
3317 1529 3578 1585 devicerit

1971 1636 2079 1678 non
2125 1622 2469 1692 evangelicis,
2499 1638 2605 1677 non
2632 1622 2966 1695 propheticis
2993 1637 3122 1677 usus
3159 1620 3339 1689 dictis,
3365 1620 3461 1675 sed
3494 1620 3578 1674 in-

1970 1713 2295 1783 scriptione?
2313 1713 2431 1768 Noli
2453 1729 2605 1784 ergo,
2630 1714 2928 1777 carissime,
2947 1713 3253 1769 divinorum
3270 1712 3579 1782 inscriptio-
3632 1768 3637 1773 .

1973 1822 2095 1863 nem
2125 1807 2463 1877 eloquiorum
2496 1807 2951 1877 prretermittere:
2982 1822 3108 1862 nam
3160 1807 3206 1861 si
3257 1814 3498 1863 attentus
3525 1810 3579 1859 ca

1973 1898 2196 1969 vigilans
2228 1898 2418 1966 fueris,
2447 1900 2611 1954 etiam
2643 1899 2697 1953 in
2724 1898 2918 1954 alienis
2946 1899 3080 1953 utile
3105 1897 3381 1969 quidpiam
3408 1896 3588 1954 oﬂ'en.

1972 1990 2069 2046 des
2103 2009 2116 2044 :
2149 1991 2229 2045 sin
2254 2004 2434 2047 autem
2468 1991 2745 2063 negligens
2793 2006 2858 2047 ac
2882 1992 3174 2058 remissus,
3205 2007 3275 2047 ne
3302 1992 3434 2063 ipsa:
3457 1992 3580 2063 qui4

1972 2083 2094 2139 dem
2119 2084 2211 2142 tibi
2232 2099 2401 2139 sacra:
2424 2083 2619 2138 Litora:
2650 2083 2911 2153 prodesse
2936 2091 3205 2153 poterunt.
3234 2081 3367 2138 Nam
3391 2098 3586 2154 quem-

1974 2173 2262 2229 admodum
2294 2176 2383 2244 qui
2438 2175 2582 2229 lucra
2628 2174 2775 2229 novit
2814 2174 3067 2243 colligere
3092 2215 3109 2240 ,
3157 2174 3395 2245 undique
3435 2175 3581 2229 lucra

1974 2265 2181 2337 Colligit
2213 2283 2227 2319 :
2258 2265 2331 2320 ita
2357 2275 2413 2320 et
2434 2265 2478 2318 is
2517 2264 2613 2335 qui
2639 2266 2860 2320 minime
2892 2266 3061 2329 novit,
3086 2266 3333 2334 quamvis
3363 2266 3581 2321 thesau-

1976 2374 2092 2411 rum
2117 2357 2400 2423 invenerit,
2434 2358 2608 2411 inanis
2635 2358 2855 2412 recedit.
2885 2356 3058 2412 Vultis
3077 2368 3132 2411 et
3160 2357 3386 2413 alterum
3409 2358 3586 2412 simile
3612 2403 3614 2411 ,

1977 2460 2352 2521 argumentum
2381 2451 2433 2504 in
2473 2450 2711 2504 medium
2742 2449 2989 2515 afferam,
3015 2451 3157 2520 quod
3200 2451 3336 2505 alius
3365 2450 3584 2522 quidem

1979 2542 2089 2595 alio
2116 2555 2279 2594 sensu
2328 2542 2570 2610 protulit,
2599 2540 2697 2595 sed
2737 2542 3063 2608 evangelista
3096 2542 3202 2595 vim
3247 2557 3436 2597 eorum
3467 2557 3586 2612 qua:

1978 2630 2120 2685 dicta
2169 2630 2371 2684 fuerant
2403 2631 2469 2685 ad
2497 2646 2555 2684 se
2585 2631 2861 2686 traduxit?
2892 2629 3075 2700 Itaque
3094 2632 3381 2702 diligenter
3406 2641 3585 2687 atteno

1958 2720 2108 2793 dite,
2143 2729 2203 2775 ut
2226 2719 2375 2774 illum
2401 2735 2617 2791 quoque
2641 2720 2863 2778 discatis
2882 2722 3214 2778 intellectum
3240 2722 3309 2778 ad
3329 2724 3587 2778 obedien-

1979 2810 2106 2865 dum
2134 2810 2351 2865 Christo
2379 2810 2431 2866 in
2454 2813 2816 2881 captivitatem
2832 2815 3101 2884 redegisse
3123 2813 3201 2885 (2.
3223 2811 3344 2869 Cor.
3378 2815 3464 2869 i0.
3495 2815 3583 2887 5):

1980 2910 2037 2954 ut
2066 2900 2310 2967 discatis,
2343 2902 2386 2955 si
2437 2902 2609 2957 aliena
2642 2918 2929 2972 possumus
2957 2906 3007 2959 in
3038 2905 3403 2974 captivitatem
3438 2907 3583 2960 redi-

1977 3006 2128 3062 gere,
2159 2992 2326 3046 multo
2352 2994 2521 3062 magis
2546 3008 2645 3047 nos
2670 2994 2722 3047 in
2771 2996 2999 3065 propriis
3025 3000 3408 3067 negotiaturos,
3441 3014 3588 3067 qua:-

1981 3092 2231 3155 stumque
2259 3085 2516 3144 faciams.
2545 3086 2794 3142 Pontifex
2828 3100 2945 3143 erat
2992 3089 3121 3144 anni
3149 3090 3292 3144 illius
3317 3089 3548 3161 Caipltas
3574 3107 3587 3143 :

1982 3192 2106 3232 nam
2130 3186 2183 3233 et
2214 3178 2316 3232 hoc
2336 3179 2437 3233 fuit
2459 3178 2695 3235 Judaica:
2716 3181 3074 3251 improbitatis
3106 3184 3397 3254 :quoniam
3425 3184 3592 3254 digni-

1983 3279 2146 3324 tatem
2192 3273 2583 3327 sacerdotalem
2615 3273 2752 3329 adeo
2804 3275 3167 3345 deturpabant
3197 3318 3211 3342 ,
3269 3286 3328 3331 ut
3373 3280 3592 3333 venales

1987 3365 2268 3435 pontifices
2306 3365 2617 3421 redderent.
2668 3368 2839 3422 Antea
2866 3383 2997 3423 vero
3028 3383 3135 3423 non
3161 3369 3231 3422 ita
3261 3371 3443 3436 tiebat,
3494 3372 3591 3425 sed

1983 3456 2097 3511 sola
2129 3464 2302 3511 morte
2336 3456 2605 3526 pontificis
2639 3458 2999 3513 sacerdotiqu
3025 3461 3412 3514 terminabatur
3438 3479 3452 3516 :
3477 3471 3590 3516 tum

1984 3561 2116 3603 vero
2144 3547 2306 3602 etiam
2336 3550 2577 3603 viventes
2609 3548 2811 3603 honore
2840 3564 2901 3603 se
2938 3550 3280 3603 abdicabant.
3331 3550 3467 3605 Cum
3497 3552 3596 3622 igi-

1988 3649 2073 3694 tur
2094 3639 2238 3694 illius
2265 3641 2391 3694 anni
2422 3640 2663 3709 pontifex
2693 3650 2838 3695 esset
2867 3640 3120 3709 Caiphas,
3152 3640 3371 3696 Judaios
3404 3644 3596 3698 advera

1986 3746 2081 3786 sus
2108 3730 2381 3787 Christum
2410 3732 2656 3785 armabat
2705 3746 2769 3784 ac
2798 3730 3014 3786 dicebat
3043 3749 3057 3786 :
3089 3731 3239 3786 llunc
3269 3733 3406 3788 mori
3434 3748 3595 3804 opor-

1988 3831 2063 3878 tet
2091 3839 2249 3879 :cum
2279 3831 2460 3877 tamen
2489 3822 2622 3876 nihil
2654 3824 2879 3877 haberet
2905 3822 3047 3892 quod
3079 3824 3127 3877 ei
3179 3824 3459 3895 objiceret,
3499 3826 3597 3881 sed

1990 3916 2186 3971 invidia
2208 3916 2385 3970 solum
2418 3914 2739 3969 tabesceret.
2766 3914 2839 3968 Ea
2874 3930 3103 3983 namque
3125 3915 3338 3969 invidia:
3358 3926 3446 3971 est
3466 3931 3598 3972 c0n-

1989 4008 2143 4074 ditio,
2170 4007 2329 4061 talem
2374 4016 2715 4077 acceptorum
2766 4006 3150 4061 beneficiorum
3181 4011 3480 4064 mercedem
3514 4027 3598 4066 re—

1992 4100 2195 4170 pendit.
2254 4099 2407 4154 Unde
2440 4098 2751 4153 insidiarum
2785 4115 3000 4153 causam
3051 4101 3297 4170 aperiens
3342 4101 3596 4169 dicebat,

1995 4191 2218 4261 Expedit
2251 4202 2303 4244 ut
2328 4208 2459 4245 unus
2491 4193 2640 4244 homo
2676 4193 2945 4251 moriatur,
2980 4201 3028 4244 et
3078 4208 3179 4244 non
3227 4202 3333 4245 tota
3362 4210 3485 4262 gens
3512 4212 3599 4264 pe-

1992 4295 2104 4339 real
2124 4283 2304 4354 (Joan.
2332 4285 2419 4339 II.
2443 4284 2555 4353 50).
2586 4283 2756 4352 Hujus
2785 4283 2932 4338 verbi
2960 4288 3131 4337 virtus
3153 4284 3273 4339 vide
3304 4302 3412 4354 quo
3442 4296 3600 4357 pacto

1998 4378 2047 4430 in
2074 4387 2286 4429 nostras
2305 4382 2499 4444 partes
2528 4376 2823 4439 transierit,
2852 4385 2908 4427 tit
2934 4375 3460 4445 intelligasvcrbutn
3483 4378 3597 4448 qui-

1994 4470 2115 4524 dem
2140 4467 2306 4521 fuisse
2336 4466 2651 4531 sacerdotis,
2680 4476 2730 4517 at
2759 4480 2975 4520 sensum
2996 4467 3328 4535 spiritualem
3360 4468 3474 4523 fieri
3507 4486 3601 4538 po-

1999 4564 2182 4617 tuisse.
2214 4560 2436 4631 Expedit
2459 4570 2511 4612 ut
2531 4576 2664 4612 unus
2689 4560 2839 4612 homo
2862 4559 3129 4625 moriatur,
3154 4570 3198 4613 et
3226 4577 3325 4614 non
3353 4571 3458 4617 tota
3480 4580 3603 4635 gens

1999 4662 2187 4723 pereat.
2217 4650 2331 4706 Hoc
2360 4660 2530 4705 autem
2559 4667 2592 4703 a
2611 4651 2879 4720 semetipso
2905 4666 3005 4703 non
3034 4650 3252 4717 dicebat,
3288 4654 3481 4723 inquit,
3512 4656 3602 4707 sed

2001 4747 2123 4784 cum
2159 4744 2294 4788 esset
2318 4738 2559 4803 pontifex
2589 4742 2715 4792 anni
2740 4741 2906 4794 illius.
2927 4741 3255 4807 prophetatit
3281 4739 3388 4810 (Ib.
3416 4759 3460 4795 υ.
3482 4744 3595 4811 51).

2002 4824 2147 4893 quod
2169 4826 2308 4879 .nori
2327 4826 2608 4882 Christum
2630 4837 2914 4899 Oporteret
2937 4845 3043 4883 non
3066 4832 3229 4885 modo
3255 4832 3594 4902 proJudans,

2003 4919 2097 4975 sed
2126 4928 2178 4973 et
2206 4936 2303 4990 pro
2331 4930 2445 4976 tota
2472 4933 2634 4992 gente
2660 4942 2672 4977 :
2701 4936 2989 4994 prepterea
3013 4927 3256 4993 dicebat,
3281 4928 3508 4998 Expedit
3535 4940 3594 4984 ut

2001 5028 2138 5065 unus
2174 5015 2434 5065 moriatur
2459 5014 2637 5072 homo.
2670 5026 2719 5068 et
2751 5034 2853 5069 non
2896 5027 3005 5070 tota
3039 5037 3155 5090 tiens
3188 5031 3385 5088 pereat.
3425 5021 3593 5075 Vides

2004 5112 2299 5183 potentiam
2328 5109 2443 5172 Dei,
2469 5123 2575 5179 quo
2621 5115 2786 5178 pacto
2814 5106 3051 5176 linguam
3085 5114 3239 5175 cogat
3266 5105 3607 5160 inimicormu

2005 5220 2101 5276 pro
2128 5203 2352 5256 veritate
2378 5200 2542 5254 verba
2575 5197 2794 5253 facere?

2074 5296 2128 5349 5.
2163 5291 2420 5362 Neophyti
2440 5292 2525 5361 qui
2549 5288 2654 5342 veri
2684 5289 2805 5342 sint.
2827 5319 2901 5329 —
2920 5288 2990 5346 Ut
3020 5288 3179 5359 igitur
3208 5288 3499 5359 Scriptura:
3523 5304 3612 5345 sa.

2006 5401 2113 5443 ene
2142 5386 2322 5439 titulos
2350 5398 2457 5435 non
2484 5382 2979 5450 prmtermitlamtts,
3004 5380 3335 5435 sufﬁcienter
3364 5381 3478 5435 haec
3528 5382 3611 5436 di-

2007 5493 2091 5536 cta
2124 5482 2250 5544 sint,
2280 5479 2322 5531 si
2356 5474 2493 5529 forte
2523 5473 2883 5530 recordemini
2912 5491 2925 5525 :
2958 5488 3211 5541 cuperem
3240 5484 3422 5527 autem
3451 5476 3612 5529 etiam

2010 5576 2193 5632 dicere
2239 5574 2362 5645 quis
2392 5572 2461 5625 sit
2506 5580 2695 5624 auctor
2724 5566 2865 5631 libri,
2900 5576 2953 5621 ct
2996 5568 3212 5636 quando
3236 5609 3250 5631 ,
3298 5582 3510 5638 quaque
3548 5566 3615 5621 de

2011 5683 2171 5724 causa
2194 5667 2341 5721 illum
2367 5663 2663 5731 scripserit.
2697 5659 2803 5715 Sed
2835 5659 2949 5713 haec
2978 5659 3189 5712 interim
3223 5670 3401 5712 metite
3435 5669 3613 5712 tenea-

2018 5776 2172 5831 mus;
2206 5760 2290 5815 illa
2324 5769 2451 5812 vero
2481 5754 2715 5809 crastino
2741 5749 2850 5806 die.
2884 5750 2926 5803 si
2978 5749 3117 5804 Deus
3167 5750 3427 5819 voluerit,
3459 5749 3626 5805 restis
