4058 6400
520 298 593 354 75
1217 294 1275 349 S.
1315 291 1596 349 JOANNIS
1634 288 2111 351 CllRYSOSTOMl
2153 290 2468 348 ARCllll'IP.
2499 294 3036 352 CONSTANTINOP.
3757 301 3827 358 ἠ

523 420 756 466 tuemus.
784 408 954 465 Statui
1002 421 1254 479 namque,
1281 407 1420 477 quod
1449 407 1715 477 reliquum
1752 414 1856 471 est,
1900 417 2111 457 sermo-

528 517 650 555 nem
680 501 746 555 ad
788 515 958 567 nuper
984 494 1312 553 illitmitiatos
1349 508 1687 553 convertere.
1731 496 1909 567 Nuper
1933 506 2109 547 autem

526 589 853 644 illuminatos
882 589 1094 658 appello
1131 603 1237 642 non
1265 602 1385 654 eos,
1419 587 1511 656 qui
1540 596 1665 642 ante
1709 586 1844 639 duos
1872 594 1925 638 et
1955 593 2063 638 tres
2090 621 2107 648 ,

521 696 696 749 neque
723 681 811 750 qui
842 688 967 734 aute
992 679 1179 734 decem
1211 679 1327 734 dies
1356 678 1641 733 illttminati
1690 684 1816 731 sunt
1859 685 2061 729 tantum
2091 714 2107 739 ,

515 775 610 829 sed
654 787 749 827 eos
785 774 945 828 etiam
974 773 1064 843 qui
1124 782 1255 828 ante
1293 788 1531 838 annum,
1558 781 1715 840 atque
1760 769 1897 824 adeo
1941 769 2109 822 multo

513 873 639 918 ante
666 874 907 934 tempore
933 881 946 917 :
971 864 1405 935 quandoquidem
1452 862 1551 915 hos
1576 874 1789 931 quoque
1812 860 1890 914 sic
1919 858 2105 927 appel-

514 957 610 1012 lari
642 965 874 1027 oportet.
902 956 957 1011 Si
979 958 1121 1011 enim
1154 957 1207 1011 in
1230 953 1521 1010 excolenda
1556 954 1732 1013 anima
1759 962 1940 1006 nostra
1966 951 2105 1004 mul-

512 1057 624 1103 tum
655 1050 818 1103 studii
848 1049 1256 1104 exbibuerimus
1289 1088 1305 1113 ,
1356 1062 1646 1119 possumus
1674 1055 1728 1101 et
1757 1054 1876 1115 post
1916 1045 2102 1099 dcem]

508 1158 678 1197 annos
715 1158 885 1210 nuper
913 1142 1194 1196 illuminati
1217 1156 1357 1202 esse.
1386 1140 1429 1193 si
1457 1138 1609 1195 nobis
1640 1139 1925 1209 ingenitam
1956 1152 1984 1190 a
2013 1137 2105 1189 ba-

507 1236 756 1303 ptismate
788 1232 1121 1303 juventutem
1170 1230 1690 1286 conservaverimus.
1736 1228 1919 1298 Neque
1959 1229 2099 1281 enim

506 1340 676 1394 nuper
714 1324 1069 1378 illuminatum
1113 1320 1277 1377 efllcit
1317 1330 1545 1389 tempus,
1576 1320 1673 1374 sed
1719 1320 1826 1372 vita
1880 1318 2097 1382 munda,

503 1429 625 1467 cum
657 1412 771 1467 fieri
800 1412 992 1481 possit,
1024 1421 1080 1466 ut
1109 1422 1227 1479 post
1249 1411 1387 1466 duos
1405 1412 1564 1465 eiiam
1586 1410 1722 1474 dies,
1755 1410 1843 1477 qui
1875 1410 1969 1461 sibi
1995 1424 2086 1462 nor

505 1513 711 1564 caveat,
738 1501 1112 1572 appellationis
1136 1500 1294 1571 hujus
1322 1501 1635 1571 dignitatem
1660 1501 1889 1554 amittat.
1922 1504 2096 1568 Atque

502 1592 662 1661 bujus
694 1594 771 1647 rei
818 1592 969 1647 vobis
1007 1592 1317 1663 exemplum
1366 1590 1657 1661 proferam,
1687 1605 1793 1659 quo
1822 1599 1976 1659 pacto
2007 1591 2095 1659 qui

422 1732 433 1741 .
459 1719 464 1729 -
502 1700 674 1753 nuper
700 1685 1041 1739 illuminatus
1063 1694 1177 1739 erat
1198 1724 1215 1750 ,
1242 1684 1421 1738 statim
1447 1692 1565 1753 post
1592 1682 1726 1737 duos
1755 1683 1870 1737 dies
1894 1692 1946 1735 et
1973 1698 2098 1752 gra-

502 1774 628 1827 tiam
649 1782 706 1829 et
735 1774 998 1827 honorem
1050 1789 1222 1845 nuper
1250 1772 1532 1828 illuminati
1559 1773 1816 1827 amiserit.
1851 1772 1962 1826 Hoc
1999 1789 2095 1825 att-

502 1872 606 1919 tem
633 1864 935 1933 exemplum
986 1863 1189 1918 idcirco
1218 1879 1249 1917 a
1278 1879 1365 1918 me
1397 1863 1666 1932 profertur
1690 1903 1705 1927 ,
1755 1874 1811 1916 ut
1840 1879 1960 1917 cum
2005 1864 2087 1915 la-

500 1969 654 2025 psum
702 1955 864 2009 istutu
893 1953 1152 2020 videritis,
1181 1954 1410 2009 salutem
1440 1964 1677 2007 vestram
1722 1954 1775 2006 in
1812 1961 1925 2006 tuto
1969 1968 2098 2005 con-

499 2046 753 2100 stituatis.
790 2044 907 2100 Non
938 2045 1085 2102 enim
1134 2053 1337 2099 tantum
1385 2058 1576 2099 eorum
1634 2044 1883 2113 exemplo
1946 2046 2095 2100 vobis

498 2137 770 2210 proposito
797 2139 887 2208 qui
918 2147 1184 2193 steterunt
1208 2177 1223 2201 ,
1258 2137 1353 2192 sed
1390 2151 1579 2191 eorum
1619 2137 1801 2201 etiam,
1834 2137 1922 2206 qui
1956 2151 2087 2205 sup-

500 2229 719 2296 plautati
759 2238 920 2293 sunt,
976 2227 1277 2299 corrigendi
1331 2227 1463 2281 estis
1514 2236 1567 2280 et
1616 2227 1856 2280 sanandi.
1905 2224 2090 2281 Simon

496 2319 685 2388 llagus
710 2333 1004 2373 conversus
1031 2330 1179 2384 erat,
1232 2318 1422 2387 inquit,
1478 2326 1535 2371 et
1578 2317 1877 2387 baptiZutus
1906 2318 2090 2371 adbas-

496 2410 647 2464 rcbat
673 2398 940 2478 Philippo,
976 2410 1162 2463 videns
1201 2411 1351 2478 signa
1384 2426 1397 2462 :
1430 2408 1526 2463 sed
1573 2419 1689 2478 post
1746 2424 1939 2477 paucos
1975 2409 2089 2464 dies

492 2501 669 2555 statim
694 2500 759 2554 ad
794 2501 1061 2570 propriam
1099 2515 1347 2554 reversus
1385 2509 1472 2555 est
1506 2501 1823 2568 nequitiam,
1853 2510 1905 2555 et
1934 2517 2083 2555 suam

493 2592 719 2645 salutem
746 2606 926 2645 emere
974 2591 1194 2660 pecunia
1226 2591 1460 2644 volebat.
1490 2588 1626 2658 Quid
1666 2606 1795 2661 ergo
1827 2607 1995 2659 nuper
2026 2592 2086 2643 il-

493 2680 752 2735 luminato
777 2681 912 2735 dixit
944 2682 1181 2735 Petrus?
1228 2681 1295 2733 In
1341 2682 1458 2752 felle
1505 2682 1860 2735 uitiaritndinis
1884 2691 1932 2735 et
1959 2683 2087 2736 obli-

491 2773 691 2843 gatione
710 2772 1147 2845 iniquitatigvideo
1175 2781 1223 2826 te
1250 2788 1356 2825 esse
1376 2786 1395 2825 :
1419 2772 1651 2839 quocirca
1680 2771 1843 2825 Deum
1865 2789 2010 2842 raga,
2039 2774 2082 2826 si

489 2870 621 2935 forte
642 2865 929 2917 remittatur
956 2864 1044 2918 tibi
1069 2863 1177 2917 Iure
1201 2862 1423 2932 nequitia
1446 2864 1581 2933 (Act.
1611 2862 1646 2917 8
1688 2861 1777 2917 25.
1796 2863 1911 2933 22).
1941 2864 2084 2917 Non-

489 2954 616 3010 dum
648 2956 921 3025 ingressus
947 2964 1029 3009 est
1049 2954 1365 3017 certamina,
1395 2964 1449 3007 et
1478 2954 1655 3007 statim
1685 2953 1904 3022 indigno
1928 2954 2082 3009 venia

486 3059 613 3100 casu
648 3047 925 3115 prolapsus
951 3052 1053 3100 est.
1085 3043 1153 3100 Ut
1207 3045 1369 3113 igitur
1395 3055 1512 3113 post
1551 3043 1686 3098 duos
1712 3044 1831 3098 dies
1882 3046 2078 3100 cadere

486 3150 789 3208 possumus,
811 3147 869 3191 et
898 3152 1068 3206 nuper
1107 3135 1391 3190 illuminati
1427 3135 1835 3205 appellationem
1867 3146 1919 3190 et
1952 3152 2078 3206 gra-

488 3229 615 3282 tiam
645 3228 904 3297 perdere:
936 3227 1010 3281 ita
1035 3242 1245 3296 quoque
1274 3234 1393 3295 post
1418 3226 1605 3281 decem
1644 3242 1707 3280 ac
1756 3227 1939 3295 viginti
1975 3236 2075 3281 an-

486 3334 604 3384 nos,
630 3327 686 3373 et
712 3319 777 3372 ad
806 3317 964 3373 finem
991 3334 1157 3387 usque
1180 3320 1299 3373 vita:
1330 3333 1614 3387 possumus
1634 3319 1946 3389 praeclarum
1974 3319 2076 3375 hoc

483 3418 643 3477 atque
674 3408 1032 3463 venerandum
1061 3425 1253 3463 nomen
1286 3425 1348 3463 ac
1380 3426 1492 3464 rem
1524 3424 1865 3466 conservare.
1895 3414 2072 3481 Atque

484 3498 587 3553 hoc
615 3499 809 3553 Paulus
842 3510 1067 3555 testatur
1085 3501 1381 3569 apostolus,
1408 3502 1496 3570 qui
1526 3502 1577 3555 iu
1601 3511 1878 3556 senectute
1906 3504 2075 3557 maxi-

482 3604 571 3645 me
596 3588 819 3646 illustris
843 3591 962 3645 fuit.
984 3590 1118 3646 Nam
1141 3593 1393 3661 quoniam
1437 3608 1466 3645 a
1492 3600 1683 3647 natura
1714 3608 1817 3646 non
1849 3605 1931 3647 est
1958 3595 2073 3648 bare

484 3680 761 3745 iuventus,
791 3682 888 3738 sed
927 3683 1205 3754 utriusque
1248 3683 1503 3754 propositi
1546 3696 1822 3755 compotes
1848 3702 2067 3751 sumus;

482 3780 541 3825 ut
567 3771 649 3825 vel
703 3787 1068 3840 senescamus,
1098 3774 1181 3827 vel
1215 3774 1439 3842 juvenes
1466 3790 1795 3843 maneamus,
1825 3792 1853 3829 a
1886 3788 2069 3832 nostro

480 3864 677 3934 pendet
712 3864 953 3919 arbitrio.
1001 3865 1056 3919 lu
1081 3881 1307 3935 corpore
1344 3866 1560 3936 quidem
1602 3868 1727 3922 licet
1769 3884 1928 3923 omne
1958 3882 2070 3922 Slu-

476 3956 622 4010 dium
653 3955 771 4025 quis
820 3955 1109 4019 adhibeat,
1140 3958 1263 4011 licet
1310 3973 1526 4012 omnem
1574 3958 1803 4028 lapidem
1833 3968 2063 4025 moveat,

478 4045 599 4100 licet
626 4045 751 4100 illud
784 4046 1003 4101 minime
1034 4056 1208 4109 vexet,
1240 4047 1364 4102 licet
1416 4048 1559 4102 domi
1601 4048 1892 4111 contineat,
1942 4050 2067 4105 licet

477 4136 748 4192 laboribus
788 4137 917 4191 illud
964 4145 1020 4191 et
1059 4136 1329 4191 continuis
1387 4138 1641 4207 operibus
1671 4154 1776 4192 non
1819 4139 2014 4209 affligat
2048 4157 2061 4193 :

475 4237 652 4282 tamen
683 4244 747 4282 ex
780 4228 898 4297 lege
922 4238 1125 4282 natura:
1148 4228 1225 4283 sic
1247 4244 1459 4299 quoque
1484 4229 1640 4299 plane
1660 4240 1909 4286 senectus
1937 4232 2062 4286 illud

476 4318 710 4373 invadet.
738 4319 793 4373 In
820 4319 997 4372 anima
1027 4334 1155 4373 vero
1184 4334 1288 4373 non
1336 4321 1406 4375 ita
1454 4323 1511 4375 lit
1539 4338 1553 4376 :
1583 4321 1678 4376 sed
1709 4324 1752 4375 si
1785 4323 1927 4377 illam
1958 4326 2061 4377 mi-

472 4410 617 4463 nime
644 4423 827 4472 vexes,
856 4423 1030 4478 neque
1055 4410 1403 4464 saecularibus
1446 4426 1565 4465 eam
1592 4412 1861 4468 laboribus
1885 4416 2061 4469 curis-

468 4514 572 4567 que
601 4497 883 4552 mundanis
901 4499 1198 4564 excrucies,
1225 4499 1560 4569 iuventutem
1600 4518 1750 4557 suam
1802 4519 2059 4574 perpetuo

472 4592 686 4652 retinet,
722 4590 1050 4661 illtcsamque
1098 4602 1405 4647 conservat.
1436 4593 1625 4650 Nonne
1655 4596 1846 4651 videtis
1879 4598 1975 4652 has
2004 4600 2055 4653 in

469 4680 603 4734 ca-lo
643 4681 779 4735 fixas
807 4682 1025 4737 stellas?
1050 4682 1167 4737 lam
1205 4700 1299 4752 per
1327 4700 1497 4740 annos
1526 4687 1702 4742 sexies
1729 4688 1872 4744 mille
1903 4691 2057 4746 nobis

471 4773 669 4839 lucent,
703 4789 802 4828 nec
832 4774 1065 4843 ipsarum
1100 4776 1205 4831 ulla
1236 4775 1372 4832 facta
1398 4787 1482 4833 est
1508 4779 1805 4835 obscurior.
1829 4781 1979 4849 Quod
2009 4783 2054 4838 si

468 4864 554 4918 ubi
574 4873 775 4919 natura:
794 4882 878 4935 res
895 4875 998 4931 est,
1016 4869 1086 4921 ita
1113 4883 1301 4924 recens
1315 4878 1369 4924 et
1390 4870 1623 4925 vividum
1644 4872 1820 4927 lumen
1844 4889 2056 4930 reman-

468 4955 542 5009 sit
567 4972 579 5005 :
611 4955 705 5009 ubi
734 4956 1024 5012 voluntatis
1062 4974 1152 5013 res
1199 4969 1316 5025 est,
1346 4976 1523 5016 nonne
1562 4964 1729 5017 multo
1756 4966 1922 5034 magis
1949 4968 2053 5023 tale

468 5046 831 5113 permanebit,
866 5050 1024 5118 quale
1050 5051 1118 5105 ab
1141 5050 1290 5104 initio
1317 5051 1566 5105 refulsit?
1596 5053 1707 5105 lmo
1734 5068 1863 5108 vero
1892 5056 1933 5108 si
1961 5072 2053 5110 ve-

470 5137 650 5200 limus,
680 5152 784 5190 non
815 5140 919 5192 tale
948 5150 1150 5194 tantum
1191 5142 1541 5211 permanebit,
1594 5144 1689 5197 sed
1718 5144 2048 5213 splendidius

464 5228 623 5281 etiam
654 5228 777 5295 erit,
810 5230 889 5283 sic
934 5240 992 5283 ut
1036 5231 1178 5299 ipsos
1212 5231 1371 5285 etiam
1398 5233 1529 5287 solis
1548 5233 1727 5288 radios
1747 5236 2042 5292 :cmnletur.

468 5318 583 5371 Vin’
618 5327 672 5371 tu
705 5319 999 5389 intelligere
1049 5337 1156 5391 quo
1205 5331 1361 5391 pacto
1417 5338 1703 5392 possumus
1736 5328 1893 5380 etiam
1926 5339 2047 5397 post

466 5408 683 5477 longum
712 5417 919 5476 tempus
955 5425 1076 5465 esse
1130 5428 1300 5480 nuper
1329 5413 1644 5468 illuminati?
1675 5416 1809 5469 Audi
1853 5419 2043 5487 quibus

460 5500 639 5553 verbis
662 5498 855 5553 Paulus
884 5500 1125 5557 homines
1146 5504 1312 5558 multo
1340 5513 1464 5559 ante
1495 5515 1736 5576 tempore
1771 5509 2037 5567 illumina-

461 5595 542 5640 tos
573 5589 877 5659 alloquetur
910 5591 1090 5646 :Inter
1131 5611 1253 5664 quos
1298 5596 1474 5649 lucetis
1521 5599 1651 5651 sicut
1678 5600 1949 5656 luminaria
1987 5607 2038 5659 in

460 5677 667 5743 mundo,
690 5680 886 5734 verbum
910 5682 1023 5736 vita'
1043 5686 1347 5741 continentes
1369 5688 1437 5742 ad
1460 5689 1675 5761 gloriam
1694 5708 1854 5745 meam
1880 5693 2036 5765 (Plii-

2224 404 2352 474 lipp.
2379 406 2544 462 2.15.
2572 406 2680 476 16).
2704 406 2949 463 Veterem
2974 409 3314 483 laceramque
3339 422 3547 469 vestem
3571 415 3821 477 exuistis.

2220 497 2482 565 spirituali
2513 508 2782 569 unguento
2808 500 3032 556 delibuti
3060 505 3221 570 estis,
3275 506 3425 561 liberi
3471 523 3664 563 omnes
3698 508 3821 563 facti

2219 588 2349 640 estis
2378 605 2394 642 :
2423 605 2583 643 nemo
2607 590 2861 661 deinceps
2888 592 2954 646 ad
2996 595 3230 662 priorem
3258 596 3441 652 redeat
3472 600 3812 656 servitutem.

2217 678 2425 733 Bellum
2455 681 2721 749 quoddam
2745 697 2813 736 ac
2847 693 3120 738 certamen
3151 695 3277 740 sunt
3318 703 3405 742 res
3436 688 3572 742 ista.

2286 773 2607 828 Athletarum
2635 777 2863 845 probatio
2893 779 2944 831 in
2976 777 3275 849 Olyntpicis.
3310 810 3383 822 -
3410 781 3577 835 Nemo
3602 791 3814 847 certat,

2214 864 2303 934 qui
2335 880 2523 921 servus
2549 868 2620 921 sit
2656 886 2670 921 :
2703 884 2861 923 nemo
2893 869 3080 923 militat
3106 872 3195 940 qui
3223 872 3293 924 sit
3331 871 3560 927 famulus
3588 892 3603 926 :
3633 874 3731 929 sed
3771 875 3815 931 si

2213 971 2402 1012 servus
2428 957 2889 1026 deprehendatur,
2915 976 2979 1015 ex
3004 961 3125 1015 albo
3153 961 3375 1014 militum
3401 978 3523 1017 cum
3548 964 3815 1033 supplicio

2212 1048 2447 1114 eiicitur.
2482 1049 2663 1119 Neque
2688 1065 2817 1105 vero
2848 1052 2900 1104 in
2930 1051 3031 1105 hac
3058 1062 3261 1106 tantum
3289 1051 3471 1106 militia
3497 1092 3515 1117 ,
3549 1054 3645 1108 sed
3674 1066 3732 1110 et
3764 1056 3813 1110 in

2210 1138 2501 1211 Olympicis
2529 1143 2909 1196 certaminibus
2941 1143 3081 1197 idem
3123 1144 3223 1197 iste
3268 1159 3383 1199 mos
3411 1145 3637 1200 obtinet.
3684 1147 3815 1202 Post

2210 1233 2423 1301 triginta
2453 1233 2596 1287 enim
2633 1234 2749 1288 dies
2782 1233 2869 1288 hic
2896 1244 3195 1289 transactus
3219 1275 3235 1299 ,
3266 1238 3323 1290 in'
3343 1236 3658 1292 suburbium
3689 1240 3811 1294 illos

2207 1324 2427 1378 eductos
2448 1326 2875 1392 circumvebuut,
2906 1338 2959 1381 et
2990 1337 3099 1381 toto
3130 1328 3349 1383 sedente
3378 1329 3587 1385 theatro
3610 1332 3812 1386 clamat

2208 1432 2384 1484 praeco
2417 1435 2430 1470 :
2457 1417 2593 1471 Num
2626 1420 2746 1487 quis
2776 1419 2915 1473 hunc
2940 1420 3194 1474 accusat?
3233 1422 3301 1473 ita
3335 1430 3391 1474 ιιι
3418 1423 3562 1475 omni
3594 1424 3811 1478 servilis

2204 1508 2525 1563 conditionis
2563 1510 2865 1578 suspicione
2896 1511 3113 1578 depulsa
3141 1553 3154 1573 ,
3189 1511 3243 1565 in
3283 1513 3572 1567 certamina
3605 1516 3805 1583 pedem

2206 1600 2414 1653 inferat.
2464 1600 2617 1667 Quod
2646 1601 2688 1653 si
2723 1600 3049 1655 diabolns‘in
3089 1617 3288 1673 agones
3325 1620 3454 1660 suos
3482 1619 3669 1661 servos
3696 1623 3806 1664 nou

2203 1691 2466 1757 admittit,
2495 1708 2601 1763 quo
2630 1702 2786 1763 pacto
2816 1703 2891 1757 ιιι,
2921 1710 3042 1747 cum
3074 1697 3275 1764 peccati
3308 1710 3496 1751 servus
3523 1701 3764 1754 evaseris
3788 1741 3805 1765 ,

2204 1783 2256 1835 in
2288 1780 2484 1837 Christi
2526 1795 2797 1839 certamen
2840 1785 3045 1853 ingredi
3091 1786 3294 1841 audes?
3333 1787 3445 1842 Illic
3483 1790 3700 1859 quidem
3728 1793 3805 1846 ait

2202 1888 2399 1942 pra-co,
2429 1874 2566 1931 Num
2592 1890 2711 1944 qms
2748 1874 2906 1944 bujus
2934 1876 3003 1929 sit
3027 1878 3345 1931 accusator?
3372 1877 3459 1934 hic
3484 1895 3612 1935 vero
3639 1881 3805 1936 Cltri-

2201 1976 2316 2018 stus
2341 1980 2443 2018 nou
2470 1966 2540 2019 ita
2562 1965 2709 2032 dicit,
2735 1966 2829 2021 sed
2854 1968 3099 2036 quamvis
3118 1982 3305 2022 omnes
3324 1979 3448 2025 ante
3473 1970 3803 2040 baptismum

2203 2055 2350 2109 illum
2381 2066 2653 2120 accusent,
2679 2056 2828 2123 dicit,
2856 2057 2967 2127 Ego
2992 2057 3139 2112 illum
3162 2057 3438 2113 admittam
3463 2071 3518 2116 et
3539 2064 3804 2117 servitute

2209 2145 2467 2207 liberabo.
2492 2158 2651 2217 atque
2679 2147 2730 2201 in
2758 2147 3059 2203 libertatem
3081 2149 3404 2205 vindicatum
3427 2152 3479 2205 in
3502 2154 3800 2208 certamina

2198 2237 2554 2292 introducam.
2591 2238 2746 2293 \‘ides
2775 2239 3111 2308 agonotbeta:
3138 2241 3560 2311 benignitatem?
3587 2242 3704 2298 Non
3732 2259 3799 2299 ea

2197 2332 2385 2400 quwrit
2406 2348 2524 2401 qua'
2547 2333 2953 2403 praecesserint;
2984 2332 3076 2387 sed
3097 2349 3281 2389 eorum
3309 2351 3428 2406 qua:
3454 2351 3801 2407 consequun-

2196 2430 2301 2485 tur,
2324 2423 2489 2492 exigit
2514 2424 2798 2477 rationcm.
2828 2423 2962 2478 Cum
2989 2438 3178 2478 servus
3202 2439 3371 2492 esses,
3396 2426 3538 2481 mille
3567 2442 3792 2482 accusa-

2196 2521 2339 2568 tores
2366 2514 2620 2579 babebas,
2652 2510 3059 2581 Conscientiam,
3092 2528 3308 2585 peccata
3329 2560 3343 2582 ,
3375 2518 3648 2574 daemones
3675 2536 3792 2575 om-

2192 2620 2306 2659 nes.
2329 2606 2514 2661 Nullus
2537 2621 2641 2672 me,
2661 2608 2849 2675 inquit,
2874 2608 3084 2661 illorum
3103 2608 3385 2663 adversum
3405 2617 3457 2664 te
3476 2614 3793 2674 commovit,

2194 2714 2368 2769 neque
2397 2711 2445 2753 te
2477 2701 2611 2753 meis
2639 2700 3018 2754 certaminibus
3049 2698 3319 2770 indignant
3349 2702 3562 2766 censui,
3594 2703 3689 2758 sed
3721 2706 3792 2759 ad

2193 2791 2361 2845 luctas
2386 2790 2597 2855 admisi,
2626 2807 2730 2844 non
2760 2790 2830 2844 ob
2866 2800 3007 2845 tuam
3039 2792 3373 2862 dignitatem,
3395 2793 3490 2848 sed
3516 2794 3587 2847 ob
3612 2810 3791 2849 meant

2187 2884 2590 2954 benignitatem.
2624 2884 2777 2939 Mane
2799 2884 2957 2953 igitur
2978 2900 3040 2940 ac
3061 2886 3297 2951 decerta,
3322 2886 3435 2941 sive
3459 2888 3789 2943 currendum

2192 2975 2281 3037 sit,
2326 2976 2438 3029 sive
2485 2976 2719 3045 pugilatu
2746 3016 2761 3042 ,
2793 2976 2905 3031 sive
2936 2980 3209 3045 pancratio
3238 2976 3549 3032 certandum
3579 2978 3671 3046 sit,
3720 2996 3793 3035 ne

2189 3069 2401 3123 occulte
2422 3110 2438 3134 ,
2470 3084 2538 3123 ne
2568 3079 2771 3124 temere
2794 3109 2809 3135 ,
2843 3083 2941 3123 nec
2992 3069 3042 3123 in
3085 3084 3279 3124 vanum
3322 3070 3587 3125 decertes.
3644 3072 3787 3126 Audi

2185 3162 2319 3231 quid
2338 3164 2507 3231 egerit
2550 3162 2763 3217 Paulus.
2803 3161 3093 3217 Confestim
3125 3162 3214 3216 ubi
3254 3162 3322 3217 de
3351 3163 3564 3217 lavacro
3590 3178 3791 3220 ascen-

2182 3253 2299 3317 dit,
2347 3254 2525 3309 statim
2579 3264 2697 3325 post
2748 3255 3070 3324 baptismum
3120 3254 3467 3320 decertabat,
3523 3246 3788 3324 prmdica;

2182 3345 2272 3401 bat
2304 3388 2319 3412 ,
2352 3348 2601 3415 quoniam
2630 3346 2717 3402 hic
2741 3356 2823 3402 est
2850 3346 3016 3401 Filius
3048 3345 3176 3409 Dei,
3206 3354 3261 3399 et
3283 3346 3496 3401 luds-os
3518 3348 3628 3416 jam
3658 3348 3788 3403 inde

2180 3452 2209 3489 a
2242 3439 2414 3507 primo
2433 3439 2521 3492 die
2540 3437 2894 3492 confundebat
2918 3437 3054 3509 (Act.
3079 3436 3133 3490 9.
3153 3435 3269 3504 22).
3304 3439 3373 3492 At
3400 3446 3455 3491 tu
3486 3440 3785 3508 medicare

2179 3542 2285 3581 non
2315 3538 2487 3597 potes,
2508 3544 2681 3597 neque
2703 3528 2921 3582 verbum
2949 3527 3206 3582 doctrina:
3233 3528 3437 3584 babes?
3465 3529 3628 3600 Igitur
3646 3546 3781 3601 ope-

2178 3619 2325 3671 ribus
2354 3629 2408 3673 et
2444 3619 2853 3674 conversatione
2881 3622 3259 3690 actionumque
3301 3620 3584 3691 Splendore
3614 3622 3771 3678 doce.

2176 3707 2365 3763 aneat
2389 3710 2533 3763 enim
2559 3753 2574 3775 ,
2605 3710 2775 3779 inquit
2799 3753 2811 3772 ,
2841 3710 2934 3765 lux
2969 3722 3133 3766 vestra
3162 3730 3332 3767 coram
3362 3716 3650 3769 hominibus
3675 3758 3689 3774 .
3720 3728 3775 3769 ut

2174 3800 2373 3853 videant
2398 3817 2551 3868 Opera
2578 3813 2738 3856 vestra
2764 3803 2915 3869 bona,
2941 3814 2988 3857 et
3012 3804 3294 3874 gloriﬁcent
3322 3803 3528 3861 Patrem
3550 3816 3772 3861 oestrum

2174 3890 2259 3957 qni
2286 3890 2338 3943 in
2366 3892 2501 3945 cadis
2531 3892 2832 3961 est(MattIt.
2856 3895 2910 3949 5.
2936 3896 3050 3966 16).
3073 3895 3188 3949 Non
3219 3906 3368 3965 potes
3392 3897 3607 3953 Judteos
3639 3916 3773 3956 voce

2171 3981 2538 4037 eonfundcre?
2564 3983 2670 4038 Fac
2701 3996 2753 4038 ut
2784 3996 2869 4039 tua
2900 3987 3308 4042 conversatione
3335 3989 3734 4045 confundantur
3754 4035 3769 4055 ,

2172 4072 2255 4126 fac
2300 4082 2357 4128 ut
2396 4086 2837 4131 commoveantur
2874 4086 2961 4130 tua
3005 4079 3297 4133 mutatione
3336 4082 3582 4149 gentiles.
3629 4082 3767 4138 Cum

2171 4166 2311 4219 enim
2338 4166 2569 4221 viderint
2599 4184 2721 4221 eum
2744 4171 2832 4237 qui
2865 4170 3110 4234 lascivus,
3142 4185 3337 4241 pravus
3360 4214 3377 4237 ,
3407 4186 3471 4227 ac
3491 4175 3769 4244 negligens

2169 4268 2224 4313 et
2246 4270 2527 4329 corruptus
2551 4270 2685 4327 erat,
2712 4261 2890 4316 subito
2920 4261 3085 4317 fuisse
3114 4272 3395 4329 mutatum,
3426 4274 3476 4319 et
3500 4277 3621 4336 post
3647 4284 3767 4321 tnu-

2174 4354 2427 4408 tationem
2455 4370 2517 4409 ex
2545 4357 2708 4425 gratia
2732 4356 3075 4410 mutationem
3098 4373 3160 4412 ex
3184 4360 3591 4415 conversatione
3612 4362 3765 4417 exbi-

2166 4442 2368 4510 buisse,
2392 4460 2570 4501 nonne
2591 4446 3001 4513 confundantur,
3025 4458 3079 4503 et
3097 4448 3278 4504 dicent
3297 4450 3347 4505 id
3368 4452 3507 4522 quod
3530 4452 3597 4507 de
3616 4469 3767 4508 caeco

2165 4534 2332 4589 ludzci
2362 4538 2629 4606 quondam
2657 4537 2901 4592 dicebant
2922 4580 2935 4602 ,
2974 4538 3072 4593 llic
3097 4550 3203 4607 est,
3238 4540 3357 4595 Non
3389 4554 3463 4597 est
3491 4546 3612 4609 ille,
3644 4545 3764 4600 Ima

2165 4626 2273 4695 ipse
2299 4639 2369 4681 est
2409 4627 2589 4697 (Joan.
2618 4629 2673 4685 9.
2705 4629 2757 4684 8.
2788 4628 2884 4701 9)?
2911 4630 3044 4685 Sunt
3074 4632 3216 4686 enim
3248 4632 3363 4687 haec
3392 4635 3552 4690 verba
3580 4635 3761 4692 homi-

2166 4734 2291 4772 num
2317 4720 2685 4785 coufusorunt,
2712 4721 2779 4777 de
2808 4724 3023 4778 nomine
3048 4725 3148 4779 sibi
3176 4736 3303 4780 noto
3326 4726 3592 4793 dubitare,
3619 4731 3762 4786 inter

2163 4822 2223 4863 se
2249 4809 2526 4875 dissidere,
2558 4814 2787 4882 propriae
2810 4814 3154 4869 conscientiae
3181 4816 3399 4872 minime
3423 4819 3669 4885 credere,
3694 4837 3759 4877 ac

2162 4915 2231 4953 ne
2251 4902 2364 4954 suis
2391 4901 2604 4971 quidem
2635 4904 2824 4958 oculis.
2856 4904 2946 4959 Ille
2974 4906 3268 4961 czeeitatem
3297 4910 3634 4979 corporalem
3662 4912 3761 4964 ab.

2157 4989 2309 5057 jecit,
2333 5000 2389 5045 tu
2412 4993 2740 5062 spiritualem
2767 4995 3063 5051 caecitatem
3086 4996 3363 5066 abjecisti;
3394 5001 3482 5055 ille
3507 5001 3560 5055 in
3582 5005 3757 5059 solem

2161 5080 2302 5137 hunc
2326 5086 2579 5155 respexit.
2605 5093 2659 5139 tu
2694 5085 2746 5139 in
2773 5086 2992 5155 justitite
3020 5088 3186 5144 solem
3218 5090 3443 5161 respice.
3476 5094 3752 5163 Agnovisti

2161 5172 2440 5231 Dominum
2467 5193 2480 5229 :
2505 5177 2588 5232 fac
2614 5178 2773 5247 igitur
2790 5194 2853 5235 ea
2874 5196 2991 5251 quae
3018 5182 3117 5237 bac
3140 5184 3412 5254 agnitione
3436 5186 3545 5241 sint
3565 5187 3749 5259 digna,

2157 5274 2215 5319 ut
2247 5274 2303 5321 et
2329 5268 2578 5323 caelorum
2608 5286 2829 5339 regnum
2857 5275 3159 5341 assequaris
3178 5318 3192 5341 ,
3226 5278 3393 5345 gratia
3421 5287 3474 5331 et
3503 5279 3749 5351 benigni-

2156 5364 2264 5411 tate
2290 5357 2495 5413 Domini
2524 5361 2692 5415 nostri
2717 5358 2842 5415 .lesu
2868 5362 3084 5427 Cltristi,
3118 5380 3211 5434 per
3236 5381 3394 5436 quem
3416 5377 3472 5421 et
3498 5382 3618 5422 cum
3642 5386 3753 5439 quo

2154 5447 2297 5503 Patri
2342 5451 2508 5521 gloria
2534 5492 2548 5517 ,
2582 5452 2787 5517 lionor,
2818 5454 3099 5525 imperium
3125 5497 3139 5520 ,
3174 5472 3273 5511 una
3319 5472 3439 5511 cum
3472 5471 3659 5514 sancto
3685 5478 3751 5517 ac

2150 5540 2363 5596 vivitico
2387 5543 2607 5613 Spiritu,
2633 5560 2771 5600 nunc
2792 5554 2845 5601 et
2874 5562 3107 5618 semper,
3136 5556 3190 5603 ct
3216 5550 3267 5602 in
3294 5550 3487 5605 secula
3518 5554 3739 5608 suauilo-

2150 5648 2290 5688 rum.
2324 5635 2516 5689 Amen.
