4058 6394
237 325 307 380 77
1355 326 1422 384 IN
1448 321 1994 382 ‘INSCRIPTIONEM
2036 325 2387 384 AC'I‘OBUM.
2428 325 2471 385 Il
3490 334 3558 387 τε

382 456 688 471 ἓως-ψ

1498 462 1669 469 ..ῤ’-

1848 460 2032 467 ———————.__

3184 460 3505 469 ___—.——_—_..

2236 462 2444 471 *σ-

2449 464 2540 472 ψ...

232 554 368 599 CUI
414 554 479 598 IN
508 555 740 600 vmat
778 553 1075 599 ECCLIﬂA
1110 553 1315 599 ιοκαο
1340 553 1739 597 ικτιιιινλιιο
1768 552 1828 595 Cl

1936 553 2138 597 ΒιΑτΑ
2169 554 2489 599 οοιιεοτλ
2522 555 2736 611 ESSET,
2768 555 2984 601 anno
3012 554 3287 601 ιιιιτυε
3334 556 3399 599 II
3446 556 3576 599 lN-'

248 684 253 688 ι
319 659 747 703 ΒΟΒΙΡΤΙΟΝΕΙ
776 659 1082 705 ACTOIUI
1112 659 1573 713 Αιιοςτοιοιιοιί
1600 662 1615 701 2
1650 660 1729 703 ET
1772 660 1828 703 γι

1936 660 1977 702 Ι
2021 660 2155 704 ουκ
2202 662 2480 708 γιιιτυτε
2511 666 2725 711 ACTA!
2771 666 3127 711 οτιιιοιιειι
3170 666 3316 712 3688
3361 667 3564 712 εισπιε

318 760 396 803 ΔΩ
428 759 784 804 ,ιιιιιιουιιε
824 762 839 803 2
887 760 969 804 ΒΤ
1010 760 1344 814 ρωτειηυε
1390 760 1715 803 DIFFEBAT
1760 759 1795 802 Δ

1936 758 2043 802 ηκιε
2072 758 2514 806 οοιπγειιεΑι-ιο
2561 745 2673 829 (η).
2826 762 2829 763 ⁷

1540 906 1818 919 σ--σ--ι-ρ

308 1032 361 1087 Ι.
392 1031 623 1088 Ecclesia
643 1049 735 1089 nec
755 1032 1183 1104 persecutionibus
1198 1050 1289 1090 nec
1308 1034 1412 1089 alio
1428 1033 1579 1088 modo
1600 1034 1831 1087 uincitur.

232 1149 303 1164 -—
322 1122 529 1179 Rursus
552 1125 618 1179 ad
639 1131 865 1181 matrem
889 1136 1128 1181 nostram
1149 1126 1311 1197 longo
1329 1126 1611 1199 intervallo
1632 1123 1835 1181 reversi

231 1228 423 1271 sumus
445 1256 462 1279 .
494 1216 561 1271 ad
602 1216 961 1272 desideratam
990 1227 1046 1273 et
1076 1232 1257 1274 caram
1299 1220 1551 1276 omnibus
1576 1218 1714 1274 hanc
1740 1232 1833 1273 ec-

231 1308 471 1363 clesiam.
490 1307 563 1363 ad
594 1317 831 1364 nostram
859 1318 915 1366 et
940 1310 1181 1365 omnium
1205 1310 1556 1368 ecclesiarum
1580 1318 1833 1364 matrem.

232 1396 365 1453 Nam
390 1408 564 1455 mater
587 1400 800 1470 quidem
825 1411 910 1457 est
938 1416 1046 1455 non
1072 1400 1213 1471 quod
1236 1402 1506 1473 antiquior
1534 1411 1737 1456 tantum
1766 1401 1837 1456 sit

234 1498 479 1560 tempore
501 1508 516 1545 :
539 1491 635 1547 sed
655 1490 798 1562 quod
820 1492 1188 1562 apostolorum
1215 1493 1460 1549 manibus
1482 1492 1553 1547 sit
1576 1493 1792 1548 fundata
1821 1509 1836 1551 :

231 1594 392 1650 quam
436 1581 509 1636 ob
548 1566 767 1637 causam
814 1582 1088 1639 multoties
1132 1594 1351 1655 prepter
1394 1583 1591 1640 Christi
1638 1598 1836 1639 nomen

232 1684 446 1739 eversa,
477 1672 675 1729 Christi
700 1674 897 1731 virtute
922 1690 1112 1731 rursus
1137 1683 1222 1732 est
1249 1685 1448 1731 erecta.
1481 1676 1665 1748 Neque
1689 1676 1835 1732 enim

232 1764 544 1834 apostolicae
586 1774 793 1821 tantum
834 1782 1026 1822 manus
1074 1768 1218 1823 illam
1261 1768 1591 1836 fundarunt,
1642 1768 1737 1825 sed
1782 1779 1840 1825 et

218 1838 404 1924 'ipsius
447 1857 811 1927 apostolorum
852 1858 1063 1914 Domini
1099 1859 1376 1915 decretum
1419 1861 1565 1915 illam
1604 1876 1745 1916 novo
1782 1871 1839 1917 et

234 1945 491 2001 inusitato
536 1950 850 2005 munitionis
890 1966 1090 2021 genere
1114 1952 1363 2007 munivit.
1393 1944 1510 2008 Non
1537 1954 1680 2009 enim
1706 1970 1837 2009 coa—

231 2041 521 2108 gmentatis
558 2040 716 2111 lignis
748 2052 803 2096 et
830 2042 1093 2112 lapidibus
1114 2054 1263 2115 septa
1294 2046 1593 2102 construxit
1614 2087 1630 2109 ,
1661 2062 1835 2116 neque

232 2128 372 2183 fossa
398 2132 635 2185 exterius
658 2132 815 2187 ducta
842 2133 1194 2190 circumdedit
1219 2149 1310 2191 aut
1340 2137 1475 2207 palis
1501 2137 1711 2204 defixis,
1742 2150 1837 2195 aut

233 2220 471 2294 turribus
497 2222 842 2280 exaedificatis
863 2225 1007 2281 illam
1034 2226 1294 2289 munivit;
1325 2228 1419 2283 sed
1440 2228 1549 2283 duo
1571 2228 1709 2286 nuda
1742 2245 1831 2284 so-

232 2308 342 2363 lum
370 2311 532 2365 verba
562 2313 805 2381 protulit,
831 2325 886 2370 et
914 2315 1029 2372 haec
1055 2317 1130 2371 illi
1157 2316 1372 2373 fuerunt
1398 2321 1567 2374 instar
1592 2321 1752 2387 muri,
1782 2332 1837 2376 et

234 2399 430 2463 turris,
459 2409 515 2455 et
545 2401 701 2459 fucare
723 2445 739 2470 ,
767 2413 823 2459 et
844 2406 1081 2476 cujusvis
1108 2410 1228 2463 loco
1253 2410 1591 2465 munimenti.
1620 2411 1688 2465 Et
1714 2429 1835 2482 quin

230 2491 450 2545 tandem
490 2491 581 2547 illa
622 2504 749 2550 sunt
791 2496 956 2551 verba
980 2540 995 2565 ,
1024 2513 1145 2569 quae
1176 2508 1375 2555 tantam
1406 2504 1515 2557 vim
1546 2502 1835 2561 obtinent?

150 2595 165 2613 ’
232 2582 409 2653 Super
432 2585 563 2639 hanc
591 2599 786 2657 petram
813 2590 1077 2659 trdiﬁcabo
1103 2592 1384 2648 Ecclesium
1410 2613 1574 2650 nteant
1600 2614 1619 2652 :
1645 2609 1691 2652 et
1718 2616 1837 2667 por-

233 2682 300 2725 ta:
319 2674 471 2742 inferi
493 2692 593 2730 non
616 2679 960 2747 prmalelumt
978 2683 1219 2738 adversus
1237 2700 1347 2738 eam
1360 2685 1579 2755 (Matth.
1608 2689 1693 2743 16.
1718 2690 1832 2761 18).

232 2762 348 2819 iloc
373 2780 559 2820 murus
584 2777 664 2821 est
686 2808 703 2833 ,
733 2769 834 2824 hoc
862 2780 1071 2840 septum
1097 2813 1111 2840 ,
1142 2773 1244 2829 hoc
1272 2777 1664 2833 munimentum
1688 2822 1701 2843 ,
1733 2780 1836 2835 hoc

232 2866 420 2924 portus
450 2868 504 2913 et
540 2860 817 2931 refugium.
853 2862 932 2919 Tu
963 2880 1093 2921 vero
1120 2883 1277 2936 quam
1308 2870 1738 2941 inexpugnabilis
1765 2877 1835 2929 sit

230 2947 321 3003 hic
366 2965 592 3018 murus,
635 2952 758 3009 inde
803 2957 1093 3025 perpende.
1142 2958 1323 3029 Neque
1365 2963 1509 3017 enim
1557 2962 1833 3021 hominum

230 3048 441 3095 tantum
464 3042 689 3101 insidias
714 3045 972 3103 adversus
997 3064 1116 3103 eam
1148 3051 1282 3106 dixit
1311 3068 1416 3107 non
1444 3057 1831 3124 praevalituras,

227 3132 326 3186 sed
359 3148 459 3188 nec
492 3135 634 3204 ipsas
664 3136 859 3193 inferni
890 3123 1183 3196 machinas.
1215 3142 1392 3201 Porta
1419 3123 1585 3214 enim,
1619 3150 1787 3221 inquit
1816 3192 1831 3219 ,

227 3226 382 3297 inferi
434 3244 535 3282 non
576 3230 919 3301 prmalebunl
957 3233 1197 3289 adversus
1250 3254 1383 3291 eam.
1413 3239 1530 3295 Non
1570 3241 1743 3310 dixit,
1778 3242 1833 3300 In

229 3315 377 3372 illam
401 3334 506 3373 non
534 3320 755 3386 irruent,
782 3324 898 3389 sed,
925 3325 1179 3381 Adversus
1198 3345 1307 3382 eam
1328 3347 1430 3385 non
1453 3334 1835 3401 prmalebunt:

231 3423 357 3464 nam
389 3410 591 3465 irruent
617 3411 721 3467 illa:
752 3414 966 3484 quidem
993 3458 1009 3482 ,
1041 3418 1137 3473 sed
1169 3420 1314 3475 illam
1346 3439 1455 3478 non
1482 3428 1829 3497 superabunt.

226 3498 335 3554 Sed
360 3502 484 3571 quid
509 3503 639 3569 illud
661 3513 781 3569 est,
808 3504 983 3561 Porta
1016 3510 1168 3579 inferi
1183 3512 1209 3565 .’
1237 3512 1373 3569 forte
1397 3532 1629 3587 namque
1649 3520 1835 3576 obscu-

228 3606 348 3645 rum
373 3602 455 3647 est
476 3592 697 3650 dictum.
722 3596 1004 3654 Discamus
1026 3602 1152 3672 quid
1176 3604 1243 3657 sit
1268 3616 1418 3674 porta
1443 3609 1605 3672 urbis,
1630 3623 1682 3665 et
1710 3623 1836 3668 tunc

230 3680 464 3737 sciemus
491 3685 617 3753 quid
658 3688 727 3740 sit
766 3699 917 3758 porta
948 3690 1122 3746 inferi.
1174 3693 1334 3751 Porta
1364 3699 1509 3753 urbis
1536 3712 1616 3755 est
1660 3704 1835 3761 aditus

231 3774 285 3825 iu
314 3774 502 3831 urbem
534 3795 545 3829 :
575 3778 751 3849 itaque
781 3793 933 3849 porta
960 3783 1114 3840 inferi
1141 3796 1223 3841 est
1248 3791 1566 3859 periculum,
1595 3796 1736 3865 quod
1767 3798 1832 3852 ad
1875 3814 1879 3818 ‘

230 3863 429 3919 inferos
475 3868 664 3924 tendit.
696 3870 850 3938 Quod
895 3873 1054 3943 igitur
1098 3877 1175 3929 ait
1200 3918 1214 3943 ,
1243 3887 1327 3933 est
1370 3863 1634 3949 ejusmodi
1667 3904 1678 3938 :
1708 3887 1834 3944 licet

228 3958 433 4012 irruant
460 3968 513 4015 et
536 3962 793 4031 impetum
821 3967 1015 4021 faciant
1038 3978 1180 4024 tanta
1204 3974 1457 4041 pericula,
1489 3987 1547 4031 ut
1567 3979 1631 4032 ad
1660 3982 1829 4049 ipsum

227 4062 327 4102 nos
355 4052 655 4121 praicipites
681 4067 841 4126 agant
887 4059 1152 4117 infernum
1184 4105 1197 4131 ,
1246 4065 1483 4123 Ecclesia
1516 4085 1695 4127 manet
1726 4077 1828 4129 im-

225 4152 393 4197 muta.
442 4144 658 4201 Poterat
688 4149 776 4204 ille
812 4152 1026 4220 quidem
1068 4172 1173 4211 non
1202 4161 1518 4229 permittere
1541 4204 1555 4227 ,
1589 4174 1648 4218 ut
1682 4168 1827 4224 nulla

225 4233 365 4286 mala
406 4238 814 4307 experiremur:
843 4259 939 4298 cur
978 4262 1107 4316 ergo
1144 4250 1427 4317 permisit?
1464 4253 1620 4321 Quod
1663 4262 1831 4314 multo

227 4326 399 4396 magis
424 4329 512 4393 sit,
543 4346 703 4399 quam
740 4338 1061 4391 tentationes
1089 4340 1375 4407 prohibere
1395 4385 1409 4409 ,
1443 4347 1486 4399 si
1515 4348 1639 4401 dum
1668 4350 1829 4407 adve-

222 4418 341 4471 nire
374 4421 692 4477 tentationes
735 4425 894 4492 sinit,
928 4429 1062 4483 nihil
1093 4440 1269 4487 tamen
1302 4449 1368 4489 ex
1396 4452 1582 4492 earum
1614 4441 1827 4498 incursu

221 4508 347 4561 mali
376 4526 474 4565 nos
501 4511 641 4569 ferre
670 4520 974 4585 permittat;
1002 4522 1200 4579 idcirco
1225 4542 1411 4582 omnes
1433 4534 1676 4589 accidere
1709 4545 1824 4591 ten-

221 4605 452 4659 tatioues
478 4606 637 4673 sivit,
670 4618 727 4663 ut
766 4612 1125 4681 probatiorem
1158 4619 1302 4675 illam
1330 4622 1577 4679 redderet
1607 4644 1619 4679 :
1651 4628 1823 4697 siqni-

284 4738 570 4818 (a)_.t_:oll_a.t'a
591 4756 703 4818 cum
728 4754 806 4818 his.
830 4747 1108 4818 Coibertino
1129 4753 1273 4815 5038,
1298 4758 1382 4818 qui
1405 4758 1571 4809 deﬁcit
1612 4762 1747 4812 initio
1771 4774 1825 4814 ct

216 4799 345 4885 findi.
362 4809 461 4885 t's'on
482 4802 631 4885 alium
650 4808 896 4885 hactenus
915 4799 1150 4885 codicem

292 4864 742 4945 ﬁglcga
756 4870 992 4945 Ecclesia.
1010 4876 1231 4945 Libanius
1253 4864 1821 4945 ίῖέῇιὶἰὸὲῐίἇόἷιὶίῖλᾟὶ

216 4924 446 5007 {fidth
470 4926 658 5007 induas
679 4929 830 4981 fuisse
854 4934 1007 5007 urbes
1028 4924 1708 5007 divisam'BiiéésEiZLEI

217 4995 313 5042 θείς
339 4990 606 5073 “iam
631 5004 743 5053 αυεε
766 4996 1036 5073 ξςωηάιιει
1080 4990 1273 5049 omne
1306 4990 1820 5073 θηεξίίδςξιῑῑδιςεῖιςι

212 5052 481 5130 occupabat
505 5052 925 5130 terraepsmtium:
951 5058 1156 5130 alteram
1180 5075 1373 5130 novam.
1400 5052 1450 5116 in
1478 5052 1815 5130 {gigalfnﬁid'i

214 5109 461 5190 filiifilii:
476 5116 637 5190 sitam,
655 5109 809 5190 forma
832 5121 1054 5179 rotunda,
1079 5136 1189 5190 quae
1206 5109 1817 5190 (iuiaiihé"pbiﬁiﬁii§35{i-

211 5182 325 5245 quae
344 5176 660 5245 jungehatur.
680 5183 729 5245 in
752 5192 891 5245 πελιιᾳ
911 5192 1003 5229 seu
1026 5176 1469 5245 aufiqua'exst'aba't
1488 5176 1819 5245 't-‘éiiis’ééa‘é.

208 5236 392 5319 agnas
409 5238 656 5319 :alpostolis
679 5236 893 5319 fundata,
926 5248 981 5290 ut
1003 5246 1119 5319 dicit
1145 5236 1351 5319 bomiiiaé
1378 5236 1817 5319 ίὲᾖίίόὶἷίιῆξόἑίόέ

212 5305 325 5370 [illis
360 5310 381 5367 :_
409 5298 622 5370 ideoque
664 5298 924 5370 apostolica
963 5316 1160 5357 vocatur
1200 5323 1227 5359 a
1268 5298 1815 5370 Theodoreto—‘zretwi'n

207 5353 820 5443 Ἦιίὲίέἑέἓὲέψὲὶηρ.
835 5364 997 5443 rem
1032 5353 1629 5443 ίίίέξῖιὲοεῖὲὧῖῖέἶέίῖυτῖ
1670 5353 1814 5443 Finit}?

567 5424 749 5501 duplex
777 5427 971 5501 videtur

349 5482 469 5565 ἐξ,
486 5482 706 5565 etquod
718 5563 731 5565 ξ
742 5489 1023 5565 antiquitus
1031 5500 1099 5565 _an_
1116 5482 1347 5565 apostolis
1370 5482 1811 5565 futidat‘a-iu'issei;

207 5541 738 5621 ﬁliae‘ljcctmul'toties
775 5541 975 5621 propter
996 5541 1171 5605 Christi
1185 5541 1812 5621 'EiEiBEn'EIvZTrE-i,'6§3i{61

208 5607 306 5677 lies
325 5611 491 5677 erecta
507 5607 673 5677 denuo
696 5607 1045 5672 fueriL'uht-tg
1079 5625 1262 5677 tamen,
1298 5607 1392 5671 seu
1414 5607 1610 5675 ééi'ér'i?
1630 5607 1809 5677 £6338.

206 5669 975 5751 antisfgxt‘etiamjempore
999 5669 1808 5751 auctorischronicivulgandam;

198 5725 704 5841 ᾎιεειηέἢηιὶοριιίτυ
730 5725 965 5789 mem-orat
1001 5725 1446 5794 .tiimiiliiifé'i'n'iiii

1822 885 1985 942 me

1992 909 2279 919 *ἠως-.-

1946 1029 2071 1086 dem
2096 1030 2383 1088 Tribulatia
2412 1034 2708 1103 patiauiaut
2735 1043 2997 1106 operatur,
3027 1033 3272 1106 patientia
3299 1046 3415 1087 aera
3437 1045 3563 1103 pro-

1947 1120 2197 1176 bationem
2228 1124 2248 1194 (
2280 1123 2431 1178 Rom.
2458 1124 2515 1179 5.
2542 1124 2595 1179 ὃ.
2623 1124 2659 1180 4
2681 1124 2725 1197 ).
2757 1127 2935 1196 Atque
2964 1135 3022 1179 ut
3065 1122 3261 1193 majori
3308 1137 3431 1178 cum
3459 1136 3561 1176 ex-

1945 1226 2103 1267 cessu
2156 1214 2408 1272 virtutem
2436 1230 2589 1271 suam
2630 1216 2918 1285 ostendat,
2963 1230 3029 1273 ex
3071 1217 3199 1285 ipsis
3238 1214 3562 1284 eamportis

1943 1304 2101 1373 eripit
2142 1307 2351 1362 mortis.
2390 1304 2678 1377 Propterea
2710 1317 3085 1380 tempestatem
3125 1308 3249 1364 sivit
3292 1308 3556 1363 excitari;

1950 1407 2006 1450 et
2052 1399 2218 1468 mergi
2265 1398 2513 1469 cymbam
2560 1399 2781 1460 minime
2822 1400 2966 1454 sivit.
3010 1399 3101 1455 Sic
3140 1398 3557 1469 gubernatorem

1950 1502 2167 1559 quoque
2195 1488 2495 1553 laudamus,
2518 1506 2625 1545 non
2651 1506 2773 1546 cum
2803 1489 3055 1546 secundis
3082 1490 3254 1545 ventis
3276 1489 3555 1560 navigans.

1950 1596 2127 1650 neque
2155 1597 2275 1637 cum
2303 1596 2335 1637 a
2365 1583 2529 1655 puppi
2554 1582 2809 1639 flantibus
2836 1584 3347 1639 auris-incolumem
3380 1582 3561 1637 navim

1941 1684 2154 1739 servat;
2188 1674 2281 1730 sed
2318 1689 2443 1730 cum
2483 1676 2618 1730 mari
2659 1676 2910 1746 procellis
2938 1676 3139 1748 agitato
3162 1718 3179 1745 ,
3219 1690 3283 1731 ac
3307 1673 3563 1730 ﬂuctibus

1950 1765 2450 1836 eﬂervescentibus,
2481 1784 2545 1825 ac
2566 1775 2889 1839 tempestate
2910 1779 3183 1826 commota
3206 1783 3359 1824 suam
3386 1771 3560 1823 artem

1940 1858 2200 1914 adversus
2232 1860 2501 1931 impetum
2533 1872 2815 1918 ventorum
2837 1862 3081 1933 opponit,
3110 1870 3167 1917 et
3193 1861 3462 1932 navigium
3489 1876 3558 1915 ex

1944 1950 2135 2005 mediis
2173 1952 2429 2021 procellis
2465 1953 2675 2009 salvum
2701 1954 2906 2011 educit.
2934 1956 3009 2011 Ita
3038 1954 3164 2011 fecit
3195 1962 3252 2011 ct
3278 1953 3545 2010 Christus.

1944 2039 2080 2095 Dum
2114 2051 2383 2113 tamquam
2412 2045 2680 2114 navigium
2704 2045 2756 2100 in
2787 2047 2920 2101 mari
2955 2046 3251 2101 Ecclesium
3282 2060 3473 2101 rursus
3500 2048 3553 2098 in

1945 2132 2149 2185 mundo
2177 2131 2305 2187 ferri
2337 2135 2620 2203 permisit,
2655 2151 2829 2206 neque
2858 2136 3050 2193 fluctus
3084 2136 3332 2205 sedavit,
3359 2136 3457 2192 sed
3486 2152 3554 2190 ex

1945 2222 2200 2278 ﬂuctibus
2239 2224 2438 2295 eripuit
2465 2243 2478 2278 :
2509 2242 2615 2281 non
2659 2226 3182 2298 mare'compescuit
3206 2270 3221 2295 ,
3254 2228 3349 2283 sed
3378 2228 3555 2282 navim

1943 2310 2329 2382 communivit;
2359 2327 2417 2373 et
2440 2333 2564 2374 cum
2594 2328 2880 2390 surgerent
2911 2320 3147 2391 undique
3170 2320 3352 2392 populi
3371 2361 3387 2387 ,
3419 2328 3555 2375 tam-

1943 2421 2105 2477 quam
2133 2409 2261 2463 saevi
2293 2408 2487 2464 ﬂuctus
2511 2449 2527 2478 ,
2560 2420 2617 2466 et
2641 2411 2861 2482 maligni
2898 2413 3119 2482 spiritus
3157 2424 3426 2483 tamquam
3455 2413 3553 2467 ad-

1937 2499 2079 2553 versi
2103 2500 2319 2571 quidam
2348 2502 2489 2557 venti
2522 2502 2576 2559 in
2600 2517 2721 2559 eam
2747 2504 3040 2571 irruerent,
3064 2506 3291 2561 excitata
3322 2505 3555 2576 undique

1946 2600 2288 2661 tempestate,
2316 2596 2538 2651 multam
2569 2597 2749 2652 attulit
2778 2597 3037 2654 Ecclesia:
3067 2599 3509 2670 tranquillitatem
3540 2619 3551 2653 :

1942 2682 2195 2753 quodque
2219 2687 2511 2753 permirum
2543 2702 2673 2742 uane
2704 2687 2839 2755 fuit,
2873 2706 2979 2744 non
3022 2690 3184 2746 modo
3216 2692 3391 2747 navim
3425 2706 3551 2761 pro-

1937 2774 2069 2828 cella
2094 2790 2199 2828 non
2226 2776 2425 2843 obruit,
2449 2778 2543 2833 sed
2564 2789 2620 2833 et
2642 2781 2928 2850 procellam
2950 2783 3139 2854 cymba
3164 2782 3387 2837 sedavit.
3415 2782 3551 2838 Nam

1938 2865 2207 2919 continua:
2253 2870 2703 2939 persequutiones
2746 2887 2853 2927 nun
2893 2872 3054 2927 modo
3098 2872 3396 2929 Ecclesiam
3442 2890 3552 2929 non

1937 2954 2381 3025 aubmerscrttnt,
2432 2958 2529 3014 Sed
2578 2960 2650 3016 ab
2700 2961 2937 3025 Ecclesia
2983 2974 3107 3018 sunt
3150 2965 3372 3020 sedata).
3431 2966 3552 3034 Quo

1943 3042 2161 3100 tandem
2187 3058 2364 3115 pacto,
2394 3057 2447 3102 et
2474 3063 2703 3119 quorum
2729 3055 2932 3121 opera?
2961 3054 3129 3123 liuius
3154 3058 3439 3111 sententia:
3469 3059 3550 3111 ni-

1942 3135 2139 3190 mirum
2168 3137 2240 3191 ita
2272 3141 2629 3209 pronuntiata
2651 3183 2666 3207 ,
2700 3142 2873 3198 Parte
2898 3146 3177 3217 inferinou
3202 3147 3553 3217 prmalebtmt

1939 3224 2181 3281 adversus
2210 3243 2325 3282 eam
2347 3228 2565 3300 (lauit.
2599 3232 2682 3287 f6.
2717 3234 2827 3303 l8).
2856 3235 3027 3303 Quam
3051 3237 3219 3292 multa
3239 3237 3412 3295 Grarci
3436 3255 3554 3301 mo-

1943 3314 2022 3370 liti
2050 3328 2196 3385 sunt,
2227 3328 2285 3375 ut
2308 3320 2529 3377 verbum
2557 3321 2661 3378 hoc
2688 3325 2961 3391 tollerent,
2992 3336 3049 3382 ut
3074 3330 3396 3385 sententiam
3425 3331 3547 3386 irri-

1940 3416 2047 3462 tam
2072 3409 2385 3477 redderent,
2406 3427 2578 3483 neque
2600 3424 2885 3485 potuerunt
2913 3418 3247 3475 dissolvere?
3273 3420 3365 3475 Dei
3393 3421 3551 3493 quip-

1942 3515 2009 3569 pe
2043 3503 2311 3559 sententia
2351 3516 2487 3560 etat.
2528 3507 2598 3561 Et
2623 3508 3077 3577 quemadmodum
3108 3512 3391 3577 turrimex
3417 3514 3551 3569 ada—

1939 3592 2193 3647 mantinis
2219 3600 2477 3649 structam
2500 3595 2765 3667 lapidibus
2790 3640 2805 3665 ,
2838 3599 2983 3654 ferro
3010 3599 3236 3657 firmiter
3265 3602 3505 3673 junctam
3531 3645 3548 3670 ,

1941 3682 2125 3739 hostes
2147 3685 2380 3757 undique
2400 3688 2445 3742 si
2470 3690 2774 3757 verberent,
2799 3708 2974 3762 neque
2997 3703 3319 3750 structuram
3344 3698 3547 3762 laxant,

1941 3788 2116 3843 neque
2160 3780 2682 3847 coagmentatiouem
2713 3783 3047 3850 dissolvunt,
3094 3787 3188 3841 sed
3220 3787 3385 3843 illaesa
3417 3775 3557 3845 turii'

1940 3876 2215 3935 manente,
2242 3884 2339 3924 rec
2362 3871 2483 3925 uilis
2503 3873 2858 3930 incommodis
2874 3876 3089 3943 affecta,
3108 3880 3327 3957 suisque
3349 3882 3550 3938 viribus

1939 3960 2214 4015 exhaustis
2256 3962 2537 4019 discedunt
2587 3984 2599 4020 :
2645 3970 2723 4022 sic
2768 3969 3022 4023 nimirum
3069 3984 3124 4026 et
3171 3974 3395 4028 verbum
3445 3976 3550 4030 hoc

1937 4064 2209 4121 tamquam
2236 4054 2398 4109 altam
2428 4060 2714 4127 quamdam
2744 4062 2931 4116 turrim
2965 4063 3017 4117 in
3056 4064 3234 4120 medio
3260 4067 3407 4122 orbis
3435 4076 3545 4123 tero

1936 4160 2117 4198 rarum
2143 4146 2367 4203 ﬁrmiter
2392 4154 2797 4217 communitam,
2824 4168 2944 4208 cum
2971 4154 3143 4211 Graeci
3168 4156 3403 4228 undique
3427 4176 3548 4215 ver-

1932 4236 2216 4295 berassent
2239 4282 2252 4301 ,
2293 4258 2415 4296 cum
2447 4244 2592 4297 illam
2621 4246 2831 4301 firmam
2871 4248 3257 4317 reddiderunt,
3294 4261 3404 4307 tum
3432 4254 3546 4309 suis

1937 4332 2140 4386 viribus
2168 4332 2349 4387 fractis
2378 4346 2606 4389 mortem
2639 4335 2908 4392 obierunt.
2944 4339 3080 4407 Quid
3110 4342 3254 4397 enim
3285 4343 3546 4400 adversus

1935 4425 2071 4479 hanc
2100 4427 2423 4481 sententiam
2453 4444 2557 4482 non
2583 4430 2870 4498 machinati
2898 4433 3056 4487 sunt?
3082 4432 3424 4491 Exercituum
3448 4436 3543 4493 de-

1932 4514 2101 4570 lectus
2134 4499 2449 4586 habebatur,
2481 4536 2632 4574 arma
2660 4524 3012 4577 movebantur
3033 4568 3047 4589 ,
3078 4540 3234 4595 reges
3256 4530 3541 4583 armaban—

1933 4616 2035 4673 tur,
2054 4612 2235 4679 populi
2253 4612 2752 4679 commovebantur,
2772 4614 2937 4670 urbes
2954 4615 3538 4689 insurgebantJudices

1928 4703 2411 4769 excandesccbant,
2444 4720 2605 4761 omne
2637 4708 2885 4778 supplicii
2916 4724 3087 4780 genus
3113 4714 3537 4784 excogitabatur.

1929 4796 2105 4851 nullus
2124 4812 2297 4867 preme
2316 4798 2506 4852 modus
2527 4799 2893 4869 omittebatur,
2915 4803 3073 4873 ignis,
3098 4802 3323 4873 ferrum,
3347 4806 3540 4864 dentes

1926 4887 2179 4951 ferarum,
2206 4889 2524 4958 principitia,
2550 4889 2970 4957 submersiones,
2999 4894 3335 4963 barathrum,
3360 4913 3533 4967 equu-

1924 4978 2059 5046 leus,
2083 4994 2213 5033 crux
2243 4991 2298 5035 et
2327 4980 2532 5045 fornax,
2564 4991 2620 5037 et
2640 4984 2817 5036 omnia
2845 5000 2964 5055 qua:
2991 5001 3243 5055 umquam
3268 4990 3382 5044 visa
3405 5000 3531 5045 sunt

1924 5079 2212 5135 tormenta,
2241 5072 2291 5125 in
2318 5073 2551 5127 medium
2582 5073 2992 5141 proferebantur
3018 5095 3027 5126 :
3058 5078 3245 5148 ingens
3265 5080 3529 5136 minarum

1921 5180 2113 5234 agmen
2142 5208 2155 5228 ,
2200 5166 2463 5221 bonorum
2506 5167 2919 5236 pollicitationes
2963 5171 3301 5239 innumerae,
3348 5187 3399 5229 ut
3448 5177 3533 5231 illa

1921 5256 2137 5326 quidem
2170 5259 2377 5312 ratione
2410 5267 2705 5323 terrerent,
2740 5260 2837 5315 hac
2868 5276 2996 5317 vero
3026 5264 3298 5319 mollirent
3326 5276 3380 5320 et
3408 5266 3531 5320 ulli-

1920 5359 2127 5404 cerent.
2160 5351 2376 5406 Nullutn
2404 5352 2563 5421 igitur
2593 5350 2816 5419 fraudis,
2846 5356 3053 5419 nullum
3073 5358 3342 5415 violentae
3362 5375 3532 5430 genus

1922 5444 2454 5513 praetermittebatur.
2487 5444 2616 5499 Nam
2649 5454 2703 5500 et
2731 5456 2907 5515 patres
2938 5449 3076 5511 iiiios
3110 5449 3407 5520 prodebant
3430 5494 3444 5516 ,
3478 5464 3533 5504 ct

1923 5535 2012 5589 ﬁlii
2044 5548 2222 5604 patres
2248 5551 2353 5589 non
2383 5537 2777 5606 agnoscebant,
2806 5548 3008 5596 matres
3032 5537 3249 5601 suorum
3280 5549 3527 5610 pertuum

1916 5626 2366 5681 obliviscebantur
2394 5668 2410 5693 ,
2444 5636 2497 5686 et
2541 5636 2743 5683 natura:
2796 5630 2937 5699 leges
2986 5633 3382 5695 evertelmntur.
3420 5632 3525 5684 γε.

1916 5728 2219 5772 rnmtamen
2262 5732 2329 5772 ne
2371 5720 2448 5772 sic
2478 5720 2693 5788 quidem
2723 5721 2978 5777 Ecclesia:
3020 5721 3364 5777 fundamenta
3395 5738 3526 5778 cnn-

1917 5823 2072 5861 cussa
2094 5817 2313 5863 suimet
2334 5811 2577 5879 quamvis
2596 5812 2662 5866 ah
2688 5814 2800 5883 ejus
2822 5814 3135 5886 propinquis
3162 5814 3360 5870 bellum
3391 5816 3524 5869 iudi-
