4058 6408
522 345 591 400 79
1274 336 1330 389 S.
1353 329 1637 390 JOANNIS
1675 322 2155 390 CURYSOSTOMI
2181 323 2492 384 ARClllEP.
2525 330 3058 393 CONSTANTINOP.
3748 351 3818 406 ω

521 475 666 516 ιιιιιιι
685 467 848 523 esset,
871 471 972 513 non
997 465 1172 509 tamen
1193 453 1256 508 ad
1277 467 1458 507 muros
1477 466 1646 523 usque
1663 450 1828 520 ipsius
1845 443 2105 518 pervenit,

525 561 744 622 propter
765 549 890 604 illud
917 534 1137 603 verbum
1157 547 1299 618 quod
1322 546 1400 602 sic
1419 546 1621 611 habuit,
1649 546 1822 602 Porta
1835 544 1985 614 inferi
2009 557 2109 596 non

523 645 861 720 prcnnlclmnt
885 642 1127 696 adversus
1147 658 1277 694 eam.
1299 640 1417 696 Noli
1440 641 1583 697 enim
1607 641 1658 696 id
1680 650 1944 713 spectare,
1967 640 2110 710 quod

524 736 744 790 verbum
767 742 901 796 erat,
930 732 1049 797 sed,
1071 731 1210 802 quod
1236 733 1450 786 verbmn
1477 733 1568 786 Dei
1598 750 1612 786 :
1634 731 1894 799 siquidem
1921 733 2108 786 malum

521 825 690 881 verbo
717 824 944 878 flt'tttavit
992 823 1131 877 Deus
1159 820 1344 893 (Paul.
1376 821 1462 876 52.
1493 821 1600 890 6),
1629 831 1683 876 et
1724 831 1917 876 terram
1949 829 2112 876 verbo

522 931 686 986 super
709 929 875 985 aquas
900 913 1136 968 fundavit
1160 912 1326 984 (Psal.
1357 913 1478 968 105.
1507 912 1586 981 5),
1609 921 1661 966 et
1687 911 1894 978 effecit,
1918 921 1975 966 ut
1996 911 2112 966 lucc

520 1008 689 1062 densa
719 1005 1002 1076 gravisque
1032 1015 1218 1058 natura
1257 1005 1326 1060 ab
1355 1004 1443 1059 illa
1491 1005 1592 1059 levi
1621 1001 1868 1072 finitaque
1896 1013 2110 1058 susten-

527 1107 754 1164 taretur,
775 1108 827 1152 et
847 1112 1014 1161 mare,
1032 1095 1183 1166 cujus
1204 1098 1281 1151 vis
1305 1097 1582 1158 indomita.
1600 1096 1742 1166 quod
1767 1105 1843 1152 tot
1865 1095 2112 1151 fluctibus

524 1207 588 1248 ac
619 1190 866 1262 procellis
893 1203 951 1244 se
978 1188 1205 1252 extollit,
1235 1189 1484 1245 imbecilli
1509 1189 1648 1245 vallo
1674 1205 1853 1244 areme
1879 1189 2113 1258 undique

527 1298 622 1351 per
652 1281 869 1335 verbmn
900 1296 1055 1334 suum
1085 1279 1321 1335 vallavit.
1346 1275 1487 1350 Ergo
1512 1281 1602 1351 qui
1627 1281 1817 1336 etelum
1841 1280 2004 1335 verbo
2027 1279 2114 1333 fir-

527 1372 714 1438 mavit,
747 1373 836 1440 qtti
870 1382 1062 1426 tetram
1096 1369 1353 1436 fundavit,
1378 1371 1468 1441 qui
1493 1386 1641 1425 mare
1669 1369 2111 1434 circumvallavit,

523 1466 651 1539 quid
682 1466 894 1522 miraris
918 1506 932 1528 ,
962 1465 1004 1519 si
1037 1464 1328 1520 Eeclesiam
1352 1465 1486 1520 ca-lo
1509 1506 1524 1530 ,
1558 1474 1700 1521 terra
1729 1463 1968 1534 marique
1993 1475 2113 1534 pre-

525 1561 800 1616 tiosiorem
828 1571 1011 1615 rursus
1037 1558 1138 1614 hoc
1167 1559 1331 1614 verbo
1359 1557 1622 1612 munivit?

595 1653 650 1705 2.
705 1651 932 1706 Ecclesia
981 1651 1232 1722 quomodo
1281 1647 1520 1719 ftntdata.
1568 1675 1638 1688 --
1683 1645 1911 1714 Quando
1957 1644 2115 1716 igitur

523 1743 660 1797 adeo
694 1742 884 1795 stabile
922 1749 1004 1794 est
1032 1749 1087 1794 et
1116 1742 1492 1794 inconcussum
1519 1738 1803 1794 tediiicium
1823 1777 1840 1804 ,
1871 1735 2009 1791 adeo
2035 1735 2115 1789 in-

524 1834 878 1905 evpugnabile
909 1832 1318 1892 munimentum.
1349 1846 1450 1902 qua
1481 1831 1686 1887 ratione
1714 1815 2112 1900 apostoli-joco-

524 1926 631 1978 rint
659 1923 998 1978 fundamenta
1016 1965 1031 1989 ,
1065 1923 1361 1988 videmnus,
1386 1937 1546 1991 quam
1570 1920 1889 1991 profundam
1918 1919 2114 1974 fossam

516 2016 774 2072 duxerint
794 2055 809 2078 ,
844 2025 898 2067 ut
929 2014 1299 2066 inconcussum
1331 2011 1482 2065 fieret
1509 2010 1813 2064 mdilicium.
1843 2009 1956 2063 Non
1991 2024 2116 2077 pro-

526 2106 742 2160 fundant
776 2105 970 2160 fossam
992 2105 1276 2169 duxerunt,
1299 2118 1470 2173 neque
1494 2111 1641 2156 tanto
1668 2101 1851 2155 labore
1877 2100 2117 2169 indigue-

524 2208 668 2252 runt.
694 2198 829 2266 Quid
859 2198 967 2251 ita?
995 2196 1156 2251 Vetus
1178 2197 1428 2250 invenere
1457 2192 1884 2259 fundamentum,
1912 2191 2053 2261 quod
2085 2189 2140 2245 a'

529 2289 804 2358 prophetis
827 2289 1024 2357 jaettnn
1053 2295 1190 2342 erat.
1223 2286 1292 2343 Ut
1316 2286 1473 2356 igitur
1501 2284 1663 2339 homo
1683 2325 1696 2347 ,
1720 2285 1808 2354 qui
1832 2284 2115 2337 maximam

526 2381 743 2433 dutnutn
776 2379 1132 2433 aedificaturus
1159 2379 1261 2442 sit,
1308 2387 1584 2447 postquam
1616 2385 1773 2431 vetus
1813 2385 1867 2430 et
1908 2377 2117 2428 firmum

526 2488 589 2525 ac
615 2471 803 2526 stabile
824 2470 1224 2524 fundamentum
1247 2468 1488 2534 offendit,
1521 2483 1625 2522 non
1659 2468 1900 2522 vectibus
1928 2465 2119 2520 funda-

529 2577 706 2620 menta
739 2565 1033 2630 subvertit,
1063 2579 1166 2617 non
1195 2562 1394 2632 lapides
1425 2561 1542 2615 loco
1565 2569 1774 2624 movet,
1807 2559 1900 2614 sed
1933 2560 2120 2612 immo—

532 2668 643 2710 tmn
685 2658 899 2718 sinetis,
941 2667 1135 2709 novum
1167 2652 1448 2707 aedilicium
1491 2651 1753 2719 imponit:
1784 2651 1862 2704 sic
1898 2659 1951 2703 et
1986 2664 2118 2716 apo-

530 2750 651 2802 stoli
683 2762 803 2801 cum
833 2760 1079 2815 magnum
1109 2743 1245 2799 istud
1266 2741 1584 2797 exstructuri
1607 2749 1784 2794 essent
1812 2738 2115 2803 aedificium,

534 2841 828 2897 Ecclesiam
849 2881 863 2904 ,
892 2853 1010 2908 qua:
1037 2838 1231 2906 ubique
1259 2844 1520 2890 terrarum
1549 2834 1800 2902 erigitur,
1843 2846 1948 2884 non
1991 2844 2119 2899 pro-

535 2931 751 2986 fundant
777 2928 973 2983 fossam
1004 2927 1308 2993 duxerunt,
1348 2924 1441 2980 sed
1473 2924 1688 2977 invento
1715 2920 1884 2978 veteri
1931 2919 2121 2974 funda-

534 3032 716 3079 mento
742 3021 1153 3092 prophetarum,
1179 3017 1307 3073 illud
1335 3017 1553 3070 minime
1581 3015 1957 3070 subverterent
1975 3053 1988 3076 ,
2023 3027 2125 3066 nec

536 3116 815 3170 aedilicium
845 3123 897 3167 et
925 3112 1224 3166 doctrinam
1259 3109 1645 3163 immutarunt:
1679 3104 1774 3160 sed
1813 3104 1900 3158 illa
1929 3102 2124 3157 intacta

535 3198 695 3261 suam
714 3204 907 3260 deinde
934 3206 1234 3273 imposuere
1260 3200 1556 3255 doctrinam
1581 3239 1597 3264 ,
1638 3196 1777 3250 hanc
1805 3195 2009 3250 scilicet
2029 3208 2124 3248 no-

538 3315 655 3352 vatn
685 3296 937 3351 Ecclesiae
973 3294 1151 3350 fidem.
1193 3295 1366 3362 Atque
1411 3300 1469 3345 ut
1499 3288 1758 3357 intelligas
1805 3296 1956 3341 vetus
2004 3284 2126 3338 illos

538 3392 937 3444 t'umlameututn
972 3389 1089 3442 loco
1112 3403 1214 3441 non
1246 3381 1510 3449 moviése,
1539 3382 1632 3437 sed
1659 3395 1820 3450 super
1841 3379 1968 3434 illud
1998 3377 2127 3432 aedi-

541 3487 727 3536 ticasse
747 3525 761 3548 ,
794 3482 1088 3549 sapientem
1121 3479 1293 3548 ipsum
1323 3476 1673 3531 architectum
1704 3473 1922 3528 Paulum
1967 3472 2088 3525 audi
2110 3514 2122 3536 ,

541 3573 695 3626 nobis
718 3580 958 3624 exactam
989 3568 1354 3622 ardilicationis
1372 3565 1701 3636 diligentiam
1728 3564 2090 3620 declarantem
2113 3582 2127 3616 :

541 3663 801 3731 siqttitluttt
826 3662 935 3729 ipse
957 3676 1011 3713 sa
1021 3661 1171 3729 piens
1194 3670 1274 3713 est
1299 3657 1644 3712 architectus.
1677 3655 1744 3711 Ut
1770 3655 1970 3725 sapiens
1988 3654 2127 3707 enim

542 3755 859 3817 architectus,
892 3753 1076 3822 inquit,
1107 3752 1490 3819 fundamentum
1512 3750 1656 3818 posui
1688 3748 1761 3820 (l.
1784 3747 1902 3802 Cor.
1932 3750 1985 3800 5.
2017 3748 2129 3817 10}.

544 3844 649 3897 Sed
679 3845 982 3906 videamus,
1015 3857 1117 3912 qua
1163 3843 1367 3896 ratione
1397 3841 1800 3895 fundamentum
1833 3840 2004 3910 ipsum
2036 3854 2131 3907 po-

548 3935 733 3989 suerit.
766 3937 940 4002 Super
969 3935 1129 3995 aliud,
1155 3935 1357 4004 inquit,
1392 3933 1793 3987 fundamentum
1825 3940 1977 3985 vetus
2008 3946 2134 3999 pro—

551 4029 845 4094 phetarum.
880 4024 1032 4080 Umle
1073 4026 1121 4079 id
1153 4025 1397 4080 constat?
1421 4023 1542 4076 Jam
1582 4039 1682 4075 non
1716 4023 1834 4075 estis
1878 4022 2096 4089 hospites
2121 4060 2135 4082 ,

553 4117 720 4184 inquit
739 4157 753 4180 ,
786 4117 874 4169 sed
907 4117 1032 4168 cives
1062 4124 1351 4168 sanctorum
1372 4155 1386 4179 ,
1422 4112 1815 4182 supertedi/icati
1844 4127 1995 4182 super
2020 4115 2141 4180 {un-

553 4210 842 4258 dumenttun
886 4206 1225 4272 apostolorum
1264 4214 1311 4258 et
1355 4206 1715 4274 prap/tetarum
1761 4202 1922 4275 (Epit.
1964 4202 2018 4255 ἓ.
2056 4203 2137 4256 i9.

554 4298 672 4368 20).
712 4297 870 4350 Vides
901 4295 1298 4348 fundamentum
1325 4338 1337 4358 ,
1368 4307 1420 4350 et
1449 4295 1848 4350 fundamentum
1873 4336 1888 4359 ,
1915 4296 2141 4348 alterum

559 4391 955 4461 prophetarum,
984 4389 1204 4442 alterum
1223 4390 1610 4456 apostolorum,
1643 4386 1784 4458 quod
1814 4401 1969 4455 supra
1999 4387 2142 4456 posi-

559 4495 668 4535 tum
697 4490 800 4536 est.
834 4481 897 4533 lit
926 4481 1064 4549 quod
1097 4494 1224 4532 sane
1263 4483 1456 4532 mirum
1498 4488 1611 4542 est,
1656 4494 1761 4532 non
1806 4479 1983 4530 statim
2028 4485 2146 4545 post

562 4575 845 4643 prophetas
895 4581 1154 4624 venerunt
1204 4571 1466 4640 apostoli,
1525 4570 1617 4623 sed
1671 4571 1892 4622 multum
1945 4569 2144 4622 interea

564 4680 769 4736 tempus
795 4668 1031 4733 eiaps::m
1056 4674 1154 4716 est.
1178 4663 1311 4729 Quid
1348 4663 1456 4714 ita?
1477 4662 1628 4728 Quod
1650 4663 1717 4713 ita
1747 4660 1940 4713 faciant
1961 4659 2146 4727 optimi

561 4760 756 4827 quique
795 4757 1068 4810 architecti
1100 4774 1113 4808 :
1149 4756 1233 4806 tthi
1278 4754 1505 4822 jeet'rint
1555 4752 1991 4814 fundamentmn,
2044 4766 2146 4803 non

563 4852 841 4904 confestim
874 4850 1155 4903 a-dilit-ium
1209 4849 1684 4915 superimponuttt,
1734 4860 1799 4898 ne
1842 4843 1976 4897 forte
2023 4842 2148 4896 dum

567 4948 739 4999 mollis
768 4960 830 4997 at:
859 4959 1044 4997 recens
1066 4952 1143 4994 est
1177 4939 1506 4994 fundamenti
1539 4948 1800 4992 structura
1820 4978 1833 5000 ,
1864 4951 2024 5004 grave
2063 4951 2152 5003 pa-

569 5041 759 5090 t-irtunt
803 5036 1009 5103 pondus
1047 5035 1263 5086 minime.
1304 5032 1440 5085 ferre
1480 5032 1666 5099 possit.
1703 5031 1986 5097 Propterea
2030 5043 2151 5080 cum

571 5131 725 5198 lotth
770 5139 1006 5194 tetnpnre
1061 5125 1255 5180 firmari
1315 5122 1514 5191 lapides
1560 5122 1810 5184 siverint,
1867 5120 1952 5172 ubi
2009 5129 2153 5171 recte

570 5228 966 5288 coagmentatos
1014 5217 1128 5272 illos
1175 5216 1402 5268 viderint
1451 5223 1504 5267 et
1552 5222 1890 5279 compactos,
1949 5222 2070 5262 tunc
2102 5219 2154 5262 ct

573 5314 828 5380 parietum
862 5309 1054 5363 tnoletn
1085 5309 1375 5374 imponunt.
1414 5305 1485 5358 Ita
1516 5317 1725 5373 quoque
1744 5301 1867 5355 fecit
1893 5300 2153 5363 Christus,

576 5422 692 5456 t‘ttttt
729 5405 1100 5470 ιιι-ιψιιιιιπιιιιι
1130 5400 1531 5453 fundamentum
1572 5396 1620 5447 in
1645 5395 1942 5447 auditormn
1968 5395 2157 5446 menti-

578 5498 672 5549 bus
701 5496 875 5562 deligi,
907 5510 966 5543 ac
1000 5495 1198 5546 tirma'n
1221 5492 1330 5542 ilt‘t'i
1360 5491 1659 5542 doctrinam
1687 5487 1917 5549 sivisset,
1947 5487 2159 5555 quando

580 5587 849 5638 iu-unohile
877 5587 1001 5638 vidit
1030 5601 1087 5636 at:
1118 5584 1304 5637 stabile
1335 5581 1616 5634 :‘a'dilit-iutn
1644 5595 1780 5643 esse,
1826 5578 2035 5647 quando
2062 5578 2157 5630 de-

584 5693 680 5733 l.‘\'.i
710 5683 952 5747 dogmata
987 5695 1055 5731 sa
1080 5696 1155 5741 ra,
1187 5679 1260 5730 sic
1294 5688 1346 5729 ut
1376 5687 1592 5745 possent
1619 5689 1808 5725 novam
1841 5675 1998 5725 etiam
2029 5671 2161 5723 hanc

586 5776 968 5846 ;itilezzepl:i.:m
1000 5774 1154 5834 ferre,
1206 5782 1324 5823 tnnt:
1363 5769 1628 5834 apostolos
1672 5765 1829 5830 misit,
1879 5765 1964 5837 qui
2007 5778 2162 5833 supra

2221 440 2624 499 fundamentum
2658 447 3036 516 prophetarum
3059 450 3310 510 Ecclesiae
3339 457 3570 526 parietes
3612 461 3811 516 excita-

2221 545 2360 589 rent.
2399 537 2600 594 Idcirco
2627 536 2732 593 non
2767 541 2920 606 dixit,
2951 543 3194 600 mdilicati
3222 563 3383 620 super
3405 548 3810 611 fundamentum

2226 628 2624 698 prophetarum,
2657 631 2751 688 sed
2780 632 3211 704 Supcrwdiﬁcati,
3242 654 3402 709 supra
3432 642 3642 697 scilicet
3675 642 3815 697 2di-

2222 720 2384 774 licati.
2418 721 2524 774 Sed
2548 738 2656 791 quo
2685 733 2837 791 pacto
2864 724 3061 782 fuerint
3085 730 3357 796 aedificati,
3387 733 3687 789 videamus.

2292 811 2608 882 Explanatio
2634 817 2789 882 tituli
2825 818 2937 871 Act.
2982 820 3188 890 Apost.;
3223 821 3514 890 diﬂercntia
3545 840 3661 895 qua:
3686 825 3816 878 inter

2220 906 2466 959 actionem
2480 914 2527 959 et
2547 907 2846 961 miraculum
2857 923 2879 972 ;
2891 911 3050 964 altera
3063 911 3350 978 cli/ferentia
3365 914 3494 969 inter
3509 915 3817 969 miraculum

2220 1006 2266 1050 et
2293 1005 2480 1050 actum.
2497 1026 2568 1038 —
2581 995 2735 1052 Unde
2760 1013 2886 1053 vero
2909 1000 2962 1054 id
2979 1003 3400 1070 cognoscemus?
3416 1003 3590 1069 Unde,
3607 1018 3815 1073 quaeso,

2219 1085 2451 1149 aliunde,
2471 1102 2630 1158 quam
2648 1103 2713 1142 ex
2727 1089 2981 1142 Actorum
3003 1089 3165 1158 libro,
3179 1089 3247 1146 de
3260 1105 3367 1158 quo
3377 1101 3432 1146 et
3447 1092 3818 1162 superioribus

2219 1177 2409 1233 diebus
2423 1178 2809 1234 disseruimus?
2829 1180 3076 1236 Fortasse
3091 1197 3321 1252 namque
3330 1182 3568 1239 debitum
3585 1185 3820 1242 indevo-

2220 1269 2303 1325 bis
2327 1271 2577 1340 exiguum
2607 1271 2821 1342 aliquod
2848 1271 3128 1338 debemus,
3150 1273 3293 1343 quod
3320 1273 3586 1331 hodierno
3609 1275 3703 1332 die
3724 1291 3809 1332 no-

2219 1376 2372 1416 cesse
2395 1372 2480 1416 est
2511 1362 2901 1432 persolvamns.
2935 1362 3215 1430 Quodnam
3247 1365 3408 1434 igitur
3432 1365 3564 1421 illud
3593 1376 3681 1422 est
3713 1366 3817 1423 de-

2221 1451 2431 1506 bitum?
2476 1451 2652 1523 Ipsum
2695 1453 2904 1517 titulum
2946 1454 3068 1509 libri
3111 1454 3446 1524 interpretari
3476 1457 3816 1513 studeamus.

2220 1540 2338 1597 Non
2366 1541 2510 1596 enim
2537 1541 2705 1597 facilis
2729 1551 2811 1598 est
2829 1554 2883 1600 et
2895 1551 3138 1615 apertus,
3152 1543 3292 1603 sicut
3305 1544 3523 1617 plurimi
3548 1547 3819 1602 arbitran-

2223 1642 2327 1696 tur,
2358 1631 2452 1687 sed
2496 1632 2838 1701 inquisitione
2873 1633 3039 1688 multa
3083 1633 3306 1706 indiget.
3349 1635 3610 1704 Quisnam
3658 1636 3820 1707 igitur

2220 1732 2305 1777 est
2347 1723 2466 1778 libri
2511 1723 2732 1778 titulus?
2756 1727 2883 1778 Actu
2925 1725 3310 1794 Apostolorum.
3351 1727 3542 1784 Nonne
3584 1727 3821 1784 dilucida

2222 1832 2310 1872 res
2339 1816 2550 1871 videtur
2575 1830 2716 1882 esse,
2746 1831 2924 1871 nonne
2967 1817 3110 1872 clara
3139 1817 3411 1885 omnibus,
3449 1828 3612 1890 atque
3639 1819 3821 1874 mani-

2222 1905 2396 1960 festa?
2420 1905 2527 1962 Sed
2552 1907 2597 1962 si
2627 1907 2800 1962 velitis
2827 1909 3037 1978 assequi
3071 1924 3132 1964 ea
3162 1925 3283 1978 qua:
3305 1909 3577 1976 dicuntur,
3611 1920 3821 1980 quanta

2223 1997 2358 2051 tituli
2395 1997 2552 2064 hujus
2579 1996 2914 2067 profunditas
2961 1998 3052 2065 sit,
3097 1999 3364 2054 videbitis.
3397 1997 3506 2055 Cur
3528 2000 3674 2054 enim
3713 2015 3826 2054 non

2219 2087 2377 2154 dixit,
2410 2087 2662 2142 Miracula
2695 2088 3114 2158 Apostolorum?
3137 2105 3234 2144 cur
3263 2105 3368 2145 non
3405 2091 3697 2161 inscripsit,
3726 2089 3826 2145 δίν-

2219 2191 2324 2246 gna
2355 2177 2756 2246 Apostolorum,
2784 2188 2876 2232 aut
2905 2179 3145 2234 Virtutes
3169 2195 3233 2236 ac
3260 2180 3495 2250 prodigia
3525 2181 3822 2250 Apostolo-

2223 2282 2362 2330 rum,
2392 2267 2485 2322 sed
2515 2276 2717 2322 tantum
2747 2268 2873 2322 Acta
2891 2268 3293 2337 Apostolorum?
3334 2269 3449 2324 Non
3486 2269 3633 2325 enim
3678 2269 3825 2324 idem

2221 2369 2347 2413 sunt
2371 2369 2486 2414 acta
2529 2359 2784 2429 etsigna,
2817 2374 2922 2414 non
2954 2360 3094 2415 idem
3131 2369 3248 2415 acta
3286 2371 3341 2416 et
3390 2361 3682 2426 miracula;
3715 2377 3827 2415 non

2226 2451 2366 2505 idem
2394 2460 2539 2515 sunt,
2565 2459 2684 2504 acta
2712 2460 2765 2506 et
2798 2450 3034 2521 prodigia
3077 2460 3133 2506 et
3168 2438 3393 2506 virtutes
3421 2470 3436 2506 :
3466 2451 3563 2507 sed
3597 2451 3826 2505 multum

2226 2541 2366 2596 inter
2394 2551 2618 2610 utraque
2647 2541 2934 2596 discrimen
2982 2551 3085 2596 est.
3134 2541 3232 2596 Est
3268 2543 3411 2596 enim
3461 2553 3640 2598 aetum
3687 2557 3830 2612 opus

2226 2632 2455 2702 propriae
2493 2632 2750 2700 cujusque
2779 2631 3090 2702 diligentiae,
3137 2632 3452 2686 miraculum
3490 2647 3623 2687 vero
3653 2633 3828 2687 divini

2226 2724 2465 2778 muneris
2493 2731 2575 2776 est
2603 2721 2944 2778 beneficium.
2975 2721 3136 2777 Vides
3158 2731 3354 2791 quanta
3381 2722 3452 2776 sit
3475 2723 3614 2777 inter
3640 2731 3827 2776 actum

2225 2824 2280 2868 et
2309 2812 2623 2868 miraculum
2645 2812 2985 2867 differentia?
3017 2814 3209 2868 Actum
3235 2820 3319 2866 est
3343 2811 3700 2866 humanorum
3723 2825 3826 2866 su-

2227 2905 2418 2959 dorum
2469 2904 2716 2968 effectus,
2769 2903 3084 2959 miraculum
3133 2903 3328 2958 divina:
3367 2902 3704 2958 liberalitatis
3741 2913 3832 2958 est

2228 2993 2495 3064 specimen
2517 3010 2530 3048 :
2549 3003 2725 3048 actum
2746 3009 2775 3047 a
2800 3003 2979 3047 nostra
3006 2994 3277 3047 voluntate
3301 2992 3446 3047 ducit
3465 2992 3695 3057 initium,
3725 2994 3834 3048 mi-

2229 3085 2470 3140 raculum
2511 3099 2540 3138 a
2561 3085 2728 3154 gratia
2755 3084 2931 3137 divina
2956 3082 3117 3137 trahit
3140 3084 3397 3154 originem
3416 3125 3432 3146 ,
3459 3081 3641 3137 ethoc
3664 3083 3833 3137 caele-

2230 3173 2328 3229 stis
2351 3183 2434 3229 est
2462 3175 2667 3240 auxilii,
2703 3175 2828 3228 illud
2882 3174 3099 3228 humani
3145 3183 3231 3228 est
3266 3173 3494 3227 arbitrii.
3529 3176 3722 3228 Actum
3761 3189 3832 3227 ex

2231 3275 2458 3335 utroque
2486 3266 2809 3330 contexitur,
2838 3282 2904 3320 ex
2935 3274 3117 3321 nostra
3143 3263 3416 3334 diligentia
3455 3273 3510 3318 et
3555 3280 3622 3319 ex
3657 3265 3834 3334 gratia

2232 3355 2412 3410 divina
2453 3374 2467 3409 :
2509 3357 2822 3410 miraculum
2845 3358 3014 3409 solam
3036 3353 3256 3410 exhibet
3279 3354 3550 3408 caelestem
3579 3356 3834 3423 gratiam,

2234 3462 2409 3518 neque
2451 3446 2735 3502 sudoribus
2781 3447 2978 3501 nostris
3020 3445 3239 3516 indiget.
3283 3447 3471 3500 Actum
3514 3453 3599 3499 est
3651 3444 3836 3514 probis

2236 3537 2475 3592 moribus
2500 3551 2642 3603 esse,
2668 3547 2896 3602 castum,
2927 3536 3250 3603 modestum,
3293 3535 3385 3589 ira:
3423 3535 3710 3604 imperare,
3737 3549 3838 3586 cu-

2237 3627 2488 3699 piditates
2515 3628 2780 3698 subigere,
2810 3628 2988 3698 largiri
3013 3629 3401 3700 eleemosynas,
3448 3625 3837 3695 benignitatem

2238 3719 2510 3783 exhibere,
2541 3734 2758 3773 omnem
2786 3721 3036 3773 virtutem
3063 3734 3316 3773 exercere
3345 3736 3361 3774 ε
3388 3718 3491 3772 hoc
3515 3729 3597 3772 eat
3622 3719 3763 3772 actio
3785 3729 3842 3772 et

2240 3809 2392 3864 labor
2417 3817 2470 3863 et
2493 3808 2658 3863 sudor
2685 3820 2886 3863 noster.
2930 3808 3238 3863 Miraculum
3279 3817 3360 3863 est
3401 3807 3677 3863 dzemones
3717 3807 3842 3862 abi-

2239 3915 2388 3970 gere,
2433 3909 2728 3957 excarcatos
2763 3901 2944 3956 oculos
2972 3899 3202 3971 aperire,
3243 3900 3578 3968 leprosorum
3606 3914 3840 3970 corpora

2244 3991 2534 4058 mundare,
2588 3992 2820 4044 resoluta
2881 3991 3121 4044 membra
3173 3990 3546 4060 compingere,
3594 4001 3846 4043 mortuos

2245 4083 2524 4144 suscitare,
2571 4081 2672 4134 alia
2723 4080 2984 4150 ejusmodi
3016 4082 3147 4135 mira
3188 4094 3350 4150 Opera
3396 4090 3626 4149 patrare.
3675 4077 3846 4134 Vides

2247 4185 2502 4243 quantum
2529 4173 2598 4226 sit
2623 4173 2764 4226 inter
2804 4183 2922 4226 acta
2966 4181 3020 4226 et
3061 4171 3314 4226 miracula
3344 4169 3655 4233 discrimen,
3704 4170 3849 4224 inter

2250 4268 2709 4321 conversationem
2753 4274 2809 4319 et
2837 4265 3010 4336 signa,
3050 4263 3188 4318 inter
3225 4262 3554 4331 diligentiam
3603 4269 3846 4315 nostram

2250 4366 2303 4412 et
2326 4360 2546 4427 gratiam
2581 4357 2709 4409 Dei?

2326 4451 2376 4504 5.
2420 4448 2510 4502 Vis
2541 4456 2594 4502 et
2619 4448 2844 4501 alterum
2876 4444 2969 4498 tibi
3000 4443 3286 4498 discrimen
3313 4438 3635 4523 ostendam?
3657 4439 3852 4494 Vestra

2255 4544 2394 4598 enim
2413 4557 2569 4596 causa
2589 4541 2845 4594 hodierno
2867 4539 2954 4593 die
2981 4538 3252 4591 institutus
3272 4546 3356 4590 est
3379 4535 3511 4588 bica
3534 4549 3624 4589 me
3644 4548 3851 4601 sermo,

2258 4644 2315 4689 ut
2354 4633 2477 4703 quid
2524 4632 2594 4686 sit
2642 4630 2958 4684 miraculum
3005 4628 3323 4696 signumque
3361 4624 3639 4678 discatis‘.
3683 4624 3857 4692 Majas

2257 4726 2468 4796 quidem
2498 4734 2579 4778 est
2603 4720 2938 4785 miraculum,
2969 4735 3032 4773 ac
3065 4716 3471 4778 formidabilius,
3511 4727 3576 4768 ac
3605 4723 3857 4768 naturam

2262 4830 2495 4872 nostram
2540 4820 2828 4883 exsuperat
2875 4830 2886 4864 :
2928 4811 3067 4864 actio
3115 4823 3244 4862 vero
3286 4816 3338 4861 ct
3387 4805 3730 4860 conversatio
3772 4819 3862 4859 res

2262 4913 2472 4984 quidem
2500 4920 2582 4966 est
2613 4908 2779 4979 signis
2821 4906 3016 4969 minor,
3051 4902 3144 4958 sed
3177 4901 3355 4955 utilior
3399 4908 3454 4953 et
3494 4897 3858 4960 fructuosior;

2264 5006 2562 5076 estquippe
2601 5002 2842 5055 laborum
2887 4995 3161 5066 prtemium
3203 5003 3256 5046 ct
3293 4989 3582 5060 diligentia:
3627 5002 3858 5042 merces.

2267 5101 2438 5167 Atque
2472 5107 2529 5149 ut
2571 5092 2836 5158 intelligas
2865 5088 3276 5143 fructuosioretn
3317 5097 3437 5137 esse
3485 5090 3646 5150 atque
3683 5079 3864 5133 utilio-

2268 5205 2378 5244 rem
2407 5190 2560 5258 signo
2603 5185 2889 5243 actionem,
2922 5181 3062 5234 actio
3111 5177 3323 5247 quidem
3366 5175 3503 5228 bona
3546 5173 3712 5225 etiam
3747 5171 3866 5224 sine

2270 5286 2433 5354 signis
2459 5297 2572 5346 eos,
2607 5294 2636 5332 a
2664 5276 2858 5347 quibus
2885 5281 3096 5343 peracta
3124 5270 3301 5334 fuerit,
3332 5264 3619 5320 introducit
3660 5263 3714 5317 in
3757 5279 3867 5316 ca»-

2273 5381 2379 5434 lutn
2410 5398 2421 5432 :
2452 5376 2768 5432 miraculum
2798 5381 2975 5426 autem
3006 5378 3059 5424 et
3087 5368 3296 5436 signum
3340 5362 3540 5428 absque
3567 5372 3867 5412 conversa-

2275 5478 2415 5531 tione
2434 5472 2697 5528 deducere
2719 5465 2786 5520 ad
2807 5462 3064 5518 vestibula
3093 5460 3181 5514 illa
3206 5472 3310 5510 non
3338 5461 3575 5524 possunt.
3594 5451 3715 5515 Quo
3742 5463 3868 5500 vero

2273 5579 2426 5640 pacto
2464 5567 2514 5621 id
2558 5565 2668 5626 flat,
2716 5555 2995 5613 ostendam
3039 5570 3052 5605 :
3097 5566 3190 5605 vos
3221 5555 3398 5602 autem
3430 5540 3862 5600 animadvertite,

2335 5705 2350 5734 ί
2387 5701 2538 5757 t:olb.,
2578 5700 2772 5754 Oportet
2795 5690 2923 5757 enim
2945 5701 3023 5738 eos
3053 5687 3139 5737 illa
3167 5683 3311 5734 verba
3348 5676 3535 5731 omnino
3575 5674 3866 5736 intelligere,

2272 5779 2438 5827 nmnpe
2464 5753 2754 5812 mimcnhmt
2778 5762 2821 5804 et
2842 5753 3046 5816 signum.
