4058 6394
253 326 316 384 8t
722 294 749 325 ⁸
786 320 792 324 ’
1453 327 1519 385 IN
1560 326 2089 384 issentprtonsn
2126 327 2478 386 ACTOttlJll.
2512 327 2575 384 ιι.
3486 314 3558 368 63

249 432 360 514 qua
386 444 595 499 ratione
639 444 872 514 priorem
912 443 1088 499 locum
1119 442 1397 499 obtineant
1424 443 1681 509 actiones,
1723 457 1845 497 cum

252 534 321 590 tle
345 536 779 592 remuneratione
803 535 1067 591 mercedis
1086 535 1263 607 agitur
1286 553 1301 588 :
1323 549 1429 606 qua
1458 535 1669 590 ratione
1697 533 1849 603 signa

250 625 489 695 Quidem,
532 628 579 684 si
622 628 736 684 sola
764 628 893 695 sint,
925 643 1038 695 eos,
1088 630 1180 700 qui
1220 627 1309 683 illa
1359 626 1639 699 patrarint,
1673 626 1852 681 salvos

251 733 358 772 non
388 718 586 783 faciant
612 720 786 775 :actio
811 735 941 777 vero
967 722 1197 778 seorsim
1221 730 1431 793 sumpta
1462 720 1605 776 nulla
1636 733 1696 776 re
1714 718 1853 773 indi-

250 821 376 880 geat
402 812 507 866 alia
537 811 605 866 ad
631 826 727 868 eos
750 814 1056 880 salvandos,
1090 814 1180 885 qui
1211 827 1332 870 eam
1363 811 1660 884 possident.
1697 809 1853 865 Iulli

251 904 420 957 dicent
448 902 595 969 mihi,
634 903 801 976 inquit
832 902 1098 971 Christus,
1128 906 1181 959 in
1207 905 1299 960 illa
1326 904 1431 970 die,
1461 902 1703 971 Domine,
1736 901 1849 957 Do-

250 994 406 1062 utine,
428 1010 597 1050 nonne
620 996 675 1050 in
695 1000 895 1051 nomine
915 1004 1002 1051 tuo
1028 997 1442 1067 prophetaoimus
1459 996 1485 1050 7
1510 996 1617 1051 hoc
1642 995 1854 1065 signum

248 1092 335 1139 est
384 1091 442 1140 et
493 1084 844 1151 miraculum;
886 1084 1077 1142 Nonne
1129 1088 1182 1141 in
1228 1087 1432 1142 nomine
1475 1096 1561 1141 tuo
1602 1083 1858 1141 damnis

250 1176 412 1230 multa
439 1176 702 1248 eiecimus,
728 1188 778 1233 et
816 1179 872 1233 in
902 1180 1106 1234 nomine
1150 1190 1236 1234 tuo
1264 1181 1470 1235 υίηιισσ
1498 1164 1695 1233 ίηικιιω
1732 1176 1856 1248 [eci-

249 1284 363 1323 nuts
387 1265 604 1339 (Matth.
639 1268 692 1323 7.
717 1267 854 1341 22)?
882 1270 1048 1328 Vides
1068 1271 1266 1343 ubique
1293 1270 1443 1342 signa
1468 1280 1528 1327 et
1553 1269 1851 1327 miracula:

249 1357 534 1413 videamus
554 1358 683 1428 quid
709 1359 853 1416 dicat
881 1361 1046 1419 Deus.
1073 1361 1209 1429 Quia
1232 1360 1373 1417 nuda
1393 1370 1550 1419 erant
1574 1360 1865 1428 miracula,

252 1464 352 1506 nec
396 1450 604 1521 uspiam
647 1454 1010 1521 conversatio,
1063 1453 1359 1521 Discedite,
1416 1452 1621 1524 inquit,
1662 1469 1695 1507 a
1720 1469 1855 1523 nte,

250 1542 421 1597 nescio
451 1558 537 1598 vos
559 1584 576 1609 ,
606 1544 692 1615 qui
720 1546 1005 1615 operamini
1031 1546 1347 1617 iniquitatem
1374 1543 1540 1616 (Ibid.
1572 1561 1621 1599 ν.
1651 1542 1769 1617 25).
1800 1543 1857 1601 Si

253 1648 360 1689 non
393 1636 540 1690 nosti
564 1649 680 1702 eos,
698 1636 840 1692 unde
872 1638 966 1693 tibi
985 1638 1215 1693 innotuit
1238 1652 1333 1694 eos
1361 1636 1696 1708 iniquitatem
1722 1651 1857 1707 ope-

200 1728 205 1731 ’
252 1726 400 1781 rari?
435 1726 506 1783 Ut
533 1725 799 1800 intelligas
840 1728 991 1797 illud,
1023 1729 1211 1785 Nescio
1240 1746 1348 1798 vos,
1380 1745 1487 1785 non
1517 1730 1855 1801 ignorantiae,

250 1815 347 1871 sed
371 1817 481 1872 odii
506 1826 562 1873 et
586 1818 885 1875 aversionis
913 1834 1055 1876 esse.
1089 1818 1277 1876 Nescio
1305 1837 1409 1876 vos.
1435 1819 1607 1889 Quam
1634 1821 1704 1877 ob
1729 1836 1858 1878 cau-

250 1924 366 1965 sam
384 1911 611 1982 quaso?
639 1910 831 1967 Nonne
856 1913 912 1968 in
938 1914 1141 1968 nomine
1170 1922 1259 1968 tuo
1290 1914 1545 1969 damonis
1573 1916 1813 1985 ejecinnts
1832 1913 1860 1968 .’

252 1999 544 2072 Propterea
591 2017 690 2060 vos
736 2003 864 2059 odio
914 2018 1232 2076 prosequor,
1282 2015 1337 2060 et
1379 2018 1621 2073 aversor,
1667 2004 1857 2075 inquit,

253 2094 380 2164 quia
433 2110 505 2150 ne
544 2094 702 2152 donis
743 2096 959 2167 quidem
1004 2097 1240 2169 acceptis
1284 2098 1538 2153 meliores
1584 2096 1857 2164 evasistis,

251 2184 394 2255 quod
423 2195 571 2242 tanto
598 2186 804 2249 honore
823 2188 1102 2256 cumulati,
1135 2188 1188 2243 in
1212 2188 1402 2245 eadem
1431 2188 1636 2247 malitia
1663 2187 1861 2260 persti-

252 2278 416 2332 tistis.
449 2277 707 2337 Discedite
728 2296 762 2335 a
784 2297 885 2348 nte,
913 2282 1081 2338 nescio
1107 2298 1215 2338 vos.

323 2370 429 2426 Cur
457 2372 581 2427 olim
605 2373 917 2430 charismata
963 2375 1209 2431 darentur
1242 2375 1507 2447 indignis;
1548 2390 1667 2429 uera
1704 2374 1864 2428 inira-

253 2464 371 2519 cula
398 2465 553 2519 etiam
579 2466 779 2538 indigni
799 2467 1073 2539 faciebant.
1098 2497 1170 2507 —
1190 2467 1328 2537 Quid
1349 2466 1702 2539 igiturYOIitn
1722 2464 1865 2522 dona

254 2556 520 2613 dabantur
545 2558 797 2630 indignis,
830 2570 887 2615 et
924 2560 1017 2631 qui
1047 2559 1153 2615 vita
1193 2569 1349 2616 erant
1388 2569 1452 2615 et
1490 2559 1731 2615 moribus
1757 2557 1861 2612 de-

254 2651 515 2719 pravatis,
545 2651 778 2708 edebant
817 2652 1101 2719 miracula,
1126 2662 1183 2709 et
1209 2651 1407 2711 divinis
1433 2652 1737 2708 dilabantur
1763 2650 1865 2705 do-

253 2744 358 2810 nis,
414 2742 543 2800 licet
592 2744 851 2815 optimam
895 2746 1362 2801 conversationem
1411 2758 1530 2800 non
1571 2742 1865 2799 curarent?

255 2835 575 2892 Ditahantur
600 2837 676 2892 illi
699 2837 915 2910 quidem
938 2837 1009 2893 ob
1032 2838 1287 2894 eximiam
1318 2838 1414 2894 Dei
1443 2837 1853 2907 benignitatem,

256 2942 362 2983 non
392 2927 463 2982 ob
491 2942 643 2983 suam
672 2928 1007 3001 dignitatem.
1054 2930 1185 2985 Erat
1232 2931 1381 2987 enim
1423 2930 1700 3001 religionis
1745 2944 1867 2985 ver-

256 3020 384 3074 bum
416 3019 613 3091 ubique
658 3022 1037 3093 spargendum,
1083 3022 1519 3094 quanquuidem
1565 3022 1777 3078 initium
1810 3031 1866 3077 et

256 3111 409 3182 origo
434 3120 549 3166 erat
576 3112 723 3169 fidei.
754 3111 825 3169 Ut
852 3114 1013 3185 igitur
1052 3114 1293 3184 optimus
1327 3113 1560 3185 agricola
1594 3114 1647 3169 in
1680 3113 1869 3169 novel-

257 3202 365 3257 lam
390 3203 666 3271 arborem,
695 3220 854 3275 quam
885 3221 991 3260 non
1023 3206 1093 3260 ita
1123 3205 1330 3275 pridem
1361 3215 1519 3262 terra
1548 3206 1686 3262 sinui
1713 3220 1865 3262 com-

258 3293 556 3362 mendavit,
586 3295 714 3351 dum
740 3296 921 3352 adluic
952 3306 1137 3352 tenera
1163 3306 1262 3363 est,
1296 3298 1516 3353 multam
1542 3314 1731 3353 curam
1762 3298 1865 3353 im.-

258 3384 461 3453 pendit,
492 3384 729 3456 undique
756 3386 904 3441 illam
928 3388 1322 3454 circumvallat,
1349 3396 1411 3443 et
1440 3388 1706 3458 lapidibus
1741 3404 1867 3443 mu-

257 3476 336 3529 nit
355 3485 409 3531 et
434 3477 625 3546 spinis,
657 3489 715 3533 ut
742 3493 813 3534 ne
838 3494 869 3532 a
900 3479 1073 3535 ventis
1100 3479 1387 3545 evellatur,
1417 3495 1486 3535 ne
1515 3494 1546 3534 a
1577 3481 1867 3551 pecoribus

259 3567 603 3625 labefactetur
620 3571 663 3636 ¹,
693 3586 832 3627 neve
856 3572 962 3626 alio
984 3572 1215 3642 quodam
1239 3572 1582 3629 incommodo
1608 3573 1863 3641 laedatur;

261 3667 539 3729 postquam
566 3669 746 3715 autem
771 3662 979 3717 radices
1002 3664 1197 3733 egisse,
1223 3672 1276 3717 et
1305 3663 1356 3717 in
1376 3664 1605 3718 sublime
1626 3666 1865 3721 crevisse

260 3750 404 3805 illam
431 3752 646 3818 viderit,
680 3762 792 3807 tum
825 3763 1039 3810 amovet
1063 3755 1399 3811 munimenta
1428 3773 1441 3810 :
1484 3754 1683 3811 suflleit
1720 3758 1864 3812 enim

259 3842 358 3896 sibi
396 3843 495 3913 ipsi
526 3844 688 3899 arbor
710 3845 775 3899 ad
801 3845 1025 3913 injurias
1056 3845 1192 3901 tales
1218 3846 1558 3917 repellendas
1587 3863 1602 3900 :
1633 3848 1705 3903 ita
1731 3864 1866 3918 quo-

257 3950 361 4003 que
416 3936 468 3989 in
516 3936 618 3992 lide
660 3938 873 3991 accidit.
924 3937 1151 4006 Quando
1201 3954 1372 4009 nuper
1425 3948 1543 3995 erat
1590 3940 1859 4011 plantata,

257 4025 472 4096 quando
499 4037 681 4084 tenera
705 4038 842 4097 erat,
869 4029 1087 4101 quando
1113 4044 1283 4100 nuper
1307 4031 1364 4105 in
1395 4029 1643 4085 humanis
1669 4032 1863 4087 animis

258 4118 662 4184 fundata,omni
688 4136 757 4175 ex
788 4130 939 4191 parte
972 4120 1137 4177 multa
1164 4123 1224 4177 in
1255 4138 1373 4178 eam
1402 4138 1532 4179 cura
1589 4122 1864 4193 impende-

261 4210 415 4264 batur
447 4228 460 4263 :
504 4220 782 4281 postquam
807 4221 987 4268 autem
1010 4214 1229 4279 coaluit,
1255 4223 1311 4269 et
1339 4214 1549 4269 radices
1575 4214 1703 4283 egit,
1732 4223 1788 4269 et
1808 4216 1862 4270 in

258 4301 642 4361 sublimitatem
664 4304 927 4370 ascendit,
956 4314 1238 4375 postquam
1256 4306 1565 4361 universum
1594 4316 1860 4362 terrarum

257 4395 443 4449 orbem
471 4394 779 4465 complevit,
811 4396 1141 4452 munimenta
1170 4400 1397 4453 removit
1420 4398 1687 4467 Christus,
1714 4410 1769 4456 et
1793 4400 1861 4457 de

256 4495 454 4541 t-mtcro
510 4488 768 4542 tulamina
828 4490 1062 4543 sustulit.
1113 4489 1401 4561 Propterea
1448 4493 1600 4547 initio
1643 4493 1859 4563 quidem

254 4579 418 4632 etiam
457 4578 689 4649 indignis
716 4580 980 4635 dabantur
1010 4582 1170 4648 dona,
1217 4585 1469 4653 quoniam
1514 4584 1617 4640 hoc
1663 4586 1862 4645 auxilio

258 4670 380 4724 ﬁdei
422 4670 663 4727 fovendae
701 4686 860 4726 causa
894 4672 1166 4743 indigebat
1207 4676 1502 4745 antiquitas
1533 4694 1545 4728 :
1579 4693 1721 4731 nunc
1760 4692 1860 4732 au-

258 4771 365 4816 tem
394 4777 570 4833 neque
596 4763 774 4834 dignis
800 4765 1199 4841 conceduntur;
1230 4767 1350 4821 fidei
1379 4769 1579 4839 quippe
1606 4768 1770 4823 robur
1806 4778 1860 4825 et

257 4855 482 4910 llrmitas
517 4855 619 4912 hoc
660 4856 899 4912 subsidio
943 4873 1048 4912 non
1093 4869 1234 4930 eget.
1278 4862 1455 4930 Atque
1498 4871 1555 4915 ut
1594 4861 1858 4933 intelligas

257 4962 592 5017 nequaquam
626 4948 745 5003 illos
774 4949 1113 5018 imposuisse,
1148 4950 1242 5005 sed
1272 4967 1398 5006 vere
1438 4954 1693 5008 miracula
1739 4954 1858 5009 edi-

254 5039 420 5107 disse,
451 5049 613 5111 atque
638 5040 871 5113 indignis
895 5041 1198 5098 hominibus
1220 5044 1358 5098 dona
1382 5044 1549 5101 fuisse
1574 5062 1855 5114 concessa,

257 5144 418 5204 utque
437 5142 632 5203 prmter
651 5150 737 5200 ea,
760 5132 879 5205 Qua:
901 5136 1043 5191 dicta
1071 5146 1220 5204 sunt,
1244 5138 1497 5209 quiddam
1525 5141 1688 5196 etiam
1713 5142 1857 5198 aliud

254 5225 639 5295 perficeretur,
684 5226 886 5297 Deique
934 5243 1127 5282 munus
1174 5229 1249 5283 illi
1299 5231 1515 5285 reveriti
1564 5233 1855 5303 nequitiam

252 5316 567 5385 :nbjicerent,
597 5316 789 5372 ludam
818 5334 981 5373 unum
1006 5336 1072 5374 ex
1099 5320 1381 5378 duodecim
1410 5339 1599 5378 omnes
1626 5324 1858 5381 fatentur

252 5409 402 5477 signa
430 5408 642 5478 fecisse,
671 5410 947 5467 daemones
974 5413 1221 5483 cjecisse,
1257 5426 1498 5471 mortuos
1544 5419 1857 5486 suscitasse,

255 5498 498 5570 leprosos
524 5502 813 5559 mundnsse
838 5522 851 5559 :
881 5514 936 5559 et
975 5514 1151 5562 tamen
1194 5508 1393 5563 excidit
1430 5526 1457 5563 a
1500 5526 1667 5580 regno
1693 5513 1855 5567 caelo-

318 5740 333 5769 ι
366 5738 498 5809 llam,
528 5750 640 5809 nc_a
666 5737 1275 5809 pecorilmslqliefactetnr,
1304 5744 1420 5809 μήτε
1446 5746 1538 5809 ᾣπὸ
1570 5747 1847 5809 Θρεμμάτων

252 5802 550 5872 ᾁδὶκηοῆναι,
577 5800 789 5872 detinent
831 5804 876 5848 in
921 5800 1095 5872 Edjlis,
1135 5805 1222 5850 sed
1262 5800 1317 5872 ei
1366 5807 1502 5856 (ξοην.
1534 5800 1844 5872 διιίηὶιρυωιι,

260 5862 384 5911 inita
414 5865 529 5912 item
559 5863 782 5925 quaedam
811 5878 870 5913 ex
906 5864 1078 5913 cmlt‘m
1107 5866 1456 5917 resarciuntur.

1960 461 2101 501 rum.
2131 444 2251 501 Non
2276 445 2422 501 enim
2437 450 2591 506 illum
2608 442 2814 499 salvum
2856 440 3037 497 facere
3065 453 3218 510 signa
3250 447 3558 508 putuerum,

1956 538 2082 607 quia
2111 537 2269 602 latro,
2301 536 2411 602 fur,
2437 545 2492 591 et
2510 534 2753 605 proditor
2780 533 2880 588 l‘uit
2900 530 3136 587 Domini.
3164 531 3244 586 Ae
3264 530 3416 601 signa
3441 530 3563 599 qui-

1958 630 2083 685 dem
2132 628 2254 685 sine
2300 628 2507 699 optima
2554 626 2998 690 conversatione,
3057 625 3279 695 vitaque
3328 636 3459 692 pura
3512 632 3567 675 et

1959 732 2148 779 exacta
2175 721 2383 777 salvum
2412 718 2593 776 facere
2618 718 2839 774 minime
2864 732 3025 789 posse
3048 716 3477 772 demonstratum
3499 726 3567 767 ex

1962 814 2082 871 istis
2105 822 2189 869 est
2216 831 2231 868 :
2254 811 2724 869 conversationem
2764 820 2942 866 autem
2976 809 3079 865 hoc
3112 808 3391 880 signorum
3422 808 3567 860 sola-

1967 906 2041 962 tio
2090 904 2427 972 destitutam,
2481 918 2657 975 neque
2699 902 2794 958 illo
2839 903 3091 974 stipatam
3144 899 3418 972 praesidio,
3472 897 3569 952 sed

1962 998 2209 1069 quamvis
2244 999 2359 1053 sola
2399 1004 2731 1068 compareat,
2777 1009 2938 1066 posse
2973 1009 3097 1050 cum
3140 993 3335 1048 ﬁducia
3379 992 3433 1047 in
3480 1006 3570 1044 rc-

1962 1103 2125 1159 gnmn
2152 1088 2408 1143 czelorum
2438 1088 2682 1153 introire,
2712 1085 2930 1143 Christo
2966 1085 3199 1141 docente
3226 1083 3510 1140 condisccs
3552 1100 3566 1136 :

1974 1178 2171 1247 Venite,
2202 1179 2448 1234 benedicti
2490 1178 2664 1235 Patris
2692 1180 2809 1244 mei,
2853 1176 3108 1249 possidete
3148 1187 3386 1248 paratum
3432 1174 3570 1229 notus

1964 1288 2177 1344 regnum
2201 1288 2235 1325 ι
2257 1271 2618 1326 constitutione
2645 1270 2823 1325 mandi
2856 1268 3072 1340 (Matth.
3100 1267 3192 1324 25.
3236 1268 3352 1340 δι).
3398 1265 3571 1335 Quam

1963 1364 2037 1420 ob
2079 1363 2337 1419 causam?
2358 1363 2487 1435 quia
2524 1354 3181 1418 mortuos‘suscitaruntl
3217 1359 3343 1431 quia
3390 1357 3573 1428 lepro-

1964 1470 2057 1512 sos
2099 1454 2469 1513 mundarunt?
2494 1453 2617 1525 quia
2645 1452 2923 1511 daemones
2950 1449 3308 1524 expulerunt!
3357 1446 3574 1519 Nequa-

1963 1563 2126 1621 quam
2160 1565 2176 1605 :
2210 1547 2308 1604 sed
2333 1562 2439 1618 qua
2477 1546 2547 1603 de
2573 1546 2776 1604 causa?
2822 1545 3165 1601 Esurientem
3209 1557 3299 1599 me
3339 1540 3572 1605 vidistis.

1966 1639 2161 1711 inquit,
2195 1647 2254 1694 et
2295 1637 2510 1694 aluistis
2554 1654 2569 1692 :
2615 1637 2916 1704 sitientem,
2956 1644 3015 1692 et
3056 1632 3283 1692 dedistis
3312 1632 3445 1689 mihi
3477 1648 3576 1703 po-

1967 1742 2080 1787 tum
2106 1750 2120 1787 :
2150 1731 2378 1797 nudum,
2404 1740 2460 1787 et
2479 1730 2832 1803 cooperuistis
2857 1744 2946 1786 me
2978 1748 2993 1785 :
3021 1727 3313 1800 hospitem,
3336 1737 3392 1783 et
3410 1724 3576 1783 colle-

1964 1825 2122 1896 gistis
2152 1820 2259 1896 (Ib.
2287 1839 2335 1877 υ.
2368 1823 2460 1879 35.
2491 1821 2606 1895 56).
2636 1820 2913 1893 Nusquam
2926 1819 3222 1888 'miracula,
3252 1818 3349 1874 sed
3376 1818 3577 1889 ubique

1968 1916 2328 1974 conversatio.
2360 1914 2432 1973 Ut
2451 1915 2615 1987 igitur
2643 1915 2753 1971 illia
2778 1914 2977 1987 ubique
2998 1913 3281 1979 miracula,
3309 1922 3367 1968 et
3392 1913 3575 1968 statim

1967 2010 2315 2081 supplicium,
2361 2009 2618 2080 quoniam
2662 2008 3076 2065 conversatione
3117 2005 3376 2062 destituta
3421 2016 3577 2061 erant

1968 2104 2275 2159 miracula:
2310 2103 2388 2158 sic
2428 2110 2483 2158 et
2526 2100 2631 2157 hoc
2669 2102 2789 2157 loco
2832 2101 3031 2171 ubique
3072 2098 3433 2162 conversatio,
3475 2112 3577 2151 nee

1969 2209 2194 2267 usquam
2212 2194 2489 2254 miracula.
2509 2203 2563 2250 et
2582 2192 2957 2250 statimsalus‘
2985 2200 3301 2263 :peopterea
3314 2190 3457 2260 quod
3482 2204 3579 2259 per

1970 2303 2033 2344 se
2061 2290 2177 2345 sola
2210 2302 2554 2359 possessores
2581 2301 2710 2344 suos
2738 2286 2917 2342 salvos
2955 2284 3136 2341 facere
3174 2292 3350 2353 potest
3374 2284 3577 2354 optima

1968 2380 2329 2438 conversatio.
2356 2379 2564 2437 ldoireo
2591 2379 2755 2435 etiam
2781 2377 2984 2433 beatus
3003 2376 3090 2431 hic
3115 2384 3175 2431 et
3196 2389 3494 2446 generosus
3514 2390 3578 2429 ac

1971 2473 2241 2530 mirabilis
2262 2472 2437 2530 Lucas
2461 2474 2533 2527 ita
2564 2472 2759 2529 librum
2796 2469 3087 2543 inscripsit,
3136 2470 3262 2524 Acta
3302 2467 3577 2538 Apostolo-

1971 2585 2102 2635 rum,
2135 2583 2242 2623 non
2267 2567 2525 2622 miracula
2550 2566 2920 2637 apostolorum
2964 2584 2977 2620 :
3008 2564 3219 2621 tametsi
3250 2562 3489 2619 fecerant
3525 2570 3577 2616 et

1972 2662 2073 2733 ipsi
2101 2661 2379 2717 miracula.
2412 2659 2609 2716 Verum
2640 2660 2729 2714 illa
2752 2658 2969 2730 quidem
2996 2667 3147 2714 uerto
3174 2667 3418 2726 tempore
3441 2655 3579 2709 facta

1971 2764 2116 2823 sunt,
2149 2764 2206 2810 et
2232 2753 2609 2825 prmterierunt
2636 2770 2650 2806 :
2684 2750 2804 2808 haec
2826 2761 3005 2807 autem
3031 2750 3221 2822 quovis
3245 2758 3488 2819 tempore
3511 2746 3580 2801 ah

1974 2849 2080 2903 illis
2114 2847 2357 2904 exhiberi
2388 2861 2528 2918 opus
2573 2855 2677 2911 est,
2730 2846 2821 2916 qui
2864 2845 3093 2901 salutem
3137 2852 3263 2899 sunt
3310 2840 3575 2912 adepturit

1971 2938 2199 3008 Quando
2221 2940 2382 3011 igitur
2401 2956 2505 2994 non
2529 2940 2808 3004 miracula,
2837 2939 2931 2994 sed
2956 2948 3074 2993 acta
3096 2936 3253 2993 nobis
3278 2933 3580 2991 aemulanda

1962 3039 2347 3104 proponuntur
2371 3032 2760 3102 apostolorum,
2807 3040 3095 3102 pmpterea
3134 3029 3330 3085 librum
3375 3030 3455 3084 sic
3494 3028 3580 3082 in-

1972 3125 2210 3195 scripsit.
2247 3123 2319 3181 Ut
2343 3124 2487 3180 enim
2520 3140 2627 3179 non
2656 3124 2890 3188 diceres,
2924 3123 3005 3179 vel
3036 3124 3213 3193 potius
3241 3138 3309 3177 ne
3338 3122 3582 3177 dicetent

1972 3219 2210 3284 desides,
2243 3218 2289 3274 si
2316 3218 2539 3290 quando
2562 3218 2683 3273 illus
2716 3217 2790 3273 ad
2817 3217 3172 3273 Imitationem
3211 3217 3583 3288 apostolorum

1971 3310 2342 3378 cohortamur,
2388 3325 2451 3366 ac
2489 3310 2742 3377 dicimus,
2794 3308 3009 3365 Imitare
3044 3308 3285 3372 Petrum,
3326 3308 3584 3364 :emulare

1973 3405 2222 3471 Paulum,
2260 3405 2452 3461 similis
2486 3413 2605 3460 esto
2640 3403 2859 3471 Joanui,
2891 3402 3151 3459 Iacobum
3201 3417 3431 3474 sequere
3466 3420 3478 3455 :
3514 3417 3585 3459 ne

1972 3498 2234 3564 dicerent,
2284 3496 2400 3551 Non
2456 3511 2761 3567 possumus,
2810 3511 2910 3551 nec
2958 3495 3202 3551 valemus
3248 3513 3263 3550 :
3312 3493 3387 3549 illi
3437 3495 3582 3549 enim

1972 3598 2215 3644 mortuos
2254 3586 2607 3650 suscitahant,
2635 3587 2878 3657 leprosos
2910 3585 3241 3641 mundabant
3268 3602 3284 3638 :
3312 3583 3450 3639 hanc
3478 3584 3579 3638 im-

1974 3682 2265 3753 pudentem
2312 3690 2551 3735 nostram
2592 3678 2995 3735 excusationem
3043 3679 3367 3749 reprimens.
3414 3675 3581 3742 Tace,

1972 3773 2166 3844 inquit,
2195 3772 2533 3837 obmutesce,
2576 3786 2683 3825 non
2716 3769 3055 3835 miraculum,
3106 3769 3202 3825 sed
3241 3768 3582 3824 conversatio

1973 3867 2027 3921 in
2052 3880 2280 3935 regnum
2302 3863 2557 3919 c'elorum
2586 3860 2896 3917 introducit.

2047 3958 2177 4025 Qute
2203 3968 2337 4011 notae
2361 3967 2407 4010 et
2433 3956 2625 4010 indicia
2646 3954 2899 4026 Apostoli.
2924 3984 2997 3994 —
3026 3954 3243 4011 Imitare
3264 3952 3426 4026 igitur
3449 3970 3586 4011 σοο-

1968 4048 2328 4105 versationem
2368 4046 2734 4117 apostolorum
2759 4087 2773 4110 ,
2808 4055 2863 4101 et
2889 4045 3021 4099 nihil
3050 4044 3228 4101 minus
3266 4059 3425 4116 quam
3453 4060 3585 4116 apo-

1969 4140 2091 4195 stoli
2117 4138 2407 4195 obtinebis.
2432 4135 2618 4208 Neque
2646 4138 2791 4193 enim
2814 4136 2963 4207 signa
2992 4135 3237 4191 fecerunt
3261 4136 3542 4205 apostolos
3559 4178 3576 4203 ,

1969 4232 2067 4288 sed
2094 4233 2201 4286 vita
2232 4229 2451 4285 munda.
2483 4230 2661 4301 Atque
2692 4228 2794 4283 hoc
2822 4226 3132 4298 apostolica:
3168 4228 3412 4299 imaginis
3437 4228 3561 4284 indl-

1969 4325 2110 4381 cium
2139 4320 2263 4381 esse
2285 4363 2301 4388 ,
2333 4338 2396 4378 ac
2443 4322 2628 4392 figurae
2670 4318 3054 4389 discipulorum
3076 4362 3091 4385 ,
3122 4319 3245 4374 audi
3271 4334 3379 4391 quo
3424 4329 3582 4391 pacto

1967 4416 2210 4473 Christus
2226 4416 2329 4470 hoc
2340 4416 2493 4485 signo
2516 4412 2865 4467 demonstret.
2883 4409 3017 4466 Cum
3037 4410 3182 4467 enim
3206 4410 3466 4482 imagines
3494 4410 3580 4469 di-
3686 4400 3689 4403 ’

1968 4509 2291 4579 scipulorum
2318 4505 2617 4576 efﬁngeret,
2642 4512 2696 4560 et
2716 4504 2985 4573 quodnam
3015 4503 3345 4574 apostolatus
3372 4504 3581 4576 insigne

1966 4603 2055 4663 sit.
2077 4598 2395 4664 declararet,
2416 4600 2485 4653 ita
2508 4596 2677 4652 dixit:
2702 4594 2768 4650 In
2795 4597 2890 4649 hoc
2917 4605 3217 4667 cognoscent
3236 4614 3427 4665 omnes,
3445 4600 3582 4669 quod

1967 4694 2205 4765 discipuli
2247 4694 2345 4747 mei
2384 4694 2502 4747 estis
2524 4691 2706 4766 (Joan.
2742 4692 2829 4747 i3.
2856 4691 2971 4763 35).
3008 4689 3074 4746 In
3102 4692 3226 4757 hoc,
3260 4692 3313 4746 in
3345 4694 3497 4764 quo?
3524 4692 3579 4747 in

1968 4788 2243 4843 miraculis
2286 4784 2543 4841 faciendis
2564 4826 2579 4852 ,
2610 4784 2663 4839 in
2702 4785 2927 4840 mortuis
2969 4784 3331 4841 suscitandis?
3361 4784 3581 4856 Nequa-

1966 4895 2149 4951 quam,
2183 4880 2352 4949 inquit
2381 4896 2398 4931 :
2426 4877 2520 4933 sed
2548 4877 2604 4931 in
2631 4891 2741 4947 quo
2770 4875 3028 4932 tandem?
3061 4875 3124 4931 In
3154 4877 3249 4933 hoc
3275 4887 3581 4949 cognoscent

1966 4989 2159 5037 omnes,
2186 4971 2305 5041 quia
2334 4969 2576 5040 discipuli
2604 4969 2702 5022 mei
2726 4969 2879 5034 estis,‘
2906 4969 2950 5022 si
2973 4984 3059 5022 vos
3085 4968 3298 5021 invicem
3324 4968 3576 5040 diligatis.

1966 5064 2125 5134 Atqui
2157 5062 2373 5117 dilectio
2404 5078 2511 5117 non
2542 5060 2922 5115 miraculorum
2951 5069 3055 5125 est,
3088 5059 3181 5113 sed
3209 5061 3577 5115 conversatio-

1967 5159 2049 5213 nis
2078 5176 2088 5210 :
2121 5156 2400 5211 Plenitudo
2438 5156 2579 5211 enim
2612 5155 2735 5226 legis
2773 5164 2848 5208 est
2891 5154 3092 5208 dilectio
3119 5152 3297 5225 (Rom.
3330 5154 3414 5210 15.
3461 5156 3574 5227 l0).

1966 5250 2127 5306 Vides
2151 5249 2536 5321 discipulorum
2559 5246 2849 5303 indicium?
2870 5246 3021 5301 vides
3046 5246 3334 5316 imaginem
3356 5259 3574 5318 aposto-

1967 5342 2141 5399 Intus?
2172 5342 2321 5398 vides
2364 5340 2633 5396 formam?
2673 5338 2821 5394 vides
2868 5338 3129 5409 figuram?
3156 5336 3296 5392 Nihil
3346 5338 3577 5408 amplius

1963 5452 2144 5509 qumre
2170 5455 2181 5490 :
2210 5436 2406 5507 quippe
2432 5435 2690 5490 Dominus
2716 5432 3082 5505 pronuntiavit
3106 5432 3384 5487 caritatem
3411 5432 3577 5487 disd-

1964 5532 2117 5602 pulos
2143 5530 2465 5597 exprimere.
2492 5526 2549 5582 Si
2578 5542 2707 5597 ergo
2732 5526 3011 5582 caritatem
3041 5524 3263 5592 habeas,
3292 5522 3571 5595 apostolus

1965 5623 2135 5677 factus
2170 5638 2263 5689 es,
2295 5630 2349 5677 et
2376 5619 2740 5691 apostolorum
2768 5618 2994 5690 primus.

2035 5764 2048 5793 ¹
2078 5760 2130 5809 lu
2159 5762 2263 5809 hmc
2292 5759 2457 5816 verba,
2486 5765 2529 5807 et
2552 5755 2715 5807 statim
2743 5752 2893 5816 salus,
2928 5756 3009 5805 Ur.
3046 5755 3124 5800 καὶ
3152 5752 3315 5806 ;ὑοέως
3342 5752 3371 5807 ἡ
3408 5766 3570 5810 003111-

1973 5825 2065 5889 ρία,
2091 5822 2274 5875 deﬂuit
2297 5819 2612 5875 (cheruntis.
2643 5820 2732 5869 Μδ.
