4058 6466
456 353 525 407 85

520 472 574 526 4.
618 469 710 525 Vis
737 468 952 525 aliunde
980 467 1082 523 hoc
1110 464 1361 520 discere?
1386 463 1520 518 Cum
1547 461 1792 518 Christus
1819 460 2036 516 Petrum

391 546 394 550 ’
451 561 832 631 alloqueretur,
864 557 1030 622 Petra,
1050 556 1222 626 diligis
1248 571 1326 609 me
1351 555 1463 624 plus
1489 553 1567 608 his
1589 552 1769 623 (Joan.
1795 553 1888 606 21.
1917 551 2042 621 i7)?
2091 565 2136 584 ο·

453 656 550 709 ait.
582 653 723 709 Nihil
769 666 932 723 porro
975 665 1128 721 teque
1155 649 1294 714 valet
1318 647 1385 703 ad
1411 663 1630 717 regnum
1660 645 1912 701 cat-lorum
1942 643 2040 700 ob-

459 743 757 809 tinendum,
787 757 850 796 ac
870 741 912 795 si
939 748 1149 795 constet
1185 754 1284 793 nos
1313 739 1384 792 ita
1410 736 1678 792 Christum
1704 735 1925 804 diligere
1944 773 1960 800 ,
1986 740 2046 787 ut

456 855 486 892 ι
518 836 672 892 nobis
697 835 997 906 diligendus
1020 842 1120 889 cst.
1150 836 1323 903 Atque
1354 831 1424 887 ita
1452 827 1745 899 designavit
1767 826 2041 881 indicium.

457 928 738 996 Quodnam
777 926 908 982 illud
938 941 1069 996 ergo
1106 926 1227 980 est?
1252 933 1307 978 et
1334 921 1462 993 quid
1493 935 1588 975 nos
1612 933 1768 988 agere
1794 925 2050 987 Oportet,

461 1034 516 1077 ut
541 1023 661 1094 plus
681 1037 841 1094 quam
862 1021 1086 1089 apostoli
1104 1016 1416 1089 diligamus?
1435 1030 1500 1069 an
1525 1012 1716 1068 mortui
1734 1008 2048 1066 suscitandi?

459 1130 526 1167 an
558 1113 664 1168 alia
697 1112 962 1183 quapiam
990 1109 1195 1164 edenda
1223 1104 1516 1162 miracula?
1540 1103 1695 1158 Nullo
1723 1102 1886 1156 modo
1914 1117 1926 1152 :
1953 1097 2048 1153 sed

459 1204 590 1276 quid
628 1203 890 1275 agendum
932 1203 1061 1258 est?
1090 1202 1166 1256 Ex
1199 1201 1316 1270 ipso
1355 1199 1597 1264 Christo,
1628 1195 1716 1265 qui
1755 1192 2051 1263 diligendus

435 1367 438 1369 Α
462 1307 569 1361 est,
592 1297 645 1351 id
672 1295 969 1350 audiamus.
997 1293 1058 1348 Si
1086 1294 1230 1348 enim
1267 1307 1410 1344 amas
1429 1306 1538 1354 me,
1573 1286 1766 1357 inquit,
1796 1287 1908 1356 plus
1937 1285 2014 1337 his
2032 1324 2048 1348 ,

465 1405 615 1459 pasce
645 1404 759 1442 om
785 1402 923 1440 meas
950 1383 1157 1456 (lbid.).
1187 1383 1326 1437 Ecce
1365 1381 1453 1435 hic
1485 1393 1698 1449 quoque
1721 1377 2054 1433 conversatio

397 1519 414 1533 .
466 1479 676 1534 laudem
705 1485 958 1532 meretur.
989 1473 1119 1528 Nam
1141 1488 1321 1527 curam
1345 1484 1534 1541 gerere
1557 1510 1573 1535 ,
1599 1467 1831 1536 compati
1857 1466 2052 1529 solere,

465 1569 708 1626 subsidio
729 1583 848 1624 esse
869 1608 884 1631 ,
907 1582 1026 1637 quae
1056 1580 1149 1619 sua
1176 1577 1299 1619 sunt
1327 1562 1546 1617 minime
1575 1575 1837 1631 quaerere,
1862 1568 2054 1612 canora

467 1664 681 1726 omnia,
703 1675 823 1729 qua:
858 1666 1124 1728 pastorem
1152 1664 1363 1724 Oportet
1389 1653 1607 1718 habere,
1639 1649 2058 1706 conversationis

470 1752 588 1807 haec
614 1760 736 1805 sunt
765 1751 942 1803 omnia
961 1790 975 1814 ,
1005 1763 1110 1801 non
1139 1744 1518 1800 miraculorum
1547 1750 1640 1796 aut
1667 1742 1962 1811 signorum.
1994 1742 2061 1793 At

472 1848 582 1910 illi,
605 1847 747 1900 dicet
771 1843 976 1913 aliquis
999 1881 1013 1905 ,
1042 1849 1260 1910 propter
1299 1836 1550 1893 miracula
1585 1836 1716 1889 tales
1753 1840 2058 1888 evaserunt.

471 1938 588 1993 Non
646 1943 859 2006 propter
914 1931 1167 1987 miracula
1202 1971 1217 1996 ,
1273 1929 1367 1984 sed
1432 1936 1649 1996 propter
1704 1923 2065 1977 conversatio-

476 2047 630 2093 nem,
660 2037 714 2083 et
768 2028 837 2081 ob
873 2040 993 2081 eam
1042 2023 1275 2078 maxime
1320 2020 1561 2075 celebres
1599 2026 1655 2072 et
1688 2017 1920 2071 illustres
1952 2014 2068 2068 fue-

476 2132 622 2178 runt.
651 2122 938 2188 Propterea
967 2116 1177 2171 dicebat
1208 2114 1312 2167 illis
1342 2131 1353 2164 :
1380 2111 1568 2164 Luceat
1596 2109 1688 2162 tua:
1707 2116 1869 2160 vestra
1895 2121 2066 2158 coram

480 2213 766 2267 hominibus
791 2251 804 2274 ,
833 2221 886 2262 tu
935 2209 1134 2261 videant
1182 2205 1424 2258 homines
1446 2243 1460 2266 ,
1496 2217 1605 2255 non
1648 2199 1902 2253 miracula
1928 2237 1947 2262 ,
1973 2196 2065 2250 sed

480 2321 636 2374 opera
664 2315 824 2357 vestra
854 2301 985 2354 bona
1005 2339 1018 2362 ,
1047 2307 1094 2351 et
1119 2296 1400 2367 gloriﬁcent
1426 2292 1634 2347 Patrem
1663 2288 1989 2368 vestrumqni
2015 2289 2067 2340 in

479 2365 616 2449 ciuus
642 2405 713 2447 est
732 2391 942 2458 (ΜαιιΙι.
964 2391 1019 2444 5.
1049 2365 1160 2458 ιθ).
1187 2387 1346 2440 Vides
1371 2384 1564 2453 ubique
1584 2365 2066 2443 conversatibnem,

481 2505 543 2542 ac
571 2489 732 2539 vitam
759 2487 952 2538 virtute
983 2481 1256 2549 pneditam
1295 2476 1582 2531 collaudari
1603 2477 1626 2528 ’ἒ
1656 2473 1748 2528 Vis
1792 2472 2068 2527 ostendam

482 2578 575 2631 tibi
603 2587 657 2630 et
687 2575 900 2629 Petrum
934 2573 1142 2640 ipsum,
1174 2569 1314 2622 hunc
1345 2567 1634 2636 principem
1667 2565 2026 2634 apostolorum
2055 2604 2068 2626 ,

483 2667 573 2737 qui
605 2676 654 2720 et
685 2665 933 2719 eximiam
961 2660 1418 2716 conversationem
1445 2672 1553 2725 prie
1577 2671 1636 2710 se
1660 2656 1808 2716 tulit,
1834 2662 1886 2708 et
1915 2653 2075 2705 mira-

485 2761 600 2811 cula
648 2756 814 2812 edidit
854 2772 972 2822 quin
1017 2763 1257 2805 naturam
1305 2750 1589 2803 humanam
1620 2746 1988 2809 excedebant,
2021 2752 2076 2798 et

491 2859 712 2916 utraque
752 2848 889 2900 inter
922 2858 981 2898 se
1007 2849 1311 2910 comparata
1341 2881 1356 2905 ,
1385 2850 1438 2893 et
1477 2837 1786 2892 miraculum
1808 2876 1822 2898 ,
1847 2844 1900 2889 et
1942 2849 2074 2888 eou-

494 2940 844 2993 versationcm
868 2977 883 3002 ,
915 2946 1071 3006 atque
1111 2934 1258 2988 illum
1301 2933 1473 3001 potius
1513 2930 1582 2985 ob
1625 2931 1746 2983 vita:
1793 2941 2073 2982 conversa-

493 3029 689 3083 tionem
746 3041 903 3094 quam
946 3027 1014 3080 ob
1050 3025 1197 3094 signa
1248 3023 1410 3079 fuisse
1463 3022 1664 3076 honore
1700 3017 2077 3073 cumulatum?

493 3120 642 3172 lianc
677 3118 951 3171 historiam
995 3116 1117 3169 audi
1147 3133 1159 3168 :
1191 3115 1368 3168 Petrus
1396 3125 1446 3166 et
1480 3112 1704 3165 Joannes
1745 3110 2078 3163 ascendebant

492 3214 547 3263 in
591 3210 830 3278 templum
873 3209 939 3260 ad
966 3208 1142 3259 horam
1173 3205 1416 3258 orationis
1442 3219 1626 3255 nonam
1653 3201 1785 3266 (Act.
1818 3201 1869 3254 5.
1903 3201 1978 3268 l).
2005 3199 2080 3252 Ne

494 3301 785 3354 oscitanter
816 3299 950 3352 hanc
983 3298 1338 3350 narrationem
1367 3303 1672 3364 przetcreas,
1704 3292 1798 3366 sed
1829 3291 1880 3344 in
1909 3306 2082 3360 proui-

499 3394 608 3446 mio
650 3394 826 3446 statim
858 3391 1102 3451 insistas,
1137 3398 1190 3443 et
1212 3399 1407 3457 quanta
1437 3387 1632 3440 caritas
1661 3394 1830 3446 esset,
1865 3384 2038 3438 discas
2065 3425 2077 3446 ,

496 3497 692 3553 quanta
728 3484 1010 3538 cancordia
1036 3523 1050 3545 ,
1079 3492 1408 3550 quantusque
1433 3493 1751 3540 consensus,
1781 3486 1836 3531 et
1860 3492 1962 3546 qua
1993 3494 2081 3529 ra-

498 3579 640 3629 tionc
661 3584 850 3629 cuneta
884 3573 966 3626 isti
989 3572 1087 3625 sibi
1113 3572 1335 3626 invicem
1363 3569 1850 3632 communicabant,
1874 3577 1928 3622 et
1948 3568 2081 3620 ami-

498 3670 637 3722 citiie
664 3667 951 3721 secundum
987 3667 1153 3719 Deum
1182 3663 1395 3717 vinculo
1425 3663 1651 3732 colligati
1693 3670 1879 3715 cuncta
1925 3660 2083 3713 facie-

503 3761 652 3823 bant,
681 3769 734 3811 et
762 3759 810 3810 in
844 3771 1046 3820 mensa,
1071 3764 1124 3809 et
1154 3755 1204 3808 in
1233 3755 1495 3817 oratione,
1527 3762 1580 3806 et
1608 3755 1658 3804 in
1687 3752 1916 3814 incessu,
1950 3759 2003 3803 et
2033 3750 2082 3802 in

502 3849 719 3916 reliquis
758 3846 1004 3899 omnibus
1040 3846 1207 3912 juncti
1249 3843 1591 3912 apparebant.
1631 3839 1782 3907 Quod
1823 3840 1868 3893 si
1901 3839 1971 3893 illi
1997 3839 2084 3908 qui

502 3940 765 3992 columna:
794 3953 857 3990 ac
887 3946 1057 3990 tun-es
1084 3931 1256 3999 erant,
1288 3935 1378 4003 qui
1407 3935 1622 3987 inultam
1659 3930 1797 3999 apud
1837 3930 1998 3983 Deum
2028 3931 2088 3980 Ii-

503 4032 711 4083 dnciam
743 4013 1030 4092 habebant,
1062 4034 1244 4078 mutuo
1272 4023 1576 4092 indigebant
1603 4022 1806 4075 auxilio
1831 4061 1847 4084 ,
1877 4027 2091 4071 mutuo-

504 4140 608 4190 que
641 4121 878 4176 subsidio
907 4119 1326 4187 corrigebantur,
1355 4125 1556 4184 quanto
1585 4114 1754 4182 magis
1786 4127 1884 4164 nos
1924 4110 2090 4163 imbe-

503 4218 650 4271 cilles
700 4231 763 4269 ac
811 4214 1025 4274 miseri,
1069 4213 1370 4280 nulliusque
1423 4209 1575 4279 pretii
1623 4207 1868 4261 homines
1909 4216 2092 4260 mutuo

503 4308 699 4361 auxilio
721 4305 1050 4376 indigemus?
1074 4303 1256 4357 Frater
1275 4303 1408 4356 enim
1440 4303 1524 4370 qui
1551 4300 1824 4370 adjuvatur
1856 4315 1887 4350 a
1915 4301 2092 4369 fratre,

507 4400 648 4464 quasi
674 4398 847 4450 civitas
871 4397 1018 4462 firma
1041 4394 1220 4463 (Prov.
1247 4395 1331 4447 18.
1355 4393 1440 4462 l9)
1463 4411 1473 4444 :
1493 4403 1546 4446 et
1573 4406 1756 4446 rursus
1780 4409 1794 4444 :
1821 4390 1952 4443 Ecce
1973 4391 2094 4460 quid

508 4496 711 4549 bonum,
743 4498 786 4540 et
812 4487 933 4555 quid
964 4486 1252 4554 pulchrum,
1285 4487 1375 4538 nisi
1406 4484 1629 4537 habitare
1653 4484 1832 4551 fratres
1861 4483 1913 4535 in
1940 4500 2093 4536 unum

509 4580 679 4649 (Psal.
713 4581 834 4634 152.
868 4579 958 4648 l)?
988 4579 1171 4631 l’ctrus
1201 4585 1254 4630 et
1279 4576 1510 4630 Joannes
1546 4584 1729 4637 erant,
1753 4585 1806 4628 et
1829 4573 2008 4628 Jesum
2042 4574 2092 4627 in

509 4670 685 4724 medio
732 4668 995 4722 habebant
1021 4687 1032 4721 :
1060 4666 1157 4721 Ubi
1194 4667 1326 4720 enim
1365 4665 1552 4733 fuerint
1594 4665 1695 4717 duo
1733 4665 1806 4717 vel
1847 4675 1943 4718 tres
1969 4682 2096 4718 con-

509 4761 721 4832 gregali,
748 4760 935 4829 inquit,
961 4759 1014 4811 in
1040 4758 1241 4810 nomine
1265 4773 1395 4821 meo,
1425 4756 1492 4808 ibi
1521 4772 1632 4809 sum
1655 4754 1709 4807 in
1738 4754 1899 4806 medio
1923 4771 2094 4808 eorum

514 4851 727 4920 (Matth.
759 4849 844 4905 i8.
870 4849 986 4919 20).
1019 4848 1173 4903 Vides
1200 4858 1451 4918 quantum
1479 4849 1549 4902 sit
1575 4848 1627 4901 in
1659 4863 1818 4901 unum
1851 4848 2094 4902 versari?

513 4944 694 5014 Neque
711 4958 838 4998 vero
853 4942 1045 5013 quovis
1075 4941 1234 4996 modo
1259 4942 1310 4995 in
1338 4957 1500 4996 unum
1517 4950 1670 4995 erant
1691 4959 1702 4994 :
1724 4957 1843 4994 nam
1875 4950 1928 4994 et
1955 4956 2093 4996 nunc

513 5037 563 5090 in
609 5050 770 5089 unum
813 5049 996 5088 sumus
1042 5047 1265 5097 omnes;
1294 5033 1388 5088 sed
1429 5033 1479 5086 in
1513 5048 1675 5087 unum
1721 5048 1842 5087 esse
1885 5042 2096 5100 Oportet

517 5126 731 5181 vinculo
785 5124 1054 5188 caritatis,
1102 5132 1158 5178 ct
1214 5125 1501 5178 voluntatis
1538 5125 1738 5177 .all'cctu
1768 5138 1782 5175 :
1811 5133 1866 5178 et
1908 5138 2093 5192 quem-

513 5220 797 5274 admodum
816 5235 1037 5291 corpora
1057 5227 1237 5273 nostra
1265 5219 1362 5271 sibi
1391 5217 1682 5287 propinqua
1715 5232 1855 5271 nunc
1871 5226 1991 5270 sunt
2009 5218 2090 5270 in-

515 5316 680 5368 vicem
711 5327 774 5366 ac
794 5327 915 5367 sese
945 5312 994 5366 in
1017 5326 1179 5364 unum
1200 5310 1588 5379 constringunt,
1606 5310 1684 5363 sic
1711 5309 1872 5362 etiam
1894 5317 2101 5376 oportet

518 5405 680 5460 corda
732 5403 1042 5475 constringi.
1096 5402 1278 5457 Petrus
1324 5411 1368 5455 et
1419 5402 1644 5456 Joannes
1680 5399 2010 5455 ascendebant
2049 5402 2102 5454 in

520 5494 784 5564 tempium.
829 5495 1064 5550 Scissum
1106 5504 1190 5562 est
1234 5493 1404 5547 velum
1431 5535 1446 5555 ,
1477 5492 1712 5547 desolata
1753 5499 1878 5545 sunt
1921 5500 2102 5545 saneta

517 5599 860 5652 sanctorum,
899 5588 1103 5643 sublata
1145 5596 1228 5643 est
1273 5587 1362 5641 uni
1414 5585 1622 5640 addicta
1672 5585 1790 5640 loco
1839 5583 2099 5640 adoratio.

520 5683 724 5735 Clamat
764 5681 956 5737 Paulus
978 5725 992 5746 ,
1023 5696 1086 5735 ac
1127 5680 1258 5736 dicit
1285 5697 1296 5732 :
1325 5679 1388 5733 In
1422 5680 1559 5734 omni
1599 5681 1709 5733 loco
1739 5695 1891 5747 puras
1929 5694 2105 5732 manus

521 5775 673 5830 lceatc
700 5775 771 5846 (ιν.
814 5775 942 5830 'l'im.
974 5777 1023 5829 2.
1061 5775 1116 5840 8)
1166 5773 1271 5829 Cur
1298 5775 1454 5845 igitur
1490 5775 1574 5831 isti
1612 5783 1825 5830 currunt
1856 5771 1921 5826 ad
1967 5780 2099 5826 tcm~

1197 347 1254 403 S.
1294 343 1572 402 JOANNIS
1606 339 2080 400 CllRYSOSTOMl
2116 328 2435 395 ABClllEP.
2474 327 3006 407 CQNSTANTINOP.

3665 317 3740 370 Μ

2148 496 2315 567 plum,
2344 502 2401 548 ut
2429 491 2625 548 orent?
2650 502 2836 544 rursus
2859 483 2926 539 ad
2949 480 3224 539 Judaicam
3255 468 3620 531 inﬁrmitatem
3646 469 3747 524 de-

2150 586 2314 641 voluti
2344 585 2507 639 sunt?
2536 582 2717 638 Absit!
2742 577 2838 634 sed
2859 571 3296 632 imbecillioribus
3322 579 3445 623 sese
3472 571 3744 633 attempe-

2149 685 2290 740 rant,
2319 674 2557 744 illudque
2582 671 2730 728 Pauli
2758 669 2955 724 dictum
2983 663 3222 734 implent,
3250 656 3391 730 quod
3415 651 3525 711 ait:
3551 650 3751 707 Factus

2148 785 2258 822 sum
2283 767 2481 821 Judteis
2507 775 2762 837 tamquam
2782 761 2992 816 Juda‘us
3025 757 3099 829 (l.
3125 754 3241 810 Cor.
3269 753 3323 808 9.
3351 750 3469 819 20).
3499 745 3744 837 Imbecil-

2152 862 2291 916 libus
2312 875 2370 915 se
2395 836 2771 928 attemperant,
2797 869 2864 909 ne
2885 853 2957 907 illi
2986 854 3235 904 maneant
3261 841 3574 899 imbecilles.
3606 836 3752 891 Alio-

2152 952 2277 1022 quin
2305 960 2480 1005 autem
2506 925 2616 1003 illic
2639 959 2849 1018 quoque
2870 952 2978 998 tota
2999 939 3184 996 civitas
3210 932 3653 1003 congregabatur.
3681 925 3754 980 Ut

2156 1044 2312 1112 igitur
2329 1042 2513 1112 Optimi
2535 1040 2827 1110 piscatores
2855 1048 2949 1090 eos
2965 1032 3112 1087 sinus
3138 1029 3189 1082 in
3210 1023 3518 1081 ﬂuminibus
3539 1026 3756 1075 sectan-

2156 1106 2275 1196 tur,
2306 1106 2396 1186 ubi
2423 1106 2597 1201 pisces
2625 1142 2812 1183 omnes
2839 1123 3164 1179 conveniunt
3192 1160 3208 1187 ,
3241 1127 3298 1171 ut
3327 1111 3532 1168 facilius
3568 1106 3756 1180 prada

2157 1198 2474 1296 potiantur:
2509 1223 2580 1276 ita
2626 1220 2877 1275 nimirum
2918 1225 2972 1269 et
3015 1214 3102 1268 isti
3142 1207 3412 1281 apostoli,
3445 1198 3756 1272 spirit'uales

2157 1318 2480 1386 piscatores,
2504 1314 2571 1368 ad
2609 1313 2757 1368 illum
2803 1310 2976 1364 sinum
3020 1304 3337 1359 festinabant
3362 1340 3378 1365 ,
3402 1297 3454 1350 in
3495 1308 3603 1364 quo
3645 1299 3757 1345 tota

2160 1412 2345 1464 civitas
2393 1405 2777 1469 conveniebat,
2811 1412 2867 1455 ut
2906 1400 3012 1453 illic
3056 1411 3293 1466 expanso
3340 1384 3604 1457 evangelii
3652 1383 3757 1436 reti

2163 1501 2314 1556 facile
2340 1499 2515 1570 praida
2543 1497 2858 1567 potirentur.
2889 1491 3000 1546 Hoc
3023 1501 3202 1542 autem
3223 1497 3343 1539 eum
3373 1485 3617 1549 agerent,
3639 1487 3759 1570 ma:

2161 1560 2385 1665 gistrum
2410 1560 2772 1643 imitabantur.
2796 1581 2926 1636 Nam
2952 1581 3026 1632 ait
3045 1575 3291 1632 Christus
3314 1588 3333 1625 :
3357 1566 3600 1665 Quotidie
3617 1560 3764 1665 apud

2163 1651 2248 1739 εἷος
2261 1682 2462 1736 erantin
2479 1678 2662 1746 templo
2683 1674 2892 1747 (Matth.
2912 1671 3002 1726 ac.
3021 1667 3142 1737 55)?
3155 1666 3333 1733 Quare
3357 1662 3410 1715 in
3437 1655 3641 1747 templo
3654 1651 3764 1707 itit

2165 1775 2253 1845 qui
2273 1774 2325 1829 in
2353 1771 2550 1840 templo
2569 1766 2929 1825 versabantur,
2947 1764 3180 1829 caperet.
3201 1754 3274 1808 lta
3294 1764 3506 1822 quoque
3521 1746 3612 1800 isti
3628 1753 3766 1845 tam-

2168 1883 2326 1937 quam
2368 1862 2570 1919 oraturi
2599 1857 2813 1930 quidem
2847 1853 3133 1925 pergebant
3152 1889 3169 1915 ,
3200 1846 3294 1902 sed
3329 1840 3627 1898 doctrinam
3658 1833 3771 1888 illic

2169 1968 2322 2016 erant
2339 1954 2596 2027 sparsnri.
2612 1951 2679 2005 In
2703 1949 2962 2019 templum,
2982 1948 3286 2004 utorarent,
3304 1937 3438 1990 circa
3453 1932 3634 1985 horam
3651 1941 3774 1980 ora-

2172 2051 2319 2105 tionis
2338 2063 2545 2103 nonam.
2571 2044 2755 2112 Neque
2785 2041 2950 2110 ipsam
2974 2037 3158 2090 horam
3177 2032 3293 2086 sine
3321 2041 3479 2084 causa
3507 2022 3772 2077 observa-

2176 2151 2320 2198 runt.
2363 2141 2518 2209 Sazpe
2544 2111 2774 2204 namque
2813 2131 2880 2186 de
2906 2129 3008 2183 hac
3046 2126 3175 2180 hora
3205 2122 3314 2178 dixi
3345 2117 3497 2172 vobis
3520 2156 3535 2180 ,
3567 2114 3622 2167 in
3655 2111 3774 2178 ipsa

2174 2233 2480 2305 paradisum
2509 2228 2671 2283 fuisse
2697 2230 3015 2284 reseratum,
3048 2227 3101 2273 et
3129 2217 3393 2270 latronem
3426 2210 3731 2278 ingressum
3759 2218 3772 2251 :

2174 2304 2226 2379 in
2273 2325 2384 2390 ipsa
2421 2321 2685 2375 sublatum
2713 2324 2796 2369 est
2829 2311 3173 2367 maledictum
3203 2346 3220 2372 ,
3247 2306 3301 2359 in
3332 2304 3446 2373 ipsa
3501 2309 3776 2353 terrarum

2173 2416 2320 2468 (nbis
2341 2413 2551 2466 victima
2582 2417 2663 2463 est
2697 2405 2872 2461 oblata
2897 2420 2910 2456 :
2936 2403 2988 2456 in
3015 2401 3126 2470 ipsa
3153 2395 3426 2465 dissipata:
3472 2398 3598 2445 sunt
3624 2396 3785 2441 tene-

2177 2506 2307 2568 brae,
2336 2505 2387 2557 iu
2417 2503 2527 2572 ipsa
2556 2502 2646 2556 lux
2673 2497 2870 2551 allulsit
2897 2509 3020 2550 cum
3049 2489 3340 2552 sensibilis,
3374 2493 3485 2538 tum
3517 2478 3784 2554 spiritua-

2178 2595 2262 2649 lis.
2288 2567 2635 2647 Circa-horam
2660 2601 2862 2641 nonam.
2888 2581 3113 2650 Quando
3128 2576 3308 2632 eieteri
3337 2581 3457 2644 post
3485 2567 3777 2639 prandium

2179 2694 2232 2739 et
2274 2683 2585 2737 ebrietatem
2631 2680 2738 2732 alto
2779 2674 2940 2743 sOpiti
2979 2685 3170 2726 somno
3215 2664 3525 2726 dormiunt,
3557 2667 3671 2713 tum
3701 2656 3783 2709 illi

2178 2775 2352 2828 sobrii
2384 2781 2542 2840 atque
2575 2768 2874 2839 vigilantes,
2897 2779 2960 2818 ac
2989 2760 3158 2815 multo
3188 2770 3371 2810 amore
3395 2749 3639 2807 succensi
3667 2789 3679 2811 ,
3711 2746 3784 2800 ad

2177 2839 2471 2922 orationem
2525 2860 2895 2933 properabant.
2927 2853 3077 2923 Quod
3122 2852 3166 2905 si
3210 2850 3449 2905 oratione
3503 2843 3579 2897 illi
3634 2839 3784 2894 indi-

2177 2961 2372 3030 gebant
2400 2999 2417 3024 ,
2446 2957 2687 3010 oratione
2715 2962 2822 3007 tam
2870 2949 3079 3004 assidua
3098 2987 3113 3010 ,
3138 2953 3244 2996 tam
3282 2949 3468 2994 exacta
3489 2935 3610 3005 ,qui
3657 2945 3788 2986 tau-

2184 3027 2289 3104 tam
2319 3049 2558 3102 fiduciam
2589 3044 2876 3107 habebant,
2900 3040 2988 3109 qui
3013 3037 3208 3090 nullius
3233 3032 3332 3086 sibi
3358 3027 3600 3084 criminis
3625 3033 3788 3080 erant

2184 3140 2418 3204 conscii,
2452 3136 2575 3206 quid
2606 3149 2705 3188 nos
2735 3132 3025 3193 faciemus,
3057 3125 3146 3195 qui
3180 3119 3484 3176 vulneribus
3510 3123 3789 3170 scatcmus

2188 3227 2480 3286 innumeris
2504 3268 2519 3292 ,
2550 3241 2647 3280 nec
2673 3223 2774 3278 illis
2800 3220 3058 3277 orationis
3101 3213 3396 3270 remedium
3425 3207 3788 3263 adhibemus?

2188 3322 2376 3390 Ingens
2419 3317 2581 3372 telum
2630 3324 2714 3369 est
2750 3312 2941 3366 oratio.
2977 3308 3068 3361 Vis
3112 3320 3268 3358 nosse
3294 3315 3451 3371 quam
3497 3299 3686 3367 ingens
3714 3296 3790 3348 sit

2188 3386 2353 3466 telum
2379 3407 2582 3464 oratio?
2606 3406 2802 3460 Curam
2835 3413 3125 3470 pauperum
3160 3392 3476 3449 omittebant
3517 3386 3789 3457 apostoli,

2190 3513 2246 3557 ut
2291 3503 2408 3572 plus
2453 3501 2556 3553 illis
2600 3496 2694 3551 otii
2739 3494 2804 3548 ad
2834 3491 3127 3546 vacandum
3179 3484 3411 3540 orationi
3451 3487 3790 3549 suppeteret.

2190 3594 2486 3650 Constituite
2512 3605 2741 3658 namque.
2765 3584 2952 3654 inquit,
2971 3599 3033 3636 ea:
3061 3579 3196 3633 vobis
3216 3578 3347 3631 viros
3372 3573 3491 3627 boni
3515 3570 3797 3625 testimonii

2189 3697 2373 3754 septem
2403 3700 2421 3737 :
2448 3700 2536 3736 nos
2564 3697 2677 3734 vero
2715 3676 2932 3731 orationi
2971 3683 3018 3727 et
3063 3669 3337 3724 ministerio
3372 3665 3504 3720 verbi
3541 3664 3796 3716 instantes

2189 3778 2375 3832 erimus
2398 3773 2533 3844 (Act.
2558 3772 2609 3825 6.
2637 3770 2714 3836 5).

2264 3868 2318 3920 5.
2347 3842 2453 3918 Sed
2483 3859 2626 3932 quod
2654 3857 2894 3913 dicebam
2936 3855 3063 3924 (non
3091 3850 3232 3906 enim
3267 3842 3672 3917 digrediendum
3703 3848 3793 3894 est

2194 3959 2261 4012 ab
2285 3963 2599 4026 argumento
2625 3949 2886 4005 sermonis
2909 3988 2924 4007 .
2952 3953 3009 3999 ut
3028 3951 3235 3997 constet
3255 3981 3270 4005 ,
3299 3939 3516 3992 Petrum
3537 3944 3587 3988 et
3613 3934 3756 3988 actio
3772 3961 3793 3973 -

2196 4063 2316 4102 nem
2332 4024 2658 4105 exhibuisse,
2681 4049 2734 4094 et
2755 4036 3067 4092 miraculum
3086 4031 3336 4091 edidisse,
3362 4036 3415 4082 et
3429 4025 3498 4080 ob
3518 4024 3793 4080 actionem

2196 4140 2370 4209 potius
2397 4149 2517 4189 esse
2546 4126 2877 4198 laudatum),
2909 4123 3149 4180 ascendit
3169 4137 3297 4189 ergo
3329 4119 3381 4172 in
3411 4114 3665 4185 templum
3685 4155 3699 4178 ,
3735 4123 3796 4165 ut

2199 4239 2376 4284 oraret
2401 4247 2413 4281 :
2442 4237 2495 4283 et
2533 4238 2659 4281 ecce
2695 4220 2916 4278 claudus
2941 4233 3004 4272 ex
3035 4224 3190 4270 utero
3230 4211 3416 4265 matris
3440 4205 3796 4272 sute‘bajula—

2201 4322 2354 4375 batur
2382 4319 2487 4372 illic
2513 4316 2577 4370 ad
2609 4323 2814 4385 portam
2844 4307 3027 4377 templi
3061 4305 3196 4374 (Act.
3227 4302 3279 4354 5.
3311 4299 3392 4370 2).
3422 4298 3505 4352 Ab
3535 4296 3652 4365 ipso
3681 4310 3800 4346 ina-

2203 4405 2305 4465 tris'
2339 4419 2489 4464 utero
2533 4415 2716 4461 natura
2760 4401 2998 4457 mutilata
3039 4404 3190 4461 erat,
3215 4402 3269 4448 et
3292 4400 3462 4447 artem
3511 4387 3797 4442 medicina:

2202 4497 2750 4568 vincebatmgritudo,
2775 4504 2831 4548 ut
2857 4491 2948 4546 Dei
2977 4489 3146 4560 gratia
3176 4486 3342 4555 magis
3367 4490 3670 4552 appareret.
3698 4478 3798 4534 Hic

2202 4612 2330 4666 ergo
2354 4593 2575 4650 claudus
2601 4590 2665 4644 ad
2700 4597 2906 4657 portam
2933 4582 3112 4650 templi
3136 4579 3368 4648 iacebat,
3396 4584 3451 4630 et
3473 4588 3595 4629 eum
3625 4572 3799 4626 intro-

2201 4695 2389 4744 euntes
2436 4683 2554 4738 illos
2599 4680 2857 4741 vidisset,
2907 4671 3217 4729 intendebat
3266 4669 3319 4722 in
3366 4683 3492 4733 eos,
3544 4677 3799 4734 quaerens

2201 4779 2600 4845 eleemosynam
2637 4771 2705 4824 ab
2750 4767 2878 4837 ipsis
2913 4763 3176 4833 accipere.
3207 4757 3346 4827 Quid
3374 4757 3532 4826 igitur
3560 4755 3752 4809 Petrus
3773 4756 3799 4806 ’ἐ

2206 4869 2415 4935 Respice
2433 4870 2485 4918 in
2511 4879 2600 4918 nos
2625 4861 2760 4932 (Act.
2785 4860 2840 4913 5.
2857 4857 2933 4927 4),
2963 4855 3150 4923 inquit.
3177 4851 3254 4905 Ex
3276 4858 3492 4918 aspectu
3519 4847 3637 4902 solo
3664 4860 3801 4900 con-

2205 4969 2349 5014 stare
2395 4963 2570 5028 potest
2596 4968 2753 5025 quam
2785 4962 2986 5021 pauper
3011 4946 3079 5000 sit
3108 4961 3121 4997 :
3151 4958 3256 4996 non
3286 4940 3465 4995 verbis
3493 4951 3630 5007 opus
3674 4946 3762 4990 est
3787 4977 3804 5000 ,

2207 5068 2314 5107 non
2343 5047 2824 5107 demonstratione,
2852 5055 2952 5096 nec
2979 5035 3345 5106 responsione,
3381 5047 3481 5085 nec
3509 5029 3755 5086 doctrina
3790 5044 3803 5078 :

2209 5143 2434 5197 vestitus
2467 5141 2581 5208 ipse
2618 5135 2711 5190 tibi
2750 5145 3037 5205 pauperem
3074 5127 3289 5181 indicat.
3323 5124 3434 5178 lloc
3473 5136 3602 5191 ergo
3632 5128 3803 5175 totum

2208 5251 2344 5305 Opus
2364 5244 2417 5288 ‘et
2454 5240 2597 5286 recte
2639 5228 2832 5282 factum
2861 5231 2943 5277 est
2970 5219 3291 5289 apostolatus
3313 5258 3326 5280 ,
3358 5225 3414 5269 ut
3445 5216 3561 5268 hinc
3580 5212 3647 5266 ad
3675 5227 3808 5281 pau-

2213 5342 2391 5399 perem
2424 5323 2591 5386 chas,
2620 5329 2676 5374 ut
2705 5315 2996 5373 remedium
3029 5327 3131 5365 non
3164 5318 3363 5364 tantum
3391 5305 3647 5360 adhibeas
3676 5317 3808 5372 ege-

2213 5397 2365 5477 stati,
2391 5425 2450 5468 ut
2489 5413 2670 5476 dicas,
2704 5409 2932 5477 Majores
2970 5401 3181 5457 divitias
3229 5397 3450 5454 videbis.
3484 5397 3807 5466 Argentum,

2212 5511 2384 5581 inquit
2409 5550 2422 5571 ,
2450 5516 2498 5562 et
2540 5520 2720 5559 aurum
2753 5518 2854 5555 non
2896 5498 3051 5551 habeo
3071 5511 3092 5550 :
3111 5495 3247 5566 quod
3281 5503 3449 5546 autem
3495 5489 3653 5544 habeo
3673 5530 3688 5554 ,
3714 5489 3809 5541 hoc

2217 5579 2302 5655 tibi
2332 5600 2396 5653 do
2426 5614 2445 5651 :
2477 5598 2528 5650 in
2559 5595 2759 5648 nomine
2784 5590 2909 5644 Jesu
2933 5587 3125 5644 Christi
3153 5602 3319 5656 surge,
3349 5595 3396 5636 et
3426 5581 3633 5635 antbula
3665 5579 3805 5647 (Act.

2215 5697 2271 5750 5.
2294 5694 2370 5761 6).
2400 5688 2562 5745 Vides
2587 5695 2876 5756 egestatem
2906 5690 2960 5734 et
2985 5679 3227 5733 divitias?
3257 5684 3547 5744 egestatem
3590 5671 3808 5742 quidem

2221 5758 2565 5856 pecuniarum
2590 5815 2605 5844 ,
2635 5774 2729 5832 sed
2761 5771 2970 5827 divitias
2996 5762 3374 5818 charismatum
3415 5775 3475 5816 ac
3515 5758 3808 5816 denorum.
