4058 6394
251 401 326 459 85
1375 396 1439 453 IN
1480 394 2008 453 lNSClilPTIONEM
2048 395 2377 453 ACTORUM
2418 393 2480 451 ll.
3498 398 3567 451 8b

253 516 371 572 Non
397 517 614 573 sustulit
635 523 926 588 egestatem
958 511 1432 585 pecumarum,sed
1446 520 1737 583 egestatem
1755 525 1847 566 na-

254 617 389 663 tura:
408 606 662 663 correxit.

328 698 453 754 Non
494 709 615 755 sunt
660 698 983 753 contumeliis
1020 696 1269 770 (iniciendi
1310 713 1579 767 pauperes.
1621 726 1696 738 —-
1720 694 1853 753 Vide

253 790 574 845 modestiam
615 788 801 845 Petri:
838 789 1050 860 Respice
1096 789 1149 842 in
1193 804 1308 843 nos.
1353 787 1469 843 Non
1515 786 1855 843 contumeliis

252 882 459 949 affecit,
491 897 596 937 non
625 881 882 937 conviciis
912 881 1199 944 lacessivit,
1227 890 1283 935 ut
1310 879 1425 935 ﬁeri
1454 896 1484 935 a
1512 878 1665 934 nobis
1710 893 1856 949 sarpe

253 990 483 1030 numero
506 976 643 1030 solet
671 974 722 1028 in
759 989 854 1030 eos
873 1016 889 1041 ,
918 976 1006 1044 qui
1042 973 1196 1029 nobis
1225 973 1496 1042 supplices
1524 980 1852 1040 occurrunt,

251 1069 383 1122 dum
409 1067 613 1122 crimen
635 1065 742 1120 illis
765 1065 1068 1135 objieimus,
1092 1064 1233 1134 quod
1251 1064 1359 1118 sint
1381 1063 1491 1118 otio
1514 1063 1701 1119 dediti.
1719 1062 1855 1118 Num

251 1160 398 1215 enim
431 1157 534 1214 hoc
560 1156 655 1213 tibi
683 1157 989 1213 mandatum
1016 1163 1121 1222 est,
1154 1156 1227 1211 mi
1257 1157 1460 1211 homo?
1486 1154 1603 1211 Non
1630 1155 1724 1211 tibi
1751 1156 1855 1210 im-

255 1251 488 1322 peravit,
522 1260 581 1306 ut
608 1250 868 1306 desidiam
897 1249 973 1304 illi
997 1249 1294 1319 objiceres,
1323 1249 1419 1304 sed
1447 1260 1505 1303 ut
1534 1249 1702 1319 ipsiup
1727 1262 1856 1318 cge-

257 1341 391 1397 stati
417 1340 713 1397 remedium
738 1338 1054 1401 adhiberes;
1088 1353 1199 1393 non
1229 1347 1283 1393 te
1309 1338 1669 1407 improbitatis
1694 1352 1858 1393 accu-

252 1445 491 1491 satorem
520 1433 745 1499 creavit,
778 1431 873 1488 sed
905 1430 1171 1487 medicum
1193 1431 1512 1485 calamitatis
1540 1429 1856 1495 constituit;

254 1541 365 1580 non
408 1533 465 1578 ut
490 1523 767 1594 segnitiem
793 1522 1172 1591 exprobrares,
1204 1520 1299 1575 sed
1329 1530 1385 1574 ut
1405 1520 1711 1589 jacentibus
1739 1535 1859 1574 ma-

255 1632 386 1672 num
414 1616 745 1687 porrigeres;
771 1630 873 1668 uou
906 1623 963 1668 ut
993 1626 1171 1667 mores
1200 1612 1551 1681 vituperares,
1580 1611 1672 1665 sed
1703 1620 1757 1663 ut
1782 1608 1861 1664 la-

255 1723 400 1762 mem
430 1706 667 1761 sedares.
688 1709 755 1759 At
782 1719 881 1759 nos
902 1704 1226 1758 contrarium
1257 1702 1478 1756 facimus
1504 1720 1519 1755 :
1543 1718 1646 1757 non
1675 1700 1864 1771 digna-

254 1816 383 1854 mur
410 1798 477 1853 ad
507 1814 607 1853 nos
634 1797 952 1853 accedentes
981 1796 1220 1865 pecuniae
1247 1796 1527 1864 largitione
1553 1794 1737 1858 solari,
1765 1792 1862 1849 scd

253 1902 310 1945 et
358 1891 569 1945 illorum
607 1888 824 1943 vulnera
862 1888 1144 1951 criminum
1192 1886 1409 1956 insuper
1449 1884 1862 1955 exprobratione

254 1982 589 2037 vellicamus.
612 1981 753 2049 Quin
779 1981 941 2035 etiam
969 1978 1108 2049 apud
1141 1992 1427 2048 pauperem
1456 1992 1514 2033 se
1540 1986 1779 2043 excusat,
1800 1989 1863 2030 ac

257 2075 504 2130 modeste
530 2073 679 2129 illum
705 2074 993 2144 alloquitur
1022 2089 1035 2125 :
1066 2070 1271 2126 Inclina
1296 2071 1439 2125 enim
1459 2112 1474 2135 ,
1508 2070 1707 2140 inquit,
1732 2087 1865 2140 pau-

256 2165 367 2235 peri
394 2164 504 2219 sine
535 2163 737 2219 tristitia
780 2180 955 2217 aurem
994 2172 1161 2227 tuam,
1194 2172 1240 2215 et
1265 2160 1513 2231 responde
1541 2160 1619 2215 illi
1645 2161 1864 2231 paci/ica

256 2256 313 2309 in
342 2254 728 2309 mansuetudine
757 2253 946 2323 (Eccli.
974 2255 1022 2309 b.
1060 2254 1139 2324 8).
1173 2256 1452 2324 Argentum
1476 2262 1524 2307 et
1549 2269 1733 2306 aurum
1762 2269 1863 2309 non

258 2348 420 2403 habeo
449 2364 468 2401 :
493 2347 628 2417 quod
655 2357 822 2401 autem
848 2348 1026 2411 habeo,
1055 2346 1150 2401 hoc
1179 2347 1267 2399 tibi
1299 2347 1365 2400 do
1389 2361 1407 2398 :
1429 2346 1482 2399 in
1512 2347 1713 2399 nomine
1737 2344 1867 2400 Iesu

256 2438 448 2493 Christi
472 2455 643 2509 surge,
656 2422 942 2493 et'ambula.
961 2438 1075 2491 Duo
1084 2448 1207 2492 sunt
1224 2437 1326 2490 hoc
1352 2437 1489 2502 loco,
1505 2438 1861 2505 conversatio,

258 2540 313 2586 et
332 2532 668 2587 miraculum.
695 2530 1066 2595 Conversatio,
1094 2531 1368 2601 Argentum
1398 2540 1445 2583 et
1470 2546 1652 2583 aurum
1678 2538 1867 2585 nonest

258 2622 384 2677 mihi
402 2621 859 2678 :conversstionis
888 2622 1030 2676 enim
1057 2631 1111 2676 et
1135 2621 1360 2676 actionis
1394 2629 1477 2676 est
1504 2631 1743 2677 terrenas
1779 2636 1867 2678 res

259 2714 850 2784 despicere,lacultates
865 2729 989 2769 suas
1005 2714 1236 2784 abjicere
1253 2730 1480 2783 ,praasen
1489 2723 1593 2769 tem
1611 2730 1869 2784 spernere

259 2805 553 2861 vanitatem
580 2824 594 2860 :
618 2805 932 2861 miraculum
957 2822 1083 2861 vero
1110 2814 1194 2861 est
1220 2805 1469 2860 claudum
1498 2804 1734 2862 excitare
1754 2847 1769 2870 ,
1802 2822 1868 2862 ac

261 2897 503 2951 membra
522 2896 758 2950 mutilata
778 2911 989 2951 sanare.
1008 2896 1146 2951 Ecce
1160 2896 1251 2951 tibi
1265 2911 1393 2967 ergo
1405 2897 1869 2953 conversationem

260 2994 319 3039 et
340 2985 682 3042 miraculum.
700 2985 987 3041 Videamus
1010 2996 1188 3041 autem
1214 2986 1353 3041 unde
1372 2986 1558 3041 Petrus
1588 2988 1867 3057 glorietur.

260 3076 402 3143 Quid
434 3077 606 3133 dixit?
628 3094 696 3133 an
726 3093 788 3135 se
812 3078 1067 3135 miracula
1094 3079 1362 3135 edidisse?
1390 3078 1629 3135 Tametsi
1658 3080 1873 3136 fuerant

262 3178 377 3224 tum
407 3170 551 3225 edita
574 3172 645 3226 ab
673 3171 789 3241 ipso
815 3173 1070 3226 miracula
1101 3191 1113 3227 :
1144 3172 1239 3227 sed
1273 3174 1373 3228 hoc
1400 3189 1506 3229 non
1537 3173 1711 3238 dixit;
1742 3175 1870 3244 quid

262 3262 433 3331 ergo?
452 3260 587 3315 Ecce
613 3279 703 3316 nos
728 3262 1023 3332 reliquimus
1061 3266 1263 3327 omnia,
1295 3274 1342 3318 et
1383 3264 1581 3335 sequuti
1619 3282 1796 3319 sumus
1825 3275 1872 3319 te

266 3354 480 3422 (.ilatth.
513 3357 599 3411 l9.
630 3355 749 3427 27).
776 3355 935 3412 Vides
961 3357 1421 3413 conversationem
1444 3366 1499 3412 et
1528 3358 1868 3423 miraCnlum,

264 3459 320 3502 ct
350 3449 745 3504 conversationi
772 3449 1002 3518 palmam
1031 3449 1227 3503 tribui?
1256 3448 1392 3517 Quid
1428 3464 1557 3519 ergo
1592 3448 1872 3504 Christus?

264 3539 675 3595 tiontmendavit
698 3555 842 3606 eum,
878 3540 1129 3594 laudavit.
1159 3540 1286 3594 Dico
1306 3541 1447 3594 enim
1481 3540 1652 3606 vobis,
1679 3541 1869 3610 inquit,

265 3630 409 3698 quod
460 3646 555 3685 vos
600 3631 689 3699 qui
730 3631 1020 3700 reliquistis
1050 3632 1237 3685 domos
1265 3672 1278 3695 ,
1314 3639 1367 3684 et
1395 3646 1513 3699 quae
1549 3639 1866 3701 sequuntur.

268 3723 382 3776 Non
406 3723 557 3787 dixit,
582 3724 682 3791 Qui
703 3733 945 3778 mortuos
964 3724 1283 3789 suscitastis,
1309 3724 1403 3778 sed
1432 3723 1531 3778 Vos
1559 3726 1645 3795 qui
1665 3725 1845 3793 nliqui
1865 3755 1877 3765 -

265 3814 357 3867 stis
402 3816 531 3868 bona
558 3825 742 3880 vestra,
763 3815 996 3870 sedebitis
1015 3832 1166 3885 super
1190 3817 1333 3870 sedes
1367 3817 1633 3871 duodecim
1655 3815 1870 3887 (Matth.

272 3909 359 3961 l9.
388 3906 483 3977 29)
518 3925 530 3961 :
562 3916 615 3961 t-t
638 3908 812 3962 omnis
832 3949 846 3973 ,
880 3907 970 3977 qui
1018 3907 1293 3978 reliquerit
1322 3909 1499 3963 omnia
1545 3909 1682 3963 bona
1735 3924 1830 3963 sua
1856 3952 1870 3973 ,

272 4001 533 4054 honorem
565 4000 721 4053 istum
746 4010 1125 4071 consequetur.
1160 4000 1275 4056 Non
1308 4010 1460 4071 potes
1486 4001 1735 4056 claudum
1767 4002 1872 4057 eri-

268 4109 418 4162 gere,
443 4094 579 4147 sicut
606 4093 833 4148 Petrus?
861 4096 931 4148 At
958 4103 1112 4164 potes
1137 4094 1338 4158 dicere.
1363 4104 1419 4149 ut
1445 4096 1533 4151 illc
1558 4112 1570 4149 :
1595 4096 1874 4166 Argentum

269 4196 315 4239 et
346 4202 531 4239 aurum
560 4202 659 4239 non
685 4196 757 4239 est
784 4187 927 4240 mihi.
961 4186 1115 4253 Quod
1145 4188 1190 4241 si
1217 4187 1320 4241 hoc
1345 4187 1577 4254 dixeris,
1612 4186 1785 4243 lactus
1813 4204 1874 4245 es

272 4278 605 4354 prepinquus
650 4278 983 4334 Petro:imo
1018 4295 1150 4335 vero
1194 4294 1301 4333 non
1347 4280 1390 4333 si
1441 4279 1672 4345 dixeris,
1706 4279 1801 4335 sed
1829 4281 1875 4335 si

272 4370 489 4426 feceris.
520 4369 634 4425 Non
666 4381 818 4440 potes
853 4371 1058 4426 aridam
1090 4386 1305 4425 manum
1333 4372 1563 4427 sanare?
1588 4369 1692 4427 Sed
1721 4382 1875 4442 potes

271 4471 491 4517 manum
534 4471 713 4526 tuatu,
742 4477 903 4533 quam
948 4461 1312 4517 inhumanitas
1353 4461 1557 4516 aridam
1604 4461 1871 4528 reddidit,

275 4569 371 4623 per
410 4555 791 4609 humanitatem
831 4554 1142 4610 extendere.
1190 4554 1311 4608 Non
1352 4556 1415 4610 sit
1458 4556 1633 4619 enim,
1664 4556 1870 4626 inquit,

276 4656 509 4715 porrecta
533 4664 714 4701 manus
741 4658 829 4701 tua
848 4648 916 4701 ad
940 4648 1289 4718 accipiendum
1310 4689 1323 4714 ,
1349 4658 1395 4702 et
1423 4648 1491 4701 ad
1510 4648 1739 4702 dandum
1762 4648 1873 4701 col-

274 4739 404 4793 lecta
434 4738 621 4811 (Eccli.
652 4740 705 4793 1.
738 4740 852 4810 '56).
882 4739 1046 4795 Vides
1074 4755 1181 4794 non
1225 4740 1525 4794 ariditatem
1554 4782 1568 4804 ,
1594 4739 1688 4794 sed
1722 4740 1876 4794 inltu-

275 4831 587 4885 manitatem
631 4846 843 4901 quoque
874 4846 1088 4885 manum
1122 4830 1479 4887 contrahere?
1510 4830 1753 4886 Extende
1781 4830 1877 4901 igi-

274 4933 361 4977 tur
378 4923 523 4977 illam
545 4939 638 4992 per
656 4924 1037 4979 humanitatem
1060 4934 1115 4980 et
1134 4926 1553 4996 eleemosynam.
1579 4926 1693 4980 Non
1723 4938 1875 4995 potes

274 5018 575 5072 dzcmouem
606 5017 837 5086 ejicere?
868 5018 971 5073 Sed
1003 5029 1278 5087 peccatum
1308 5018 1442 5087 ejice
1464 5061 1478 5084 ,
1512 5020 1877 5089 majoreinque

275 5111 580 5165 mercedem
626 5111 876 5180 accipies.
908 5111 1069 5167 Vides
1110 5128 1215 5181 quo
1254 5123 1407 5181 paeto
1449 5114 1785 5169 conversatio
1825 5123 1879 5169 et

277 5205 416 5255 bona
467 5218 633 5268 opera
664 5195 929 5272 majorem
969 5220 1126 5275 quam
1162 5204 1417 5259 miracula
1448 5205 1752 5261 mercedem
1779 5248 1793 5272 ,
1823 5213 1879 5261 et

280 5294 452 5361 majus
476 5295 753 5362 prmmium
774 5297 1080 5350 merentur?
1095 5298 1171 5351 Ac
1189 5298 1231 5352 si
1254 5299 1407 5363 velis,
1432 5298 1645 5353 aliunde
1667 5314 1878 5369 quoque

278 5384 327 5437 id
360 5386 725 5440 ostcmlemus.
754 5384 1079 5441 Accesserant
1106 5389 1173 5441 ad
1197 5406 1330 5455 eum,
1353 5390 1541 5459 inquit,
1559 5391 1883 5460 septuaginta

277 5476 538 5543 discipuli,
558 5484 603 5530 et
630 5476 935 5547 gaudebant,
967 5478 1310 5549 dicebantque,
1341 5478 1573 5541 Domine,
1593 5482 1646 5534 in
1675 5482 1879 5534 nomine

278 5575 365 5617 tuo
392 5566 543 5622 etiam
570 5567 825 5621 dwmonia
870 5570 1107 5623 obediunt
1135 5570 1297 5624 nobis.
1329 5569 1397 5624 Et
1425 5550 1495 5624 ait
1530 5572 1633 5626 illis
1658 5588 1676 5625 .-
1703 5571 1877 5626 Nolite

277 5650 519 5727 §andere,
540 5661 657 5727 quia
683 5661 937 5714 dwmonia
964 5664 1098 5715 vobis
1121 5663 1377 5726 obediunt,
1399 5664 1489 5717 sed
1514 5664 1881 5735 gaudetc,quia

277 5755 485 5803 (sentina
514 5762 675 5806 rcstru
715 5754 903 5821 scripta
947 5763 1063 5809 sunt
1108 5756 1161 5807 in
1200 5757 1336 5809 aclis
1360 5754 1509 5825 (Luc.
1541 5757 1619 5812 10.
1652 5757 1729 5812 17.
1760 5756 1875 5824 20).

288 5839 445 5896 Vides
489 5841 681 5913 ubique
715 5846 1174 5902 convcrmtioucm
1211 5846 1410 5901 laudari
1432 5851 1451 5900 ’ἐ

2034 529 2088 585 ϐ.
2130 530 2245 600 Age
2286 543 2414 601 ergo
2456 537 2813 586 retractemus
2840 541 2964 599 qua:
3008 542 3040 582 a
3072 526 3227 583 nobis
3264 537 3392 585 ante
3433 540 3562 585 sunt

1958 621 2123 679 dicta.
2167 619 2234 675 In
2279 621 2375 677 hoc
2417 629 2722 691 cognoscent
2764 635 2961 685 omnes,
3011 619 3132 690 quia
3174 618 3420 690 dlscipuli
3467 620 3570 675 mei

1960 717 2098 784 estis,
2141 716 2187 771 si
2232 732 2320 771 vos
2354 716 2567 770 inuicem
2602 714 2881 769 dilexeritis
2910 710 3091 786 (Joan.
3134 713 3223 768 15.
3273 709 3389 784 35).
3423 711 3567 769 Ecce

1962 822 2069 862 non
2092 823 2160 863 ex
2182 806 2474 873 miraculis,
2498 806 2593 862 sed
2616 822 2681 862 ex
2702 805 3109 861 conversatione
3133 801 3376 875 dignosci
3395 803 3564 858 disci-

1963 898 2118 969 pulos
2158 898 2585 954 demonstratum
2630 906 2733 953 est.
2768 895 2941 962 Petre,
2984 895 3160 965 diligis
3188 911 3268 950 me
3299 896 3415 965 plus
3445 894 3568 948 his?

1964 1007 2115 1061 pasce
2154 1006 2270 1045 om
2313 1006 2450 1043 meas
2504 987 2623 1057 (ld.
2681 988 2774 1043 2|.
2828 987 2945 1056 17).
2988 985 3127 1043 Ecce
3168 986 3395 1042 alterum
3433 983 3575 1040 indi-

1962 1082 2128 1150 cium,
2152 1092 2207 1137 et
2236 1082 2557 1156 hocrursus
2596 1096 2628 1135 a
2667 1080 3079 1136 conversatione
3111 1089 3407 1148 sumptum.
3439 1076 3576 1133 Ter-

1965 1174 2097 1229 tium
2138 1187 2329 1227 rursus
2353 1172 2652 1227 iudicium:
2687 1169 2866 1225 Nolite
2891 1169 3135 1241 gaudere,
3170 1169 3291 1241 quia
3317 1168 3573 1224 dtentonia

1964 1264 2101 1319 nobis
2130 1264 2392 1329 obediunt,
2418 1262 2508 1318 sed
2537 1262 2771 1333 gaudete,
2794 1261 2917 1331 quia
2945 1260 3155 1315 nomina
3183 1268 3353 1315 vestra
3378 1267 3576 1329 scripta

1964 1365 2082 1410 sunt
2111 1354 2164 1408 in
2193 1354 2352 1410 catis.
2382 1352 2450 1408 Et
2493 1351 2596 1408 hoc
2630 1366 2819 1407 rursus
2857 1350 3288 1407 conversationis
3311 1358 3396 1404 est
3421 1357 3570 1403 recte

1968 1446 2188 1503 factum.
2239 1445 2335 1502 Vis
2364 1446 2527 1502 etiam
2556 1452 2801 1514 quartam
2847 1442 3008 1513 hujus
3046 1442 3125 1497 rei
3154 1441 3576 1497 demonstratio-

1967 1554 2090 1595 nem
2133 1536 2507 1609 cognoscere?
2553 1535 2762 1600 Luceat,
2815 1534 3008 1605 inquit,
3055 1534 3149 1589 lux
3191 1544 3356 1587 oestro
3398 1548 3573 1587 coram

1968 1629 2274 1693 hominibus,
2318 1636 2371 1681 ut
2396 1628 2598 1682 uideant
2623 1644 2779 1697 opera
2805 1637 2970 1681 uestra
2997 1626 3151 1689 bona,
3199 1633 3245 1679 et
3274 1624 3568 1694 glorificent

1969 1721 2178 1777 Patrem
2208 1730 2424 1775 vestrum
2462 1720 2547 1791 qui
2587 1720 2642 1773 in
2675 1719 2813 1773 aclis
2842 1729 2914 1773 est
2949 1715 3161 1788 (Matth.
3199 1716 3255 1771 5.
3284 1716 3399 1786 16).
3430 1716 3572 1772 Ecce

1970 1813 2058 1867 hic
2095 1828 2311 1884 quoque
2364 1826 2527 1881 opera
2579 1819 2889 1865 occurrunt.
2944 1809 3012 1863 Et
3056 1824 3177 1864 cum
3223 1823 3413 1864 rursus
3452 1808 3571 1863 ait:

1972 1905 2213 1973 Quisquis
2266 1902 2528 1973 reliquerit
2572 1902 2800 1967 domum,
2854 1899 2931 1954 vel
2982 1900 3189 1969 fratres,
3240 1898 3321 1953 vel
3373 1913 3579 1953 sorores

1972 2007 2179 2067 propter
2204 2013 2301 2059 me,
2335 1995 2625 2063 centuplum
2652 1994 2890 2064 accipiet,
2922 2001 2967 2046 et
2996 1993 3148 2045 vitam
3173 2000 3419 2045 teternam
3449 2006 3575 2062 pos-

1969 2088 2148 2143 sidebit
2190 2086 2403 2160 (Matth.
2452 2087 2541 2142 19.
2586 2084 2701 2155 29),
2756 2084 3224 2139 conversationem
3273 2082 3474 2149 laudat,
3524 2090 3582 2137 et

1972 2184 2137 2237 vitam
2183 2191 2449 2237 exactam.
2484 2179 2647 2235 Vides
2684 2178 2975 2247 discipulos
3018 2192 3083 2231 ex
3128 2191 3195 2230 eo
3240 2174 3402 2229 luisse
3432 2173 3579 2228 desi-

1972 2284 2187 2346 gnatos,
2239 2274 2381 2344 quod
2434 2280 2623 2327 mutuo
2672 2286 2733 2326 se
2782 2270 3086 2340 diligerent,
3137 2282 3261 2322 eum
3316 2281 3445 2320 vero
3485 2265 3578 2334 qui

1972 2365 2245 2421 Christum
2284 2368 2443 2434 supra
2470 2362 2746 2433 apostolos
2770 2360 3027 2430 diligebat
3062 2374 3130 2414 ex
3156 2374 3223 2413 eo
3250 2357 3573 2420 innotuissc,

1973 2456 2115 2527 quod
2146 2454 2341 2510 fratres
2385 2462 2628 2524 pasceret
2658 2472 2669 2506 :
2699 2468 2794 2508 eos
2816 2466 2979 2522 porro
3008 2450 3097 2519 qui
3119 2448 3358 2517 gaudere
3378 2446 3583 2502 debue-

1975 2554 2123 2614 runt,
2150 2561 2258 2601 nou
2298 2562 2363 2600 ex
2390 2560 2458 2600 eo
2486 2544 2631 2615 quod
2671 2542 2929 2613 ejicerent
2956 2539 3253 2603 da-mones,
3298 2537 3390 2591 sed
3422 2552 3487 2590 ex
3514 2551 3582 2590 eo

1975 2637 2117 2707 quod
2144 2642 2331 2691 carum
2360 2635 2577 2689 nomina
2621 2634 2820 2703 scripta
2862 2632 2912 2685 in
2939 2629 3086 2684 est-lis
3111 2638 3313 2690 essent,
3343 2626 3583 2697 gaudere

1970 2727 2153 2797 jussos
2191 2742 2332 2791 esse,
2378 2734 2539 2795 atque
2570 2724 2690 2778 illos
2719 2724 2809 2793 qui
2866 2722 3031 2776 Deum
3074 2718 3461 2788 gloriﬁcarcnt,
3506 2718 3575 2771 ab

1977 2832 2201 2888 operum
2252 2815 2541 2887 splendore
2587 2813 2751 2869 fuisse
2789 2812 3133 2881 designatos;
3188 2824 3284 2864 eos
3325 2822 3455 2863 vero
3491 2807 3580 2876 qui

1977 2912 2143 2965 vitam
2186 2917 2623 2980 assequercntur,
2674 2915 2728 2961 et
2779 2905 3087 2975 centuplum
3128 2902 3456 2971 acciperent,
3505 2898 3584 2952 id-

1978 3002 2123 3057 circo
2146 3001 2411 3070 ejusmodi
2440 3013 2663 3053 munere
2680 2997 2890 3061 donari,
2914 2993 3058 3065 quod
3078 2992 3361 3062 prmsentia
3385 3000 3582 3044 cuncta

1978 3092 2425 3160 contempserint.
2451 3089 2560 3144 llos
2586 3102 2778 3143 oumes
2810 3088 3041 3148 imitare.
3058 3082 3424 3153 etdiscipulus
3450 3095 3576 3136 esse

1980 3183 2201 3253 poteris,
2230 3191 2389 3252 atque
2414 3182 2551 3235 inter
2576 3179 2780 3233 amicos
2807 3177 2899 3233 Dei
2942 3177 3237 3237 numerari,
3265 3174 3431 3229 Deum
3467 3172 3586 3242 glo-

1980 3278 2213 3343 rilicare,
2237 3290 2300 3331 ac
2326 3276 2436 3330 vita
2462 3286 2663 3329 {eterna
2690 3272 2849 3342 potiri
2883 3289 2898 3327 :
2924 3285 3024 3326 nec
3054 3268 3440 3340 impedimento
3470 3266 3581 3321 ullo

1987 3371 2080 3423 tibi
2129 3384 2251 3424 esse
2281 3367 2493 3437 poterit,
2536 3364 2824 3435 quominus
2867 3362 3004 3417 bona
3050 3360 3355 3439 assequaris
3383 3357 3585 3422 omnia,

1983 3460 2126 3533 quod
2148 3461 2296 3530 signa
2325 3473 2430 3512 non
2454 3454 2638 3521 facias,
2674 3456 2718 3509 si
2748 3453 3215 3509 conversationem
3250 3448 3505 3503 mundam
3533 3455 3591 3501 et

1983 3562 2227 3607 exactam
2254 3565 2362 3619 pra:
2394 3558 2444 3602 te
2473 3548 2633 3601 lenas.
2660 3545 2791 3599 Nam
2820 3554 2869 3599 et
2899 3544 3015 3612 ipse
3046 3542 3237 3597 Petrus
3264 3540 3365 3593 hoc
3390 3553 3585 3592 nomen

1984 3658 2092 3696 non
2127 3651 2343 3711 prepter
2373 3638 2629 3693 miracula
2670 3637 2751 3690 vel
2779 3637 2928 3706 signa
2963 3634 3187 3703 recepit,
3231 3632 3326 3687 sed
3368 3640 3589 3701 propter

1984 3733 2180 3799 zelum,
2208 3745 2555 3798 amoremque
2583 3728 2870 3783 sincerum.
2899 3726 3079 3796 Neque
3109 3726 3252 3780 enim
3283 3724 3405 3794 quia
3439 3739 3590 3777 mor-

1987 3833 2109 3879 tuos
2129 3822 2433 3885 suscitarat,
2464 3830 2555 3874 ant
2576 3820 2699 3890 quia
2728 3818 2976 3872 claudum
3003 3826 3273 3881 erexerat,
3303 3815 3381 3868 sic
3407 3814 3590 3884 appel-

1985 3915 2126 3968 latus
2152 3922 2268 3978 est;
2301 3912 2396 3967 sed
2426 3912 2551 3981 quia
2597 3910 2754 3965 tidem
2787 3925 2909 3963 cum
2949 3907 3290 3962 confessione
3318 3905 3587 3959 sinceram

1985 4003 2329 4069 exhibuerat,
2380 4003 2481 4057 hoc
2531 4016 2727 4054 nomen
2782 3998 3031 4054 obtinuit.
3075 3995 3155 4050 Tu
3200 4013 3251 4050 es
3306 3994 3511 4059 Petrus,
3541 4004 3591 4048 et

1983 4113 2137 4165 super
2154 4096 2286 4148 hanc
2302 4105 2491 4165 petram
2505 4091 2769 4162 tediﬁcabo
2792 4090 3068 4144 Ecclesium
3085 4105 3245 4142 meam
3265 4085 3477 4158 (Matth.
3499 4086 3587 4141 16.

1988 4185 2099 4256 18).
2128 4187 2298 4252 Quam
2340 4185 2408 4240 ob
2436 4182 2700 4238 causam?
2729 4180 2841 4235 Non
2872 4181 2996 4250 quia
3022 4177 3141 4231 fecit
3182 4177 3462 4240 miracula,
3492 4176 3589 4231 sed

1984 4276 2107 4347 quia
2136 4276 2293 4341 dixit,
2316 4274 2393 4329 Tu
2423 4291 2475 4328 es
2504 4272 2732 4327 Christus
2756 4270 2923 4325 Filius
2950 4267 3045 4321 Dei
3078 4268 3194 4321 vivi.
3222 4256 3381 4321 Vi'des
3413 4265 3586 4335 ipsam

1984 4370 2147 4424 etiam
2182 4368 2323 4423 Petri
2366 4366 2780 4437 appellationem
2827 4377 2932 4417 non
2970 4376 2999 4414 a
3046 4359 3340 4424 miraculis,
3378 4358 3471 4412 sed
3518 4358 3588 4411 ab

1986 4460 2195 4515 ardenti
2243 4459 2360 4513 zt-lo
2400 4458 2609 4512 initimn
2641 4454 2902 4509 duxisse?
2944 4450 3141 4507 Verum
3187 4449 3401 4520 quando
3444 4448 3588 4503 l’etri

1986 4553 2087 4606 lcci
2116 4553 2467 4616 mentionem,
2498 4548 2662 4603 subiit
2697 4547 2934 4601 animum
2973 4560 3152 4598 meum
3194 4542 3414 4596 alterius
3444 4540 3590 4595 Petri

1986 4644 2311 4707 recordatio,
2353 4641 2655 4697 communis
2686 4640 2850 4709 pati-is
2878 4648 2930 4692 ct
2956 4636 3195 4691 doctoris
3214 4635 3314 4708 (a),
3344 4634 3434 4705 qui
3464 4649 3586 4688 cum

1989 4740 2063 4794 illi
2097 4740 2149 4793 in
2179 4738 2374 4792 virtute
2400 4734 2770 4798 successisset,
2798 4732 2961 4787 etiam
2994 4729 3137 4784 illius
3172 4728 3482 4783 cathedram
3505 4734 3591 4781 est

1985 4833 2231 4903 adeptus.
2279 4828 2403 4883 litec
2440 4830 2582 4882 enim
2632 4835 2714 4881 cst
2762 4840 2865 4879 una
2912 4822 3072 4877 ctiam
3112 4830 3311 4875 nostra:
3353 4817 3589 4873 civitatis

1988 4925 2337 4995 praerogativa
2367 4920 2665 4992 dignitatis,
2712 4919 2855 4990 quod
2890 4916 3183 4987 principem
3218 4912 3586 4981 apostolorum

1985 5018 2053 5072 ab
2096 5016 2249 5071 initio
2278 5014 2555 5070 doctorem
2581 5011 2872 5083 acceperit.
2902 5008 3138 5078 Equum
3181 5006 3325 5060 enim
3365 5013 3502 5067 erat,
3534 5011 3593 5056 ut

1987 5126 2073 5175 ea,
2106 5125 2223 5179 qua:
2269 5109 2488 5162 nomine
2516 5106 2947 5160 Christianorum
2990 5110 3115 5153 ante
3154 5098 3465 5152 univcrsmu
3494 5111 3586 5148 or~

1990 5202 2108 5257 be.n
2150 5210 2412 5255 terrarum
2441 5208 2630 5253 ornata
2677 5196 2793 5261 fuit,
2829 5193 3061 5263 primum
3104 5188 3469 5259 apostolorum
3504 5201 3594 5255 pa-
3664 5234 3669 5237 .

1989 5306 2190 5350 storem
2228 5294 2517 5363 acciperet.
2550 5290 2658 5348 Sed
2684 5306 2805 5344 cum
2834 5303 2954 5341 eum
2979 5286 3257 5339 doctorem
3287 5279 3592 5348 accepisse-

1991 5402 2130 5453 mus,
2158 5402 2263 5441 non
2294 5387 2345 5441 in
2372 5394 2685 5456 perpetuum
2718 5380 3058 5442 retinuimus,
3086 5374 3179 5430 sed
3204 5372 3363 5444 regim
3390 5369 3594 5426 civitati

1991 5480 2177 5534 Roma:
2220 5480 2365 5535 illum
2404 5476 2772 5533 concessimus
2806 5492 2819 5527 :
2850 5473 2958 5529 imo
2997 5486 3125 5525 vero
3177 5468 3229 5521 in
3273 5472 3589 5548 perpetuum

1991 5571 2167 5643 ipsum
2220 5572 2575 5627 retinuimus:
2609 5583 2730 5623 nam
2777 5578 2974 5633 corpus
3032 5560 3249 5631 quidem
3296 5555 3437 5611 l‘ctri
3486 5568 3592 5608 non

2062 5854 2131 5916 (ιι)
2170 5855 2447 5917 Episcopum
2485 5851 2843 5901 Antiurhcttum
2868 5844 3144 5894 Marianum
3161 5833 3413 5899 intelligit.
