4058 6406
510 330 577 431 si
1214 369 1272 424 s.
1310 367 1587 425 JOANNIS
1623 364 2089 423 cunvsosrom

2197 366 2461 424 ιιωιηιερ.
2502 367 3034 424 CUNSTANTINOP.
3718 373 3783 429 88

500 490 821 556 retinemus,
851 486 949 545 sed
982 486 1124 542 Petri
1147 484 1302 539 ﬁdem
1333 494 1604 554 tamquam
1632 483 1849 539 Petrum
1880 481 2082 537 retine-

501 596 624 636 mus
654 597 667 635 :
698 595 857 650 porro
899 578 1031 633 dum
1056 574 1198 630 Petri
1228 573 1385 629 ﬁdem
1419 574 1735 639 retinemus,
1768 572 1941 643 ipsum
1984 570 2085 626 Pe-

505 684 646 725 trum
682 670 959 724 habemus.
987 666 1061 721 lla
1087 681 1211 719 eum
1244 664 1568 721 imitatorem
1603 664 1745 718 illius
1774 676 2082 725 cernamus,

503 761 676 829 ipsum
697 772 918 815 cernere
937 755 1183 811 videmur
1207 773 1221 810 :
1251 755 1512 827 siquidem
1547 754 1808 810 Joannem
1836 750 2086 807 Christus

505 850 709 903 lluliam
732 846 1041 918 appellavit,
1068 861 1175 902 non
1195 846 1337 917 quod
1361 846 1536 901 llelias
1556 854 1697 901 esset
1714 844 1967 909 Joannes,
1990 842 2087 897 sed

502 940 647 1007 quod
678 938 731 993 in
761 938 951 1008 spiritu
979 938 1146 992 Helia:
1170 953 1233 993 ac
1254 938 1447 992 virtute
1474 936 1723 991 venisset.
1756 933 1907 990 Sicut
1928 934 2090 1004 igitur

500 1028 754 1093 Joannes,
788 1029 1039 1097 quoniam
1084 1028 1138 1082 in
1167 1027 1360 1097 spiritu
1409 1026 1572 1082 nelias
1613 1039 1675 1081 ac
1708 1024 1902 1080 virtute
1927 1038 2091 1078 vene-

504 1126 606 1177 rat.
651 1116 829 1172 llelias
864 1116 1183 1171 dicebatur:
1219 1116 1291 1170 ita
1335 1115 1419 1169 hic
1455 1129 1687 1184 quoque,
1733 1113 1985 1183 quoniam
2034 1113 2086 1166 in

500 1206 848 1261 confessione
872 1221 934 1261 ac
964 1206 1067 1260 ﬁde
1092 1206 1233 1261 Petri
1262 1206 1498 1272 advenit,
1529 1204 1721 1260 merito
1751 1204 1891 1259 illius
1928 1205 2089 1259 etiam

502 1296 865 1365 appellatione
887 1295 1188 1350 donabitur.
1233 1294 1367 1349 Nam
1395 1295 1814 1351 conversationis
1840 1294 2091 1364 cognatio

502 1387 780 1441 uortiinum
806 1386 967 1441 etiam
1002 1386 1434 1442 communionem
1474 1387 1634 1456 parit.
1656 1384 1886 1440 Oremus
1912 1393 2089 1439 autem

501 1492 713 1537 (nites.
742 1485 803 1531 ut
839 1476 905 1531 ad
932 1485 1263 1533 senectutem
1304 1476 1464 1532 etiam
1495 1477 1639 1533 Petri
1668 1477 1937 1546 perveniat
1968 1493 1982 1529 :
2015 1475 2092 1530 si-

2194 481 2411 552 quidem
2436 480 2713 553 apostolus
2746 482 2855 551 jam
2888 498 3055 538 senex
3082 482 3241 538 vitam
3269 483 3459 539 ﬂnivit.
3499 482 3629 538 Cum
3655 492 3787 539 enim

2190 575 2436 638 senuerit,
2465 573 2656 641 inquit,
2687 583 2803 626 tunc
2836 572 3037 645 cingent
3071 584 3138 639 te,
3168 584 3217 630 et
3246 574 3430 629 ducent
3462 592 3564 643 quo
3593 585 3648 629 tl
3684 594 3785 630 non

2191 667 2263 720 υἱσ
2294 664 2471 737 (Joan.
2502 664 2593 730 21,
2630 665 2738 736 l8).
2782 664 3077 721 Precemur
3120 674 3298 722 autem
3325 676 3380 721 et
3410 666 3545 720 huic
3571 665 3785 735 longam

2192 756 2315 809 vita:
2339 756 2805 810 conversationem
2837 773 2849 810 :
2883 756 2929 810 si
2958 757 3099 810 enim
3127 757 3452 827 producatur
3470 757 3591 827 ejus
3623 772 3786 812 sene-

2192 857 2333 913 ctus,
2365 847 2584 913 efﬁciet,
2617 857 2675 902 ut
2694 849 2866 919 magis
2885 860 3071 919 vegeta
3100 850 3170 903 sit
3193 859 3248 905 et
3284 847 3460 905 vivida
3490 848 3787 919 spiritualis

2189 940 2445 1011 juventus
2496 949 2680 995 nostra
2707 958 2721 993 :
2749 955 2911 1011 quam
2963 941 3165 995 utinam
3211 949 3371 997 etate
3401 940 3685 997 ﬂorentem
3725 954 3790 997 ac

2194 1033 2426 1088 vividam
2448 1047 2546 1088 nos
2566 1042 2825 1103 perpetuo
2849 1048 3171 1088 conservare
3194 1033 3470 1102 contingat
3490 1048 3613 1088 cum
3640 1031 3789 1086 illius

2200 1123 2469 1195 precibus,
2521 1132 2577 1178 et
2615 1122 2773 1192 hujus
2817 1122 2983 1189 Petri,
3012 1132 3123 1177 tum
3152 1123 3325 1192 gratia
3370 1132 3425 1177 et
3457 1122 3789 1193 benignitate

2200 1213 2411 1275 Domini
2455 1213 2623 1267 nostri
2658 1212 2785 1269 Jesu
2813 1210 3036 1277 Christi,
3068 1213 3153 1266 cui
3190 1212 3359 1282 gloria
3406 1220 3462 1266 et
3498 1212 3786 1282 imperium

2200 1320 2300 1357 una
2321 1318 2443 1357 cum
2466 1302 2669 1371 Spiritu
2699 1310 2911 1367 sancto,
2932 1317 3073 1357 nunc
3094 1310 3149 1355 et
3174 1316 3409 1371 semper,
3430 1310 3487 1357 et
3512 1302 3565 1356 in
3592 1301 3791 1357 srecula

2198 1394 2538 1450 seculorum.
2570 1395 2765 1448 Amen.

500 1857 676 1908 QUOD
722 1859 925 1901 UTILIS
976 1860 1072 1902 SIT
1116 1862 1341 1904 LECTIO
1382 1863 1719 1905 SACRABUI!
1762 1862 2089 1904 SCRIPTUIU

2197 1862 2277 1915 Μ,
2309 1862 2390 1903 ET
2433 1859 2604 1913 QUOD
2645 1861 2999 1904 εειινιτυη
3044 1862 3125 1904 ΕΤ
3152 1862 3549 1908 INCOMMODIS
3581 1864 3792 1908 OMNI-

584 1957 698 1999 BUS
727 1958 1286 2003 INEXPUGNABILEM
1320 1962 1575 2004 IEDDAT
1619 1963 1776 2015 EUM,
1823 1962 1931 2013 QUI
1975 1962 2089 2003 FUE

2197 1963 2211 2003 Γ
2256 1962 2351 2004 EIS
2393 1961 2703 2004 INTENTUS

2754 1964 2769 2002 2
2817 1963 2897 2004 ΕΤ
2938 1962 3113 2014 QUOD
3151 1963 3612 2009 APOSTOLORUM
3668 1968 3796 2009 NO-

584 2057 714 2098 MEN
760 2058 1112 2101 MULTABUM
1155 2061 1551 2105 DIGNITATUM
1596 2063 1694 2105 SIT
1725 2062 1965 2115 NOMEN,
2000 2063 2080 2104 ΕΤ
2114 2062 2284 2114 QUOD
2327 2061 2641 2103 EXTERNIS
2688 2060 3219 2117 MAGISTRATIBUS,
3268 2062 3549 2117 IPSISQUE
3626 2067 3796 2109 ADEO

588 2158 852 2199 REGIBUS
887 2158 1102 2201 NULTO
1148 2160 1447 2203 MAJOREM
1510 2162 1808 2204 IIABEANT
1851 2162 2087 2205 POTEST

2197 2162 2262 2203 ΞΜ
2306 2162 2387 2203 ΕΤ
2434 2159 2924 2203 Αυοτοηιτλτειι
2968 2160 3273 2204 ΔΡο8Το1.ι

584 2258 667 2300 an
712 2259 918 2301 uerna
963 2258 1348 2303 summos
1394 2241 1503 2321 (α).

3320 2165 3335 2203 τ
3382 2164 3462 2205 ετ
3508 2164 3569 2207 υ(
3620 2165 3796 2213 l-‘lNl-l.

1890 2458 2408 2523 amoma»-

577 2660 623 2712 Ι.
670 2660 918 2713 Λιιιτνίιαε
978 2660 1271 2713 auditorum
1317 2660 1545 2713 lattdata.
1608 2658 1892 2727 Scriptum
1940 2658 2087 2710 lectio

502 2767 617 2801 cum
672 2762 818 2814 prtth
863 2750 1069 2803 collata.
1097 2748 1321 2805 —Cum
1371 2759 1661 2819 egestatem
1720 2749 1915 2802 utentis
1954 2763 2087 2800 mea:

500 2839 805 2904 considero,
835 2849 1019 2910 torpeo
1060 2850 1115 2894 et
1164 2840 1409 2909 refugio,
1457 2839 1521 2893 ad
1556 2838 1858 2893 habendum
1904 2852 2085 2892 coram

504 2942 651 2983 tanto
675 2932 870 3000 populo
899 2947 1203 2986 sermonem
1235 2932 1486 2986 invitatus
1520 2950 1531 2983 :
1562 2946 1683 2986 cum
1714 2940 1891 2985 autem
1923 2929 2086 2982 animi

504 3024 665 3077 vestri
695 3024 1023 3078 alacritatem
1062 3025 1311 3094 reSpicio,
1355 3025 1433 3079 sic
1467 3034 1523 3078 ut
1551 3023 1754 3078 nullum
1794 3038 1889 3077 vos
1915 3024 2089 3093 capiat

503 3130 754 3183 umquam
800 3114 1049 3169 audiendi
1102 3097 1414 3181 fastidium,
1474 3116 1722 3171 ﬁduciam
1767 3131 1985 3170 resumo
2036 3125 2090 3170 et

504 3208 731 3272 excitur,
765 3224 830 3263 ac
862 3219 1109 3279 prompto
1150 3212 1329 3264 animo
1368 3209 1433 3264 ad
1455 3210 1711 3265 doctrinae
1742 3208 1972 3264 stadium
2006 3225 2091 3264 me

504 3301 750 3369 accingo.
784 3300 1020 3355 Possetis
1055 3301 1196 3355 enim
1226 3316 1342 3364 vos,
1374 3301 1417 3355 si
1444 3302 1526 3355 vel
1570 3302 1621 3355 in
1650 3301 1879 3355 animam
1909 3301 2090 3355 incur-

504 3393 715 3447 rissetis
742 3392 1024 3463 lapideam,
1067 3392 1164 3446 hac
1198 3404 1368 3449 vestra
1416 3394 1663 3449 audiendi
1701 3394 1990 3464 cupiditate
2025 3408 2089 3448 ac

504 3484 682 3537 studio
736 3499 908 3553 penna
960 3485 1153 3553 quavis
1202 3484 1458 3540 leviorem
1515 3486 1656 3539 illam
1714 3485 1963 3540 reddere.
2021 3485 2091 3539 Et

503 3573 949 3643 quemadmodum
974 3591 1092 3644 qua:
1122 3577 1174 3629 in
1218 3576 1451 3631 latibulis
1474 3578 1724 3631 animalia
1764 3577 2089 3631 delitescunt

506 3678 568 3717 ac
588 3664 761 3717 media
791 3662 981 3734 hyeme
1008 3680 1065 3718 sc
1088 3665 1223 3718 intra
1245 3681 1405 3733 rupes
1432 3666 1785 3729 abscondunt,
1816 3666 1904 3720 ubi
1930 3676 2089 3718 aesta-

510 3764 616 3807 tem
647 3754 879 3808 viderint
901 3770 1184 3823 apparere,
1214 3757 1431 3811 latihula
1463 3757 1743 3822 deserunt,
1776 3765 1970 3811 etcum
2003 3772 2089 3810 re-

507 3844 663 3913 liquis
692 3844 1051 3900 animantibus
1078 3858 1488 3918 congregantur,
1532 3864 1595 3923 ac
1622 3849 1778 3903 simul
1808 3849 2085 3903 nobiscmn

505 3936 771 3989 exsultant
814 3938 937 3990 :sic
986 3948 1039 3991 et
1082 3939 1291 3991 animus
1333 3950 1531 4003 noster,
1576 3940 1665 4009 qui
1716 3948 1982 4009 tamquam
2035 3939 2087 3992 iu

511 4026 789 4081 latibulum
819 4029 1085 4098 quoddam
1118 4030 1496 4085 imbecillitatis
1532 4033 1874 4085 conscientia:
1902 4046 1963 4085 se
1992 4032 2089 4084 ab-

507 4116 685 4183 debat,
726 4134 847 4173 eum
875 4127 1071 4174 vestra:
1100 4119 1334 4174 caritatis
1375 4120 1697 4175 desiderium
1728 4121 1983 4186 intuetur,
2019 4122 2091 4175 Ia-

509 4207 732 4263 tibulum
759 4208 977 4275 deserit,
1006 4221 1060 4266 et
1089 4212 1361 4266 vobiscum
1400 4222 1768 4281 congregatur,
1811 4220 1867 4267 et
1910 4212 1961 4265 in
1993 4212 2093 4266 hoc

508 4300 768 4369 spirituali
824 4300 1110 4370 divinaque
1165 4311 1337 4371 prato,
1401 4302 1453 4355 in
1506 4302 1753 4371 paradiso
1805 4302 2092 4373 Scriptura:

510 4390 779 4457 praeclaris
805 4390 1198 4461 Scripturarum
1238 4392 1460 4447 saltibus
1487 4392 1644 4447 simul
1675 4392 1951 4448 vobiscum
1999 4410 2095 4449 cx-

507 4481 693 4535 sultat.
735 4482 830 4536 Est
873 4484 1015 4536 enim
1064 4484 1337 4552 spirituale
1388 4494 1618 4552 pratum,
1671 4500 1734 4540 ae.
1781 4484 2089 4541 deliciarum

510 4571 787 4638 paradisus
814 4587 1085 4627 sacrarum
1114 4574 1271 4629 lectio
1292 4573 1701 4644 Scripturarum,
1733 4584 1786 4629 et
1816 4576 2091 4645 paradisus

506 4662 816 4716 deliciarum
860 4665 1028 4718 multo
1056 4664 1148 4718 illo
1174 4666 1364 4721 melior
1392 4668 1660 4735 paradiso.
1708 4666 1859 4723 llunc
1884 4671 2093 4738 paradi-

508 4768 623 4805 sum
656 4769 762 4806 non
796 4755 846 4807 in
879 4763 1043 4819 terra,
1068 4756 1161 4809 sed
1191 4756 1242 4810 in
1274 4757 1503 4811 ﬁdelium
1532 4758 1813 4813 animabus
1837 4760 2093 4827 plantavit

514 4842 653 4897 heus
684 4862 697 4897 :
731 4846 871 4899 hunc
903 4845 1203 4915 paradisum
1245 4864 1349 4902 non
1394 4849 1444 4903 in
1469 4849 1655 4913 Edem,
1687 4865 1783 4904 nec
1814 4850 1880 4903 ad
1911 4852 2090 4905 orien-

512 4947 616 4989 lcm
646 4952 751 4990 uno
779 4937 1239 5009 circumscriptum
1271 4940 1388 4994 loco
1416 4940 1613 5009 posuit,
1639 4941 1732 4995 sed
1764 4942 1958 5011 ubique
1989 4952 2093 4997 ter-

510 5042 687 5081 rarum
716 5030 985 5098 expandit,
1020 5041 1074 5085 et
1105 5032 1155 5084 in
1198 5031 1331 5085 lines
1368 5032 1514 5086 orbis
1537 5040 1802 5087 terrarum
1831 5034 2088 5087 extendit.

510 5122 682 5188 Atque
709 5129 767 5172 ut
792 5120 1058 5189 intelligas
1084 5122 1135 5175 in
1160 5122 1467 5176 universum
1495 5123 1677 5178 orbem
1702 5134 1965 5179 terrarum
1993 5139 2089 5179 ex-

515 5225 709 5277 pansas
748 5226 867 5266 esse
911 5210 1233 5281 Scripturas,
1280 5214 1404 5268 audi
1440 5214 1749 5284 prophetam
1780 5216 2042 5269 dicentem
2073 5232 2088 5269 :

512 5309 571 5353 tu
601 5319 798 5356 omnem
826 5313 1011 5356 terram
1038 5305 1186 5358 exivit
1230 5322 1385 5359 sonus
1415 5322 1609 5370 eorum,
1651 5318 1697 5360 et
1723 5308 1773 5360 in
1803 5308 1928 5375 ﬁnes
1958 5306 2091 5360 orbis

508 5407 655 5445 terra:
677 5391 824 5446 verba
846 5411 1015 5448 eorum
1044 5393 1213 5465 (Psal.
1234 5398 1321 5451 l8.
1352 5398 1405 5451 5.
1429 5397 1579 5451 Rom.
1614 5397 1699 5454 10.
1736 5398 1846 5467 18).
1876 5397 1998 5453 Sive
2023 5398 2087 5451 ad

512 5480 666 5537 ludus
712 5492 765 5539 te
798 5484 1065 5549 conferas,
1111 5503 1244 5557 quos
1282 5488 1464 5543 oriens
1491 5489 1689 5559 primos
1733 5490 1812 5543 sul
1854 5489 2088 5560 respicit,

507 5579 619 5631 sive
648 5575 713 5631 ad
744 5592 1000 5633 oceanum
1024 5589 1074 5633 tc
1095 5580 1359 5647 conferas,
1384 5581 1495 5636 sive
1522 5581 1588 5635 ad
1612 5581 1942 5637 Britannicas
1972 5582 2089 5637 illas

571 5708 640 5781 (τι)
676 5708 852 5781 fellata
874 5724 985 5781 cum
1012 5711 1329 5781 μεηςῖοιὶιρτῑ.
1354 5713 1494 5775 5058,
1535 5714 1617 5763 ubi
1652 5727 1823 5781 magna
1860 5728 1971 5778 pars
2002 5713 2086 5766 ho-

507 5770 647 5821 tntiia:
674 5773 721 5823 iu
746 5775 977 5837 priuetpiu
1000 5774 1323 5825 desideratur.

2200 2653 2424 2713 insulas,
2469 2651 2582 2705 sive
2624 2653 2679 2706 in
2724 2653 2987 2708 Euxinum
3022 2664 3239 2724 pontum
3284 2658 3523 2728 naviges,
3562 2660 3677 2714 sive
3720 2661 3789 2714 ad

2196 2745 2458 2798 australes
2497 2755 2674 2812 partes
2721 2744 2901 2810 abeas,
2946 2762 3133 2800 omnes
3174 2748 3366 2817 ubique
3405 2751 3589 2806 audies
3619 2754 3688 2806 de
3726 2754 3790 2807 iis

2195 2850 2313 2904 qua:
2359 2835 2410 2888 in
2453 2833 2723 2903 Scriptura
2768 2849 2892 2890 sunt
2935 2837 3393 2907 philosOphantes,
3431 2842 3532 2895 alia
3571 2843 3788 2911 quidem

2196 2942 2350 2989 voce,
2375 2926 2469 2980 sed
2507 2944 2613 2982 non
2636 2929 2735 2981 alia
2760 2928 2883 2993 ﬁde,
2912 2945 2972 2983 ac
3003 2930 3178 3000 lingua
3205 2932 3419 3001 quidem
3445 2933 3680 3001 diversa,
3700 2936 3799 2991 sed

2196 3028 2375 3073 mente
2412 3034 2666 3093 consona.
2705 3018 2837 3073 Nam
2870 3020 3060 3089 lingua:
3089 3022 3301 3089 quidem
3346 3038 3480 3077 sono
3521 3024 3803 3093 diﬂ'erunt,

2196 3111 2469 3179 religionis
2491 3118 2668 3164 autem
2703 3110 2861 3164 modo
2880 3128 2981 3165 non
3011 3110 3261 3166 diﬂ'erunt
3282 3123 3363 3167 :et
3381 3114 3559 3184 lingua
3579 3116 3801 3185 quidem

2197 3201 2752 3270 barbare‘loquuutnr,
2787 3202 2881 3256 sed
2910 3202 3069 3255 animi
3112 3216 3269 3256 sensu
3301 3203 3751 3274 phil050phantur
3787 3226 3803 3263 :

2197 3293 2529 3349 soloecismos
2552 3292 2751 3347 l'aciunt
2770 3308 2921 3355 sono,
2946 3293 3042 3347 sed
3065 3294 3310 3362 pietatem
3330 3296 3569 3349 moribus
3592 3298 3803 3352 colunt.

2268 3381 2513 3435 Paradisi
2538 3383 2751 3451 flumina
2784 3399 2916 3452 quc.
2946 3382 3071 3435 Cum
3119 3388 3255 3454 fonte
3300 3396 3628 3453 comparatur
3658 3388 3806 3441 Scric

2196 3485 2366 3545 plura.
2390 3506 2460 3515 —
2484 3474 2644 3529 Vides
2682 3475 3083 3541 amplitudinem
3128 3475 3353 3543 paradisi
3383 3476 3447 3531 ad
3490 3478 3623 3532 ﬂues
3650 3480 3804 3535 orbis

2196 3576 2458 3620 terrarum
2490 3566 2736 3620 extensi?
2782 3566 2875 3619 llic
2923 3581 3144 3635 serpens
3194 3582 3297 3623 non
3340 3578 3443 3635 est,
3482 3570 3629 3625 locus
3658 3582 3741 3625 est
3769 3587 3801 3626 a

2196 3658 2321 3711 feris
2349 3658 2622 3723 immunis,
2650 3672 2711 3710 ac
2742 3658 2967 3725 Spiritus
2992 3660 3159 3713 sancti
3192 3660 3357 3729 gratia
3399 3662 3654 3716 munitur.
3688 3662 3802 3717 Ha-

2198 3750 2286 3804 bet
2329 3759 2381 3803 et
2430 3749 2627 3803 fontem
2676 3749 2760 3801 hic
2806 3749 3114 3818 paradisus,
3171 3751 3620 3821 quemadmodum
3670 3754 3806 3819 ille,

2195 3840 2396 3897 fontem
2446 3857 2510 3895 ex
2560 3856 2665 3910 quo
2714 3841 2991 3894 iumunera
3052 3851 3340 3896 nascuntur
3391 3842 3628 3906 ﬂumina,
3687 3860 3803 3898 non

2200 3941 2430 3999 quatuor
2459 3938 2682 3984 tantum.
2716 3929 2830 3983 Non
2858 3931 2999 3985 enim
3027 3930 3276 4000 Trigrim,
3311 3948 3409 3986 nec
3441 3934 3801 4003 Euphratem,

2197 4037 2295 4075 nec
2340 4019 2647 4092 Egyptium
2692 4021 2890 4087 Nilum,
2942 4038 3040 4078 uec
3083 4023 3263 4077 Indum
3294 4023 3554 4094 Gangem,
3584 4027 3677 4081 sed
3711 4029 3798 4081 in-

2198 4128 2451 4167 numeros
2500 4112 2616 4165 fons
2664 4114 2763 4166 iste
2810 4112 2999 4168 ﬂuvios
3041 4115 3281 4169 eﬂ‘undit.
3330 4116 3459 4181 Quis
3499 4116 3603 4172 huc
3629 4119 3801 4173 dicit?

2200 4203 2337 4257 Deus
2377 4204 2509 4273 ipse,
2554 4204 2641 4273 qui
2687 4204 2876 4258 ﬂuvios
2914 4204 3066 4259 nobis
3113 4206 3246 4260 istos
3289 4206 3509 4277 largitus
3532 4218 3659 4262 est:
3696 4209 3802 4275 Qui

2197 4298 2326 4347 enim
2350 4294 2504 4349 credit
2533 4296 2584 4348 in
2612 4312 2709 4357 me,
2744 4296 2935 4365 inquit,
2964 4296 3094 4349 sicut
3113 4296 3243 4350 dixit
3260 4296 3549 4367 Scriptura.
3579 4301 3800 4369 ﬂumina

2197 4385 2260 4438 de
2288 4395 2454 4439 ventre
2496 4388 2605 4457 eius
2650 4387 2812 4454 fluent
2855 4402 3001 4456 aqua
3026 4388 3149 4440 vivat
3189 4384 3366 4457 (Joan.
3400 4388 3453 4441 7.
3485 4388 3601 4456 58).
3634 4390 3800 4447 Vides

2198 4490 2255 4531 ut
2297 4494 2401 4532 non
2445 4486 2672 4547 quatuor
2718 4478 2957 4543 ﬂumina,
3004 4478 3099 4533 sed
3145 4477 3349 4533 inﬁnita
3397 4480 3467 4535 ab
3513 4482 3603 4535 illo
3646 4482 3797 4538 fonte

2199 4567 2499 4637 proﬂuam?
2525 4567 2708 4638 Neque
2738 4584 2865 4623 vero
2894 4568 3231 4623 multitudine
3252 4578 3479 4637 tantum,
3509 4572 3602 4626 sed
3630 4574 3795 4627 etiam

2198 4673 2385 4715 natura
2434 4660 2553 4715 fons
2597 4669 2679 4715 est
2720 4661 2977 4715 mirabilis
3006 4679 3019 4714 :
3049 4676 3221 4732 neque
3244 4662 3387 4717 enim
3412 4678 3566 4731 aqua:
3594 4665 3795 4721 ﬂuenta

2195 4760 2338 4815 sunt,
2380 4749 2473 4805 sed
2521 4750 2754 4820 Spiritus
2794 4750 2953 4804 dona.
2987 4750 3129 4805 Fons
3171 4751 3270 4806 iste
3302 4752 3354 4805 in
3393 4753 3628 4824 singulas
3657 4754 3795 4811 ﬁde-

2199 4843 2325 4895 lium
2375 4832 2581 4897 mentes
2628 4842 2898 4908 dividitur,
2945 4852 2999 4896 et
3048 4858 3152 4897 non
3184 4843 3790 4910 minuiturzdividitur,

2194 4943 2244 4988 et
2278 4949 2383 4988 non
2424 4934 2799 4988 consumitur:
2832 4933 3160 5003 dispertitur,
3209 4942 3264 4989 et
3312 4934 3487 4990 minor
3532 4951 3637 4991 non
3689 4939 3784 4996 tit;

2195 5027 2336 5098 apud
2382 5042 2569 5081 omnes
2615 5027 2837 5096 integer,
2888 5035 2942 5082 et
2990 5029 3042 5081 in
3091 5028 3313 5096 singulis
3360 5030 3584 5099 integer.
3639 5030 3790 5084 Talia

2195 5133 2423 5188 namque
2443 5126 2567 5171 sunt
2585 5116 2813 5184 Spiritus
2831 5116 2991 5171 dona.
3020 5117 3109 5171 Vis
3131 5127 3187 5171 tu
3215 5119 3533 5173 ﬂuentorum
3566 5120 3790 5174 istorum

2196 5210 2494 5264 ubertatem
2524 5207 2884 5278 cognoscere?
2912 5208 2991 5262 vis
3015 5223 3275 5277 aquarum
3308 5220 3552 5263 naturam
3582 5222 3791 5280 cogno-

2195 5303 2382 5357 scere?
2406 5316 2511 5371 quo
2543 5308 2698 5368 pacto
2728 5299 2808 5353 his
2849 5314 2954 5354 non
2988 5299 3220 5377 similes,
3264 5300 3358 5355 sed
3406 5300 3487 5353 his
3536 5302 3791 5357 meliores

2194 5407 2317 5451 sunt
2360 5406 2414 5451 et
2458 5392 2848 5449 mirabiliores?
2895 5392 3031 5447 Audi
3080 5409 3265 5447 rursus
3304 5393 3574 5447 Christum
3616 5394 3787 5461 ipsum

2193 5489 2543 5543 Samaritante
2571 5485 2861 5551 dicentem,
2895 5493 2952 5539 ut
2979 5485 3274 5539 ubertatem
3313 5482 3476 5538 fontis
3504 5499 3789 5554 agnoscas.

2195 5580 2361 5646 Aqua,
2390 5596 2541 5648 quant
2590 5594 2680 5647 ego
2725 5577 2875 5643 dabo,
2930 5578 3102 5648 inquit
3152 5574 3316 5641 ﬁdeli,
3350 5576 3435 5643 ﬁet
3461 5576 3513 5629 in
3562 5592 3623 5631 eo
3674 5581 3790 5647 {ous

2193 5687 2340 5739 aqua:
2378 5671 2602 5724 salientis
2641 5670 2693 5722 in
2720 5670 2890 5723 vitam
2934 5678 3172 5722 a'tcrnam
3219 5664 3398 5737 (Joan.
3442 5668 3495 5721 4.
3527 5668 3639 5735 M).
3672 5668 3787 5721 Non

2194 5763 2347 5831 dixit,
2398 5761 2661 5827 exeuntis,
2697 5776 2801 5816 non
2826 5758 2982 5827 dixit,
3016 5758 3217 5822 eﬂusa',
3250 5756 3363 5821 sed,
3394 5756 3659 5822 th’cutis,
3697 5774 3789 5828 per
