4058 6396
261 344 336 399 89
881 340 970 401 DE
1011 343 1258 402 UTlLl‘l'.
1301 339 1661 402 LECTIONIS
1696 340 2257 402 SCRIPTURARUII.
2302 338 2372 397 IN
2401 338 2690 398 PRINCIP.
2732 336 3190 398 AC'I'ORUlJll.
3516 338 3588 396 90

259 455 438 514 saltus
477 451 860 513 abundantiam
900 455 1059 514 nobis
1100 458 1432 528 exprimens.
1476 455 1589 513 llis:
1636 455 1874 513 fontana:

275 546 456 602 solent
481 559 634 616 aqua
655 543 932 617 prosilire,
959 557 1123 619 atque
1141 546 1378 618 undique
1409 563 1715 620 erumpere,
1743 561 1880 618 quas

213 637 554 717 “continere
583 637 705 692 sinu
732 635 912 700 fontes
933 649 1227 716 nequeunt,
1249 639 1347 695 sed
1367 639 1558 696 ﬂuctus
1578 638 1876 715 frequentia

273 730 403 785 victi
433 730 670 802 undique
694 728 814 785 illas
839 732 1194 788 scaturientes
1218 730 1519 787 eﬂ‘undunt.
1541 730 1682 787 Cum
1710 730 1877 804 igitur

270 823 488 879 laticum
529 823 744 896 copiam
789 825 954 888 vellet
993 825 1252 890 indicare,
1287 826 1543 888 Salinas
1581 824 1734 889 dixit,
1768 839 1872 881 ne!

268 915 540 970 exeuntis.
607 914 702 971 Vis
773 917 935 972 etiam
1009 927 1255 973 naturam
1319 917 1438 988 ejus
1511 916 1876 989 cognoscere?

269 1005 352 1062 Ex
408 1019 508 1061 usu
556 1020 839 1078 cognosce.
881 1007 999 1064 Non
1033 1008 1176 1064 enim
1221 1009 1287 1064 ad
1327 1011 1489 1065 vitam
1528 1019 1871 1080 praesentem,

266 1096 366 1152 sed
414 1097 481 1152 ad
532 1098 698 1153 vitam
749 1108 1006 1154 aeternam
1069 1109 1152 1155 est
1215 1101 1379 1155 utilis.
1429 1100 1486 1156 ln
1550 1100 1656 1157 hoc
1716 1101 1876 1171 igitur

268 1187 520 1258 paradiso
563 1203 840 1245 versemur
886 1209 899 1244 :
962 1192 1296 1248 assideamus
1359 1191 1529 1256 fonti,
1599 1207 1669 1249 ne
1717 1191 1875 1248 nobis

264 1279 480 1334 accidat
545 1279 598 1336 id
667 1281 809 1351 quod
890 1281 1098 1336 Adamo
1163 1282 1402 1347 accidit,
1490 1291 1544 1338 et
1625 1283 1874 1353 paradiso

266 1370 623 1426 excidemus:
657 1387 724 1426 ne
771 1371 1128 1442 perniciosum
1177 1374 1458 1428 consilium
1502 1374 1866 1438 admittamus,

268 1477 341 1516 ne
382 1461 580 1516 diaboli
618 1461 860 1518 fraudem
907 1465 1259 1534 suscipiamus
1291 1482 1304 1517 :
1339 1481 1648 1521 maneamus
1678 1467 1820 1522 intus
1853 1484 1868 1522 :

266 1552 469 1622 quippe
517 1554 681 1608 multa
727 1554 851 1609 inde
896 1556 1154 1610 securitas
1186 1574 1198 1609 :
1234 1559 1287 1612 in
1320 1557 1548 1613 lectione
1581 1557 1871 1628 Scriptura:

268 1643 424 1696 istius
471 1659 898 1713 permaneamus.
951 1645 1018 1701 Ut
1063 1647 1207 1702 enim
1240 1648 1293 1712 ii,
1329 1650 1416 1718 qui
1447 1647 1578 1702 fonti
1610 1649 1866 1715 assident,

265 1741 322 1786 et
369 1747 496 1788 aura
547 1733 632 1788 illa
665 1727 929 1798 lrunntur,
963 1746 1018 1791 et
1042 1748 1176 1791 aestu
1222 1738 1503 1808 ingruente
1539 1741 1726 1795 faciem
1759 1741 1866 1797 fre-

266 1831 499 1892 quenter
545 1823 887 1894 immergunt,
936 1826 1185 1882 laticibus
1231 1831 1475 1883 :estivum
1503 1832 1740 1886 calorem
1769 1832 1864 1886 de-

253 1910 494 1982 pellunt,
528 1923 584 1968 et
610 1914 746 1979 sitis,
776 1931 879 1986 qua
908 1927 1187 1983 vexantur,
1219 1919 1362 1973 malo
1406 1921 1711 1984 medentur,
1741 1922 1867 1976 dum

267 2001 374 2054 illis
399 2001 468 2056 de
496 2005 794 2074 propinquo
833 2005 980 2061 fonte
1009 2009 1306 2064 remedium
1337 2015 1573 2080 suppetit
1604 2029 1620 2064 :
1659 2013 1738 2067 sic
1776 2013 1866 2084 qui

264 2107 542 2148 sacrarum
575 2097 705 2151 fonti
753 2097 1151 2168 Scripturarum
1211 2102 1447 2168 assidet,
1501 2104 1626 2158 licet
1653 2102 1866 2163 nefaria'

267 2184 503 2240 libidinis
533 2185 993 2254 tlamma_cruciari
1039 2205 1099 2245 se
1124 2192 1352 2255 sentiat,
1383 2208 1503 2248 cum
1531 2195 1763 2250 animam
1793 2195 1871 2250 Ia-

266 2277 459 2332 ticibus
509 2278 613 2334 illis
639 2279 952 2351 perfuderit,
982 2282 1136 2340 facile
1165 2283 1434 2339 ﬂammam
1463 2288 1674 2357 repellit
1703 2305 1717 2342 :
1755 2289 1870 2343 sive

263 2368 467 2421 fervida
511 2369 723 2425 infestet
767 2373 1062 2439 iracundia,
1091 2390 1210 2441 qua:
1250 2385 1518 2446 tamquam
1548 2391 1865 2433 succensum

265 2459 498 2520 lebetem
535 2476 629 2516 cor
674 2461 990 2530 inﬂammat,
1034 2465 1079 2520 si
1110 2466 1381 2522 modicum
1427 2485 1582 2539 aquae
1623 2471 1864 2538 instillet,

261 2548 550 2606 confestim
611 2554 702 2607 ine
757 2555 1211 2624 importunitatem
1266 2570 1575 2629 compescet
1631 2580 1644 2614 :
1697 2572 1752 2617 et
1801 2579 1866 2618 ex

262 2640 516 2696 erunibus
564 2644 739 2710 pravis
787 2647 1196 2714 cogitationibus
1225 2650 1458 2703 animam
1504 2660 1770 2722 tamquam
1801 2668 1866 2707 ex

264 2731 443 2785 media
486 2733 698 2788 ﬂamma
742 2737 935 2805 eripiet
963 2752 1236 2794 sacrarum
1267 2741 1425 2795 lectio
1448 2742 1862 2812 Scripturarum.

339 2822 394 2876 2.
436 2822 607 2890 Quam
654 2825 725 2879 ob
768 2841 986 2882 causam
1034 2832 1194 2884 etiam
1242 2847 1467 2901 magnus
1493 2833 1580 2887 ille
1609 2835 1867 2904 propheta

263 2911 456 2978 David,
483 2928 603 2969 cum
626 2916 788 2985 probe
816 2919 995 2985 sciret,
1021 2933 1217 2992 quanta
1243 2937 1306 2978 cx
1329 2923 1559 2979 lectione
1579 2926 1868 2995 Scriptura:

265 3013 451 3056 ntanet
499 3005 718 3068 utilitas,
761 3022 884 3062 eum
913 3010 1004 3079 qui
1044 3011 1333 3081 Scripturis
1380 3026 1638 3084 perpetuo
1685 3017 1754 3072 sit.
1781 3018 1866 3072 in-

265 3103 469 3159 tentus,
497 3103 552 3149 et
580 3110 763 3150 earum
791 3099 1058 3170 colloquio
1098 3102 1327 3168 fruatur,
1358 3107 1690 3176 cum'planta
1715 3124 1866 3162 com-

265 3194 421 3252 parat
443 3201 562 3253 quze
605 3200 820 3256 semper
859 3189 1065 3255 floreat,
1111 3193 1263 3262 juxta
1291 3194 1434 3250 rivos
1457 3210 1714 3267 aquarum
1743 3198 1863 3264 sita,

262 3272 395 3326 dum
428 3275 495 3328 ita
525 3275 762 3346 loquitur
790 3295 805 3332 :
835 3278 1023 3336 Beatus
1055 3284 1149 3347 uir,
1177 3286 1265 3352 qui
1290 3301 1392 3339 non
1417 3288 1540 3340 obiit
1578 3289 1630 3341 in
1656 3289 1869 3343 consilio

263 3364 560 3432 impiorum,
589 3377 634 3420 et
661 3370 711 3421 in
738 3371 818 3423 via
848 3383 1168 3441 peccatorum
1199 3392 1301 3430 non
1327 3380 1481 3443 stetit,
1521 3389 1570 3434 et
1611 3381 1662 3434 in
1688 3382 1865 3436 cat/te-

264 3453 363 3507 ἀνα
387 3459 684 3525 pestilentia
720 3477 820 3515 non
866 3465 994 3518 sedit
1015 3481 1034 3518 :
1061 3467 1152 3519 sed
1175 3469 1227 3521 in
1265 3469 1373 3540 lege
1403 3469 1610 3524 Domini
1637 3474 1868 3529 voluntas

262 3549 396 3617 ejus,
419 3559 461 3600 et
487 3550 539 3603 in
558 3552 666 3621 lege
694 3554 805 3624 ejus
831 3557 1246 3614 meditabiturdie
1265 3578 1326 3614 ac
1352 3574 1496 3617 nocte
1517 3580 1537 3618 :
1553 3575 1599 3618 et
1621 3569 1711 3618 erit
1737 3579 1867 3622 tam-

262 3654 417 3706 quam
446 3640 658 3731 lignum,
691 3647 827 3714 quod
851 3647 1134 3714 plumatum
1165 3663 1236 3706 est
1266 3671 1406 3708 serus
1432 3657 1674 3712 decursus
1699 3676 1866 3731 aqua-

262 3745 380 3782 m»
435 3730 606 3802 (I’sal.
663 3735 713 3797 l.
751 3737 894 3808 i-s).
958 3738 1024 3794 Ut
1079 3743 1220 3796 enim
1273 3745 1470 3815 lignum
1514 3749 1654 3803 illud
1711 3730 1866 3807 secus

261 3835 524 3891 aquarum
567 3825 827 3882 decursus
877 3833 1192 3900 plantatum,
1231 3846 1285 3889 et
1309 3837 1460 3906 juxta
1506 3841 1648 3895 rivos
1679 3844 1863 3911 situm,

261 3913 390 3966 dum
431 3919 651 3986 perenni
697 3935 954 3990 aquarum
999 3926 1152 3996 copia
1181 3929 1446 3998 irrigatur,
1490 3933 1632 3986 nulla
1666 3932 1862 3988 intem-

264 4006 413 4073 perie
449 4009 590 4062 aeris
633 4010 752 4065 lzedi
795 4021 987 4082 potest,
1028 4026 1083 4071 et
1125 4033 1298 4088 neque
1327 4021 1456 4074 solis
1481 4023 1660 4077 radios
1686 4025 1864 4081 acrius

261 4099 647 4158 iucalescenlcs
673 4106 1007 4176 reformidat,
1033 4127 1207 4182 neque
1227 4097 1456 4183 graviori
1479 4126 1612 4170 aastu
1639 4121 1864 4174 szevien-

259 4200 368 4245 tem
397 4207 576 4250 aerem
623 4198 981 4264 pertimescit;
1027 4216 1148 4256 cum
1195 4204 1338 4258 enim
1387 4206 1646 4260 inclusum
1697 4209 1750 4262 in
1802 4225 1862 4266 se

256 4280 612 4360 sufﬁcientem
664 4286 944 4344 humorem
993 4291 1208 4358 habeat,
1254 4311 1470 4352 onmem
1500 4298 1635 4354 radii
1665 4300 1861 4358 solaris

253 4375 496 4429 exterius
539 4375 874 4447 ingruentem
920 4382 1169 4438 ardorem
1200 4390 1377 4442 statim
1411 4390 1631 4459 depellit
1657 4407 1719 4448 ac
1745 4395 1858 4449 dis-

253 4464 389 4518 cutit
433 4483 446 4518 :
491 4466 569 4521 sic
612 4471 771 4524 etiam
819 4473 994 4528 anima
1045 4491 1164 4545 qua:
1204 4478 1352 4546 juxta
1395 4497 1672 4538 sacrarum
1714 4486 1858 4541 rivos

253 4554 650 4626 Scripturarum
683 4563 856 4631 sedet,
887 4580 948 4620 ac
972 4579 1230 4638 perpetuo
1261 4573 1479 4642 rigatur,
1511 4575 1639 4630 dum
1673 4579 1855 4634 latices

253 4647 396 4712 illos,
429 4664 714 4723 roremque
746 4655 976 4725 Spiritus
1021 4660 1073 4715 in
1113 4664 1398 4733 semetipsa
1425 4667 1643 4738 colligit,
1677 4673 1855 4726 omni-

251 4738 354 4796 bus
378 4755 557 4797 rerum
598 4744 949 4802 humanarum
990 4749 1344 4809 incommodis
1370 4759 1586 4813 resistet
1621 4761 1850 4826 invicta;

249 4833 362 4884 sive
407 4833 646 4900 morbus,
694 4838 808 4891 sive
854 4842 1198 4908 contumelia,
1245 4847 1358 4899 sive
1405 4849 1692 4915 calumnia,
1739 4854 1852 4908 sive

249 4923 531 4992 vituperia,
575 4925 690 4982 sive
729 4943 1045 5002 scommata,
1089 4935 1203 4992 sive
1233 4938 1442 5006 pigritia
1472 4945 1694 5012 qumvis,
1737 4947 1851 5002 sive

246 5022 441 5087 cuncta
490 5017 673 5072 mundi
719 5019 855 5080 mala
902 5021 954 5077 in
1003 5024 1266 5093 ejusmodi
1309 5031 1540 5086 animam
1592 5035 1846 5104 impetum

246 5105 462 5172 faciant,
488 5106 641 5164 facile
673 5113 1131 5179 perturbationum
1159 5121 1461 5176 incendium
1492 5129 1819 5194 propulsabit

244 5287 375 5342 Nam
428 5307 601 5361 neque
639 5294 824 5363 gloria:
873 5301 1201 5370 magnitudo,
1235 5320 1407 5376 neque
1435 5312 1686 5378 potentire
1727 5329 1844 5368 ma-

242 5380 427 5448 justas,
463 5397 562 5437 nec
583 5387 878 5442 amicorum
916 5397 1224 5461 prmsentia,
1253 5412 1350 5452 nec
1380 5399 1524 5454 aliud
1553 5403 1842 5475 quidquam

241 5488 304 5524 ex
352 5472 515 5530 rebus
561 5475 808 5535 humanis
851 5486 1086 5541 animum
1119 5487 1254 5544 adeo
1294 5492 1506 5549 tristitia
1537 5472 1842 5557 confectum

239 5566 402 5662 solari
435 5570 648 5638 poterit,
678 5586 740 5627 ac
761 5588 1036 5633 sacrarum
1067 5580 1226 5638 lectio
1253 5585 1674 5655 Scripturarum.
1706 5593 1841 5662 Quid

241 5655 336 5709 ila?
364 5659 516 5724 Quod
541 5661 626 5716 illa
645 5664 856 5732 quidem
874 5668 1071 5724 caduca
1094 5673 1220 5738 sint,
1245 5687 1298 5729 et
1324 5675 1567 5734 iuteritni
1587 5655 1837 5753 obnoxii,

241 5763 396 5825 quam
427 5751 498 5806 ob
525 5768 741 5811 causam
784 5769 835 5813 et
877 5760 1165 5818 obnoxium
1213 5768 1448 5826 interitui
1480 5783 1561 5829 est
1604 5751 1836 5848 ipsorum

1986 454 2284 512 solatium:
2314 464 2370 511 at
2420 453 2582 510 lectio
2619 451 2913 525 Scriptura:
2952 451 3278 523 colloquium
3331 460 3416 508 est
3463 465 3587 508 cum

1972 546 2118 602 Deo.
2146 546 2373 615 Quando
2404 544 2567 617 igitur
2590 560 2716 602 eum
2754 545 2845 616 qui
2868 544 3083 600 tristitia
3111 545 3183 600 sit
3203 544 3431 600 allectus
3457 559 3590 600 cou-

1982 638 2188 693 solatur
2235 637 2398 703 Deus,
2438 634 2568 706 quid
2593 650 2657 690 ex
2681 634 2845 692 rebus
2867 634 3064 692 creatis
3102 634 3277 705 ipsum
3305 634 3358 689 in
3389 650 3590 690 nueru-

1982 744 2097 784 rem
2125 736 2302 798 potest
2321 726 2630 797 conjicere?

2053 819 2136 873 Ad
2170 819 2435 874 lectionem
2482 817 2771 889 Scriptura
2816 831 2978 873 sacra
3005 816 3260 872 hortatur.
3313 815 3610 888 Scriptura,

1979 926 2095 963 cunt
2120 909 2334 965 nubibus
2359 909 2570 964 collata.
2593 937 2666 950 —
2684 907 2926 964 Lectioni
2968 923 3100 979 ergo
3149 908 3319 962 simus
3365 907 3582 973 intenti,

1979 1017 2088 1058 non
2115 1002 2248 1057 duas
2270 1010 2478 1058 tantum
2500 1001 2598 1057 has
2623 1000 2786 1071 horas
2803 1001 2826 1073 (
2839 992 2945 1056 non
2970 1001 3119 1056 enim
3142 1000 3210 1054 ad
3237 1001 3582 1103 securivtem

1977 1092 2174 1149 sufﬁcit
2220 1093 2338 1148 hac
2374 1092 2577 1148 auditio
2613 1092 2826 1162 nuda),
2867 1092 2962 1147 sed
3007 1101 3315 1163 perpetuo:
3356 1092 3585 1162 quisque

1976 1183 2198 1238 domum
2244 1197 2496 1240 reversus
2531 1182 2723 1244 Libros
2763 1196 2949 1238 sacros
2982 1183 3037 1238 in
3066 1196 3260 1237 manus
3301 1191 3499 1246 sumat,
3529 1189 3585 1234 et

1975 1273 2162 1332 eorum
2205 1291 2328 1346 qua:
2367 1274 2508 1329 dicta
2558 1283 2686 1330 sunt
2723 1288 2916 1330 sensus
2955 1282 3252 1344 percurrat,
3291 1275 3336 1328 si
3361 1272 3580 1344 quidem

1977 1375 2294 1436 perpetuam
2324 1373 2381 1420 et
2405 1363 2762 1420 sufﬁcientem
2788 1363 3074 1419 utilitatem
3102 1364 3382 1434 percipere
3401 1362 3583 1431 cupiat

1975 1472 2043 1511 ex
2084 1457 2380 1527 Scriptura.
2422 1455 2557 1512 Nam
2603 1466 2656 1512 et
2688 1457 2889 1526 lignum
2920 1456 3049 1512 illud
3068 1457 3220 1526 juxta
3243 1455 3387 1510 rivos
3418 1454 3579 1510 situm

1976 1563 2084 1601 nou
2120 1548 2186 1601 ad
2231 1547 2366 1601 duas
2405 1556 2462 1602 et
2502 1556 2614 1602 tres
2660 1546 2820 1602 horas
2847 1562 2970 1602 cum
3001 1547 3155 1617 aquis
3180 1554 3446 1611 versatur,
3482 1546 3580 1599 sed

1975 1639 2126 1694 omni
2167 1640 2255 1694 die
2295 1642 2550 1711 omnique
2597 1649 2776 1696 nocte.
2829 1640 3118 1710 Propterea
3169 1638 3311 1695 foliis
3356 1648 3580 1706 vernat,

1978 1739 2258 1801 propterea
2313 1730 2486 1786 fructu
2532 1743 2788 1801 gravatur
2831 1731 3034 1800 lignum
3067 1729 3219 1792 illud,
3251 1730 3379 1785 licet
3405 1730 3582 1785 nullus

1975 1836 2042 1875 ex
2089 1822 2395 1876 hominibus
2441 1823 2574 1876 illud
2605 1823 2791 1892 irriget
2817 1840 2833 1876 :
2871 1823 3124 1893 quoniam
3150 1822 3302 1892 justa
3325 1822 3468 1876 rivos
3497 1833 3582 1878 εει

1974 1913 2263 1976 consitum,
2310 1914 2580 1968 radicibus
2630 1914 2908 1969 humorem
2937 1913 3180 1984 attrahit,
3220 1922 3274 1968 et
3301 1914 3452 1983 quasi
3484 1929 3582 1983 per

1975 2015 2183 2062 meatus
2211 2008 2471 2078 quosdam
2500 2008 2554 2062 in
2585 2017 2752 2062 totum
2779 2021 2975 2080 corpus
2997 2007 3279 2061 utilitatem
3313 2007 3581 2061 transfun-

1972 2099 2054 2154 dit
2084 2117 2097 2151 :
2127 2100 2209 2154 sic
2235 2109 2290 2154 ct
2329 2100 2376 2155 is
2404 2101 2496 2168 qui
2522 2099 2832 2171 Scripturas
2887 2114 3073 2156 sacras
3097 2099 3312 2154 assiduo
3348 2099 3498 2170 legit,
3526 2109 3581 2153 et

1969 2192 2118 2261 juxta
2166 2192 2310 2246 rivos
2357 2191 2568 2253 illarum
2617 2190 2840 2258 residet,
2887 2191 3014 2245 licet
3042 2189 3313 2245 neminem
3363 2189 3577 2253 habeat,

1973 2286 2066 2352 qui
2114 2285 2517 2354 interpretetur,
2552 2283 2820 2354 frequenti
2850 2283 3080 2337 lectione
3123 2281 3278 2352 quasi
3309 2280 3580 2334 radicibus

1973 2375 2293 2445 quibusdam
2319 2376 2606 2430 utilitatem
2636 2374 2832 2429 haurit.
2862 2373 3068 2428 idcirco
3094 2387 3194 2426 nos
3210 2370 3406 2441 quibus
3424 2370 3579 2424 solli-

1971 2468 2237 2521 citudines
2270 2476 2465 2521 vestra:
2501 2477 2626 2522 sunt
2650 2477 2812 2530 notae,
2843 2464 3244 2534 occupationes,
3271 2478 3335 2518 ac
3365 2464 3577 2533 negetis

1972 2562 2161 2624 multa,
2192 2560 2392 2614 sensim
2421 2574 2486 2614 ac
2515 2559 2773 2629 paulatim
2821 2573 2918 2612 vos
2967 2558 3034 2611 ad
3083 2555 3380 2626 Scriptum
3419 2568 3578 2609 sensa

1972 2652 2308 2714 deducimus,
2357 2667 2422 2706 ac
2452 2653 2774 2706 lentitudine
2823 2651 3176 2720 expositionis
3205 2648 3490 2714 efﬁcimus,
3523 2658 3577 2701 ut

1971 2760 2181 2808 eorum,
2231 2760 2350 2812 quae
2397 2743 2537 2797 dicta
2586 2752 2729 2806 sunt,
2761 2743 3020 2796 memoria
3064 2741 3306 2795 tenacius
3330 2738 3578 2794 adiuero-

1971 2845 2109 2892 scat.
2132 2835 2262 2891 Nam
2285 2847 2337 2889 et
2361 2836 2530 2891 imber
2552 2835 2595 2890 si
2619 2835 2910 2890 vehemens
2936 2835 3215 2903 irrumpat,
3235 2833 3576 2903 superliciem
3657 2899 3664 2906 ν

1973 2938 2133 2983 terra:
2163 2929 2404 2990 inundat,
2437 2936 2491 2982 et
2518 2927 2786 2998 profundo
2817 2927 2949 2981 nihil
2985 2925 3241 2995 prodest:
3285 2924 3367 2978 sin
3398 2933 3577 2977 autem

1973 3023 2174 3075 sensim
2203 3028 2258 3074 et
2285 3020 2612 3090 pedetentim
2641 3021 2691 3074 in
2721 3035 2926 3075 morem
2950 3018 3060 3102 [olei
3107 3020 3157 3071 in
3203 3028 3360 3071 terra:
3386 3015 3578 3070 faciem

1973 3127 2033 3166 se
2076 3112 2329 3176 insinuet,
2375 3111 2528 3180 quasi
2579 3126 2674 3181 per
2709 3125 2874 3165 venas
2924 3105 3184 3179 quasdam
3241 3123 3334 3176 per
3369 3115 3579 3161 meatus

1973 3204 2090 3274 ejus
2115 3203 2180 3257 ad
2210 3203 2532 3272 profundum
2558 3201 2849 3268 delabitur,
2879 3202 3101 3272 ejusque
3123 3203 3326 3256 viscera
3352 3201 3578 3254 humore

1971 3296 2254 3366 complens
2273 3295 2339 3351 ad
2366 3295 2544 3366 fruges
2564 3297 2799 3352 ubertim
2829 3296 3116 3365 pariendas
3143 3293 3578 3349 fecundissimam

1974 3388 2118 3442 illam
2149 3389 2344 3443 reddit.
2375 3389 2662 3459 Propterea
2694 3404 2792 3444 nos
2814 3404 3030 3460 quoque
3060 3388 3395 3459 spiritualcm
3430 3387 3575 3441 hunc

1973 3481 2201 3535 imbrem
2242 3481 2522 3536 animabus
2567 3483 2763 3535 vestris
2807 3481 3065 3550 paulatim
3097 3480 3436 3534 immittimus
3461 3499 3474 3531 :
3503 3480 3574 3532 si-

1971 3572 2185 3641 quidem
2214 3572 2504 3642 Scriptum
2545 3573 2913 3642 spiritualibns
2939 3581 3068 3626 sunt
3098 3572 3328 3626 nubibus
3353 3571 3576 3636 similes,

1972 3673 2026 3716 at
2053 3678 2212 3718 voces
2237 3674 2292 3718 et
2317 3680 2510 3720 sensus
2540 3665 2696 3720 imbri
2729 3666 2932 3720 similes
2960 3674 3085 3720 sunt
3123 3666 3279 3734 longe
3307 3665 3410 3718 isto
3435 3679 3576 3734 pra:-

1971 3758 2213 3810 stautiori
2257 3776 2270 3812 :
2319 3769 2478 3828 atque
2529 3758 2728 3814 idcirco
2777 3759 3110 3829 spiritualcm
3159 3759 3301 3814 hunc
3348 3757 3574 3813 imbrem

1970 3849 2168 3902 sensim
2211 3849 2363 3904 vobis
2392 3849 2738 3913 infundimus,
2773 3861 2828 3904 ut
2855 3854 2921 3904 ad
2951 3851 3171 3905 fundum
3211 3853 3382 3920 ipsum
3413 3853 3575 3906 verba

1969 3949 2264 4006 permeent.
2300 3939 2378 3994 Eu
2407 3941 2484 4006 lit,
2519 3949 2575 3995 ut
2601 3957 2723 3996 cum
2750 3942 2814 3996 ad
2845 3953 3092 4012 quartum
3112 3944 3220 4012 jam
3248 3944 3388 3997 diem
3411 3958 3577 4011 expo-

1967 4031 2216 4084 sitionem
2265 4031 2699 4100 produxerimus,
2730 4035 2955 4088 necdum
2984 4043 3161 4088 tamen
3189 4049 3348 4088 unam
3383 4034 3575 4088 inseri.

1969 4121 2204 4188 ptioncm
2233 4123 2569 4192 potuerimus
2598 4124 2894 4192 prmterire,
2927 4125 3020 4177 sed
3051 4125 3224 4179 adhuc
3255 4125 3396 4180 circa
3429 4126 3570 4179 illam

1967 4225 2266 4266 versemur.
2312 4214 2494 4268 Satius
2536 4215 2678 4268 enim
2704 4224 2806 4279 est,
2837 4225 2892 4268 ut
2920 4217 3109 4281 exiguo
3150 4215 3395 4285 perfosso
3418 4233 3568 4285 agro.

1964 4315 2087 4354 cum
2119 4301 2184 4354 ad
2235 4300 2455 4356 fundum
2486 4303 2947 4370 descenderimus,
2995 4306 3222 4359 multum
3255 4306 3363 4360 illic
3389 4323 3568 4360 rerum

1966 4393 2388 4446 necessariarum
2432 4393 2739 4448 thesaurum
2781 4395 3135 4458 olleudamus,
3178 4410 3337 4465 quam
3378 4398 3420 4452 si
3447 4413 3567 4451 cum

1963 4495 2088 4536 arva
2130 4483 2296 4536 multa
2342 4485 2625 4552 superﬁcie
2669 4495 2824 4538 tenus
2856 4488 3300 4554 percurrerimus,
3347 4487 3566 4550 frustra,

1963 4583 2182 4636 temere,
2211 4585 2261 4630 et
2291 4577 2556 4631 incussum
2603 4594 2700 4632 nos
2727 4577 3048 4648 aflligamus.
3085 4581 3149 4633 At
3177 4581 3290 4634 scio
3319 4579 3566 4649 equidem

1961 4667 2161 4722 multos
2207 4667 2345 4723 hanc
2378 4670 2678 4724 tarditatem
2712 4686 2852 4740 :egre
2885 4672 3060 4736 ferre;
3093 4671 3186 4725 sed
3219 4672 3428 4726 illorum
3468 4688 3568 4741 ego

1961 4757 2434 4824 reprehensionem
2465 4759 2594 4814 nihil
2621 4775 2773 4823 curo,
2805 4761 2914 4814 sola
2945 4762 3074 4815 mihi
3103 4773 3276 4816 vestra
3306 4779 3448 4816 cura:
3485 4775 3566 4816 est

1959 4847 2182 4903 utilitas.
2232 4850 2332 4915 Qui
2388 4850 2619 4905 celerius
2683 4863 2901 4922 possunt
2956 4855 3237 4920 incedere,
3307 4856 3566 4910 tardiores

1958 4937 2151 4994 fratres
2194 4951 2505 5008 exspectent
2533 4960 2546 4994 :
2575 4958 2698 4996 nam
2731 4944 2814 4998 isti
2846 4944 3060 5014 quidem
3105 4955 3419 5014 exspectare
3446 4947 3564 5001 illos

1957 5039 2198 5097 possunt,
2229 5043 2282 5084 at
2315 5032 2634 5087 inﬁrmiores
2672 5033 2794 5087 illos
2833 5035 3044 5105 assequi
3070 5035 3290 5090 niinime
3317 5050 3559 5104 possunt.

1955 5121 2161 5176 Idcirco
2201 5123 2361 5178 etiam
2386 5123 2583 5180 Paulus
2603 5141 2707 5178 non
2731 5125 2929 5181 debere
2955 5142 3053 5180 nos
3079 5128 3153 5180 ait
3182 5127 3563 5182 imbecilliores

1953 5223 2077 5267 ante
2096 5224 2304 5284 tempus
2329 5230 2541 5284 urgere,
2569 5231 2690 5271 cum
2708 5217 2773 5270 ad
2808 5217 3150 5272 robustorum
3178 5219 3560 5288 perfe:-tioncm

1952 5319 2010 5359 se
2037 5304 2180 5374 ipsos
2211 5308 2432 5362 mmime
2453 5308 2660 5376 poesint
2679 5309 2968 5365 extendere
2990 5327 3003 5362 :
3024 5311 3116 5364 sed
3133 5309 3332 5365 debere
3351 5327 3449 5364 nos
3475 5311 3563 5363 lir-

1951 5396 2557 5453 miorcsimbecillitales
2592 5398 2926 5454 inﬁrmorum
2962 5401 3228 5456 sustinere
3249 5403 3326 5470 (l.
3358 5401 3476 5455 Cor.
3504 5402 3558 5454 8.

1950 5488 2027 5557 9).
2054 5487 2158 5541 Nos
2180 5487 2246 5543 de
2274 5500 2444 5544 vestra
2458 5505 2642 5544 sumus
2659 5491 2883 5547 utilitate
2911 5492 3144 5558 solliciti,
3168 5509 3274 5547 non
3293 5504 3348 5545 ut
3368 5507 3465 5546 nus
3484 5505 3560 5546 te-

1950 5595 2098 5633 more
2119 5589 2479 5637 ostentemus:
2509 5592 2670 5654 atque
2699 5584 2897 5640 idcirco
2918 5586 3165 5641 sensibus
3184 5587 3548 5642 immorantur.

2019 5671 2069 5723 3.
2118 5669 2462 5727 [familiarum
2484 5675 2534 5728 iu
2555 5676 2864 5746 principium
2884 5677 3122 5732 Actorum
3141 5680 3298 5744 ordo;
3330 5679 3451 5748 quid
3486 5681 3549 5731 si-

1950 5765 2156 5834 qui/iret
2185 5781 2364 5819 uomat
2393 5765 2643 5838 Apostoli.
2679 5767 2913 5825 Christus
2944 5788 2971 5823 η
2998 5771 3264 5825 smsililms
3311 5773 3379 5824 ad
3407 5773 3561 5842 spiri-
