4058 6412
515 351 575 409 at
1256 345 1321 425 sp
1352 341 1633 401 JOANNIS
1666 336 2142 398 cnnrsos'rout
2179 338 2498 397 ARCHIEP.
2538 340 3072 398 CONSTANTINOP.
3657 318 3663 323 ’
3736 342 3809 397 se

513 468 678 522 utalia
721 466 945 522 deducit.
976 493 1050 506 —-
1073 462 1254 535 Itaque
1280 461 1459 533 primo
1483 460 1572 516 die
1609 474 1719 515 non
1750 472 1871 515 esse
1896 466 2102 513 temere

513 557 916 637 praetereunda
961 542 1342 624 inscriptiones
1382 552 1626 608 dicebam
1646 591 1664 616 ,
1718 563 1825 619 quo
1869 557 2110 637 tempore

515 646 739 701 titulum.
754 645 905 699 vobis
922 644 1107 699 altaris
1126 643 1253 711 legi,
1270 657 1334 697 ac
1359 641 1509 697 Pauli
1530 639 1843 710 sapientiam
1872 636 2104 701 ostendi,

514 738 605 806 qui
632 737 856 791 militem
884 735 1139 799 alienum,
1164 733 1364 805 quippe
1417 732 1471 787 in
1521 729 1947 786 adversariorum
1995 728 2109 781 acie

514 824 712 891 stabat,
744 824 811 879 ad
838 824 1097 879 cohortes
1121 838 1249 879 suas
1278 822 1571 878 transtulit.
1706 820 1762 874 In
1810 820 1913 873 hoc
1951 817 2111 871 desiit

514 913 681 982 priori
714 914 804 968 die
833 923 945 968 tota
972 914 1218 970 doctrina
1244 930 1261 967 :
1291 922 1413 983 post
1439 912 1584 966 illam
1606 908 1842 965 secundo
1865 907 1977 971 die,
2017 908 2106 977 qui

513 1003 636 1059 l'ritrl
658 1012 804 1061 esset
831 1005 973 1061 illius
996 1014 1226 1071 auctor,
1262 1002 1652 1074 quaesivimus,
1704 1008 1761 1054 et
1809 998 2109 1054 invenimus

515 1094 611 1148 Dei
633 1097 799 1165 gratia
824 1095 1025 1151 Lucan
1050 1094 1454 1165 evangelistam,
1483 1091 1771 1161 multisque
1814 1088 1967 1145 vobis
2012 1087 2110 1144 de-

517 1187 1005 1243 tnonstrationibtts
1027 1201 1144 1241 rem
1170 1186 1229 1241 in
1246 1184 1543 1256 quastione
1572 1181 1801 1252 positam
1855 1179 2108 1250 probavi-

514 1291 659 1341 mus,
681 1291 907 1347 quarum
923 1276 1045 1330 alia:
1061 1275 1342 1341 clariores,
1369 1272 1728 1329 abstrusiores
1742 1269 1861 1325 alia:
1874 1268 2105 1324 fuerunt.

516 1365 645 1421 Scio
660 1381 890 1436 namque
909 1366 1111 1421 multos
1123 1380 1192 1420 ex
1215 1362 1550 1419 auditoribus
1574 1377 1656 1427 ea,
1690 1376 1810 1431 qua:
1834 1375 2110 1431 postremo

518 1457 644 1512 loco
658 1456 798 1511 dicta
823 1466 968 1523 sunt,
995 1465 1311 1527 assequutos
1341 1470 1447 1509 non
1476 1468 1635 1509 esse:
1667 1468 1769 1508 nec
1811 1460 1993 1507 tamen
2022 1450 2109 1504 id-

516 1548 664 1603 circo
687 1547 998 1603 subtiliores
1018 1562 1211 1603 sensus
1236 1546 1571 1601 confidenter
1595 1543 1843 1617 persequi
1869 1542 2108 1597 desiste-

519 1655 659 1694 mus.
687 1640 869 1712 Itaque
887 1656 950 1696 ea
972 1656 1095 1711 qua:
1125 1640 1357 1696 clariora
1370 1650 1515 1704 sunt,
1534 1636 1968 1707 simplicioribus,
1984 1650 2112 1704 pro-

518 1730 767 1786 i'uudiora
790 1747 915 1786 vero
945 1730 1236 1800 proderunt
1276 1729 1380 1795 bis,
1428 1729 1519 1799 qui
1568 1725 1776 1783 acutius
1819 1728 2109 1780 intuentur.

523 1820 739 1876 Variam
768 1823 965 1892 quippe
1008 1818 1251 1877 mensam
1271 1834 1393 1876 esse
1411 1826 1625 1890 oportet
1646 1832 1709 1872 ac
1730 1816 2063 1873 diﬂerentcm
2093 1854 2111 1880 ,

520 1907 954 1984 quandoquidem
984 1912 1309 1969 etdiil‘erens
1334 1922 1419 1968 est
1443 1927 1629 1967 eorum
1650 1910 1739 1981 qui
1771 1907 1977 1964 invitati
1990 1915 2158 1988 sunt,

522 2005 815 2074 appetitus.
850 2004 1032 2059 Primo
1046 2004 1213 2076 igitur
1234 2004 1323 2060 die
1360 2004 1429 2058 de
1466 2002 1835 2072 inscriptione,
1881 1998 2116 2055 secunda

525 2106 654 2149 vero
681 2094 768 2148 die
796 2094 864 2150 de
886 2110 964 2152 eo
987 2097 1078 2166 qui
1120 2095 1315 2150 librum
1352 2094 1608 2163 scripsit.
1661 2092 1826 2147 tertia
1866 2090 1955 2146 die
1997 2089 2113 2146 beri

524 2183 881 2239 disseruimus
922 2184 1064 2255 apud
1084 2199 1183 2241 eos
1211 2186 1303 2257 qui
1330 2184 1661 2239 adveneram
1702 2182 1773 2239 de
1807 2182 1959 2238 initio
1982 2183 2117 2237 scri-

528 2271 723 2341 ptura,
746 2283 802 2328 et
828 2275 1181 2341 ostendimus,
1205 2276 1345 2330 sicut
1371 2274 1448 2330 illi
1470 2282 1669 2329 norunt
1689 2274 1781 2345 qui
1806 2273 2111 2341 audierunt,

522 2362 653 2432 quid
673 2364 745 2418 sit
760 2373 961 2431 actum,
992 2364 1121 2434 quid
1143 2366 1216 2420 sit
1238 2365 1554 2420 miraculum
1576 2405 1593 2431 ,
1640 2374 1697 2421 et
1738 2364 1866 2434 quid
1891 2364 1962 2419 sit
1983 2379 2115 2419 cono

520 2456 780 2523 versatio,
804 2456 933 2527 quid
969 2457 1184 2529 signum
1236 2467 1295 2514 et
1338 2456 1638 2528 prodigium
1682 2471 1749 2513 ac
1798 2457 1965 2511 virtus
1990 2494 2007 2521 ,
2061 2464 2118 2510 et

521 2556 781 2617 quantum
806 2548 945 2604 inter
964 2549 1278 2620 utraquesit
1318 2549 1607 2603 discrimen
1632 2565 1647 2601 :
1677 2562 1782 2618 qua
1807 2548 2015 2602 ratione
2038 2547 2117 2599 al-

522 2646 699 2692 terum
726 2638 898 2707 majus
922 2639 1011 2704 sit,
1035 2640 1217 2693 utilius
1244 2640 1474 2694 alterum
1501 2656 1514 2691 :
1542 2648 1597 2694 et
1620 2653 1723 2708 qua
1745 2637 1953 2693 ratione
1973 2637 2112 2692 alte-

523 2744 647 2784 runt
672 2729 855 2783 solum
877 2745 973 2799 per
999 2744 1306 2800 seregnum
1332 2728 1580 2799 acquirit,
1612 2729 1836 2783 alterum
1861 2728 1961 2783 nisi
1984 2741 2114 2797 ope-

522 2836 643 2876 rum
666 2821 966 2875 subsidium
990 2830 1252 2887 assumat,
1283 2833 1439 2875 extra
1464 2820 1785 2877 vestibulum
1807 2818 1935 2874 illud
1961 2819 2113 2888 ejici-

522 2922 630 2969 tur.
648 2914 820 2969 Hodie
847 2915 1109 2984 reliquum
1148 2911 1512 2983 inseript..-nis
1546 2927 1728 2981 opera:
1756 2912 1986 2983 pretium
2031 2920 2114 2966 est

522 3004 765 3059 dicamus
789 3044 805 3068 ,
853 3013 907 3058 et
927 3004 1052 3074 quid
1080 3005 1346 3074 signiticet
1371 3003 1608 3073 Apostoli
1638 3018 1835 3058 nomen
1863 3002 2113 3056 ostenda-

523 3109 666 3149 mus.
696 3092 880 3163 Neque
906 3094 1049 3148 enim
1074 3094 1271 3148 nudum
1297 3102 1380 3148 est
1408 3108 1603 3148 nomen
1642 3092 1765 3160 hoc,
1792 3092 1887 3147 sed
1913 3092 2113 3161 magis—

523 3192 696 3241 tratus
721 3196 803 3240 est
826 3186 1130 3256 appellatio,
1153 3186 1370 3241 maximi
1386 3186 1744 3255 magistratus,
1772 3185 2112 3255 magistratus

524 3277 760 3331 maxime
783 3278 1095 3347 spiritualis,
1119 3279 1459 3348 magistratus
1486 3278 1736 3336 ctelesrs's.
1788 3277 1895 3333 Sed
1940 3288 2113 3334 atten-

522 3366 638 3422 dite
660 3367 962 3437 diligenter.
987 3368 1118 3424 Nam
1141 3370 1589 3441 quemadmodum
1616 3371 1669 3426 in
1692 3371 1853 3427 rebus
1892 3372 2116 3427 stecula-

524 3457 673 3511 ribus
698 3458 1038 3527 magistratus
1088 3471 1213 3515 sunt
1240 3461 1429 3524 multi,
1486 3476 1594 3516 non
1646 3472 1822 3516 tamen
1870 3462 2110 3531 ejusdem

520 3561 715 3602 omnes
742 3548 1034 3618 dignitatis,
1060 3551 1153 3605 sed
1175 3552 1265 3605 alii
1285 3552 1515 3620 majores
1541 3595 1553 3617 ,
1600 3552 1689 3607 alii
1716 3552 1950 3607 minores
1973 3569 1986 3607 :
2015 3569 2114 3607 ex—

526 3636 687 3708 empli
716 3650 900 3703 eausa,
918 3649 977 3694 ut
992 3641 1060 3694 ab
1077 3640 1315 3695 inferiori
1337 3642 1800 3697 enumerationem
1818 3642 2110 3708 ordiamur,

525 3738 609 3783 est
636 3728 893 3785 Defensor
917 3733 1187 3798 civitatis;
1222 3744 1302 3788 est
1334 3734 1428 3787 illo
1455 3735 1734 3789 sublimior
1761 3736 1933 3804 gentis
1968 3734 2114 3789 Prm-

518 3833 650 3883 ses;
680 3828 764 3874 est
784 3820 920 3875 alius
948 3830 1067 3891 post
1094 3822 1239 3878 illum
1269 3824 1610 3891 magistratus
1637 3824 1841 3893 major:
1891 3834 2112 3879 estrur-

524 3922 618 3961 sus
638 3908 887 3979 Magister
911 3911 1177 3966 militum:
1220 3923 1304 3967 est
1332 3912 1659 3977 Prasfcctns;
1706 3924 1789 3967 est
1835 3916 2115 3971 sublimior

528 3997 645 4052 istis
663 4002 1025 4069 magistratus,
1038 4001 1271 4071 dignitas
1281 4001 1570 4057 Consulum
1587 4021 1600 4057 :
1618 4012 1672 4058 et
1692 4018 1880 4059 omnes
1898 4005 2113 4072 quidem

529 4086 583 4140 lti
613 4098 738 4144 sunt
761 4092 1131 4159 magistratus,
1158 4092 1254 4146 sed
1271 4107 1379 4145 non
1408 4092 1649 4162 ejusdem
1677 4108 1867 4148 omnes
1887 4095 2115 4165 dignita-

526 4177 630 4229 tis:
662 4178 733 4231 ita
763 4180 915 4235 multi
942 4190 1064 4235 sunt
1096 4180 1405 4250 spirituales
1432 4183 1777 4252 magistratus
1804 4200 1909 4239 non
1930 4202 2113 4257 mqua-

530 4268 609 4321 les
659 4269 919 4338 dignitate
967 4289 980 4325 :
1028 4287 1189 4340 porro
1229 4274 1401 4342 major
1450 4273 1700 4329 omnibus
1753 4284 1836 4330 cst
1887 4278 2117 4347 dignitas

530 4359 897 4425 Apostolatus.
932 4362 975 4416 A
999 4362 1350 4418 sensibilibus
1375 4365 1517 4419 enim
1541 4365 1704 4420 rebus
1727 4366 1793 4421 ad
1817 4369 2113 4437 spiritualia

530 4450 680 4516 quasi
709 4464 871 4504 mauu
891 4451 1119 4507 ducendi
1148 4455 1299 4509 estis.
1349 4455 1422 4509 ita
1459 4454 1587 4510 fecit
1629 4467 1683 4511 et
1718 4458 1961 4514 Christus
1984 4501 1999 4526 ,
2046 4462 2115 4517 de

526 4539 728 4607 Spiritu
752 4540 1027 4599 disserens
1043 4559 1194 4614 aqua:
1206 4546 1469 4604 meminit.
1486 4547 1587 4615 Qui
1600 4556 1730 4602 enim
1747 4548 1863 4603 bibit
1882 4568 1943 4613 ea;
1981 4569 2115 4621 aqua

530 4631 644 4694 hac,
660 4632 791 4686 sitiet
816 4635 1019 4702 iterum,
1039 4637 1233 4706 inquit;
1247 4639 1331 4705 qui
1346 4649 1512 4694 autem
1528 4639 1703 4695 biberit
1714 4658 1777 4696 ea:
1790 4660 1939 4714 aqua,
1962 4662 2115 4713 quant

530 4738 623 4791 ego
652 4723 783 4778 dabo
810 4727 876 4792 ei,
900 4743 999 4780 non
1018 4730 1151 4781 sitiet
1174 4729 1227 4783 in
1253 4742 1496 4785 aeternum
1523 4732 1703 4804 (Joan.
1736 4735 1791 4789 4.
1819 4735 2115 4811 15).‘Vides

534 4829 657 4867 eum
704 4831 733 4869 a
788 4818 1078 4874 sensilibus
1120 4821 1184 4874 ad
1234 4823 1524 4891 spiritualia
1564 4826 1932 4881 mulierculam
1965 4828 2112 4882 illam

535 4909 839 4965 deduceret
869 4911 957 4966 Sic
987 4927 1087 4966 nos
1113 4912 1277 4968 etiam
1302 4916 1531 4985 agimus,
1563 4929 1617 4973 et
1664 4921 1733 4975 ab
1774 4922 2114 4978 inferioribus

531 5000 597 5052 ad
630 5003 901 5069 superiora
922 5005 1330 5061 conscendimus
1350 5048 1366 5074 ,
1414 5018 1473 5062 ut
1519 5010 1686 5080 magis
1720 5014 1995 5082 perspicua
2016 5014 2116 5069 ﬁat

530 5093 724 5147 oratio.
752 5094 1037 5165 Propterea
1055 5114 1177 5153 cum
1199 5100 1267 5155 de
1290 5100 1601 5170 magistratu
1622 5104 1982 5174 loqueremur,
2008 5124 2113 5162 non

530 5184 821 5252 spiritualis
850 5196 1050 5242 tantum
1081 5192 1408 5245 mentionem
1436 5193 1681 5260 fecimus,
1712 5196 1806 5250 sed
1848 5200 2115 5253 sensibilis

533 5276 889 5343 magistratus,
912 5288 968 5332 ut
987 5280 1055 5333 ab
1084 5280 1184 5335 hoc
1212 5298 1309 5337 vos
1330 5283 1395 5337 ad
1413 5284 1563 5339 illum
1594 5301 1755 5340 manu
1775 5288 2113 5345 duceremus.

533 5367 768 5422 Audistis
787 5380 914 5437 quot
934 5374 1217 5429 sznculares
1242 5377 1579 5444 magistratus
1600 5381 2111 5449 enumeraverimus,

532 5468 585 5511 et
607 5475 715 5528 quo
743 5472 894 5531 pacto
914 5464 1001 5518 alii
1031 5466 1245 5535 quidem
1279 5466 1526 5537 majores,
1561 5470 1650 5525 alii
1700 5485 1829 5525 vero
1876 5473 1979 5527 sint
2010 5475 2113 5528 tni-

531 5563 711 5616 nores,
753 5562 808 5606 et
835 5569 941 5621 quo
973 5567 1125 5625 pacto
1151 5557 1439 5614 Consulum
1465 5561 1803 5629 magistratus
1824 5564 1975 5633 quasi
2002 5567 2115 5620 cul-

536 5657 652 5696 men
675 5656 724 5699 et
749 5657 900 5715 caput
935 5663 1041 5717 prro
1060 5650 1280 5720 reliquis
1309 5654 1515 5707 cunctis
1541 5654 1806 5709 emineat:
1844 5655 2114 5713 videamus

2224 457 2531 528 spirituales
2576 459 2736 514 etiam
2779 459 3140 530 magistratus.
3164 458 3467 529 Spiritualis
3496 468 3581 514 est
3633 464 3811 530 magi-

2215 555 2436 610 stratus,
2454 547 2757 619 Prophetite
2773 549 3114 619 magistratus
3137 567 3151 604 :
3177 558 3260 603 est
3274 549 3409 603 alter
3424 547 3810 618 Erangelistte.

2214 646 2298 692 est
2329 637 2586 705 Pastoris,
2615 650 2699 693 est
2727 640 2992 703 Doctoris,
3016 650 3101 695 est
3124 638 3389 695 donorum
3410 679 3426 701 .
3458 645 3546 694 est
3567 644 3861 717 curatio-3‘»F

2217 743 2369 797 num,
2384 738 2465 784 est
2493 728 2950 799 interpretationis
2971 730 3294 800 linguarum.
3332 729 3457 785 Hac
3483 728 3665 783 omnia
3709 744 3810 780 no—

2214 820 2356 872 mina
2378 818 2592 889 quidem
2612 828 2738 874 sunt
2756 820 3043 886 donorum,
3076 835 3162 874 res
3186 831 3364 874 autem
3392 819 3805 890 magistratuum

2214 924 2277 962 ac
2300 919 2642 979 potestatum.
2672 910 2941 982 Propheta
2976 912 3318 982 magistratus
3357 921 3440 966 est
3470 928 3486 965 :
3518 910 3657 980 apud
3707 925 3812 964 nos

2216 999 2259 1052 is
2312 1000 2403 1069 qui
2444 1000 2719 1057 daemones
2747 1002 2931 1071 ejicit,
2983 1003 3325 1073 magistratus
3369 1013 3489 1057 est:
3521 1002 3664 1074 apud
3709 1015 3814 1056 nos

2214 1088 2405 1145 Pastor
2429 1098 2484 1145 et
2513 1091 2709 1147 Doctor
2729 1092 3021 1163 spiritualis
3062 1102 3146 1148 est
3195 1092 3539 1163 magistratus
3564 1109 3579 1145 :
3611 1106 3806 1147 verum

2215 1180 2298 1237 his
2317 1182 2564 1238 omnibus
2592 1186 2769 1255 major
2788 1196 2870 1241 est
2897 1186 3242 1256 Apostolicus
3265 1185 3629 1255 magistratus.
3656 1182 3813 1240 Unde

2214 1288 2342 1327 vero
2364 1273 2416 1328 id
2431 1276 2678 1330 constat?
2692 1275 2843 1342 Quod
2859 1292 3045 1332 omnes
3060 1278 3193 1331 istos
3211 1274 3473 1345 praecedat
3498 1274 3810 1344 Apostolus.

2214 1361 2280 1417 Et
2308 1364 2757 1434 quemadmodum
2789 1368 2927 1421 inter
2970 1365 3265 1421 sensibiles
3294 1365 3641 1435 magistratus
3669 1362 3814 1417 Con-

2214 1454 2319 1516 sul,
2359 1456 2438 1508 sic
2480 1455 2620 1509 inter
2648 1456 2957 1524 spirituales
3006 1455 3296 1525 Apostolus
3336 1453 3559 1509 honoris
3605 1451 3809 1523 gaudet

2214 1545 2587 1615 puerogativa.
2625 1547 2921 1602 Audiamus
2944 1546 3118 1615 ipsum
3146 1546 3369 1602 Paulum
3391 1555 3807 1601 enumerantem

2218 1634 2528 1703 dignitates,
2546 1637 2672 1702 etin
2700 1636 3000 1692 sublimiori
3025 1637 3145 1691 loco
3168 1637 3530 1706 Apostolicam
3550 1637 3829 1691 collocan-

2219 1734 2345 1779 tem.
2380 1724 2520 1793 Quid
2551 1726 2711 1796 igitur
2762 1726 2834 1781 ait
2889 1726 3023 1781 ille?
3082 1726 3347 1793 Quosdam
3396 1726 3599 1795 quidem
3643 1727 3815 1797 possit

2220 1814 2355 1870 Deus
2392 1819 2447 1870 in
2476 1815 2728 1884 Ecclesia,
2759 1819 2979 1889 primum
3009 1818 3265 1889 apostolos
3283 1858 3302 1883 ,
3344 1817 3562 1872 secundo
3591 1817 3816 1887 prophe-

2220 1916 2318 1967 tas,
2341 1908 2490 1960 tertio
2511 1908 2762 1974 doctores,
2792 1917 2841 1961 et
2870 1917 3118 1978 pastores,
3141 1907 3324 1961 exinde
3363 1909 3558 1977 gratias
3587 1908 3817 1961 curatio.

2220 1997 2435 2064 nam“.
2469 1996 2586 2051 Cor.
2618 1996 2705 2052 19η

2290 2087 2620 2150 Apostolatus
2661 2088 2879 2158 dignitas
2916 2096 3128 2158 quanta.
3170 2088 3308 2155 Quid
3353 2104 3440 2157 per
3477 2104 3661 2160 genere
3701 2087 3810 2141 Iin-

2220 2193 2436 2247 guarum
2456 2178 2962 2250 intelligat.—Vides
2984 2179 3254 2251 fastigium
3279 2178 3633 2250 dignitatum?
3666 2180 3820 2235 vides

2218 2269 2536 2338 Apostolum
2569 2269 2850 2326 sublimem
2888 2270 3105 2337 sedere,
3140 2286 3241 2326 nec
3275 2269 3439 2325 ullum
3477 2270 3654 2342 ipsum
3682 2285 3819 2340 pra:-

2217 2360 2431 2426 cedere,
2448 2371 2537 2416 aut
2557 2361 2923 2417 sublimiorem
2949 2362 3042 2416 illo
3067 2362 3225 2419 esse?
3248 2360 3487 2416 Primum
3502 2364 3648 2417 enim
3673 2364 3809 2431 Apo-

2218 2452 2387 2506 stolus
2432 2451 2580 2513 dicit.
2612 2453 2851 2507 secundo
2880 2452 3199 2523 Prophetas,
3251 2454 3409 2507 tertio
3460 2453 3722 2506 Doctores
3764 2461 3813 2506 et

2220 2540 2471 2596 Pastores
2515 2541 2755 2597 :deinde
2780 2544 2980 2614 gratias
3022 2543 3381 2607 curationum,
3412 2542 3814 2612 cpitulationes,

2221 2631 2661 2703 gubernationes;
2684 2648 2881 2703 genera
2924 2632 3248 2702 linguarum.
3300 2632 3484 2702 Neque
3512 2648 3647 2686 vero
3694 2642 3814 2685 tan-

2219 2729 2328 2774 tunt
2356 2721 2685 2792 principatus
2711 2730 2795 2776 est
2822 2729 3137 2775 cmterarum
3165 2722 3482 2791 dignitatum
3522 2720 3816 2790 Apostolu-

2220 2819 2325 2876 ttts,
2354 2809 2449 2865 sed
2473 2810 2635 2865 etiam
2666 2811 2815 2866 radix
2842 2825 2904 2864 ac
2926 2806 3352 2865 fundamentum.
3371 2811 3437 2863 Et
3461 2810 3817 2879 quemadmo-

2216 2900 2345 2955 dum
2370 2912 2526 2971 caput
2556 2902 2609 2955 in
2651 2902 2952 2956 sublimiori
2984 2902 3104 2956 loco
3131 2902 3290 2955 situm
3329 2916 3434 2956 non
3465 2901 3626 2955 modo
3671 2903 3818 2972 prin-

2218 2994 2426 3062 cipatus
2442 3004 2524 3048 est
2544 2995 2786 3063 corporis
2812 3003 2972 3062 atque
2996 2994 3322 3057 dominatus,
3346 2992 3441 3048 sed
3463 2994 3627 3048 etiam
3659 2994 3813 3048 radis

2220 3084 2518 3154 (siquidem
2554 3083 2728 3149 nervi,
2753 3086 2841 3154 qui
2871 3098 3067 3153 corpus
3092 3092 3300 3152 regunt,
3326 3085 3575 3138 oriuntur
3603 3098 3672 3138 ex
3700 3084 3815 3150 illo,

2218 3184 2273 3227 et
2299 3189 2363 3228 ex
2394 3174 2510 3243 ejus
2551 3175 2775 3228 cerebro
2816 3174 2946 3239 nati,
2977 3189 3039 3227 ac
3080 3173 3299 3243 spiritus
3327 3172 3611 3243 largitione
3639 3174 3814 3236 ditati.

2217 3264 2413 3319 deinde
2442 3274 2610 3319 totum
2640 3264 2835 3318 animal
2867 3263 3270 3333 moderantur),
3294 3262 3371 3317 sic
3391 3271 3446 3317 et
3468 3264 3819 3333 Apostolatus

2218 3370 2324 3408 non
2370 3353 2531 3408 modo
2574 3367 2840 3424 tamquam
2883 3354 3214 3423 principatus
3257 3353 3671 3408 acdominatus
3706 3370 3817 3425 pra:

2218 3446 2431 3500 cteteris
2480 3446 2639 3500 donis
2680 3448 2903 3511 eminet,
2934 3447 3029 3500 sed
3061 3447 3302 3501 omnium
3342 3460 3557 3516 quoque
3603 3448 3817 3503 radices

2219 3538 2637 3607 comprehensas
2665 3538 2804 3608 apud
2834 3554 2892 3593 se
2918 3538 3135 3592 retinet.
3166 3539 3241 3591 Ac
3280 3536 3545 3603 Propheta
3595 3537 3814 3607 quidem

2219 3628 2510 3698 Apostolus
2551 3644 2672 3683 esse
2700 3643 2804 3683 non
2835 3636 3008 3698 potest
3053 3637 3107 3683 et
3152 3626 3415 3697 l‘r0pbcta
3460 3645 3473 3679 :
3522 3628 3617 3682 sed
3665 3629 3814 3697 Apo-

2218 3720 2388 3775 stolus
2431 3730 2513 3775 est
2541 3722 2702 3775 etiam
2745 3721 2963 3774 omnino
3011 3718 3301 3789 Propheta,
3349 3727 3403 3773 et
3427 3720 3626 3789 gratias
3654 3719 3817 3775 habet

2218 3813 2573 3876 curationum,
2606 3823 2660 3865 et
2701 3827 2900 3882 genera
2950 3811 3272 3881 linguarum,
3313 3819 3367 3865 et
3410 3810 3815 3880 interpretatio-

2222 3918 2316 3957 nes
2368 3904 2668 3973 linguarum
2721 3920 2734 3955 :
2786 3910 3068 3972 prapterea
3103 3900 3434 3971 ptiucipatus
3462 3911 3517 3955 et
3546 3901 3699 3955 radix
3730 3910 3816 3956 est

2219 3996 2529 4066 gratiarum.

2290 4089 2342 4141 4.
2377 4087 2542 4141 Porro
2564 4096 2621 4140 ut
2649 4086 2762 4140 lucc
2792 4085 2862 4139 ita
2887 4099 2944 4139 se
2972 4084 3168 4139 habere
3188 4092 3419 4151 constet,
3438 4092 3632 4139 testem
3658 4085 3813 4142 vobis

2220 4179 2425 4233 adduco
2442 4177 2681 4231 Paulum.
2700 4177 2852 4231 Prius
2870 4187 3045 4229 tamen
3061 4176 3239 4229 dicere
3252 4175 3521 4239 convenit,
3536 4176 3665 4246 quid
3684 4177 3811 4231 illud

2223 4271 2432 4325 tandem
2461 4272 2547 4329 sit.
2572 4284 2766 4339 genera
2800 4268 3134 4337 linguarum?
3171 4267 3307 4333 Quid
3331 4266 3489 4337 igitur
3508 4277 3592 4323 est
3615 4283 3813 4338 genera

2223 4361 2556 4429 ungunt-um?
2573 4360 2707 4413 Olitn
2726 4358 2870 4429 isqui
2890 4359 3188 4427 baptizatus
3215 4358 3809 4423 fuerat,etcrediderat,

2221 4454 2399 4507 statim
2425 4453 2489 4507 ad
2511 4452 2739 4521 Spiritus
2759 4450 3479 4530 manifestationemdiversis
3510 4451 3705 4520 linguis
3736 4452 3813 4504 lo-

2219 4545 2635 4616 qucbatunNatn
2651 4547 2901 4615 quoniam
2913 4544 3086 4598 adhuc
3100 4543 3637 4599 imbecillioreerant
3650 4543 3814 4597 homi-

2222 4652 2317 4691 nes
2334 4637 2472 4691 illius
2484 4636 2602 4698 mvi.
2617 4636 2975 4704 etSpiritualia
2989 4635 3127 4688 dona
3142 4649 3247 4688 non
3260 4642 3397 4705 potet
3412 4643 3504 4686 .mt
3516 4634 3693 4688 oculis
3707 4651 3813 4688 ca;-

2223 4728 2338 4781 neis
2354 4730 2616 4793 contueri,
2632 4726 2884 4781 sensibile
2901 4726 3095 4780 donum
3114 4724 3357 4788 dabatur,
3377 4733 3433 4779 ut
3453 4724 3816 4780 inttotcscerct

2223 4820 2721 4889 Spirituale,quique
2734 4820 3027 4889 baptizatus
3044 4816 3423 4884 fuerat,statim
3440 4816 3615 4888 lingua
3632 4829 3747 4871 nnst
3760 4836 3812 4870 tn

2223 4920 2279 4965 et
2306 4910 2537 4974 Persica,
2562 4921 2615 4964 et
2644 4909 2842 4974 Indica,
2871 4919 2925 4963 et
2949 4908 3195 4978 Scythica
3244 4906 3601 4976 loquebatur;
3650 4908 3730 4961 sic
3760 4918 3813 4960 ut

2222 5018 2343 5058 eum
2367 5002 2566 5071 Spirittt
2590 5012 2774 5055 sancto
2803 5002 3054 5055 donatum
3083 5014 3203 5072 esse
3232 4998 3593 5067 intelligerent
3622 4998 3811 5051 inlide-

2222 5094 2323 5150 les.
2350 5097 2425 5148 Ac
2448 5095 2657 5164 signum
2682 5093 2899 5162 quidem
2931 5090 3176 5146 sensibus
3207 5088 3507 5158 subjectum
3535 5100 3673 5152 erat.
3697 5090 3812 5143 talis

2222 5188 2434 5255 inquam
2464 5201 2604 5249 vox;
2651 5186 2913 5254 siquidem
2944 5182 3185 5251 corporis
3233 5196 3397 5235 sensu
3444 5180 3587 5234 illam
3631 5180 3815 5234 audie-

2222 5276 2350 5330 bant
2376 5294 2387 5329 :
2415 5276 2743 5346 spiritualem
2774 5283 2971 5338 autem,
2996 5282 3051 5329 et
3076 5289 3194 5344 qua:
3218 5273 3437 5327 minime
3465 5273 3807 5338 cernebatur,

2222 5369 2455 5438 Spiritus
2507 5368 2727 5436 gratiam
2773 5366 3069 5434 subjectum
3113 5364 3357 5418 sensibus
3412 5363 3621 5433 signum
3674 5364 3811 5417 istud

2222 5462 2468 5516 omnibus
2492 5461 2826 5514 manifestam
2862 5458 3131 5512 reddebat.
3164 5458 3230 5511 Et
3262 5457 3361 5510 ltoc
3382 5458 3590 5527 signum
3618 5473 3811 5526 genera

2226 5557 2522 5625 linguarum
2554 5554 2938 5623 appellabatur.
2971 5552 3069 5618 Qui
3098 5552 3241 5605 enim
3294 5550 3503 5603 unicam
3551 5564 3578 5601 a
3630 5562 3813 5603 natura

2224 5648 2455 5717 linguam
2488 5646 2735 5708 habebat,
2765 5644 3025 5699 beneﬁcio
3056 5643 3238 5713 gratia:
3283 5641 3443 5694 variis
3468 5655 3531 5694 ac
3559 5639 3811 5695 differen-

2225 5741 2362 5795 tibus
2403 5739 2596 5808 linguis
2642 5736 3005 5806 loquebatur:
3059 5750 3119 5789 ac
3168 5732 3348 5786 videre
3380 5742 3493 5785 erat
3542 5730 3812 5787 hominem
