  <div class='ocr_page' id='page_1' title='image "/cluster/home/n/w/nwhite01/storage/ocr_20150623/51/ien.35556001660786/096.png"; bbox 0 0 4058 6394; ppageno 0'>
   <div class='ocr_carea' id='block_1_1' title="bbox 227 351 3520 442">
    <p class='ocr_par' dir='ltr' id='par_1_1' title="bbox 227 351 3520 442">
     <span class='ocr_line' id='line_1_1' title="bbox 227 351 3520 442; baseline -0.003 -22"><span class='ocrx_word' id='word_1_1' title='bbox 227 353 294 406; x_wconf 57' lang='lat' dir='ltr'><strong>ﬂ</strong></span> <span class='ocrx_word' id='word_1_2' title='bbox 668 365 756 421; x_wconf 84' lang='lat' dir='ltr'><strong>DE</strong></span> <span class='ocrx_word' id='word_1_3' title='bbox 794 365 1053 421; x_wconf 79' lang='lat' dir='ltr'><strong>UTIIJT.</strong></span> <span class='ocrx_word' id='word_1_4' title='bbox 1101 362 1462 420; x_wconf 76' lang='lat' dir='ltr'><strong>LECTIONIS</strong></span> <span class='ocrx_word' id='word_1_5' title='bbox 1508 354 2085 442; x_wconf 34' lang='lat' dir='ltr'><strong>SCRIPTI&#39;RQRUM.</strong></span> <span class='ocrx_word' id='word_1_6' title='bbox 2131 355 2198 410; x_wconf 72' lang='grc' dir='ltr'><strong>ΙΝ</strong></span> <span class='ocrx_word' id='word_1_7' title='bbox 2243 356 2540 413; x_wconf 71' lang='lat' dir='ltr'><strong>PRIMIIP.</strong></span> <span class='ocrx_word' id='word_1_8' title='bbox 2583 354 2942 411; x_wconf 71' lang='lat' dir='ltr'><strong>ACTORUM.</strong></span> <span class='ocrx_word' id='word_1_9' title='bbox 2985 356 3074 413; x_wconf 87' lang='lat' dir='ltr'><strong>Ill.</strong></span> <span class='ocrx_word' id='word_1_10' title='bbox 3446 351 3520 410; x_wconf 69' lang='grc'><strong>99</strong></span> 
     </span>
    </p>
   </div>
   <div class='ocr_carea' id='block_1_2' title="bbox 233 462 1818 536">
    <p class='ocr_par' dir='ltr' id='par_1_2' title="bbox 233 462 1818 536">
     <span class='ocr_line' id='line_1_2' title="bbox 233 462 1818 536; baseline 0.003 -22"><span class='ocrx_word' id='word_1_11' title='bbox 233 462 364 530; x_wconf 73' lang='grc' dir='ltr'><strong>ὑμῖν</strong></span> <span class='ocrx_word' id='word_1_12' title='bbox 393 462 636 530; x_wconf 78' lang='grc' dir='ltr'><strong>ἀνέγνων</strong></span> <span class='ocrx_word' id='word_1_13' title='bbox 665 464 758 518; x_wconf 79' lang='grc' dir='ltr'><strong>τοῦ</strong></span> <span class='ocrx_word' id='word_1_14' title='bbox 808 464 1024 536; x_wconf 83' lang='grc' dir='ltr'><strong>βωμοῦ,</strong></span> <span class='ocrx_word' id='word_1_15' title='bbox 1060 466 1153 518; x_wconf 72' lang='grc' dir='ltr'><strong>καὶ</strong></span> <span class='ocrx_word' id='word_1_16' title='bbox 1181 465 1279 536; x_wconf 78' lang='grc' dir='ltr'><strong>τὴν</strong></span> <span class='ocrx_word' id='word_1_17' title='bbox 1330 467 1522 534; x_wconf 82' lang='grc' dir='ltr'><strong>σοφίαν</strong></span> <span class='ocrx_word' id='word_1_18' title='bbox 1567 465 1818 530; x_wconf 77' lang='grc' dir='ltr'><strong>ἐπέδειξα</strong></span> 
     </span>
    </p>
   </div>
   <div class='ocr_carea' id='block_1_3' title="bbox 233 545 1820 620">
    <p class='ocr_par' dir='ltr' id='par_1_3' title="bbox 233 545 1820 620">
     <span class='ocr_line' id='line_1_3' title="bbox 233 545 1820 620; baseline 0.003 -24"><span class='ocrx_word' id='word_1_19' title='bbox 233 545 471 609; x_wconf 84' lang='grc' dir='ltr'><strong>Παύλου,</strong></span> <span class='ocrx_word' id='word_1_20' title='bbox 506 549 598 600; x_wconf 80' lang='grc' dir='ltr'><strong>τὸν</strong></span> <span class='ocrx_word' id='word_1_21' title='bbox 625 548 904 620; x_wconf 84' lang='grc' dir='ltr'><strong>ἀλλότριον</strong></span> <span class='ocrx_word' id='word_1_22' title='bbox 939 552 1278 620; x_wconf 78' lang='grc' dir='ltr'><strong>στρατιώτην</strong></span> <span class='ocrx_word' id='word_1_23' title='bbox 1318 549 1413 601; x_wconf 76' lang='grc' dir='ltr'><strong>καὶ</strong></span> <span class='ocrx_word' id='word_1_24' title='bbox 1445 551 1505 601; x_wconf 85' lang='grc' dir='ltr'><strong>ἐν</strong></span> <span class='ocrx_word' id='word_1_25' title='bbox 1543 551 1610 618; x_wconf 83' lang='grc' dir='ltr'><strong>τῇ</strong></span> <span class='ocrx_word' id='word_1_26' title='bbox 1639 565 1820 618; x_wconf 68' lang='grc' dir='ltr'><strong>παρα-</strong></span> 
     </span>
    </p>
   </div>
   <div class='ocr_carea' id='block_1_4' title="bbox 234 625 1821 703">
    <p class='ocr_par' dir='ltr' id='par_1_4' title="bbox 234 625 1821 703">
     <span class='ocr_line' id='line_1_4' title="bbox 234 625 1821 703; baseline 0.003 -26"><span class='ocrx_word' id='word_1_27' title='bbox 234 625 388 689; x_wconf 80' lang='grc' dir='ltr'><strong>τάξει</strong></span> <span class='ocrx_word' id='word_1_28' title='bbox 429 627 539 680; x_wconf 87' lang='grc' dir='ltr'><strong>τῶν</strong></span> <span class='ocrx_word' id='word_1_29' title='bbox 592 629 805 700; x_wconf 77' lang='grc' dir='ltr'>ἐχθρῶν</span> <span class='ocrx_word' id='word_1_30' title='bbox 837 632 1107 702; x_wconf 78' lang='grc' dir='ltr'><strong>ἑστηκότα</strong></span> <span class='ocrx_word' id='word_1_31' title='bbox 1145 631 1280 703; x_wconf 70' lang='grc' dir='ltr'><strong>πρὸς</strong></span> <span class='ocrx_word' id='word_1_32' title='bbox 1315 630 1416 702; x_wconf 79' lang='grc' dir='ltr'><strong>τὴν</strong></span> <span class='ocrx_word' id='word_1_33' title='bbox 1457 631 1664 683; x_wconf 83' lang='grc' dir='ltr'><strong>οἰκείαν</strong></span> <span class='ocrx_word' id='word_1_34' title='bbox 1715 630 1821 698; x_wconf 81' lang='grc' dir='ltr'><strong>φά-</strong></span> 
     </span>
    </p>
   </div>
   <div class='ocr_carea' id='block_1_5' title="bbox 235 715 1824 792">
    <p class='ocr_par' dir='ltr' id='par_1_5' title="bbox 235 715 1824 792">
     <span class='ocr_line' id='line_1_5' title="bbox 235 715 1824 792; baseline 0.003 -24"><span class='ocrx_word' id='word_1_35' title='bbox 235 715 417 785; x_wconf 89' lang='grc' dir='ltr'><strong>λαγγα</strong></span> <span class='ocrx_word' id='word_1_36' title='bbox 438 725 875 790; x_wconf 79' lang='grc' dir='ltr'><strong>μεταστήσαντος</strong></span> <span class='ocrx_word' id='word_1_37' title='bbox 889 737 938 776; x_wconf 73' lang='grc' dir='ltr'><strong>α.</strong></span> <span class='ocrx_word' id='word_1_38' title='bbox 958 724 1051 784; x_wconf 82' lang='grc' dir='ltr'><strong>Εἰς</strong></span> <span class='ocrx_word' id='word_1_39' title='bbox 1073 722 1233 776; x_wconf 87' lang='grc' dir='ltr'><strong>τοῦτο</strong></span> <span class='ocrx_word' id='word_1_40' title='bbox 1254 724 1312 775; x_wconf 84' lang='grc' dir='ltr'><strong>ἐν</strong></span> <span class='ocrx_word' id='word_1_41' title='bbox 1325 724 1392 792; x_wconf 77' lang='grc' dir='ltr'><strong>τῇ</strong></span> <span class='ocrx_word' id='word_1_42' title='bbox 1424 721 1614 792; x_wconf 79' lang='grc' dir='ltr'><strong>πρώτῃ</strong></span> <span class='ocrx_word' id='word_1_43' title='bbox 1636 722 1824 792; x_wconf 76' lang='grc' dir='ltr'><strong>ἡμέρα</strong></span> 
     </span>
    </p>
   </div>
   <div class='ocr_carea' id='block_1_6' title="bbox 235 799 1820 874">
    <p class='ocr_par' dir='ltr' id='par_1_6' title="bbox 235 799 1820 874">
     <span class='ocr_line' id='line_1_6' title="bbox 235 799 1820 874; baseline 0.003 -22"><span class='ocrx_word' id='word_1_44' title='bbox 235 799 536 870; x_wconf 77' lang='grc' dir='ltr'><strong>κατέληξεν</strong></span> <span class='ocrx_word' id='word_1_45' title='bbox 579 802 612 871; x_wconf 81' lang='grc' dir='ltr'><strong>ἡ</strong></span> <span class='ocrx_word' id='word_1_46' title='bbox 657 803 980 857; x_wconf 87' lang='grc' dir='ltr'><strong>διδασκαλία</strong></span> <span class='ocrx_word' id='word_1_47' title='bbox 1021 805 1202 858; x_wconf 78' lang='grc' dir='ltr'><strong>πᾶσα·</strong></span> <span class='ocrx_word' id='word_1_48' title='bbox 1238 807 1356 873; x_wconf 78' lang='grc' dir='ltr'><strong>μετ’</strong></span> <span class='ocrx_word' id='word_1_49' title='bbox 1398 805 1619 874; x_wconf 87' lang='grc' dir='ltr'><strong>ἐκείνην</strong></span> <span class='ocrx_word' id='word_1_50' title='bbox 1665 807 1722 857; x_wconf 81' lang='grc' dir='ltr'><strong>ἐν</strong></span> <span class='ocrx_word' id='word_1_51' title='bbox 1754 807 1820 874; x_wconf 84' lang='grc' dir='ltr'><strong>τῇ</strong></span> 
     </span>
    </p>
   </div>
   <div class='ocr_carea' id='block_1_7' title="bbox 232 879 1823 957">
    <p class='ocr_par' dir='ltr' id='par_1_7' title="bbox 232 879 1823 957">
     <span class='ocr_line' id='line_1_7' title="bbox 232 879 1823 957; baseline 0.003 -23"><span class='ocrx_word' id='word_1_52' title='bbox 232 879 468 952; x_wconf 77' lang='grc' dir='ltr'><strong>δευτέρα</strong></span> <span class='ocrx_word' id='word_1_53' title='bbox 498 883 685 954; x_wconf 63' lang='grc' dir='ltr'><strong>ἡμέρᾳ.</strong></span> <span class='ocrx_word' id='word_1_54' title='bbox 717 886 1064 956; x_wconf 72' lang='grc' dir='ltr'><strong>ἐζητήσαμεν</strong></span> <span class='ocrx_word' id='word_1_55' title='bbox 1100 885 1183 948; x_wconf 88' lang='grc' dir='ltr'><strong>τίς</strong></span> <span class='ocrx_word' id='word_1_56' title='bbox 1207 882 1274 956; x_wconf 81' lang='grc' dir='ltr'><strong>ἦν</strong></span> <span class='ocrx_word' id='word_1_57' title='bbox 1297 888 1327 940; x_wconf 94' lang='lat'><strong>6</strong></span> <span class='ocrx_word' id='word_1_58' title='bbox 1353 886 1416 940; x_wconf 81' lang='grc' dir='ltr'><strong>τὸ</strong></span> <span class='ocrx_word' id='word_1_59' title='bbox 1456 886 1658 956; x_wconf 78' lang='grc' dir='ltr'><strong>βιϐλίον</strong></span> <span class='ocrx_word' id='word_1_60' title='bbox 1685 887 1823 957; x_wconf 77' lang='grc' dir='ltr'><strong>γράο</strong></span> 
     </span>
    </p>
   </div>
   <div class='ocr_carea' id='block_1_8' title="bbox 234 963 1826 1040">
    <p class='ocr_par' dir='ltr' id='par_1_8' title="bbox 234 963 1826 1040">
     <span class='ocr_line' id='line_1_8' title="bbox 234 963 1826 1040; baseline 0.004 -25"><span class='ocrx_word' id='word_1_61' title='bbox 234 963 364 1030; x_wconf 71' lang='grc' dir='ltr'><strong>ψας·</strong></span> <span class='ocrx_word' id='word_1_62' title='bbox 394 966 488 1040; x_wconf 63' lang='grc' dir='ltr'><strong>καί</strong></span> <span class='ocrx_word' id='word_1_63' title='bbox 507 965 742 1035; x_wconf 77' lang='grc' dir='ltr'><strong>εὕρομεν</strong></span> <span class='ocrx_word' id='word_1_64' title='bbox 757 971 822 1038; x_wconf 78' lang='grc' dir='ltr'><strong>τῇ</strong></span> <span class='ocrx_word' id='word_1_65' title='bbox 851 969 945 1021; x_wconf 89' lang='grc' dir='ltr'><strong>τοῦ</strong></span> <span class='ocrx_word' id='word_1_66' title='bbox 962 969 1098 1022; x_wconf 84' lang='grc' dir='ltr'><strong>Θεοῦ</strong></span> <span class='ocrx_word' id='word_1_67' title='bbox 1118 969 1303 1040; x_wconf 88' lang='grc' dir='ltr'><strong>χάριτι</strong></span> <span class='ocrx_word' id='word_1_68' title='bbox 1321 971 1537 1023; x_wconf 77' lang='grc' dir='ltr'><strong>Λουκᾶν</strong></span> <span class='ocrx_word' id='word_1_69' title='bbox 1556 969 1648 1022; x_wconf 83' lang='grc' dir='ltr'><strong>τὸν</strong></span> <span class='ocrx_word' id='word_1_70' title='bbox 1668 969 1826 1036; x_wconf 80' lang='grc' dir='ltr'><strong>εὐαγ-</strong></span> 
     </span>
    </p>
   </div>
   <div class='ocr_carea' id='block_1_9' title="bbox 215 1038 1824 1121">
    <p class='ocr_par' dir='ltr' id='par_1_9' title="bbox 215 1038 1824 1121">
     <span class='ocr_line' id='line_1_9' title="bbox 215 1038 1824 1121; baseline 0.006 -25"><span class='ocrx_word' id='word_1_71' title='bbox 215 1038 515 1115; x_wconf 77' lang='grc' dir='ltr'><strong>-γελιστὴν.</strong></span> <span class='ocrx_word' id='word_1_72' title='bbox 542 1050 636 1100; x_wconf 72' lang='grc' dir='ltr'><strong>καὶ</strong></span> <span class='ocrx_word' id='word_1_73' title='bbox 650 1049 744 1102; x_wconf 75' lang='grc' dir='ltr'><strong>διὰ</strong></span> <span class='ocrx_word' id='word_1_74' title='bbox 763 1051 1022 1104; x_wconf 84' lang='grc' dir='ltr'><strong>πλειόνων</strong></span> <span class='ocrx_word' id='word_1_75' title='bbox 1037 1038 1367 1119; x_wconf 78' lang='grc' dir='ltr'><strong>ἀποδείξεων</strong></span> <span class='ocrx_word' id='word_1_76' title='bbox 1393 1052 1525 1120; x_wconf 86' lang='grc' dir='ltr'><strong>ύμῖν</strong></span> <span class='ocrx_word' id='word_1_77' title='bbox 1549 1052 1824 1121; x_wconf 83' lang='grc' dir='ltr'><strong>παρεστή-</strong></span> 
     </span>
    </p>
   </div>
   <div class='ocr_carea' id='block_1_10' title="bbox 234 1130 1823 1206">
    <p class='ocr_par' dir='ltr' id='par_1_10' title="bbox 234 1130 1823 1206">
     <span class='ocr_line' id='line_1_10' title="bbox 234 1130 1823 1206; baseline 0.003 -24"><span class='ocrx_word' id='word_1_78' title='bbox 234 1146 415 1200; x_wconf 80' lang='grc' dir='ltr'><strong>σαμεν</strong></span> <span class='ocrx_word' id='word_1_79' title='bbox 441 1130 502 1183; x_wconf 73' lang='grc' dir='ltr'><strong>τὺ</strong></span> <span class='ocrx_word' id='word_1_80' title='bbox 531 1131 882 1202; x_wconf 82' lang='grc' dir='ltr'><strong>ζητούμενον,</strong></span> <span class='ocrx_word' id='word_1_81' title='bbox 917 1134 1026 1187; x_wconf 88' lang='grc' dir='ltr'><strong>τῶν</strong></span> <span class='ocrx_word' id='word_1_82' title='bbox 1064 1137 1164 1203; x_wconf 85' lang='grc' dir='ltr'><strong>μὲν</strong></span> <span class='ocrx_word' id='word_1_83' title='bbox 1199 1136 1583 1206; x_wconf 82' lang='grc' dir='ltr'><strong>σαφεστέρων,</strong></span> <span class='ocrx_word' id='word_1_84' title='bbox 1626 1135 1735 1187; x_wconf 89' lang='grc' dir='ltr'><strong>τῶν</strong></span> <span class='ocrx_word' id='word_1_85' title='bbox 1764 1134 1823 1187; x_wconf 75' lang='grc' dir='ltr'><strong>δὲ</strong></span> 
     </span>
    </p>
   </div>
   <div class='ocr_carea' id='block_1_11' title="bbox 160 1211 1823 1290">
    <p class='ocr_par' dir='ltr' id='par_1_11' title="bbox 160 1211 1823 1290">
     <span class='ocr_line' id='line_1_11' title="bbox 160 1211 1823 1290; baseline 0.002 -24"><span class='ocrx_word' id='word_1_86' title='bbox 160 1236 176 1243; x_wconf 87' lang='grc'><strong><em>-</em></strong></span> <span class='ocrx_word' id='word_1_87' title='bbox 235 1212 571 1286; x_wconf 87' lang='grc' dir='ltr'><strong>βαθυτέρων.</strong></span> <span class='ocrx_word' id='word_1_88' title='bbox 597 1211 726 1269; x_wconf 79' lang='grc' dir='ltr'><strong>Οἶδα</strong></span> <span class='ocrx_word' id='word_1_89' title='bbox 746 1216 856 1287; x_wconf 67' lang='grc' dir='ltr'><strong>γὰρ</strong></span> <span class='ocrx_word' id='word_1_90' title='bbox 871 1217 954 1270; x_wconf 85' lang='grc' dir='ltr'><strong>ὅτι</strong></span> <span class='ocrx_word' id='word_1_91' title='bbox 979 1220 1088 1281; x_wconf 86' lang='grc' dir='ltr'><strong>τοῖς</strong></span> <span class='ocrx_word' id='word_1_92' title='bbox 1105 1219 1359 1289; x_wconf 74' lang='grc' dir='ltr'><strong>ἐσχάτοις</strong></span> <span class='ocrx_word' id='word_1_93' title='bbox 1380 1219 1491 1273; x_wconf 87' lang='grc' dir='ltr'><strong>τῶν</strong></span> <span class='ocrx_word' id='word_1_94' title='bbox 1516 1218 1823 1290; x_wconf 79' lang='grc' dir='ltr'><strong>εἰρημένων</strong></span> 
     </span>
    </p>
   </div>
   <div class='ocr_carea' id='block_1_12' title="bbox 235 1295 1822 1372">
    <p class='ocr_par' dir='ltr' id='par_1_12' title="bbox 235 1295 1822 1372">
     <span class='ocr_line' id='line_1_12' title="bbox 235 1295 1822 1372; baseline 0.003 -25"><span class='ocrx_word' id='word_1_95' title='bbox 235 1295 425 1348; x_wconf 82' lang='grc' dir='ltr'><strong>πολλοὶ</strong></span> <span class='ocrx_word' id='word_1_96' title='bbox 472 1295 581 1349; x_wconf 85' lang='grc' dir='ltr'><strong>τῶν</strong></span> <span class='ocrx_word' id='word_1_97' title='bbox 621 1298 974 1353; x_wconf 83' lang='grc' dir='ltr'><strong>ἀκουσάντων</strong></span> <span class='ocrx_word' id='word_1_98' title='bbox 1024 1302 1084 1353; x_wconf 84' lang='grc' dir='ltr'><strong>οὐ</strong></span> <span class='ocrx_word' id='word_1_99' title='bbox 1130 1301 1622 1372; x_wconf 86' lang='grc' dir='ltr'><strong>παρηκολούθησαν</strong></span> <span class='ocrx_word' id='word_1_100' title='bbox 1643 1318 1656 1332; x_wconf 74' lang='grc' dir='ltr'><strong>ο</strong></span> <span class='ocrx_word' id='word_1_101' title='bbox 1707 1300 1822 1354; x_wconf 84' lang='grc' dir='ltr'><strong>ἀλλ’</strong></span> 
     </span>
    </p>
   </div>
   <div class='ocr_carea' id='block_1_13' title="bbox 230 1377 1825 1454">
    <p class='ocr_par' dir='ltr' id='par_1_13' title="bbox 230 1377 1825 1454">
     <span class='ocr_line' id='line_1_13' title="bbox 230 1377 1825 1454; baseline 0.004 -25"><span class='ocrx_word' id='word_1_102' title='bbox 230 1377 388 1446; x_wconf 79' lang='grc' dir='ltr'><strong>ὅμως</strong></span> <span class='ocrx_word' id='word_1_103' title='bbox 439 1379 502 1430; x_wconf 83' lang='grc' dir='ltr'><strong>ού</strong></span> <span class='ocrx_word' id='word_1_104' title='bbox 551 1378 642 1431; x_wconf 83' lang='grc' dir='ltr'><strong>διὰ</strong></span> <span class='ocrx_word' id='word_1_105' title='bbox 688 1380 848 1434; x_wconf 88' lang='grc' dir='ltr'><strong>τοῦτο</strong></span> <span class='ocrx_word' id='word_1_106' title='bbox 871 1382 1300 1453; x_wconf 78' lang='grc' dir='ltr'><strong>ἅποστησόμεθα</strong></span> <span class='ocrx_word' id='word_1_107' title='bbox 1341 1387 1436 1437; x_wconf 83' lang='grc' dir='ltr'><strong>τοῦ</strong></span> <span class='ocrx_word' id='word_1_108' title='bbox 1475 1384 1825 1454; x_wconf 77' lang='grc' dir='ltr'><strong>κατατολμᾷν</strong></span> 
     </span>
    </p>
   </div>
   <div class='ocr_carea' id='block_1_14' title="bbox 235 1457 1826 1537">
    <p class='ocr_par' dir='ltr' id='par_1_14' title="bbox 235 1457 1826 1537">
     <span class='ocr_line' id='line_1_14' title="bbox 235 1457 1826 1537; baseline 0.006 -28"><span class='ocrx_word' id='word_1_109' title='bbox 235 1457 580 1529; x_wconf 70' lang='grc' dir='ltr'><strong>λεπτοτέρων</strong></span> <span class='ocrx_word' id='word_1_110' title='bbox 628 1465 941 1533; x_wconf 79' lang='grc' dir='ltr'><strong>νοημάτων.</strong></span> <span class='ocrx_word' id='word_1_111' title='bbox 994 1466 1075 1518; x_wconf 89' lang='grc' dir='ltr'><strong>Τά</strong></span> <span class='ocrx_word' id='word_1_112' title='bbox 1109 1467 1207 1536; x_wconf 83' lang='grc' dir='ltr'><strong>μὲν</strong></span> <span class='ocrx_word' id='word_1_113' title='bbox 1239 1462 1333 1520; x_wconf 77' lang='grc' dir='ltr'><strong>οὖν</strong></span> <span class='ocrx_word' id='word_1_114' title='bbox 1370 1467 1685 1537; x_wconf 82' lang='grc' dir='ltr'><strong>σαφέστερα</strong></span> <span class='ocrx_word' id='word_1_115' title='bbox 1713 1469 1826 1528; x_wconf 89' lang='grc' dir='ltr'><strong>τοῖς</strong></span> 
     </span>
    </p>
   </div>
   <div class='ocr_carea' id='block_1_15' title="bbox 233 1541 1828 1619">
    <p class='ocr_par' dir='ltr' id='par_1_15' title="bbox 233 1541 1828 1619">
     <span class='ocr_line' id='line_1_15' title="bbox 233 1541 1828 1619; baseline 0.004 -27"><span class='ocrx_word' id='word_1_116' title='bbox 233 1541 641 1613; x_wconf 73' lang='grc' dir='ltr'><strong>ἀφελεστέροιε,</strong></span> <span class='ocrx_word' id='word_1_117' title='bbox 672 1546 742 1599; x_wconf 74' lang='grc' dir='ltr'><strong>τά</strong></span> <span class='ocrx_word' id='word_1_118' title='bbox 770 1546 826 1598; x_wconf 87' lang='grc' dir='ltr'><strong>δὲ</strong></span> <span class='ocrx_word' id='word_1_119' title='bbox 857 1545 1133 1614; x_wconf 78' lang='grc' dir='ltr'><strong>βαθύτερα</strong></span> <span class='ocrx_word' id='word_1_120' title='bbox 1155 1551 1267 1610; x_wconf 88' lang='grc' dir='ltr'><strong>τοῖς</strong></span> <span class='ocrx_word' id='word_1_121' title='bbox 1289 1549 1544 1619; x_wconf 82' lang='grc' dir='ltr'><strong>ὀξύτερον</strong></span> <span class='ocrx_word' id='word_1_122' title='bbox 1568 1549 1828 1619; x_wconf 84' lang='grc' dir='ltr'><strong>ἐνορῶσιν</strong></span> 
     </span>
    </p>
   </div>
   <div class='ocr_carea' id='block_1_16' title="bbox 237 1623 1827 1703">
    <p class='ocr_par' dir='ltr' id='par_1_16' title="bbox 237 1623 1827 1703">
     <span class='ocr_line' id='line_1_16' title="bbox 237 1623 1827 1703; baseline 0.004 -27"><span class='ocrx_word' id='word_1_123' title='bbox 237 1623 394 1677; x_wconf 73' lang='grc' dir='ltr'><strong>ἔσται</strong></span> <span class='ocrx_word' id='word_1_124' title='bbox 415 1629 682 1696; x_wconf 77' lang='grc' dir='ltr'><strong>χρήσιμἀ.</strong></span> <span class='ocrx_word' id='word_1_125' title='bbox 704 1629 964 1699; x_wconf 77' lang='grc' dir='ltr'><strong>Ποικίλην</strong></span> <span class='ocrx_word' id='word_1_126' title='bbox 988 1631 1097 1703; x_wconf 90' lang='grc' dir='ltr'><strong>γάρ</strong></span> <span class='ocrx_word' id='word_1_127' title='bbox 1124 1627 1266 1686; x_wconf 85' lang='grc' dir='ltr'><strong>εἶναι</strong></span> <span class='ocrx_word' id='word_1_128' title='bbox 1296 1632 1378 1685; x_wconf 89' lang='grc' dir='ltr'><strong>δεῖ</strong></span> <span class='ocrx_word' id='word_1_129' title='bbox 1409 1634 1511 1703; x_wconf 80' lang='grc' dir='ltr'><strong>τὴν</strong></span> <span class='ocrx_word' id='word_1_130' title='bbox 1546 1633 1827 1701; x_wconf 80' lang='grc' dir='ltr'><strong>τράπεζαν</strong></span> 
     </span>
    </p>
   </div>
   <div class='ocr_carea' id='block_1_17' title="bbox 235 1707 1828 1785">
    <p class='ocr_par' dir='ltr' id='par_1_17' title="bbox 235 1707 1828 1785">
     <span class='ocr_line' id='line_1_17' title="bbox 235 1707 1828 1785; baseline 0.004 -25"><span class='ocrx_word' id='word_1_131' title='bbox 235 1707 336 1760; x_wconf 77' lang='grc' dir='ltr'><strong>καὶ</strong></span> <span class='ocrx_word' id='word_1_132' title='bbox 357 1708 633 1779; x_wconf 83' lang='grc' dir='ltr'><strong>διάφορον,</strong></span> <span class='ocrx_word' id='word_1_133' title='bbox 659 1712 850 1783; x_wconf 74' lang='grc' dir='ltr'><strong>ἐπειδὴ</strong></span> <span class='ocrx_word' id='word_1_134' title='bbox 880 1714 972 1766; x_wconf 72' lang='grc' dir='ltr'><strong>καὶ</strong></span> <span class='ocrx_word' id='word_1_135' title='bbox 993 1714 1252 1785; x_wconf 75' lang='grc' dir='ltr'><strong>διάφορος</strong></span> <span class='ocrx_word' id='word_1_136' title='bbox 1274 1717 1307 1785; x_wconf 79' lang='grc' dir='ltr'>ἡ</span> <span class='ocrx_word' id='word_1_137' title='bbox 1335 1715 1444 1768; x_wconf 87' lang='grc' dir='ltr'><strong>τῶν</strong></span> <span class='ocrx_word' id='word_1_138' title='bbox 1472 1714 1828 1785; x_wconf 83' lang='grc' dir='ltr'><strong>κεκλημένων</strong></span> 
     </span>
    </p>
   </div>
   <div class='ocr_carea' id='block_1_18' title="bbox 233 1789 1826 1869">
    <p class='ocr_par' dir='ltr' id='par_1_18' title="bbox 233 1789 1826 1869">
     <span class='ocr_line' id='line_1_18' title="bbox 233 1789 1826 1869; baseline 0.009 -28"><span class='ocrx_word' id='word_1_139' title='bbox 233 1789 521 1861; x_wconf 87' lang='grc' dir='ltr'><strong>ἐπιθυμία.</strong></span> <span class='ocrx_word' id='word_1_140' title='bbox 541 1793 620 1864; x_wconf 79' lang='grc' dir='ltr'><strong>Τῇ</strong></span> <span class='ocrx_word' id='word_1_141' title='bbox 651 1793 750 1863; x_wconf 81' lang='grc' dir='ltr'><strong>μὲν</strong></span> <span class='ocrx_word' id='word_1_142' title='bbox 776 1791 870 1847; x_wconf 63' lang='grc' dir='ltr'><strong>οἷν</strong></span> <span class='ocrx_word' id='word_1_143' title='bbox 893 1796 1083 1867; x_wconf 81' lang='grc' dir='ltr'><strong>πρώτῃ</strong></span> <span class='ocrx_word' id='word_1_144' title='bbox 1111 1797 1297 1868; x_wconf 74' lang='grc' dir='ltr'><strong>ἡμέρᾳ</strong></span> <span class='ocrx_word' id='word_1_145' title='bbox 1327 1798 1458 1869; x_wconf 73' lang='grc' dir='ltr'><strong>περὶ</strong></span> <span class='ocrx_word' id='word_1_146' title='bbox 1489 1796 1826 1866; x_wconf 74' lang='grc' dir='ltr'><strong>ἐπιγραφῆς,</strong></span> 
     </span>
    </p>
   </div>
   <div class='ocr_carea' id='block_1_19' title="bbox 223 1874 1826 1950">
    <p class='ocr_par' dir='ltr' id='par_1_19' title="bbox 223 1874 1826 1950">
     <span class='ocr_line' id='line_1_19' title="bbox 223 1874 1826 1950; baseline 0 -22"><span class='ocrx_word' id='word_1_147' title='bbox 223 1875 300 1943; x_wconf 76' lang='grc' dir='ltr'><strong>’τῇ</strong></span> <span class='ocrx_word' id='word_1_148' title='bbox 337 1874 392 1926; x_wconf 82' lang='grc' dir='ltr'><strong>δὲ</strong></span> <span class='ocrx_word' id='word_1_149' title='bbox 419 1875 652 1946; x_wconf 73' lang='grc' dir='ltr'><strong>δευτέρα</strong></span> <span class='ocrx_word' id='word_1_150' title='bbox 677 1877 863 1948; x_wconf 76' lang='grc' dir='ltr'><strong>ἡμέρᾳ</strong></span> <span class='ocrx_word' id='word_1_151' title='bbox 887 1878 1016 1948; x_wconf 77' lang='grc' dir='ltr'><strong>περὶ</strong></span> <span class='ocrx_word' id='word_1_152' title='bbox 1049 1877 1144 1931; x_wconf 89' lang='grc' dir='ltr'><strong>τοῦ</strong></span> <span class='ocrx_word' id='word_1_153' title='bbox 1171 1879 1485 1950; x_wconf 79' lang='grc' dir='ltr'><strong>γράψαντος</strong></span> <span class='ocrx_word' id='word_1_154' title='bbox 1512 1881 1572 1933; x_wconf 82' lang='grc' dir='ltr'><strong>τὸ</strong></span> <span class='ocrx_word' id='word_1_155' title='bbox 1601 1879 1826 1949; x_wconf 74' lang='grc' dir='ltr'><strong>βιϐλίον,</strong></span> 
     </span>
    </p>
   </div>
   <div class='ocr_carea' id='block_1_20' title="bbox 226 1956 1830 2032">
    <p class='ocr_par' dir='ltr' id='par_1_20' title="bbox 226 1956 1830 2032">
     <span class='ocr_line' id='line_1_20' title="bbox 226 1956 1830 2032; baseline 0.004 -26"><span class='ocrx_word' id='word_1_156' title='bbox 226 1957 300 2025; x_wconf 80' lang='grc' dir='ltr'><strong>τῇ</strong></span> <span class='ocrx_word' id='word_1_157' title='bbox 325 1956 482 2027; x_wconf 80' lang='grc' dir='ltr'><strong>τρίτη</strong></span> <span class='ocrx_word' id='word_1_158' title='bbox 513 1957 696 2030; x_wconf 75' lang='grc' dir='ltr'><strong>ἡμέρᾳ</strong></span> <span class='ocrx_word' id='word_1_159' title='bbox 728 1959 853 2029; x_wconf 81' lang='grc' dir='ltr'><strong>χθὲς</strong></span> <span class='ocrx_word' id='word_1_160' title='bbox 884 1961 1022 2030; x_wconf 81' lang='grc' dir='ltr'><strong>πρὸς</strong></span> <span class='ocrx_word' id='word_1_161' title='bbox 1047 1961 1175 2024; x_wconf 82' lang='grc' dir='ltr'><strong>τοὺς</strong></span> <span class='ocrx_word' id='word_1_162' title='bbox 1196 1962 1677 2032; x_wconf 77' lang='grc' dir='ltr'><strong>παραγενομένους</strong></span> <span class='ocrx_word' id='word_1_163' title='bbox 1700 1963 1830 2032; x_wconf 73' lang='grc' dir='ltr'><strong>περὶ</strong></span> 
     </span>
    </p>
   </div>
   <div class='ocr_carea' id='block_1_21' title="bbox 231 2039 1827 2116">
    <p class='ocr_par' dir='ltr' id='par_1_21' title="bbox 231 2039 1827 2116">
     <span class='ocr_line' id='line_1_21' title="bbox 231 2039 1827 2116; baseline 0.003 -24"><span class='ocrx_word' id='word_1_164' title='bbox 231 2039 338 2103; x_wconf 62' lang='grc' dir='ltr'><strong>τῆς</strong></span> <span class='ocrx_word' id='word_1_165' title='bbox 370 2041 546 2111; x_wconf 81' lang='grc' dir='ltr'><strong>ἀρχῆς</strong></span> <span class='ocrx_word' id='word_1_166' title='bbox 573 2041 673 2111; x_wconf 82' lang='grc' dir='ltr'><strong>τῆς</strong></span> <span class='ocrx_word' id='word_1_167' title='bbox 699 2043 919 2114; x_wconf 84' lang='grc' dir='ltr'><strong>γραφῆς</strong></span> <span class='ocrx_word' id='word_1_168' title='bbox 942 2044 1331 2116; x_wconf 84' lang='grc' dir='ltr'><strong>διελέχθημεν,</strong></span> <span class='ocrx_word' id='word_1_169' title='bbox 1374 2047 1470 2098; x_wconf 71' lang='grc' dir='ltr'><strong>καὶ</strong></span> <span class='ocrx_word' id='word_1_170' title='bbox 1507 2045 1791 2114; x_wconf 81' lang='grc' dir='ltr'><strong>ἐδείξαμεν</strong></span> <span class='ocrx_word' id='word_1_171' title='bbox 1809 2084 1827 2108; x_wconf 97' lang='grc'><strong>,</strong></span> 
     </span>
    </p>
   </div>
   <div class='ocr_carea' id='block_1_22' title="bbox 231 2121 1829 2198">
    <p class='ocr_par' dir='ltr' id='par_1_22' title="bbox 231 2121 1829 2198">
     <span class='ocr_line' id='line_1_22' title="bbox 231 2121 1829 2198; baseline 0.004 -25"><span class='ocrx_word' id='word_1_172' title='bbox 231 2121 488 2193; x_wconf 84' lang='grc' dir='ltr'><strong>καθάπερ</strong></span> <span class='ocrx_word' id='word_1_173' title='bbox 520 2122 699 2177; x_wconf 76' lang='grc' dir='ltr'><strong>ἴσασιν</strong></span> <span class='ocrx_word' id='word_1_174' title='bbox 729 2127 777 2178; x_wconf 94' lang='grc' dir='ltr'><strong>οἰ</strong></span> <span class='ocrx_word' id='word_1_175' title='bbox 803 2127 1122 2197; x_wconf 85' lang='grc' dir='ltr'><strong>ἀκηκοότες,</strong></span> <span class='ocrx_word' id='word_1_176' title='bbox 1157 2128 1209 2180; x_wconf 89' lang='grc' dir='ltr'><strong>τί</strong></span> <span class='ocrx_word' id='word_1_177' title='bbox 1251 2128 1352 2198; x_wconf 90' lang='grc' dir='ltr'><strong>μέν</strong></span> <span class='ocrx_word' id='word_1_178' title='bbox 1379 2130 1496 2181; x_wconf 89' lang='grc' dir='ltr'><strong>ἐστι</strong></span> <span class='ocrx_word' id='word_1_179' title='bbox 1531 2129 1752 2198; x_wconf 80' lang='grc' dir='ltr'><strong>πρᾶξις,</strong></span> <span class='ocrx_word' id='word_1_180' title='bbox 1775 2128 1829 2179; x_wconf 86' lang='grc' dir='ltr'><strong>τί</strong></span> 
     </span>
    </p>
   </div>
   <div class='ocr_carea' id='block_1_23' title="bbox 229 2205 1828 2278">
    <p class='ocr_par' dir='ltr' id='par_1_23' title="bbox 229 2205 1828 2278">
     <span class='ocr_line' id='line_1_23' title="bbox 229 2205 1828 2278; baseline 0.004 -22"><span class='ocrx_word' id='word_1_181' title='bbox 229 2205 293 2257; x_wconf 83' lang='grc' dir='ltr'><strong>δέ</strong></span> <span class='ocrx_word' id='word_1_182' title='bbox 334 2207 452 2258; x_wconf 88' lang='grc' dir='ltr'><strong>ἐστι</strong></span> <span class='ocrx_word' id='word_1_183' title='bbox 481 2205 687 2275; x_wconf 79' lang='grc' dir='ltr'><strong>θαῦμα,</strong></span> <span class='ocrx_word' id='word_1_184' title='bbox 718 2209 812 2261; x_wconf 79' lang='grc' dir='ltr'><strong>καὶ</strong></span> <span class='ocrx_word' id='word_1_185' title='bbox 843 2209 896 2262; x_wconf 90' lang='grc' dir='ltr'><strong>τί</strong></span> <span class='ocrx_word' id='word_1_186' title='bbox 922 2210 1022 2278; x_wconf 82' lang='grc' dir='ltr'><strong>μέν</strong></span> <span class='ocrx_word' id='word_1_187' title='bbox 1062 2211 1176 2263; x_wconf 87' lang='grc' dir='ltr'><strong>ἐστι</strong></span> <span class='ocrx_word' id='word_1_188' title='bbox 1219 2211 1488 2274; x_wconf 81' lang='grc' dir='ltr'><strong>πολιτεία,</strong></span> <span class='ocrx_word' id='word_1_189' title='bbox 1518 2211 1573 2263; x_wconf 90' lang='grc' dir='ltr'><strong>τί</strong></span> <span class='ocrx_word' id='word_1_190' title='bbox 1609 2211 1667 2263; x_wconf 86' lang='grc' dir='ltr'><strong>δέ</strong></span> <span class='ocrx_word' id='word_1_191' title='bbox 1713 2212 1828 2262; x_wconf 90' lang='grc' dir='ltr'><strong>ἐστι</strong></span> 
     </span>
    </p>
   </div>
   <div class='ocr_carea' id='block_1_24' title="bbox 236 2291 1831 2363">
    <p class='ocr_par' dir='ltr' id='par_1_24' title="bbox 236 2291 1831 2363">
     <span class='ocr_line' id='line_1_24' title="bbox 236 2291 1831 2363; baseline 0.003 -24"><span class='ocrx_word' id='word_1_192' title='bbox 236 2291 484 2358; x_wconf 85' lang='grc' dir='ltr'><strong>σημεῖον,</strong></span> <span class='ocrx_word' id='word_1_193' title='bbox 519 2291 614 2342; x_wconf 73' lang='grc' dir='ltr'><strong>καὶ</strong></span> <span class='ocrx_word' id='word_1_194' title='bbox 638 2291 824 2362; x_wconf 74' lang='grc' dir='ltr'><strong>τέρας,</strong></span> <span class='ocrx_word' id='word_1_195' title='bbox 857 2294 948 2345; x_wconf 82' lang='grc' dir='ltr'><strong>καὶ</strong></span> <span class='ocrx_word' id='word_1_196' title='bbox 970 2291 1222 2363; x_wconf 88' lang='grc' dir='ltr'><strong>δύναμις,</strong></span> <span class='ocrx_word' id='word_1_197' title='bbox 1255 2295 1348 2346; x_wconf 76' lang='grc' dir='ltr'><strong>καὶ</strong></span> <span class='ocrx_word' id='word_1_198' title='bbox 1387 2295 1552 2347; x_wconf 89' lang='grc' dir='ltr'><strong>πόσον</strong></span> <span class='ocrx_word' id='word_1_199' title='bbox 1578 2295 1641 2346; x_wconf 65' lang='grc' dir='ltr'><strong>τι</strong></span> <span class='ocrx_word' id='word_1_200' title='bbox 1667 2293 1831 2362; x_wconf 83' lang='grc' dir='ltr'><strong>μέσον</strong></span> 
     </span>
    </p>
   </div>
   <div class='ocr_carea' id='block_1_25' title="bbox 228 2370 1828 2446">
    <p class='ocr_par' dir='ltr' id='par_1_25' title="bbox 228 2370 1828 2446">
     <span class='ocr_line' id='line_1_25' title="bbox 228 2370 1828 2446; baseline 0.003 -23"><span class='ocrx_word' id='word_1_201' title='bbox 228 2372 536 2441; x_wconf 77' lang='grc' dir='ltr'><strong>ἑκατέρων·</strong></span> <span class='ocrx_word' id='word_1_202' title='bbox 571 2374 665 2425; x_wconf 80' lang='grc' dir='ltr'><strong>καὶ</strong></span> <span class='ocrx_word' id='word_1_203' title='bbox 697 2373 815 2436; x_wconf 88' lang='grc' dir='ltr'><strong>πῶς</strong></span> <span class='ocrx_word' id='word_1_204' title='bbox 849 2375 908 2427; x_wconf 82' lang='grc' dir='ltr'><strong>τὸ</strong></span> <span class='ocrx_word' id='word_1_205' title='bbox 937 2376 1036 2444; x_wconf 90' lang='grc' dir='ltr'><strong>μέν</strong></span> <span class='ocrx_word' id='word_1_206' title='bbox 1075 2376 1280 2446; x_wconf 84' lang='grc' dir='ltr'><strong>μεῖζον,</strong></span> <span class='ocrx_word' id='word_1_207' title='bbox 1311 2377 1372 2429; x_wconf 76' lang='grc' dir='ltr'><strong>τὸ</strong></span> <span class='ocrx_word' id='word_1_208' title='bbox 1399 2377 1455 2428; x_wconf 75' lang='grc' dir='ltr'><strong>δὲ</strong></span> <span class='ocrx_word' id='word_1_209' title='bbox 1478 2370 1828 2446; x_wconf 84' lang='grc' dir='ltr'><strong>χρησιμώτε-</strong></span> 
     </span>
    </p>
   </div>
   <div class='ocr_carea' id='block_1_26' title="bbox 229 2454 1823 2528">
    <p class='ocr_par' dir='ltr' id='par_1_26' title="bbox 229 2454 1823 2528">
     <span class='ocr_line' id='line_1_26' title="bbox 229 2454 1823 2528; baseline 0.003 -23"><span class='ocrx_word' id='word_1_210' title='bbox 229 2469 352 2522; x_wconf 80' lang='grc' dir='ltr'><strong>ρον·</strong></span> <span class='ocrx_word' id='word_1_211' title='bbox 386 2455 480 2506; x_wconf 72' lang='grc' dir='ltr'><strong>καὶ</strong></span> <span class='ocrx_word' id='word_1_212' title='bbox 502 2454 619 2518; x_wconf 86' lang='grc' dir='ltr'><strong>πῶς</strong></span> <span class='ocrx_word' id='word_1_213' title='bbox 647 2456 707 2508; x_wconf 84' lang='grc' dir='ltr'><strong>τὸ</strong></span> <span class='ocrx_word' id='word_1_214' title='bbox 743 2457 843 2526; x_wconf 89' lang='grc' dir='ltr'><strong>μέν</strong></span> <span class='ocrx_word' id='word_1_215' title='bbox 874 2458 995 2512; x_wconf 81' lang='grc' dir='ltr'><strong>καθ’</strong></span> <span class='ocrx_word' id='word_1_216' title='bbox 1026 2460 1221 2512; x_wconf 73' lang='grc' dir='ltr'><strong>ἑαυτὸν</strong></span> <span class='ocrx_word' id='word_1_217' title='bbox 1241 2458 1268 2496; x_wconf 76' lang='grc' dir='ltr'><strong>δ</strong></span> <span class='ocrx_word' id='word_1_218' title='bbox 1299 2460 1358 2512; x_wconf 83' lang='grc' dir='ltr'><strong>ὃν</strong></span> <span class='ocrx_word' id='word_1_219' title='bbox 1386 2458 1663 2528; x_wconf 87' lang='grc' dir='ltr'><strong>βασιλείαν</strong></span> <span class='ocrx_word' id='word_1_220' title='bbox 1693 2474 1823 2528; x_wconf 86' lang='grc' dir='ltr'><strong>προ-</strong></span> 
     </span>
    </p>
   </div>
   <div class='ocr_carea' id='block_1_27' title="bbox 233 2535 1828 2612">
    <p class='ocr_par' dir='ltr' id='par_1_27' title="bbox 233 2535 1828 2612">
     <span class='ocr_line' id='line_1_27' title="bbox 233 2535 1828 2612; baseline 0.004 -25"><span class='ocrx_word' id='word_1_221' title='bbox 233 2535 400 2598; x_wconf 84' lang='grc' dir='ltr'><strong>ξενεῖ,</strong></span> <span class='ocrx_word' id='word_1_222' title='bbox 427 2537 488 2588; x_wconf 75' lang='grc' dir='ltr'><strong>τδ</strong></span> <span class='ocrx_word' id='word_1_223' title='bbox 519 2536 573 2589; x_wconf 76' lang='grc' dir='ltr'><strong>δὲ</strong></span> <span class='ocrx_word' id='word_1_224' title='bbox 603 2539 696 2590; x_wconf 75' lang='grc' dir='ltr'><strong>ἐὰν</strong></span> <span class='ocrx_word' id='word_1_225' title='bbox 732 2540 806 2610; x_wconf 83' lang='grc' dir='ltr'><strong>μὴ</strong></span> <span class='ocrx_word' id='word_1_226' title='bbox 841 2540 980 2612; x_wconf 71' lang='grc' dir='ltr'><strong>λάϐῃ</strong></span> <span class='ocrx_word' id='word_1_227' title='bbox 1008 2542 1105 2611; x_wconf 73' lang='grc' dir='ltr'><strong>τὴν</strong></span> <span class='ocrx_word' id='word_1_228' title='bbox 1127 2543 1236 2595; x_wconf 78' lang='grc' dir='ltr'><strong>ἀπὸ</strong></span> <span class='ocrx_word' id='word_1_229' title='bbox 1269 2540 1665 2611; x_wconf 74' lang='grc' dir='ltr'><strong>τῆςοπράξεως</strong></span> <span class='ocrx_word' id='word_1_230' title='bbox 1693 2557 1828 2609; x_wconf 87' lang='grc' dir='ltr'><strong>συμ-</strong></span> 
     </span>
    </p>
   </div>
   <div class='ocr_carea' id='block_1_28' title="bbox 237 2619 1832 2705">
    <p class='ocr_par' dir='ltr' id='par_1_28' title="bbox 237 2619 1832 2705">
     <span class='ocr_line' id='line_1_28' title="bbox 237 2619 1832 2705; baseline 0.003 -36"><span class='ocrx_word' id='word_1_231' title='bbox 237 2619 468 2688; x_wconf 85' lang='grc' dir='ltr'><strong>μαχίαν,</strong></span> <span class='ocrx_word' id='word_1_232' title='bbox 501 2620 606 2684; x_wconf 74' lang='grc' dir='ltr'><strong>ἔξω</strong></span> <span class='ocrx_word' id='word_1_233' title='bbox 630 2621 740 2675; x_wconf 82' lang='grc' dir='ltr'><strong>τῶν</strong></span> <span class='ocrx_word' id='word_1_234' title='bbox 779 2623 1070 2694; x_wconf 87' lang='grc' dir='ltr'><strong>προθύρων</strong></span> <span class='ocrx_word' id='word_1_235' title='bbox 1102 2625 1327 2676; x_wconf 76' lang='grc' dir='ltr'><strong>ἐκείνων</strong></span> <span class='ocrx_word' id='word_1_236' title='bbox 1353 2623 1702 2705; x_wconf 71' lang='grc' dir='ltr'><strong>ἐκϐάλλεται.</strong></span> <span class='ocrx_word' id='word_1_237' title='bbox 1729 2623 1832 2691; x_wconf 81' lang='grc' dir='ltr'><strong>Σή-</strong></span> 
     </span>
    </p>
   </div>
   <div class='ocr_carea' id='block_1_29' title="bbox 233 2712 1831 2787">
    <p class='ocr_par' dir='ltr' id='par_1_29' title="bbox 233 2712 1831 2787">
     <span class='ocr_line' id='line_1_29' title="bbox 233 2712 1831 2787; baseline 0.003 -24"><span class='ocrx_word' id='word_1_238' title='bbox 233 2728 408 2782; x_wconf 87' lang='grc' dir='ltr'><strong>μερον</strong></span> <span class='ocrx_word' id='word_1_239' title='bbox 437 2712 554 2784; x_wconf 78' lang='grc'><strong>[75]</strong></span> <span class='ocrx_word' id='word_1_240' title='bbox 580 2714 876 2782; x_wconf 86' lang='grc' dir='ltr'><strong>ἀναγκαῖον</strong></span> <span class='ocrx_word' id='word_1_241' title='bbox 906 2717 1080 2769; x_wconf 85' lang='grc' dir='ltr'><strong>εἰπεῖν</strong></span> <span class='ocrx_word' id='word_1_242' title='bbox 1099 2716 1160 2769; x_wconf 82' lang='grc' dir='ltr'><strong>τὸ</strong></span> <span class='ocrx_word' id='word_1_243' title='bbox 1178 2716 1460 2769; x_wconf 75' lang='grc' dir='ltr'><strong>ἐπίλοιπον</strong></span> <span class='ocrx_word' id='word_1_244' title='bbox 1483 2716 1582 2787; x_wconf 79' lang='grc' dir='ltr'><strong>τῆς</strong></span> <span class='ocrx_word' id='word_1_245' title='bbox 1599 2717 1831 2784; x_wconf 69' lang='grc' dir='ltr'><strong>ἐπιγρα-</strong></span> 
     </span>
    </p>
   </div>
   <div class='ocr_carea' id='block_1_30' title="bbox 232 2803 1830 2877">
    <p class='ocr_par' dir='ltr' id='par_1_30' title="bbox 232 2803 1830 2877">
     <span class='ocr_line' id='line_1_30' title="bbox 232 2803 1830 2877; baseline 0.002 -20"><span class='ocrx_word' id='word_1_246' title='bbox 232 2803 365 2874; x_wconf 79' lang='grc' dir='ltr'><strong>φῆς,</strong></span> <span class='ocrx_word' id='word_1_247' title='bbox 391 2807 486 2857; x_wconf 77' lang='grc' dir='ltr'><strong>καὶ</strong></span> <span class='ocrx_word' id='word_1_248' title='bbox 501 2804 670 2869; x_wconf 73' lang='grc' dir='ltr'><strong>δεῖξαι</strong></span> <span class='ocrx_word' id='word_1_249' title='bbox 695 2806 750 2858; x_wconf 87' lang='grc' dir='ltr'><strong>τί</strong></span> <span class='ocrx_word' id='word_1_250' title='bbox 782 2807 911 2860; x_wconf 72' lang='grc' dir='ltr'><strong>ποτέ</strong></span> <span class='ocrx_word' id='word_1_251' title='bbox 937 2809 1056 2860; x_wconf 84' lang='grc' dir='ltr'><strong>ἐστι</strong></span> <span class='ocrx_word' id='word_1_252' title='bbox 1080 2808 1142 2860; x_wconf 67' lang='grc' dir='ltr'><strong>τὸ</strong></span> <span class='ocrx_word' id='word_1_253' title='bbox 1166 2808 1337 2877; x_wconf 80' lang='grc' dir='ltr'><strong>ὄνομα</strong></span> <span class='ocrx_word' id='word_1_254' title='bbox 1363 2806 1474 2860; x_wconf 90' lang='grc' dir='ltr'><strong>τῶν</strong></span> <span class='ocrx_word' id='word_1_255' title='bbox 1494 2807 1830 2860; x_wconf 75' lang='grc' dir='ltr'><strong>ἀποστόλων.</strong></span> 
     </span>
    </p>
   </div>
   <div class='ocr_carea' id='block_1_31' title="bbox 229 2885 1831 2963">
    <p class='ocr_par' dir='ltr' id='par_1_31' title="bbox 229 2885 1831 2963">
     <span class='ocr_line' id='line_1_31' title="bbox 229 2885 1831 2963; baseline 0.003 -26"><span class='ocrx_word' id='word_1_256' title='bbox 229 2885 375 2938; x_wconf 74' lang='grc' dir='ltr'><strong>Οὐδὲ</strong></span> <span class='ocrx_word' id='word_1_257' title='bbox 399 2887 509 2959; x_wconf 87' lang='grc' dir='ltr'><strong>γάρ</strong></span> <span class='ocrx_word' id='word_1_258' title='bbox 541 2888 695 2963; x_wconf 62' lang='grc' dir='ltr'><strong>ψιλόν</strong></span> <span class='ocrx_word' id='word_1_259' title='bbox 727 2891 846 2942; x_wconf 86' lang='grc' dir='ltr'><strong>ἐστι</strong></span> <span class='ocrx_word' id='word_1_260' title='bbox 877 2891 940 2944; x_wconf 79' lang='grc' dir='ltr'><strong>τὸ</strong></span> <span class='ocrx_word' id='word_1_261' title='bbox 975 2890 1147 2961; x_wconf 74' lang='grc' dir='ltr'><strong>ὄνομα</strong></span> <span class='ocrx_word' id='word_1_262' title='bbox 1170 2892 1348 2953; x_wconf 83' lang='grc' dir='ltr'><strong>τοῦτο,</strong></span> <span class='ocrx_word' id='word_1_263' title='bbox 1383 2891 1499 2944; x_wconf 76' lang='grc' dir='ltr'><strong>ἀλλ’</strong></span> <span class='ocrx_word' id='word_1_264' title='bbox 1522 2891 1697 2962; x_wconf 85' lang='grc' dir='ltr'><strong>ἀρχῆς</strong></span> <span class='ocrx_word' id='word_1_265' title='bbox 1714 2892 1831 2942; x_wconf 85' lang='grc' dir='ltr'><strong>ἐστι</strong></span> 
     </span>
    </p>
   </div>
   <div class='ocr_carea' id='block_1_32' title="bbox 232 2971 1831 3046">
    <p class='ocr_par' dir='ltr' id='par_1_32' title="bbox 232 2971 1831 3046">
     <span class='ocr_line' id='line_1_32' title="bbox 232 2971 1831 3046; baseline 0.002 -8"><span class='ocrx_word' id='word_1_266' title='bbox 232 2971 603 3041; x_wconf 73' lang='grc' dir='ltr'><strong>προσηγορίας</strong></span> <span class='ocrx_word' id='word_1_267' title='bbox 629 2972 811 3042; x_wconf 77' lang='grc' dir='ltr'><strong>ἀρχῆς</strong></span> <span class='ocrx_word' id='word_1_268' title='bbox 847 2973 1136 3046; x_wconf 71' lang='grc' dir='ltr'><strong>μεγίστης.</strong></span> <span class='ocrx_word' id='word_1_269' title='bbox 1178 2975 1354 3045; x_wconf 78' lang='grc' dir='ltr'><strong>ἀρχῆς</strong></span> <span class='ocrx_word' id='word_1_270' title='bbox 1384 2974 1486 3042; x_wconf 76' lang='grc' dir='ltr'><strong>τῆς</strong></span> <span class='ocrx_word' id='word_1_271' title='bbox 1525 2988 1831 3041; x_wconf 81' lang='grc' dir='ltr'><strong>πνευματι-</strong></span> 
     </span>
    </p>
   </div>
   <div class='ocr_carea' id='block_1_33' title="bbox 229 3053 1832 3128">
    <p class='ocr_par' dir='ltr' id='par_1_33' title="bbox 229 3053 1832 3128">
     <span class='ocr_line' id='line_1_33' title="bbox 229 3053 1832 3128; baseline 0.001 -23"><span class='ocrx_word' id='word_1_272' title='bbox 229 3053 510 3123; x_wconf 85' lang='grc' dir='ltr'><strong>κωτάτης,</strong></span> <span class='ocrx_word' id='word_1_273' title='bbox 529 3056 705 3126; x_wconf 81' lang='grc' dir='ltr'><strong>ἀρχῆς</strong></span> <span class='ocrx_word' id='word_1_274' title='bbox 729 3057 827 3126; x_wconf 86' lang='grc' dir='ltr'><strong>τῆς</strong></span> <span class='ocrx_word' id='word_1_275' title='bbox 850 3058 981 3111; x_wconf 81' lang='grc' dir='ltr'><strong>ἀνω.</strong></span> <span class='ocrx_word' id='word_1_276' title='bbox 1014 3057 1176 3114; x_wconf 74' lang='grc' dir='ltr'><strong>Ἀλλά</strong></span> <span class='ocrx_word' id='word_1_277' title='bbox 1194 3059 1537 3128; x_wconf 80' lang='grc' dir='ltr'><strong>διανάστητε.</strong></span> <span class='ocrx_word' id='word_1_278' title='bbox 1561 3056 1832 3126; x_wconf 76' lang='grc' dir='ltr'><strong>Καθάπερ</strong></span> 
     </span>
    </p>
   </div>
   <div class='ocr_carea' id='block_1_34' title="bbox 230 3136 1828 3212">
    <p class='ocr_par' dir='ltr' id='par_1_34' title="bbox 230 3136 1828 3212">
     <span class='ocr_line' id='line_1_34' title="bbox 230 3136 1828 3212; baseline 0.001 -25"><span class='ocrx_word' id='word_1_279' title='bbox 230 3136 350 3207; x_wconf 76' lang='grc' dir='ltr'><strong>γὰρ</strong></span> <span class='ocrx_word' id='word_1_280' title='bbox 374 3139 432 3188; x_wconf 87' lang='grc' dir='ltr'><strong>ἐν</strong></span> <span class='ocrx_word' id='word_1_281' title='bbox 461 3141 574 3201; x_wconf 89' lang='grc' dir='ltr'><strong>τοῖς</strong></span> <span class='ocrx_word' id='word_1_282' title='bbox 605 3138 882 3208; x_wconf 81' lang='grc' dir='ltr'><strong>βιωτικοῖς</strong></span> <span class='ocrx_word' id='word_1_283' title='bbox 907 3140 1230 3212; x_wconf 78' lang='grc' dir='ltr'><strong>πράγμασιν</strong></span> <span class='ocrx_word' id='word_1_284' title='bbox 1257 3144 1393 3193; x_wconf 89' lang='grc' dir='ltr'><strong>εἰσιν</strong></span> <span class='ocrx_word' id='word_1_285' title='bbox 1421 3139 1590 3210; x_wconf 72' lang='grc' dir='ltr'><strong>ἁρχαὶ</strong></span> <span class='ocrx_word' id='word_1_286' title='bbox 1615 3138 1828 3202; x_wconf 80' lang='grc' dir='ltr'><strong>πολλαὶ,</strong></span> 
     </span>
    </p>
   </div>
   <div class='ocr_carea' id='block_1_35' title="bbox 226 3219 1832 3292">
    <p class='ocr_par' dir='ltr' id='par_1_35' title="bbox 226 3219 1832 3292">
     <span class='ocr_line' id='line_1_35' title="bbox 226 3219 1832 3292; baseline 0.001 -23"><span class='ocrx_word' id='word_1_287' title='bbox 226 3219 298 3270; x_wconf 87' lang='grc' dir='ltr'><strong>ού</strong></span> <span class='ocrx_word' id='word_1_288' title='bbox 341 3220 514 3272; x_wconf 80' lang='grc' dir='ltr'><strong>πᾶσαι</strong></span> <span class='ocrx_word' id='word_1_289' title='bbox 537 3220 595 3271; x_wconf 80' lang='grc' dir='ltr'><strong>δέ</strong></span> <span class='ocrx_word' id='word_1_290' title='bbox 621 3221 721 3289; x_wconf 77' lang='grc' dir='ltr'><strong>τῆς</strong></span> <span class='ocrx_word' id='word_1_291' title='bbox 750 3222 922 3291; x_wconf 79' lang='grc' dir='ltr'><strong>αὐτῆς</strong></span> <span class='ocrx_word' id='word_1_292' title='bbox 963 3222 1144 3286; x_wconf 79' lang='grc' dir='ltr'><strong>ἀξίας.</strong></span> <span class='ocrx_word' id='word_1_293' title='bbox 1195 3222 1310 3275; x_wconf 86' lang='grc' dir='ltr'><strong>ἀλλ’</strong></span> <span class='ocrx_word' id='word_1_294' title='bbox 1341 3225 1395 3275; x_wconf 84' lang='grc' dir='ltr'><strong>αἱ</strong></span> <span class='ocrx_word' id='word_1_295' title='bbox 1431 3223 1530 3292; x_wconf 84' lang='grc' dir='ltr'><strong>μὲν</strong></span> <span class='ocrx_word' id='word_1_296' title='bbox 1574 3219 1832 3292; x_wconf 75' lang='grc' dir='ltr'><strong>μείζους,</strong></span> 
     </span>
    </p>
   </div>
   <div class='ocr_carea' id='block_1_36' title="bbox 234 3300 1835 3377">
    <p class='ocr_par' dir='ltr' id='par_1_36' title="bbox 234 3300 1835 3377">
     <span class='ocr_line' id='line_1_36' title="bbox 234 3300 1835 3377; baseline 0.001 -23"><span class='ocrx_word' id='word_1_297' title='bbox 234 3305 295 3356; x_wconf 85' lang='grc' dir='ltr'><strong>αἰ</strong></span> <span class='ocrx_word' id='word_1_298' title='bbox 323 3302 379 3356; x_wconf 74' lang='grc' dir='ltr'><strong>δὲ</strong></span> <span class='ocrx_word' id='word_1_299' title='bbox 411 3302 685 3367; x_wconf 77' lang='grc' dir='ltr'><strong>ἐλάττους·</strong></span> <span class='ocrx_word' id='word_1_300' title='bbox 718 3300 852 3367; x_wconf 76' lang='grc' dir='ltr'><strong>οἷον,</strong></span> <span class='ocrx_word' id='word_1_301' title='bbox 879 3306 966 3358; x_wconf 84' lang='grc' dir='ltr'><strong>ἵνα</strong></span> <span class='ocrx_word' id='word_1_302' title='bbox 995 3306 1103 3359; x_wconf 73' lang='grc' dir='ltr'><strong>ἀπὸ</strong></span> <span class='ocrx_word' id='word_1_303' title='bbox 1121 3307 1220 3377; x_wconf 83' lang='grc' dir='ltr'><strong>τῆς</strong></span> <span class='ocrx_word' id='word_1_304' title='bbox 1247 3306 1563 3377; x_wconf 88' lang='grc' dir='ltr'><strong>κατωτέρας</strong></span> <span class='ocrx_word' id='word_1_305' title='bbox 1590 3304 1682 3357; x_wconf 83' lang='grc' dir='ltr'><strong>τὸν</strong></span> <span class='ocrx_word' id='word_1_306' title='bbox 1713 3306 1835 3374; x_wconf 89' lang='grc' dir='ltr'><strong>ἀρι-</strong></span> 
     </span>
    </p>
   </div>
   <div class='ocr_carea' id='block_1_37' title="bbox 242 3386 1835 3460">
    <p class='ocr_par' dir='ltr' id='par_1_37' title="bbox 242 3386 1835 3460">
     <span class='ocr_line' id='line_1_37' title="bbox 242 3386 1835 3460; baseline -0.002 -19"><span class='ocrx_word' id='word_1_307' title='bbox 242 3387 380 3457; x_wconf 72' lang='grc' dir='ltr'><strong>θμὸν</strong></span> <span class='ocrx_word' id='word_1_308' title='bbox 415 3386 794 3458; x_wconf 85' lang='grc' dir='ltr'><strong>ποιησώμεθα,</strong></span> <span class='ocrx_word' id='word_1_309' title='bbox 828 3389 974 3443; x_wconf 75' lang='grc' dir='ltr'><strong>ἔστιν</strong></span> <span class='ocrx_word' id='word_1_310' title='bbox 1001 3393 1029 3443; x_wconf 97' lang='lat'><strong>6</strong></span> <span class='ocrx_word' id='word_1_311' title='bbox 1056 3391 1155 3460; x_wconf 81' lang='grc' dir='ltr'><strong>τῆς</strong></span> <span class='ocrx_word' id='word_1_312' title='bbox 1186 3390 1394 3453; x_wconf 85' lang='grc' dir='ltr'><strong>πόλεως</strong></span> <span class='ocrx_word' id='word_1_313' title='bbox 1415 3389 1649 3452; x_wconf 71' lang='grc' dir='ltr'><strong>ἔκδικος·</strong></span> <span class='ocrx_word' id='word_1_314' title='bbox 1685 3387 1835 3440; x_wconf 79' lang='grc' dir='ltr'><strong>ἔστιν</strong></span> 
     </span>
    </p>
   </div>
   <div class='ocr_carea' id='block_1_38' title="bbox 237 3478 1834 3552">
    <p class='ocr_par' dir='ltr' id='par_1_38' title="bbox 237 3478 1834 3552">
     <span class='ocr_line' id='line_1_38' title="bbox 237 3478 1834 3552; baseline 0 -20"><span class='ocrx_word' id='word_1_315' title='bbox 237 3478 513 3551; x_wconf 86' lang='grc' dir='ltr'><strong>ἁνὼτερος</strong></span> <span class='ocrx_word' id='word_1_316' title='bbox 555 3481 765 3534; x_wconf 87' lang='grc' dir='ltr'><strong>ἐκείνου</strong></span> <span class='ocrx_word' id='word_1_317' title='bbox 812 3483 842 3533; x_wconf 92' lang='lat'><strong>6</strong></span> <span class='ocrx_word' id='word_1_318' title='bbox 882 3481 977 3534; x_wconf 90' lang='grc' dir='ltr'><strong>τοῦ</strong></span> <span class='ocrx_word' id='word_1_319' title='bbox 1039 3482 1228 3545; x_wconf 77' lang='grc' dir='ltr'><strong>ἔθνους</strong></span> <span class='ocrx_word' id='word_1_320' title='bbox 1280 3480 1524 3552; x_wconf 80' lang='grc' dir='ltr'><strong>ἡγεμών·</strong></span> <span class='ocrx_word' id='word_1_321' title='bbox 1567 3478 1682 3532; x_wconf 75' lang='grc' dir='ltr'><strong>ἔστι</strong></span> <span class='ocrx_word' id='word_1_322' title='bbox 1713 3481 1834 3549; x_wconf 85' lang='grc' dir='ltr'><strong>μετ’</strong></span> 
     </span>
    </p>
   </div>
   <div class='ocr_carea' id='block_1_39' title="bbox 236 3564 1831 3636">
    <p class='ocr_par' dir='ltr' id='par_1_39' title="bbox 236 3564 1831 3636">
     <span class='ocr_line' id='line_1_39' title="bbox 236 3564 1831 3636; baseline -0.001 -20"><span class='ocrx_word' id='word_1_323' title='bbox 236 3565 448 3617; x_wconf 78' lang='grc' dir='ltr'><strong>ἐκεῖνον</strong></span> <span class='ocrx_word' id='word_1_324' title='bbox 503 3564 690 3636; x_wconf 74' lang='grc' dir='ltr'><strong>ἕτερος</strong></span> <span class='ocrx_word' id='word_1_325' title='bbox 722 3564 906 3636; x_wconf 76' lang='grc' dir='ltr'><strong>ἄρχων</strong></span> <span class='ocrx_word' id='word_1_326' title='bbox 955 3565 1158 3635; x_wconf 84' lang='grc' dir='ltr'><strong>μείζων</strong></span> <span class='ocrx_word' id='word_1_327' title='bbox 1188 3581 1202 3597; x_wconf 68' lang='grc' dir='ltr'><strong>ο</strong></span> <span class='ocrx_word' id='word_1_328' title='bbox 1245 3565 1360 3617; x_wconf 81' lang='grc' dir='ltr'><strong>ἐστι</strong></span> <span class='ocrx_word' id='word_1_329' title='bbox 1409 3564 1570 3618; x_wconf 87' lang='grc' dir='ltr'><strong>πάλιν</strong></span> <span class='ocrx_word' id='word_1_330' title='bbox 1599 3567 1628 3615; x_wconf 89' lang='lat'><strong>6</strong></span> <span class='ocrx_word' id='word_1_331' title='bbox 1668 3579 1831 3633; x_wconf 88' lang='grc' dir='ltr'><strong>στρα-</strong></span> 
     </span>
    </p>
   </div>
   <div class='ocr_carea' id='block_1_40' title="bbox 233 3645 1832 3718">
    <p class='ocr_par' dir='ltr' id='par_1_40' title="bbox 233 3645 1832 3718">
     <span class='ocr_line' id='line_1_40' title="bbox 233 3645 1832 3718; baseline 0 -20"><span class='ocrx_word' id='word_1_332' title='bbox 233 3645 517 3717; x_wconf 83' lang='grc' dir='ltr'><strong>τηλάτης·</strong></span> <span class='ocrx_word' id='word_1_333' title='bbox 577 3647 722 3700; x_wconf 73' lang='grc' dir='ltr'><strong>ἐστιν</strong></span> <span class='ocrx_word' id='word_1_334' title='bbox 786 3651 814 3701; x_wconf 92' lang='lat'><strong>6</strong></span> <span class='ocrx_word' id='word_1_335' title='bbox 871 3648 1149 3718; x_wconf 78' lang='grc' dir='ltr'><strong>ὕπαρχος·</strong></span> <span class='ocrx_word' id='word_1_336' title='bbox 1211 3648 1357 3700; x_wconf 83' lang='grc' dir='ltr'><strong>ἔστιν</strong></span> <span class='ocrx_word' id='word_1_337' title='bbox 1407 3647 1656 3717; x_wconf 79' lang='grc' dir='ltr'><strong>ἀνωτέρα</strong></span> <span class='ocrx_word' id='word_1_338' title='bbox 1705 3646 1832 3698; x_wconf 86' lang='grc' dir='ltr'><strong>τού-</strong></span> 
     </span>
    </p>
   </div>
   <div class='ocr_carea' id='block_1_41' title="bbox 234 3730 1834 3803">
    <p class='ocr_par' dir='ltr' id='par_1_41' title="bbox 234 3730 1834 3803">
     <span class='ocr_line' id='line_1_41' title="bbox 234 3730 1834 3803; baseline -0.001 -20"><span class='ocrx_word' id='word_1_339' title='bbox 234 3747 349 3783; x_wconf 92' lang='grc' dir='ltr'><strong>των</strong></span> <span class='ocrx_word' id='word_1_340' title='bbox 399 3731 602 3801; x_wconf 56' lang='grc' dir='ltr'><strong>ἀρχὴν</strong></span> <span class='ocrx_word' id='word_1_341' title='bbox 634 3733 667 3801; x_wconf 81' lang='grc' dir='ltr'><strong>ἡ</strong></span> <span class='ocrx_word' id='word_1_342' title='bbox 721 3731 829 3785; x_wconf 90' lang='grc' dir='ltr'><strong>τῶν</strong></span> <span class='ocrx_word' id='word_1_343' title='bbox 881 3732 1104 3785; x_wconf 84' lang='grc' dir='ltr'><strong>ὑπάτων</strong></span> <span class='ocrx_word' id='word_1_344' title='bbox 1136 3733 1315 3803; x_wconf 84' lang='grc' dir='ltr'><strong>ἀρχή·</strong></span> <span class='ocrx_word' id='word_1_345' title='bbox 1353 3732 1447 3784; x_wconf 72' lang='grc' dir='ltr'><strong>καὶ</strong></span> <span class='ocrx_word' id='word_1_346' title='bbox 1500 3733 1673 3784; x_wconf 76' lang='grc' dir='ltr'><strong>πᾶσαι</strong></span> <span class='ocrx_word' id='word_1_347' title='bbox 1735 3730 1834 3799; x_wconf 75' lang='grc' dir='ltr'><strong>μὲν</strong></span> 
     </span>
    </p>
   </div>
   <div class='ocr_carea' id='block_1_42' title="bbox 235 3806 1835 3886">
    <p class='ocr_par' dir='ltr' id='par_1_42' title="bbox 235 3806 1835 3886">
     <span class='ocr_line' id='line_1_42' title="bbox 235 3806 1835 3886; baseline -0.001 -20"><span class='ocrx_word' id='word_1_348' title='bbox 235 3806 404 3866; x_wconf 71' lang='grc' dir='ltr'><strong>αὗται</strong></span> <span class='ocrx_word' id='word_1_349' title='bbox 442 3815 626 3884; x_wconf 74' lang='grc' dir='ltr'><strong>ἀρχαὶ,</strong></span> <span class='ocrx_word' id='word_1_350' title='bbox 664 3814 726 3867; x_wconf 82' lang='grc' dir='ltr'><strong>οὐ</strong></span> <span class='ocrx_word' id='word_1_351' title='bbox 767 3816 937 3868; x_wconf 73' lang='grc' dir='ltr'><strong>πᾶσαι</strong></span> <span class='ocrx_word' id='word_1_352' title='bbox 989 3815 1046 3868; x_wconf 83' lang='grc' dir='ltr'><strong>δὲ</strong></span> <span class='ocrx_word' id='word_1_353' title='bbox 1094 3815 1192 3886; x_wconf 86' lang='grc' dir='ltr'><strong>τῆς</strong></span> <span class='ocrx_word' id='word_1_354' title='bbox 1238 3814 1415 3882; x_wconf 79' lang='grc' dir='ltr'><strong>αὐτῆς</strong></span> <span class='ocrx_word' id='word_1_355' title='bbox 1459 3813 1617 3879; x_wconf 78' lang='grc' dir='ltr'><strong>ἀξίας</strong></span> <span class='ocrx_word' id='word_1_356' title='bbox 1647 3829 1660 3842; x_wconf 91' lang='grc'><strong>·</strong></span> <span class='ocrx_word' id='word_1_357' title='bbox 1690 3813 1835 3865; x_wconf 84' lang='grc' dir='ltr'><strong>οὓτω</strong></span> 
     </span>
    </p>
   </div>
   <div class='ocr_carea' id='block_1_43' title="bbox 238 3895 1834 3968">
    <p class='ocr_par' dir='ltr' id='par_1_43' title="bbox 238 3895 1834 3968">
     <span class='ocr_line' id='line_1_43' title="bbox 238 3895 1834 3968; baseline -0.003 -17"><span class='ocrx_word' id='word_1_358' title='bbox 238 3897 338 3951; x_wconf 73' lang='grc' dir='ltr'><strong>καὶ</strong></span> <span class='ocrx_word' id='word_1_359' title='bbox 386 3897 497 3949; x_wconf 83' lang='grc' dir='ltr'><strong>τῶν</strong></span> <span class='ocrx_word' id='word_1_360' title='bbox 547 3898 932 3967; x_wconf 76' lang='grc' dir='ltr'><strong>πνευματικῶν</strong></span> <span class='ocrx_word' id='word_1_361' title='bbox 969 3899 1160 3950; x_wconf 71' lang='grc' dir='ltr'><strong>πολλαὶ</strong></span> <span class='ocrx_word' id='word_1_362' title='bbox 1214 3899 1311 3967; x_wconf 84' lang='grc' dir='ltr'><strong>μὲν</strong></span> <span class='ocrx_word' id='word_1_363' title='bbox 1368 3897 1535 3968; x_wconf 79' lang='grc' dir='ltr'><strong>ἀρχαὶ</strong></span> <span class='ocrx_word' id='word_1_364' title='bbox 1563 3935 1577 3956; x_wconf 91' lang='grc'><strong>,</strong></span> <span class='ocrx_word' id='word_1_365' title='bbox 1621 3895 1682 3948; x_wconf 84' lang='grc' dir='ltr'><strong>ού</strong></span> <span class='ocrx_word' id='word_1_366' title='bbox 1731 3897 1834 3947; x_wconf 83' lang='grc' dir='ltr'><strong>πᾶ-</strong></span> 
     </span>
    </p>
   </div>
   <div class='ocr_carea' id='block_1_44' title="bbox 239 3979 1833 4050">
    <p class='ocr_par' dir='ltr' id='par_1_44' title="bbox 239 3979 1833 4050">
     <span class='ocr_line' id='line_1_44' title="bbox 239 3979 1833 4050; baseline -0.001 -19"><span class='ocrx_word' id='word_1_367' title='bbox 239 3995 331 4033; x_wconf 87' lang='grc' dir='ltr'><strong>σαι</strong></span> <span class='ocrx_word' id='word_1_368' title='bbox 377 3980 436 4033; x_wconf 75' lang='grc' dir='ltr'><strong>δὲ</strong></span> <span class='ocrx_word' id='word_1_369' title='bbox 481 3981 582 4050; x_wconf 80' lang='grc' dir='ltr'><strong>τῆς</strong></span> <span class='ocrx_word' id='word_1_370' title='bbox 633 3981 804 4050; x_wconf 74' lang='grc' dir='ltr'><strong>αὐτῆς</strong></span> <span class='ocrx_word' id='word_1_371' title='bbox 852 3979 1006 4046; x_wconf 76' lang='grc' dir='ltr'><strong>ἀξίας</strong></span> <span class='ocrx_word' id='word_1_372' title='bbox 1035 3998 1046 4011; x_wconf 89' lang='grc'><strong>·</strong></span> <span class='ocrx_word' id='word_1_373' title='bbox 1103 3980 1294 4033; x_wconf 81' lang='grc' dir='ltr'><strong>πασῶν</strong></span> <span class='ocrx_word' id='word_1_374' title='bbox 1340 3980 1394 4032; x_wconf 83' lang='grc' dir='ltr'><strong>δέ</strong></span> <span class='ocrx_word' id='word_1_375' title='bbox 1440 3979 1641 4049; x_wconf 82' lang='grc' dir='ltr'><strong>μείζων</strong></span> <span class='ocrx_word' id='word_1_376' title='bbox 1670 3981 1705 4048; x_wconf 79' lang='grc' dir='ltr'><strong>ἡ</strong></span> <span class='ocrx_word' id='word_1_377' title='bbox 1732 3979 1833 4046; x_wconf 82' lang='grc' dir='ltr'><strong>τῆς</strong></span> 
     </span>
    </p>
   </div>
   <div class='ocr_carea' id='block_1_45' title="bbox 237 4061 1832 4134">
    <p class='ocr_par' dir='ltr' id='par_1_45' title="bbox 237 4061 1832 4134">
     <span class='ocr_line' id='line_1_45' title="bbox 237 4061 1832 4134; baseline 0.001 -21"><span class='ocrx_word' id='word_1_378' title='bbox 237 4062 546 4132; x_wconf 80' lang='grc' dir='ltr'><strong>ἀποστολῆς</strong></span> <span class='ocrx_word' id='word_1_379' title='bbox 579 4064 726 4129; x_wconf 78' lang='grc' dir='ltr'><strong>ἀξία.</strong></span> <span class='ocrx_word' id='word_1_380' title='bbox 779 4064 889 4116; x_wconf 77' lang='grc' dir='ltr'><strong>Καὶ</strong></span> <span class='ocrx_word' id='word_1_381' title='bbox 923 4063 1031 4134; x_wconf 89' lang='grc' dir='ltr'><strong>γάρ</strong></span> <span class='ocrx_word' id='word_1_382' title='bbox 1075 4064 1184 4115; x_wconf 77' lang='grc' dir='ltr'><strong>ἀπὸ</strong></span> <span class='ocrx_word' id='word_1_383' title='bbox 1234 4063 1342 4116; x_wconf 91' lang='grc' dir='ltr'><strong>τῶν</strong></span> <span class='ocrx_word' id='word_1_384' title='bbox 1375 4061 1654 4130; x_wconf 73' lang='grc' dir='ltr'><strong>αἰσθητῶν</strong></span> <span class='ocrx_word' id='word_1_385' title='bbox 1685 4063 1832 4130; x_wconf 68' lang='grc' dir='ltr'><strong>ὑμᾶς</strong></span> 
     </span>
    </p>
   </div>
   <div class='ocr_carea' id='block_1_46' title="bbox 237 4145 1832 4217">
    <p class='ocr_par' dir='ltr' id='par_1_46' title="bbox 237 4145 1832 4217">
     <span class='ocr_line' id='line_1_46' title="bbox 237 4145 1832 4217; baseline 0.001 -21"><span class='ocrx_word' id='word_1_386' title='bbox 237 4145 332 4197; x_wconf 73' lang='grc' dir='ltr'><strong>ἐπὶ</strong></span> <span class='ocrx_word' id='word_1_387' title='bbox 367 4145 437 4198; x_wconf 81' lang='grc' dir='ltr'><strong>τά</strong></span> <span class='ocrx_word' id='word_1_388' title='bbox 470 4147 638 4214; x_wconf 87' lang='grc' dir='ltr'><strong>νοητά</strong></span> <span class='ocrx_word' id='word_1_389' title='bbox 673 4151 1035 4217; x_wconf 77' lang='grc' dir='ltr'><strong>χειραγωγεῖν</strong></span> <span class='ocrx_word' id='word_1_390' title='bbox 1081 4147 1181 4201; x_wconf 88' lang='grc' dir='ltr'><strong>δεῖ.</strong></span> <span class='ocrx_word' id='word_1_391' title='bbox 1219 4146 1376 4198; x_wconf 82' lang='grc' dir='ltr'><strong>Οῦτω</strong></span> <span class='ocrx_word' id='word_1_392' title='bbox 1408 4145 1502 4198; x_wconf 78' lang='grc' dir='ltr'><strong>καὶ</strong></span> <span class='ocrx_word' id='word_1_393' title='bbox 1530 4147 1558 4198; x_wconf 89' lang='lat'><strong>6</strong></span> <span class='ocrx_word' id='word_1_394' title='bbox 1593 4146 1832 4215; x_wconf 85' lang='grc' dir='ltr'><strong>Χριστὸς</strong></span> 
     </span>
    </p>
   </div>
   <div class='ocr_carea' id='block_1_47' title="bbox 235 4226 1833 4298">
    <p class='ocr_par' dir='ltr' id='par_1_47' title="bbox 235 4226 1833 4298">
     <span class='ocr_line' id='line_1_47' title="bbox 235 4226 1833 4298; baseline 0.001 -21"><span class='ocrx_word' id='word_1_395' title='bbox 235 4226 489 4296; x_wconf 77' lang='grc' dir='ltr'><strong>ἐποίησε,</strong></span> <span class='ocrx_word' id='word_1_396' title='bbox 521 4228 650 4298; x_wconf 78' lang='grc' dir='ltr'><strong>περὶ</strong></span> <span class='ocrx_word' id='word_1_397' title='bbox 681 4229 999 4298; x_wconf 85' lang='grc' dir='ltr'><strong>Πνεύματος</strong></span> <span class='ocrx_word' id='word_1_398' title='bbox 1030 4228 1414 4298; x_wconf 69' lang='grc' dir='ltr'><strong>διαλεγόμενος</strong></span> <span class='ocrx_word' id='word_1_399' title='bbox 1435 4227 1627 4289; x_wconf 79' lang='grc' dir='ltr'><strong>ὓδατος</strong></span> <span class='ocrx_word' id='word_1_400' title='bbox 1665 4230 1833 4297; x_wconf 81' lang='grc' dir='ltr'><strong>ἐμνη-</strong></span> 
     </span>
    </p>
   </div>
   <div class='ocr_carea' id='block_1_48' title="bbox 236 4309 1834 4380">
    <p class='ocr_par' dir='ltr' id='par_1_48' title="bbox 236 4309 1834 4380">
     <span class='ocr_line' id='line_1_48' title="bbox 236 4309 1834 4380; baseline -0.001 -19"><span class='ocrx_word' id='word_1_401' title='bbox 236 4309 535 4380; x_wconf 77' lang='grc' dir='ltr'><strong>μόνευσεν.,</strong></span> <span class='ocrx_word' id='word_1_402' title='bbox 556 4310 618 4362; x_wconf 80' lang='lat'><strong>&#39;0</strong></span> <span class='ocrx_word' id='word_1_403' title='bbox 639 4310 747 4378; x_wconf 78' lang='grc' dir='ltr'><strong>γὰρ</strong></span> <span class='ocrx_word' id='word_1_404' title='bbox 763 4310 956 4364; x_wconf 73' lang='grc' dir='ltr'><strong>πίνων</strong></span> <span class='ocrx_word' id='word_1_405' title='bbox 969 4312 1038 4365; x_wconf 77' lang='grc' dir='ltr'><strong>ἐκ</strong></span> <span class='ocrx_word' id='word_1_406' title='bbox 1055 4311 1163 4365; x_wconf 81' lang='grc' dir='ltr'><strong>τοῦ</strong></span> <span class='ocrx_word' id='word_1_407' title='bbox 1180 4311 1400 4376; x_wconf 82' lang='grc' dir='ltr'><strong>ὕδατος</strong></span> <span class='ocrx_word' id='word_1_408' title='bbox 1422 4311 1637 4363; x_wconf 84' lang='grc' dir='ltr'><strong>τούτου</strong></span> <span class='ocrx_word' id='word_1_409' title='bbox 1655 4309 1834 4378; x_wconf 70' lang='grc' dir='ltr'><strong>διψή-</strong></span> 
     </span>
    </p>
   </div>
   <div class='ocr_carea' id='block_1_49' title="bbox 229 4389 1832 4463">
    <p class='ocr_par' dir='ltr' id='par_1_49' title="bbox 229 4389 1832 4463">
     <span class='ocr_line' id='line_1_49' title="bbox 229 4389 1832 4463; baseline 0.002 -18"><span class='ocrx_word' id='word_1_410' title='bbox 229 4408 334 4445; x_wconf 89' lang='grc' dir='ltr'><strong>σει</strong></span> <span class='ocrx_word' id='word_1_411' title='bbox 354 4391 564 4461; x_wconf 57' lang='grc' dir='ltr'><strong>πάλιν,</strong></span> <span class='ocrx_word' id='word_1_412' title='bbox 594 4393 758 4463; x_wconf 81' lang='grc' dir='ltr'><strong>φησίν</strong></span> <span class='ocrx_word' id='word_1_413' title='bbox 785 4412 800 4425; x_wconf 77' lang='grc' dir='ltr'><strong>ο</strong></span> <span class='ocrx_word' id='word_1_414' title='bbox 846 4397 880 4446; x_wconf 82' lang='grc' dir='ltr'><em>ὁ</em></span> <span class='ocrx_word' id='word_1_415' title='bbox 910 4393 978 4446; x_wconf 87' lang='grc' dir='ltr'><strong>δὲ</strong></span> <span class='ocrx_word' id='word_1_416' title='bbox 1006 4395 1201 4446; x_wconf 79' lang='grc' dir='ltr'><strong>πίνων</strong></span> <span class='ocrx_word' id='word_1_417' title='bbox 1236 4394 1306 4447; x_wconf 78' lang='grc' dir='ltr'><strong>ἐκ</strong></span> <span class='ocrx_word' id='word_1_418' title='bbox 1342 4393 1450 4447; x_wconf 88' lang='grc' dir='ltr'><strong>τοῦ</strong></span> <span class='ocrx_word' id='word_1_419' title='bbox 1479 4392 1722 4456; x_wconf 78' lang='grc' dir='ltr'><strong>ὕδατος,</strong></span> <span class='ocrx_word' id='word_1_420' title='bbox 1759 4389 1832 4448; x_wconf 84' lang='grc' dir='ltr'><strong>οὗ</strong></span> 
     </span>
    </p>
   </div>
   <div class='ocr_carea' id='block_1_50' title="bbox 232 4474 1830 4546">
    <p class='ocr_par' dir='ltr' id='par_1_50' title="bbox 232 4474 1830 4546">
     <span class='ocr_line' id='line_1_50' title="bbox 232 4474 1830 4546; baseline 0.001 -18"><span class='ocrx_word' id='word_1_421' title='bbox 232 4475 351 4543; x_wconf 75' lang='grc' dir='ltr'><strong>ἐγὼ</strong></span> <span class='ocrx_word' id='word_1_422' title='bbox 380 4474 555 4528; x_wconf 82' lang='grc' dir='ltr'><strong>δώσω</strong></span> <span class='ocrx_word' id='word_1_423' title='bbox 594 4476 778 4542; x_wconf 85' lang='grc' dir='ltr'><strong>αὐτῷ,</strong></span> <span class='ocrx_word' id='word_1_424' title='bbox 829 4478 902 4529; x_wconf 83' lang='grc' dir='ltr'><strong>οὐ</strong></span> <span class='ocrx_word' id='word_1_425' title='bbox 934 4477 1024 4546; x_wconf 80' lang='grc' dir='ltr'><strong>μὴ</strong></span> <span class='ocrx_word' id='word_1_426' title='bbox 1054 4476 1308 4545; x_wconf 71' lang='grc' dir='ltr'><strong>διψήσει</strong></span> <span class='ocrx_word' id='word_1_427' title='bbox 1339 4479 1427 4542; x_wconf 85' lang='grc' dir='ltr'><strong>είς</strong></span> <span class='ocrx_word' id='word_1_428' title='bbox 1468 4477 1574 4530; x_wconf 81' lang='grc' dir='ltr'><strong>τὸν</strong></span> <span class='ocrx_word' id='word_1_429' title='bbox 1621 4477 1830 4530; x_wconf 78' lang='grc' dir='ltr'><strong>αἰῶνα.</strong></span> 
     </span>
    </p>
   </div>
   <div class='ocr_carea' id='block_1_51' title="bbox 247 4566 1836 4639">
    <p class='ocr_par' dir='ltr' id='par_1_51' title="bbox 247 4566 1836 4639">
     <span class='ocr_line' id='line_1_51' title="bbox 247 4566 1836 4639; baseline 0 -19"><span class='ocrx_word' id='word_1_430' title='bbox 247 4568 412 4637; x_wconf 76' lang='grc' dir='ltr'><strong>Ὁρᾷς</strong></span> <span class='ocrx_word' id='word_1_431' title='bbox 441 4566 550 4619; x_wconf 82' lang='grc' dir='ltr'><strong>ἀπὸ</strong></span> <span class='ocrx_word' id='word_1_432' title='bbox 565 4567 672 4620; x_wconf 90' lang='grc' dir='ltr'><strong>τῶν</strong></span> <span class='ocrx_word' id='word_1_433' title='bbox 698 4568 976 4638; x_wconf 88' lang='grc' dir='ltr'><strong>αἰσθητῶν</strong></span> <span class='ocrx_word' id='word_1_434' title='bbox 999 4568 1092 4620; x_wconf 78' lang='grc' dir='ltr'><strong>ἐπὶ</strong></span> <span class='ocrx_word' id='word_1_435' title='bbox 1109 4568 1178 4620; x_wconf 82' lang='grc' dir='ltr'><strong>τὰ</strong></span> <span class='ocrx_word' id='word_1_436' title='bbox 1194 4567 1362 4637; x_wconf 85' lang='grc' dir='ltr'><strong>νοητά</strong></span> <span class='ocrx_word' id='word_1_437' title='bbox 1388 4567 1836 4639; x_wconf 84' lang='grc' dir='ltr'><strong>χειραγωγοῦντα</strong></span> 
     </span>
    </p>
   </div>
   <div class='ocr_carea' id='block_1_52' title="bbox 231 4649 1834 4723">
    <p class='ocr_par' dir='ltr' id='par_1_52' title="bbox 231 4649 1834 4723">
     <span class='ocr_line' id='line_1_52' title="bbox 231 4649 1834 4723; baseline 0.001 -22"><span class='ocrx_word' id='word_1_438' title='bbox 231 4651 294 4702; x_wconf 79' lang='grc' dir='ltr'><strong>τὸ</strong></span> <span class='ocrx_word' id='word_1_439' title='bbox 324 4649 551 4717; x_wconf 88' lang='grc' dir='ltr'><strong>γύναιον</strong></span> <span class='ocrx_word' id='word_1_440' title='bbox 583 4666 598 4713; x_wconf 88' lang='lat'><strong>;</strong></span> <span class='ocrx_word' id='word_1_441' title='bbox 644 4650 802 4704; x_wconf 79' lang='grc' dir='ltr'><strong>Οῦτω</strong></span> <span class='ocrx_word' id='word_1_442' title='bbox 829 4652 925 4704; x_wconf 79' lang='grc' dir='ltr'><strong>καὶ</strong></span> <span class='ocrx_word' id='word_1_443' title='bbox 949 4655 1115 4723; x_wconf 75' lang='grc' dir='ltr'><strong>ἡμεῖς</strong></span> <span class='ocrx_word' id='word_1_444' title='bbox 1150 4651 1434 4720; x_wconf 84' lang='grc' dir='ltr'><strong>ποιοῦμεν,</strong></span> <span class='ocrx_word' id='word_1_445' title='bbox 1459 4653 1555 4705; x_wconf 70' lang='grc' dir='ltr'><strong>καὶ</strong></span> <span class='ocrx_word' id='word_1_446' title='bbox 1587 4651 1834 4705; x_wconf 85' lang='grc' dir='ltr'><strong>κάτωθεν</strong></span> 
     </span>
    </p>
   </div>
   <div class='ocr_carea' id='block_1_53' title="bbox 231 4732 1834 4805">
    <p class='ocr_par' dir='ltr' id='par_1_53' title="bbox 231 4732 1834 4805">
     <span class='ocr_line' id='line_1_53' title="bbox 231 4732 1834 4805; baseline 0.001 -21"><span class='ocrx_word' id='word_1_447' title='bbox 231 4732 605 4802; x_wconf 75' lang='grc' dir='ltr'><strong>ἀναϐαίνομεν</strong></span> <span class='ocrx_word' id='word_1_448' title='bbox 644 4735 778 4797; x_wconf 78' lang='grc' dir='ltr'><strong>ἀνω,</strong></span> <span class='ocrx_word' id='word_1_449' title='bbox 836 4734 978 4788; x_wconf 82' lang='grc' dir='ltr'><strong>ὥστε</strong></span> <span class='ocrx_word' id='word_1_450' title='bbox 1031 4736 1403 4805; x_wconf 75' lang='grc' dir='ltr'><strong>εὐσημότερον</strong></span> <span class='ocrx_word' id='word_1_451' title='bbox 1450 4734 1707 4802; x_wconf 82' lang='grc' dir='ltr'><strong>γενέσθαι</strong></span> <span class='ocrx_word' id='word_1_452' title='bbox 1740 4733 1834 4785; x_wconf 75' lang='grc' dir='ltr'><strong>τὸν</strong></span> 
     </span>
    </p>
   </div>
   <div class='ocr_carea' id='block_1_54' title="bbox 229 4815 1854 4890">
    <p class='ocr_par' dir='ltr' id='par_1_54' title="bbox 229 4815 1854 4890">
     <span class='ocr_line' id='line_1_54' title="bbox 229 4815 1854 4890; baseline 0.003 -23"><span class='ocrx_word' id='word_1_453' title='bbox 229 4815 414 4883; x_wconf 79' lang='grc' dir='ltr'><strong>λόγον.</strong></span> <span class='ocrx_word' id='word_1_454' title='bbox 447 4817 546 4869; x_wconf 75' lang='grc' dir='ltr'><strong>Διά</strong></span> <span class='ocrx_word' id='word_1_455' title='bbox 572 4815 732 4868; x_wconf 85' lang='grc' dir='ltr'><strong>τοῦτο</strong></span> <span class='ocrx_word' id='word_1_456' title='bbox 766 4818 895 4888; x_wconf 82' lang='grc' dir='ltr'><strong>περὶ</strong></span> <span class='ocrx_word' id='word_1_457' title='bbox 939 4819 1115 4890; x_wconf 83' lang='grc' dir='ltr'><strong>ἀρχῆς</strong></span> <span class='ocrx_word' id='word_1_458' title='bbox 1147 4819 1545 4888; x_wconf 85' lang='grc' dir='ltr'><strong>διαλεγόμενοι,</strong></span> <span class='ocrx_word' id='word_1_459' title='bbox 1577 4818 1634 4869; x_wconf 84' lang='grc' dir='ltr'><strong>οὑ</strong></span> <span class='ocrx_word' id='word_1_460' title='bbox 1671 4834 1854 4872; x_wconf 77' lang='grc' dir='ltr'><strong>πνευ-,</strong></span> 
     </span>
    </p>
   </div>
   <div class='ocr_carea' id='block_1_55' title="bbox 234 4899 1834 4972">
    <p class='ocr_par' dir='ltr' id='par_1_55' title="bbox 234 4899 1834 4972">
     <span class='ocr_line' id='line_1_55' title="bbox 234 4899 1834 4972; baseline 0.001 -21"><span class='ocrx_word' id='word_1_461' title='bbox 234 4899 479 4970; x_wconf 81' lang='grc' dir='ltr'><strong>ματικῆς</strong></span> <span class='ocrx_word' id='word_1_462' title='bbox 510 4901 1091 4972; x_wconf 74' lang='grc' dir='ltr'><strong>ἐμνήσθημενιάρχῆς,</strong></span> <span class='ocrx_word' id='word_1_463' title='bbox 1117 4904 1232 4956; x_wconf 85' lang='grc' dir='ltr'><strong>ἀλλ’</strong></span> <span class='ocrx_word' id='word_1_464' title='bbox 1264 4902 1572 4972; x_wconf 75' lang='grc' dir='ltr'><strong>αἰσθητῆς,</strong></span> <span class='ocrx_word' id='word_1_465' title='bbox 1596 4901 1683 4954; x_wconf 82' lang='grc' dir='ltr'><strong>ἵνα</strong></span> <span class='ocrx_word' id='word_1_466' title='bbox 1723 4902 1834 4954; x_wconf 81' lang='grc' dir='ltr'><strong>ἀπὸ</strong></span> 
     </span>
    </p>
   </div>
   <div class='ocr_carea' id='block_1_56' title="bbox 229 4991 1833 5066">
    <p class='ocr_par' dir='ltr' id='par_1_56' title="bbox 229 4991 1833 5066">
     <span class='ocr_line' id='line_1_56' title="bbox 229 4991 1833 5066; baseline 0.001 -24"><span class='ocrx_word' id='word_1_467' title='bbox 229 4991 442 5061; x_wconf 82' lang='grc' dir='ltr'><strong>ταύτης</strong></span> <span class='ocrx_word' id='word_1_468' title='bbox 470 4992 607 5060; x_wconf 70' lang='grc' dir='ltr'><strong>πρὸς</strong></span> <span class='ocrx_word' id='word_1_469' title='bbox 628 4993 845 5062; x_wconf 88' lang='grc' dir='ltr'><strong>ἐκείνην</strong></span> <span class='ocrx_word' id='word_1_470' title='bbox 879 4995 1026 5064; x_wconf 79' lang='grc' dir='ltr'><strong>ὑμᾶς</strong></span> <span class='ocrx_word' id='word_1_471' title='bbox 1060 4995 1592 5066; x_wconf 81' lang='grc' dir='ltr'><strong>χειραγωγήσωμεν.</strong></span> <span class='ocrx_word' id='word_1_472' title='bbox 1637 4992 1833 5047; x_wconf 86' lang='grc' dir='ltr'><strong>Ἠκού-</strong></span> 
     </span>
    </p>
   </div>
   <div class='ocr_carea' id='block_1_57' title="bbox 234 5074 1832 5149">
    <p class='ocr_par' dir='ltr' id='par_1_57' title="bbox 234 5074 1832 5149">
     <span class='ocr_line' id='line_1_57' title="bbox 234 5074 1832 5149; baseline 0.001 -22"><span class='ocrx_word' id='word_1_473' title='bbox 234 5090 367 5128; x_wconf 85' lang='grc' dir='ltr'><strong>σατε</strong></span> <span class='ocrx_word' id='word_1_474' title='bbox 415 5074 589 5138; x_wconf 80' lang='grc' dir='ltr'><strong>πόσας</strong></span> <span class='ocrx_word' id='word_1_475' title='bbox 627 5077 1017 5149; x_wconf 71' lang='grc' dir='ltr'><strong>ἡριθμήσαμεν</strong></span> <span class='ocrx_word' id='word_1_476' title='bbox 1048 5081 1223 5148; x_wconf 82' lang='grc' dir='ltr'><strong>ἀρχὰς</strong></span> <span class='ocrx_word' id='word_1_477' title='bbox 1261 5079 1541 5148; x_wconf 85' lang='grc' dir='ltr'><strong>βιωτικάς,</strong></span> <span class='ocrx_word' id='word_1_478' title='bbox 1578 5079 1674 5131; x_wconf 61' lang='grc' dir='ltr'><strong>καλ⁸</strong></span> <span class='ocrx_word' id='word_1_479' title='bbox 1713 5078 1832 5141; x_wconf 88' lang='grc' dir='ltr'><strong>πῶς</strong></span> 
     </span>
    </p>
   </div>
   <div class='ocr_carea' id='block_1_58' title="bbox 232 5157 1831 5232">
    <p class='ocr_par' dir='ltr' id='par_1_58' title="bbox 232 5157 1831 5232">
     <span class='ocr_line' id='line_1_58' title="bbox 232 5157 1831 5232; baseline 0.001 -21"><span class='ocrx_word' id='word_1_480' title='bbox 232 5159 289 5211; x_wconf 79' lang='grc' dir='ltr'><strong>αἰ</strong></span> <span class='ocrx_word' id='word_1_481' title='bbox 344 5157 445 5226; x_wconf 82' lang='grc' dir='ltr'><strong>μὲν</strong></span> <span class='ocrx_word' id='word_1_482' title='bbox 498 5157 741 5232; x_wconf 78' lang='grc' dir='ltr'><strong>μείζους,</strong></span> <span class='ocrx_word' id='word_1_483' title='bbox 794 5162 848 5212; x_wconf 77' lang='grc' dir='ltr'><strong>αἰ</strong></span> <span class='ocrx_word' id='word_1_484' title='bbox 900 5162 956 5214; x_wconf 77' lang='grc' dir='ltr'><strong>δὲ</strong></span> <span class='ocrx_word' id='word_1_485' title='bbox 1005 5163 1284 5225; x_wconf 81' lang='grc' dir='ltr'><strong>ἐλάττους,</strong></span> <span class='ocrx_word' id='word_1_486' title='bbox 1343 5163 1438 5215; x_wconf 78' lang='grc' dir='ltr'><strong>καὶ</strong></span> <span class='ocrx_word' id='word_1_487' title='bbox 1479 5162 1667 5230; x_wconf 84' lang='grc' dir='ltr'><strong>πῶςή</strong></span> <span class='ocrx_word' id='word_1_488' title='bbox 1719 5163 1831 5214; x_wconf 86' lang='grc' dir='ltr'><strong>τῶν</strong></span> 
     </span>
    </p>
   </div>
   <div class='ocr_carea' id='block_1_59' title="bbox 234 5242 1831 5316">
    <p class='ocr_par' dir='ltr' id='par_1_59' title="bbox 234 5242 1831 5316">
     <span class='ocr_line' id='line_1_59' title="bbox 234 5242 1831 5316; baseline 0.003 -22"><span class='ocrx_word' id='word_1_489' title='bbox 234 5242 458 5295; x_wconf 83' lang='grc' dir='ltr'><strong>ὑπάτων</strong></span> <span class='ocrx_word' id='word_1_490' title='bbox 482 5244 626 5314; x_wconf 77' lang='grc' dir='ltr'><strong>ἀρχὴ</strong></span> <span class='ocrx_word' id='word_1_491' title='bbox 653 5244 903 5315; x_wconf 84' lang='grc' dir='ltr'><strong>καθάπερ</strong></span> <span class='ocrx_word' id='word_1_492' title='bbox 926 5247 1138 5315; x_wconf 79' lang='grc' dir='ltr'><strong>κορυφὴ</strong></span> <span class='ocrx_word' id='word_1_493' title='bbox 1163 5248 1254 5299; x_wconf 78' lang='grc' dir='ltr'><strong>καὶ</strong></span> <span class='ocrx_word' id='word_1_494' title='bbox 1281 5245 1492 5316; x_wconf 83' lang='grc' dir='ltr'><strong>κεφαλὴ</strong></span> <span class='ocrx_word' id='word_1_495' title='bbox 1519 5248 1684 5298; x_wconf 80' lang='grc' dir='ltr'><strong>πᾶσιν</strong></span> <span class='ocrx_word' id='word_1_496' title='bbox 1711 5247 1831 5299; x_wconf 84' lang='grc' dir='ltr'><strong>ἐπί-</strong></span> 
     </span>
    </p>
   </div>
   <div class='ocr_carea' id='block_1_60' title="bbox 233 5325 1830 5399">
    <p class='ocr_par' dir='ltr' id='par_1_60' title="bbox 233 5325 1830 5399">
     <span class='ocr_line' id='line_1_60' title="bbox 233 5325 1830 5399; baseline 0.003 -22"><span class='ocrx_word' id='word_1_497' title='bbox 233 5340 415 5377; x_wconf 88' lang='grc' dir='ltr'><strong>κειται</strong></span> <span class='ocrx_word' id='word_1_498' title='bbox 432 5339 446 5353; x_wconf 77' lang='grc'><strong><em>⁸</em></strong></span> <span class='ocrx_word' id='word_1_499' title='bbox 469 5325 669 5394; x_wconf 84' lang='grc' dir='ltr'><strong>ἴδωμεν</strong></span> <span class='ocrx_word' id='word_1_500' title='bbox 687 5327 780 5378; x_wconf 65' lang='grc' dir='ltr'><strong>καὶ</strong></span> <span class='ocrx_word' id='word_1_501' title='bbox 797 5327 897 5390; x_wconf 82' lang='grc' dir='ltr'><strong>τάς</strong></span> <span class='ocrx_word' id='word_1_502' title='bbox 916 5327 1088 5398; x_wconf 76' lang='grc' dir='ltr'><strong>ἀρχὰς</strong></span> <span class='ocrx_word' id='word_1_503' title='bbox 1103 5329 1204 5392; x_wconf 74' lang='grc' dir='ltr'><strong>τὰς</strong></span> <span class='ocrx_word' id='word_1_504' title='bbox 1223 5329 1622 5399; x_wconf 85' lang='grc' dir='ltr'><strong>πνευματικὰς.</strong></span> <span class='ocrx_word' id='word_1_505' title='bbox 1641 5330 1830 5381; x_wconf 85' lang='grc' dir='ltr'><strong>Ἔστιν</strong></span> 
     </span>
    </p>
   </div>
   <div class='ocr_carea' id='block_1_61' title="bbox 231 5414 1829 5492">
    <p class='ocr_par' dir='ltr' id='par_1_61' title="bbox 231 5414 1829 5492">
     <span class='ocr_line' id='line_1_61' title="bbox 231 5414 1829 5492; baseline 0.005 -26"><span class='ocrx_word' id='word_1_506' title='bbox 231 5414 380 5484; x_wconf 81' lang='grc' dir='ltr'><strong>ἀρχὴ</strong></span> <span class='ocrx_word' id='word_1_507' title='bbox 400 5417 770 5488; x_wconf 83' lang='grc' dir='ltr'><strong>πνευματικὴ,</strong></span> <span class='ocrx_word' id='word_1_508' title='bbox 785 5421 1124 5489; x_wconf 80' lang='grc' dir='ltr'><strong>προφητείας</strong></span> <span class='ocrx_word' id='word_1_509' title='bbox 1140 5423 1304 5492; x_wconf 85' lang='grc' dir='ltr'><strong>ἀρχή·</strong></span> <span class='ocrx_word' id='word_1_510' title='bbox 1325 5423 1474 5473; x_wconf 79' lang='grc' dir='ltr'><strong>ἔστιν</strong></span> <span class='ocrx_word' id='word_1_511' title='bbox 1504 5420 1666 5491; x_wconf 85' lang='grc' dir='ltr'><strong>ἐτέρα</strong></span> <span class='ocrx_word' id='word_1_512' title='bbox 1683 5422 1829 5492; x_wconf 84' lang='grc' dir='ltr'><strong>ἁρχὴ</strong></span> 
     </span>
    </p>
   </div>
   <div class='ocr_carea' id='block_1_62' title="bbox 232 5498 1830 5572">
    <p class='ocr_par' dir='ltr' id='par_1_62' title="bbox 232 5498 1830 5572">
     <span class='ocr_line' id='line_1_62' title="bbox 232 5498 1830 5572; baseline 0.006 -24"><span class='ocrx_word' id='word_1_513' title='bbox 232 5498 666 5569; x_wconf 80' lang='grc' dir='ltr'><strong>εύαγγελισμοῦ,</strong></span> <span class='ocrx_word' id='word_1_514' title='bbox 702 5501 820 5553; x_wconf 80' lang='grc' dir='ltr'><strong>ἐστι</strong></span> <span class='ocrx_word' id='word_1_515' title='bbox 852 5504 1133 5572; x_wconf 82' lang='grc' dir='ltr'><strong>ποιμένος,</strong></span> <span class='ocrx_word' id='word_1_516' title='bbox 1167 5506 1284 5556; x_wconf 79' lang='grc' dir='ltr'><strong>ἐστι</strong></span> <span class='ocrx_word' id='word_1_517' title='bbox 1311 5505 1662 5570; x_wconf 83' lang='grc' dir='ltr'><strong>διδασκάλου,</strong></span> <span class='ocrx_word' id='word_1_518' title='bbox 1716 5505 1830 5557; x_wconf 75' lang='grc' dir='ltr'><strong>ἐστι</strong></span> 
     </span>
    </p>
   </div>
   <div class='ocr_carea' id='block_1_63' title="bbox 235 5583 1832 5660">
    <p class='ocr_par' dir='ltr' id='par_1_63' title="bbox 235 5583 1832 5660">
     <span class='ocr_line' id='line_1_63' title="bbox 235 5583 1832 5660; baseline 0.006 -29"><span class='ocrx_word' id='word_1_519' title='bbox 235 5583 621 5652; x_wconf 86' lang='grc' dir='ltr'><strong>χαρισμάτων,</strong></span> <span class='ocrx_word' id='word_1_520' title='bbox 663 5583 811 5637; x_wconf 79' lang='grc' dir='ltr'><strong>ἐστιν</strong></span> <span class='ocrx_word' id='word_1_521' title='bbox 862 5589 1128 5657; x_wconf 82' lang='grc' dir='ltr'><strong>ἰαμάτων,</strong></span> <span class='ocrx_word' id='word_1_522' title='bbox 1153 5588 1300 5641; x_wconf 78' lang='grc' dir='ltr'><strong>ἔστιν</strong></span> <span class='ocrx_word' id='word_1_523' title='bbox 1331 5589 1631 5660; x_wconf 83' lang='grc' dir='ltr'><strong>ἑρμηνείας</strong></span> <span class='ocrx_word' id='word_1_524' title='bbox 1655 5588 1832 5657; x_wconf 88' lang='grc' dir='ltr'><strong>γλωσ-</strong></span> 
     </span>
    </p>
   </div>
   <div class='ocr_carea' id='block_1_64' title="bbox 295 5691 1601 5761">
    <p class='ocr_par' dir='ltr' id='par_1_64' title="bbox 295 5691 1601 5761">
     <span class='ocr_line' id='line_1_64' title="bbox 295 5691 1601 5761; baseline 0.007 -23"><span class='ocrx_word' id='word_1_525' title='bbox 295 5691 322 5761; x_wconf 62' lang='grc' dir='ltr'><strong>ξ</strong></span> <span class='ocrx_word' id='word_1_526' title='bbox 348 5691 585 5761; x_wconf 36' lang='lat' dir='ltr'><strong>gitana</strong></span> <span class='ocrx_word' id='word_1_527' title='bbox 609 5697 1010 5761; x_wconf 73' lang='grc' dir='ltr'><strong>μεταστήσαντος.</strong></span> <span class='ocrx_word' id='word_1_528' title='bbox 1037 5698 1130 5747; x_wconf 85' lang='lat' dir='ltr'><strong>Hic</strong></span> <span class='ocrx_word' id='word_1_529' title='bbox 1151 5701 1323 5761; x_wconf 71' lang='lat' dir='ltr'><strong>incipit</strong></span> <span class='ocrx_word' id='word_1_530' title='bbox 1346 5714 1435 5750; x_wconf 83' lang='lat' dir='ltr'><strong>ms.</strong></span> <span class='ocrx_word' id='word_1_531' title='bbox 1463 5701 1601 5751; x_wconf 87' lang='lat' dir='ltr'><strong>Colb.</strong></span> 
     </span>
    </p>
   </div>
   <div class='ocr_carea' id='block_1_65' title="bbox 301 5749 916 5806">
    <p class='ocr_par' dir='ltr' id='par_1_65' title="bbox 301 5749 916 5806">
     <span class='ocr_line' id='line_1_65' title="bbox 301 5749 916 5806; baseline 0.003 -2"><span class='ocrx_word' id='word_1_532' title='bbox 301 5749 333 5796; x_wconf 66' lang='grc' dir='ltr'><strong>δ</strong></span> <span class='ocrx_word' id='word_1_533' title='bbox 353 5755 442 5805; x_wconf 72' lang='lat' dir='ltr'><strong>Ms.</strong></span> <span class='ocrx_word' id='word_1_534' title='bbox 467 5749 734 5805; x_wconf 58' lang='lat' dir='ltr'><strong>C&#39;o&#39;lbfmf)’</strong></span> <span class='ocrx_word' id='word_1_535' title='bbox 759 5749 916 5806; x_wconf 71' lang='grc' dir='ltr'><strong>ἑαυτό.</strong></span> 
     </span>
    </p>
   </div>
   <div class='ocr_carea' id='block_1_66' title="bbox 543 5845 1132 5909">
    <p class='ocr_par' dir='ltr' id='par_1_66' title="bbox 543 5845 1132 5909">
     <span class='ocr_line' id='line_1_66' title="bbox 543 5845 1132 5909; baseline 0 0"><span class='ocrx_word' id='word_1_536' title='bbox 543 5847 818 5909; x_wconf 67' lang='grc' dir='ltr'><strong>Ριτιιοιι.</strong></span> <span class='ocrx_word' id='word_1_537' title='bbox 866 5845 984 5907; x_wconf 78' lang='lat' dir='ltr'><strong>Gn.</strong></span> <span class='ocrx_word' id='word_1_538' title='bbox 1034 5846 1132 5909; x_wconf 86' lang='lat' dir='ltr'><strong>LI.</strong></span> 
     </span>
    </p>
   </div>
   <div class='ocr_carea' id='block_1_67' title="bbox 1938 465 3518 536">
    <p class='ocr_par' dir='ltr' id='par_1_67' title="bbox 1938 465 3518 536">
     <span class='ocr_line' id='line_1_67' title="bbox 1938 465 3518 536; baseline 0.002 -19"><span class='ocrx_word' id='word_1_539' title='bbox 1938 466 2066 519; x_wconf 90' lang='grc' dir='ltr'><strong>σῶν.</strong></span> <span class='ocrx_word' id='word_1_540' title='bbox 2103 466 2287 519; x_wconf 85' lang='grc' dir='ltr'><strong>Ταῦτα</strong></span> <span class='ocrx_word' id='word_1_541' title='bbox 2328 467 2508 520; x_wconf 75' lang='grc' dir='ltr'><strong>πάντα</strong></span> <span class='ocrx_word' id='word_1_542' title='bbox 2546 466 2791 534; x_wconf 84' lang='grc' dir='ltr'><strong>ὀνόματα</strong></span> <span class='ocrx_word' id='word_1_543' title='bbox 2839 465 2940 534; x_wconf 83' lang='grc' dir='ltr'><strong>μέν</strong></span> <span class='ocrx_word' id='word_1_544' title='bbox 2978 465 3094 516; x_wconf 82' lang='grc' dir='ltr'><strong>ἐστι</strong></span> <span class='ocrx_word' id='word_1_545' title='bbox 3136 465 3518 536; x_wconf 71' lang='grc' dir='ltr'><strong>χαρισμάτων,</strong></span> 
     </span>
    </p>
   </div>
   <div class='ocr_carea' id='block_1_68' title="bbox 1933 551 3522 625">
    <p class='ocr_par' dir='ltr' id='par_1_68' title="bbox 1933 551 3522 625">
     <span class='ocr_line' id='line_1_68' title="bbox 1933 551 3522 625; baseline 0 -19"><span class='ocrx_word' id='word_1_546' title='bbox 1933 553 2235 622; x_wconf 87' lang='grc' dir='ltr'><strong>πράγματα</strong></span> <span class='ocrx_word' id='word_1_547' title='bbox 2250 554 2306 606; x_wconf 82' lang='grc' dir='ltr'><strong>δὲ</strong></span> <span class='ocrx_word' id='word_1_548' title='bbox 2326 552 2511 625; x_wconf 89' lang='grc' dir='ltr'><strong>ἀρχῶν</strong></span> <span class='ocrx_word' id='word_1_549' title='bbox 2535 554 2629 606; x_wconf 77' lang='grc' dir='ltr'><strong>καὶ</strong></span> <span class='ocrx_word' id='word_1_550' title='bbox 2648 551 2929 617; x_wconf 79' lang='grc' dir='ltr'><strong>ἐξουσίῶν.</strong></span> <span class='ocrx_word' id='word_1_551' title='bbox 2955 551 3014 603; x_wconf 84' lang='grc' dir='ltr'>ὐ</span> <span class='ocrx_word' id='word_1_552' title='bbox 3033 554 3318 622; x_wconf 78' lang='grc' dir='ltr'><strong>προφήτης</strong></span> <span class='ocrx_word' id='word_1_553' title='bbox 3335 552 3522 623; x_wconf 81' lang='grc' dir='ltr'><strong>ἄρχων</strong></span> 
     </span>
    </p>
   </div>
   <div class='ocr_carea' id='block_1_69' title="bbox 1930 641 3521 716">
    <p class='ocr_par' dir='ltr' id='par_1_69' title="bbox 1930 641 3521 716">
     <span class='ocr_line' id='line_1_69' title="bbox 1930 641 3521 716; baseline 0.002 -21"><span class='ocrx_word' id='word_1_554' title='bbox 1930 644 2068 695; x_wconf 86' lang='grc' dir='ltr'><strong>ἐστί·</strong></span> <span class='ocrx_word' id='word_1_555' title='bbox 2090 644 2216 714; x_wconf 82' lang='grc' dir='ltr'><strong>παρ’</strong></span> <span class='ocrx_word' id='word_1_556' title='bbox 2234 646 2367 713; x_wconf 75' lang='grc' dir='ltr'><strong>ἡμῖν</strong></span> <span class='ocrx_word' id='word_1_557' title='bbox 2391 647 2420 697; x_wconf 91' lang='lat'><strong>6</strong></span> <span class='ocrx_word' id='word_1_558' title='bbox 2437 644 2699 714; x_wconf 88' lang='grc' dir='ltr'><strong>δαίμονας</strong></span> <span class='ocrx_word' id='word_1_559' title='bbox 2716 641 3019 707; x_wconf 78' lang='grc' dir='ltr'><strong>ἐξελαύνων</strong></span> <span class='ocrx_word' id='word_1_560' title='bbox 3035 643 3219 712; x_wconf 82' lang='grc' dir='ltr'><strong>ἄρχων</strong></span> <span class='ocrx_word' id='word_1_561' title='bbox 3234 644 3351 696; x_wconf 83' lang='grc' dir='ltr'><strong>ἐστί</strong></span> <span class='ocrx_word' id='word_1_562' title='bbox 3359 661 3373 674; x_wconf 75' lang='grc' dir='ltr'><strong>ο</strong></span> <span class='ocrx_word' id='word_1_563' title='bbox 3386 646 3521 716; x_wconf 74' lang='grc' dir='ltr'><strong>παρ’</strong></span> 
     </span>
    </p>
   </div>
   <div class='ocr_carea' id='block_1_70' title="bbox 1931 733 3523 806">
    <p class='ocr_par' dir='ltr' id='par_1_70' title="bbox 1931 733 3523 806">
     <span class='ocr_line' id='line_1_70' title="bbox 1931 733 3523 806; baseline 0.001 -19"><span class='ocrx_word' id='word_1_564' title='bbox 1931 736 2064 804; x_wconf 75' lang='grc' dir='ltr'><strong>ἡμῖν</strong></span> <span class='ocrx_word' id='word_1_565' title='bbox 2092 737 2121 788; x_wconf 87' lang='lat'><strong>6</strong></span> <span class='ocrx_word' id='word_1_566' title='bbox 2147 735 2352 806; x_wconf 80' lang='grc' dir='ltr'><strong>ποιμὴν</strong></span> <span class='ocrx_word' id='word_1_567' title='bbox 2383 737 2475 788; x_wconf 78' lang='grc' dir='ltr'><strong>καὶ</strong></span> <span class='ocrx_word' id='word_1_568' title='bbox 2500 735 2824 798; x_wconf 86' lang='grc' dir='ltr'><strong>διδάσκαλος</strong></span> <span class='ocrx_word' id='word_1_569' title='bbox 2858 734 3046 805; x_wconf 74' lang='grc' dir='ltr'><strong>ἄρχων</strong></span> <span class='ocrx_word' id='word_1_570' title='bbox 3075 733 3194 786; x_wconf 75' lang='grc' dir='ltr'><strong>ἐστὶ</strong></span> <span class='ocrx_word' id='word_1_571' title='bbox 3227 751 3523 806; x_wconf 80' lang='grc' dir='ltr'><strong>πνευματι·</strong></span> 
     </span>
    </p>
   </div>
   <div class='ocr_carea' id='block_1_71' title="bbox 1931 822 3522 895">
    <p class='ocr_par' dir='ltr' id='par_1_71' title="bbox 1931 822 3522 895">
     <span class='ocr_line' id='line_1_71' title="bbox 1931 822 3522 895; baseline 0.003 -18"><span class='ocrx_word' id='word_1_572' title='bbox 1931 825 2056 886; x_wconf 85' lang='grc' dir='ltr'><strong>κός·</strong></span> <span class='ocrx_word' id='word_1_573' title='bbox 2093 824 2232 880; x_wconf 82' lang='grc' dir='ltr'><strong>ἀλλά</strong></span> <span class='ocrx_word' id='word_1_574' title='bbox 2287 824 2496 878; x_wconf 91' lang='grc' dir='ltr'><strong>τούτων</strong></span> <span class='ocrx_word' id='word_1_575' title='bbox 2545 824 2805 878; x_wconf 86' lang='grc' dir='ltr'><strong>ἁπάντων</strong></span> <span class='ocrx_word' id='word_1_576' title='bbox 2862 823 3067 895; x_wconf 84' lang='grc' dir='ltr'><strong>μείζων</strong></span> <span class='ocrx_word' id='word_1_577' title='bbox 3100 822 3252 876; x_wconf 75' lang='grc' dir='ltr'><strong>ἐστὶν</strong></span> <span class='ocrx_word' id='word_1_578' title='bbox 3293 825 3439 895; x_wconf 84' lang='grc' dir='ltr'><strong>ἀρχὴ</strong></span> <span class='ocrx_word' id='word_1_579' title='bbox 3486 829 3522 895; x_wconf 68' lang='grc' dir='ltr'>ἡ</span> 
     </span>
    </p>
   </div>
   <div class='ocr_carea' id='block_1_72' title="bbox 1929 914 3524 988">
    <p class='ocr_par' dir='ltr' id='par_1_72' title="bbox 1929 914 3524 988">
     <span class='ocr_line' id='line_1_72' title="bbox 1929 914 3524 988; baseline -0.001 -20"><span class='ocrx_word' id='word_1_580' title='bbox 1929 916 2288 988; x_wconf 81' lang='grc' dir='ltr'><strong>ἀποστολική.</strong></span> <span class='ocrx_word' id='word_1_581' title='bbox 2315 917 2424 968; x_wconf 75' lang='grc' dir='ltr'><strong>Καὶ</strong></span> <span class='ocrx_word' id='word_1_582' title='bbox 2451 915 2617 968; x_wconf 89' lang='grc' dir='ltr'><strong>πόθεν</strong></span> <span class='ocrx_word' id='word_1_583' title='bbox 2650 915 2812 969; x_wconf 88' lang='grc' dir='ltr'><strong>τοῦτο</strong></span> <span class='ocrx_word' id='word_1_584' title='bbox 2840 914 3039 985; x_wconf 73' lang='grc' dir='ltr'><strong>δῆλονκς</strong></span> <span class='ocrx_word' id='word_1_585' title='bbox 3071 914 3194 968; x_wconf 87' lang='grc' dir='ltr'><strong>Ὅτι</strong></span> <span class='ocrx_word' id='word_1_586' title='bbox 3235 915 3343 986; x_wconf 77' lang='grc' dir='ltr'><strong>πρὸ</strong></span> <span class='ocrx_word' id='word_1_587' title='bbox 3386 917 3524 969; x_wconf 87' lang='grc' dir='ltr'><strong>πάν-</strong></span> 
     </span>
    </p>
   </div>
   <div class='ocr_carea' id='block_1_73' title="bbox 1930 1004 3524 1077">
    <p class='ocr_par' dir='ltr' id='par_1_73' title="bbox 1930 1004 3524 1077">
     <span class='ocr_line' id='line_1_73' title="bbox 1930 1004 3524 1077; baseline 0 -19"><span class='ocrx_word' id='word_1_588' title='bbox 1930 1009 2083 1061; x_wconf 86' lang='grc' dir='ltr'><strong>τωνό</strong></span> <span class='ocrx_word' id='word_1_589' title='bbox 2129 1008 2432 1072; x_wconf 82' lang='grc' dir='ltr'><strong>ἀπόστολος</strong></span> <span class='ocrx_word' id='word_1_590' title='bbox 2451 1007 2660 1061; x_wconf 89' lang='grc' dir='ltr'><strong>τούτων</strong></span> <span class='ocrx_word' id='word_1_591' title='bbox 2683 1008 2822 1062; x_wconf 86' lang='grc' dir='ltr'><strong>ἐστί.</strong></span> <span class='ocrx_word' id='word_1_592' title='bbox 2849 1007 2958 1060; x_wconf 71' lang='grc' dir='ltr'><strong>Καὶ</strong></span> <span class='ocrx_word' id='word_1_593' title='bbox 2985 1006 3242 1077; x_wconf 88' lang='grc' dir='ltr'><strong>καθάπερ</strong></span> <span class='ocrx_word' id='word_1_594' title='bbox 3261 1009 3289 1058; x_wconf 91' lang='lat'><strong>6</strong></span> <span class='ocrx_word' id='word_1_595' title='bbox 3317 1004 3524 1068; x_wconf 80' lang='grc' dir='ltr'><strong>ὕπατος</strong></span> 
     </span>
    </p>
   </div>
   <div class='ocr_carea' id='block_1_74' title="bbox 1929 1096 3525 1170">
    <p class='ocr_par' dir='ltr' id='par_1_74' title="bbox 1929 1096 3525 1170">
     <span class='ocr_line' id='line_1_74' title="bbox 1929 1096 3525 1170; baseline -0.001 -20"><span class='ocrx_word' id='word_1_596' title='bbox 1929 1098 1990 1150; x_wconf 90' lang='grc' dir='ltr'><strong>ἐν</strong></span> <span class='ocrx_word' id='word_1_597' title='bbox 2014 1100 2137 1161; x_wconf 89' lang='grc' dir='ltr'><strong>ταῖς</strong></span> <span class='ocrx_word' id='word_1_598' title='bbox 2156 1099 2440 1168; x_wconf 75' lang='grc' dir='ltr'><strong>αἰσθηταῖς</strong></span> <span class='ocrx_word' id='word_1_599' title='bbox 2461 1099 2680 1170; x_wconf 86' lang='grc' dir='ltr'><strong>ἀρχαῖς,</strong></span> <span class='ocrx_word' id='word_1_600' title='bbox 2704 1098 2879 1161; x_wconf 78' lang='grc' dir='ltr'><strong>οὕτως</strong></span> <span class='ocrx_word' id='word_1_601' title='bbox 2904 1098 2934 1149; x_wconf 90' lang='lat'><strong>6</strong></span> <span class='ocrx_word' id='word_1_602' title='bbox 3000 1096 3302 1160; x_wconf 86' lang='grc' dir='ltr'><strong>ἀπόστολος</strong></span> <span class='ocrx_word' id='word_1_603' title='bbox 3324 1098 3384 1149; x_wconf 89' lang='grc' dir='ltr'><strong>ἐν</strong></span> <span class='ocrx_word' id='word_1_604' title='bbox 3408 1097 3525 1160; x_wconf 87' lang='grc' dir='ltr'><strong>τοῖς</strong></span> 
     </span>
    </p>
   </div>
   <div class='ocr_carea' id='block_1_75' title="bbox 1931 1187 3522 1262">
    <p class='ocr_par' dir='ltr' id='par_1_75' title="bbox 1931 1187 3522 1262">
     <span class='ocr_line' id='line_1_75' title="bbox 1931 1187 3522 1262; baseline 0 -21"><span class='ocrx_word' id='word_1_605' title='bbox 1931 1192 2324 1259; x_wconf 83' lang='grc' dir='ltr'><strong>πνευματικοῖς</strong></span> <span class='ocrx_word' id='word_1_606' title='bbox 2347 1191 2446 1260; x_wconf 78' lang='grc' dir='ltr'><strong>τὴν</strong></span> <span class='ocrx_word' id='word_1_607' title='bbox 2473 1190 2795 1262; x_wconf 85' lang='grc' dir='ltr'><strong>προεδρείαν</strong></span> <span class='ocrx_word' id='word_1_608' title='bbox 2817 1189 2954 1261; x_wconf 74' lang='grc' dir='ltr'><strong>ἔχει.</strong></span> <span class='ocrx_word' id='word_1_609' title='bbox 2985 1187 3162 1242; x_wconf 81' lang='grc' dir='ltr'><strong>Αὑτοῦ</strong></span> <span class='ocrx_word' id='word_1_610' title='bbox 3183 1188 3277 1242; x_wconf 91' lang='grc' dir='ltr'><strong>τοῦ</strong></span> <span class='ocrx_word' id='word_1_611' title='bbox 3306 1189 3522 1242; x_wconf 80' lang='grc' dir='ltr'><strong>Παύλου</strong></span> 
     </span>
    </p>
   </div>
   <div class='ocr_carea' id='block_1_76' title="bbox 1931 1279 3524 1354">
    <p class='ocr_par' dir='ltr' id='par_1_76' title="bbox 1931 1279 3524 1354">
     <span class='ocr_line' id='line_1_76' title="bbox 1931 1279 3524 1354; baseline -0.001 -20"><span class='ocrx_word' id='word_1_612' title='bbox 1931 1279 2257 1353; x_wconf 83' lang='grc' dir='ltr'><strong>ἀκούσωμεν</strong></span> <span class='ocrx_word' id='word_1_613' title='bbox 2276 1281 2639 1353; x_wconf 87' lang='grc' dir='ltr'><strong>ἀριθμοῦντος</strong></span> <span class='ocrx_word' id='word_1_614' title='bbox 2665 1283 2764 1347; x_wconf 91' lang='grc' dir='ltr'><strong>τάς</strong></span> <span class='ocrx_word' id='word_1_615' title='bbox 2787 1283 2980 1354; x_wconf 78' lang='grc' dir='ltr'><strong>ἀρχάς,</strong></span> <span class='ocrx_word' id='word_1_616' title='bbox 3011 1283 3107 1336; x_wconf 73' lang='grc' dir='ltr'><strong>καὶ</strong></span> <span class='ocrx_word' id='word_1_617' title='bbox 3132 1284 3190 1336; x_wconf 82' lang='grc' dir='ltr'><strong>ἐν</strong></span> <span class='ocrx_word' id='word_1_618' title='bbox 3218 1280 3298 1352; x_wconf 83' lang='grc' dir='ltr'><strong>τῷ</strong></span> <span class='ocrx_word' id='word_1_619' title='bbox 3322 1281 3524 1351; x_wconf 74' lang='grc' dir='ltr'><strong>ὑψηλο-</strong></span> 
     </span>
    </p>
   </div>
   <div class='ocr_carea' id='block_1_77' title="bbox 1931 1367 3522 1446">
    <p class='ocr_par' dir='ltr' id='par_1_77' title="bbox 1931 1367 3522 1446">
     <span class='ocr_line' id='line_1_77' title="bbox 1931 1367 3522 1446; baseline -0.001 -21"><span class='ocrx_word' id='word_1_620' title='bbox 1931 1374 2077 1444; x_wconf 80' lang='grc' dir='ltr'><strong>τέρῳ</strong></span> <span class='ocrx_word' id='word_1_621' title='bbox 2114 1376 2302 1446; x_wconf 84' lang='grc' dir='ltr'><strong>χωρίῳ</strong></span> <span class='ocrx_word' id='word_1_622' title='bbox 2348 1375 2450 1446; x_wconf 75' lang='grc' dir='ltr'><strong>τὴν</strong></span> <span class='ocrx_word' id='word_1_623' title='bbox 2507 1374 2876 1444; x_wconf 83' lang='grc' dir='ltr'><strong>ἀποστολικὴν</strong></span> <span class='ocrx_word' id='word_1_624' title='bbox 2921 1373 3254 1437; x_wconf 78' lang='grc' dir='ltr'><strong>καθίζοντος.</strong></span> <span class='ocrx_word' id='word_1_625' title='bbox 3311 1373 3376 1426; x_wconf 90' lang='grc' dir='ltr'><strong>Τί</strong></span> <span class='ocrx_word' id='word_1_626' title='bbox 3428 1367 3522 1426; x_wconf 72' lang='grc' dir='ltr'><strong>οὖν</strong></span> 
     </span>
    </p>
   </div>
   <div class='ocr_carea' id='block_1_78' title="bbox 1932 1459 3527 1536">
    <p class='ocr_par' dir='ltr' id='par_1_78' title="bbox 1932 1459 3527 1536">
     <span class='ocr_line' id='line_1_78' title="bbox 1932 1459 3527 1536; baseline 0 -18"><span class='ocrx_word' id='word_1_627' title='bbox 1932 1459 2089 1529; x_wconf 74' lang='grc' dir='ltr'><strong>οὗτός</strong></span> <span class='ocrx_word' id='word_1_628' title='bbox 2115 1483 2305 1536; x_wconf 85' lang='grc' dir='ltr'><strong>φησιν;</strong></span> <span class='ocrx_word' id='word_1_629' title='bbox 2344 1467 2463 1532; x_wconf 82' lang='grc' dir='ltr'><strong>Οὓς</strong></span> <span class='ocrx_word' id='word_1_630' title='bbox 2489 1466 2608 1535; x_wconf 80' lang='grc' dir='ltr'><strong>μὲν</strong></span> <span class='ocrx_word' id='word_1_631' title='bbox 2644 1466 2812 1520; x_wconf 75' lang='grc' dir='ltr'><strong>ἔθετο</strong></span> <span class='ocrx_word' id='word_1_632' title='bbox 2839 1468 2871 1517; x_wconf 80' lang='grc' dir='ltr'><strong>ό</strong></span> <span class='ocrx_word' id='word_1_633' title='bbox 2898 1463 3043 1530; x_wconf 81' lang='grc' dir='ltr'><strong>Θεὸς</strong></span> <span class='ocrx_word' id='word_1_634' title='bbox 3063 1465 3134 1517; x_wconf 71' lang='grc' dir='ltr'><strong>ἐν·</strong></span> <span class='ocrx_word' id='word_1_635' title='bbox 3154 1464 3228 1532; x_wconf 74' lang='grc' dir='ltr'><strong>τῇ</strong></span> <span class='ocrx_word' id='word_1_636' title='bbox 3270 1466 3527 1532; x_wconf 73' lang='grc' dir='ltr'><strong>Ἐκκλη-</strong></span> 
     </span>
    </p>
   </div>
   <div class='ocr_carea' id='block_1_79' title="bbox 1933 1555 3526 1625">
    <p class='ocr_par' dir='ltr' id='par_1_79' title="bbox 1933 1555 3526 1625">
     <span class='ocr_line' id='line_1_79' title="bbox 1933 1555 3526 1625; baseline -0.002 -15"><span class='ocrx_word' id='word_1_637' title='bbox 1933 1558 2060 1623; x_wconf 68' lang='lat' dir='ltr'><strong>ala.</strong></span> <span class='ocrx_word' id='word_1_638' title='bbox 2109 1555 2348 1624; x_wconf 77' lang='grc' dir='ltr'><strong>πρῶτον</strong></span> <span class='ocrx_word' id='word_1_639' title='bbox 2385 1558 2802 1623; x_wconf 75' lang='grc' dir='ltr'><strong>ἀποστόλους,</strong></span> <span class='ocrx_word' id='word_1_640' title='bbox 2853 1556 3138 1623; x_wconf 81' lang='grc' dir='ltr'><strong>δεύτερον</strong></span> <span class='ocrx_word' id='word_1_641' title='bbox 3189 1556 3526 1625; x_wconf 76' lang='grc' dir='ltr'><strong>προφήτας,</strong></span> 
     </span>
    </p>
   </div>
   <div class='ocr_carea' id='block_1_80' title="bbox 1934 1644 3528 1718">
    <p class='ocr_par' dir='ltr' id='par_1_80' title="bbox 1934 1644 3528 1718">
     <span class='ocr_line' id='line_1_80' title="bbox 1934 1644 3528 1718; baseline 0.001 -20"><span class='ocrx_word' id='word_1_642' title='bbox 1934 1648 2134 1715; x_wconf 79' lang='grc' dir='ltr'><strong>τρίτον</strong></span> <span class='ocrx_word' id='word_1_643' title='bbox 2161 1646 2598 1713; x_wconf 74' lang='grc' dir='ltr'><strong>διδασκάλους,</strong></span> <span class='ocrx_word' id='word_1_644' title='bbox 2635 1649 2736 1702; x_wconf 78' lang='grc' dir='ltr'><strong>καὶ</strong></span> <span class='ocrx_word' id='word_1_645' title='bbox 2789 1649 3116 1718; x_wconf 79' lang='grc' dir='ltr'><strong>ποιμένας·</strong></span> <span class='ocrx_word' id='word_1_646' title='bbox 3169 1644 3297 1702; x_wconf 80' lang='grc' dir='ltr'><strong>εἶτα</strong></span> <span class='ocrx_word' id='word_1_647' title='bbox 3357 1648 3528 1717; x_wconf 82' lang='grc' dir='ltr'><strong>χαρί-</strong></span> 
     </span>
    </p>
   </div>
   <div class='ocr_carea' id='block_1_81' title="bbox 1934 1737 2569 1808">
    <p class='ocr_par' dir='ltr' id='par_1_81' title="bbox 1934 1737 2569 1808">
     <span class='ocr_line' id='line_1_81' title="bbox 1934 1737 2569 1808; baseline 0.003 -18"><span class='ocrx_word' id='word_1_648' title='bbox 1934 1753 2134 1807; x_wconf 77' lang='grc' dir='ltr'><strong>σματα</strong></span> <span class='ocrx_word' id='word_1_649' title='bbox 2167 1737 2447 1808; x_wconf 74' lang='grc' dir='ltr'><strong>ἰαμάτων.</strong></span> <span class='ocrx_word' id='word_1_650' title='bbox 2561 1745 2569 1751; x_wconf 91' lang='grc'><em>’</em></span> 
     </span>
    </p>
   </div>
   <div class='ocr_carea' id='block_1_82' title="bbox 2007 1825 3530 1901">
    <p class='ocr_par' dir='ltr' id='par_1_82' title="bbox 2007 1825 3530 1901">
     <span class='ocr_line' id='line_1_82' title="bbox 2007 1825 3530 1901; baseline -0.001 -19"><span class='ocrx_word' id='word_1_651' title='bbox 2007 1825 2162 1894; x_wconf 82' lang='grc' dir='ltr'><strong>Εἶδες</strong></span> <span class='ocrx_word' id='word_1_652' title='bbox 2189 1829 2430 1901; x_wconf 82' lang='grc' dir='ltr'><strong>κορυφὴν</strong></span> <span class='ocrx_word' id='word_1_653' title='bbox 2459 1829 2677 1901; x_wconf 89' lang='grc' dir='ltr'><strong>ἀρχῶν;</strong></span> <span class='ocrx_word' id='word_1_654' title='bbox 2702 1826 2840 1894; x_wconf 78' lang='grc' dir='ltr'><strong>εἶδες</strong></span> <span class='ocrx_word' id='word_1_655' title='bbox 2874 1828 3079 1900; x_wconf 77' lang='grc' dir='ltr'><strong>ὑψηλὸν</strong></span> <span class='ocrx_word' id='word_1_656' title='bbox 3102 1828 3414 1900; x_wconf 76' lang='grc' dir='ltr'><strong>καθήμενον</strong></span> <span class='ocrx_word' id='word_1_657' title='bbox 3435 1827 3530 1881; x_wconf 58' lang='grc' dir='ltr'><strong>τὸν</strong></span> 
     </span>
    </p>
   </div>
   <div class='ocr_carea' id='block_1_83' title="bbox 1937 1919 3530 1995">
    <p class='ocr_par' dir='ltr' id='par_1_83' title="bbox 1937 1919 3530 1995">
     <span class='ocr_line' id='line_1_83' title="bbox 1937 1919 3530 1995; baseline -0.003 -19"><span class='ocrx_word' id='word_1_658' title='bbox 1937 1923 2254 1986; x_wconf 81' lang='grc' dir='ltr'><strong>ἀπόστολον,</strong></span> <span class='ocrx_word' id='word_1_659' title='bbox 2305 1923 2395 1976; x_wconf 74' lang='grc' dir='ltr'><strong>καὶ</strong></span> <span class='ocrx_word' id='word_1_660' title='bbox 2451 1923 2645 1976; x_wconf 80' lang='grc' dir='ltr'><strong>οὐδένα</strong></span> <span class='ocrx_word' id='word_1_661' title='bbox 2676 1923 2780 1995; x_wconf 83' lang='grc' dir='ltr'><strong>πρὸ</strong></span> <span class='ocrx_word' id='word_1_662' title='bbox 2800 1923 3012 1977; x_wconf 76' lang='grc' dir='ltr'><strong>ἐκείνου</strong></span> <span class='ocrx_word' id='word_1_663' title='bbox 3043 1923 3195 1984; x_wconf 73' lang='grc' dir='ltr'><strong>ὄντα,</strong></span> <span class='ocrx_word' id='word_1_664' title='bbox 3227 1920 3352 1974; x_wconf 81' lang='grc' dir='ltr'><strong>οῦτε</strong></span> <span class='ocrx_word' id='word_1_665' title='bbox 3383 1919 3530 1973; x_wconf 80' lang='grc' dir='ltr'><strong>ἀνώ-</strong></span> 
     </span>
    </p>
   </div>
   <div class='ocr_carea' id='block_1_84' title="bbox 1935 2013 3530 2086">
    <p class='ocr_par' dir='ltr' id='par_1_84' title="bbox 1935 2013 3530 2086">
     <span class='ocr_line' id='line_1_84' title="bbox 1935 2013 3530 2086; baseline -0.001 -19"><span class='ocrx_word' id='word_1_666' title='bbox 1935 2029 2094 2084; x_wconf 86' lang='grc' dir='ltr'><strong>τερον</strong></span> <span class='ocrx_word' id='word_1_667' title='bbox 2119 2031 2134 2080; x_wconf 87' lang='lat'>;</span> <span class='ocrx_word' id='word_1_668' title='bbox 2169 2013 2396 2086; x_wconf 88' lang='grc' dir='ltr'><strong>Πρῶτον</strong></span> <span class='ocrx_word' id='word_1_669' title='bbox 2423 2014 2533 2086; x_wconf 78' lang='grc' dir='ltr'><strong>γὰρ</strong></span> <span class='ocrx_word' id='word_1_670' title='bbox 2560 2015 2898 2078; x_wconf 85' lang='grc' dir='ltr'><strong>ἀποστόλους</strong></span> <span class='ocrx_word' id='word_1_671' title='bbox 2929 2015 3087 2084; x_wconf 77' lang='grc' dir='ltr'><strong>φησὶ,</strong></span> <span class='ocrx_word' id='word_1_672' title='bbox 3110 2013 3364 2084; x_wconf 86' lang='grc' dir='ltr'><strong>δεύτερον</strong></span> <span class='ocrx_word' id='word_1_673' title='bbox 3394 2029 3530 2084; x_wconf 85' lang='grc' dir='ltr'><strong>προ-</strong></span> 
     </span>
    </p>
   </div>
   <div class='ocr_carea' id='block_1_85' title="bbox 1939 2101 3530 2177">
    <p class='ocr_par' dir='ltr' id='par_1_85' title="bbox 1939 2101 3530 2177">
     <span class='ocr_line' id='line_1_85' title="bbox 1939 2101 3530 2177; baseline 0.001 -20"><span class='ocrx_word' id='word_1_674' title='bbox 1939 2107 2138 2174; x_wconf 86' lang='grc' dir='ltr'><strong>φήτας,</strong></span> <span class='ocrx_word' id='word_1_675' title='bbox 2177 2105 2362 2176; x_wconf 86' lang='grc' dir='ltr'><strong>τρίτον</strong></span> <span class='ocrx_word' id='word_1_676' title='bbox 2388 2105 2745 2170; x_wconf 85' lang='grc' dir='ltr'><strong>διδασκάλους</strong></span> <span class='ocrx_word' id='word_1_677' title='bbox 2817 2108 2914 2160; x_wconf 71' lang='grc' dir='ltr'><strong>καὶ</strong></span> <span class='ocrx_word' id='word_1_678' title='bbox 2948 2106 3243 2177; x_wconf 85' lang='grc' dir='ltr'><strong>ποιμένας·</strong></span> <span class='ocrx_word' id='word_1_679' title='bbox 3274 2101 3393 2159; x_wconf 81' lang='grc' dir='ltr'><strong>εἶτα</strong></span> <span class='ocrx_word' id='word_1_680' title='bbox 3425 2123 3530 2175; x_wconf 84' lang='grc' dir='ltr'><strong>χα-</strong></span> 
     </span>
    </p>
   </div>
   <div class='ocr_carea' id='block_1_86' title="bbox 1941 2195 3528 2269">
    <p class='ocr_par' dir='ltr' id='par_1_86' title="bbox 1941 2195 3528 2269">
     <span class='ocr_line' id='line_1_86' title="bbox 1941 2195 3528 2269; baseline 0 -21"><span class='ocrx_word' id='word_1_681' title='bbox 1941 2195 2183 2266; x_wconf 88' lang='grc' dir='ltr'><strong>ρίσματα</strong></span> <span class='ocrx_word' id='word_1_682' title='bbox 2239 2197 2507 2266; x_wconf 85' lang='grc' dir='ltr'><strong>ἰαμάτων,</strong></span> <span class='ocrx_word' id='word_1_683' title='bbox 2562 2198 2899 2268; x_wconf 77' lang='grc' dir='ltr'><strong>ἀντιλήψεις,</strong></span> <span class='ocrx_word' id='word_1_684' title='bbox 2953 2197 3338 2269; x_wconf 76' lang='grc' dir='ltr'><strong>κυδερνήσεις,</strong></span> <span class='ocrx_word' id='word_1_685' title='bbox 3394 2197 3528 2266; x_wconf 82' lang='grc' dir='ltr'><strong>γένη</strong></span> 
     </span>
    </p>
   </div>
   <div class='ocr_carea' id='block_1_87' title="bbox 1935 2286 3531 2360">
    <p class='ocr_par' dir='ltr' id='par_1_87' title="bbox 1935 2286 3531 2360">
     <span class='ocr_line' id='line_1_87' title="bbox 1935 2286 3531 2360; baseline -0.002 -20"><span class='ocrx_word' id='word_1_686' title='bbox 1935 2288 2221 2354; x_wconf 79' lang='grc' dir='ltr'><strong>γλωσσῶν.</strong></span> <span class='ocrx_word' id='word_1_687' title='bbox 2253 2291 2369 2347; x_wconf 83' lang='grc' dir='ltr'><strong>Οὐκ</strong></span> <span class='ocrx_word' id='word_1_688' title='bbox 2398 2289 2544 2360; x_wconf 82' lang='grc' dir='ltr'><strong>ἀρχὴ</strong></span> <span class='ocrx_word' id='word_1_689' title='bbox 2571 2289 2630 2342; x_wconf 83' lang='grc' dir='ltr'><strong>δὲ</strong></span> <span class='ocrx_word' id='word_1_690' title='bbox 2665 2290 2826 2360; x_wconf 89' lang='grc' dir='ltr'><strong>μόνον</strong></span> <span class='ocrx_word' id='word_1_691' title='bbox 2867 2290 3017 2343; x_wconf 78' lang='grc' dir='ltr'><strong>ἐστὶν</strong></span> <span class='ocrx_word' id='word_1_692' title='bbox 3050 2292 3083 2358; x_wconf 85' lang='grc' dir='ltr'>ἠ</span> <span class='ocrx_word' id='word_1_693' title='bbox 3117 2289 3390 2360; x_wconf 83' lang='grc' dir='ltr'><strong>ἀποστολὴ</strong></span> <span class='ocrx_word' id='word_1_694' title='bbox 3418 2286 3531 2340; x_wconf 85' lang='grc' dir='ltr'><strong>τῶν</strong></span> 
     </span>
    </p>
   </div>
   <div class='ocr_carea' id='block_1_88' title="bbox 1936 2378 3533 2453">
    <p class='ocr_par' dir='ltr' id='par_1_88' title="bbox 1936 2378 3533 2453">
     <span class='ocr_line' id='line_1_88' title="bbox 1936 2378 3533 2453; baseline -0.001 -20"><span class='ocrx_word' id='word_1_695' title='bbox 1936 2381 2112 2434; x_wconf 79' lang='grc' dir='ltr'><strong>ἄλλων</strong></span> <span class='ocrx_word' id='word_1_696' title='bbox 2132 2382 2338 2453; x_wconf 83' lang='grc' dir='ltr'><strong>ἀρχῶν.</strong></span> <span class='ocrx_word' id='word_1_697' title='bbox 2358 2383 2494 2435; x_wconf 87' lang='grc' dir='ltr'><strong>ἀλλά</strong></span> <span class='ocrx_word' id='word_1_698' title='bbox 2525 2383 2619 2435; x_wconf 72' lang='grc' dir='ltr'><strong>καὶ</strong></span> <span class='ocrx_word' id='word_1_699' title='bbox 2645 2381 2902 2444; x_wconf 85' lang='grc' dir='ltr'><strong>ὑπόθεσις</strong></span> <span class='ocrx_word' id='word_1_700' title='bbox 2922 2381 3018 2435; x_wconf 74' lang='grc' dir='ltr'><strong>καὶ</strong></span> <span class='ocrx_word' id='word_1_701' title='bbox 3042 2381 3188 2450; x_wconf 90' lang='grc' dir='ltr'><strong>ῥίζα.</strong></span> <span class='ocrx_word' id='word_1_702' title='bbox 3211 2381 3322 2433; x_wconf 75' lang='grc' dir='ltr'><strong>Καὶ</strong></span> <span class='ocrx_word' id='word_1_703' title='bbox 3354 2378 3533 2432; x_wconf 83' lang='grc' dir='ltr'><strong>καθά-</strong></span> 
     </span>
    </p>
   </div>
   <div class='ocr_carea' id='block_1_89' title="bbox 1937 2467 3529 2544">
    <p class='ocr_par' dir='ltr' id='par_1_89' title="bbox 1937 2467 3529 2544">
     <span class='ocr_line' id='line_1_89' title="bbox 1937 2467 3529 2544; baseline -0.001 -21"><span class='ocrx_word' id='word_1_704' title='bbox 1937 2488 2044 2541; x_wconf 88' lang='grc' dir='ltr'><strong>περ</strong></span> <span class='ocrx_word' id='word_1_705' title='bbox 2090 2474 2123 2544; x_wconf 76' lang='grc' dir='ltr'>ἡ</span> <span class='ocrx_word' id='word_1_706' title='bbox 2159 2473 2373 2544; x_wconf 82' lang='grc' dir='ltr'><strong>κεφαλὴ</strong></span> <span class='ocrx_word' id='word_1_707' title='bbox 2435 2474 2493 2526; x_wconf 87' lang='grc' dir='ltr'><strong>ἐν</strong></span> <span class='ocrx_word' id='word_1_708' title='bbox 2543 2471 2620 2542; x_wconf 84' lang='grc' dir='ltr'><strong>τῷ</strong></span> <span class='ocrx_word' id='word_1_709' title='bbox 2659 2472 2981 2542; x_wconf 67' lang='grc' dir='ltr'><strong>ὑψηλοτέρῳ</strong></span> <span class='ocrx_word' id='word_1_710' title='bbox 3021 2471 3114 2525; x_wconf 86' lang='grc' dir='ltr'><strong>τοῦ</strong></span> <span class='ocrx_word' id='word_1_711' title='bbox 3171 2471 3375 2535; x_wconf 78' lang='grc' dir='ltr'><strong>παντδς</strong></span> <span class='ocrx_word' id='word_1_712' title='bbox 3411 2467 3529 2541; x_wconf 74' lang='lat'><strong>[76]</strong></span> 
     </span>
    </p>
   </div>
   <div class='ocr_carea' id='block_1_90' title="bbox 1936 2561 3532 2636">
    <p class='ocr_par' dir='ltr' id='par_1_90' title="bbox 1936 2561 3532 2636">
     <span class='ocr_line' id='line_1_90' title="bbox 1936 2561 3532 2636; baseline -0.002 -20"><span class='ocrx_word' id='word_1_713' title='bbox 1936 2563 2246 2635; x_wconf 86' lang='grc' dir='ltr'><strong>καθημένη,</strong></span> <span class='ocrx_word' id='word_1_714' title='bbox 2276 2566 2336 2617; x_wconf 83' lang='grc' dir='ltr'><strong>ού</strong></span> <span class='ocrx_word' id='word_1_715' title='bbox 2363 2565 2526 2636; x_wconf 91' lang='grc' dir='ltr'><strong>μόνον</strong></span> <span class='ocrx_word' id='word_1_716' title='bbox 2545 2565 2690 2635; x_wconf 77' lang='grc' dir='ltr'><strong>ἀρχὴ</strong></span> <span class='ocrx_word' id='word_1_717' title='bbox 2719 2564 2813 2617; x_wconf 87' lang='grc' dir='ltr'><strong>τοῦ</strong></span> <span class='ocrx_word' id='word_1_718' title='bbox 2839 2562 3092 2633; x_wconf 88' lang='grc' dir='ltr'><strong>σώματός</strong></span> <span class='ocrx_word' id='word_1_719' title='bbox 3117 2563 3233 2616; x_wconf 85' lang='grc' dir='ltr'><strong>ἐστι</strong></span> <span class='ocrx_word' id='word_1_720' title='bbox 3260 2563 3356 2616; x_wconf 75' lang='grc' dir='ltr'><strong>καὶ</strong></span> <span class='ocrx_word' id='word_1_721' title='bbox 3378 2561 3532 2626; x_wconf 82' lang='grc' dir='ltr'><strong>ἐξου-</strong></span> 
     </span>
    </p>
   </div>
   <div class='ocr_carea' id='block_1_91' title="bbox 1941 2652 3531 2726">
    <p class='ocr_par' dir='ltr' id='par_1_91' title="bbox 1941 2652 3531 2726">
     <span class='ocr_line' id='line_1_91' title="bbox 1941 2652 3531 2726; baseline -0.001 -22"><span class='ocrx_word' id='word_1_722' title='bbox 1941 2655 2051 2721; x_wconf 85' lang='grc' dir='ltr'><strong>σία,</strong></span> <span class='ocrx_word' id='word_1_723' title='bbox 2095 2655 2232 2708; x_wconf 84' lang='grc' dir='ltr'><strong>ἀλλά</strong></span> <span class='ocrx_word' id='word_1_724' title='bbox 2270 2655 2366 2708; x_wconf 83' lang='grc' dir='ltr'><strong>καὶ</strong></span> <span class='ocrx_word' id='word_1_725' title='bbox 2401 2654 2526 2726; x_wconf 87' lang='grc' dir='ltr'><strong>ῥίζα</strong></span> <span class='ocrx_word' id='word_1_726' title='bbox 2563 2655 2653 2725; x_wconf 82' lang='grc' dir='ltr'><strong>(τὰ</strong></span> <span class='ocrx_word' id='word_1_727' title='bbox 2683 2654 2793 2726; x_wconf 80' lang='grc' dir='ltr'><strong>γὰρ</strong></span> <span class='ocrx_word' id='word_1_728' title='bbox 2822 2653 2992 2725; x_wconf 84' lang='grc' dir='ltr'><strong>νεῦρα</strong></span> <span class='ocrx_word' id='word_1_729' title='bbox 3018 2653 3087 2706; x_wconf 81' lang='grc' dir='ltr'><strong>τά</strong></span> <span class='ocrx_word' id='word_1_730' title='bbox 3124 2653 3433 2706; x_wconf 81' lang='grc' dir='ltr'><strong>διοικοῦντα</strong></span> <span class='ocrx_word' id='word_1_731' title='bbox 3468 2652 3531 2703; x_wconf 79' lang='grc' dir='ltr'><strong>τδ</strong></span> 
     </span>
    </p>
   </div>
   <div class='ocr_carea' id='block_1_92' title="bbox 1941 2743 3531 2819">
    <p class='ocr_par' dir='ltr' id='par_1_92' title="bbox 1941 2743 3531 2819">
     <span class='ocr_line' id='line_1_92' title="bbox 1941 2743 3531 2819; baseline -0.003 -18"><span class='ocrx_word' id='word_1_732' title='bbox 1941 2749 2100 2819; x_wconf 87' lang='grc' dir='ltr'><strong>σῶμα</strong></span> <span class='ocrx_word' id='word_1_733' title='bbox 2119 2749 2177 2815; x_wconf 80' lang='grc' dir='ltr'><strong>ἐξ</strong></span> <span class='ocrx_word' id='word_1_734' title='bbox 2209 2749 2426 2819; x_wconf 86' lang='grc' dir='ltr'><strong>ἐκείνης</strong></span> <span class='ocrx_word' id='word_1_735' title='bbox 2449 2748 2762 2818; x_wconf 83' lang='grc' dir='ltr'><strong>τικτόμενα.</strong></span> <span class='ocrx_word' id='word_1_736' title='bbox 2780 2749 2874 2801; x_wconf 76' lang='grc' dir='ltr'><strong>καὶ</strong></span> <span class='ocrx_word' id='word_1_737' title='bbox 2893 2748 2956 2812; x_wconf 76' lang='grc' dir='ltr'><strong>ἐξ</strong></span> <span class='ocrx_word' id='word_1_738' title='bbox 2970 2746 3136 2800; x_wconf 81' lang='grc' dir='ltr'><strong>αὐτοῦ</strong></span> <span class='ocrx_word' id='word_1_739' title='bbox 3161 2743 3531 2817; x_wconf 85' lang='grc' dir='ltr'><strong>βλαστάνοντα</strong></span> 
     </span>
    </p>
   </div>
   <div class='ocr_carea' id='block_1_93' title="bbox 1939 2838 3533 2911">
    <p class='ocr_par' dir='ltr' id='par_1_93' title="bbox 1939 2838 3533 2911">
     <span class='ocr_line' id='line_1_93' title="bbox 1939 2838 3533 2911; baseline -0.006 -16"><span class='ocrx_word' id='word_1_740' title='bbox 1939 2841 2034 2896; x_wconf 88' lang='grc' dir='ltr'><strong>τοῦ</strong></span> <span class='ocrx_word' id='word_1_741' title='bbox 2054 2841 2382 2910; x_wconf 82' lang='grc' dir='ltr'><strong>ἐγκεφάλου,</strong></span> <span class='ocrx_word' id='word_1_742' title='bbox 2398 2840 2490 2893; x_wconf 77' lang='grc' dir='ltr'><strong>καί</strong></span> <span class='ocrx_word' id='word_1_743' title='bbox 2505 2840 2603 2910; x_wconf 83' lang='grc' dir='ltr'><strong>τὴν</strong></span> <span class='ocrx_word' id='word_1_744' title='bbox 2624 2839 2718 2893; x_wconf 83' lang='grc' dir='ltr'><strong>τοῦ</strong></span> <span class='ocrx_word' id='word_1_745' title='bbox 2747 2839 3064 2911; x_wconf 87' lang='grc' dir='ltr'><strong>πνεύματος</strong></span> <span class='ocrx_word' id='word_1_746' title='bbox 3079 2838 3345 2909; x_wconf 88' lang='grc' dir='ltr'><strong>δεχόμενα</strong></span> <span class='ocrx_word' id='word_1_747' title='bbox 3371 2851 3533 2906; x_wconf 89' lang='grc' dir='ltr'><strong>χορη-</strong></span> 
     </span>
    </p>
   </div>
   <div class='ocr_carea' id='block_1_94' title="bbox 1938 2928 3525 3002">
    <p class='ocr_par' dir='ltr' id='par_1_94' title="bbox 1938 2928 3525 3002">
     <span class='ocr_line' id='line_1_94' title="bbox 1938 2928 3525 3002; baseline -0.004 -17"><span class='ocrx_word' id='word_1_748' title='bbox 1938 2935 2084 3002; x_wconf 87' lang='grc' dir='ltr'><strong>γίαν,</strong></span> <span class='ocrx_word' id='word_1_749' title='bbox 2104 2933 2279 2997; x_wconf 79' lang='grc' dir='ltr'><strong>οὕτως</strong></span> <span class='ocrx_word' id='word_1_750' title='bbox 2306 2933 2453 2988; x_wconf 80' lang='grc' dir='ltr'><strong>ἆπαν</strong></span> <span class='ocrx_word' id='word_1_751' title='bbox 2471 2934 2748 3001; x_wconf 90' lang='grc' dir='ltr'><strong>οἰκονομεῖ</strong></span> <span class='ocrx_word' id='word_1_752' title='bbox 2761 2932 2823 2984; x_wconf 78' lang='grc' dir='ltr'><strong>τὸ</strong></span> <span class='ocrx_word' id='word_1_753' title='bbox 2841 2931 3024 2999; x_wconf 81' lang='grc' dir='ltr'><strong>ζῶον),</strong></span> <span class='ocrx_word' id='word_1_754' title='bbox 3047 2930 3192 2983; x_wconf 77' lang='grc' dir='ltr'><strong>οὕτω</strong></span> <span class='ocrx_word' id='word_1_755' title='bbox 3216 2929 3313 2981; x_wconf 74' lang='grc' dir='ltr'><strong>καὶ</strong></span> <span class='ocrx_word' id='word_1_756' title='bbox 3339 2928 3374 2998; x_wconf 79' lang='grc' dir='ltr'><strong>ἡ</strong></span> <span class='ocrx_word' id='word_1_757' title='bbox 3398 2928 3525 2979; x_wconf 86' lang='grc' dir='ltr'><strong>ἀπο-</strong></span> 
     </span>
    </p>
   </div>
   <div class='ocr_carea' id='block_1_95' title="bbox 1940 3018 3531 3096">
    <p class='ocr_par' dir='ltr' id='par_1_95' title="bbox 1940 3018 3531 3096">
     <span class='ocr_line' id='line_1_95' title="bbox 1940 3018 3531 3096; baseline -0.003 -21"><span class='ocrx_word' id='word_1_758' title='bbox 1940 3024 2101 3094; x_wconf 82' lang='grc' dir='ltr'><strong>στολὴ</strong></span> <span class='ocrx_word' id='word_1_759' title='bbox 2142 3025 2205 3077; x_wconf 85' lang='grc' dir='ltr'><strong>ού</strong></span> <span class='ocrx_word' id='word_1_760' title='bbox 2240 3026 2402 3096; x_wconf 89' lang='grc' dir='ltr'><strong>μόνον</strong></span> <span class='ocrx_word' id='word_1_761' title='bbox 2449 3026 2525 3088; x_wconf 86' lang='grc' dir='ltr'><strong>ὡς</strong></span> <span class='ocrx_word' id='word_1_762' title='bbox 2575 3024 2848 3095; x_wconf 81' lang='grc' dir='ltr'><strong>ἀρχὴκαὶ</strong></span> <span class='ocrx_word' id='word_1_763' title='bbox 2882 3022 3104 3089; x_wconf 75' lang='grc' dir='ltr'><strong>ἐξουςία</strong></span> <span class='ocrx_word' id='word_1_764' title='bbox 3157 3022 3273 3082; x_wconf 86' lang='grc' dir='ltr'><strong>τοῖς</strong></span> <span class='ocrx_word' id='word_1_765' title='bbox 3318 3018 3531 3080; x_wconf 79' lang='grc' dir='ltr'><strong>λοιποῖς</strong></span> 
     </span>
    </p>
   </div>
   <div class='ocr_carea' id='block_1_96' title="bbox 1940 3109 3533 3186">
    <p class='ocr_par' dir='ltr' id='par_1_96' title="bbox 1940 3109 3533 3186">
     <span class='ocr_line' id='line_1_96' title="bbox 1940 3109 3533 3186; baseline 0.001 -18"><span class='ocrx_word' id='word_1_766' title='bbox 1940 3115 2214 3170; x_wconf 86' lang='grc' dir='ltr'><strong>ἐπίκειται</strong></span> <span class='ocrx_word' id='word_1_767' title='bbox 2247 3117 2607 3186; x_wconf 90' lang='grc' dir='ltr'><strong>χαρίσμασιν,</strong></span> <span class='ocrx_word' id='word_1_768' title='bbox 2646 3115 2784 3169; x_wconf 85' lang='grc' dir='ltr'><strong>ἀλλά</strong></span> <span class='ocrx_word' id='word_1_769' title='bbox 2813 3115 2908 3168; x_wconf 75' lang='grc' dir='ltr'><strong>καὶ</strong></span> <span class='ocrx_word' id='word_1_770' title='bbox 2935 3113 3037 3177; x_wconf 88' lang='grc' dir='ltr'><strong>τάς</strong></span> <span class='ocrx_word' id='word_1_771' title='bbox 3061 3111 3323 3167; x_wconf 86' lang='grc' dir='ltr'><strong>ἁπάντων</strong></span> <span class='ocrx_word' id='word_1_772' title='bbox 3373 3109 3533 3180; x_wconf 73' lang='grc' dir='ltr'><strong>ῥίζας</strong></span> 
     </span>
    </p>
   </div>
   <div class='ocr_carea' id='block_1_97' title="bbox 1941 3202 3529 3277">
    <p class='ocr_par' dir='ltr' id='par_1_97' title="bbox 1941 3202 3529 3277">
     <span class='ocr_line' id='line_1_97' title="bbox 1941 3202 3529 3277; baseline -0.007 -16"><span class='ocrx_word' id='word_1_773' title='bbox 1941 3210 1997 3261; x_wconf 86' lang='grc' dir='ltr'><strong>ἐν</strong></span> <span class='ocrx_word' id='word_1_774' title='bbox 2030 3209 2197 3277; x_wconf 68' lang='grc' dir='ltr'><strong>ἑαυτῇ</strong></span> <span class='ocrx_word' id='word_1_775' title='bbox 2230 3207 2571 3261; x_wconf 69' lang='grc' dir='ltr'><strong>συλλαϐοῦσα</strong></span> <span class='ocrx_word' id='word_1_776' title='bbox 2603 3207 2848 3276; x_wconf 82' lang='grc' dir='ltr'><strong>κατέχει.</strong></span> <span class='ocrx_word' id='word_1_777' title='bbox 2880 3206 2991 3259; x_wconf 72' lang='grc' dir='ltr'><strong>Καὶ</strong></span> <span class='ocrx_word' id='word_1_778' title='bbox 3036 3206 3064 3257; x_wconf 92' lang='lat'><strong>6</strong></span> <span class='ocrx_word' id='word_1_779' title='bbox 3103 3203 3202 3274; x_wconf 83' lang='grc' dir='ltr'><strong>μὲν</strong></span> <span class='ocrx_word' id='word_1_780' title='bbox 3243 3202 3529 3272; x_wconf 84' lang='grc' dir='ltr'><strong>προφήτης</strong></span> 
     </span>
    </p>
   </div>
   <div class='ocr_carea' id='block_1_98' title="bbox 1940 3289 3535 3364">
    <p class='ocr_par' dir='ltr' id='par_1_98' title="bbox 1940 3289 3535 3364">
     <span class='ocr_line' id='line_1_98' title="bbox 1940 3289 3535 3364; baseline -0.006 -13"><span class='ocrx_word' id='word_1_781' title='bbox 1940 3300 2001 3351; x_wconf 77' lang='grc' dir='ltr'><strong>οὐ</strong></span> <span class='ocrx_word' id='word_1_782' title='bbox 2034 3298 2255 3352; x_wconf 89' lang='grc' dir='ltr'><strong>δύναται</strong></span> <span class='ocrx_word' id='word_1_783' title='bbox 2290 3295 2429 3352; x_wconf 85' lang='grc' dir='ltr'><strong>εἶναι</strong></span> <span class='ocrx_word' id='word_1_784' title='bbox 2460 3300 2555 3354; x_wconf 79' lang='grc' dir='ltr'><strong>καὶ</strong></span> <span class='ocrx_word' id='word_1_785' title='bbox 2606 3296 2906 3360; x_wconf 82' lang='grc' dir='ltr'><strong>ἀπόστολος</strong></span> <span class='ocrx_word' id='word_1_786' title='bbox 2939 3297 3036 3348; x_wconf 71' lang='grc' dir='ltr'><strong>καὶ</strong></span> <span class='ocrx_word' id='word_1_787' title='bbox 3065 3294 3349 3364; x_wconf 80' lang='grc' dir='ltr'><strong>προφήτης</strong></span> <span class='ocrx_word' id='word_1_788' title='bbox 3371 3307 3384 3320; x_wconf 93' lang='grc'><strong>·</strong></span> <span class='ocrx_word' id='word_1_789' title='bbox 3419 3293 3447 3343; x_wconf 92' lang='lat'><strong>6</strong></span> <span class='ocrx_word' id='word_1_790' title='bbox 3477 3289 3535 3342; x_wconf 71' lang='grc' dir='ltr'><strong>δὲ</strong></span> 
     </span>
    </p>
   </div>
   <div class='ocr_carea' id='block_1_99' title="bbox 1942 3373 3536 3459">
    <p class='ocr_par' dir='ltr' id='par_1_99' title="bbox 1942 3373 3536 3459">
     <span class='ocr_line' id='line_1_99' title="bbox 1942 3373 3536 3459; baseline -0.006 -17"><span class='ocrx_word' id='word_1_791' title='bbox 1942 3388 2238 3451; x_wconf 84' lang='grc' dir='ltr'><strong>ἀπόστολος</strong></span> <span class='ocrx_word' id='word_1_792' title='bbox 2265 3390 2358 3442; x_wconf 67' lang='grc' dir='ltr'><strong>καὶ</strong></span> <span class='ocrx_word' id='word_1_793' title='bbox 2389 3389 2678 3459; x_wconf 80' lang='grc' dir='ltr'><strong>προφήτης</strong></span> <span class='ocrx_word' id='word_1_794' title='bbox 2707 3387 2824 3440; x_wconf 82' lang='grc' dir='ltr'><strong>ἐστί</strong></span> <span class='ocrx_word' id='word_1_795' title='bbox 2873 3388 3092 3448; x_wconf 77' lang='grc' dir='ltr'><strong>πάντως</strong></span> <span class='ocrx_word' id='word_1_796' title='bbox 3211 3384 3307 3435; x_wconf 73' lang='grc' dir='ltr'><strong>καὶ</strong></span> <span class='ocrx_word' id='word_1_797' title='bbox 3377 3381 3536 3453; x_wconf 87' lang='grc' dir='ltr'><strong>χαρί-</strong></span> 
     </span>
    </p>
   </div>
   <div class='ocr_carea' id='block_1_100' title="bbox 1942 3474 3534 3552">
    <p class='ocr_par' dir='ltr' id='par_1_100' title="bbox 1942 3474 3534 3552">
     <span class='ocr_line' id='line_1_100' title="bbox 1942 3474 3534 3552; baseline -0.006 -17"><span class='ocrx_word' id='word_1_798' title='bbox 1942 3499 2128 3552; x_wconf 88' lang='grc' dir='ltr'><strong>σματα</strong></span> <span class='ocrx_word' id='word_1_799' title='bbox 2158 3480 2272 3551; x_wconf 85' lang='grc' dir='ltr'><strong>ἕχει</strong></span> <span class='ocrx_word' id='word_1_800' title='bbox 2303 3483 2569 3552; x_wconf 87' lang='grc' dir='ltr'><strong>ἰαμάτων,</strong></span> <span class='ocrx_word' id='word_1_801' title='bbox 2603 3480 2697 3532; x_wconf 71' lang='grc' dir='ltr'><strong>καὶ</strong></span> <span class='ocrx_word' id='word_1_802' title='bbox 2728 3479 2859 3551; x_wconf 87' lang='grc' dir='ltr'><strong>γένη</strong></span> <span class='ocrx_word' id='word_1_803' title='bbox 2896 3477 3180 3547; x_wconf 81' lang='grc' dir='ltr'><strong>γλωσσῶν,</strong></span> <span class='ocrx_word' id='word_1_804' title='bbox 3223 3475 3317 3529; x_wconf 69' lang='grc' dir='ltr'><strong>καὶ</strong></span> <span class='ocrx_word' id='word_1_805' title='bbox 3354 3474 3534 3545; x_wconf 78' lang='grc' dir='ltr'><strong>ἑρμη-</strong></span> 
     </span>
    </p>
   </div>
   <div class='ocr_carea' id='block_1_101' title="bbox 1940 3567 3535 3643">
    <p class='ocr_par' dir='ltr' id='par_1_101' title="bbox 1940 3567 3535 3643">
     <span class='ocr_line' id='line_1_101' title="bbox 1940 3567 3535 3643; baseline -0.005 -18"><span class='ocrx_word' id='word_1_806' title='bbox 1940 3573 2092 3636; x_wconf 88' lang='grc' dir='ltr'><strong>νείας</strong></span> <span class='ocrx_word' id='word_1_807' title='bbox 2113 3573 2374 3643; x_wconf 84' lang='grc' dir='ltr'><strong>γλωσσῶν</strong></span> <span class='ocrx_word' id='word_1_808' title='bbox 2402 3589 2415 3602; x_wconf 68' lang='grc'><em>⁸</em></span> <span class='ocrx_word' id='word_1_809' title='bbox 2457 3572 2538 3625; x_wconf 76' lang='grc' dir='ltr'><strong>διὸ</strong></span> <span class='ocrx_word' id='word_1_810' title='bbox 2567 3573 2710 3643; x_wconf 83' lang='grc' dir='ltr'><strong>ἁρχὴ</strong></span> <span class='ocrx_word' id='word_1_811' title='bbox 2753 3572 2848 3626; x_wconf 72' lang='grc' dir='ltr'><strong>καὶ</strong></span> <span class='ocrx_word' id='word_1_812' title='bbox 2881 3573 3005 3643; x_wconf 83' lang='grc' dir='ltr'><strong>ῥίζα</strong></span> <span class='ocrx_word' id='word_1_813' title='bbox 3038 3569 3154 3622; x_wconf 78' lang='grc' dir='ltr'><strong>ἐστὶ</strong></span> <span class='ocrx_word' id='word_1_814' title='bbox 3208 3567 3318 3619; x_wconf 87' lang='grc' dir='ltr'><strong>τῶν</strong></span> <span class='ocrx_word' id='word_1_815' title='bbox 3373 3583 3535 3636; x_wconf 72' lang='grc' dir='ltr'><strong>χαρι·</strong></span> 
     </span>
    </p>
   </div>
   <div class='ocr_carea' id='block_1_102' title="bbox 1943 3667 2189 3736">
    <p class='ocr_par' dir='ltr' id='par_1_102' title="bbox 1943 3667 2189 3736">
     <span class='ocr_line' id='line_1_102' title="bbox 1943 3667 2189 3736; baseline 0.012 -19"><span class='ocrx_word' id='word_1_816' title='bbox 1943 3683 1975 3717; x_wconf 92' lang='grc' dir='ltr'><strong>σ</strong></span> <span class='ocrx_word' id='word_1_817' title='bbox 1980 3667 2189 3736; x_wconf 85' lang='grc' dir='ltr'><strong>μάτων.</strong></span> 
     </span>
    </p>
   </div>
   <div class='ocr_carea' id='block_1_103' title="bbox 2010 3753 3537 3826">
    <p class='ocr_par' dir='ltr' id='par_1_103' title="bbox 2010 3753 3537 3826">
     <span class='ocr_line' id='line_1_103' title="bbox 2010 3753 3537 3826; baseline -0.007 -15"><span class='ocrx_word' id='word_1_818' title='bbox 2010 3758 2071 3813; x_wconf 87' lang='grc' dir='ltr'><strong>δ’.</strong></span> <span class='ocrx_word' id='word_1_819' title='bbox 2111 3759 2220 3811; x_wconf 69' lang='grc' dir='ltr'><strong>Καὶ</strong></span> <span class='ocrx_word' id='word_1_820' title='bbox 2251 3759 2333 3811; x_wconf 77' lang='grc' dir='ltr'><strong>ὅτι</strong></span> <span class='ocrx_word' id='word_1_821' title='bbox 2366 3757 2541 3811; x_wconf 82' lang='grc' dir='ltr'><strong>ταῦτα</strong></span> <span class='ocrx_word' id='word_1_822' title='bbox 2565 3755 2739 3820; x_wconf 73' lang='grc' dir='ltr'><strong>οὕτως</strong></span> <span class='ocrx_word' id='word_1_823' title='bbox 2774 3757 2909 3826; x_wconf 76' lang='grc' dir='ltr'><strong>ἔχει,</strong></span> <span class='ocrx_word' id='word_1_824' title='bbox 2945 3753 3154 3807; x_wconf 85' lang='grc' dir='ltr'><strong>Παῦλον</strong></span> <span class='ocrx_word' id='word_1_825' title='bbox 3195 3754 3326 3820; x_wconf 85' lang='grc' dir='ltr'><strong>ὑμῖν</strong></span> <span class='ocrx_word' id='word_1_826' title='bbox 3356 3767 3537 3819; x_wconf 63' lang='grc' dir='ltr'><strong>παρας</strong></span> 
     </span>
    </p>
   </div>
   <div class='ocr_carea' id='block_1_104' title="bbox 1941 3842 3538 3922">
    <p class='ocr_par' dir='ltr' id='par_1_104' title="bbox 1941 3842 3538 3922">
     <span class='ocr_line' id='line_1_104' title="bbox 1941 3842 3538 3922; baseline -0.006 -19"><span class='ocrx_word' id='word_1_827' title='bbox 1941 3852 2100 3915; x_wconf 87' lang='grc' dir='ltr'><strong>γάγω</strong></span> <span class='ocrx_word' id='word_1_828' title='bbox 2130 3851 2405 3922; x_wconf 89' lang='grc' dir='ltr'><strong>μάρτυρα.</strong></span> <span class='ocrx_word' id='word_1_829' title='bbox 2431 3849 2654 3921; x_wconf 87' lang='grc' dir='ltr'><strong>Πρῶτον</strong></span> <span class='ocrx_word' id='word_1_830' title='bbox 2674 3849 2730 3901; x_wconf 79' lang='grc' dir='ltr'><strong>δὲ</strong></span> <span class='ocrx_word' id='word_1_831' title='bbox 2764 3848 3064 3914; x_wconf 88' lang='grc' dir='ltr'><strong>ἀναγκαῖον</strong></span> <span class='ocrx_word' id='word_1_832' title='bbox 3091 3846 3289 3906; x_wconf 85' lang='grc' dir='ltr'><strong>εἰπεῖν,</strong></span> <span class='ocrx_word' id='word_1_833' title='bbox 3318 3842 3371 3894; x_wconf 90' lang='grc' dir='ltr'><strong>τί</strong></span> <span class='ocrx_word' id='word_1_834' title='bbox 3405 3842 3538 3894; x_wconf 69' lang='grc' dir='ltr'><strong>ποτε</strong></span> 
     </span>
    </p>
   </div>
   <div class='ocr_carea' id='block_1_105' title="bbox 1942 3933 3539 4012">
    <p class='ocr_par' dir='ltr' id='par_1_105' title="bbox 1942 3933 3539 4012">
     <span class='ocr_line' id='line_1_105' title="bbox 1942 3933 3539 4012; baseline -0.006 -17"><span class='ocrx_word' id='word_1_835' title='bbox 1942 3944 2059 3995; x_wconf 85' lang='grc' dir='ltr'><strong>ἐστι</strong></span> <span class='ocrx_word' id='word_1_836' title='bbox 2105 3943 2236 4012; x_wconf 84' lang='grc' dir='ltr'><strong>γένη</strong></span> <span class='ocrx_word' id='word_1_837' title='bbox 2271 3941 2555 4010; x_wconf 83' lang='grc' dir='ltr'><strong>γλωσσῶν.</strong></span> <span class='ocrx_word' id='word_1_838' title='bbox 2585 3940 2650 3992; x_wconf 82' lang='grc' dir='ltr'><strong>Τί</strong></span> <span class='ocrx_word' id='word_1_839' title='bbox 2681 3935 2774 3993; x_wconf 78' lang='grc' dir='ltr'><strong>οὖν</strong></span> <span class='ocrx_word' id='word_1_840' title='bbox 2811 3942 2928 3991; x_wconf 85' lang='grc' dir='ltr'><strong>ἐστι</strong></span> <span class='ocrx_word' id='word_1_841' title='bbox 2955 3937 3089 4006; x_wconf 89' lang='grc' dir='ltr'><strong>γένη</strong></span> <span class='ocrx_word' id='word_1_842' title='bbox 3131 3933 3432 4002; x_wconf 87' lang='grc' dir='ltr'><strong>γλωσσῶν;</strong></span> <span class='ocrx_word' id='word_1_843' title='bbox 3463 3933 3539 3986; x_wconf 79' lang='grc' dir='ltr'><strong>Τὺ</strong></span> 
     </span>
    </p>
   </div>
   <div class='ocr_carea' id='block_1_106' title="bbox 1942 4025 3538 4102">
    <p class='ocr_par' dir='ltr' id='par_1_106' title="bbox 1942 4025 3538 4102">
     <span class='ocr_line' id='line_1_106' title="bbox 1942 4025 3538 4102; baseline -0.006 -17"><span class='ocrx_word' id='word_1_844' title='bbox 1942 4033 2173 4086; x_wconf 82' lang='grc' dir='ltr'><strong>παλαιὸν</strong></span> <span class='ocrx_word' id='word_1_845' title='bbox 2195 4035 2222 4086; x_wconf 92' lang='lat'><strong>6</strong></span> <span class='ocrx_word' id='word_1_846' title='bbox 2244 4031 2566 4102; x_wconf 74' lang='grc' dir='ltr'><strong>βαπτισθεὶς</strong></span> <span class='ocrx_word' id='word_1_847' title='bbox 2598 4031 2694 4084; x_wconf 73' lang='grc' dir='ltr'><strong>καὶ</strong></span> <span class='ocrx_word' id='word_1_848' title='bbox 2722 4030 3023 4091; x_wconf 86' lang='grc' dir='ltr'><strong>πιστεύσας</strong></span> <span class='ocrx_word' id='word_1_849' title='bbox 3053 4027 3256 4090; x_wconf 77' lang='grc' dir='ltr'><strong>εὐθέως</strong></span> <span class='ocrx_word' id='word_1_850' title='bbox 3284 4027 3420 4096; x_wconf 82' lang='grc' dir='ltr'><strong>πρὸς</strong></span> <span class='ocrx_word' id='word_1_851' title='bbox 3437 4025 3538 4095; x_wconf 73' lang='grc' dir='ltr'><strong>τὴν</strong></span> 
     </span>
    </p>
   </div>
   <div class='ocr_carea' id='block_1_107' title="bbox 1943 4117 3533 4194">
    <p class='ocr_par' dir='ltr' id='par_1_107' title="bbox 1943 4117 3533 4194">
     <span class='ocr_line' id='line_1_107' title="bbox 1943 4117 3533 4194; baseline -0.006 -16"><span class='ocrx_word' id='word_1_852' title='bbox 1943 4125 2252 4194; x_wconf 84' lang='grc' dir='ltr'><strong>φανέρωσιν</strong></span> <span class='ocrx_word' id='word_1_853' title='bbox 2270 4123 2362 4177; x_wconf 89' lang='grc' dir='ltr'><strong>τοῦ</strong></span> <span class='ocrx_word' id='word_1_854' title='bbox 2390 4123 2709 4193; x_wconf 84' lang='grc' dir='ltr'><strong>Πνεύματος</strong></span> <span class='ocrx_word' id='word_1_855' title='bbox 2734 4122 3010 4192; x_wconf 85' lang='grc' dir='ltr'><strong>διαφόροις</strong></span> <span class='ocrx_word' id='word_1_856' title='bbox 3037 4119 3216 4173; x_wconf 83' lang='grc' dir='ltr'><strong>ἐλάλει</strong></span> <span class='ocrx_word' id='word_1_857' title='bbox 3237 4117 3533 4186; x_wconf 81' lang='grc' dir='ltr'><strong>γλώσσαις.</strong></span> 
     </span>
    </p>
   </div>
   <div class='ocr_carea' id='block_1_108' title="bbox 1955 4209 3538 4287">
    <p class='ocr_par' dir='ltr' id='par_1_108' title="bbox 1955 4209 3538 4287">
     <span class='ocr_line' id='line_1_108' title="bbox 1955 4209 3538 4287; baseline -0.006 -19"><span class='ocrx_word' id='word_1_858' title='bbox 1955 4216 2174 4287; x_wconf 77' lang='grc' dir='ltr'><strong>Ἐπειδὴ</strong></span> <span class='ocrx_word' id='word_1_859' title='bbox 2195 4216 2304 4287; x_wconf 77' lang='grc' dir='ltr'><strong>γάρ</strong></span> <span class='ocrx_word' id='word_1_860' title='bbox 2346 4215 2426 4268; x_wconf 77' lang='grc' dir='ltr'><strong>ἔτι</strong></span> <span class='ocrx_word' id='word_1_861' title='bbox 2458 4214 2852 4286; x_wconf 85' lang='grc' dir='ltr'><strong>ἀσθενέστερον</strong></span> <span class='ocrx_word' id='word_1_862' title='bbox 2891 4213 3157 4265; x_wconf 78' lang='grc' dir='ltr'><strong>διέκειντο</strong></span> <span class='ocrx_word' id='word_1_863' title='bbox 3187 4211 3238 4260; x_wconf 90' lang='grc' dir='ltr'><strong>οί</strong></span> <span class='ocrx_word' id='word_1_864' title='bbox 3269 4209 3414 4269; x_wconf 82' lang='grc' dir='ltr'><strong>τότε,</strong></span> <span class='ocrx_word' id='word_1_865' title='bbox 3442 4209 3538 4260; x_wconf 69' lang='grc' dir='ltr'><strong>καὶ</strong></span> 
     </span>
    </p>
   </div>
   <div class='ocr_carea' id='block_1_109' title="bbox 1941 4300 3537 4380">
    <p class='ocr_par' dir='ltr' id='par_1_109' title="bbox 1941 4300 3537 4380">
     <span class='ocr_line' id='line_1_109' title="bbox 1941 4300 3537 4380; baseline -0.008 -18"><span class='ocrx_word' id='word_1_866' title='bbox 1941 4311 2011 4363; x_wconf 87' lang='grc' dir='ltr'><strong>τά</strong></span> <span class='ocrx_word' id='word_1_867' title='bbox 2049 4311 2218 4379; x_wconf 74' lang='grc' dir='ltr'><strong>νοητὰ</strong></span> <span class='ocrx_word' id='word_1_868' title='bbox 2243 4309 2563 4380; x_wconf 88' lang='grc' dir='ltr'><strong>χαρίσματα</strong></span> <span class='ocrx_word' id='word_1_869' title='bbox 2588 4309 2719 4376; x_wconf 76' lang='grc' dir='ltr'><strong>όρᾷν</strong></span> <span class='ocrx_word' id='word_1_870' title='bbox 2751 4308 2851 4358; x_wconf 87' lang='grc' dir='ltr'><strong>ούκ</strong></span> <span class='ocrx_word' id='word_1_871' title='bbox 2885 4304 3150 4372; x_wconf 66' lang='grc' dir='ltr'><strong>ἠδύναντο</strong></span> <span class='ocrx_word' id='word_1_872' title='bbox 3180 4304 3295 4363; x_wconf 86' lang='grc' dir='ltr'><strong>τοῖς</strong></span> <span class='ocrx_word' id='word_1_873' title='bbox 3337 4300 3537 4369; x_wconf 83' lang='grc' dir='ltr'><strong>ὀφθαλ-</strong></span> 
     </span>
    </p>
   </div>
   <div class='ocr_carea' id='block_1_110' title="bbox 1945 4391 3538 4474">
    <p class='ocr_par' dir='ltr' id='par_1_110' title="bbox 1945 4391 3538 4474">
     <span class='ocr_line' id='line_1_110' title="bbox 1945 4391 3538 4474; baseline -0.008 -19"><span class='ocrx_word' id='word_1_874' title='bbox 1945 4406 2064 4474; x_wconf 86' lang='grc' dir='ltr'><strong>μοῖς</strong></span> <span class='ocrx_word' id='word_1_875' title='bbox 2093 4400 2194 4471; x_wconf 83' lang='grc' dir='ltr'><strong>τῆς</strong></span> <span class='ocrx_word' id='word_1_876' title='bbox 2224 4401 2446 4472; x_wconf 77' lang='grc' dir='ltr'><strong>σαρκὸς,</strong></span> <span class='ocrx_word' id='word_1_877' title='bbox 2481 4399 2682 4452; x_wconf 88' lang='grc' dir='ltr'><strong>ἐδίδοτο</strong></span> <span class='ocrx_word' id='word_1_878' title='bbox 2708 4397 2971 4465; x_wconf 74' lang='grc' dir='ltr'><strong>αἰσθητὸν</strong></span> <span class='ocrx_word' id='word_1_879' title='bbox 2996 4397 3244 4466; x_wconf 87' lang='grc' dir='ltr'><strong>χάρισμα</strong></span> <span class='ocrx_word' id='word_1_880' title='bbox 3266 4433 3280 4457; x_wconf 94' lang='grc'><strong>,</strong></span> <span class='ocrx_word' id='word_1_881' title='bbox 3306 4392 3447 4445; x_wconf 81' lang='grc' dir='ltr'><strong>ὥστε</strong></span> <span class='ocrx_word' id='word_1_882' title='bbox 3477 4391 3538 4443; x_wconf 83' lang='grc' dir='ltr'><strong>τὸ</strong></span> 
     </span>
    </p>
   </div>
   <div class='ocr_carea' id='block_1_111' title="bbox 1941 4483 3539 4564">
    <p class='ocr_par' dir='ltr' id='par_1_111' title="bbox 1941 4483 3539 4564">
     <span class='ocr_line' id='line_1_111' title="bbox 1941 4483 3539 4564; baseline -0.004 -17"><span class='ocrx_word' id='word_1_883' title='bbox 1941 4495 2130 4564; x_wconf 73' lang='grc' dir='ltr'><strong>νοητὸν</strong></span> <span class='ocrx_word' id='word_1_884' title='bbox 2145 4505 2168 4532; x_wconf 74' lang='grc' dir='ltr'><strong>ο</strong></span> <span class='ocrx_word' id='word_1_885' title='bbox 2188 4492 2443 4561; x_wconf 88' lang='grc' dir='ltr'><strong>γενέσθαι</strong></span> <span class='ocrx_word' id='word_1_886' title='bbox 2462 4490 2774 4558; x_wconf 79' lang='grc' dir='ltr'><strong>καταφανές</strong></span> <span class='ocrx_word' id='word_1_887' title='bbox 2796 4507 2808 4519; x_wconf 77' lang='grc' dir='ltr'><strong><em>ο</em></strong></span> <span class='ocrx_word' id='word_1_888' title='bbox 2837 4490 2931 4542; x_wconf 74' lang='grc' dir='ltr'><strong>καὶ</strong></span> <span class='ocrx_word' id='word_1_889' title='bbox 2951 4489 2980 4540; x_wconf 90' lang='lat'><strong>6</strong></span> <span class='ocrx_word' id='word_1_890' title='bbox 2997 4486 3319 4557; x_wconf 76' lang='grc' dir='ltr'><strong>βαπτισθεὶς</strong></span> <span class='ocrx_word' id='word_1_891' title='bbox 3335 4483 3539 4540; x_wconf 78' lang='grc' dir='ltr'><strong>εὐθέως</strong></span> 
     </span>
    </p>
   </div>
   <div class='ocr_carea' id='block_1_112' title="bbox 1943 4578 3534 4655">
    <p class='ocr_par' dir='ltr' id='par_1_112' title="bbox 1943 4578 3534 4655">
     <span class='ocr_line' id='line_1_112' title="bbox 1943 4578 3534 4655; baseline -0.006 -17"><span class='ocrx_word' id='word_1_892' title='bbox 1943 4588 2037 4638; x_wconf 71' lang='grc' dir='ltr'><strong>καὶ</strong></span> <span class='ocrx_word' id='word_1_893' title='bbox 2066 4588 2130 4655; x_wconf 83' lang='grc' dir='ltr'><strong>τῇ</strong></span> <span class='ocrx_word' id='word_1_894' title='bbox 2163 4585 2412 4655; x_wconf 77' lang='grc' dir='ltr'><strong>ἡμετέρα</strong></span> <span class='ocrx_word' id='word_1_895' title='bbox 2436 4581 2677 4655; x_wconf 82' lang='grc' dir='ltr'><strong>γλώσσῃ,</strong></span> <span class='ocrx_word' id='word_1_896' title='bbox 2701 4584 2795 4634; x_wconf 74' lang='grc' dir='ltr'><strong>καὶ</strong></span> <span class='ocrx_word' id='word_1_897' title='bbox 2821 4584 2887 4652; x_wconf 79' lang='grc' dir='ltr'><strong>τῇ</strong></span> <span class='ocrx_word' id='word_1_898' title='bbox 2917 4580 3026 4634; x_wconf 87' lang='grc' dir='ltr'><strong>τῶν</strong></span> <span class='ocrx_word' id='word_1_899' title='bbox 3058 4579 3308 4648; x_wconf 81' lang='grc' dir='ltr'><strong>Περσῶν,</strong></span> <span class='ocrx_word' id='word_1_900' title='bbox 3336 4578 3429 4630; x_wconf 62' lang='grc' dir='ltr'><strong>καὶ¹</strong></span> <span class='ocrx_word' id='word_1_901' title='bbox 3468 4578 3534 4644; x_wconf 76' lang='grc' dir='ltr'><strong>τῇ</strong></span> 
     </span>
    </p>
   </div>
   <div class='ocr_carea' id='block_1_113' title="bbox 1941 4668 3537 4746">
    <p class='ocr_par' dir='ltr' id='par_1_113' title="bbox 1941 4668 3537 4746">
     <span class='ocr_line' id='line_1_113' title="bbox 1941 4668 3537 4746; baseline -0.007 -15"><span class='ocrx_word' id='word_1_902' title='bbox 1941 4679 2049 4731; x_wconf 87' lang='grc' dir='ltr'><strong>τῶν</strong></span> <span class='ocrx_word' id='word_1_903' title='bbox 2094 4677 2298 4741; x_wconf 81' lang='grc' dir='ltr'><strong>Ἰνδῶν,</strong></span> <span class='ocrx_word' id='word_1_904' title='bbox 2348 4677 2440 4729; x_wconf 78' lang='grc' dir='ltr'><strong>καὶ</strong></span> <span class='ocrx_word' id='word_1_905' title='bbox 2487 4679 2554 4746; x_wconf 79' lang='grc' dir='ltr'><strong>τῇ</strong></span> <span class='ocrx_word' id='word_1_906' title='bbox 2585 4674 2696 4726; x_wconf 86' lang='grc' dir='ltr'><strong>τῶν</strong></span> <span class='ocrx_word' id='word_1_907' title='bbox 2734 4674 2960 4726; x_wconf 89' lang='grc' dir='ltr'><strong>Σκυθῶν</strong></span> <span class='ocrx_word' id='word_1_908' title='bbox 3012 4672 3337 4740; x_wconf 81' lang='grc' dir='ltr'><strong>ἐφθέγγετο,</strong></span> <span class='ocrx_word' id='word_1_909' title='bbox 3393 4668 3537 4721; x_wconf 87' lang='grc' dir='ltr'><strong>ῶστε</strong></span> 
     </span>
    </p>
   </div>
   <div class='ocr_carea' id='block_1_114' title="bbox 1944 4761 3534 4842">
    <p class='ocr_par' dir='ltr' id='par_1_114' title="bbox 1944 4761 3534 4842">
     <span class='ocr_line' id='line_1_114' title="bbox 1944 4761 3534 4842; baseline -0.007 -19"><span class='ocrx_word' id='word_1_910' title='bbox 1944 4770 2134 4842; x_wconf 86' lang='grc' dir='ltr'><strong>μαθεῖν</strong></span> <span class='ocrx_word' id='word_1_911' title='bbox 2155 4769 2249 4822; x_wconf 68' lang='grc' dir='ltr'><strong>καὶ</strong></span> <span class='ocrx_word' id='word_1_912' title='bbox 2267 4772 2390 4831; x_wconf 80' lang='grc' dir='ltr'><strong>τοὺς</strong></span> <span class='ocrx_word' id='word_1_913' title='bbox 2402 4769 2687 4829; x_wconf 83' lang='grc' dir='ltr'><strong>ἀπίστους.</strong></span> <span class='ocrx_word' id='word_1_914' title='bbox 2702 4767 2783 4819; x_wconf 80' lang='grc' dir='ltr'><strong>ὅτι</strong></span> <span class='ocrx_word' id='word_1_915' title='bbox 2805 4765 3121 4834; x_wconf 85' lang='grc' dir='ltr'><strong>Πνεύματος</strong></span> <span class='ocrx_word' id='word_1_916' title='bbox 3139 4763 3296 4831; x_wconf 84' lang='grc' dir='ltr'><strong>ἁγίου</strong></span> <span class='ocrx_word' id='word_1_917' title='bbox 3313 4761 3534 4831; x_wconf 66' lang='grc' dir='ltr'><strong>ἠξίωτο.</strong></span> 
     </span>
    </p>
   </div>
   <div class='ocr_carea' id='block_1_115' title="bbox 1942 4853 3537 4933">
    <p class='ocr_par' dir='ltr' id='par_1_115' title="bbox 1942 4853 3537 4933">
     <span class='ocr_line' id='line_1_115' title="bbox 1942 4853 3537 4933; baseline -0.008 -17"><span class='ocrx_word' id='word_1_918' title='bbox 1942 4865 2052 4916; x_wconf 77' lang='grc' dir='ltr'><strong>Καὶ</strong></span> <span class='ocrx_word' id='word_1_919' title='bbox 2097 4857 2165 4933; x_wconf 76' lang='grc' dir='ltr'><strong>ἦν</strong></span> <span class='ocrx_word' id='word_1_920' title='bbox 2217 4861 2277 4914; x_wconf 85' lang='grc' dir='ltr'><strong>τὸ</strong></span> <span class='ocrx_word' id='word_1_921' title='bbox 2332 4861 2430 4930; x_wconf 89' lang='grc' dir='ltr'><strong>μέν</strong></span> <span class='ocrx_word' id='word_1_922' title='bbox 2468 4863 2697 4930; x_wconf 90' lang='grc' dir='ltr'><strong>σημεῖον</strong></span> <span class='ocrx_word' id='word_1_923' title='bbox 2733 4856 3016 4926; x_wconf 81' lang='grc' dir='ltr'><strong>αἰσθητὸν,</strong></span> <span class='ocrx_word' id='word_1_924' title='bbox 3054 4855 3342 4926; x_wconf 84' lang='grc' dir='ltr'><strong>ἡτοιαύτη</strong></span> <span class='ocrx_word' id='word_1_925' title='bbox 3382 4853 3537 4922; x_wconf 76' lang='grc' dir='ltr'><strong>φωνὴ</strong></span> 
     </span>
    </p>
   </div>
   <div class='ocr_carea' id='block_1_116' title="bbox 1941 4947 3532 5024">
    <p class='ocr_par' dir='ltr' id='par_1_116' title="bbox 1941 4947 3532 5024">
     <span class='ocr_line' id='line_1_116' title="bbox 1941 4947 3532 5024; baseline -0.006 -18"><span class='ocrx_word' id='word_1_926' title='bbox 1941 4956 2083 5023; x_wconf 85' lang='grc' dir='ltr'><strong>λέγω</strong></span> <span class='ocrx_word' id='word_1_927' title='bbox 2105 4971 2116 4981; x_wconf 93' lang='grc'><strong>·</strong></span> <span class='ocrx_word' id='word_1_928' title='bbox 2153 4957 2218 5024; x_wconf 80' lang='grc' dir='ltr'><strong>τῇ</strong></span> <span class='ocrx_word' id='word_1_929' title='bbox 2243 4954 2352 5023; x_wconf 74' lang='grc' dir='ltr'><strong>γὰρ</strong></span> <span class='ocrx_word' id='word_1_930' title='bbox 2383 4952 2635 5023; x_wconf 73' lang='grc' dir='ltr'><strong>αἰσθήσει</strong></span> <span class='ocrx_word' id='word_1_931' title='bbox 2670 4951 2765 5005; x_wconf 84' lang='grc' dir='ltr'><strong>τοῦ</strong></span> <span class='ocrx_word' id='word_1_932' title='bbox 2803 4949 3059 5018; x_wconf 82' lang='grc' dir='ltr'><strong>σώματος</strong></span> <span class='ocrx_word' id='word_1_933' title='bbox 3089 4948 3260 5016; x_wconf 79' lang='grc' dir='ltr'><strong>αὐτῆς</strong></span> <span class='ocrx_word' id='word_1_934' title='bbox 3311 4947 3532 5016; x_wconf 74' lang='grc' dir='ltr'><strong>ἢκουον·</strong></span> 
     </span>
    </p>
   </div>
   <div class='ocr_carea' id='block_1_117' title="bbox 1938 5037 3538 5116">
    <p class='ocr_par' dir='ltr' id='par_1_117' title="bbox 1938 5037 3538 5116">
     <span class='ocr_line' id='line_1_117' title="bbox 1938 5037 3538 5116; baseline -0.008 -16"><span class='ocrx_word' id='word_1_935' title='bbox 1938 5047 2037 5116; x_wconf 77' lang='grc' dir='ltr'><strong>τὴν</strong></span> <span class='ocrx_word' id='word_1_936' title='bbox 2074 5046 2131 5099; x_wconf 80' lang='grc' dir='ltr'><strong>δὲ</strong></span> <span class='ocrx_word' id='word_1_937' title='bbox 2190 5046 2390 5115; x_wconf 74' lang='grc' dir='ltr'><strong>νοητὴν</strong></span> <span class='ocrx_word' id='word_1_938' title='bbox 2441 5046 2536 5096; x_wconf 74' lang='grc' dir='ltr'><strong>καὶ</strong></span> <span class='ocrx_word' id='word_1_939' title='bbox 2585 5044 2685 5111; x_wconf 70' lang='grc' dir='ltr'><strong>οὐχ</strong></span> <span class='ocrx_word' id='word_1_940' title='bbox 2740 5040 3030 5110; x_wconf 77' lang='grc' dir='ltr'><strong>ὁρωμένην</strong></span> <span class='ocrx_word' id='word_1_941' title='bbox 3077 5037 3173 5090; x_wconf 84' lang='grc' dir='ltr'><strong>τοῦ</strong></span> <span class='ocrx_word' id='word_1_942' title='bbox 3218 5037 3538 5106; x_wconf 84' lang='grc' dir='ltr'><strong>Πνεύματος</strong></span> 
     </span>
    </p>
   </div>
   <div class='ocr_carea' id='block_1_118' title="bbox 1940 5128 3536 5210">
    <p class='ocr_par' dir='ltr' id='par_1_118' title="bbox 1940 5128 3536 5210">
     <span class='ocr_line' id='line_1_118' title="bbox 1940 5128 3536 5210; baseline -0.008 -18"><span class='ocrx_word' id='word_1_943' title='bbox 1940 5140 2101 5210; x_wconf 85' lang='grc' dir='ltr'><strong>χάριν</strong></span> <span class='ocrx_word' id='word_1_944' title='bbox 2147 5139 2283 5190; x_wconf 78' lang='grc' dir='ltr'><strong>πᾶσι</strong></span> <span class='ocrx_word' id='word_1_945' title='bbox 2317 5137 2380 5188; x_wconf 74' lang='grc' dir='ltr'><strong>τὸ</strong></span> <span class='ocrx_word' id='word_1_946' title='bbox 2424 5135 2681 5206; x_wconf 66' lang='grc' dir='ltr'><strong>αἰσθητὸν</strong></span> <span class='ocrx_word' id='word_1_947' title='bbox 2735 5134 2894 5186; x_wconf 82' lang='grc' dir='ltr'><strong>τοῦτο</strong></span> <span class='ocrx_word' id='word_1_948' title='bbox 2947 5134 3176 5201; x_wconf 80' lang='grc' dir='ltr'><strong>σημεῖον</strong></span> <span class='ocrx_word' id='word_1_949' title='bbox 3233 5128 3536 5198; x_wconf 87' lang='grc' dir='ltr'><strong>κατάδηλον</strong></span> 
     </span>
    </p>
   </div>
   <div class='ocr_carea' id='block_1_119' title="bbox 1939 5220 3531 5297">
    <p class='ocr_par' dir='ltr' id='par_1_119' title="bbox 1939 5220 3531 5297">
     <span class='ocr_line' id='line_1_119' title="bbox 1939 5220 3531 5297; baseline -0.01 -12"><span class='ocrx_word' id='word_1_950' title='bbox 1939 5233 2134 5285; x_wconf 87' lang='grc' dir='ltr'><strong>ἐποίει.</strong></span> <span class='ocrx_word' id='word_1_951' title='bbox 2167 5230 2276 5282; x_wconf 82' lang='grc' dir='ltr'><strong>Καί</strong></span> <span class='ocrx_word' id='word_1_952' title='bbox 2298 5229 2457 5282; x_wconf 83' lang='grc' dir='ltr'><strong>τοῦτο</strong></span> <span class='ocrx_word' id='word_1_953' title='bbox 2476 5228 2537 5280; x_wconf 84' lang='grc' dir='ltr'><strong>τὸ</strong></span> <span class='ocrx_word' id='word_1_954' title='bbox 2564 5229 2788 5297; x_wconf 83' lang='grc' dir='ltr'><strong>σημεῖον</strong></span> <span class='ocrx_word' id='word_1_955' title='bbox 2813 5223 3064 5277; x_wconf 85' lang='grc' dir='ltr'><strong>ἐκαλεῖτο</strong></span> <span class='ocrx_word' id='word_1_956' title='bbox 3089 5223 3220 5291; x_wconf 86' lang='grc' dir='ltr'><strong>γένη</strong></span> <span class='ocrx_word' id='word_1_957' title='bbox 3245 5220 3531 5290; x_wconf 88' lang='grc' dir='ltr'><strong>γλωσσῶν.</strong></span> 
     </span>
    </p>
   </div>
   <div class='ocr_carea' id='block_1_120' title="bbox 1950 5314 3536 5393">
    <p class='ocr_par' dir='ltr' id='par_1_120' title="bbox 1950 5314 3536 5393">
     <span class='ocr_line' id='line_1_120' title="bbox 1950 5314 3536 5393; baseline -0.007 -16"><span class='ocrx_word' id='word_1_958' title='bbox 1950 5325 2009 5377; x_wconf 86' lang='lat'><strong>&#39;0</strong></span> <span class='ocrx_word' id='word_1_959' title='bbox 2036 5323 2146 5393; x_wconf 75' lang='grc' dir='ltr'><strong>γὰρ</strong></span> <span class='ocrx_word' id='word_1_960' title='bbox 2171 5323 2298 5392; x_wconf 87' lang='grc' dir='ltr'><strong>μίαν</strong></span> <span class='ocrx_word' id='word_1_961' title='bbox 2318 5321 2571 5389; x_wconf 87' lang='grc' dir='ltr'><strong>γλῶσσαν</strong></span> <span class='ocrx_word' id='word_1_962' title='bbox 2594 5320 2732 5389; x_wconf 76' lang='grc' dir='ltr'><strong>ἔχων</strong></span> <span class='ocrx_word' id='word_1_963' title='bbox 2748 5317 2855 5370; x_wconf 73' lang='grc' dir='ltr'><strong>ἀπὸ</strong></span> <span class='ocrx_word' id='word_1_964' title='bbox 2881 5317 2980 5384; x_wconf 79' lang='grc' dir='ltr'><strong>τῆς</strong></span> <span class='ocrx_word' id='word_1_965' title='bbox 3001 5315 3237 5385; x_wconf 83' lang='grc' dir='ltr'><strong>φύσεως,</strong></span> <span class='ocrx_word' id='word_1_966' title='bbox 3261 5314 3536 5377; x_wconf 87' lang='grc' dir='ltr'><strong>ποικίλαις</strong></span> 
     </span>
    </p>
   </div>
   <div class='ocr_carea' id='block_1_121' title="bbox 1940 5407 3536 5480">
    <p class='ocr_par' dir='ltr' id='par_1_121' title="bbox 1940 5407 3536 5480">
     <span class='ocr_line' id='line_1_121' title="bbox 1940 5407 3536 5480; baseline -0.006 -13"><span class='ocrx_word' id='word_1_967' title='bbox 1940 5415 2120 5468; x_wconf 85' lang='grc' dir='ltr'><strong>ἐλάλει</strong></span> <span class='ocrx_word' id='word_1_968' title='bbox 2155 5414 2427 5479; x_wconf 81' lang='grc' dir='ltr'><strong>γλώσσαις</strong></span> <span class='ocrx_word' id='word_1_969' title='bbox 2457 5413 2551 5464; x_wconf 57' lang='grc' dir='ltr'><strong>καὶ⁵</strong></span> <span class='ocrx_word' id='word_1_970' title='bbox 2578 5411 2857 5480; x_wconf 83' lang='grc' dir='ltr'><strong>διαφόροις</strong></span> <span class='ocrx_word' id='word_1_971' title='bbox 2886 5409 2993 5461; x_wconf 82' lang='grc' dir='ltr'><strong>ἀπὸ</strong></span> <span class='ocrx_word' id='word_1_972' title='bbox 3025 5408 3123 5477; x_wconf 82' lang='grc' dir='ltr'><strong>τῆς</strong></span> <span class='ocrx_word' id='word_1_973' title='bbox 3153 5407 3408 5476; x_wconf 79' lang='grc' dir='ltr'><strong>χάριτος’</strong></span> <span class='ocrx_word' id='word_1_974' title='bbox 3437 5407 3536 5459; x_wconf 70' lang='grc' dir='ltr'><strong>καὶ</strong></span> 
     </span>
    </p>
   </div>
   <div class='ocr_carea' id='block_1_122' title="bbox 1937 5499 3538 5577">
    <p class='ocr_par' dir='ltr' id='par_1_122' title="bbox 1937 5499 3538 5577">
     <span class='ocr_line' id='line_1_122' title="bbox 1937 5499 3538 5577; baseline -0.004 -17"><span class='ocrx_word' id='word_1_975' title='bbox 1937 5501 2005 5577; x_wconf 78' lang='grc' dir='ltr'><strong>ἦν</strong></span> <span class='ocrx_word' id='word_1_976' title='bbox 2035 5508 2161 5560; x_wconf 89' lang='grc' dir='ltr'><strong>ἰδεῖν</strong></span> <span class='ocrx_word' id='word_1_977' title='bbox 2190 5506 2477 5577; x_wconf 77' lang='grc' dir='ltr'><strong>ἄνθρωπον</strong></span> <span class='ocrx_word' id='word_1_978' title='bbox 2505 5506 2600 5557; x_wconf 64' lang='lat' dir='ltr'><strong>Eva</strong></span> <span class='ocrx_word' id='word_1_979' title='bbox 2632 5503 2731 5574; x_wconf 79' lang='grc' dir='ltr'><strong>μὲν</strong></span> <span class='ocrx_word' id='word_1_980' title='bbox 2776 5503 2854 5572; x_wconf 82' lang='grc' dir='ltr'><strong>τῷ</strong></span> <span class='ocrx_word' id='word_1_981' title='bbox 2890 5500 3131 5573; x_wconf 80' lang='grc' dir='ltr'><strong>ἀριθμῷ,</strong></span> <span class='ocrx_word' id='word_1_982' title='bbox 3187 5500 3433 5552; x_wconf 86' lang='grc' dir='ltr'><strong>ποικίλον</strong></span> <span class='ocrx_word' id='word_1_983' title='bbox 3477 5499 3538 5553; x_wconf 68' lang='grc' dir='ltr'><strong>δὲ</strong></span> 
     </span>
    </p>
   </div>
   <div class='ocr_carea' id='block_1_123' title="bbox 2006 5634 3534 5714">
    <p class='ocr_par' dir='ltr' id='par_1_123' title="bbox 2006 5634 3534 5714">
     <span class='ocr_line' id='line_1_123' title="bbox 2006 5634 3534 5714; baseline -0.007 -26"><span class='ocrx_word' id='word_1_984' title='bbox 2006 5640 2336 5714; x_wconf 41' lang='lat' dir='ltr'><strong>{ngellalur</strong></span> <span class='ocrx_word' id='word_1_985' title='bbox 2477 5639 2731 5714; x_wconf 43' lang='grc' dir='ltr'><strong>χάρισμα,</strong></span> <span class='ocrx_word' id='word_1_986' title='bbox 2756 5638 2810 5684; x_wconf 85' lang='grc' dir='ltr'><strong>τὸ</strong></span> <span class='ocrx_word' id='word_1_987' title='bbox 2843 5637 3035 5714; x_wconf 50' lang='grc' dir='ltr'><strong>νοητόν;</strong></span> <span class='ocrx_word' id='word_1_988' title='bbox 3075 5634 3370 5714; x_wconf 46' lang='grc' dir='ltr'><strong>Αὸμὶᾀίῑηιιὲ</strong></span> <span class='ocrx_word' id='word_1_989' title='bbox 3387 5634 3534 5714; x_wconf 44' lang='lat' dir='ltr'><strong>Q22,</strong></span> 
     </span>
    </p>
   </div>
   <div class='ocr_carea' id='block_1_124' title="bbox 1943 5693 3520 5813">
    <p class='ocr_par' dir='ltr' id='par_1_124' title="bbox 1943 5693 3520 5813">
     <span class='ocr_line' id='line_1_124' title="bbox 1943 5693 3520 5813; baseline -0.006 -66"><span class='ocrx_word' id='word_1_990' title='bbox 1943 5693 2310 5813; x_wconf 42' lang='lat' dir='ltr'><strong>postntlavnlihus</strong></span> <span class='ocrx_word' id='word_1_991' title='bbox 2334 5693 2508 5763; x_wconf 50' lang='lat' dir='ltr'><strong>sensu:</strong></span> <span class='ocrx_word' id='word_1_992' title='bbox 2541 5693 2770 5749; x_wconf 36' lang='lat' dir='ltr'><strong>Saﬁilﬁin</strong></span> <span class='ocrx_word' id='word_1_993' title='bbox 2794 5713 2972 5761; x_wconf 57' lang='lat' dir='ltr'><strong>marg,</strong></span> <span class='ocrx_word' id='word_1_994' title='bbox 2998 5697 3164 5746; x_wconf 71' lang='lat' dir='ltr'><strong>Venet</strong></span> <span class='ocrx_word' id='word_1_995' title='bbox 3206 5699 3255 5746; x_wconf 83' lang='lat' dir='ltr'><strong>in</strong></span> <span class='ocrx_word' id='word_1_996' title='bbox 3286 5693 3520 5745; x_wconf 57' lang='lat' dir='ltr'><strong>limanda-</strong></span> 
     </span>
     <span class='ocr_line' id='line_1_125' title="bbox 1943 5764 2330 5812; baseline 0.003 -1"><span class='ocrx_word' id='word_1_997' title='bbox 1943 5764 2061 5812; x_wconf 80' lang='lat' dir='ltr'><strong>lioni</strong></span> <span class='ocrx_word' id='word_1_998' title='bbox 2103 5777 2174 5812; x_wconf 88' lang='lat' dir='ltr'><strong>us.</strong></span> <span class='ocrx_word' id='word_1_999' title='bbox 2218 5764 2330 5812; x_wconf 77' lang='grc' dir='ltr'><strong>ἶοιτ.</strong></span> 
     </span>
    </p>
   </div>
   <div class='ocr_carea' id='block_1_125' title="bbox 1942 5764 2330 5812">
    <p class='ocr_par' dir='ltr' id='par_1_125' title="bbox 1942 5764 2330 5812">
     <span class='ocr_line' id='line_1_126' title="bbox 1942 5764 2330 5812; baseline 0.003 -1"><span class='ocrx_word' id='word_1_1000' title='bbox 1942 5764 2174 5812; x_wconf 79' lang='lat' dir='ltr'><strong>tionibus.</strong></span> <span class='ocrx_word' id='word_1_1001' title='bbox 2198 5764 2330 5812; x_wconf 73' lang='lat' dir='ltr'><strong>Eon.</strong></span> 
     </span>
    </p>
   </div>
   <div class='ocr_carea' id='block_1_126' title="bbox 3104 5845 3146 5908">
    <p class='ocr_par' dir='ltr' id='par_1_126' title="bbox 3104 5845 3146 5908">
     <span class='ocr_line' id='line_1_127' title="bbox 3104 5845 3146 5908; baseline 0 0"><span class='ocrx_word' id='word_1_1002' title='bbox 3104 5845 3146 5908; x_wconf 79' lang='grc' dir='ltr'><strong>ϐ</strong></span> 
     </span>
    </p>
   </div>
  </div>
