4058 6418
536 352 607 406 ⁸⁵
1047 420 1053 425 .
1260 359 1316 415 s.
1351 356 1640 414 1035'le
1671 350 2164 411 cumsosmm
2206 345 2524 403 ARCHIEP.
2575 335 3121 400 coxsnmmor.
3748 328 3819 385 οι

532 468 651 529 τοῖς
707 465 1035 536 χαρίσμασι,
1074 464 1168 519 καὶ
1197 463 1432 534 διάφορα
1466 462 1716 533 στόματα
1759 459 1971 529 ἔχοντα,
2025 454 2122 507 καὶ

534 558 830 629 διαφόρους
866 554 1141 624 γλώσσας.
1182 553 1412 624 Ἰδωμεν
1443 548 1538 607 οὖν
1581 552 1700 614 πῶς
1730 552 1759 603 ὁ
1801 545 2126 608 Ἀπόστολος

537 649 636 702 καὶ
653 648 811 701 τοῦτο
830 642 945 716 εἶχε
972 645 1035 699 τὺ
1062 646 1334 717 χάρισμα,
1368 644 1465 697 καὶ
1486 643 1555 697 τά
1590 643 1725 697 ἀλλα
1753 640 1950 694 πάντα.
1988 636 2126 708 Περὶ

539 743 641 813 μὲν
676 737 866 792 τούτου
913 736 1057 791 οὑτω
1111 736 1260 805 λέγει
1293 752 1305 766 ⁸
1365 736 1619 790 Πάντων
1662 732 1830 803 ὑμῶν
1881 730 2128 801 μᾶλλον·

534 831 847 903 γλώσσαις
870 827 1060 884 λαλῶ.
1101 825 1261 893 Εἶδες
1288 828 1406 894 πῶς
1432 829 1545 900 ἔχει
1576 828 1644 881 τὰ
1664 826 1797 895 γένη
1814 824 1925 877 τῶν
1951 824 2128 890 γλωσ-

535 922 669 985 σῶν,
709 923 805 975 καὶ
852 922 955 976 οὐκ
1007 922 1119 991 ἔχει
1158 920 1319 991 μόνον
1344 959 1359 984 ,
1413 919 1549 974 ἀλλά
1577 919 1672 971 καὶ
1706 916 1845 987 μετά
1880 914 2127 986 πλείονος

536 1014 849 1086 ὑπερϐολῆς
966 1015 1016 1067 οί
1040 1014 1219 1067 λοιποὶ
1237 1013 1438 1075 πάντες
1471 1010 1682 1075 πιστοί;
1717 1010 1793 1063 UO
1815 1008 1926 1077 7&9
1946 1003 2124 1068 εἶπεν,

534 1107 620 1160 ὅτι
654 1105 934 1167 Γλώσσαις
965 1104 1075 1175 ἔχω
1116 1103 1303 1158 λαλεῖν
1343 1104 1524 1175 μόνον,
1553 1100 1690 1155 ἀλλά
1725 1099 1843 1162 καὶ,
1875 1096 2127 1153 Πάντων

535 1197 707 1267 ὑμῶν
726 1194 972 1265 μᾶλλον
997 1195 1311 1264 γλώσσαις
1331 1193 1520 1249 λαλῶ.
1553 1195 1666 1264 Τὴν
1686 1193 1743 1247 δὲ
1764 1189 2124 1263 προφητείαν,

543 1291 607 1359 ῆν
644 1284 780 1357 εἶχε,
813 1287 881 1341 δι’
915 1286 1143 1365 ἐκείνων
1182 1286 1426 1339 δείκνυσι
1462 1284 1573 1337 τῶν
1622 1283 1920 1354 ῥημάτων,
1980 1279 2125 1333 οὕτω

537 1381 734 1449 λέγων·
775 1379 849 1434 Τὸ
888 1378 955 1433 δὲ
980 1380 1226 1449 Πνεῦμα
1259 1378 1683 1448 ῥητῶςλέγει,
1723 1374 1813 1430 ὅτι
1850 1377 1921 1430 ἐν
1946 1375 2127 1431 ὐστέ⁴

534 1491 669 1543 ροις
693 1473 923 1542 καιροῖς
942 1474 1351 1539 ἐνστήσονται
1382 1470 1577 1541 καιροί
1608 1470 1899 1539 χαλεποί·
1944 1470 2028 1521 ὄτι
2066 1467 2124 1519 δὲ

500 1604 507 1609 .
536 1565 609 1620 τά
642 1569 701 1619 ὲν
732 1565 980 1636 ὑπέροις
1009 1567 1223 1637 καιροῖς
1249 1564 1451 1631 λέγειν,
1476 1561 1784 1634 προφητεία
1802 1562 1940 1623 ἐστὶ,
1961 1560 2125 1613 παντί

539 1675 646 1712 που
670 1658 849 1729 δῆλον.
884 1658 994 1711 Kal
1026 1656 1210 1721 πάλιν,
1246 1654 1427 1709 Τοῦτο
1466 1654 1535 1707 δὲ
1570 1652 1913 1721 γινώσκετε,
1938 1651 2029 1703 ὅτι
2058 1650 2127 1703 ἐν

538 1748 825 1819 ἐσχάτοις
854 1751 1083 1816 καιροῖς
1114 1747 1519 1813 ἐνστήσονται
1572 1743 1765 1809 καιροὶ
1823 1741 2084 1811 χαλεποί
2108 1757 2123 1771 ·

540 1842 637 1894 καὶ
667 1840 855 1901 πάλιν,
883 1839 1047 1907 Λέγω
1070 1840 1139 1892 δὲ
1183 1838 1326 1908 ὑμῖν
1370 1837 1441 1890 ἐν
1466 1837 1629 1905 λόγῳ
1659 1835 1905 1903 Κυρίου,
1937 1834 2027 1887 ὅτι
2058 1834 2130 1887 ὲν

540 1933 845 2000 παρουσίᾳ
868 1929 1057 1984 αὐτοῦ
1094 1929 1267 1998 ἡμεῖς
1296 1930 1351 1982 οἱ
1391 1928 1603 1994 ζῶντες
1633 1930 1689 1980 οί
1717 1926 2130 1993 περιλειπόμε-

540 2042 654 2089 νοι,
713 2025 785 2078 οὗ
834 2023 921 2092 μὴ
971 2022 1299 2090 φθάσωμεν
1345 2020 1489 2085 τοὺς
1545 2018 1959 2087 κοιμηθέντας.
2017 2018 2129 2070 Kal

538 2115 701 2169 τοῦτο
746 2115 803 2167 δὲ
868 2112 1175 2185 προφητεία
1214 2111 1383 2166 ἐστίν.
1436 2106 1593 2171 Εἶδες
1633 2109 1749 2172 πῶς
1778 2109 1910 2179 γένη
1952 2106 2131 2175 γλωσ-

542 2209 652 2259 σῶν
670 2206 765 2259 καὶ
786 2205 1124 2276 προφητείας
1149 2203 1261 2274 ἔχει
1288 2220 1303 2265 ;
1335 2201 1522 2255 Βούλει
1552 2201 1747 2270 μαθεῖν
1771 2198 1890 2262 πῶς
1906 2199 2018 2267 ἔχει
2037 2199 2130 2251 καὶ

540 2296 860 2366 χαρίσματα
885 2293 1157 2364 ίαμάτων;
1206 2291 1369 2344 Ἀλλά
1390 2292 1528 2361 τάχα
1557 2290 1719 2344 τοῦτο
1742 2289 1865 2343 οὐδὲ
1894 2290 1991 2359 τῆς
2020 2287 2129 2341 ἀπὸ

540 2388 653 2441 τῶν
686 2386 861 2453 λόγων
900 2383 1227 2447 ἀποδείξεως
1252 2384 1445 2442 δεῖται,
1479 2385 1608 2436 ὅταν
1640 2382 1841 2450 ἴδωμεν
1869 2382 1931 2433 ού
1968 2380 2129 2449 μόνον

541 2477 669 2537 τοὺς
701 2474 1055 2536 ἀποστόλους,
1092 2474 1227 2526 ἀλλά
1247 2475 1340 2527 καὶ
1368 2474 1436 2526 τὰ
1461 2474 1653 2544 ἰμάτια
1688 2472 1865 2524 αὐτῶν
1893 2470 2005 2541 177]
2033 2488 2132 2540 χα-

546 2567 790 2635 ρίσματα
825 2564 1071 2634 ἰαμάτων
1101 2564 1314 2633 έχοντα.
1350 2564 1471 2616 Ὀτι
1513 2564 1570 2616 δὲ
1599 2565 1691 2616 καὶ
1722 2562 2041 2625 διδάσκαλος
2063 2557 2133 2632 ἦν

542 2657 656 2709 τῶν
682 2656 876 2717 ἐθνῶν,
902 2654 1175 2725 πολλαχοῦ
1209 2654 1370 2707 τοῦτο
1409 2652 1580 2722 λέγει,
1610 2654 1704 2705 καὶ
1720 2653 1804 2705 ὅτι
1827 2652 1929 2721 τῆς
1949 2653 2133 2704 οἰκου-

549 2747 721 2817 μένης
766 2745 1210 2816 ἀντελαμϐάνετο
1249 2746 1451 2817 πάσης,
1502 2746 1598 2799 καὶ
1652 2744 1978 2815 διεκυϐέρνα
2033 2744 2133 2807 τὰς

558 2837 909 2907 Ἑκκλησίας.
930 2839 1098 2890 Ὅταν
1126 2832 1219 2889 οὖν
1236 2835 1498 2908 ἀκούσῃς,
1529 2836 1746 2906 πρῶτον
1773 2836 2128 2900 ἀποστόλους,

545 2927 799 3000 δεύτερον
828 2930 1335 3000 προφήτας,τρίτον
1352 2928 1617 2997 ποιμένας
1638 2926 1731 2980 καὶ
1751 2926 2129 2991 διδασκάλους,

546 3018 865 3091 χαρίσματα
900 3020 1166 3089 ἰαμάτων,
1198 3018 1534 3090 ἀντιλήψεις,
1566 3017 1952 3088 κυϐερνήσεις,
1998 3016 2129 3086 γένη

545 3106 829 3178 γλωσσῶν,
874 3110 1013 3179 μάθε
1036 3110 1119 3163 ὅτι
1155 3111 1304 3163 πᾶσα
1332 3112 1365 3179 ἡ
1394 3111 1629 3180 χορηγία
1662 3108 1770 3161 τῶν
1790 3108 1995 3161 λοιπῶν
2030 3125 2132 3178 χα-

550 3202 855 3272 ρισμάτων,
886 3200 1077 3269 ῶσπερ
1099 3201 1155 3253 ἐν
1187 3201 1417 3271 κεφαλῇ,
1455 3203 1519 3271 τῇ
1547 3200 1819 3269 ἀποστολῇ
1850 3198 2133 3252 ἑναπὸκει-

546 3311 659 3346 ται.
691 3288 760 3345 *Α
771 3295 820 3363 ρ’
843 3294 902 3345 ού
932 3293 1086 3360 ψιλὸν
1116 3291 1397 3362 ἐνομίζετε
1418 3291 1656 3361 τοῦνομα
1686 3291 1794 3344 τῶν
1818 3289 2132 3343 ἀποστόλων

548 3385 658 3455 πρὸ
688 3385 915 3448 τούτου;
958 3384 1087 3437 Ἰδοὺ
1116 3384 1210 3437 νῦν
1233 3384 1434 3451 ἔγνωτε
1470 3384 1635 3435 πόσον
1668 3382 1830 3452 βάθος
1872 3380 1983 3450 ἔχει
2011 3380 2134 3450 νοή-

550 3488 721 3543 ματος
752 3472 815 3524 τὸ
843 3472 1034 3542 όνομα.
1074 3472 1261 3525 Ταῦτα
1288 3472 1345 3524 δὲ
1400 3473 1727 3543 εἰρήκαμεν,
1775 3470 1875 3522 ούκ
1923 3468 2133 3531 οἰκείας

545 3564 831 3633 δυνάμεως
864 3563 1123 3629 ἐπίδειξιν
1149 3564 1464 3635 ποιούμενοι
1492 3581 1506 3594 ⁸
1531 3565 1591 3616 ού
1634 3563 1747 3633 7&9
1784 3562 2033 3632 ἡμέτερα
2064 3561 2134 3612 τὰ

546 3653 855 3722 λεγόμενα,
913 3655 1049 3708 ἀλλά
1097 3657 1195 3725 τῆς
1245 3655 1338 3708 τοῦ
1387 3654 1707 3723 [ἶνεύματος
1760 3656 1983 3723 χάριτος
2023 3652 2131 3705 τῶν

550 3745 938 3818 ῥᾳθυμοτέρων
970 3747 1067 3816 τὴν
1088 3746 1327 3817 νωθρίαν
1357 3745 1764 3817 διεγειρούσης,
1790 3744 1931 3797 ὥστε
1964 3745 2131 3813 μηδὲν

545 3840 912 3911 παρατρέχειν
943 3839 1150 3902 ἁπλῶς.

616 3930 856 3994 Εἰκότως
914 3931 1022 4003 ἄρα
1051 3930 1318 3985 ὑπατείαν
1366 3928 1745 4000 πνευματικὴν
1784 3928 2130 3998 ἐκαλέσαμεν

548 4021 645 4091 τὴν
679 4022 1005 4091 ἀποστολήν.
1041 4023 1335 4092 Ἄρχοντες
1364 4021 1473 4091 γάρ
1523 4021 1661 4073 εἰσιν
1696 4020 1801 4073 ὑπὸ
1829 4019 1965 4072 Θεοῦ
2016 4037 2128 4089 χει-

547 4112 930 4184 ροτονηθέντες
961 4115 1009 4165 οἰ
1047 4114 1369 4166 ἀπόστολοι·
1403 4114 1684 4182 ἄρχοντες,
1740 4114 1839 4163 οὑκ
1873 4110 2000 4178 ἔθνη
2036 4112 2130 4162 καὶ

544 4205 732 4268 πόλεις
785 4204 1079 4275 διαφόρους
1133 4203 1526 4275 λαμϐάνοντες,
1565 4203 1699 4256 ἀλλά
1733 4204 1935 4263 πάντες
1976 4204 2129 4271 κοινῇ

544 4298 645 4365 τὴν
688 4297 1016 4372 οἰκουμένην
1056 4296 1533 4365 ὲμπιστευθέντες.
1578 4296 1685 4348 Kal
1744 4296 1827 4348 ὅτι
1871 4294 2132 4365 ἄρχοντές

546 4389 656 4440 τίσι
685 4386 1070 4457 πνευματικοὶ,
1108 4387 1203 4439 καὶ
1245 4388 1403 4440 τοῦτο
1448 4387 1734 4451 ἀποδεῖξαι
1772 4387 2128 4457 πειράσομαι,

548 4472 638 4525 ῐνα
669 4471 808 4541 μετά
832 4472 929 4541 τὴν
949 4471 1221 4536 ἀπόδειξιν
1247 4471 1481 4541 μάθητε,
1508 4472 1589 4524 ὅτι
1620 4470 1858 4541 τοσούτῳ
1888 4470 2130 4539 βελτίους

546 4563 685 4615 εἰσὶν
724 4565 774 4615 οἰ
797 4562 1085 4616 ἀπόστολοι
1106 4562 1215 4613 τῶν
1237 4562 1515 4633 ἀρχόντων
1537 4562 1644 4614 τῶν
1676 4562 1970 4631 βιωτικῶν,
2013 4562 2131 4631 ὅσῳ

548 4652 704 4707 αὑτοὶ
752 4654 801 4706 οί
839 4652 1081 4723 βιωτικοὶ
1114 4652 1377 4723 ἄρχοντες
1410 4652 1518 4706 τῶν
1563 4652 1771 4705 παίδων
1832 4651 1940 4705 τῶν
2002 4669 2132 4704 παι-

548 4749 751 4814 ζόντων
781 4745 1038 4816 ἀμείνους
1056 4744 1181 4796 εἰσί.
1217 4744 1361 4797 Πολὺ
1392 4742 1499 4817 γάρ
1528 4742 1730 4814 μείζων
1756 4742 1893 4813 αὕτη
1920 4743 2131 4813 ἐκείνης

548 4843 583 4911 ἡ
620 4840 786 4911 ἀρχὴ,
818 4837 915 4891 καὶ
952 4835 1155 4907 μᾶλλον
1182 4837 1282 4907 τὴν
1308 4836 1587 4907 ἡμετέραν
1613 4835 1826 4905 συνέχει
1849 4830 2016 4903 ζωὴν,
2034 4834 2132 4885 καὶ

546 4932 753 5001 ταύτης
782 4929 1043 4999 ἀρθείσης
1074 4928 1253 4981 πάντα
1301 4927 1509 4996 οἴχεται
1566 4927 1660 4981 καὶ
1689 4920 2021 4981 διαλέλύται.
2067 4925 2132 4979 Τί

549 5024 668 5077 ποτ’
702 5019 795 5078 οὖν
831 5024 980 5075 ἐστιν
1012 5021 1185 5093 ἀρχῆς
1217 5020 1508 5091 σύμϐολον,
1541 5020 1635 5074 καὶ
1681 5021 1804 5074 τίνα
1856 5019 2003 5089 ἔχειν
2040 5020 2133 5073 τὸν

552 5114 786 5184 ἄρχοντα
809 5115 941 5185 χρή;
975 5110 1363 5182 Δεσμωτηρίου
1395 5110 1667 5175 ἐξουσίαν,
1702 5109 1842 5163 ὥστε
1882 5111 2006 5173 τοὺς
2033 5110 2132 5180 μὲν

551 5204 731 5276 δῆσαι,
788 5191 915 5268 τους
960 5204 1018 5256 δὲ
1051 5202 1233 5267 λῦσαι,
1282 5202 1410 5262 τοὺς
1444 5200 1543 5271 μὲν
1568 5200 1875 5264 ἐκϐάλλειν,
1911 5200 2039 5263 τοὺς
2074 5201 2132 5254 δὲ

551 5295 841 5367 ιμϐάλλειν
873 5293 1063 5366 κύριός
1104 5294 1285 5346 ἔστιν·
1333 5294 1554 5360 ἀφεῖναι
1613 5290 1776 5343 πάλιν
1827 5292 2131 5361 χρημάτων

550 5382 857 5454 ὀφλήματα,
889 5384 981 5435 καὶ
1014 5382 1140 5444 τοὺς
1166 5380 1266 5452 μὲν
1300 5379 1569 5434 ἀπολῦσαι
1593 5380 1752 5443 ϐντας
1775 5380 2129 5449 ὑπευθύνους,

549 5477 678 5539 τοὺς
705 5475 760 5527 δὲ
800 5474 1051 5528 κελεῦσαι
1082 5473 1373 5527 ἀποδοῦναι
1412 5472 1601 5544 κύριός
1634 5472 1780 5525 ἐστιν
1802 5488 1814 5501 ’
1855 5474 1934 5535 εἰς
1963 5473 2129 5526 θάνα-

548 5584 642 5623 τον
680 5566 840 5620 πάλιν
875 5568 1202 5635 ἀπαγαγεῖν,
1238 5566 1332 5619 καὶ
1358 5565 1466 5617 ἀπὸ
1494 5562 1587 5617 τοῦ
1620 5563 1853 5618 θανάτου
1879 5564 2125 5618 καλέσαι·

554 5658 755 5731 μᾶλλον
783 5659 840 5712 δὲ
863 5656 1020 5711 τοῦτο
1048 5660 1307 5729 ἄρχοντος
1335 5657 1434 5729 μὲν
1464 5657 1565 5709 οὐκ
1597 5656 1736 5719 ἔστι,
1770 5655 2034 5726 βασιλέως
2071 5657 2126 5709 δὲ

554 5749 743 5813 μόνον·
782 5750 983 5820 μᾶλλον
1028 5749 1083 5803 δὲ
1122 5749 1243 5801 οὑδὲ
1295 5749 1561 5818 βασιλέως
1600 5748 1893 5819 ὁλόκληρόν
1920 5750 2033 5801 ἐστι
2064 5747 2125 5800 τὸ

2229 452 2425 522 δῶρον.
2469 453 2545 504 Οὐ
2567 450 2681 518 γὰρ
2705 451 2812 502 ἀπὸ
2840 448 3073 501 θανάτου
3103 444 3260 499 καλεῖ
3286 442 3378 497 τὸν
3406 443 3666 506 ἀπιόντα,
3698 442 3821 496 ἀλλ’

2228 543 2290 608 ἐξ
2318 542 2625 613 ἀπαγωγῆς
2648 541 2832 606 μόνον,
2858 540 2953 592 καὶ
2970 537 3246 605 ἀπόφασιν
3270 535 3368 602 μὲν
3383 534 3545 589 λῦσαι
3567 534 3822 593 δύναται,

2230 635 2340 690 ἀπὸ
2370 634 2604 689 θανάτου
2644 634 2701 686 δὲ
2734 627 3175 685 ἀνακαλέσασθαι
3228 630 3288 681 ού
3324 627 3590 681 δύναται·
3629 626 3728 680 καὶ
3758 624 3825 677 τὺ

2233 725 2332 795 μὲν
2378 727 2559 795 χεῖρον
2599 736 2627 764 ι
2679 722 2813 792 ἔχει,
2847 720 2942 773 τοῦ
2992 719 3264 789 βελτίονος
3310 719 3369 771 δὲ
3415 716 3817 779 ἀπεστέρηται.

2241 815 2375 868 Ἀπὸ
2401 814 2501 885 τῆς
2540 812 2719 883 ζώνης
2750 812 2806 865 δὲ
2832 810 2993 866 πάλιν
3018 809 3387 880 δοκιμάζομεν
3419 808 3512 861 τὸν
3554 809 3823 878 ἀρχοντα,

2229 905 2338 959 ἀπὸ
2369 906 2467 976 τῆς
2509 906 2606 958 τοῦ
2644 906 2890 975 κήρυκος
2925 903 3131 973 φωνῆς,
3178 901 3286 954 ἀπὸ
3317 899 3426 953 τῶν
3467 898 3819 970 ῥαϐδούχων,

2228 997 2338 1051 ἀπο
2381 997 2477 1051 τοῦ
2520 998 2801 1068 ὀχήματος
2833 996 2884 1061 δ,
2932 993 3041 1047 ἀπὸ
3083 991 3177 1046 τοῦ
3227 992 3451 1061 ξίφους·
3491 989 3671 1045 ταῦτα
3708 991 3824 1060 7&9

2229 1090 2409 1144 πάντα
2436 1088 2616 1159 ἀρχῆς
2649 1087 2917 1157 σύμϐολα.
2959 1087 3191 1155 Ἵδωμεν
3239 1084 3419 1137 τοίνυν
3450 1083 3545 1136 καὶ
3574 1083 3676 1156 τὴν
3708 1082 3825 1135 τῶν

2230 1180 2545 1233 ἀποστόλων
2590 1178 2791 1249 ἀρχὴν,
2824 1179 2872 1231 εἰ
2918 1176 3092 1230 ταῦτα
3125 1176 3237 1246 ἔχει
3268 1175 3337 1227 τά
3385 1174 3633 1243 σύμϐολα
3654 1189 3667 1202 ·
3704 1172 3825 1242 ἔχει

2233 1271 2354 1341 μὲν,
2397 1271 2457 1325 οὑ
2487 1270 2719 1323 τοιαῦτα
2744 1268 2821 1334 δὲ,
2856 1268 2996 1321 ἀλλά
3040 1265 3221 1335 πολλῷ
3268 1265 3536 1335 βελτίονα,
3573 1265 3688 1318 Καὶ
3734 1264 3827 1316 ἴνα

2232 1363 2409 1434 μάθῃς
2439 1363 2517 1415 ὅτι
2545 1361 2720 1415 ταῦτα
2753 1361 2853 1430 μὲν
2883 1359 3125 1429 ὀνόματα
3156 1358 3521 1430 πραγμάτων,
3556 1356 3745 1409 ἐκεῖνα
3763 1354 3825 1406 δὲ

2230 1453 2457 1524 ἀλήθεια
2486 1452 2867 1523 πραγμάτων·
2908 1451 2995 1503 ίνα
3041 1449 3218 1520 μάθῃς
3249 1448 3307 1500 τὸ
3345 1448 3507 1517 μέσον
3534 1446 3644 1500 τῶν
3691 1463 3813 1498 παι-

2228 1527 2355 1597 δίων
2397 1544 2505 1597 τῶν
2553 1542 2863 1607 παιζόντων
2909 1541 3113 1613 ἀρχάς,
3169 1539 3263 1592 καὶ
3304 1538 3417 1591 τῶν
3466 1538 3655 1607 ἀρχῶν
3710 1537 3825 1589 τῶν

2229 1635 2464 1705 ἐχόντων
2480 1635 2578 1697 τὰς
2607 1634 2784 1704 ἀρχάς
2806 1650 2819 1663 ·
2838 1632 2950 1694 καὶ,
2975 1635 3023 1684 εἰ
3058 1630 3339 1701 βούλεσθε,
3366 1625 3473 1683 ἀπὸ
3489 1630 3582 1682 τοῦ
3609 1631 3827 1699 δεσμω-

2227 1724 2419 1796 τηρίου
2448 1724 2663 1795 πρῶτον
2694 1723 3095 1794 ἀριθμήσομεν.
3126 1721 3236 1774 Kal
3262 1721 3371 1790 γὰρ
3394 1722 3724 1792 εἰρήκαμεν,
3743 1722 3829 1772 ὅτι

2230 1814 2421 1885 κύριος
2455 1812 2550 1867 τοῦ
2581 1813 2742 1883 δῆσαι
2773 1815 2867 1866 καὶ
2904 1811 3063 1866 λῦσαί
3093 1813 3241 1864 ἐστιν
3273 1813 3301 1863 ό
3337 1810 3544 1881 ἄρχων.
3578 1810 3723 1879 Ὅρα
3760 1808 3829 1877 δὴ

2231 1901 2434 1972 ταύτην
2471 1902 2572 1972 τὴν
2610 1901 2789 1972 ἀρχὴν
2832 1903 2959 1961 τοὺς
3006 1900 3341 1962 ἀποστόλους
3401 1899 3649 1968 ἔχοντας.
3708 1894 3829 1967 [78}

2172 2012 2175 2015 ν
2232 1993 2462 2056 Ὅσους
2485 1994 2595 2062 γὰρ
2614 1992 2691 2045 ἂν
2706 1992 2936 2059 δήσητε
2953 1992 3051 2045 ἐπὶ
3074 1990 3184 2059 τῆς
3204 1990 3339 2060 γῆς,
3368 1992 3552 2060 φησὶν,
3573 1991 3830 2043 ἔσονται

2232 2082 2535 2150 δεδεμένοι
2566 2082 2636 2135 ἐν
2664 2081 2789 2148 τοῖς
2817 2082 3119 2150 οὐρανοῖς·
3149 2082 3247 2134 καὶ
3266 2081 3453 2147 ὅσους
3486 2082 3564 2134 ἂν
3586 2084 3828 2147 ,λύσητε

2228 2174 2327 2226 ἐπὶ
2362 2172 2469 2240 τῆς
2496 2172 2613 2241 τῆς
2631 2173 2879 2227 ἔσονται
2904 2172 3228 2241 λελυμένοι
3259 2174 3327 2225 ὲν
3345 2172 3643 2239 οὐρανοῖς.
3663 2168 3827 2233 Εἶδες

2230 2263 2633 2336 δεσμωτηρίου,
2669 2264 2764 2317 καὶ
2788 2264 3167 2335 δεσμωτηρίου
3198 2264 3449 2330 ἐξουσίαν
3471 2280 3484 2293 ·
3512 2265 3607 2316 καὶ
3632 2261 3697 2314 τὸ
3729 2262 3832 2332 μὲν

2232 2352 2402 2424 ὄνομα
2426 2355 2489 2407 τὸ
2508 2353 2660 2415 αὑτὸ,
2690 2354 2751 2407 τὸ
2780 2355 3091 2426 δὲπρᾶγμα
3120 2354 3181 2407 οὐ
3216 2354 3276 2407 τὸ
3313 2354 3463 2407 αὑτό.
3503 2354 3829 2424 Δεσμάριαί¹

2230 2442 2427 2514 δεσμά·
2448 2444 2585 2498 ἀλλά
2612 2446 2680 2497 τά
2708 2445 2807 2515 μὲν
2830 2446 2922 2498 ἐπὶ
2947 2446 3045 2516 τῆς
3063 2436 3267 2516 γῆς,τά
3295 2445 3351 2497 δὲ
3384 2446 3442 2498 ὲν
3468 2443 3707 2514 οὐρανῷ.
3726 2443 3831 2495 Oi.—

2238 2537 2399 2607 ρανὺς
2430 2536 2539 2606 γάρ
2567 2537 2714 2588 ἐστιν
2743 2536 2928 2599 αὑτοῖς
2948 2537 3009 2588 τὸ
3030 2536 3429 2606 δεσμωτήριον.
3452 2534 3609 2589 Μάθε
3642 2537 3834 2589 τοίνυν

2233 2626 2293 2678 τὸ
2312 2626 2540 2695 μέγεθος
2554 2624 2655 2694 τῆς
2674 2626 2871 2697 ἀρχῆς.
2900 2626 3023 2677 Ἐπί
3036 2625 3134 2695 τῆς
3152 2626 3255 2695 γῆς
3276 2624 3575 2695 καθήμενοι
3596 2626 3830 2697 φέρουσι

2234 2716 2332 2786 τὴν
2354 2716 2559 2786 ψῆφον,
2596 2716 2691 2769 καὶ
2720 2718 2817 2787 τῆς
2854 2716 3037 2786 ψήφου
3071 2718 3104 2787 ή
3128 2716 3360 2788 δύναμις
3389 2718 3664 2771 διαϐαίνει
3700 2720 3832 2782 τοὺς

2234 2806 2514 2877 οὐρανούς.
2545 2808 2655 2861 Kal
2688 2808 2941 2879 καθάπερ
2958 2812 3007 2861 οἰ
3036 2810 3135 2879 μὲν
3168 2808 3407 2879 βασιλεῖς
3437 2809 3748 2880 καθήμενοι
3772 2813 3830 2863 ὲν

2237 2898 2337 2967 μιᾷ
2359 2897 2510 2951 πόλει
2533 2897 2860 2968 ψηφίξονται
2883 2899 2976 2951 καὶ
2998 2898 3453 2969 νομοθετοῦσιν,ή
3486 2899 3545 2952 δὲ
3572 2900 3685 2952 τῶν
3716 2900 3830 2970 ψη-

2236 2989 2526 3058 φισμάτων
2580 2990 2674 3042 καὶ
2708 2988 2815 3042 τῶν
2849 2991 3032 3064 νόμων
3079 2990 3309 3062 δύναμις
3334 2992 3516 3043 πᾶσαν
3542 2989 3830 3057 διατρέχει

2235 3080 2334 3150 τὴν
2368 3080 2690 3151 οἰκουμένην
2712 3098 2724 3109 ·
2755 3082 2898 3135 οὓτω
2937 3082 3032 3135 καὶ
3062 3083 3204 3146 τότε,
3239 3084 3289 3135 οἰ
3314 3082 3416 3152 μὲν
3449 3082 3746 3135 ἀπόστολοι
3770 3083 3829 3134 ἐν

2237 3172 2319 3225 ἐνὶ
2363 3172 2512 3243 τόπῳ
2554 3173 2855 3245 καθήμενοι
2897 3173 3071 3226 ταῦτα
3119 3173 3503 3244 ἐνομοθέτουν·
3552 3176 3585 3243 ή
3629 3174 3687 3227 δὲ
3719 3175 3829 3227 τῶν

2236 3263 2415 3333 νόμων
2460 3263 2718 3334 δύναμις,
2768 3264 2999 3317 καὶτῶν
3039 3263 3259 3333 δεσμῶν
3296 3264 3528 3328 τούτων,
3562 3264 3685 3334 οὐχὶ
3728 3264 3830 3336 τὴν

2235 3356 2564 3426 οἰκουμένην
2611 3358 2772 3426 μόνον
2808 3357 3105 3427 διέτρεχεν,
3153 3356 3291 3410 ἀλλά
3334 3357 3430 3410 καὶ
3471 3360 3551 3419 εἰς
3594 3359 3730 3411 αὐτὸ
3767 3357 3831 3411 τὸ

2236 3445 2369 3515 ὕψος
2396 3447 2504 3500 τῶν
2524 3448 2769 3519 οὐρανῶν
2790 3448 3096 3505 ἀνέϐαινεν.
3129 3445 3281 3509 Είδες
3296 3448 3695 3519 δεσμωτήριον,
3729 3450 3826 3503 καὶ

2233 3540 2638 3610 δεσμωτήριον·
2677 3540 2743 3592 τὸ
2776 3539 2873 3610 μὲν
2914 3540 3008 3591 ἐπὶ
3042 3540 3166 3611 γῆς,
3207 3538 3268 3591 τὸ
3311 3539 3369 3591 δὲ
3414 3541 3471 3591 ὲν
3495 3540 3736 3611 οὐρανῷ,
3768 3540 3829 3593 τὸ

2239 3632 2336 3701 μὲν
2367 3632 2655 3701 σωμάτων,
2702 3632 2763 3684 τὸ
2816 3632 2873 3684 δὲ
2922 3629 3141 3701 ψυχῶν·
3189 3630 3390 3701 μᾶλλον
3426 3629 3482 3681 δὲ
3512 3631 3606 3683 καὶ
3631 3630 3827 3701 ψυχῶν

2236 3724 2329 3775 καὶ
2354 3724 2623 3793 σωμάτων
2645 3740 2658 3753 ·
2697 3723 2757 3775 οὐ
2788 3723 2899 3794 γάρ
2937 3722 3169 3794 σώματα
3190 3722 3457 3793 ὲδέσμουν
3488 3722 3829 3794 μόνον,ωά

2234 3812 2326 3864 καὶ
2361 3810 2559 3880 ψυχάς.

2304 3908 2365 3955 ε’.
2400 3902 2590 3955 Βούλει
2626 3902 2820 3973 μαθεῖν
2854 3904 2969 3966 πῶς
3000 3901 3178 3975 κύριοι
3206 3898 3348 3973 ἦσαν
3388 3904 3483 3956 καὶ
3527 3904 3827 3977 ὀφλήματα

2235 3993 2482 4061 ἀφεῖναι;
2503 3994 2611 4047 Kal
2626 3993 2735 4065 7&9
2763 3995 2857 4047 καὶ
2885 3995 3119 4047 ἐνταῦθα
3152 3996 3285 4048 πολὺ
3307 3994 3367 4047 τὸ
3396 3994 3654 4065 διάφορον
3675 3997 3821 4065 ϐψει·

2236 4083 2295 4135 ού
2326 4082 2436 4153 7&9
2466 4083 2753 4152 ὀφλήματα
2782 4085 3105 4153 χρημάτων,
3146 4083 3261 4137 ἀλλ’
3289 4083 3584 4156 ὀφλήματα
3638 4089 3822 4159 ἀμαρ-

2233 4173 2493 4242 τημάτων
2516 4172 2747 4239 ἀφίεσαν
2772 4190 2784 4202 ·
2802 4169 2914 4227 Ὧν
2930 4173 3059 4243 γὰρ.
3083 4174 3267 4243 φησὶν,
3294 4174 3487 4243 ἀφῆτε
3510 4175 3620 4240 τὰς
3637 4178 3825 4245 ἀμαρ-

2234 4266 2387 4329 τίας,
2409 4264 2708 4333 ἀφέωνται
2731 4264 2954 4330 αὐτοῖς·
2980 4265 3079 4318 καί
3094 4259 3181 4317 ὧν
3198 4264 3276 4317 ἂν
3308 4265 3587 4334 κρατῆτε,
3608 4268 3825 4337 κεκρὰ-

2233 4371 2462 4421 τητται.
2503 4355 2569 4407 Τί
2622 4355 2759 4425 μετὰ
2805 4355 2965 4408 τοῦτο
2997 4356 3279 4420 ἀποδεῖξαι
3311 4356 3441 4428 χρὴ.
3476 4358 3561 4410 ὅτι
3608 4360 3707 4412 καὶ
3744 4361 3826 4422 εἰς

2237 4448 2465 4501 θάνατον
2502 4446 2769 4517 ἔπεμπον,
2804 4449 2897 4501 καὶ
2930 4449 3039 4501 ἀπὸ
3081 4447 3321 4529 θανάτου
3350 4449 3515 4503 πάλιν
3566 4451 3822 4513 ἐκάλουν,

2236 4539 2335 4591 οὐκ
2360 4538 2418 4604 ἐξ
2437 4538 2765 4605 ἀποφάσεως
2795 4539 2985 4609 μόνης,
3020 4538 3114 4590 καὶ
3140 4540 3466 4609 ἀπαγωγῆς,
3485 4540 3624 4593 ἀλλά
3645 4542 3739 4594 καὶ
3761 4544 3827 4595 ὲκ

2238 4628 2469 4682 θανάτου
2482 4630 2606 4691 τοὺς
2626 4629 2909 4699 κειμένους
2927 4630 3026 4701 ήδη
3045 4630 3140 4683 καὶ
3151 4629 3549 4702 διαφθαρέντας
3561 4634 3825 4687 ἀνιστῶν-

2236 4738 2365 4785 τες;
2391 4720 2501 4773 Ποῦ
2528 4722 2709 4773 τοίνυν
2740 4721 3139 4787 κατεδίκασαν;
3174 4721 3277 4774 ποῦ
3307 4721 3362 4774 δὲ
3380 4722 3704 4793 ἀπήλλαξαν
3731 4726 3826 4778 θαι

2238 4810 2434 4877 νάτου;
2463 4811 2521 4862 ὐ
2551 4811 2799 4874 Ἀνανίας
2830 4814 2923 4865 καὶ
2950 4813 3287 4884 ήΣάπφειρα
3325 4813 3633 4884 ἱεροσυλίας
3655 4814 3838 4869 ἑάλω--

2239 4918 2339 4955 σαν
2360 4920 2373 4933 ο
2416 4902 2466 4953 εἰ
2504 4901 2615 4972 γὰρ
2646 4901 2741 4954 καὶ
2762 4903 2831 4956 τὰ
2860 4902 3071 4956 ἑαυτῶν
3105 4902 3342 4973 ἔκλεψαν
3382 4905 3667 4976 χρήματα,
3707 4906 3824 4959 ἀλλ’

2236 4997 2386 5065 ὅμως
2439 4994 2746 5063 ἰεροσυλίας
2797 4996 2859 5047 τὸ
2910 4995 3169 5065 τόλμημα
3218 4992 3328 5068 ἦν·
3371 4994 3511 5066 μετά
3556 4994 3669 5068 7&9
3724 5002 3825 5069 τὴν

2238 5083 2537 5152 ὑπόσχεσιν
2568 5084 2669 5135 οὐκ
2714 5082 2793 5136 ἔτι
2825 5078 2893 5155 ἦν
2929 5084 3113 5137 αὐτῶν
3144 5085 3215 5138 τά
3250 5086 3533 5158 χρήματα.
3576 5086 3643 5139 Τί
3673 5083 3769 5142 οὖν
3795 5092 3822 5142 ό

2250 5171 2606 5236 Ἀπόστολος;
2642 5172 2908 5225 ’Δκουσον
2945 5173 3084 5237 πῶς,
3120 5174 3371 5245 καθάπερ
3395 5177 3452 5227 ὲν
3484 5176 3826 5248 δικαστηρίῳ

2236 5262 2567 5333 καθήμενος,
2602 5264 2696 5317 τὸν
2731 5264 3011 5335 ἱερόσυλον
3041 5265 3278 5334 εἰσάγει,
3314 5265 3408 5319 καί
3435 5265 3633 5319 πεῦσιν
3662 5284 3823 5337 προσ-

2234 5356 2361 5422 άγει
2393 5354 2647 5427 καθάπερ
2668 5355 2953 5428 δικαστὴς,
2982 5356 3077 5411 καὶ
3100 5358 3223 5410 τότε
3254 5356 3354 5427 τὴν
3377 5356 3658 5426 ἀπόφασιν
3711 5359 3813 5410 έπ-

2300 5506 2323 5534 ⁸
2350 5504 2484 5555 Colb.
2519 5503 2661 5553 λῖισαι
2682 5504 2891 5554 δύναται·
2915 5504 3018 5553 ἀλλ’
3043 5504 3290 5566 ἐμϐάλλειν
3431 5503 3496 5559 εἰς
3518 5503 3718 5551 θάνατον

2233 5583 2389 5639 ναται,
2416 5566 2511 5614 ἀπὸ
2530 5568 2728 5616 θανάτου
2753 5570 2807 5616 δὲ
2827 5565 3211 5616 ἀνακαλέσασθαι
3235 5566 3290 5613 οὐ
3314 5565 3522 5613 δύναται·
3549 5566 3633 5612 καὶ
3658 5566 3715 5612 τὸ
3739 5565 3820 5627 μὲν

2232 5645 2483 5759 χὲξῗοίἰ).
2510 5688 2711 5759 ἀπο-τοῦ
2732 5691 2989 5759 ὀχήματος,
3010 5703 3044 5759 ﬂ
3065 5701 3369 5759 ςυῖτανΠΠεΒ
3391 5690 3542 5739 ιθθυο
3563 5699 3816 5752 89mm-

2235 5756 2290 5800 ul
2309 5764 2370 5799 ex
2394 5750 2718 5811 sequentibus
2736 5750 2974 5814 a‘fguitur.
3008 5750 3138 5801 Editi
3164 5752 3421 5805 σγῆιιατος.
