4058 6392
215 346 292 402 35
404 278 412 285 Ι
723 341 812 396 DE
854 337 1109 397 UTlLlT.
1151 334 1512 393 LECTIONIS
1552 332 2116 390 SCRIPTURARUM.
2150 332 2217 388 IN
2248 332 2936 407 PRINCleACTORUM.
2980 335 3069 390 111.
3471 343 3538 399 Μ

216 467 448 513 numero
475 452 691 523 quidem
738 468 926 518 unum,
957 452 1165 505 varium
1216 459 1394 502 autem
1441 448 1619 511 donis,
1653 461 1715 500 ac
1737 447 1820 500 di-

221 563 379 604 versa
431 548 794 618 possidentem
839 560 956 608 ora,
996 545 1313 612 linguasque
1338 541 1600 595 diversas.
1630 538 1827 592 Videa-

217 657 346 696 mus
383 641 561 706 itaque
590 653 698 708 quo
727 645 883 708 pacto
912 636 1202 706 Apostolus
1231 634 1334 687 hoc
1371 646 1586 703 quoque
1623 631 1825 685 donmn

219 731 469 792 haberet,
492 737 548 783 et
575 728 677 782 alia
719 727 918 781 omnia.
954 727 1028 780 De
1060 725 1161 779 hoc
1192 723 1408 793 quidem
1439 722 1511 776 ita
1551 721 1824 790 loquitur:

221 819 577 891 Πιερὶς-σκαιοί
598 833 686 871 vos
711 833 884 872 omnes
911 817 1102 887 linguis
1125 816 1306 883 loquor
1331 813 1408 882 (1.
1437 810 1558 867 Cor.
1590 813 1678 864 lt.
1715 811 1825 878 18).

223 910 391 964 Vides
411 918 469 962 ut
494 922 692 975 genera
723 907 1024 976 linguarum
1051 905 1265 968 habeat,
1287 917 1386 957 nec
1409 902 1582 956 solum
1614 899 1827 963 habeat,

221 1000 321 1054 sed
351 999 538 1066 majori
571 1013 693 1052 cum
721 997 969 1052 ubertate
989 1010 1149 1065 quam
1181 994 1364 1049 caeteri
1386 1005 1579 1047 omnes
1609 991 1831 1045 lidelcs?

222 1090 343 1147 Non
387 1091 530 1144 enim
582 1088 725 1143 dixit
767 1087 949 1153 modo,
995 1086 1216 1156 Linguis
1265 1085 1414 1155 loqui
1467 1097 1705 1153 possum,
1738 1081 1833 1137 sed

226 1181 403 1253 Magis
448 1196 600 1250 quam
647 1194 822 1232 omnes
870 1193 958 1232 vos
1007 1178 1196 1248 linguis
1245 1175 1445 1244 loquor.
1487 1174 1833 1243 PrOphetiam

224 1285 408 1328 autem
437 1290 540 1344 qua
589 1272 847 1342 praeditus
877 1279 1014 1335 erat,
1047 1271 1150 1323 illis
1177 1269 1361 1324 verbis
1393 1267 1682 1332 indicabat,
1712 1281 1834 1320 cum

223 1365 439 1420 diceret
467 1383 480 1417 :
514 1364 740 1431 Spiritus
765 1371 932 1416 autent
963 1363 1230 1429 manifeste
1257 1360 1401 1423 dicit,
1432 1359 1566 1427 quod
1587 1358 1641 1410 in
1664 1357 1834 1410 novis-

226 1456 370 1509 simis
397 1454 705 1522 temporibus
726 1453 983 1507 instabunt
1012 1462 1238 1521 tempora
1270 1450 1555 1520 periculosa
1589 1449 1666 1520 (2.
1698 1447 1834 1502 Tim.

228 1548 284 1602 5.
317 1549 366 1602 1.
398 1547 518 1600 coll.
558 1550 604 1600 l.
652 1545 784 1598 Tim.
818 1547 869 1600 4.
910 1547 999 1614 l):
1037 1560 1197 1613 porro
1225 1559 1344 1612 qua}
1373 1543 1678 1595 novissimis
1706 1551 1840 1595 tem-

229 1639 453 1708 poribus
473 1638 721 1692 evenient
751 1638 954 1699 dicere,
981 1637 1318 1706 prophetiam
1345 1650 1467 1689 esse
1500 1649 1660 1687 nemo
1689 1635 1841 1704 igno-

224 1737 335 1782 rat.
371 1729 437 1782 Et
463 1743 672 1794 rursus,
709 1727 820 1780 Hoc
849 1728 1042 1791 scitote,
1075 1726 1213 1795 quod
1251 1725 1303 1776 in
1335 1723 1620 1776 novissimis
1643 1734 1839 1792 tempo-

225 1821 372 1872 ribus
403 1819 660 1872 instabunt
690 1829 918 1888 tempora
941 1817 1225 1886 periculosa
1270 1815 1346 1886 (2.
1389 1813 1522 1866 Tim.
1563 1814 1614 1866 '5.
1647 1815 1672 1867 1
1706 1813 1754 1884 );
1788 1823 1843 1868 et

232 1924 441 1971 rursus,
486 1907 615 1962 Dico
657 1907 789 1960 enim
818 1906 956 1960 vobis
985 1911 1038 1959 in
1068 1903 1215 1959 verbo
1265 1903 1491 1966 Domini,
1525 1903 1761 1970 quoniam
1789 1903 1844 1955 iu

226 2000 452 2054 adventu
496 2002 609 2068 ejus
638 2015 730 2052 nos
758 1998 846 2066 qui
888 1997 1122 2061 vivimus,
1164 1995 1250 2064 qui
1296 1994 1487 2048 residui
1517 2010 1708 2059 sumus,
1743 2010 1844 2046 non

237 2091 604 2156 prteveniemus
650 2105 754 2153 eos,
784 2089 869 2158 qui
916 2088 1230 2141 dormierunt
1279 2085 1353 2154 (l.
1391 2083 1570 2138 Thess.
1621 2085 1676 2139 4.
1731 2083 1842 2155 ll).

231 2182 350 2236 Hoc
401 2195 615 2250 quoque
675 2178 957 2249 prephetia
1001 2185 1104 2231 est.
1154 2176 1314 2230 Vides
1368 2176 1514 2228 illum
1563 2185 1618 2229 et
1646 2191 1844 2245 genera

231 2271 539 2341 linguarum
563 2279 616 2324 et
646 2269 958 2338 prophetias
986 2266 1272 2322 habuisse?
1295 2264 1389 2319 Vis
1419 2267 1580 2319 etiam
1609 2265 1843 2330 discere,

231 2378 345 2432 quo
370 2372 524 2430 pacto
549 2361 750 2431 gratias
775 2361 1112 2414 curationum
1142 2357 1429 2413 habuerit?
1469 2357 1574 2412 Sed
1606 2356 1708 2412 hoc
1732 2357 1846 2411 for-

233 2464 379 2506 tasse
408 2453 692 2507 verborum
719 2452 1180 2506 demonstratione
1203 2466 1310 2505 non
1339 2450 1560 2519 indiget,
1581 2465 1703 2504 cum
1740 2466 1844 2504 non

123 2565 140 2574 ο
232 2543 526 2612 Apostolos
555 2551 781 2606 tantum,
811 2542 908 2596 sed
941 2542 1179 2611 ipsorum
1221 2542 1382 2595 etiam
1429 2549 1609 2596 vestes
1659 2542 1845 2611 gratiis

234 2632 580 2685 Curationum
625 2631 882 2700 praeditas
908 2630 1071 2685 fuisse
1096 2629 1394 2685 videamus.
1437 2631 1720 2686 Doctorem
1746 2649 1846 2686 au-

229 2731 344 2775 tem
376 2723 618 2790 gentium
650 2737 710 2776 se
739 2721 905 2778 fuisse
950 2723 1136 2777 multis
1165 2724 1219 2777 in
1259 2722 1394 2777 locis
1423 2731 1671 2791 testatur,
1699 2740 1762 2779 ac
1789 2739 1848 2780 se

234 2811 336 2864 toti
370 2821 634 2888 terrarum
674 2811 791 2866 orbi
844 2812 1182 2879 subvenisse,
1233 2821 1288 2866 et
1336 2813 1604 2867 Ecclesias
1649 2815 1846 2883 guber-

230 2917 416 2956 nasse.
460 2902 594 2957 Cum
619 2903 779 2972 igitur
798 2905 1051 2970 audieris,
1072 2907 1303 2975 primum
1325 2907 1631 2974 ApOstolos,
1648 2907 1848 2964 deinde

238 2994 561 3064 Prophetas,
596 2996 755 3050 tertio
779 2996 1030 3051 Pastores
1056 3012 1119 3052 ac
1150 2997 1430 3062 Doctores,
1462 2999 1664 3067 gratias
1693 3013 1849 3053 cura-

231 3089 464 3152 tionum,
497 3088 902 3156 opitulationes,
942 3089 1386 3158 gubernationes,
1415 3104 1610 3159 genera
1643 3091 1850 3161 lingua-

234 3194 396 3245 rum,
436 3179 584 3234 disce
639 3181 968 3250 reliquarum
1023 3181 1318 3250 gratiarum
1369 3182 1583 3251 copiam
1634 3198 1849 3239 omnem

237 3282 512 3341 tamquam
559 3271 610 3326 in
655 3274 832 3341 capite
862 3273 914 3326 in
946 3272 1265 3341 Apostolatu
1293 3273 1547 3327 residere.
1579 3273 1850 3345 Numquid

237 3364 440 3417 nudum
464 3379 586 3418 esse
622 3379 820 3418 nomen
877 3364 1257 3434 Apostolorum
1302 3374 1461 3420 antea
1504 3369 1849 3423 censebatis?

237 3454 408 3519 Ecce,
452 3465 651 3524 quanta
707 3454 1046 3525 profunditas
1086 3470 1340 3509 sensuum
1393 3455 1496 3510 hoc
1536 3472 1601 3511 ex
1632 3461 1850 3516 nomine

231 3547 632 3615 comprehensa
662 3547 907 3601 novistis.
934 3546 1059 3601 Haec
1085 3556 1266 3601 autem
1296 3562 1324 3599 a
1356 3547 1508 3602 nobis
1534 3549 1675 3603 dicta
1700 3560 1844 3615 sunt,

238 3653 347 3691 non
377 3646 435 3691 ut
463 3646 704 3692 nostram
738 3638 989 3692 virtutem
1015 3646 1455 3692 ostentaremus:
1490 3653 1666 3709 neque
1705 3642 1846 3694 enim

235 3737 422 3781 nostra
472 3735 600 3783 sunt
636 3743 756 3797 qua:
794 3727 1066 3792 dicuntur,
1097 3729 1192 3782 sed
1235 3727 1424 3797 gratiae
1471 3729 1707 3797 Spiritus
1729 3747 1849 3800 qua:

237 3821 683 3890 negligentiorusn
744 3822 1025 3890 segnitiem
1074 3821 1294 3886 excitat,
1351 3829 1407 3874 ut
1457 3822 1587 3874 nihil
1647 3832 1850 3878 temere

237 3913 638 3981 prmtcrmittat.

316 4001 650 4071 Apostolatus
687 4001 996 4056 Consulatus
1038 4001 1343 4072 spiritualis.
1369 4030 1440 4041 —
1464 4002 1650 4058 Merito
1691 4005 1851 4075 igitur

232 4092 571 4162 spiritualem
615 4093 963 4148 Consulatum
1011 4092 1408 4162 appellavimus
1448 4094 1845 4164 Apostolatum.

234 4187 377 4241 Sunt
400 4187 543 4241 enim
569 4201 598 4239 a
624 4187 737 4240 Deo
763 4186 1024 4255 designati
1053 4187 1397 4256 magistratus
1425 4187 1698 4254 Aposmli;
1732 4207 1848 4243 ma-

232 4279 526 4347 gistratus,
555 4278 750 4346 quibus
776 4294 881 4330 non
912 4286 1098 4346 gentes
1125 4277 1390 4347 urbesque
1417 4278 1576 4331 variae
1612 4279 1850 4334 tribuun-

239 4379 360 4435 tur,
387 4369 480 4423 scd
515 4384 741 4438 quorum
768 4369 1006 4423 omnium
1039 4368 1162 4422 ﬁdei
1188 4369 1348 4422 simul
1376 4377 1516 4422 totus
1562 4369 1706 4424 orbis
1737 4383 1848 4426 ter-

236 4477 417 4515 rarum
448 4461 819 4515 committitur.
850 4461 1019 4516 Porro
1059 4461 1402 4529 magistratus
1433 4461 1554 4515 illos
1581 4478 1700 4515 esse
1741 4467 1850 4533 spi.

239 4552 459 4605 rituales
498 4552 870 4606 demonstrare
912 4552 1173 4617 conabor,
1209 4562 1265 4605 ut
1294 4567 1357 4605 ex
1394 4550 1850 4611 demonstratione

238 4643 553 4713 intelligatis
597 4653 744 4697 tanto
776 4644 1029 4698 meliores
1059 4643 1408 4697 εςνουιτιιιίιιυε
1451 4645 1851 4714 magistratibus

234 4751 360 4790 esse
397 4735 688 4803 Apostolus
719 4776 734 4799 ,
781 4744 982 4805 quanto
1023 4734 1128 4804 ipsi
1173 4734 1516 4802 magistratus
1565 4738 1851 4793 saeculares

237 4827 543 4884 ludentibus
575 4828 753 4896 pueris
778 4829 1128 4893 antecellunt.
1156 4827 1320 4881 Multo
1345 4828 1543 4896 quippe
1573 4832 1854 4898 magistra-

235 4936 322 4997 tus
345 4926 448 4980 iste
473 4927 816 4994 praestantior
844 4935 928 4981 est
955 4927 1046 4980 ino
1067 4968 1080 4990 ,
1111 4927 1388 4996 magisque
1416 4928 1576 4980 vitam
1611 4935 1848 4981 nostram

235 5019 482 5073 continet
507 5059 522 5083 ,
566 5033 736 5088 eoque
764 5020 975 5073 sublato
998 5021 1180 5073 omnia
1211 5019 1624 5088 pessumdantur
1654 5032 1707 5074 et
1755 5037 1849 5089 pe-

235 5121 417 5166 reunt.
464 5109 746 5175 Quodnam
791 5111 951 5179 igitur
990 5118 1076 5164 est
1125 5111 1468 5180 magistratus
1501 5111 1710 5179 insigne
1739 5154 1754 5177 ,
1799 5123 1854 5166 et

234 5215 486 5273 quamam
518 5210 687 5267 sunt,
732 5186 852 5271 qua:
901 5201 1100 5257 habere.
1150 5203 1313 5257 debet
1340 5203 1426 5256 hic
1463 5203 1850 5272 magistratus?

236 5298 568 5352 Pntestatem
601 5297 652 5349 in
684 5310 955 5350 carcerem
975 5337 988 5359 ,
1019 5297 1098 5351 sic
1126 5306 1184 5350 ut
1221 5297 1356 5352 alios
1397 5300 1600 5354 vincire
1629 5315 1852 5367 compe-

233 5390 394 5444 dibus
414 5429 430 5454 ,
463 5389 597 5442 alios
617 5389 858 5450 solvere,
884 5387 1018 5442 alios
1047 5387 1296 5452 educere,
1325 5391 1462 5445 alios
1486 5392 1655 5460 possit
1681 5393 1851 5459 conji-

231 5497 358 5537 cere
389 5499 403 5535 :
435 5496 622 5535 rursus
647 5481 991 5547 pecuniarum
1011 5482 1188 5536 debita
1213 5484 1508 5544 dimittere.
1538 5495 1697 5553 atque
1721 5485 1852 5539 alios

230 5589 323 5641 qui
355 5569 576 5626 obnoxii
605 5581 759 5626 erant
788 5572 1101 5635 absolvere,
1136 5573 1254 5627 aliis
1287 5586 1341 5628 ut
1371 5577 1655 5629 restituant
1687 5576 1854 5645 impe-

233 5678 377 5726 rare,
406 5677 470 5714 ex
521 5662 686 5729 ipsius
737 5663 933 5731 pendet
980 5665 1247 5719 arbitrio:
1278 5666 1342 5718 ad
1393 5678 1623 5721 mortem
1669 5683 1855 5721 rursus

231 5753 542 5820 abducere,
586 5761 745 5824 atque
774 5769 805 5808 a
835 5763 1009 5811 morte
1057 5771 1314 5813 revocare
1347 5775 1359 5812 :
1395 5758 1477 5815 vel
1526 5761 1704 5830 potius
1751 5761 1852 5816 hoc

1932 446 2277 516 magistratus
2310 462 2415 500 non
2442 455 2546 513 est,
2574 447 2668 501 sed
2696 447 3040 515 Imperatoris
3070 451 3237 506 solius
3268 470 3281 507 :
3318 454 3397 509 vel
3441 472 3538 524 po-

1934 537 2041 590 tius
2065 551 2134 591 ne
2161 535 2504 605 Imperatoris
2528 537 2742 608 quidem
2769 549 2850 593 est
2877 539 3139 609 integrum
3172 543 3391 598 donum.
3426 546 3536 601 Ne-

1931 641 2038 696 que
2057 626 2201 681 enim
2222 636 2486 682 revocata
2511 636 2686 682 morte
2703 628 3035 696 defunctum,
3051 632 3144 686 sed
3163 649 3285 687 eum
3312 645 3537 702 tantum,

1932 715 2022 786 qui
2049 716 2368 784 abducitur,
2409 732 2472 772 ac
2519 719 2843 772 sententiam
2871 719 3090 789 quidem
3130 733 3302 792 potest
3336 726 3542 781 rescin-

1933 807 2063 862 dere
2083 847 2100 871 ,
2127 807 2222 862 sed
2251 823 2355 863 non
2390 817 2564 877 potest
2589 824 2618 862 a
2649 819 2823 866 morte
2851 826 3105 867 revocare
3137 815 3152 844 ¹
3185 829 3201 878 ;
3232 823 3392 883 atque
3416 818 3542 872 illud

1938 898 2154 966 quidem
2202 898 2368 954 habet
2414 900 2557 969 quod
2584 901 2823 955 deterius
2852 911 2936 957 est
2961 945 2976 968 ,
3009 919 3075 958 co
3103 920 3232 958 vero
3258 908 3546 963 destitutus

1935 996 2059 1054 est,
2090 990 2233 1058 quod
2261 1000 2345 1044 est
2396 993 2756 1060 praestantius.
2803 993 3009 1049 Rursus
3061 998 3429 1066 magistratum
3481 1018 3546 1056 cx

1936 1081 2151 1152 cingulo
2169 1084 2520 1151 aestimamus,
2551 1102 2617 1140 ex
2647 1102 2778 1141 voce
2801 1090 3086 1156 pra-conis,
3113 1106 3178 1146 ex
3207 1094 3547 1159 satellitibus.

1939 1188 2004 1227 ex
2036 1191 2196 1228 curru
2224 1217 2238 1239 ,
2272 1192 2337 1230 ex
2383 1178 2562 1247 gladio
2591 1195 2605 1241 ;
2638 1178 2752 1233 hzcc
2800 1182 2944 1234 enim
2989 1184 3166 1236 omnia
3210 1187 3550 1254 magistratus

1940 1272 2066 1318 sunt
2114 1265 2362 1335 insignia.
2426 1268 2710 1323 Videamus
2765 1271 2925 1340 igitur
2981 1289 3106 1326 num
3167 1276 3548 1345 Apostolorum

1942 1355 2100 1409 etiam
2149 1359 2490 1428 magistratus
2535 1361 2652 1416 haec
2699 1361 2891 1416 habeat
2936 1363 3164 1435 insignia
3202 1385 3214 1414 :
3256 1368 3416 1422 habet
3466 1370 3556 1424 ille

1941 1447 2162 1516 quidem
2188 1490 2202 1512 ,
2239 1450 2331 1504 sed
2361 1467 2466 1505 non
2511 1453 2633 1507 talia
2660 1495 2675 1519 ,
2702 1470 2888 1509 verum
2944 1459 3114 1512 multo
3159 1462 3554 1530 praestantiora.

1944 1541 2119 1608 Atque
2138 1552 2194 1594 ut
2213 1541 2480 1612 intelligas
2494 1543 2610 1599 lucc
2625 1547 2839 1614 quidem
2860 1565 3040 1602 rerum
3069 1566 3190 1604 esse
3209 1553 3447 1614 nomina,
3472 1555 3556 1605 illa

1946 1644 2074 1682 vero
2109 1646 2286 1685 rerum
2311 1633 2591 1689 veritatem
2610 1653 2623 1687 :
2642 1644 2698 1689 ut
2726 1638 2866 1706 quod
2888 1623 3263 1696 sitdiscrimet'i
3293 1645 3561 1714 intelligas

1949 1720 2089 1775 inter
2113 1737 2308 1790 pueros
2339 1724 2427 1793 qui
2456 1727 2799 1795 magistratus
2831 1729 3021 1786 ludunt
3050 1743 3103 1787 et
3127 1750 3222 1788 eos
3251 1737 3342 1806 qui
3388 1740 3559 1808 magi-

1948 1821 2164 1878 stratus,
2210 1826 2440 1883 gerunt;
2469 1832 2533 1870 ac
2562 1818 2606 1871 si
2638 1820 2832 1887 placet,
2866 1837 2893 1874 a
2926 1838 3147 1879 carcere
3190 1827 3396 1881 initium
3429 1847 3561 1882 cnu-

1949 1906 2264 1960 merationis
2285 1908 2565 1964 ducemus.
2595 1910 2837 1966 Diximus
2863 1916 3007 1981 enim
3033 1917 3084 1970 in
3111 1927 3374 1985 potestate
3398 1922 3560 1975 situm

1949 2012 2068 2051 esse
2090 2002 2455 2069 magistratus,
2485 2012 2545 2056 ut
2574 2002 2769 2058 vinciat
2796 2014 2850 2058 et
2870 2008 3062 2062 solvat.
3091 2009 3223 2064 Vide
3250 2028 3435 2068 rursus
3460 2013 3563 2067 hoc

1952 2087 2233 2154 imperium
2277 2104 2401 2145 esse
2447 2107 2614 2160 penes
2657 2095 2968 2163 Apostolus.
3022 2098 3376 2172 Quoscumque
3428 2106 3564 2156 enim

1951 2179 2226 2247 ligaveritis
2246 2198 2399 2251 super
2425 2193 2632 2250 terram,
2664 2185 2856 2256 inquit,
2883 2201 3028 2242 erunt
3051 2192 3196 2261 ligati
3215 2194 3267 2245 in
3299 2196 3437 2250 ariis
3467 2213 3485 2249 :
3515 2208 3564 2251 et

1950 2285 2292 2340 quoscumque
2321 2272 2568 2328 so'lveritis
2590 2293 2745 2348 super
2769 2289 2976 2348 ten'am,
2995 2294 3142 2336 erunt
3167 2285 3321 2338 soluti
3351 2288 3402 2340 in
3426 2289 3566 2342 cwlis

1953 2362 1970 2429 (
2003 2362 2187 2417 Matth.
2223 2365 2310 2421 18.
2343 2367 2474 2438 l8).
2513 2369 2676 2425 Vides
2697 2375 2951 2439 carceris,
2985 2386 3039 2429 et
3063 2381 3298 2432 carceris
3326 2370 3577 2448 potesta:

1955 2465 2059 2508 tem
2096 2473 2108 2508 :
2140 2465 2193 2511 et
2243 2474 2438 2514 nomen
2487 2463 2704 2532 quidem
2734 2465 2915 2533 idem,
2950 2484 3061 2522 rem
3115 2479 3294 2523 autem
3345 2473 3568 2527 minime

1952 2545 2226 2602 eamdem.
2278 2549 2503 2606 Vincula
2547 2563 2603 2608 et
2634 2557 2841 2610 vincula
2869 2575 2884 2623 ;
2931 2559 3024 2613 sed
3053 2561 3156 2613 alia
3190 2561 3242 2614 in
3278 2572 3416 2616 terra
3447 2606 3461 2626 ,
3514 2566 3565 2618 in

1960 2639 2096 2692 ezelo
2140 2641 2264 2695 alia.
2295 2641 2500 2700 Czelum
2545 2648 2743 2718 quippe
2770 2665 2957 2704 carcer
2997 2652 3103 2705 illis
3144 2664 3248 2706 est.
3280 2656 3562 2725 Cognosce

1955 2728 2115 2800 igitur
2140 2735 2548 2803 amplitudinem
2594 2743 2959 2809 magistratus.
3011 2743 3066 2798 ln
3113 2748 3270 2802 terris
3319 2749 3569 2804 sedentes

1954 2825 2274 2879 sententiam
2300 2825 2516 2896 ferunt,
2546 2842 2600 2884 et
2626 2834 2690 2886 ad
2723 2834 2884 2888 czelns
2928 2850 3095 2905 usque
3124 2849 3371 2907 penetrat
3399 2843 3570 2895 virtus

1954 2915 2256 2970 sententiae.
2287 2916 2828 2989 thuemadmodum
2861 2926 3217 2996 Imperatores
3241 2933 3290 2985 in
3317 2950 3418 2987 una
3450 2937 3572 3004 qui-

1955 2999 2077 3054 dem
2108 3005 2328 3063 civitate
2380 3011 2679 3068 residentes
2707 3022 3028 3072 sententiam
3077 3022 3259 3076 ferunt
3283 3065 3297 3086 ,
3323 3040 3385 3079 ac
3426 2999 3573 3096 leges

1955 3096 2332 3162 sanciunt,ac
2376 3107 2768 3160 sententiarum
2818 3108 3104 3180 legumque
3149 3114 3228 3167 vis
3261 3118 3570 3173 universum

1955 3188 2143 3242 orbem
2193 3200 2455 3249 terrarum
2505 3207 2792 3266 permeat:
2835 3203 2914 3256 sic
2942 3205 3102 3258 etiam
3153 3215 3262 3260 tum
3315 3214 3572 3277 temporis

1955 3281 1997 3333 A
2007 3280 2199 3350 postoli
2217 3286 2430 3354 quidem
2452 3304 2561 3344 uno
2579 3291 2630 3344 in
2653 3290 2773 3346 loco
2787 3296 3082 3350 residentes
3096 3297 3211 3352 hmo
3227 3303 3570 3355 sancielnnt:

1957 3386 2119 3440 porro
2148 3374 2327 3447 legum
2355 3379 2523 3435 virtus
2552 3390 2607 3436 et
2631 3382 2967 3440 vinculorum
3001 3388 3226 3444 istorum
3257 3409 3363 3447 non
3391 3395 3568 3449 solum

1956 3466 2144 3521 orbem
2175 3478 2440 3528 terrarum
2474 3476 2801 3543 pervadebat
2822 3520 2835 3543 ,
2872 3480 2967 3534 sed
2996 3481 3062 3536 ad
3093 3484 3264 3552 ipsum
3312 3487 3569 3542 celerum

1956 3555 2226 3628 fastigium
2268 3564 2617 3621 ascendebat.
2660 3567 2823 3624 Vides
2852 3585 3126 3628 carcerem
3155 3585 3210 3629 et
3250 3592 3524 3633 carcerem
3553 3621 3570 3644 ,

1956 3650 2182 3706 alterum
2207 3655 2262 3709 in
2285 3657 2464 3724 terris,
2489 3661 2720 3715 alterum
2742 3663 2793 3716 in
2815 3665 2983 3731 cmlis;
3007 3667 3236 3722 alterum
3261 3685 3570 3741 corporum.

1956 3743 2184 3799 alterum
2212 3748 2516 3805 animarum
2545 3771 2560 3805 :
2592 3753 2702 3806 imo
2730 3770 2860 3809 vero
2886 3767 2940 3811 et
2966 3760 3269 3816 animarum
3298 3773 3353 3817 et
3379 3781 3574 3834 corpo-

1955 3847 2076 3887 rum
2109 3852 2121 3887 :
2151 3852 2326 3907 neque
2354 3840 2497 3895 enim
2524 3857 2752 3914 corpora
2785 3855 3013 3915 tantum,
3047 3851 3141 3906 sed
3170 3857 3332 3908 etiam
3359 3856 3572 3910 animus

1957 3926 2280 3982 vinciebant.

1973 4013 2213 4072 5.Debita
2246 4022 2565 4079 dimittebant
2596 4029 2849 4098 Apostoli.
2872 4062 2942 4074 —
2967 4033 3059 4088 Vis
3090 4035 3391 4108 intelligere
3411 4081 3427 4105 ,
3460 4056 3574 4109 quo

1958 4119 2113 4174 pacto
2142 4110 2192 4163 in
2225 4121 2489 4180 potestate
2522 4119 2740 4174 illorum
2776 4132 2921 4177 esset
2943 4133 2997 4178 et
3023 4125 3201 4180 debita
3250 4129 3566 4186 dimittere?

1955 4197 2230 4268 Siquidem
2264 4203 2350 4258 hic
2377 4223 2595 4277 quoque
2641 4212 2866 4266 multum
2909 4215 3238 4272 discriminis
3283 4218 3525 4277 oﬂ'endes
3559 4242 3573 4286 ;

1957 4307 2132 4362 neque
2153 4296 2296 4349 enim
2319 4303 2668 4366 pecuniarum
2690 4304 2890 4369 debita,
2914 4307 3006 4360 sed
3032 4321 3369 4376 peccatorum
3395 4314 3573 4368 debita

1958 4385 2329 4442 remittebant.
2369 4390 2598 4455 Quorum
2623 4396 2775 4459 enim,
2809 4395 2999 4467 inquit,
3030 4403 3323 4455 remiseritis
3346 4417 3571 4472 peccata,

1956 4480 2376 4546 remittuntur-eis,
2401 4493 2446 4537 et
2467 4503 2681 4553 quorum
2702 4490 3028 4554 retinueritis,
3049 4504 3240 4545 retenta
3259 4507 3376 4548 sunt
3396 4497 3572 4566 (Joan.

1956 4570 2046 4624 20.
2075 4572 2208 4642 23).
2255 4575 2393 4642 Quid
2427 4589 2542 4646 post
2574 4579 2688 4634 lucc
2732 4595 2867 4650 opus
2911 4593 2992 4636 est
3037 4586 3322 4639 ostendere
3368 4603 3462 4642 eos
3507 4591 3574 4643 ad

1960 4675 2188 4720 mortem
2223 4670 2586 4725 transmisisse
2607 4713 2620 4734 ,
2655 4687 2719 4725 ac
2749 4688 2938 4727 rursus
2966 4690 2995 4727 a
3027 4688 3201 4729 morte
3248 4693 3534 4736 revocasse
3557 4723 3575 4747 ,

1960 4770 2066 4808 non
2097 4767 2218 4823 post
2247 4765 2572 4814 sententiam
2616 4771 2824 4816 tantum
2861 4764 3022 4818 latam
3046 4808 3060 4831 ,
3091 4778 3143 4820 et
3169 4769 3279 4835 jam
3319 4771 3580 4825 abductos

1958 4847 2022 4900 ad
2053 4849 2374 4917 supplicium
2403 4851 2721 4919 libet-antes,
2754 4854 2848 4908 sed
2877 4856 3052 4925 reipsa
3081 4858 3362 4914 defunctos
3391 4872 3445 4915 et
3467 4863 3578 4932 jam

1957 4940 2254 4993 exstinctos
2281 4957 2308 4992 a
2350 4944 2576 4996 mortuis
2601 4944 2941 5000 excitantes?
2973 4947 3073 5002 Ubi
3102 4963 3231 5019 ergo
3251 4954 3584 5008 c0ndemna-

1959 5031 2124 5083 runt?
2150 5032 2236 5085 ubi
2265 5047 2292 5084 a
2325 5043 2499 5088 morte
2527 5034 2910 5091 vindicarunt?
2940 5041 3181 5094 Ananias
3225 5052 3280 5096 et
3308 5043 3570 5115 Sapphira

1963 5123 2231 5192 sacrilegii
2283 5127 2512 5179 convicti
2550 5127 2662 5195 jam
2710 5128 2920 5183 fuerant
2951 5149 2963 5185 :
2998 5135 3208 5187 tametsi
3255 5136 3401 5190 enim
3453 5153 3580 5191 snas

1961 5215 2214 5282 pecunias
2256 5216 2415 5271 furati
2445 5227 2635 5286 erant,
2681 5219 2780 5274 fuit
2807 5231 2985 5277 tamen
3017 5225 3224 5281 crimen
3264 5231 3530 5299 sacrilegii
3563 5248 3578 5283 :

1961 5308 2394 5378 quandoquidem
2442 5323 2563 5380 post
2591 5315 3006 5382 promissionem
3044 5318 3153 5387 jam
3202 5337 3308 5375 non
3336 5333 3490 5376 erant
3521 5325 3584 5375 ilo

1960 5399 2133 5454 lorum
2154 5402 2558 5471 pecuniaeQuid
2579 5405 3030 5476 igiturApnstotus
3047 5410 3070 5460 ?
3087 5412 3225 5465 Audi
3239 5429 3336 5480 qua
3354 5417 3582 5479 ratione,

1965 5501 2233 5561 tamquam
2259 5493 2311 5546 in
2330 5493 2534 5564 judicio
2556 5498 2866 5563 considcns,
2894 5501 3211 5569 sacrilegum
3234 5503 3576 5571 adjndieiem

1963 5583 2150 5649 sistat,
2186 5596 2240 5640 et
2267 5587 2742 5658 interrogationem
2777 5600 3046 5661 tamquam
3081 5595 3247 5662 judex
3280 5597 3572 5660 adhibeat,

2030 5710 2043 5739 ι
2083 5708 2248 5784 collo,
2294 5711 2579 5784 sententiam
2631 5720 2781 5775 potest
2830 5713 3140 5776 rescindere;
3187 5726 3338 5780 potest
3384 5722 3573 5784 φίὸιέινεη

1968 5770 2114 5821 morti
2138 5771 2351 5834 tradere,
2374 5788 2402 5822 ιι
2425 5781 2577 5824 "torte
2611 5770 2769 5826 autem
2797 5791 3022 5827 revocare
3041 5770 3135 5828 etuti
3166 5770 3335 5841 potest.
