4058 6392
498 355 572 413 05
1226 344 1285 402 ε.
1326 341 1607 401 JOANNIS
1644 340 2109 400 CHRYSOSTOMI

2218 340 2483 399 RCHIEP.
2524 343 3061 403 CONSTANTINOP.

492 482 558 522 ac
600 462 918 521 sententiam
947 457 1140 515 deinde
1179 456 1508 527 pronuntiet.
1550 456 1739 527 Neque
1779 456 1923 512 enim
1973 464 2098 509 ante

492 576 652 631 quam
693 548 1032 622 sciscitctur',
1065 554 1166 609 fert
1212 554 1532 609 sententiam
1564 570 1576 606 :
1606 564 1926 621 quamquam
1955 548 2099 604 enim

493 652 835 709 manifestum
866 658 984 703 erat
1009 647 1301 712 delictum,
1332 654 1511 700 tamen
1555 653 1613 698 ut
1650 642 1805 697 nobis
1846 642 1935 710 qui
1969 638 2101 694 foris

492 747 766 799 adstamus
809 738 1157 810 persuaderet
1182 738 1383 807 justam
1416 751 1445 787 a
1470 750 1530 790 se
1571 733 1699 788 ferri
1728 731 2052 787 sententiam
2079 772 2093 794 ,

491 844 774 906 propterea
806 831 1282 901 interrogationem
1324 827 1540 882 adhibet
1575 825 1658 881 his
1686 825 1868 880 verbis
1897 834 2054 879 utens
2083 840 2097 877 :

489 928 594 982 Cur
622 926 846 995 implevit
874 934 1080 979 satanas
1102 938 1191 975 cor
1234 932 1375 974 tuum
1398 959 1415 983 ,
1451 928 1509 973 ut
1552 917 1839 974 mentireris
1877 916 2101 985 Spiritui

490 1027 667 1072 sancto
692 1056 707 1081 ,
752 1026 799 1069 et
842 1012 1108 1084 frandarrs
1156 1011 1219 1063 de
1271 1010 1433 1079 pretio
1477 1008 1633 1078 agri?
1676 1005 1863 1061 Nonne
1889 1020 2100 1058 manens

490 1110 580 1162 tibi
610 1108 864 1171 manebat,
893 1114 940 1158 et
962 1102 1317 1156 venumdatam
1344 1101 1398 1153 in
1428 1108 1515 1153 tua
1535 1108 1644 1153 erat
1672 1095 1953 1166 potestate?
1977 1092 2098 1147 Non

487 1219 541 1256 es
572 1201 805 1254 memitus
836 1194 1155 1259 hominibus,
1196 1192 1286 1245 sed
1317 1190 1423 1244 Deo
1455 1190 1604 1261 (Act.
1647 1189 1700 1243 5.
1744 1189 1797 1241 5.
1825 1189 1859 1242 4
1882 1188 1921 1254 ).
1961 1182 2098 1251 Quid

492 1293 650 1363 igitur
679 1288 899 1342 audiens
938 1286 1029 1339 ille
1060 1297 1338 1338 sermones
1367 1281 1539 1335 istos?
1568 1278 1810 1343 Cecidit,
1841 1286 1894 1331 et
1923 1274 2102 1345 exspi-

496 1382 655 1437 ravit.
684 1379 848 1433 Vides
874 1387 923 1430 ut
949 1374 1182 1448 gladium
1205 1374 1367 1427 etiam
1387 1370 1627 1425 habeant
1650 1367 1932 1438 Apostoli?
1960 1365 2096 1418 Cum

488 1473 758 1525 dicentem
786 1466 1007 1521 Paulum
1037 1463 1325 1523 audiveris,
1363 1459 1429 1514 In
1460 1459 1694 1513 ontuibns
1720 1456 1948 1527 gladium
1973 1452 2099 1523 Spi-

493 1562 638 1624 ritus,
666 1558 800 1627 quod
826 1566 900 1610 est
929 1553 1131 1608 verbum
1154 1550 1250 1605 Dei
1279 1552 1296 1622 (
1325 1550 1513 1620 Epltes.
1538 1549 1593 1604 6.
1629 1550 1694 1603 17
1722 1548 1740 1617 )
1768 1587 1785 1612 ,
1814 1544 2098 1601 recordare

495 1651 777 1707 sententia:
808 1649 979 1715 istius,
1010 1644 1148 1715 quod
1205 1657 1464 1711 nusquam
1497 1639 1707 1709 gladius
1730 1639 1815 1691 "sit
1843 1678 1859 1702 ,
1893 1645 1946 1689 et
1980 1634 2098 1689 solo

494 1744 660 1796 verbo
688 1739 977 1806 sacrilegus
1009 1747 1293 1801 percussus
1334 1729 1611 1785 ceciderit.
1650 1726 1833 1781 Vidisti
1862 1724 2096 1795 gladium

491 1842 776 1889 exacutum
817 1843 881 1882 ac
902 1816 1209 1880 nudatum?
1240 1823 1516 1892 Nusquam
1545 1820 1785 1885 ferrum,
1835 1830 2097 1885 nusquam

492 1923 719 1990 capulus
740 1962 755 1983 ,
788 1933 1052 1988 nusquam
1099 1930 1288 1970 manus
1318 1932 1332 1967 τ
1364 1912 1459 1968 scd
1508 1913 1626 1966 loco
1654 1924 1846 1965 manus
1872 1909 2051 1978 lingua
2079 1947 2096 1972 ,

495 2014 657 2069 verba
685 2011 968 2083 proferens
1008 2012 1125 2063 loco
1151 2006 1346 2077 gladii,
1392 2003 1674 2059 confestim
1705 2003 1852 2056 illum
1882 1998 2095 2055 occidit.

493 2105 623 2160 Post
650 2104 792 2158 hunc
818 2101 1055 2156 introivit
1098 2114 1267 2159 uxor,
1296 2106 1352 2150 ct
1385 2095 1723 2149 occasionem
1761 2092 1834 2145 illi
1873 2104 2099 2145 excusa-

493 2198 654 2253 tionis
671 2238 685 2261 ,
716 2210 899 2249 ansam
924 2192 1092 2246 venite
1116 2190 1357 2259 prtcbcre
1382 2186 1549 2240 voluit
1573 2202 1585 2237 :
1612 2193 1893 2253 propterea
1916 2196 2099 2235 rursus

494 2284 912 2356 interrogat,Dic
928 2282 1071 2347 milii,
1089 2282 1131 2335 si
1142 2280 1269 2333 tami
1288 2294 1468 2349 agrum
1487 2274 1917 2343 renrlidistis(Act.
1941 2272 1995 2327 5.
2016 2273 2095 2341 8).

492 2379 731 2436 Tametsi
762 2394 865 2433 non
892 2376 1019 2430 tanti
1042 2372 1314 2427 venditum
1336 2368 1538 2426 sciebat
1568 2387 1581 2422 :
1616 2367 1709 2422 sed
1739 2373 1793 2419 ut
1815 2365 1979 2433 ipsam
2002 2378 2101 2433 per

496 2470 976 2538 interrogationem
1008 2464 1073 2517 ad
1102 2462 1471 2534 penitentiam
1505 2459 1774 2519 invitaret.
1808 2470 1871 2511 ac
1900 2456 2100 2527 peccati

491 2577 553 2618 se
585 2560 987 2620 condemnaret,
1010 2552 1159 2609 etilli
1184 2553 1394 2608 veniam
1418 2552 1734 2618 impertiret,
1767 2550 1962 2605 idcirco
1981 2564 2099 2603 eam

495 2652 793 2719 interrogat
824 2670 837 2703 :
870 2648 957 2700 illa
1004 2656 1181 2700 tamen
1230 2644 1283 2697 in
1326 2642 1651 2711 impudentia
1686 2643 2099 2710 perseverabat;

496 2750 783 2813 prOpterea
814 2739 865 2792 in
892 2736 1223 2792 consortium
1261 2731 1505 2803 supplicii
1538 2734 1710 2787 mariti
1743 2733 1907 2788 venit.
1944 2733 2103 2787 Vides

496 2833 735 2890 carceris
756 2827 1114 2901 potestatem?
1139 2825 1288 2880 vides
1317 2835 1372 2878 ut
1400 2823 1606 2892 possint
1634 2823 1700 2877 ad
1730 2834 1955 2878 mortem
1982 2823 2105 2877 mit-

499 2935 614 2981 tere
638 2924 665 2975 ?
693 2922 978 2975 Videamus
1006 2918 1056 2973 id
1086 2916 1226 2987 quo-J
1258 2916 1447 2969 melius
1472 2924 1576 2982 cSt,
1602 2929 1709 2984 quo
1737 2924 1891 2984 pacto
1919 2929 2107 2969 rursus

498 3030 528 3069 a
561 3020 737 3068 morte
764 3018 1033 3066 revocent.
1062 3006 1288 3062 Tabitha
1318 3004 1577 3074 discipula
1607 3013 1817 3058 mortua
1841 3013 1961 3073 est,
1987 3018 2108 3075 qua:

501 3104 685 3159 multis
710 3099 1067 3168 elcemosyuis
1090 3095 1320 3151 celebris
1345 3104 1482 3159 erat,
1511 3102 1566 3148 et
1588 3094 1655 3147 ad
1681 3092 1968 3163 Apostolos
1995 3104 2108 3147 sta-

501 3196 598 3251 tim
626 3193 881 3249 curritur.
909 3188 1165 3245 Sciebant
1193 3187 1336 3242 enim
1366 3187 1485 3241 illos
1508 3186 1696 3241 mortis
1720 3201 1785 3241 ac
1812 3186 1933 3241 vita:
1960 3195 2112 3254 pote-

502 3297 698 3343 atatem
728 3285 925 3339 habere
956 3302 969 3337 :
998 3282 1234 3335 sciebant
1259 3280 1531 3336 etelcstcm
1562 3278 1921 3348 principatum
1960 3279 2111 3333 dela-

506 3394 660 3449 psum
692 3379 745 3432 in
774 3388 963 3431 terras.
987 3372 1121 3440 Quid
1145 3388 1273 3443 ergo
1294 3372 1519 3428 Petrus?
1551 3372 1783 3439 Tabitha,
1801 3388 1951 3441 surge
1975 3372 2110 3439 (Act.

505 3473 565 3529 9.
590 3470 695 3541 40)
722 3510 737 3534 ,
765 3470 951 3540 inquit.
982 3466 1137 3522 Nullo
1165 3467 1272 3520 alio
1293 3466 1365 3520 illi
1392 3479 1526 3535 opus
1554 3463 1672 3531 fuit,
1698 3481 1805 3520 non
1833 3465 2112 3530 ministris,

505 3580 614 3619 non
644 3560 873 3626 famulis;
902 3558 997 3615 sed
1015 3558 1079 3612 ad
1102 3556 1548 3613 resurrectionem
1569 3555 1729 3610 verba
1751 3556 2113 3619 suffecerunt;

506 3671 698 3711 vocem
729 3655 887 3723 igitur
913 3650 1112 3705 audivit
1139 3664 1285 3703 mors
1308 3689 1324 3713 ,
1356 3657 1410 3701 ct
1432 3646 1668 3701 retinere
1709 3655 1976 3701 mortuam
2011 3661 2117 3699 non

512 3748 705 3819 potuit.
738 3744 900 3799 Vides
929 3742 1111 3811 (“tales
1132 3740 1241 3794 sint
1274 3737 1513 3808 judicum
1543 3736 1766 3791 istorum
1798 3750 1957 3789 voces
1978 3740 2000 3785 τ
2028 3734 2115 3789 Si-

508 3840 723 3912 quidem
751 3846 1095 3893 exteruorum
1138 3832 1377 3902 jutlicum
1425 3844 1603 3885 voces.
1636 3828 1919 3883 imbecilla:
1970 3837 2113 3882 sunt.

510 3934 662 3987 Licet
685 3930 828 3986 enim
854 3929 1079 3997 imperet
1106 3939 1172 3978 ex
1200 3924 1306 3977 illis
1333 3923 1594 3992 quiSpiam
1620 3961 1634 3984 ,
1667 3922 1711 3975 si
1741 3920 1971 3974 famulus
2010 3934 2118 3973 non

510 4024 878 4091 obtemperet,
908 4033 995 4072 res
1032 4018 1290 4085 imperata
1325 4012 1737 4080 interrumpitur
1771 4029 1785 4064 :
1820 4011 1906 4065 hic
1935 4020 2116 4063 autem

512 4131 617 4169 non
645 4122 727 4168 est
747 4126 881 4180 opus
901 4108 1130 4171 famulis;
1160 4113 1361 4159 tantum
1392 4104 1545 4168 dixit,
1573 4112 1627 4155 et
1650 4103 1904 4157 continuo
1925 4103 2120 4157 factum

518 4218 620 4262 est.
645 4205 808 4259 Vides
830 4218 1013 4257 eorum
1044 4214 1342 4261 carcerein,
1374 4195 1515 4265 quod
1556 4196 1896 4266 magistratus
1926 4208 2008 4251 est
2037 4198 2117 4251 in-

516 4298 667 4366 signe
700 4312 713 4347 :
745 4294 916 4355 vides,
948 4306 1052 4360 quo
1078 4298 1235 4358 pacto
1268 4296 1479 4357 peccata
1507 4285 1800 4351 dimittant,
1828 4302 1936 4357 quo
1968 4296 2123 4357 pacto

516 4395 747 4441 mortem
776 4382 1058 4437 discutiant
1085 4419 1100 4444 ,
1130 4394 1234 4447 quo
1262 4387 1416 4447 pacto
1448 4377 1498 4430 in
1525 4379 1689 4431 vitam
1720 4388 1997 4434 revocent.
2032 4380 2124 4434 Vis

516 4478 785 4548 cingulum
813 4475 972 4528 etiam
999 4473 1212 4526 illorum
1243 4475 1604 4541 cognoscere?
1631 4471 1901 4543 Siquidem
1919 4472 2124 4527 cinctos

518 4570 638 4624 illos
666 4568 811 4622 misit
839 4564 1085 4619 Christus
1106 4578 1211 4617 non
1241 4564 1412 4628 corio,
1456 4562 1548 4616 sed
1575 4564 1799 4617 veritate
1826 4581 1840 4628 ;
1875 4563 1977 4617 hoc
2004 4564 2123 4618 cin-

516 4662 699 4732 gulum
744 4665 986 4712 sanctum
1029 4663 1082 4708 et
1112 4654 1423 4723 spirituale;
1466 4661 1748 4722 propterea
1786 4654 1958 4708 dicit:
1989 4654 2123 4708 Suc-

520 4756 673 4809 cincti
709 4754 905 4807 lumbos
934 4763 1121 4805 vestros
1152 4752 1202 4804 in
1244 4752 1448 4803 veritate
1479 4750 1498 4820 (
1526 4748 1720 4819 Ephes.
1755 4750 1807 4805 6.
1840 4752 1906 4805 H
1927 4751 1965 4821 ).
1995 4751 2119 4819 Spi-

522 4846 732 4902 ritualis
760 4844 901 4897 enim
925 4853 1007 4897 est
1033 4842 1373 4911 magistratus
1396 4880 1411 4905 ,
1443 4841 1690 4910 quocirca
1716 4842 1844 4895 nihil
1872 4843 2126 4897 sensibile

522 4936 871 5008 quaarendum
896 4950 910 4999 ;
941 4934 1120 4987 Omnis
1149 4933 1346 5002 quippe
1375 4933 1539 5001 gloria
1585 4933 1709 5000 ﬁlice
1737 4933 1869 5003 regis
1895 4933 1956 4985 ab
1989 4934 2125 4987 intus

524 5032 541 5099 (
571 5029 769 5083 Psalm.
800 5028 889 5083 Η.
924 5027 990 5081 11
1014 5026 1055 5095 ).

599 5119 876 5185 Carniﬁccs
901 5114 1329 5183 habentApostoii
1369 5114 1647 5168 dtemonas.
1707 5147 1780 5162 .-
1830 5114 1933 5173 Sed
1974 5115 2129 5187 quid?

522 5221 659 5259 num
700 5199 1461 5261 viscarnilicesetiamvidere?
1492 5201 1783 5258 Carnifices
1827 5214 1988 5271 sunt,
2035 5206 2125 5275 qui

528 5313 651 5349 reos
684 5296 845 5363 virgis
872 5296 1105 5357 casdunt,
1138 5294 1225 5364 qui
1252 5294 1303 5346 in
1333 5295 1478 5363 ligno
1506 5293 1857 5363 suspendunt,
1882 5306 1937 5350 et
1960 5297 2126 5351 latera

529 5388 835 5451 derudunt,
867 5387 955 5455 qui
1001 5386 1303 5455 castigant,
1334 5386 1421 5454 qui
1469 5386 1714 5454 puniunt.
1763 5385 1924 5441 Visne
1968 5388 2129 5457 igitur

532 5480 671 5533 istos
699 5476 922 5531 videre?
952 5476 1067 5531 Non
1098 5476 1343 5531 homines
1370 5476 1587 5541 habent,
1621 5477 1713 5531 sed
1748 5478 1917 5546 ipsum
1945 5479 2129 5533 diabo-

535 5572 668 5632 lum,
688 5569 1029 5623 etdacmuues
1063 5586 1074 5619 :
1105 5567 1196 5637 qui
1214 5582 1438 5637 corpore
1480 5578 1605 5621 sunt
1632 5578 1686 5622 et
1715 5584 1875 5624 carne
1903 5571 2128 5625 circum-

537 5661 684 5727 dati,
717 5662 988 5716 ministras
1017 5660 1285 5715 habebant
1332 5661 1676 5731 incorporeas
1693 5663 1959 5719 *virtutes.
1992 5668 2125 5721 Audi

542 5766 671 5807 sane
692 5767 795 5822 quo
818 5763 971 5822 pacto
994 5766 1115 5807 cum
1140 5752 1455 5807 auctoritate
1475 5752 1669 5809 l’aulus
1692 5754 1795 5810 illis
1818 5756 2123 5825 imperaret:

3741 344 3819 404 π

2212 456 2474 527 siquidem
2504 457 2573 513 de
2598 473 2665 513 eo
2694 459 2783 529 qui
2814 458 3103 514 fornicatus
3127 468 3262 526 erat,
3292 458 3538 514 scribens
3561 458 3777 514 dicebat
3798 478 3815 513 :

2224 546 2432 602 Tradite
2475 548 2767 619 Imjusmodi
2792 560 2985 605 satana:
3007 551 3059 605 in
3091 552 3343 605 interitum
3374 553 3544 605 carnis
3574 553 3592 621 (
3618 554 3669 606 1.
3693 551 3817 605 Cor.

2212 639 2265 693 5.
2299 637 2396 710 5).
2432 639 2637 695 Rursus
2687 656 2808 695 cum
2843 642 2932 696 alii
2963 642 3397 712 blaSphemarent
3420 684 3437 708 ,
3492 642 3595 696 hoc
3640 643 3818 711 ipsum

2211 729 2333 783 fecit
2362 747 2373 783 :
2395 728 2611 784 Tradidi
2634 734 2767 785 enim
2790 734 2927 797 illos,
2957 734 3146 803 inquit,
3171 744 3386 800 solante,
3410 743 3465 785 ut
3490 733 3695 785 discant
3715 750 3820 784 non

2208 820 2555 888 blaspltemare
2576 822 2655 891 (1.
2676 821 2813 879 Tim.
2836 825 2887 878 1.
2909 824 2982 879 20
3001 823 3042 892 ).
3056 824 3192 890 Quid
3212 832 3376 879 restat
3394 822 3821 879 ostendendum?

2209 928 2336 966 num
2364 926 2555 967 currus
2585 914 2747 969 etiam
2792 916 2912 969 illos
2943 914 3186 971 habere?
3221 915 3328 970 Sed
3356 931 3423 970 ne
3452 916 3569 970 htec
3595 914 3819 984 quidem

2207 1006 2362 1062 nobis
2415 1007 2803 1063 demonstratio
2856 1007 3081 1062 deerit:
3130 1007 3395 1078 siquidem
3447 1007 3757 1075 Pbilippum
3788 1046 3810 1069 ,

2206 1108 2487 1167 postquam
2512 1099 2824 1153 eunuchum
2856 1097 3180 1167 baptizavit,
3227 1105 3283 1151 et
3326 1098 3493 1151 sacris
3538 1096 3821 1167 mysteriis

2207 1187 2470 1254 initiavit,
2498 1203 2620 1243 cum
2664 1188 3043 1243 revertendum
3096 1188 3167 1242 illi
3198 1196 3378 1252 esset,
3430 1189 3609 1257 rapuit
3636 1187 3820 1257 ipsum

2210 1278 2444 1348 Spiritus
2468 1320 2483 1342 ,
2529 1289 2583 1334 et
2610 1295 2639 1333 a
2671 1280 2883 1334 deserto
2914 1280 3201 1334 translatus
3240 1278 3397 1335 Azoti
3440 1285 3689 1346 repertus
3733 1288 3824 1333 est

2206 1373 2359 1442 (Act.
2392 1371 2448 1427 8.
2477 1372 2566 1427 59.
2597 1372 2725 1441 40).
2758 1371 2920 1427 Vides
2956 1385 3178 1427 currum
3208 1371 3407 1425 alatum
3431 1371 3457 1422 τ
3477 1369 3630 1424 vides
3673 1369 3824 1424 cele-

2204 1465 2317 1519 rius
2342 1474 2502 1519 veuto
2542 1465 2881 1519 vehiculum?
2907 1464 3113 1520 Rursus
3155 1466 3207 1519 in
3241 1464 3544 1534 paradisum
3592 1479 3823 1535 pergere

2206 1558 2523 1627 Apostolum
2550 1558 2825 1627 oportuit,
2855 1566 2999 1612 tanta
3027 1558 3233 1612 itineris
3257 1557 3665 1626 longinquitate,
3708 1568 3819 1609 tam

2206 1651 2468 1705 immenso
2496 1650 2740 1705 dissitum
2786 1650 3068 1705 intervallo
3100 1668 3112 1701 :
3144 1658 3256 1703 tum
3295 1650 3384 1703 illc
3424 1649 3604 1703 subito
3631 1656 3823 1717 raptus

2206 1741 2327 1795 illuc
2350 1742 2497 1796 nullo
2514 1742 2730 1811 negotio
2741 1752 2794 1795 et
2823 1741 2874 1795 in
2895 1741 3040 1795 brevi
3071 1749 3344 1795 momento
3365 1740 3627 1808 temporis
3641 1748 3818 1793 trans-

2203 1833 2477 1891 ferebatur
2524 1831 2546 1906 (
2569 1832 2622 1885 2.
2653 1829 2772 1886 Cor.
2807 1830 2894 1885 12.
2913 1830 2949 1883 2
2969 1830 3011 1901 ).
3052 1829 3210 1885 Tales
3238 1830 3397 1900 igitur
3420 1841 3617 1882 currus
3645 1835 3773 1879 sunt
3802 1844 3821 1881 :

2206 1937 2305 1976 vos
2332 1933 2509 1977 autem
2558 1922 2820 1992 pncconis
2865 1930 2947 1976 est
2977 1963 2992 1985 ,
3025 1930 3080 1976 et
3111 1922 3224 1989 ipsa
3275 1934 3460 1975 rursus
3502 1920 3824 1989 magistratu

2204 2014 2382 2084 digna.
2423 2015 2538 2068 Non
2566 2015 2708 2069 enim
2748 2012 3100 2069 antecedebat
3126 2014 3246 2068 illos
3277 2013 3438 2067 homo
3465 2028 3655 2067 vocem
3680 2012 3809 2066 mit-

2204 2113 2323 2159 tens
2344 2147 2358 2171 ,
2385 2122 2568 2160 verum
2599 2105 2827 2176 Spiritus
2850 2106 3019 2175 gratia
3040 2148 3056 2173 ,
3084 2115 3139 2160 et
3169 2121 3263 2174 per
3292 2105 3545 2159 miracula
3589 2103 3821 2157 demon-

2202 2196 2391 2250 stratio
2410 2198 2597 2265 quavis
2627 2197 2747 2252 tuba
2769 2196 3048 2252 clariorem
3072 2211 3254 2252 vocem
3282 2196 3543 2261 mittebat,
3569 2205 3735 2265 atque
3752 2196 3825 2249 ita

2202 2286 2345 2340 viam
2366 2287 2471 2341 illis
2501 2287 2696 2357 ubique
2727 2288 2978 2343 faciebat.
3005 2288 3073 2342 Et
3091 2287 3541 2358 quemadmodum
3570 2288 3623 2341 in
3643 2288 3823 2342 multa

2205 2376 2462 2446 dignitate
2486 2392 2549 2433 ac
2579 2378 2969 2448 magniﬁcentia
2995 2378 3269 2445 constituti
3298 2387 3424 2432 sunt
3446 2378 3821 2445 magistratus,

2208 2484 2307 2523 nec
2326 2470 2523 2523 audent
2540 2470 2726 2539 privati
2746 2471 2941 2539 passim
2961 2484 3082 2524 cum
3109 2469 3214 2523 illis
3235 2467 3450 2522 misceri
3477 2485 3492 2522 :
3515 2466 3594 2522 sic
3612 2469 3664 2521 in
3680 2468 3829 2535 Apo-

2208 2562 2360 2614 stolis
2389 2552 2711 2616 accidebat;
2733 2561 3041 2615 (litterarum
3068 2562 3238 2624 enim,
3266 2560 3457 2629 inquit,
3487 2575 3637 2613 nemo
3662 2560 3829 2613 aude-

2208 2652 2292 2705 bat
2320 2668 2372 2704 se
2398 2652 2708 2721 conjungere
2744 2652 2886 2714 illis;
2920 2652 3009 2706 sed
3053 2652 3410 2721 magni/icabat
3464 2667 3548 2704 eos
3597 2652 3826 2720 populus

2211 2745 2229 2810 (
2254 2744 2366 2795 Act.
2390 2743 2443 2798 5.
2468 2743 2538 2797 15
2560 2744 2600 2811 ).
2624 2742 2783 2797 Vides
2801 2743 3035 2797 carceris
3057 2749 3401 2811 potestatem,
3423 2751 3478 2796 et
3508 2742 3826 2797 remittendi

2209 2835 2388 2891 debita
2412 2836 2741 2901 facultatem,
2764 2844 2819 2889 et
2840 2834 3181 2905 gladiosillos
3207 2833 3479 2899 habuisse,
3501 2834 3828 2903 cinguloque

2213 2926 2375 2981 fuisse
2413 2924 2732 2994 prmcinctos
2756 2966 2770 2991 ,
2817 2940 2978 2978 curru
3007 2934 3191 2977 vectos
3214 2965 3231 2988 ,
3275 2938 3461 2978 vocem
3513 2924 3829 2993 praecedere

2213 3017 2403 3088 quavis
2430 3016 2552 3071 tuba
2581 3015 2881 3080 clariorem,
2916 3015 3051 3069 etin
3084 3014 3248 3069 multa
3277 3028 3472 3084 pompa
3501 3014 3624 3068 illos
3655 3013 3828 3070 fuisse

2214 3122 2278 3162 ac
2304 3105 2589 3176 splendore
2614 3105 2896 3160 decoratos
2916 3106 2942 3158 ?

2287 3200 2339 3254 6.
2376 3200 2459 3252 Ad
2501 3215 2662 3268 nuper
2698 3198 3011 3252 illuminatos
3047 3198 3353 3251 cohortatio.
3380 3227 3453 3239 -—-
3487 3197 3605 3253 Jam
3636 3214 3824 3270 opera:

2218 3290 2449 3358 pretium
2481 3288 2641 3343 fuerit
2664 3298 2719 3343 et
2747 3304 2934 3343 omnes
2966 3288 3178 3342 illorum
3220 3302 3307 3343 res
3347 3288 3603 3357 praeclare
3643 3300 3829 3360 gestas

2218 3381 2455 3437 indicare
2476 3422 2495 3445 ,
2528 3389 2581 3435 et
2608 3396 2725 3450 qua:
2758 3379 2969 3434 illorum
3001 3379 3053 3432 in
3084 3378 3270 3433 orbem
3311 3388 3571 3432 terrarum
3612 3389 3829 3435 exstent

2220 3477 2500 3532 beneﬁcia.
2526 3474 2658 3528 Nam
2694 3482 2747 3528 et
2787 3473 2891 3527 hoc
2925 3472 3329 3541 magistratuum
3355 3482 3478 3535 est,
3507 3482 3564 3526 ut
3591 3489 3698 3527 non
3728 3473 3830 3527 ho-

2223 3584 2352 3622 nore
2381 3575 2585 3619 tantum
2624 3562 2865 3618 fruantur
2886 3604 2900 3626 ,
2941 3562 3034 3617 sed
3072 3569 3125 3617 et
3155 3562 3375 3615 multam
3406 3562 3827 3618 sollicitudinem

2221 3668 2273 3711 et
2301 3671 2487 3712 curam
2512 3670 2637 3727 erga
2675 3654 2916 3708 subditos
2944 3668 3053 3722 pra:
3078 3668 3138 3708 se
3166 3651 3357 3706 ferant.
3387 3651 3495 3707 Sed
3530 3653 3641 3721 jam
3674 3654 3826 3723 plura

2221 3750 2361 3805 dicta
2394 3754 2553 3809 sunt,
2584 3760 2742 3816 quam
2773 3745 3073 3814 oportebat.
3101 3744 3361 3812 Quocirca
3388 3743 3453 3798 ad
3481 3744 3645 3799 alium
3674 3745 3830 3802 dilic-

2224 3856 2351 3895 rcns
2392 3840 2491 3893 ista
2531 3846 2843 3901 tractatum,
2883 3836 2949 3890 ad
2995 3851 3182 3891 eorum
3226 3835 3655 3891 cohortationem
3682 3878 3697 3902 ,
3734 3840 3828 3908 qui

2226 3946 2395 4001 nuper
2426 3929 2706 3984 illuminati
2739 3936 2881 3992 sunt,
2913 3926 3192 3981 traducere
3226 3940 3529 3981 sermonem
3562 3928 3826 3982 conabor.

2225 4023 2394 4078 Nemo
2416 4030 2592 4077 autem
2618 4020 2897 4075 consilium
2920 4018 3196 4074 existimet
3222 4017 3659 4089 intempeStivum
3685 4037 3698 4074 :
3716 4020 3829 4089 jam

2226 4115 2369 4170 enim
2400 4113 2509 4167 dixi
2540 4126 2646 4165 non
2678 4110 2838 4163 modo
2864 4117 2984 4178 post
3011 4107 3201 4164 decem
3241 4118 3296 4162 et
3336 4109 3517 4179 viginti
3549 4109 3703 4175 dies,
3732 4113 3829 4166 sed

2227 4217 2279 4261 et
2306 4214 2424 4275 post
2450 4203 2634 4258 decem
2664 4210 2717 4256 et
2746 4194 2930 4271 viginti
2963 4214 3133 4253 annos
3172 4214 3334 4269 posse
3363 4215 3535 4268 nuper
3560 4200 3832 4255 illumina-

2230 4308 2312 4353 tos
2340 4296 2517 4351 vocari
2541 4310 2657 4358 eos,
2686 4292 2774 4363 qui
2803 4291 3074 4363 mysteriis
3102 4291 3293 4345 initiati
3324 4297 3469 4357 sunt,
3498 4294 3543 4346 si
3568 4293 3758 4363 vigiles
3777 4304 3832 4349 et

2228 4388 2393 4444 sobrii
2425 4386 2639 4440 fuerint.
2664 4383 2775 4450 Qua
2805 4384 2964 4454 igitur
2986 4383 3183 4452 optima
3210 4382 3275 4436 ad
3309 4382 3429 4437 illos
3455 4383 3833 4441 cohortatione

2198 4470 2205 4476 ’
2232 4477 2483 4533 utemur?
2510 4477 2563 4531 Si
2591 4476 2843 4530 nimirum
2874 4475 2940 4529 iis
2971 4474 3187 4528 modum
3228 4474 3519 4530 nativitatis
3544 4475 3598 4529 in
3626 4491 3832 4531 memo-

2231 4573 2365 4627 riam
2404 4584 2739 4632 revocemus,
2770 4576 2824 4621 et
2854 4566 3099 4636 priorem
3119 4577 3170 4620 et
3201 4568 3576 4641 posteriorem,
3609 4580 3831 4626 natura-

2230 4664 2334 4717 lem
2375 4678 2438 4717 ac
2475 4660 2838 4731 spiritualem,
2871 4668 2926 4713 et
2958 4658 3225 4728 quodnam
3269 4660 3338 4713 sit
3381 4660 3521 4714 inter
3551 4670 3833 4735 utramque

2232 4755 2559 4809 nativitatem
2586 4751 2896 4815 discrimen,
2925 4747 3293 4803 ostendamus.
3319 4749 3431 4806 lmo
3456 4765 3584 4804 vero
3612 4768 3835 4809 necesse

2233 4863 2337 4901 non
2375 4854 2496 4908 est,
2530 4853 2589 4897 ut
2626 4857 2691 4897 ex
2734 4842 2885 4896 nobis
2927 4842 3002 4895 illi
3047 4840 3146 4894 ista
3184 4840 3393 4896 discant
3422 4858 3437 4893 :
3466 4840 3582 4912 ipse
3612 4846 3832 4898 tonitrui

2233 4939 2368 4993 ﬁlius
2386 4938 2453 4992 de
2476 4938 2556 4990 his
2583 4937 2727 5006 ipsos
2752 4935 3081 4999 admonebit,
3108 4934 3335 4989 dilectus
3355 4934 3552 4989 Christi
3573 4936 3830 4991 Joannes.

2231 5028 2364 5094 Quid
2395 5030 2552 5097 igitur
2579 5028 2669 5080 ille
2695 5026 2857 5079 dicit?
2892 5026 3147 5094 Quotquot
3178 5035 3346 5077 autem
3375 5038 3670 5095 receperunt
3698 5044 3832 5093 eam,

2231 5120 2365 5171 dedit
2385 5121 2455 5172 eis
2478 5127 2769 5187 potestatem
2794 5116 2928 5183 ﬁlios
2950 5114 3047 5169 Dei
3072 5116 3183 5184 fieri
3211 5115 3388 5187 (Joan.
3415 5119 3461 5170 1.
3490 5117 3580 5187 19)
3608 5118 3835 5173 :deiude

2234 5210 2463 5279 priorem
2507 5210 2611 5263 illis
2652 5208 2986 5263 nativitatem
3019 5208 3071 5261 in
3103 5210 3414 5263 memoriam
3448 5224 3709 5263 revocans
3736 5253 3749 5276 ,
3784 5223 3832 5264 et

2233 5317 2297 5356 ex
2331 5302 2727 5370 comparatione
2753 5302 3087 5355 sanctitatem
3119 5316 3183 5355 ac
3210 5302 3519 5369 dignitatem
3554 5306 3834 5371 praesentis

2232 5398 2415 5465 gratia:
2443 5396 2743 5461 declarans,
2772 5396 2851 5449 sic
2876 5396 2950 5448 ait
2979 5414 2991 5449 :
3022 5394 3122 5459 Qui
3150 5412 3251 5448 non
3279 5413 3340 5448 e1:
3367 5397 3720 5467 sanguinibus,
3748 5415 3836 5450 ne-

2234 5504 2329 5558 que
2357 5504 2421 5541 ex
2448 5488 2702 5541 voluntate
2735 5487 2860 5551 viri,
2890 5487 2978 5540 sed
3007 5503 3070 5541 ea:
3114 5486 3219 5540 Deo
3261 5489 3368 5541 nati
3408 5499 3524 5541 sunt
3555 5487 3744 5557 (Joan.
3784 5491 3828 5543 Ι.

2237 5579 2349 5648 15).
2376 5576 2493 5633 Uno
2516 5579 2683 5633 verbo
2711 5578 3040 5632 nobilitatem
3068 5577 3279 5631 illorum
3302 5580 3583 5647 expressit.
3608 5578 3654 5633 0
3682 5596 3834 5633 ntuno

2235 5668 2303 5722 da
2349 5670 2573 5723 natalia!
2614 5685 2646 5723 ο
2687 5668 2987 5738 spirituales
3030 5672 3237 5738 partus!
3271 5683 3304 5722 ο
3340 5684 3472 5728 nova
3519 5671 3830 5739 puerperia!

2242 5763 2357 5815 siue
2388 5770 2537 5817 utero
2564 5762 2865 5830 conceptio,
2892 5760 3007 5815 sine
3033 5770 3216 5815 ventre
3246 5761 3513 5829 uativitas,
3537 5762 3655 5818 sine
3672 5777 3833 5817 carne
