4058 6408
513 327 584 386 97
1247 336 1307 388 S.
1345 332 1630 389 JOANNIS
1667 328 2099 389 CHRYSOSTOI

2204 329 2508 391 lRCHIEP.
2541 331 3093 393 CONS'I'ANTINOP.
3718 325 3798 382 98

509 440 608 503 κδς
658 437 840 502 τόκος.
885 439 1045 503 τόκος
1093 441 1485 511 πνευματικὸς,
1531 440 1697 505 τόκος
1742 446 1808 497 ἐκ
1877 445 2104 516 χάριτος

511 525 609 577 καὶ
645 522 1056 594 φιλανθρωπίας
1082 521 1259 591 βεοῦ,
1307 523 1466 586 τόκος
1519 523 1864 596 εὐφροσύνης
1912 527 2106 597 γέμων

514 603 610 656 καὶ
649 605 842 673 χαρᾶς.
892 602 1035 655 Ἀλλ’
1067 605 1131 658 οὑ
1165 605 1414 669 τοιοῦτος
1441 607 1471 658 6
1504 605 1792 677 πρότερος,
1835 606 1956 660 ἀλλ’
1993 609 2105 662 άπὸ

515 687 734 757 θρήνων
773 687 886 756 ἔχει
917 687 1018 758 τὴν
1060 689 1258 760 ἀρχήν.
1293 691 1367 743 Τὸ
1394 690 1504 761 γὰρ
1529 690 1744 744 παιδίον
1771 693 1837 743 ὲκ
1859 692 1960 762 τῆς
1993 695 2103 764 μή-

515 785 652 836 τρας
694 769 1000 823 όλισθαίνον
1032 772 1128 824 καὶ
1161 773 1225 825 ἑκ
1262 773 1362 841 τῆς
1405 771 1598 844 νηδύος
1634 773 2100 844 καταφερόμενον,

513 849 742 918 πρώτην
774 853 958 921 φωνὴν
989 854 1129 921 μετὰ
1151 853 1406 926 δακρύων
1437 854 1712 917 ἐκϐάλλει,
1742 855 1998 930 καθάπερ
2019 859 2105 922 τίς

513 949 648 1001 φησι
674 950 687 962 ·
740 933 990 1002 Πρώτην
1035 936 1247 1004 φωνὴν
1279 936 1395 1004 τὴν
1443 938 1658 1005 ὁμοίαν
1704 937 1940 993 ἅπασιν
1998 941 2105 995 ισα

511 1015 760 1069 κλαίων.
800 1019 901 1071 Διὰ
934 1018 1150 1090 θρήνων
1182 1020 1290 1091 γὰρ
1315 1022 1352 1090 ἡ
1382 1020 1588 1085 είσοδος
1616 1023 1697 1086 εἰς
1729 1023 1822 1076 τὸν
1849 1024 1986 1094 βίον,
2015 1024 2103 1078 διὰ

511 1098 764 1170 δακρύων
805 1104 1089 1176 προοίμια,
1126 1104 1225 1174 τῆς
1274 1103 1490 1173 φύσεως
1513 1105 1576 1158 τὸ
1625 1105 1818 1178 μέλλον
1846 1106 2103 1178 ὀδυνηρὸν

513 1185 1042 1255 προαναφωνούσης.
1061 1186 1127 1239 Τί
1154 1185 1334 1240 κλαίει
1356 1187 1417 1240 τὸ
1441 1187 1657 1242 παιδίον
1680 1191 1761 1253 εἰς
1783 1188 1901 1256 φῶς
1922 1188 2101 1256 έλθόν;

513 1267 614 1318 Διά
639 1267 798 1320 τοῦτο
815 1285 828 1297 ·
857 1269 963 1338 πρὸ
990 1270 1090 1339 μὲν
1114 1269 1215 1338 τῆς
1243 1269 1518 1341 ἁμαρτίας
1553 1269 1737 1338 ἔλεγεν
1766 1273 1794 1323 ό
1814 1270 1967 1335 Θεὸς,
1987 1273 2105 1327 Αὐσ-

517 1346 796 1410 ξάνεσθε,
841 1350 940 1403 καὶ
985 1353 1393 1418 πληθύνεσθε,
1443 1354 1584 1424 ὅπερ
1626 1353 1878 1422 εὐλογίας
1904 1349 2007 1425 ῆν·
2040 1353 2106 1407 τὸ

513 1430 592 1493 δὲ,
647 1431 746 1484 Ἐν
770 1433 996 1498 λύπαις
1043 1433 1186 1503 τέξῃ
1235 1436 1440 1498 τέκνα,
1485 1437 1624 1505 μετὰ
1661 1437 1761 1508 τὴν
1801 1438 2099 1509 ἁμαρτίαν,

512 1515 652 1585 ὅπερ
678 1515 950 1584 τιμωρίας
974 1511 1063 1588 ἦν.
1099 1517 1175 1571 Οὐ
1206 1517 1418 1589 δάκρυα
1443 1519 1502 1572 δὲ
1531 1520 1590 1572 ἐν
1623 1521 1689 1589 τῇ
1726 1520 1980 1590 γεννήσει
2013 1520 2104 1589 μό⁹

524 1613 629 1660 νον,
671 1597 809 1650 ἀλλά
837 1597 956 1670 [81]
992 1601 1092 1653 καῖ
1114 1601 1409 1672 σπάργανα
1432 1603 1528 1655 καί⁸
1557 1601 1768 1671 δεσμά·
1803 1601 2016 1667 δάκρυα
2042 1604 2102 1654 έν

509 1681 580 1748 τῇ
616 1683 895 1750 γεννήσει,
935 1683 1148 1754 δάκρυα
1193 1686 1252 1738 ὲν
1282 1685 1499 1754 θανάτῳ
1525 1701 1537 1714 ’
1571 1684 1864 1755 σπάργανα
1896 1686 1955 1737 ὲν
1979 1701 2101 1753 γεν-

514 1764 694 1832 νήσει,
743 1767 1041 1840 σπάργανα,
1068 1770 1127 1820 έν
1163 1768 1413 1838 θανάτῳο
1465 1768 1552 1820 ἵνα
1609 1766 1788 1840 μάθῃς
1833 1768 1915 1821 ὅτι
1965 1767 2104 1838 πρὸς

514 1845 748 1901 θάνατον
778 1851 810 1919 η
859 1848 972 1921 ζωὴ
1016 1839 1155 1919 αὕτη
1204 1852 1455 1921 τελευτᾷ,
1491 1852 1586 1904 καὶ
1622 1839 1760 1920 πρὸς
1793 1853 1971 1904 ἐκεῖνο
2010 1868 2103 1904 κα-

510 1929 804 2001 ταστρέφει
839 1930 900 1984 τὸ
931 1931 1106 1997 τέλος.
1154 1933 1296 1986 ’Δλλ“
1331 1933 1432 2004 οὐχ
1451 1935 1485 2004 ή
1512 1933 1770 2004 γέννησις
1799 1933 1964 2003 αὕτη.
1996 1935 2102 1987 Οὐ-

2205 443 2378 515 δαμοῦ
2404 443 2616 518 δάκρυα
2637 444 2733 498 καὶ
2758 443 3072 512 σπάργανα,
3111 439 3250 494 ἀλλὰ
3289 436 3586 508 λελυμένος
3604 439 3633 491 6
3665 450 3801 518 γενο

2209 528 2412 599 νηθεὶς,
2430 515 2526 580 καί
2555 525 2693 598 πρὸς
2708 525 2925 594 ἀγῶνας
2942 521 3464 596 παρεσκευασμένος
3482 532 3499 548 ⁸
3518 517 3609 572 διὰ
3632 515 3798 569 τοῦτο

2207 614 2397 681 ἄφετοι
2419 614 2471 665 οί
2496 611 2658 673 πόδες
2687 611 2781 664 καὶ
2796 611 2852 662 αἰ
2879 611 3084 679 χεῖρες,
3100 608 3189 659 ἵνα
3205 605 3375 676 τρέχῃ
3400 603 3493 656 καὶ
3520 599 3800 668 πυκτεύῃο

2206 694 2446 764 οὐδαμοῦ
2500 693 2724 764 θρῆνος,
2783 691 3026 762 οὐδαμοῦ
3089 690 3303 760 δάκρυα
3357 684 3623 745 ἐνταῦθα,
3680 682 3801 735 ἀλλ’

2206 774 2514 846 ἀσπασμοὶ,
2553 775 2650 827 καὶ
2680 775 2878 844 φιλίαι,
2915 775 3010 827 καὶ
3037 772 3368 843 περιπλοκαὶ
3406 769 3514 823 τῶν
3547 764 3802 834 ἀδελφῶν

2203 857 2265 910 τὸ
2297 860 2496 911 οἰκεῖον
2525 857 2689 928 μέλος
2718 856 3216 924 ὲπιγινωσκόντων,
3245 854 3342 907 καὶ
3371 853 3563 922 ὥσπερ
3587 854 3654 904 ὲκ
3691 866 3800 928 μαέ

2205 941 2344 1010 κράς
2367 927 2751 993 ἀπολαϐόντων
2778 939 3112 1009 ἀποδημίας.
3155 935 3374 1005 Ἐπειδὴ
3412 933 3524 1005 γάρ
3558 931 3667 1001 πρὸ
3699 927 3800 982 τοῦ

2206 1024 2560 1094 φωτίσματος
2589 1022 2784 1093 ἐχθρὸς
2812 1018 2902 1092 ἦν,
2936 1020 3078 1091 μετά
3123 1020 3181 1072 δὲ
3212 1019 3278 1071 τὸ
3308 1017 3569 1086 φώτισμα
3601 1013 3800 1081 γέγονε

2205 1109 2360 1178 φίλος
2385 1108 2480 1161 τοῦ
2511 1106 2693 1160 κοινοῦ
2718 1107 2938 1160 πάντων
2968 1105 3130 1176 ήμῶν
3171 1101 3470 1162 Δεσπότου,
3505 1098 3596 1152 διὰ.
3638 1095 3804 1148 τοῦτο

2205 1194 2409 1256 πάντες
2441 1191 2789 1262 συνηδόμεθα
2807 1207 2820 1220 ·
2849 1191 2938 1244 διὰ
2959 1189 3118 1243 τοῦτο
3144 1187 3241 1242 καὶ
3271 1186 3334 1240 τὸ
3363 1185 3579 1255 φίλημα
3603 1180 3800 1252 εἰρήνη

2205 1276 2474 1340 καλεῖται,
2502 1276 2589 1328 ἵνα
2613 1274 2876 1346 μάθωμεν
2897 1276 2981 1327 ὅτι
3009 1272 3247 1342 πόλεμον
3269 1267 3621 1346 κατέλυσεν
3641 1263 3799 1346 ξεὸς,

2204 1359 2300 1412 καὶ
2328 1356 2467 1428 πρὸς
2493 1356 2594 1426 τὴν
2616 1343 2900 1409 οἰκείωσιν
2929 1346 3248 1425 ἐπανήγαγε
3276 1352 3378 1421 τὴν
3404 1345 3630 1403 ἑαυτοῦ.
3654 1343 3800 1428 Ταύ-

2202 1457 2304 1508 την
2326 1427 2420 1493 οὖν
2451 1437 2713 1509 τηρῶμεν
2747 1438 3034 1507 διηνεκῶς,
3067 1435 3276 1505 ταύτην
3304 1431 3667 1501 φυλάττωμεν
3699 1427 3804 1509 τῂν

2203 1522 2453 1592 εἰρήνην,
2483 1508 2692 1590 ταύτην
2726 1521 3061 1590 έκτείνωμεν
3080 1519 3182 1589 τὴν
3209 1516 3417 1587 φιλίαν,
3448 1513 3540 1566 ἵνα
3566 1511 3665 1564 καὶ
3690 1508 3804 1561 τῶν

2204 1604 2440 1658 αἰωνίων
2470 1602 2820 1672 ὲπιτύχωμεν
2855 1603 3094 1672 σκηνῶν,
3126 1602 3312 1672 χάριτι
3345 1599 3444 1652 καὶ
3487 1594 3801 1664 φιλανθρω-

2211 1687 2312 1755 πία
2341 1683 2435 1738 τοῦ
2460 1685 2672 1755 Κυρίου
2700 1684 2860 1754 ήμῶν
2895 1682 3073 1753 Ἰησοῦ
3101 1681 3364 1751 Χριστοῦ,
3382 1680 3452 1733 δι’
3475 1673 3536 1730 οὖ
3560 1677 3658 1729 καὶ
3677 1673 3807 1745 μεθ’

2207 1762 2270 1822 οὗ
2316 1767 2395 1834 τῷ
2424 1767 2603 1837 Πατρὶ
2629 1767 2777 1831 δόξα,
2804 1767 2963 1836 τιμὴ,
3003 1766 3228 1836 κράτος,
3258 1764 3377 1834 ἅμα
3415 1761 3494 1831 τῷ
3526 1758 3670 1828 άγίῳ
3705 1757 3806 1811 καὶ

2210 1848 2461 1919 ζωοποιῷ
2491 1849 2796 1920 Πνεύματι,
2825 1849 2920 1902 νῦν
2951 1849 3047 1902 καὶ
3069 1849 3182 1908 ἀεὶ,
3205 1849 3301 1900 καὶ
3326 1847 3406 1907 εἰς
3434 1843 3565 1906 τοὺς
3593 1840 3804 1901 αἰῶνας

2205 1933 2316 1986 τῶν
2348 1931 2582 1986 αἰώνων.
2619 1933 2679 1986 ’Δ
2687 1933 2794 2003 μήν
2811 1967 2827 1981 .

513 2291 646 2346 Ὀτι
697 2295 809 2347 οὐκ
841 2293 1174 2349 ἀκίνδυνον
1226 2292 1352 2360 τοῖς
1400 2295 1721 2365 ἀκροαταῖς
1763 2295 1828 2350 τό
1871 2297 2054 2367 σιγᾷν
2092 2301 2165 2352 τὰ
2225 2298 2524 2367 λεγόμενα
2565 2297 2637 2349 ἐν
2694 2294 3017 2363 ἐκκλησίᾳ,
3077 2291 3178 2346 καί
3219 2293 3390 2357 τινος
3432 2289 3651 2345 ἕνεκεν
3721 2292 3794 2345 αι

585 2387 847 2455 Πράξεις
873 2389 944 2443 έν
973 2387 1048 2457 τῇ
1072 2387 1463 2456 Πεντηκοστῇ
1491 2387 2030 2459 ἀναγινώσκονται,
2069 2390 2169 2444 καί
2189 2389 2287 2444 διὰ
2321 2391 2379 2443 τί
2420 2393 2531 2444 οὐκ
2558 2388 2751 2452 ἔδειξε
2792 2386 2984 2441 πᾶσιν
3026 2384 3246 2438 ἑαυτὸν
3277 2382 3554 2447 ἀναστὰς
3579 2386 3613 2436 ό
3645 2385 3788 2451 Χρι-

582 2480 751 2544 στὸς,
807 2482 905 2534 καί
945 2479 1035 2532 ὅτι
1074 2477 1185 2546 τῆς
1230 2477 1428 2547 ὄψεως
1462 2480 1864 2555 σαφεστέραν
1892 2483 2162 2550 παρέσχε
2183 2479 2300 2548 τὴν
2322 2479 2431 2549 τῆς
2451 2479 2848 2543 ἀναστάσεως
2878 2475 3196 2541 ἀπόδειξιν
3219 2472 3336 2538 τὴν
3367 2474 3467 2530 διὰ
3503 2473 3628 2528 τῶν
3670 2487 3798 2542 ση-

577 2573 766 2642 μείων
788 2570 907 2626 τῶν
943 2572 1326 2630 ἀποστόλων.

576 2926 627 2975 α’
641 2919 734 2974 ,Τὸ
754 2918 853 2988 μὲν
870 2917 1031 2973 πλέον
1045 2922 1140 2976 τοῦ
1157 2921 1354 2993 χρέους
1367 2917 1465 2972 τοῦ
1480 2919 1826 2983 συντεθέντος
1841 2921 1975 2990 ἡμῖν
1992 2918 2098 2972 ὑπὸ

510 2999 612 3070 τῆς
631 3001 946 3070 ἐπιγραφῆς
960 3001 1070 3056 τῶν
1094 3003 1356 3075 Πράξεων
1374 3001 1484 3054 τῶν
1507 3001 1884 3055 ἀποσιολικῶν
1900 3003 1959 3054 ὲν
1976 3002 2098 3064 ταῖς

511 3081 824 3153 ἔμπροσθεν
855 3083 983 3153 ὑμῖν
1008 3085 1386 3153 κατεϐάλομεν
1408 3084 1649 3154 ἡμέραις
1669 3098 1681 3112 ⁶
1711 3084 1904 3154 ἐπειδὴ
1930 3083 1987 3136 δὲ
2015 3083 2096 3136 ἔτι

515 3166 710 3236 μικρὸν
733 3165 1058 3236 ὲναπέμεινε
1081 3167 1354 3236 λείψανον,
1374 3167 1605 3236 ἀνέστην
1624 3168 1720 3220 καὶ
1741 3167 1900 3219 τοῦτο
1925 3182 2094 3220 κατα-

512 3247 697 3316 θήσων
725 3248 855 3316 ὑμῖν
883 3249 1145 3318 σήμερον.
1167 3251 1232 3302 Εἰ
1254 3249 1311 3302 δὲ
1340 3251 1457 3318 μετ’
1480 3248 1769 3318 ἀκριϐείας
1798 3248 2096 3317 φυλάττετε

510 3329 580 3382 τὰ
621 3330 912 3398 εἰρημένα,
951 3333 1045 3382 καὶ
1093 3333 1235 3400 μετά
1280 3330 1485 3399 πολλῆς
1530 3331 1790 3400 κατέχετε
1837 3330 2094 3400 σπουδῆς,

511 3413 670 3481 ὑμεῖς
715 3410 780 3464 ἂν
816 3412 1048 3483 εἰδείητε
1076 3415 1126 3466 οἱ
1168 3415 1229 3467 τὸ
1260 3413 1524 3484 ἀργύριον
1565 3412 1974 3482 ὑποδεξάμενοι,
2003 3412 2096 3465 καὶ

509 3495 620 3547 τῶν
652 3495 932 3564 ἀργυρίων
953 3496 1161 3548 τούτων
1186 3497 1470 3567 μέλλοντες
1495 3497 1584 3548 τὸν
1605 3495 1763 3562 λόγον
1793 3495 1993 3548 διδόναι
2019 3493 2097 3564 τῷ

512 3578 760 3647 Δεσπότῃ
806 3577 948 3630 κατὰ
979 3579 1076 3648 τὴν
1111 3579 1326 3648 ἡμέραν
1371 3577 1614 3647 ἐκείνην,
1664 3578 1792 3629 ὅταν
1823 3577 1874 3629 οἰ
1903 3576 1972 3628 τὰ
2003 3578 2100 3630 τά·

512 3659 682 3710 λαντα
711 3659 1100 3722 πιστευθέντες
1131 3658 1429 3718 καλῶνται,
1463 3659 1558 3710 καὶ
1596 3655 1694 3718 τὰς
1728 3656 1958 3719 εὐθύνας
1982 3657 2098 3709 ὐπ-

514 3741 729 3809 έχωσιν·
749 3742 875 3794 ὅταν
902 3740 1070 3793 ἐλθὼν
1094 3743 1122 3793 6
1142 3742 1375 3810 Χριστὸς
1398 3743 1603 3810 ἀπαιτῇ
1617 3740 1744 3800 τοὺς
1766 3739 2096 3808 τραπεζίτας

513 3824 574 3875 τὸ
617 3823 880 3893 ἀργύριον
907 3823 1064 3875 τοῦτο
1107 3823 1388 3892 μετά”τῶν
1419 3823 1612 3876 τόκων.
1647 3820 1809 3874 Ἔδει
1854 3821 1963 3892 γάρ
1999 3839 2095 3885 σε,

516 3907 671 3974 φησί,
695 3906 1057 3960 καταϐαλεῖν
1080 3906 1144 3958 τὸ
1169 3907 1456 3975 ἀργύριόν·
1464 3923 1584 3973 μου
1602 3903 1700 3957 ἐὴὶ
1729 3904 1870 3970 τοὺς
1893 3920 2100 3971 τραπε-

514 3990 692 4054 ζῖτας,
713 3990 811 4042 καί
833 3990 945 4058 ἐγὼ
961 3990 1155 4043 ἐλθὼν
1167 3990 1320 4057 μετὰ
1337 3990 1513 4042 τόκου
1533 3989 1609 4041 ἂν
1623 3989 1907 4055 ἀπῄτησα
1927 3988 2094 4040 αὐτό.

515 4073 578 4122 Ὢ
605 4072 705 4138 τῆς
744 4071 946 4138 πολλῆς
970 4073 1062 4123 καὶ
1092 4072 1300 4138 ἀφάτου
1321 4070 1732 4140 φιλανθρωπίας
1763 4069 1858 4120 τοῦ
1891 4070 2097 4121 Δεσπό-

513 4155 647 4206 τουί
722 4155 1065 4223 Ἀνθρὼπους
1112 4153 1334 4206 κωλύων
1383 4155 1632 4205 ἀπαιτεῖν
1680 4151 1891 4213 τόκους,
1938 4152 2099 4214 αὐτὸς

514 4238 732 4288 ἀπαιτεῖ
756 4237 965 4297 τόκους.
999 4235 1095 4287 Διά
1124 4235 1177 4286 τί
1199 4252 1212 4299 ;
1266 4234 1483 4302 Ἐπειδὴ
1511 4236 1716 4296 ἐκεῖνος
1745 4237 1773 4285 6
1801 4233 1957 4294 τόκος
1985 4233 2101 4285 δια·

515 4317 847 4386 ϐεϐλημένος
891 4318 1006 4368 ἐστὶ
1054 4318 1146 4369 καὶ
1196 4316 1532 4386 κατηγορίας
1580 4315 1728 4380 ἄξιος
1765 4333 1778 4345 ·
1836 4307 1992 4377 οὗτος
2043 4314 2099 4366 δὲ

517 4400 798 4459 ἐπαινετὸς
826 4400 918 4451 καὶ
947 4398 1145 4467 πολλῆς
1179 4398 1447 4466 ἀποδοχῆς
1478 4399 1622 4449 ἐστιν
1643 4398 1813 4464 ἄξιος.
1862 4397 2100 4459 Ἐκεῖνος

523 4483 693 4535 τοίνυν
718 4485 744 4535 6
776 4484 952 4545 τόκος,
991 4483 1019 4532 6
1047 4481 1156 4532 τῶν
1190 4481 1490 4551 χρημάτων
1518 4479 1680 4546 λέγω,
1717 4481 1810 4534 καὶ
1836 4479 1926 4532 τὸν
1963 4479 2101 4549 λαμ-

517 4566 768 4628 ϐάνοντα,
801 4566 894 4617 καὶ
923 4564 1013 4616 τὸν
1043 4564 1252 4616 διδόντα
1283 4564 1490 4634 ζημιοῖ,
1519 4564 1614 4616 καὶ
1641 4563 1732 4624 τοῦ
1763 4565 1859 4634 μὲν
1887 4563 2100 4632 λαμϐά-

520 4665 695 4709 νοντος
722 4647 981 4699 ἀπόλλυσι
1009 4647 1105 4716 τὴν
1137 4646 1336 4716 ψυχὴν,
1366 4646 1461 4698 τοῦ
1485 4647 1541 4698 δὲ
1568 4646 1796 4709 διδόντος
1832 4645 1946 4717 [82]
1977 4649 2098 4699 επι-

518 4732 691 4800 τρίϐει
723 4730 820 4800 τὴν
849 4730 1060 4782 πενίαν.
1109 4731 1174 4782 Τί
1213 4731 1320 4801 γὰρ
1353 4731 1418 4783 ἂν
1459 4731 1668 4798 γένοιτο
1701 4728 2097 4800 χαλεπώτερον,

519 4813 630 4866 ἀλλ’
656 4812 687 4882 ἢ
713 4814 840 4865 ὅταν
867 4829 950 4874 τις
980 4811 1078 4881 τὴν
1106 4814 1294 4865 πενίαν
1319 4812 1413 4864 τοῦ
1442 4812 1668 4883 πλησίον
1701 4812 2097 4882 ἐμπορεύηται,

522 4896 614 4947 καὶ
637 4897 734 4957 τὰς
757 4895 863 4946 τῶν
884 4895 1122 4962 ἀδελφῶν
1147 4895 1601 4965 πραγματεύηται
1626 4897 1937 4964 συμφοράς;
1973 4897 2100 4947 ὅταν

522 4993 601 5039 τις
629 4980 968 5044 προσωπεῖον
999 4978 1405 5045 φιλανθρωπίας
1436 4978 1573 5047 έχων
1599 4981 1780 5031 πᾶσαν
1811 4977 2101 5047 ἀπανθρω-

522 5059 649 5110 πίαν
672 5058 1054 5120 ἐπιδείκνυται,
1083 5064 1175 5114 καὶ
1198 5064 1226 5113 ό
1249 5065 1404 5132 χεῖρα
1430 5074 1454 5100 ﬂ
1494 5062 1700 5130 μέλλων
1728 5062 1939 5132 ὀρέγειν
1965 5063 2100 5130 πρὸς

523 5143 582 5195 τὸ
619 5143 888 5211 βάραθρον
932 5143 1044 5214 ὡθῇ
1091 5147 1181 5196 τὸν
1211 5146 1459 5214 ganeam;
1484 5145 1774 5213 δεόμενον;
1816 5146 1878 5196 Τί
1908 5147 2097 5206 ποιεῖς,

523 5226 773 5296 ἄνθρωπε
797 5241 809 5286 ;
849 5227 920 5277 Οὐ
945 5225 1031 5278 διὰ
1050 5228 1207 5280 τοῦτο
1236 5230 1369 5299 πρὸς
1395 5229 1489 5292 σὰς
1512 5224 1645 5297 ἦλθε
1667 5228 1833 5297 θύρας
1861 5231 1888 5279 6
1912 5228 2097 5296 πένης,

524 5312 612 5361 ἴνα
642 5309 879 5379 αὑξήσης
908 5311 1072 5364 αὑτοῦ
1105 5314 1202 5382 τὴν
1235 5314 1443 5376 πενίαν,
1477 5314 1590 5367 ἀλλ’
1620 5313 1706 5365 ἵνα
1739 5311 1903 5383 λύσῃς
1936 5312 2099 5365 αὑτοῦ

523 5393 620 5460 τὴν
644 5391 832 5442 πενίαν
853 5409 866 5422 ·
903 5395 966 5445 σὺ
992 5393 1046 5446 δὲ
1076 5398 1267 5448 ταυτὸν
1293 5401 1486 5462 ποιεῖς,
1511 5393 1620 5450 οἷον
1643 5399 1688 5447 οἱ
1713 5397 1777 5448 τὰ
1801 5397 2100 5465 δηλητήρια

1993 5449 2024 5465 οὗ

531 5474 882 5544 κεραννύντες
919 5477 1183 5547 φάρμακα
1206 5496 1217 5507 °
1273 5482 1364 5533 καὶ
1394 5481 1501 5550 γάρ
1533 5483 1728 5533 ἐκεῖνοι
1759 5478 1855 5547 τὴν
1900 5480 2101 5550 συνήθη

589 5658 610 5683 ⁸
638 5651 774 5700 Εοὶἱ).
803 5655 881 5698 καὶ
906 5657 965 5707 ὡς
988 5655 1135 5715 χεῖρα.

2198 2916 2404 2989 τροφὴν
2427 2918 2613 2978 αὐτοῖς
2641 2914 3008 2985 ἀναμίξαντες
3026 2908 3428 2979 ἀνεπαίσθητον
3450 2910 3674 2967 ποιοῦσι
3695 2909 3804 2984 τὴν

2198 2999 2511 3070 ἐπιϐουλὴν,
2550 2999 2644 3051 καὶ
2677 2990 2823 3050 οὗτοι
2860 2994 3272 3065 φιλανθρωπίας
3305 2996 3656 3065 προσχήματι
3687 2997 3803 3049 τῶν

2197 3083 2371 3136 τόκων
2404 3083 2496 3134 τὸν
2528 3070 2748 3151 ὄλεθρον
2780 3079 3108 3150 κρύψαντες,
3140 3078 3241 3130 οὐκ
3288 3076 3453 3130 έῶσιν
3502 3078 3801 3132 αἰσθέσθαι

2199 3166 2296 3236 τῆς
2329 3164 2535 3234 βλάϐης
2566 3166 2691 3227 τοὺς
2723 3163 3015 3233 μέλλοντας
3043 3161 3224 3213 πίνειν
3248 3159 3310 3211 τὸ
3341 3158 3643 3229 θανάσιμον
3665 3160 3801 3213 τοῦ·

2196 3265 2259 3301 το
2284 3250 2594 3319 φάρμακον.
2626 3247 2828 3315 Διόπερ
2856 3243 3136 3314 εὔκαιρον,
3167 3242 3194 3296 ὃ
3225 3245 3356 3312 περὶ
3384 3243 3483 3314 τῆς
3513 3244 3821 3315 ἁμαρτίας¹

2197 3330 2436 3401 εἴρηται,
2466 3330 2562 3382 καὶ
2603 3330 2730 3398 περί
2765 3329 2874 3379 τῶν
2903 3325 3229 3389 τοκιζόντων
3261 3323 3358 3376 καὶ
3395 3324 3802 3396 δανειζομένων

2193 3416 2394 3466 εἰπεῖν.
2428 3412 2493 3464 Τί
2525 3413 2583 3465 δὲ
2617 3411 2868 3481 περὶτῆς
2892 3407 3169 3479 ἁμαρτίας
3199 3407 3449 3476 είρηται;
3480 3408 3636 3476 Πρὸς
3664 3425 3801 3462 και-

2189 3497 2326 3564 ρόν,
2366 3496 2520 3566 φησὶ,
2571 3495 2884 3564 γλυκαίνει
2927 3491 3036 3544 τόν
3073 3489 3365 3557 λάρυγγα,
3414 3489 3676 3556 ὕστερον
3730 3490 3803 3542 δὲ

2200 3579 2553 3646 πικρότερον
2575 3576 2768 3646 χολῆς
2790 3574 3090 3643 εὑρήσεις,
3115 3571 3212 3626 καί
3239 3571 3624 3639 ἠκονημένον
3633 3571 3798 3641 μᾶλο

2197 3667 2313 3717 λον
2333 3663 2636 3730 μαχαίρας
2665 3660 2975 3726 διστόμου.
3009 3655 3181 3708 Τοῦτο
3213 3655 3394 3707 τοίνυν
3429 3657 3526 3708 καὶ
3555 3657 3650 3708 ἐπὶ
3684 3658 3802 3710 τῶν

2196 3743 2591 3813 δανειζομένων
2633 3743 2878 3809 γίνεται·
2936 3741 3064 3791 ὅταν
3114 3738 3213 3808 μὲν
3259 3739 3370 3808 γὰρ
3422 3737 3679 3812 λαμϐάνῃ
3727 3742 3802 3794 τὰ

2198 3831 2456 3901 χρήματα
2488 3829 2515 3878 ό
2541 3826 2826 3893 δεόμενος,
2870 3822 3233 3891 παραμυθίαν
3266 3821 3536 3892 λαμϐάνει
3587 3826 3800 3893 μικράν

2199 3927 2318 3963 τινα
2349 3910 2442 3961 καὶ
2476 3907 2840 3976 πρόσκαιρονο
2884 3905 3110 3975 ὕστερον
3152 3905 3209 3957 δὲ
3249 3905 3360 3956 τῶν
3407 3904 3585 3956 τόκων
3633 3907 3800 3971 αὐξο-

2205 3996 2404 4064 μένων,
2423 3992 2628 4045 καὶτοῦ
2665 3991 2884 4061 φορτίου
2919 3990 3164 4058 μείζονος
3195 3989 3294 4057 τῆς
3325 3986 3611 4056 δυνάμεως
3636 4007 3797 4059 γενο-

2206 4078 2388 4146 μένου,
2449 4077 2625 4128 ὲκεῖνο
2656 4074 2715 4126 τὸ
2763 4073 2935 4140 γλυκὺ
2982 4073 3076 4126 καὶ
3123 4071 3356 4125 λιπάναν
3398 4072 3487 4124 τὸν
3540 4073 3798 4142 λάρυγγα

2204 4159 2522 4228 πικρότερον
2561 4158 2724 4227 χολῆς
2752 4156 2945 4223 ὄψεται
2985 4154 3292 4223 γινόμενον,
3325 4156 3421 4207 καὶ
3448 4158 3797 4226 ἠκονημένον

2208 4243 2404 4311 μᾶλλον
2457 4240 2733 4311 μαχαίρας
2779 4240 3059 4307 διστόμου,
3103 4238 3212 4290 τῶν
3260 4238 3531 4309 πατρῴων
3567 4242 3797 4295 πάντων

2204 4327 2508 4394 ἀποστῆναι
2537 4325 2732 4394 ἀθρόον
2761 4323 3228 4391 ἀναγκαζόμενος.

2275 4407 2343 4476 β’.
2371 4408 2506 4460 Ἀλλ’
2527 4409 2633 4461 ἀπὸ
2663 4407 2772 4460 τῶν
2807 4407 3082 4476 αἰσθητῶν
3107 4407 3201 4459 ἐπὶ
3222 4406 3293 4459 τὰ
3317 4409 3672 4476 πνευματικά
3701 4408 3798 4462 τὸν

2203 4490 2357 4556 λόγον
2388 4491 2731 4561 μετάγωμεν.
2784 4490 2941 4542 Ἔδει
2982 4507 3076 4554 σε,
3129 4489 3288 4559 φησὶ,
3327 4491 3694 4565 καταϐαλεῖν
3725 4492 3798 4544 τὸ

2202 4576 2484 4643 ἀργύριόν·
2515 4592 2634 4645 μοι)
2674 4573 2773 4626 ἐπὶ
2824 4572 2967 4638 τοὺς
3011 4572 3384 4640 τραπεζῖτας,
3439 4574 3650 4626 ἐκείνου
3696 4575 3796 4627 τοῦ

2204 4659 2467 4730 ἀργυρίου
2500 4657 2834 4729 τραπεζίτας
2864 4659 3007 4727 ὑμᾶς
3041 4657 3222 4710 καλῶν
3243 4659 3370 4721 τοὺς
3393 4659 3501 4710 τῶν
3526 4659 3796 4727 ῥημάτων

2201 4747 2405 4799 τούτων
2432 4746 2726 4814 ἀκροατάς.
2763 4744 2872 4795 Καὶ
2902 4745 3045 4805 τίνος
3075 4743 3260 4796 ἕνεκεν
3288 4742 3622 4813 τραπεζίτας
3647 4744 3797 4813 ὑμᾶς

2202 4828 2460 4881 ἐκάλεσεν
2509 4830 2536 4880 6
2584 4827 2763 4890 Θεός;
2818 4826 3096 4879 Παιδεύων
3155 4826 3406 4888 ἅπαντας
3461 4827 3562 4894 τὴν
3613 4827 3790 4896 αὐτὴν

2206 4911 2437 4981 σπουδὴν
2464 4909 2869 4963 ἐπιδείκνυσθαι
2908 4910 3034 4978 περὶ
3062 4908 3162 4978 τὴν
3200 4908 3526 4979 δοκιμασίαν
3556 4907 3670 4961 τῶν
3699 4909 3792 4962 λε-

2204 4995 2489 5062 γομένων,
2535 4994 2667 5062 ὅσην
2717 4993 2913 5043 ἐκεῖνοι
2971 4991 3205 5061 σπουδὴν
3258 4992 3446 5060 ἔχουσι
3504 4992 3633 5062 περί
3689 4992 3792 5060 τὴν

2204 5077 2447 5140 ἐξέτασιν
2478 5076 2572 5128 καί
2606 5074 2810 5127 εἴσοδον
2844 5073 2952 5126 τῶν
2982 5075 3354 5144 νομισμάτων.
3382 5074 3648 5144 Καθάπερ
3679 5075 3789 5144 γὰρ

2204 5161 2253 5212 οἰ
2281 5157 2602 5228 τραπεζῖται
2645 5158 2705 5209 τὸ
2741 5157 2838 5227 μὲν
2893 5157 3143 5225 κίϐδηλον
3189 5158 3282 5210 καὶ
3333 5156 3662 5226 παράσημον
3697 5159 3792 5209 ὲκ-

2205 5240 2459 5294 ϐάλλουσι
2488 5241 2753 5311 νόμισμα,
2783 5239 2842 5292 τὸ
2875 5239 2929 5292 δὲ
2963 5240 3185 5310 δόκιμον
3212 5241 3303 5292 καὶ
3331 5240 3482 5307 ὑγιὲς
3512 5240 3784 5309 δέχονται,

2205 5327 2296 5377 καὶ
2330 5325 2664 5395 διακρίνουσι
2695 5324 2753 5376 τὸ
2776 5324 2928 5375 νόθον
2963 5323 3069 5376 ἀπὸ
3100 5324 3192 5376 τοῦ
3225 5324 3472 5394 γνησίουο
3514 5324 3657 5376 οὕτω
3693 5325 3785 5376 καὶ

2209 5410 2270 5459 σὺ
2321 5409 2563 5476 ποίησον,
2610 5409 2703 5461 καὶ
2755 5406 2827 5475 μὴ
2865 5406 3043 5457 πάντα
3077 5406 3383 5477 παραδέχου
3419 5405 3599 5472 λόγον,
3651 5406 3784 5458 ἀλλὰ

2202 5490 2292 5540 τὸν
2327 5490 2425 5558 μὲν
2455 5490 2701 5560 κίϐδηλον
2729 5490 2820 5542 καὶ
2854 5488 3243 5559 διεφθαρμένον
3273 5487 3501 5539 ἔκϐαλλε
3533 5488 3640 5540 ἀπὸ
3667 5487 3780 5540 σοῦ.

2203 5572 2293 5623 τὶν
2342 5572 2396 5624 δὲ
2448 5572 2572 5640 ὑγιῆ
2633 5573 2726 5625 καὶ
2778 5571 3049 5640 σωτηρίαν
3097 5571 3285 5640 ἔχοντα
3331 5570 3671 5639 παράπεμπε
3716 5573 3778 5637 τῇ

2203 5654 2426 5722 ἑανοῖᾳ,
2481 5656 2631 5708 Ἔστι
2669 5655 2794 5723 γὰρ,
2832 5655 2943 5706 ἔστι
2995 5657 3084 5706 κτὰ
3120 5655 3200 5706 σοὶ
3245 5653 3382 5720 ζυγά
3413 5653 3504 5706 καὶ
3540 5653 3778 5724 σταθμία
