4058 6392
257 353 327 407 9‘1
903 336 1041 394 CUR
1081 336 1147 393 1N
1188 334 1476 392 PENTEC.
1521 336 1725 399 ACTA,
1769 334 1920 390 ETC.
1955 335 2023 391 IN
2064 332 2355 391 PRINCIP.
2384 332 2737 390 ACTORUM.
2773 332 2859 388 IV.
3512 318 3583 377 98

259 463 481 525 partus,
514 460 702 523 partus
730 450 1068 522 spirituales,
1102 459 1285 520 partus
1314 464 1381 504 ex
1411 450 1580 519 gratia
1613 457 1669 503 et
1708 450 1861 503 beni-

260 546 464 615 gnitate
494 543 626 608 Dei,
669 550 848 611 partus
889 539 1085 595 laetitia:
1127 540 1316 610 plenus
1350 547 1405 592 et
1445 538 1642 609 gaudii.
1680 538 1865 594 Atille

262 635 413 704 prior
440 634 559 689 talis
586 634 803 686 minime
830 630 963 697 fuit,
996 629 1090 685 sed
1120 646 1150 685 a
1182 630 1429 685 lamentis
1458 630 1663 683 initium
1691 628 1860 683 duxit.

260 723 540 793 Siquidem
567 722 655 775 ubi
688 720 887 792 prodiit
917 721 1091 775 infans
1118 735 1184 775 ex
1213 730 1367 773 utero
1396 728 1450 774 et
1473 734 1537 774 ex
1568 719 1689 773 alvo
1717 718 1866 787 dejen

259 823 383 867 ctus
412 821 530 876 est,
560 812 785 882 primam
816 826 939 881 eum
974 800 1220 881 lacrymis
1248 824 1433 864 vocem
1470 810 1666 875 mittit,
1708 817 1869 878 prout

259 903 396 958 dixit
428 904 691 973 quispiam
722 920 738 955 :
774 902 1003 956 Primam
1030 917 1199 956 uocem
1228 902 1442 955 similem
1471 901 1701 954 omnibus
1723 915 1865 969 teque

260 993 473 1061 plorans
506 990 657 1061 (Sap.
693 992 747 1045 7.
781 992 858 1061 ὅ).
893 990 997 1045 Per
1027 990 1259 1045 lamenta
1298 988 1563 1059 siquidem
1595 990 1867 1058 ingressus

261 1084 320 1137 in
352 1090 511 1137 vttam
534 1123 549 1146 ,
584 1098 679 1152 per
710 1082 972 1153 lacrymas
1001 1080 1220 1136 exordia
1241 1120 1256 1144 ,
1288 1079 1415 1133 dum
1460 1078 1663 1135 futuras
1692 1078 1865 1133 mole-

259 1174 397 1229 stias
436 1182 621 1227 natura
666 1173 1007 1243 praenuntiat.
1040 1170 1148 1227 Cur
1193 1170 1367 1240 plorat
1394 1170 1570 1229 infans
1598 1184 1719 1225 cum
1749 1169 1866 1225 exit

263 1265 321 1319 in
349 1264 565 1319 lucem?
594 1263 704 1318 Hac
733 1263 802 1318 de
824 1250 999 1317 causa
1035 1280 1049 1317 :
1079 1270 1204 1315 ante
1233 1266 1507 1330 peccatum
1537 1259 1753 1330 quidem
1779 1259 1865 1314 di-

258 1354 418 1409 cebat
459 1354 633 1418 Deus,
662 1352 909 1418 Crescite,
940 1359 988 1406 et
1025 1350 1439 1418 multiplicamini
1469 1348 1621 1420 (Gen.
1656 1351 1707 1404 1.
1736 1349 1828 1420 28)
1848 1392 1862 1415 ,

260 1446 408 1517 quod
439 1454 555 1501 erat
582 1444 973 1499 benedictionis
997 1461 1009 1497 :
1036 1442 1165 1497 illud
1190 1451 1391 1506 autem,
1414 1440 1481 1495 In
1502 1440 1676 1500 dolore
1701 1444 1869 1512 paries

261 1538 401 1606 ﬁlios
430 1536 591 1608 (Gen.
628 1537 681 1590 5.
714 1536 844 1604 16),
888 1544 1008 1603 post
1036 1543 1308 1603 peccatum
1347 1532 1550 1586 dictum
1581 1540 1697 1598 est,
1722 1532 1869 1602 quod

262 1638 384 1683 erat
404 1643 597 1699 preme.
624 1627 810 1698 Neque
830 1641 958 1682 vero
980 1626 1231 1697 lacrymze
1259 1626 1310 1678 in
1338 1624 1613 1678 nativitate
1638 1632 1867 1690 tantum,

261 1721 361 1777 sed
389 1730 442 1775 et
468 1720 645 1775 fasciaa
672 1729 727 1775 et
758 1717 972 1773 vincula
1006 1735 1021 1773 :
1050 1718 1305 1787 lacrymae
1348 1715 1401 1775 in
1444 1715 1751 1780 nativitate,
1787 1714 1870 1769 la-

260 1828 464 1885 crymie
485 1829 539 1867 m
562 1803 735 1867 morte
755 1828 768 1864 :
793 1811 972 1865 fasciae
991 1810 1043 1863 in
1066 1809 1362 1873 nativitate,
1385 1808 1564 1862 fascia:
1584 1808 1638 1863 in
1661 1815 1868 1862 morte:

264 1916 328 1961 ut
369 1905 632 1974 intelligas
672 1904 835 1956 vitam
878 1901 1018 1957 banc
1048 1900 1102 1956 in
1133 1910 1361 1955 mortem
1389 1898 1671 1964 desinere,
1694 1907 1750 1952 et
1780 1898 1873 1952 illo

268 1996 381 2051 line
410 1996 701 2051 terminari.
731 1993 839 2050 Sed
868 1992 988 2047 talis
1015 2006 1120 2047 non
1158 2000 1243 2046 est
1285 1992 1401 2045 hinc
1430 1990 1699 2044 nativitas.
1730 1988 1872 2043 Nus-

266 2216 593 2261 γεωρυιο
662 2215 788 2258 NON
832 2212 1109 2266 ρΔιιΕιιις,
1156 2211 1211 2254 SI
1255 2210 1615 2254 AUDITOBES
1658 2210 1738 2252 ΕΔ
1783 2210 2100 2273 ΤΔΟΕΔΠΤ,
2144 2210 2289 2263 QUE
2333 2213 2399 2255 IN
2469 2213 2767 2257 ECCLESIA
2835 2216 3187 2271 DICUNI'UR,

358 2318 465 2362 REI
507 2316 755 2361 GBATIL'
791 2312 1128 2357 LEGANTUR
1171 2311 1331 2354 ACTA
1396 2308 1855 2354 Αιόετοιοιιῠιί

2011 2312 2451 2370 PENTECOS’I‘E;
2498 2315 2579 2357 ΕΤ
2622 2315 2748 2359 ουιι
2792 2316 3061 2360 ΒΕΙΡευὶί

1970 464 2131 519 quam
2163 450 2418 521 lacrymse
2443 456 2499 502 et
2524 447 2726 513 fascite,
2750 447 2843 502 sed
2872 446 3078 501 solutus
3100 447 3294 516 estqui
3322 448 3580 514 nascitur,

1972 549 2026 594 et
2056 539 2123 593 ad
2152 548 2424 595 certamen
2471 548 2691 609 paratus
2724 554 2738 591 :
2772 548 3053 608 propterea
3085 547 3212 593 sunt
3237 540 3398 593 etiam
3430 540 3579 596 liberi

1971 629 2176 699 pedes,
2205 638 2261 684 et
2290 645 2513 697 manus,
2543 636 2607 683 ut
2636 636 2691 682 et
2725 637 2909 682 currat
2952 637 3008 683 et
3047 637 3245 698 pugnet
3274 646 3287 682 :
3321 644 3584 699 nusquam

1974 719 2207 774 lamenta
2233 760 2250 787 ,
2280 736 2542 791 nusquam
2581 723 2841 783 lacryma:
2871 719 2958 774 hic
2979 759 2995 785 ,
3034 718 3129 773 sed
3160 719 3506 774 salutationes
3531 730 3587 774 et

1971 812 2155 865 oscula
2181 852 2195 874 ,
2241 820 2297 867 et
2338 812 2616 882 amplexus
2656 805 2889 865 fratrum
2934 811 3031 880 qui
3074 824 3241 864 suum
3280 810 3584 864 membrum

1972 912 2288 971 agnoscunt,
2317 912 2372 957 et
2397 910 2668 973 tamquam
2699 918 2766 957 ex
2803 899 3090 970 longinqua
3120 916 3397 956 reversum
3428 916 3585 972 pere-

1973 991 2274 1060 grinatione
2313 993 2595 1061 recipiunt.
2633 992 2763 1046 Nam
2795 989 3049 1063 quoniam
3091 1000 3217 1046 ante
3249 990 3587 1061 baptismum

1972 1080 2221 1136 inimicus
2245 1088 2362 1136 erat
2380 1074 2399 1147 ,
2426 1089 2548 1151 post
2581 1081 2907 1151 baptismum
2944 1084 3130 1137 uitem
3159 1081 3363 1137 amicus
3392 1091 3475 1137 est
3506 1081 3587 1136 fa-

1972 1178 2092 1225 ctus
2130 1171 2434 1226 communis
2462 1171 2700 1225 omnium
2739 1180 2979 1227 nostrum
3021 1168 3274 1237 Domini,
3308 1180 3588 1242 propterea

1973 1260 2308 1330 gratulamur
2334 1275 2563 1327 omnes;
2596 1262 2798 1316 idcirco
2825 1264 2985 1319 etiam
3013 1265 3255 1320 osculum
3284 1277 3392 1337 pax
3429 1277 3590 1317 voca-

1976 1362 2080 1416 tur,
2113 1362 2170 1406 ut
2196 1352 2468 1407 discamus
2494 1367 2524 1407 a
2552 1352 2664 1407 Deo
2691 1353 2898 1409 finitum
2928 1370 3049 1411 esse
3080 1356 3303 1425 bellum,
3326 1363 3386 1414 et
3407 1369 3512 1413 nos
3538 1357 3590 1409 in

1977 1441 2263 1495 amicitiam
2304 1442 2425 1511 ejus
2468 1452 2714 1511 receptos
2746 1459 2887 1499 esse.
2935 1445 3085 1501 Hanc
3126 1446 3287 1517 igitur
3325 1453 3592 1519 perpetuo

1974 1545 2354 1586 conservemus
2376 1574 2388 1597 ,
2419 1533 2556 1587 banc
2582 1548 2765 1603 pacem
2792 1532 3069 1589 foveamus
3087 1577 3103 1604 ,
3128 1536 3267 1590 hanc
3286 1538 3581 1593 amicitiam

1976 1637 2302 1692 augeamus,
2335 1633 2392 1678 ut
2427 1633 2627 1678 :eterna
2656 1641 2871 1695 quoque
2903 1627 3245 1683 tabernacula
3286 1643 3582 1699 consequa-

1980 1729 2121 1780 mur,
2144 1715 2315 1784 gratia
2343 1723 2397 1769 et
2422 1714 2749 1785 benignitate
2778 1716 2985 1772 Domini
3014 1719 3180 1773 nostri
3207 1717 3335 1774 Jesn
3363 1717 3588 1787 Christi,

1982 1820 2079 1874 per
2102 1822 2263 1875 quem
2292 1815 2348 1861 et
2374 1822 2496 1862 cum
2524 1822 2634 1876 quo
2660 1807 2805 1862 Patri
2826 1807 3019 1878 gloria,
3054 1808 3249 1876 honor,
3279 1810 3588 1880 imperium,

1983 1912 2085 1950 una
2113 1912 2235 1953 cum
2265 1907 2453 1953 sancto
2478 1913 2542 1953 ac
2567 1898 2776 1953 vivifico
2804 1898 3005 1969 Spiritu
3026 1942 3041 1967 ,
3075 1915 3219 1955 nunc
3253 1908 3309 1956 et
3346 1914 3603 1971 semper,

1982 1998 2040 2044 et
2066 1991 2116 2044 in
2151 1991 2341 2045 sazcula
2372 1991 2714 2045 seculorum.
2750 1992 2946 2045 Amen.

3258 2218 3339 2260 ET
3398 2218 3605 2263 οωῠθ·

3131 2316 3258 2360 NON
3312 2317 3594 2361 OMNIBUS

351 2416 656 2462 cnmsrus
699 2393 1121 2465 os'rsunsnrr,
1167 2410 1301 2453 cum
1344 2408 1775 2453 suuusxrsssr
1815 2411 1856 2453 Α
1898 2410 2215 2467 ιιοιιτυιες
2264 2413 2530 2465 eumque
2573 2414 2791 2458 mucro
2834 2416 3202 2461 cumonnu
3250 2417 3389 2461 IPSO
3430 2417 3604 2461 con.

352 2517 587 2561 SPECTU
631 2510 1268 2558 DEIONSTIATIONBI
1311 2508 1692 2551 BIBIBUISSE
1738 2501 2283 2554 ιιιςευιιιιιεοτιοκιε
2328 2510 2451 2553 PER
2495 2512 2847 2568 κιιιΑωω,
2893 2513 3038 2567 QUB
3082 2515 3248 2559 SUNT
3290 2516 3389 2558 Al
3430 2517 3605 2560 APO—

354 2617 567 2662 srous
610 2615 805 2659 EDITA
850 2594 963 2674 (a).

1808 2723 2075 2776 Θέοπῦ

348 2854 402 2909 1.
440 2850 661 2906 Usuram
685 2849 931 2903 doctrina
955 2854 1174 2917 accepta
1198 2844 1354 2915 exigit
1379 2842 1537 2897 Deus.
1566 2840 1613 2897 U
1616 2856 1764 2896 suras
1794 2841 1882 2910 qui

274 2949 486 3018 exigunt
513 2961 664 3015 quam
703 2943 865 3013 iniqui
901 2942 1024 2996 sint.
1053 2968 1126 2980 —
1155 2938 1409 3007 Hajorem
1438 2935 1602 2989 debiti
1637 2942 1844 3005 partem
1864 2970 1881 2997 ,

275 3038 424 3109 quod
444 3053 508 3091 ex
530 3035 815 3090 occasione
842 3030 1205 3100 inscriptionis
1227 3030 1482 3082 Actorum
1505 3023 1883 3094 Apostolorum

276 3127 679 3191 contraximus,
709 3121 1077 3194 superioribus
1107 3120 1263 3174 vobis
1285 3117 1477 3171 diebus
1506 3114 1835 3170 exsolvimus
1868 3130 1882 3167 :

278 3217 378 3275 sed
407 3216 661 3287 quoniam
707 3212 978 3267 modicum
1016 3208 1193 3263 adhuc
1236 3204 1582 3275 reliquiarum
1613 3202 1888 3275 quippiam

279 3319 491 3376 restat,
524 3309 627 3363 hoc
665 3319 876 3376 quoque
914 3301 1069 3356 vobis
1097 3299 1359 3354 hodierno
1387 3297 1476 3351 die
1514 3304 1891 3351 numeraturus

281 3416 534 3470 exsurgo.
568 3400 651 3452 An
678 3412 808 3451 vero
833 3394 1118 3463 diligenter
1143 3404 1229 3454 ea,
1257 3404 1377 3458 quae
1407 3388 1547 3442 dicta
1588 3393 1730 3448 sunt,
1761 3399 1892 3439 con-

283 3494 511 3548 servetis
531 3531 545 3555 ,
572 3500 627 3544 et
649 3488 891 3542 studiose
918 3482 1175 3539 memoria
1207 3480 1437 3554 teneatis
1457 3521 1472 3546 ,
1504 3494 1602 3533 vos
1630 3478 1779 3532 scitis
1801 3476 1891 3545 qui

286 3584 544 3655 pecunias
579 3579 895 3649 accepistis,
924 3587 977 3631 et
1004 3591 1032 3629 a
1064 3575 1257 3645 quibus
1287 3575 1509 3628 istarum
1548 3571 1894 3639 pecuniarum

285 3677 550 3733 rationem
576 3674 627 3726 in
656 3672 747 3725 illo
769 3670 856 3724 die
878 3668 1061 3737 exiget
1089 3666 1363 3726 Dominus,
1390 3679 1512 3717 cum
1540 3663 1638 3730 illi,
1668 3676 1894 3730 quorum

290 3768 414 3822 fidei
445 3766 644 3819 talenta
672 3764 961 3817 commissa
992 3766 1134 3822 sunt,
1165 3756 1520 3819 vocabuntur,
1550 3763 1604 3808 et
1630 3754 1893 3807 rationem

289 3859 519 3915 reddent
544 3875 554 3907 :
581 3870 701 3909 cum
724 3853 968 3908 Christus
993 3850 1266 3913 adveniet,
1290 3857 1344 3902 et
1367 3862 1396 3899 a
1425 3846 1735 3899 numulariis
1759 3844 1897 3898 hanc

291 3953 571 4021 pecuniam
602 3948 779 4015 exiget
819 3959 939 3999 cum
973 3942 1169 3996 usuris.
1207 3939 1446 4007 Oportuit
1477 3939 1655 4003 enim,
1689 3937 1895 4006 inquit,

292 4051 341 4093 te
358 4039 667 4091 committere
691 4036 955 4105 pecuniam
983 4047 1147 4084 meam
1172 4028 1500 4093 numulariis,
1526 4038 1570 4080 et
1590 4029 1789 4081 ueniens
1808 4044 1900 4097 ego

293 4146 409 4182 eum
430 4145 587 4180 usura
615 4126 887 4195 exegissem
914 4123 1057 4176 illam
1081 4120 1296 4189 (Matth.
1324 4119 1413 4173 25.
1441 4119 1558 4186 27).
1582 4117 1627 4172 O
1653 4132 1898 4187 magnam

294 4228 351 4271 et
393 4217 714 4271 ineffabilem
758 4214 966 4269 Domini
1010 4212 1429 4281 benignitatem!
1464 4209 1565 4275 Qui
1595 4208 1901 4263 hominibus

296 4311 546 4380 prohibet
573 4323 761 4362 usuras
788 4322 856 4361 ne
886 4306 1136 4374 exigant,
1174 4304 1287 4370 ipse
1327 4304 1490 4370 exigit
1527 4316 1737 4355 usuras.
1763 4300 1901 4367 Quid

297 4402 416 4457 ita?
443 4400 706 4467 Quoniam
736 4396 1038 4451 damnanda
1069 4402 1151 4449 est
1180 4408 1340 4448 usura
1379 4393 1467 4447 illa
1494 4400 1550 4447 et
1580 4392 1906 4446 accusationi

297 4493 570 4557 obnoxia;
620 4491 735 4545 haec
783 4498 962 4543 autem
1009 4487 1293 4541 laudabilis
1337 4494 1391 4541 et
1436 4485 1905 4541 commendatione

298 4587 478 4655 digna.
516 4584 697 4652 Itaque
722 4597 878 4636 usura
908 4582 1023 4647 illa,
1047 4580 1417 4650 pecuniarum,
1446 4580 1685 4647 inquam,
1709 4587 1763 4633 et
1783 4593 1907 4632 eum

298 4682 387 4747 qui
418 4677 644 4745 accipit,
676 4683 731 4729 et
759 4690 879 4727 eum
912 4674 1004 4743 qui
1032 4674 1231 4739 solvit,
1263 4673 1461 4727 damno
1488 4672 1657 4725 afficit
1689 4689 1702 4723 :
1737 4671 1906 4741 siqui-

300 4770 422 4823 dem
466 4778 519 4821 et
548 4768 665 4834 ejus
694 4766 783 4835 qui
812 4766 1039 4833 accipit,
1069 4766 1300 4818 animam
1343 4763 1553 4834 perdit,
1587 4776 1642 4818 et
1676 4763 1792 4831 ejus
1818 4764 1906 4832 qui

300 4859 494 4923 solvit,
532 4866 821 4925 egestatem
865 4854 1071 4924 affligit.
1116 4855 1251 4920 Quid
1295 4857 1438 4909 enim
1482 4856 1751 4909 crudelius
1796 4855 1911 4909 fieri

304 4960 501 5019 poteSt,
527 4964 684 5016 quam
709 4961 831 4999 cum
858 4961 919 4999 ex
952 4946 1179 5013 proximi
1207 4955 1443 5015 egestate
1469 4946 1735 5015 quispiam
1765 4962 1911 5015 quae-

303 5049 446 5095 stum
475 5040 622 5103 facit,
644 5050 696 5091 et
724 5038 781 5091 in
809 5039 1029 5091 fratrum
1053 5038 1443 5091 calamitatibus
1470 5037 1617 5091 lucra
1646 5040 1913 5093 sectatur?

305 5148 427 5185 cum
451 5134 569 5201 quis
598 5132 938 5200 benignitatis
968 5132 1169 5184 larvam
1198 5142 1435 5199 gestans,
1468 5131 1910 5186 inltumanitatcm

307 5238 522 5275 omnem
562 5230 778 5274 exercet
801 5262 813 5281 ,
845 5231 899 5274 et
936 5222 1021 5289 qui
1066 5222 1339 5290 porrigere
1371 5237 1586 5276 manum
1621 5223 1909 5285 debuerat,

308 5328 431 5366 eum
476 5312 526 5364 in
574 5312 879 5365 barathrum
916 5314 1199 5380 propellit,
1225 5315 1312 5380 qui
1344 5314 1582 5367 subsidio
1616 5315 1915 5384 indigebat?

310 5403 446 5470 Quid
478 5402 629 5467 facis,
658 5404 727 5456 tui
755 5403 915 5457 homo
937 5403 961 5455 ?
986 5404 1100 5456 Non
1134 5404 1334 5458 idcirco
1359 5404 1421 5458 ad
1454 5414 1569 5459 tuas
1605 5409 1805 5476 appulit
1839 5410 1916 5461 fu-

313 5508 403 5548 res
437 5508 674 5561 pauper,
724 5503 778 5546 ut
821 5494 985 5561 ipsius
1032 5510 1233 5563 augeas
1282 5507 1679 5564 paupertatem,
1723 5499 1815 5553 sed
1863 5510 1918 5553 ut

315 5583 488 5652 ipsum
524 5584 720 5637 liberes
754 5594 1064 5653 paupertate
1097 5606 1107 5637 :
1138 5594 1191 5638 at
1223 5595 1275 5639 tu
1320 5586 1540 5653 perinde
1580 5590 1692 5657 agis
1714 5633 1726 5657 ,
1762 5600 1919 5660 atque

380 5692 451 5754 (ιι)
486 5692 795 5760 collaturum
815 5702 895 5743 Ms.
913 5696 1125 5760 calfieri.
1151 5696 1291 5753 5038,
1320 5698 1364 5743 in
1392 5711 1487 5760 quo
1507 5701 1762 5751 innumera
1778 5715 1917 5753 meu-

315 5760 398 5808 da.
420 5761 527 5805 uere
553 5756 752 5806 Humilia
771 5757 913 5807 deest
933 5760 981 5807 iu
1000 5759 1213 5807 Editione
1231 5768 1307 5807 sui
1322 5760 1406 5807 ilii.

1994 2838 2069 2893 illi
2100 2841 2191 2909 qui
2221 2857 2427 2896 venena
2457 2852 2685 2901 mrscent
2716 2862 2730 2900 :
2758 2843 3196 2915 quandoquidem
3229 2847 3339 2917 ipsi
3360 2846 3487 2903 dum
3517 2848 3615 2905 illa

1994 2932 2267 2986 consuetis
2306 2933 2442 2988 cibis
2486 2933 2814 3001 admiscent,
2847 2936 3090 2991 occultas
3125 2937 3196 2991 ita
3240 2948 3432 3007 parant
3472 2940 3618 2995 insi-

1995 3019 2157 3076 dias:
2188 3021 2277 3075 isti
2305 3038 2518 3093 quoque
2557 3024 2683 3078 dum
2730 3024 3081 3095 benignitatis
3119 3028 3297 3098 specie
3336 3029 3623 3099 pernicioo

1996 3124 2111 3164 sam
2142 3126 2358 3165 usuram
2386 3114 2681 3179 occultant,
2708 3114 2888 3169 damni
2916 3116 2999 3171 sui
3030 3132 3247 3173 sensum
3274 3133 3471 3189 capere
3498 3136 3624 3175 non~

1994 3203 2182 3257 sinunt
2200 3219 2316 3271 eos,
2340 3205 2430 3273 qui
2452 3204 2725 3261 letiferum
2752 3206 2881 3262 illud
2908 3217 3031 3262 sunt
3050 3224 3317 3264 venenum
3346 3211 3625 3266 liausturi-

1998 3292 2360 3359 Quamobrem
2391 3295 2442 3349 id
2470 3296 2610 3365 quod
2650 3297 2719 3353 de
2761 3308 2985 3368 peccato
3019 3299 3223 3355 dictum
3254 3311 3375 3369 est,
3408 3318 3613 3375 oppor-

2005 3393 2132 3439 tune
2174 3387 2370 3454 potcrit
2399 3394 2456 3441 et
2483 3387 2550 3441 de
2582 3388 2683 3442 illis
2712 3391 2804 3459 qui
2849 3389 3039 3446 [ωηοτί
3076 3392 3245 3460 dant,
3270 3405 3326 3447 et
3366 3404 3615 3451 mutuum

2002 3476 2292 3546 accipiunt,
2321 3476 2521 3531 efferri.
2551 3478 2690 3546 Quid
2723 3496 2886 3550 porro
2913 3482 3116 3537 dictum
3147 3494 3229 3538 est
3255 3484 3323 3539 de
3352 3488 3616 3555 peccato?

2001 3567 2083 3619 Ad
2126 3576 2360 3636 tempus,
2403 3569 2608 3635 inquit,
2653 3572 2839 3624 mulcet
2878 3576 3052 3643 fauces
3094 3583 3209 3627 tuas
3238 3590 3258 3628 :
3287 3585 3462 3645 postea
3500 3594 3617 3631 vero

2001 3659 2228 3712 amarius
2252 3658 2383 3712 illud
2411 3660 2531 3729 felle
2554 3660 2796 3727 invenies,
2822 3671 2867 3716 ct
2892 3665 3054 3734 magis
3080 3675 3305 3733 actuum,
3330 3684 3481 3738 quam
3503 3669 3620 3737 gla-

2004 3749 2145 3801 dium
2174 3750 2446 3819 ancipitem
2476 3750 2676 3822 (Prov.
2720 3753 2773 3807 5.
2816 3756 2868 3809 5.
2908 3756 2998 3825 4).
3046 3756 3160 3813 lloc
3205 3758 3366 3828 igitur
3390 3770 3445 3813 et
3472 3761 3525 3814 in
3556 3762 3621 3815 iis

2003 3842 2229 3906 accidit,
2258 3844 2349 3911 qui
2385 3842 2596 3899 {tenore
2633 3846 2904 3915 accipiunt
2938 3864 2951 3902 :
2988 3848 3255 3918 siquidem
3288 3866 3411 3905 cum
3454 3866 3621 3920 pecu-

2004 3930 2122 3985 nias
2149 3931 2345 3999 aceipit
2383 3932 2475 4001 qui
2506 3935 2588 3988 eis
2630 3934 2869 4003 indiget,
2900 3937 3093 4005 exiguo
3130 3940 3383 4007 quopiam
3425 3941 3621 3995 solatio

2006 4022 2073 4077 ad
2105 4034 2315 4092 tempus
2350 4024 2542 4078 fruitur
2572 4044 2583 4077 :
2615 4037 2803 4095 postea
2831 4043 2960 4081 vero
2993 4028 3082 4082 ubi
3126 4029 3299 4084 faenus
3343 4034 3616 4097 accrevit,

2008 4123 2061 4165 et
2098 4113 2269 4182 majus
2309 4115 2513 4168 viribus
2560 4114 2760 4170 factum
2800 4126 2882 4170 est
2919 4133 3095 4185 onus,
3124 4119 3279 4173 dulce
3316 4120 3445 4174 illud
3477 4124 3621 4191 quod

2009 4199 2193 4256 fauces
2235 4204 2702 4273 impinguaverat,
2742 4206 2864 4261 felle
2903 4208 3142 4262 amarius
3182 4210 3382 4264 sentiet
3420 4209 3627 4267 factum

2012 4309 2165 4361 esse,
2197 4304 2357 4365 atque
2382 4297 2593 4350 acutius
2632 4296 2808 4367 gladio
2846 4299 3105 4368 ancipiti,
3147 4300 3438 4372 statimque
3470 4302 3629 4358 bonis

2012 4386 2262 4440 omnibus
2290 4388 2524 4454 paternis
2550 4388 2745 4442 cedere
2774 4400 3018 4457 cogetur.

2083 4477 2139 4530 2.
2184 4476 2378 4531 Verum
2408 4476 2699 4542 διηνθτο
2740 4491 2769 4533 a
2810 4480 3097 4535 sensilibus
3127 4483 3193 4536 ad
3221 4500 3283 4538 ea
3312 4500 3430 4553 qua:
3462 4486 3628 4555 spiri-

2015 4569 2177 4622 tualia
2208 4579 2333 4623 sunt
2367 4571 2667 4624 orationem
2708 4572 3071 4628 traducamus.
3112 4572 3387 4643 Oportuit,
3424 4578 3630 4647 inquit,

2017 4671 2063 4713 te
2092 4663 2401 4715 committere
2436 4666 2703 4731 pecuniam
2744 4680 2906 4716 meum
2946 4666 3251 4720 numularii:
3282 4667 3299 4735 (
3318 4666 3505 4721 Matt/1.
3536 4670 3627 4723 25.

2014 4751 2109 4822 ‘27)
2136 4792 2150 4817 ,
2182 4752 2326 4805 illius
2364 4754 2602 4820 pecunia:
2638 4754 2971 4809 numularios
3003 4770 3099 4810 vos
3134 4758 3411 4826 appellans
3436 4760 3630 4815 verbo-

2020 4857 2135 4895 rum
2184 4842 2407 4896 istorum
2450 4843 2740 4899 auditores.
2777 4844 2946 4911 Quam
2986 4862 3117 4901 vero
3154 4848 3225 4901 ob
3265 4864 3480 4903 causam
3526 4868 3633 4905 nu-

2020 4934 2273 4986 mularios
2318 4948 2414 4987 vos
2464 4933 2606 4988 Deus
2652 4936 2979 5003 appellavit?
3010 4938 3075 4991 Ut
3117 4954 3305 4992 omnes
3344 4940 3537 4995 doceat
3566 4942 3645 4997 ad.

2019 5024 2373 5077 examinanda
2406 5040 2504 5089 ea,
2539 5042 2659 5093 qure
2698 5025 2982 5091 dicuntur,
3030 5028 3169 5082 idem
3211 5030 3447 5084 studium
3498 5047 3629 5085 con—

2022 5115 2164 5169 ferre
2188 5156 2205 5181 ,
2239 5116 2379 5184 quod
2430 5117 2499 5169 illi
2540 5117 2832 5183 adhibent,
2866 5132 2987 5173 cum
3019 5120 3344 5189 exploranda
3379 5124 3463 5178 vel
3496 5124 3632 5178 infe-

2020 5208 2188 5262 renda
2214 5219 2335 5261 sunt
2360 5210 2706 5263 numismata.
2728 5209 2859 5263 Nam
2884 5220 2939 5264 ut
2966 5215 3250 5267 numularii
3272 5215 3637 5271 adulterinum

2024 5309 2076 5353 et
2116 5315 2397 5368 perperam
2440 5300 2704 5368 signatum
2741 5303 3006 5356 numisma
3043 5306 3362 5373 repudiant,
3406 5308 3635 5376 probum

2025 5401 2076 5443 et
2113 5390 2373 5459 integrum
2402 5390 2710 5453 admittunt,
2731 5401 2783 5443 et
2813 5391 3166 5447 adulteratum
3198 5411 3225 5447 a
3256 5398 3491 5465 genuino
3520 5399 3635 5451 dis-

2029 5481 2313 5550 tinguunt:
2345 5482 2411 5534 ita
2440 5483 2520 5535 fac
2563 5492 2615 5535 tu
2654 5498 2884 5552 quoque,
2916 5500 3089 5554 neque
3118 5501 3421 5542 sermonem
3450 5505 3637 5557 quem-

2027 5572 2106 5625 vis
2138 5572 2379 5636 admitte,
2413 5573 2505 5627 sed
2552 5574 2907 5629 adulterinum
2945 5578 3182 5646 quidem,
3214 5590 3637 5651 corruptumque

2028 5662 2122 5716 abs
2154 5672 2203 5717 te
2235 5664 2431 5734 rvjice,
2468 5666 2730 5732 integrum
2776 5678 2953 5721 autem
2990 5677 3045 5722 et
3086 5668 3376 5723 salutarem
3409 5673 3460 5725 in
3493 5679 3637 5726 luant

2032 5768 2264 5813 mentem
2297 5758 2540 5814 admitte.
2576 5759 2710 5814 Sunt
2742 5761 2883 5815 enim
2906 5802 2922 5829 ,
2955 5771 3078 5817 sunt
3108 5763 3268 5817 etiam
3303 5765 3393 5819 tibi
3427 5768 3645 5815 staterae
