4058 6412
503 333 573 389 99
1273 328 1330 383 S.
1373 326 1652 382 JOANNIS
1690 318 2164 379 CllliYSOS’i'Ulli
2203 319 2520 375 ARCHIEP.
2562 320 3097 378 CONSTANTINOP.

501 461 565 502 ac
602 445 818 516 trutinae
841 485 856 509 ,
896 458 1000 497 non
1045 458 1108 496 ex
1159 457 1268 496 aere
1311 441 1558 510 ferroque
1595 439 1873 503 conflatm,
1903 434 1996 490 sed
2027 449 2094 489 ex

503 552 711 591 morum
742 534 1054 590 castimonia
1081 542 1137 587 et
1169 531 1276 586 tide
1303 533 1645 600 compositze,
1673 540 1832 598 atque
1861 527 1944 581 his
1974 541 2094 578 om-

502 644 625 682 nem
668 640 971 682 sermonem
1016 625 1282 678 examina.
1325 624 1610 691 Pr0pterea
1654 634 1882 687 namque
1920 617 2090 682 dixit,

505 717 688 770 Estote
718 715 867 782 probi
900 714 1200 783 trapezitae,
1234 728 1339 766 non
1370 720 1427 766 ut
1455 712 1505 765 in
1537 711 1654 764 foro
1687 718 1888 763 stantes
1927 722 2094 777 pecu~

525 806 617 858 uias
645 804 956 869 nmueretis,
982 802 1075 857 sed
1101 812 1158 856 ut
1184 802 1328 854 omni
1354 799 1592 854 adhibito
1613 799 1793 852 studio
1817 811 2093 852 sermones

500 892 816 947 exatniuetis
841 911 854 946 :
882 903 1160 963 propterea
1189 890 1382 946 Paulus
1403 903 1615 958 quoque
1634 888 1772 943 dixit
1797 888 2089 957 apostolus,

503 984 689 1037 Omnia
728 985 937 1053 probate
959 1024 974 1045 ,
1001 983 1137 1052 quod
1168 993 1332 1034 autem
1377 981 1560 1035 bonum
1598 990 1669 1034 est
1691 1020 1708 1046 ,
1740 990 1900 1034 tenete
1926 981 2093 1033 solum

499 1076 579 1146 (I.
605 1073 789 1128 Timr.
819 1075 873 1130 5.
899 1074 1011 1142 2|).
1043 1072 1224 1141 Neque
1259 1086 1383 1124 vero
1425 1081 1640 1140 propter
1668 1070 2089 1138 explorationem

499 1174 704 1220 tantum
749 1165 1033 1234 trapezitas
1067 1162 1392 1232 appellavit,
1421 1161 1514 1215 scd
1543 1168 1597 1214 et
1627 1169 1844 1229 pr0pter
1866 1174 2052 1214 eorum
2071 1199 2086 1222 ,

497 1272 618 1326 quae
637 1256 919 1311 commissa
947 1263 1092 1319 sunt,
1115 1253 1562 1307 distributionem.
1584 1251 1716 1304 Nam
1739 1258 1793 1304 et
1819 1250 2091 1318 trapezita:

498 1348 546 1403 si
588 1347 839 1418 pecunias
867 1353 1115 1414 acceptas
1146 1351 1349 1396 tantum
1387 1340 1531 1396 domi
1572 1339 1884 1406 recludant,
1915 1353 2088 1406 neque

499 1437 553 1492 in
583 1439 718 1492 alios
756 1436 873 1490 illas
897 1424 1252 1496 distribuant,
1289 1442 1432 1486 totus
1462 1431 1565 1487 illis
1595 1439 1830 1500 qurestus
1858 1428 2083 1498 peribit;

493 1537 655 1596 atque
698 1525 839 1582 idem
888 1525 1079 1580 accidit
1127 1523 1481 1580 auditoribus.
1528 1523 1586 1578 Si
1625 1523 1766 1576 enim
1811 1531 2086 1590 acceptam

493 1619 793 1674 doctrinam
824 1619 964 1677 apud
995 1627 1047 1671 te
1073 1615 1381 1677 concludas,
1411 1629 1509 1670 nec
1541 1614 1594 1668 in
1632 1614 1768 1667 alios
1795 1611 2081 1676 diﬂundas,

493 1635 793 1674 noetrtnam
824 1635 852 1671 a
897 1635 964 1671 ua
995 1635 1047 1671 te
1073 1635 1381 1677 COIICquus,
1411 1635 1509 1670 nec
1541 1635 1594 1668 ιιι
1632 1635 1768 1667 auos
1795 1635 2081 1676 umuuuas,

493 1720 606 1765 tota
639 1710 729 1764 tibi
767 1712 819 1764 in
849 1635 1083 1763 iiibilum
1128 1707 1331 1762 recidet
1370 1706 1677 1775 negotiatio.
1712 1704 2002 1772 Propterea
2033 1702 2084 1755 in

494 1802 599 1856 illis
624 1802 859 1870 quotidie
887 1798 1130 1854 videmus
1157 1799 1383 1852 oflieinis
1413 1797 1656 1850 homines
1686 1797 1824 1849 ultro
1845 1794 2086 1862 citroque

491 1909 812 1948 commeare.
841 1894 953 1947 Hoc
981 1893 1139 1960 igitur
1165 1901 1218 1946 et
1248 1891 1298 1944 in
1325 1889 1564 1944 doctrina
1598 1897 1842 1942 servetur
1871 1906 1883 1940 :
1912 1885 2088 1955 Siqui-

491 1985 614 2037 dem
655 1983 793 2052 apud
832 1982 1161 2036 numularios
1207 1980 1325 2034 illos
1372 1980 1504 2033 alios
1545 1979 1786 2033 videmus
1835 1978 2085 2047 pecunias

492 2075 848 2139 committere,
879 2072 1014 2126 alios
1039 2073 1282 2139 accipere
1309 2070 1485 2124 statim
1512 2077 1565 2122 et
1589 2069 1757 2133 abire,
1788 2067 1946 2136 idque
1973 2076 2084 2121 toto

490 2165 578 2216 die
608 2163 721 2216 fieri
751 2161 922 2231 quivis
964 2169 1138 2230 potest
1171 2173 1410 2214 cernere.
1457 2158 1592 2212 Hinc
1629 2157 1722 2223 lit,
1755 2166 1813 2211 ut
1841 2157 2083 2224 quamvis

493 2253 720 2321 pr0prize
745 2250 965 2304 minime
993 2250 1100 2304 sint
1127 2247 1235 2302 illis
1259 2246 1519 2317 pecuniae,
1545 2245 1666 2315 quia
1697 2255 1873 2299 tamen
1902 2243 1966 2298 ad
1994 2259 2081 2310 ea,

490 2360 608 2411 qu:e
641 2343 938 2398 necessaria
968 2351 1112 2406 sunt,
1142 2340 1248 2394 illis
1281 2349 1517 2406 utuntur,
1549 2338 1770 2391 multum
1801 2353 1864 2391 ex
1894 2335 2081 2390 alienis

490 2435 694 2489 lucrum
735 2434 1036 2503 colligatur.
1081 2433 1154 2487 Ita
1199 2433 1280 2486 fac
1325 2439 1380 2485 ιιι
1420 2445 1649 2500 quoque.
1679 2429 1794 2483 Non
1829 2439 1955 2482 sunt
1992 2437 2081 2481 tua

491 2533 605 2579 h.ec
628 2525 860 2593 eloquia,
885 2525 975 2579 sed
1007 2525 1236 2592 Spiritus
1262 2523 1428 2577 sancti
1465 2539 1478 2573 :
1506 2522 1549 2576 si
1583 2531 1759 2574 tamen
1785 2520 1889 2574 illis
1915 2519 2081 2589 probe

489 2618 562 2668 uti
591 2616 824 2679 noveris,
859 2614 1083 2668 multum
1112 2613 1204 2666 tibi
1236 2593 1510 2680 Spiriiuale
1544 2610 1749 2664 lucrum
1779 2624 2037 2679 congeres
2063 2625 2080 2663 :

491 2707 690 2760 idcirco
715 2714 769 2760 et
795 2706 936 2759 Deus
967 2718 1062 2757 vos
1090 2703 1416 2757 numularios
1441 2702 1744 2769 appellavit.
1773 2700 1879 2754 Cur
1901 2709 2079 2755 autem

487 2812 790 2852 sermonem
815 2797 1093 2866 pecuniam
1119 2793 1437 2863 appellavit?
1456 2793 1606 2857 Quod
1631 2791 1880 2846 nimirum
1902 2807 2082 2861 quem-

485 2887 775 2942 admodum
812 2887 1031 2957 pecunia
1073 2884 1304 2954 perfecta
1348 2884 1486 2952 regis
1521 2881 1698 2953 effigie
1727 2883 1972 2954 insignita
1999 2889 2082 2938 est

489 2980 611 3048 (nisi
639 2982 780 3036 enim
809 2996 928 3034 eam
955 2992 1262 3048 expressam
1293 2976 1504 3042 habeat,
1532 2977 1698 3046 proba
1725 2979 1948 3046 pecunia
1970 2994 2078 3031 non

487 3085 591 3139 est,
619 3073 713 3128 sed
743 3073 940 3127 dicitur
967 3068 1310 3142 adulterina),
1341 3070 1420 3124 sic
1453 3078 1506 3123 ct
1542 3069 1835 3123 doctrinam
1867 3068 1989 3123 fidei
2017 3067 2082 3121 ti-

486 3181 674 3233 guram
706 3181 768 3219 ac
794 3175 971 3219 notam
999 3164 1265 3220 sermonis
1292 3171 1498 3233 oportet
1542 3162 1827 3232 perfectam
1861 3161 2080 3217 habere.

489 3259 695 3310 ltursus
723 3256 1068 3325 pecuniarum
1098 3269 1223 3308 usus
1252 3255 1413 3308 vitam
1443 3269 1656 3308 omnem
1688 3264 1924 3308 nostram
1953 3268 2082 3308 cou-s

489 3350 659 3413 tinet,
691 3357 745 3402 et
773 3356 1140 3401 contractuum
1180 3347 1420 3400 omnium
1458 3346 1792 3400 occasionem
1835 3345 2075 3414 pnebet,

486 3450 544 3492 et
568 3456 662 3494 seu
692 3440 762 3492 sit
789 3438 1073 3492 emendum
1101 3437 1368 3508 quidpiam
1395 3477 1410 3501 ,
1445 3451 1540 3492 seu
1568 3436 1902 3492 vendendum
1928 3477 1944 3501 ,
1988 3452 2082 3505 per

490 3531 583 3584 Itas
613 3540 799 3583 cuncta
833 3531 1154 3598 peragimus.
1189 3529 1300 3582 lloc
1341 3527 1480 3581 idem
1522 3527 1576 3580 fit
1612 3528 1662 3580 in
1691 3528 1972 3591 doctrina,
2005 3528 2079 3580 si-

485 3621 700 3689 quidem
731 3619 1085 3688 spiritualium
1110 3620 1321 3672 occasio
1349 3627 1713 3698 contr-actuum
1744 3628 1798 3670 et
1827 3617 1971 3671 radix
2000 3627 2083 3671 est

487 3711 778 3779 spiritualis
805 3709 916 3762 haec
946 3709 1168 3777 pecunia
1196 3725 1208 3760 :
1233 3723 1337 3777 quo
1369 3707 1444 3772 fit,
1470 3717 1526 3758 ut
1549 3707 1595 3760 si
1620 3707 1744 3776 quid
1772 3722 1800 3760 a
1834 3707 1938 3759 Deo
1959 3721 2082 3761 coc-

487 3817 636 3857 mere
661 3801 984 3854 voluerimus
1008 3841 1023 3864 ,
1063 3809 1340 3853 numerato
1372 3798 1516 3867 prius
1544 3813 1759 3866 precum
1797 3812 2078 3859 sermone.

491 3903 603 3946 tum
625 3892 840 3946 demum
871 3889 996 3942 illud
1017 3889 1362 3956 accipiamus,
1388 3887 1526 3957 quod
1551 3888 1901 3955 postulamus.
1925 3887 2077 3954 Quod

491 3984 536 4038 si
569 3983 922 4051 negligentem
953 3980 1165 4032 fratrem
1196 3980 1469 4033 videamus
1493 4019 1508 4044 ,
1539 3989 1696 4047 atque
1729 3991 2034 4046 pereuntem
2060 4019 2078 4044 ,

489 4077 536 4128 si
573 4084 838 4141 tamquam
879 4073 1158 4139 pecuniam
1188 4069 1446 4122 doctrinze
1489 4084 1792 4122 sermonem
1829 4085 2078 4122 numera-

487 4164 741 4226 verimus,
766 4161 990 4215 salutem
1015 4161 1180 4230 ipsius
1202 4159 1544 4220 Iucrabimur,
1562 4169 1614 4211 et
1637 4160 1799 4212 vitam
1819 4174 2077 4213 ememus.

562 4255 800 4307 Doctoris
835 4267 1040 4304 munere
1065 4249 1276 4318 quisque
1319 4249 1462 4318 [ungi
1495 4257 1684 4316 potest,
1713 4251 1984 4317 quomodo.
2010 4280 2082 4288 —

493 4345 664 4413 Quam
689 4345 760 4397 ob
789 4357 1004 4396 causam
1032 4340 1176 4393 omni
1203 4355 1304 4407 ope
1329 4351 1630 4408 conatuque
1655 4341 1948 4393 curandum
1975 4351 2077 4405 est,

491 4446 544 4488 ut
569 4433 748 4489 omnia
778 4445 1178 4494 conservemus,
1219 4443 1280 4482 ac
1325 4429 1882 4571 memoriﬂneamus
1901 4472 1914 4494 ,
1943 4440 1997 4484 ιιι
2026 4431 2076 4484 in

491 4529 624 4571 alios
675 4525 761 4571 illa
813 4523 1226 4571 distribuamus.
1277 4517 1540 4571 siquidem
1632 4521 1816 4571 _nobis
1867 4537 2076 4571 mmnue

489 4529 624 4582 alios
675 4525 762 4578 illa
813 4523 1226 4584 distribuamus,
1277 4517 1816 4589 siquidem'fnohis
1867 4537 2079 4592 quoque

491 4635 664 4674 usura:
708 4617 1049 4687 pecuniarum
1103 4613 1322 4666 istarum
1366 4613 1674 4680 exiguntur.
1732 4613 2079 4667 Attendamus

491 4713 668 4782 igitur,
701 4712 824 4762 dum
849 4723 939 4761 eas
984 4707 1304 4775 recepimus,
1347 4712 1479 4757 utet
1520 4704 1572 4756 in
1604 4704 1735 4757 alios
1760 4703 2077 4760 distribuere

492 4804 743 4874 pecunias
784 4801 1082 4869 possimus;
1129 4795 1554 4866 quandoquidem
1607 4797 1649 4849 si
1706 4798 1866 4862 velit,
1915 4814 2078 4852 unus-

489 4895 714 4964 quisque
743 4902 982 4945 nostrum
1010 4888 1234 4942 docendi
1265 4896 1347 4941 est
1377 4886 1633 4955 praeditus
1657 4885 1924 4941 facultate.
1959 4888 2072 4942 Non

488 4995 639 5054 potes
666 4995 862 5037 tantam
904 4979 1192 5034 Ecciesiam
1237 4978 1540 5046 corrigere;
1569 4987 1624 5030 at
1667 4988 1820 5046 potes
1847 4993 2070 5032 uxorem

490 5088 634 5127 tuam
681 5086 919 5126 monere.
959 5069 1076 5123 Non
1106 5077 1252 5136 potes
1301 5077 1499 5120 tantam
1549 5067 1744 5135 alloqui
1785 5069 2074 5122 multitudi-

489 5181 642 5227 nem;
675 5173 729 5215 at
760 5163 922 5214 lilium
958 5171 1100 5214 tuum
1141 5169 1289 5227 potes
1317 5157 1384 5210 ad
1426 5157 1688 5211 saniorem
1722 5168 1953 5211 mentem
1987 5175 2072 5212 re-

487 5260 704 5310 ducere.
742 5254 856 5308 Non
890 5261 1041 5322 potes
1065 5252 1132 5306 ad
1164 5261 1368 5304 tantum
1403 5251 1648 5318 populum
1678 5252 1934 5306 doctrina:
1961 5267 2075 5307 ser-

489 5363 699 5401 monem
728 5346 990 5413 dirigere;
1020 5353 1069 5397 at
1104 5356 1254 5412 potes
1279 5359 1490 5396 servum
1517 5353 1660 5396 tuum
1695 5344 1759 5396 ad
1797 5345 2071 5400 meliorem

489 5438 693 5506 frugem
717 5450 986 5488 revocare.
1016 5433 1130 5487 Non
1158 5434 1366 5488 excedit
1393 5435 1533 5486 vires
1560 5444 1674 5488 tuas
1691 5435 2070 5502 discipulorum

491 5537 660 5581 rmtus
689 5526 815 5578 ille:
849 5542 951 5577 non
985 5525 1192 5578 excedit
1229 5525 1540 5592 sapientiam
1574 5535 1712 5578 tuam
1745 5527 1934 5582 modus
1984 5530 2072 5584 ille

488 5614 745 5670 doctrinas
780 5615 916 5667 :sed
971 5624 1024 5667 et
1055 5613 1261 5668 facilius
1304 5631 1463 5683 quam
1511 5631 1608 5670 nos
1647 5617 1774 5686 ipsi,
1819 5635 1912 5672 vos
1952 5621 2069 5676 illos

487 5721 671 5762 omne!
706 5707 923 5775 potestis
971 5705 1274 5762 emendare.
1321 5708 1430 5778 Ego
1460 5711 1599 5766 enim
1645 5715 1807 5768 semel
1835 5727 1920 5770 aut
1949 5716 2061 5786 plc-

3697 328 3802 384 ιω

2197 448 2431 502 rumque
2460 433 2510 486 in
2541 432 2872 487 hebdomada
2895 435 3167 490 Vobiscum
3196 437 3391 491 iterum
3421 453 3630 501 versor,
3660 447 3715 494 at
3741 450 3800 493 ιιι

2203 533 2464 593 perpetuo
2490 524 2778 593 discipulos
2821 526 2957 579 intra
2986 531 3220 596 privatos
3261 528 3493 597 parietes
3524 530 3712 597 babes,
3743 539 3801 585 et

2203 630 2446 680 uxorem,
2467 625 2522 671 et
2542 597 2761 679 liberos,
2786 625 2840 670 et
2865 633 3073 684 servos,
3096 629 3151 674 et
3171 622 3401 690 vesperi,
3421 631 3477 676 et
3503 622 3556 675 in
3583 639 3796 688 mensa,

2200 714 2255 759 ct
2282 714 2393 760 toto
2419 706 2508 762 die
2539 718 2691 776 potes
2717 709 2838 765 illos
2879 711 3173 780 corrigere.
3219 713 3452 768 Aliunde
3476 730 3690 784 quoque
3715 715 3795 768 fa-

2199 799 2354 854 cilior
2378 799 2433 854 fit
2460 800 2561 854 ista
2588 801 2816 870 curatio,
2844 803 3105 872 siquidem
3135 805 3400 874 ego,dum
3433 815 3628 860 tantam
3657 807 3793 860 allo-

2197 904 2335 958 quor
2358 890 2774 958 multitudinem,
2801 893 3018 962 quinam
3046 895 3268 948 morbus
3295 896 3527 949 animam
3560 906 3794 950 vestram

2197 979 2435 1046 divexet,
2463 982 2685 1051 ignoro;
2717 993 3044 1052 quapropter
3072 984 3296 1054 singulis
3323 987 3374 1040 in
3402 987 3644 1042 collectis
3671 1003 3794 1040 οιιι-

2199 1073 2285 1126 nia
2306 1087 2472 1141 cogor
2499 1073 2883 1127 medicamenta
2907 1089 3209 1144 proponere
3241 1093 3256 1141 ;
3287 1091 3384 1131 vos
3411 1093 3540 1132 vero
3581 1094 3686 1133 non
3721 1080 3790 1132 ita

2197 1161 2378 1217 facere
2403 1176 2628 1218 necesse
2654 1172 2756 1230 est,
2785 1163 2878 1218 sed
2904 1165 3100 1219 minori
3131 1166 3280 1220 vobis
3311 1182 3433 1221 cum
3461 1169 3642 1225 labore
3672 1171 3798 1225 licet

2195 1254 2470 1322 amplioris
2541 1253 2768 1308 fructum
2829 1257 3185 1312 correctionis
3213 1243 3227 1257 ’
3254 1257 3580 1328 decerpere;
3639 1262 3794 1314 vobis

2195 1347 2392 1413 quippe
2439 1344 2604 1412 probe
2657 1355 2782 1400 nota
2837 1356 2962 1400 sunt
3010 1362 3196 1401 eorum
3248 1359 3499 1417 peccata,
3553 1352 3646 1420 qui
3691 1351 3795 1405 sub

2195 1433 2382 1487 eodem
2408 1441 2550 1488 tecto
2587 1434 2862 1488 vobiscum
2910 1436 3424 1507 deguntzquocirca
3477 1452 3531 1494 et
3563 1442 3796 1495 celerius

2193 1523 2414 1592 potestis
2444 1523 2760 1580 medicinam
2787 1525 3068 1581 adbibere.

2265 1615 2317 1669 5.
2338 1613 2415 1669 Ne
2433 1616 2609 1684 igitur,
2631 1615 2986 1679 dilectissimi,
3011 1620 3470 1674 contubernalium
3486 1633 3795 1676 nostrorum

2194 1720 2377 1759 curam
2410 1708 2744 1772 omittamus,
2791 1707 3056 1776 siquidem
3098 1710 3329 1764 maxima
3380 1727 3534 1780 pmna
3585 1717 3794 1784 suppli-

2192 1795 2442 1863 ciumque
2469 1805 2712 1864 paratum
2738 1807 2822 1851 est
2848 1797 3168 1852 immensum
3198 1800 3327 1867 illis,
3346 1802 3435 1870 qui
3462 1802 3794 1858 domesticos

2191 1901 2318 1940 suos
2345 1888 2697 1956 neglexerint.
2725 1889 2918 1957 Siquis
2943 1891 3096 1954 enim,
3123 1891 3292 1961 inquit
3320 1892 3532 1955 Paulus,
3556 1912 3794 1960 suorum,

2190 1986 2236 2028 et
2268 1978 2487 2031 maxime
2507 1977 2898 2035 domesticorum
2940 1996 3115 2032 curam
3143 1997 3244 2034 non
3287 1982 3465 2048 habet,
3511 1984 3668 2051 ﬁdem
3697 2002 3792 2038 nc-

2189 2073 2344 2137 gnvit,
2376 2076 2424 2121 et
2446 2078 2520 2120 est
2539 2068 2737 2134 inﬁdeli
2764 2069 2983 2122 deterior
3005 2069 3082 2138 (l.
3112 2069 3249 2124 Tim.
3279 2073 3332 2126 5.
3364 2073 3442 2143 8).
3468 2073 3660 2140 Vides,
3683 2092 3792 2144 quo

2191 2166 2348 2226 pacto
2375 2157 2570 2214 Paulus
2594 2173 2688 2213 eos
2716 2157 2892 2221 feriat,
2916 2160 3006 2228 qui
3032 2160 3448 2216 domesticorum
3479 2179 3662 2217 curam
3695 2181 3792 2220 ne-

2187 2247 2429 2317 gligunt?
2477 2248 2546 2303 Et
2590 2249 2806 2319 quidem
2856 2251 3096 2314 merito:
3143 2254 3232 2320 qui
3281 2255 3422 2308 enim
3463 2255 3793 2312 domesticos

2189 2351 2313 2390 suos
2340 2339 2556 2407 negligit
2575 2378 2592 2404 ,
2631 2339 2830 2408 inquit,
2861 2340 3132 2419 quomodo
3158 2341 3362 2398 alienos
3387 2346 3635 2398 curabit?
3663 2347 3792 2401 Scio

2191 2442 2278 2483 me
2305 2432 2403 2483 hac
2423 2430 2560 2499 apud
2591 2447 2684 2486 vos
2707 2431 3079 2488 cohortatione
3125 2433 3434 2504 frequenter
3457 2453 3608 2491 usum
3633 2453 3788 2504 esse,

2189 2532 2291 2573 nec
2310 2535 2559 2589 umquam
2593 2522 2666 2574 uti
2707 2522 2978 2588 desinam,
3007 2527 3216 2579 tametsi
3241 2525 3500 2597 deinceps
3525 2529 3790 2585 innocens

2189 2626 2291 2681 ego
2325 2627 2443 2664 sum
2485 2612 2554 2666 ab
2581 2613 2805 2668 aliorum
2842 2615 3162 2686 negligentia
3192 2634 3205 2670 :
3237 2617 3476 2686 Oportuit
3504 2621 3671 2687 cnim,
3702 2622 3793 2676 in-

2186 2702 2321 2770 quit,
2348 2710 2396 2755 te
2419 2703 2684 2770 pecuniam
2715 2719 2878 2757 meam
2901 2707 3210 2760 committere
3236 2709 3538 2763 nuutulariis
3560 2709 3786 2780 (Matth.

2185 2790 2275 2846 25.
2305 2791 2400 2864 27)
2423 2834 2438 2856 ,
2469 2809 2567 2848 nec
2591 2795 2822 2864 amplius
2847 2796 3134 2867 quidquam
3161 2801 3406 2869 requirit.
3437 2801 3551 2871 Ego
3578 2819 3712 2859 vero
3732 2813 3791 2858 et

2187 2883 2467 2950 pecuniam
2494 2875 2788 2952 commisi:
2800 2902 2973 2956 neque
3002 2888 3196 2944 i-ationi
3229 2890 3320 2944 ulli
3351 2891 3639 2947 reddenda:
3667 2909 3792 2949 sum

2187 2973 2455 3027 obnoxius
2489 2991 2502 3026 :
2535 2987 2904 3032 verumtamen
2932 2982 3274 3047 quantumvis
3305 2984 3552 3037 innoxius
3580 2987 3707 3054 sim,
3734 2997 3793 3042 et

2186 3077 2218 3117 a
2247 3065 2507 3134 supplicio
2529 3065 2652 3122 huic
2671 3069 2882 3122 crimini
2905 3071 3180 3140 proposito
3205 3071 3483 3140 liberatus,
3510 3083 3788 3146 tamquam

2191 3172 2362 3224 ptena:
2390 3160 2757 3229 supplicioque
2782 3159 3066 3228 obnoxius,
3090 3165 3160 3218 ita
3191 3165 3376 3221 salutis
3406 3177 3601 3223 vestra:
3621 3185 3790 3225 causa

2187 3258 2372 3302 metuo
2395 3259 2450 3302 et
2475 3251 2862 3307 contremisco.

2260 3335 2364 3392 Cur
2413 3341 2726 3410 longioribus
2776 3344 3000 3398 exordiis
3050 3355 3219 3400 utatur
3257 3348 3668 3420 Chrysoatomas.
3715 3377 3791 3395 -ι-

2185 3430 2353 3485 Nemo
2383 3432 2540 3501 igitur
2581 3442 2783 3489 temere
2809 3450 2872 3501 ac
2915 3437 3279 3506 perfunctorie
3324 3443 3628 3511 spirituales
3665 3459 3786 3500 ser-

2188 3536 2380 3575 mones
2425 3524 2692 3578 auscullet
2725 3544 2736 3578 :
2772 3541 2944 3595 neque
2972 3529 3114 3581 enim
3159 3528 3356 3584 frustra
3397 3544 3449 3586 et
3477 3535 3594 3587 sine
3623 3551 3786 3592 causa

2190 3615 2392 3682 prolixa
2423 3615 2821 3684 prmnﬁttuntur
2845 3632 2876 3670 a
2916 3634 3005 3673 me
3031 3621 3251 3673 exordia
3273 3663 3287 3686 ,
3307 3624 3406 3676 sed
3450 3634 3506 3678 ut
3543 3629 3788 3682 exactior

2188 3713 2397 3768 eorum;
2427 3721 2546 3773 quae
2569 3708 2977 3762 committuntur
2997 3750 3010 3772 ,
3038 3711 3127 3764 tiat
3160 3713 3400 3767 custodia
3434 3733 3446 3768 :
3481 3731 3547 3770 nc
3588 3718 3676 3771 ubi
3707 3729 3788 3772 te-

2187 3809 2336 3848 mere
2373 3804 2464 3848 aut
2504 3795 2768 3849 incassum
2798 3799 3170 3866 applauseritis
3191 3844 3204 3867 ,
3236 3818 3300 3856 ac
3325 3807 3630 3861 tumultuati
3668 3809 3786 3865 fue-

2187 3885 2325 3950 ritis,
2348 3885 2566 3940 domum
2591 3888 2872 3943 recedatis.
2901 3891 3045 3944 Nihil
3070 3893 3212 3947 enim
3239 3911 3340 3966 ego
3363 3908 3570 3952 vestras
3598 3900 3786 3955 laudes

2189 3990 2340 4032 curo.
2383 3978 2477 4031 sed
2521 3979 2588 4031 de
2632 3989 2806 4032 vestra
2847 3982 3017 4037 salute
3058 4001 3174 4037 sum
3211 3987 3492 4042 sollicitus.
3533 3989 3668 4043 Nam
3712 3993 3785 4046 illi

2187 4067 2424 4133 quidem,
2457 4070 2545 4136 qui
2585 4069 2636 4122 in
2668 4069 2878 4125 theatro
2917 4083 3146 4141 certant,
3181 4076 3341 4146 hujus
3372 4080 3446 4133 rei
3479 4083 3784 4138 mercedem

2187 4172 2215 4210 a
2245 4161 2442 4226 p0pulo
2473 4160 2683 4215 laudem
2701 4164 2975 4230 accipiunt
3003 4183 3015 4215 :
3049 4182 3147 4221 nos
3169 4184 3296 4225 vero
3324 4171 3424 4225 l'ac
3451 4173 3518 4226 de
3539 4189 3701 4228 causa
3731 4175 3784 4229 in

2189 4248 2324 4301 hanc
2369 4266 2586 4304 arenam
2628 4269 2734 4306 non
2779 4255 3176 4320 descendimus,
3208 4261 3302 4314 sed
3354 4274 3410 4315 ut
3452 4268 3783 4332 propositam

2189 4339 2311 4392 huic
2352 4341 2424 4392 rei
2455 4342 2752 4396 mercedem
2781 4360 2811 4397 a
2841 4346 3064 4400 Domino
3108 4349 3446 4418 recipiamus.
3489 4352 3783 4422 Propterea

2187 4444 2281 4484 vos
2327 4431 2391 4484 ad
2441 4434 2541 4485 hoc
2580 4433 2884 4501 frequenter
2921 4437 3308 4505 adhortamur,
3336 4452 3391 4495 ut
3428 4458 3511 4506 ea,
3537 4459 3659 4512 quin
3699 4449 3786 4498 di-

2186 4533 2380 4575 cuntur
2402 4565 2415 4589 ,
2452 4523 2502 4577 in
2535 4526 2728 4578 vestris
2754 4528 3025 4582 mentibus
3051 4531 3156 4584 alte
3185 4532 3502 4601 deligantur.
3539 4534 3607 4589 Ut
3638 4538 3783 4592 enim

2187 4615 2401 4681 plantae,
2443 4633 2564 4684 qum
2594 4618 2888 4686 profundas
2927 4622 3136 4674 radices
3170 4625 3396 4692 egerint,
3439 4627 3600 4681 nullis
3647 4645 3783 4683 vett-

2187 4715 2360 4759 torum
2394 4707 2692 4762 incursibus
2712 4712 2922 4765 concuti
2953 4725 3169 4785 possunt
3205 4732 3218 4767 :
3247 4714 3316 4768 ita
3341 4716 3631 4786 Scriptura:
3654 4735 3782 4774 sen-

2187 4799 2364 4851 tentiae
2380 4813 2486 4868 quo
2503 4799 2661 4853 altius
2682 4800 2878 4855 fuerint
2903 4803 2956 4857 in
2981 4813 3159 4858 mente
3181 4806 3395 4871 deﬁxm,
3427 4809 3604 4862 minus
3630 4810 3786 4866 facile

2183 4891 2517 4958 n:gotiorum
2553 4890 2854 4946 incursibus
2891 4895 3208 4950 evelluntur.
3247 4898 3336 4951 Die
3364 4899 3530 4966 enim,
3558 4919 3782 4970 quamn,

2181 4983 2478 5047 carissime,
2517 4985 2559 5036 si
2587 4983 2751 5037 filium
2785 4985 2923 5039 fame
2952 4988 3253 5043 confectum
3290 4992 3519 5057 videres,
3560 5011 3630 5048 an
3660 5013 3782 5050 eum

2184 5090 2370 5142 posses
2399 5085 2767 5140 contemnere,
2799 5093 2969 5145 neque
2996 5081 3171 5133 omnia
3202 5083 3377 5150 potius
3405 5083 3622 5138 ferenda
3655 5105 3773 5140 cen-

2180 5181 2346 5228 seres,
2378 5176 2432 5218 ιιι
2456 5167 2572 5233 ejus
2603 5182 2788 5236 posses
2838 5168 3030 5224 famem
3072 5174 3352 5243 mitigare?
3385 5178 3591 5246 lirgoue
3628 5187 3785 5250 panis

2181 5256 2318 5309 fame
2348 5256 2651 5310 divexatum
2694 5274 2796 5311 non
2838 5260 3176 5328 despiceres,
3217 5266 3412 5321 divina:
3455 5280 3635 5323 autem
3679 5274 3781 5326 do—

2181 5351 2363 5402 ctrinae
2394 5351 2530 5403 fante
2549 5363 2861 5419 pereuntem
2891 5365 3043 5425 potes
3065 5362 3449 5415 contemnere?
3476 5363 3593 5429 Quo
3627 5380 3781 5433 pacto

2180 5438 2339 5507 igitur
2363 5440 2554 5508 dignus
2578 5443 2762 5506 fueris,
2789 5453 2844 5496 ut
2874 5455 3020 5514 pater
3042 5449 3248 5502 voceris
3267 5455 3289 5503 1'
3309 5452 3582 5520 Siquidem
3611 5459 3777 5509 multo

2180 5532 2390 5598 gravior
2439 5533 2522 5586 illa
2561 5543 2643 5588 est
2674 5536 2788 5589 ha‘c
2837 5538 3024 5604 fames,
3072 5554 3270 5611 quanto
3317 5545 3670 5603 funestiorem
3721 5550 3771 5602 in

2180 5633 2405 5676 mortem
2438 5625 2651 5688 desiuit,
2695 5627 2836 5681 unde
2882 5631 3050 5697 majus
3093 5633 3142 5686 in
3192 5633 3294 5687 hoc
3321 5637 3553 5690 studium
3587 5640 3770 5692 confe-

2180 5719 2402 5774 rendum
2431 5731 2527 5774 cst.
2565 5721 2792 5776 Edumtc
2822 5723 2982 5791 enim,
3015 5727 3175 5797 inquit
3199 5769 3210 5793 ,
3236 5729 3370 5796 filios
3399 5741 3582 5786 vestros
3617 5733 3666 5786 in
3692 5733 3770 5787 Ili-
