4080 6398
584 453 842 526 ὐμῶνὲν
875 453 1111 520 παιδείᾳ
1145 450 1261 524 [85]
1295 452 1395 506 καί
1422 452 1708 520 νουθεσίᾳ
1731 453 1972 520 Κυρίου.
2008 453 2157 526 Αὕτη

583 536 847 607 καλλίστη
871 535 1122 606 πατέρων
1153 533 1457 604 ἐπιμέλεια,
1484 532 1621 607 αὕτη
1649 534 1849 604 γνησία
1868 534 2163 606 κηδεμονία

581 620 989 692 γεγεννηκότων
1026 634 1040 648 ·
1111 616 1254 670 οὕτω
1311 616 1421 687 γὰρ
1488 617 1601 684 ἐγὼ
1654 616 2001 685 ἐπιγινώσκω
2063 618 2164 688 τῆς

583 703 802 771 φύσεως
831 702 932 771 τὴν
966 699 1288 767 συγγένειαν
1313 738 1328 760 ,
1381 699 1480 752 ἐὰν
1514 701 1573 752 ἐν
1617 701 1730 762 τοῖς
1771 701 2162 769 πνευματικοῖς

585 785 804 838 πλείονα
831 781 1203 848 ἐπιδείξωνται
1251 781 1350 852 τὴν
1403 782 1659 853 σπουδήν.
1725 779 1894 841 Ἀλλά
1917 782 2025 834 τῶν
2061 780 2162 851 μὲν

590 867 886 937 προοιμίων
919 866 1146 936 ἀρκετὸς
1175 867 1206 918 6
1234 865 1418 934 λόγος·
1451 866 1662 936 ἀνάγκη
1691 865 1958 927 δὲλλοιπὺν
1987 882 2160 918 κατα-

583 951 766 1003 ϐαλεῖν
799 950 893 1002 καὶ
934 948 997 1002 τὺ
1025 948 1185 1019 χρέος
1204 964 1217 978 ’
1259 949 1347 1002 διὰ
1377 949 1487 1020 γάρ
1516 947 1672 1002 τοῦτο
1698 948 1788 1002 τὸν
1826 947 2037 1019 μακρὸν
2065 950 2162 1002 καὶ

582 1033 750 1085 πολὺν
771 1031 958 1085 τοῦτον
979 1031 1107 1100 ύμῖν
1131 1031 1464 1100 ἀπεμήκυνα
1484 1031 1660 1100 λόγον,
1692 1031 1780 1084 ῖνα
1806 1029 1948 1100 μετὰ
1979 1029 2160 1097 πάσης

582 1113 915 1182 ύποδέξησθε
957 1113 1019 1165 τὸ
1054 1112 1530 1183 καταϐαλλόμενον
1564 1113 1829 1183 φυλακῆς.
1874 1112 1939 1165 Τί
1974 1107 2066 1164 οὖν
2097 1111 2160 1163 τὸ

580 1195 827 1266 ὄφλημα,
853 1196 994 1262 ὅπερ
1029 1194 1458 1265 ἀνεχωρήσαμεν
1494 1195 1800 1263 ὀφείλοντες
1849 1192 2079 1264 πρώην;
2121 1193 2157 1263 ἢ

580 1278 678 1330 καὶ
717 1277 874 1329 τοῦτο
913 1275 1054 1345 τάχα
1103 1274 1459 1345 ἐπιλέλησθες
1512 1275 1720 1329 Οὐκοῦν
1765 1275 1977 1344 ἀνάγκη
2025 1276 2157 1344 παρ’

578 1359 738 1430 ἡμῶν
757 1359 902 1429 ὑμᾶς
917 1369 944 1399 ι
965 1358 1408 1430 ὑπομνησθῆναι,
1435 1358 1532 1410 καὶ⁵
1559 1357 1825 1428 πρότερον
1848 1356 2159 1425 ἀναγνῶναι

579 1443 641 1496 τὸ
689 1443 1063 1512 γραμματεῖον
1086 1481 1102 1505 ,
1153 1439 1222 1493 δι’
1267 1435 1330 1494 οῦ
1392 1440 1488 1492 καὶ
1531 1439 1632 1510 τὴν
1674 1438 1945 1510 προτέραν
1989 1454 2160 1491 κατα-

581 1524 740 1595 ϐολην
783 1523 1178 1594 ἐποιησάμεθα,
1228 1522 1324 1575 καὶ
1363 1521 1486 1576 τίνα
1516 1517 1586 1591 ἦν
1632 1520 1699 1575 τά
1736 1519 2157 1588 λκαταϐληθίντα

580 1607 774 1670 εἰπεῖν,
806 1605 892 1658 ινα
923 1605 1122 1674 ἴδωμεν
1152 1607 1216 1658 ἐκ
1245 1603 1356 1656 τῶν
1382 1602 1833 1672 καταϐληθέντων
1863 1601 1935 1655 τά
1959 1602 2158 1655 λειπό-

584 1705 739 1755 μενα.
791 1686 927 1742 Τίνα
972 1683 1067 1740 οὖν
1110 1688 1226 1740 ἐστι
1275 1685 1346 1739 τά
1388 1685 1799 1756 καταϐληθέντα
1845 1685 2153 1755 πρότερον;

577 1766 746 1824 Εἶπον
771 1771 890 1823 ἐκεῖ
908 1769 994 1832 τίς
1012 1765 1080 1840 ἦν
1102 1769 1131 1821 6
1156 1770 1215 1822 16
1245 1767 1447 1839 βιϐλίον
1480 1769 1699 1839 γράψας
1732 1767 1842 1821 τῶν
1867 1767 2153 1838 Πράξεων,

578 1853 676 1908 καὶ
720 1852 806 1913 τίς
844 1855 878 1909 ,ό
915 1853 1096 1922 πατὴρ
1128 1851 1222 1905 τοῦ
1261 1851 1422 1920 λόγου
1451 1852 1665 1905 τούτου·
1708 1851 1906 1922 μᾶλλον
1952 1844 2010 1903 δὲ
2056 1850 2155 1921 οὐχ

576 1940 606 1991 6
632 1936 814 2006 πατὴρ
850 1935 946 1988 τοῦ
975 1935 1157 2003 λόγου,
1186 1935 1302 1988 ἀλλ’
1331 1938 1360 1989 6
1399 1935 1646 1999 διάκονος
1670 1951 1684 1966 ο
1747 1934 1809 1988 ού
1854 1934 1964 2005 γὰρ
1993 1934 2156 1997 αὐτὸς

578 2021 733 2073 ῐτεκε
761 2020 830 2073 τά
859 2019 1142 2091 εἰρημένα,
1178 2018 1293 2086 ἀλλ’
1331 2018 1493 2083 αὐτὸς
1530 2017 1817 2089 διηκόνησε
1853 2020 1964 2082 τοῖς
2005 2017 2158 2087 είρη-

580 2101 782 2172 μένοις.
1687 2119 1697 2132 ί

645 2181 812 2238 Εἶπον
844 2182 971 2253 περὶ
1002 2181 1114 2236 τῶν
1141 2183 1401 2255 Πράξεων
1441 2182 1642 2247 αὐτῶν,
1677 2183 1772 2237 καὶ
1814 2182 1868 2236 τί
1912 2179 2031 2236 ποτ’
2063 2175 2159 2234 οὖν

579 2266 826 2337 βούλεται
856 2264 1190 2331 ἐνδείξασθαι
1221 2265 1282 2319 τὸ
1309 2264 1419 2318 τῶν
1461 2265 1720 2336 Πράξεων
1755 2264 1924 2334 δνομα
1944 2280 1956 2294 ·
2002 2259 2156 2316 εἷπον

577 2350 675 2403 καὶ
714 2349 843 2419 περὶ
872 2349 974 2418 τῆς
1008 2347 1116 2400 τῶν
1141 2347 1453 2401 ἀποστόλων
1484 2349 1873 2418 προσηγορίας.
1916 2347 2152 2415 ’Δνάγκη

577 2431 762 2484 λοιπὸν
792 2432 986 2494 είπεῖν,
1025 2430 1169 2492 τίνος
1213 2430 1399 2482 ἕνεκεν
1439 2430 1489 2482 οί
1529 2430 1770 2500 Πατέρες
1809 2427 1965 2497 ἡμῶν
1998 2431 2057 2480 ἐν
2089 2431 2155 2498 τῇ

576 2515 925 2584 Πεντηκοστῇ
954 2513 1016 2566 τὸ
1043 2511 1244 2582 βιϐλίον
1269 2512 1378 2566 τῶν
1397 2511 1657 2582 Πράξεων
1686 2509 2155 2578 ἀναγινώσκεσθαι

576 2595 993 2665 ἐνομοθέτησαν.
1021 2593 1175 2664 Τάχα
1197 2594 1308 2666 γὰρ
1336 2593 1614 2665 μέμνησθε
1637 2595 1718 2647 ὅτι
1745 2595 1837 2644 καὶ
1857 2591 2014 2644 τοῦτο
2033 2593 2156 2644 τότε

578 2677 931 2747 ὑπεσχόμεθα
973 2679 1136 2746 ἐρεῖν.
1192 2678 1266 2729 υύ
1305 2676 1415 2747 γάρ
1465 2675 1652 2740 ἁπλῶς
1699 2675 1821 2728 οὐδὲ
1865 2673 1989 2744 είκῆ
2029 2675 2155 2737 τοὺς

577 2760 804 2831 καιροὺς
836 2760 965 2829 ἡμῖν
992 2757 1212 2822 τούτους
1237 2760 1624 2830 παρετήρησαν
1653 2758 1703 2809 οἱ
1737 2755 2000 2826 Πατέρες,
2021 2754 2157 2808 ἀλλά

580 2840 719 2909 μετά
749 2856 892 2904 τινος
933 2839 1091 2908 λόγου
1122 2838 1289 2908 σοφοῦ
1336 2843 1662 2908 πεποιήκασι
1697 2838 1882 2891 τοῦτο·
1935 2837 2031 2905 οὐχ
2070 2836 2156 2888 ῐνα

577 2923 684 2974 ὑπὸ
707 2922 950 2991 ἀνάγκην
966 2921 1174 2992 καιρῶν
1188 2921 1286 2993 τὴν
1307 2921 1619 2992 ἐλευθερίαν
1639 2922 1768 2990 ἡμῖν
1787 2919 2152 2984 ὑποϐάλωσιν,

577 3006 691 3058 ἀλλ’
738 3005 824 3059 ίνα
866 3008 932 3075 τῇ
970 3004 1079 3058 τῶν
1127 3003 1534 3075 ἀσθενεστέρων
1591 3005 1838 3075 πτωχείᾳ
1880 3019 2157 3071 συγκατα-

576 3087 790 3150 ϐάντες,
817 3089 908 3140 ἐπὶ
936 3090 1026 3140 τὸν
1054 3088 1281 3142 πλοῦτον
1311 3089 1409 3158 τῆς
1441 3087 1692 3157 γνώσεως
1721 3088 1919 3150 αὐτοὺς
1948 3085 2158 3153 ἀναγάο

575 3188 735 3240 γωσι.
778 3172 890 3225 Καὶ
929 3173 1010 3225 ὅτι
1038 3173 1128 3226 διὰ
1169 3171 1326 3225 τοῦτο
1362 3172 1740 3244 παρατηροῦσι
1785 3173 2028 3240 καιροὺς,
2059 3172 2158 3240 οὐχ

578 3255 803 3314 ἑαυτοὺς
829 3256 895 3323 τῇ
923 3254 1135 3324 ἀνάγκῃ
1154 3255 1256 3323 τῆς
1276 3256 1710 3325 παρατηρήσεως
1737 3254 2151 3318 ὑποϐάλλοντες,

578 3336 716 3389 ἀλλά
746 3339 859 3399 τοῖς
902 3335 1310 3407 ἀσθενεστέροις
1357 3338 1702 3405 συγκατιέναι
1741 3338 2151 3404 σπουδάζοντες,

577 3421 809 3474 ἄκουσον
846 3419 900 3470 τί
932 3435 1093 3488 φησιν
1125 3421 1154 3471 6
1181 3418 1423 3482 Παῦλος’
1479 3419 1731 3489 Ἡμέρας
1767 3422 2155 3490 παρατηρεῖτε

576 3503 676 3557 καὶ
693 3501 891 3572 μῆνας
930 3502 1028 3555 καί
1059 3504 1302 3569 καιροὺς
1342 3503 1442 3557 καὶ
1469 3503 1817 3570 ἐνιαυτούς;
1861 3506 2157 3574 Φοϐοῦμαι

571 3584 658 3655 μή
687 3601 811 3650 πως
830 3582 962 3651 είκῆ
991 3585 1321 3638 κεκοπίακα
1346 3589 1433 3650 είς
1451 3584 1629 3654 ὑμᾶς.
1669 3587 1742 3638 Σὺ
1777 3587 1831 3638 δὲ
1871 3588 1931 3638 ού
1977 3603 2157 3655 παρα-

577 3670 763 3737 τηρεῖς
797 3667 1008 3736 ἡμέρας
1037 3668 1132 3718 καὶ
1173 3669 1397 3737 καιροὺς
1427 3668 1522 3720 καὶ
1562 3667 1871 3734 ὲνιαυτούς;
1926 3668 1990 3720 Τί
2021 3665 2112 3720 οὖν
2139 3685 2153 3734 ;

578 3751 627 3801 εί
663 3748 860 3817 ἴδωμεν
893 3749 983 3801 τὸν
1013 3747 1291 3801 κωλύοντα
1319 3752 1657 3820 παρατηρεῖν
1685 3750 1896 3819 ἡμέρας
1934 3750 2026 3802 καὶ
2054 3751 2156 3820 μῆ-

578 3849 676 3894 νις
702 3833 795 3883 καὶ
827 3832 1048 3900 καιροὺς
1081 3832 1174 3882 καὶ
1208 3828 1486 3895 ἐνιαυτοὺς
1517 3833 1934 3901 παρατηροῦντα
1962 3833 2153 3897 ταῦτα,

576 3915 631 3967 τί
659 3915 888 3983 ἐροῦμεν
913 3953 928 3975 ,
979 3914 1100 3966 εἰπέ
1151 3931 1275 3983 μοις
1325 3914 1406 3967 ὅτι
1440 3915 1666 3986 μάχεται
1703 3915 1898 3985 ἑαυτῷ,
1940 3917 2033 3968 καὶ
2065 3934 2154 3984 ιρι⁹

578 3998 838 4062 λονεικεί;
875 3996 964 4066 Μὴ
991 3997 1232 4064 γένοιτοί
1271 3996 1385 4049 ἀλλ’
1430 3998 1512 4050 δτι
1554 3998 1660 4050 τῶν
1695 3997 2156 4068 παρατηρούντων

577 4080 702 4140 τοὺς
733 4080 954 4150 καιροὺς
981 4079 1078 4148 τὴν
1112 4079 1391 4132 ἀσθένειαν
1422 4080 1626 4132 ἀνελεῖν
1667 4080 1987 4148 βουλόμενος
2028 4098 2158 4150 συγ-

578 4163 895 4216 καταϐαίνει
943 4162 1030 4214 διὰ.
1077 4163 1175 4230 τῆς
1232 4163 1666 4233 παρατηρήσεως
1711 4163 1846 4233 πρὸς
1893 4166 2154 4229 ἐκείνους.

579 4243 734 4296 Οὕτω
762 4245 855 4296 καὶ
893 4244 1067 4313 ἰατροὶ
1102 4243 1330 4309 ποιοῦσι,
1366 4245 1473 4296 τῶν
1514 4244 1698 4295 σιτίων
1727 4245 1834 4296 τῶν
1867 4245 2156 4314 διδομένων

578 4330 689 4388 τοῖς
718 4327 962 4379 νοσοῦσιν
991 4327 1347 4394 ἀπογεύονται
1379 4327 1663 4397 πρότερον,
1711 4328 1810 4379 ούκ
1851 4328 2004 4381 αὐτοὶ
2045 4328 2158 4382 δεό-

582 4426 732 4478 μενοι
805 4409 924 4474 τῶν,
971 4411 1154 4462 σιτίων
1181 4451 1194 4472 ,
1251 4408 1387 4462 ἀλλά
1445 4411 1542 4478 τὴν
1599 4411 1820 4462 ἐκείνων
1875 4411 2156 4464 ἀσθένειαν

577 4490 865 4560 διορθῶσαι
889 4492 1297 4554 σπουδάζοντες.
1323 4491 1476 4544 Οῦτω
1498 4492 1592 4544 καὶ
1611 4495 1637 4545 6
1658 4494 1864 4555 Παῦλος
1881 4494 2152 4565 ἐποίησεψ

577 4573 728 4631 οὐδὲν
757 4573 1006 4642 δεόμενος
1034 4575 1133 4642 τῆς
1163 4577 1599 4645 παρατηρήσεως
1636 4575 1754 4628 τῶν
1777 4575 2003 4646 καιρῶν,
2031 4578 2155 4640 τοὺς

580 4655 805 4726 καιροὺς
826 4657 1109 4728 ἐτήρησεν,
1134 4657 1222 4710 ἴνα
1248 4659 1376 4719 τοὺς
1398 4657 1854 4729 παρατηροῦντας
1875 4659 2155 4732 ἀπαλλάξῃ

579 4737 678 4805 τῆς
706 4735 985 4801 ἀσθενείας
1026 4738 1126 4807 τῆς
1155 4741 1294 4793 κατὰ
1333 4740 1427 4808 τὴν
1460 4742 1858 4812 παρατήρησιν.
1909 4742 2018 4795 Καὶ
2051 4743 2152 4794 ποῦ

581 4820 936 4890 παρετήρησε
988 4824 1213 4891 καιροὺς
1263 4824 1291 4874 6
1350 4823 1598 4888 Παῦλος;
1666 4825 1963 4894 Προσέχετε
2017 4825 2156 4896 μετά

579 4902 882 4971 ἀκριϐείας,
916 4904 1236 4972 παρακαλῶ.
1289 4905 1366 4974 Τῇ
1394 4906 1459 4958 δὲ
1481 4907 1758 4974 ἐπιούσῃ,
1799 4909 1950 4976 φησι,
2016 4926 2157 4961 κατ-

578 4985 959 5053 επλεύσαμεν
989 4987 1072 5051 είς
1090 4987 1379 5053 Μίλητον.
1412 4990 1680 5056 Κεκρίκει
1720 4991 1828 5059 γὰρ
1858 4992 1890 5042 o'
1920 4991 2158 5058 Παῦλος

581 5069 1002 5134 παραπλεῦσαι
1068 5069 1184 5137 τὴν
1233 5073 1513 5139 Ἔφεσον,
1570 5074 1729 5139 ὅπως
1777 5073 1863 5142 μὴ
1915 5073 2157 5144 γένηται

578 5148 739 5214 αὐτῷ
767 5151 1221 5222 χρονοτριϐῆσαι
1249 5155 1318 5207 ἐν
1360 5154 1434 5222 τῇ
1468 5157 1649 5223 Ἀσίᾳ.
1699 5158 1994 5212 Ἕσπευδε
2024 5161 2153 5227 γὰρ,

578 5235 631 5286 εί
669 5233 929 5286 δυνατὸν
967 5231 1048 5303 ἦν
1079 5234 1263 5300 αὐτῷ,
1293 5237 1408 5303 τὴν
1443 5239 1675 5307 ἡμέραν
1704 5239 1814 5306 τῆς
1855 5243 2154 5309 Πέντηκο-

577 5317 734 5385 στῆς
756 5316 1030 5386 γενέσθαι
1051 5321 1136 5385 είς
1170 5322 1569 5393 Ἰεροσόλυμα.
1598 5320 1749 5386 Εἶδες
1778 5324 1892 5387 πῶς
1914 5328 1940 5378 ὁ
1964 5325 2156 5394 λέγων,

590 5398 829 5476 Ἡμέρας
853 5399 939 5469 μὴ
966 5405 1396 5471 παρατηρεῖσθε
1419 5408 1516 5460 καὶ
1543 5406 1743 5475 μῆνας
1764 5407 1861 5459 καὶ
1895 5409 2154 5476 καιροὺς,

576 5483 676 5552 τὴν
708 5484 918 5555 ἡμέραν
946 5486 1046 5556 τῆς
1079 5488 1456 5561 Πεντηκοστῆς
1490 5492 1831 5562 παρετήρει;

593 5693 603 5704 ι
643 5627 791 5742 {Sig
822 5639 1093 5683 con-celum
1141 5647 1246 5684 cum
1280 5636 1480 5686 Venetis
1529 5639 1576 5685 in
1626 5637 1830 5687 Emend.
1877 5638 2159 5701 Lr'gnbulur

593 5706 717 5742 nunc.
795 5707 884 5742 ωτ.

585 5706 717 5750 ημας.
755 5706 884 5742 non.

1274 346 1337 402 ὃ.
1379 345 1662 402 JOANNIS
1699 337 2186 402 CIIRYSOSTOMI
2230 337 2553 402 ARCHIEP.
2592 344 3142 404 CONSTANTINOP.

2341 457 2459 531 [86]
2496 456 2559 512 δ’.
2581 450 2697 513 Καὶ
2719 458 2777 512 ού
2808 458 2966 529 μόνον
2992 458 3209 528 ἡμέραν
3240 455 3563 528 παρετήρει,
3589 457 3726 512 ἀλλά
3751 459 3849 515 καὶ

2266 546 2430 600 τόπον
2454 561 2469 578 ο
2520 547 2583 599 ού
2610 547 2722 618 γάρ
2756 547 2915 617 μόνον
2942 547 3040 618 τὴν
3069 546 3283 617 ἡμέραν
3328 546 3430 615 τῆς
3463 547 3853 618 Πεντηκοστῆς

2265 635 2492 689 ισπευδε
2541 637 2789 706 ποιῆσαι,
2833 637 2970 691 ἀλλά
3015 637 3110 690 καὶ
3147 637 3206 688 ὲν
3247 634 3642 706 Ἱεροσολύμοις
3677 635 3852 705 αὐτὴν

2264 725 2596 780 ἐπιτελέσαι.
2642 727 2709 780 Τί
2739 727 2897 781 τοῦτο
2935 730 3128 792 ποιεῖς,
3159 720 3204 779 ὦ
3236 726 3476 797 μακάριε
3504 724 3720 789 Παῦλε;
3767 723 3850 780 Τὰ

2277 813 2626 884 Ἰεροσόλυμα
2654 816 2947 887 κατελύθη,
2967 815 3238 887 ἠρημώθη
3266 816 3336 870 τά
3352 818 3520 884 Ἅγια
3547 815 3654 869 τῶν
3676 815 3852 884 ἁγίων

2265 903 2332 971 τῇ
2358 900 2452 954 τοῦ
2478 901 2613 955 Θεοῦ
2635 903 2819 974 ψήφῳ,
2848 905 2882 973 ὴ
2911 903 3153 956 πολιτεία
3191 905 3226 973 ἡ
3255 904 3498 976 προτέρα
3524 904 3720 974 ἐλύθη.
3772 904 3851 956 Σὺ

2265 991 2402 1061 πρὸς
2429 991 2674 1056 Γαλάτας
2702 992 2828 1064 βοᾷς
2857 994 3060 1062 λέγων’
3079 997 3160 1070 λοι
3187 993 3258 1046 ἐν
3284 995 3445 1062 νόμῳ
3469 993 3854 1048 δικαιοῦσθαι

2260 1079 2718 1146 προσδοκῶντες
2735 1122 2750 1146 ,
2795 1081 2906 1151 τῆς
2951 1082 3204 1150 χάριτος
3236 1081 3567 1147 ἐξεπέσατε
3585 1099 3598 1112 ο
3658 1083 3758 1137 καὶ
3797 1081 3853 1137 τί

2261 1171 2422 1225 πάλιν
2452 1173 2601 1244 ἡμᾶς
2629 1176 2766 1244 πρὸς
2792 1173 2892 1245 τὴν
2914 1173 3158 1227 δουλείαν
3182 1173 3339 1242 ἄγεις
3370 1172 3466 1226 τοῦ
3488 1173 3688 1243 νόμους
3734 1173 3854 1227 Οὐκ

2261 1260 2377 1314 ἐστι
2406 1265 2599 1334 μικρὸν
2633 1265 2694 1316 τὺ
2723 1263 3058 1334 κινούμενον,
3096 1262 3289 1334 μαθεῖν
3323 1266 3371 1316 εί
3406 1264 3640 1332 μάχεται
3669 1262 3854 1333 ἐαυτῷ

2257 1351 2286 1402 6
2313 1350 2546 1415 Παῦλος.
2579 1350 2716 1406 Ούδὶ
2739 1352 2848 1423 γάρ
2872 1352 3088 1423 ἡμέρας
3107 1351 3276 1429 ,μόνον
3308 1351 3617 1422 παρατηρεῖ
3639 1353 3668 1402 ό
3699 1349 3852 1403 Παῦ-

2256 1440 2366 1506 λος,
2402 1441 2538 1496 ἀλλά
2568 1444 2663 1497 καὶ
2691 1443 2824 1497 ἄλλα
2857 1442 3116 1512 φυλάττει
3143 1443 3346 1513 νομικά
3388 1441 3850 1514 παραγγέλματα,

2258 1529 2354 1582 καὶ
2403 1527 2501 1598 βοᾷ
2547 1529 2721 1596 λέγων
2751 1530 2864 1593 τοῖς
2900 1529 3200 1593 Γαλάταις·
3260 1528 3404 1585 Ἰδοὺ
3450 1528 3565 1599 ἐγὼ
3603 1529 3856 1594 Παῦλος

2257 1613 2412 1683 λέγω
2439 1614 2600 1683 ὑμῖν,
2631 1615 2719 1669 ὅτι
2753 1617 2862 1670 ἐὰν
2897 1615 3354 1685 περιτέμνησθε,
3393 1617 3651 1684 Χριστὸς
3691 1614 3855 1686 ὑμᾶς

2257 1699 2442 1754 οὐδὲν
2469 1700 2790 1770 ὠφελήσει.

2329 1794 2499 1864 Οὗτος
2525 1801 2705 1854 τοίνυν
2736 1803 2764 1854 6
2787 1800 3019 1865 Παῦλος,
3054 1802 3084 1854 6
3111 1801 3288 1869 λέγων
3313 1803 3396 1855 ὅτι
3447 1801 3582 1855 Ἐὰν
3621 1799 3854 1869 περιτέ-

2252 1894 2510 1957 μνησθε,
2551 1890 2804 1958 Χριστὸς
2837 1889 2994 1960 ὑμᾶς
3027 1890 3212 1945 οὐδὲν
3239 1889 3561 1959 ὠφελήσει,
3596 1889 3852 1959 φαίνεται

2258 1978 2419 2040 αὐτὸς
2447 1981 2786 2050 περιτέμνων
2812 1981 2902 2032 τὸν
2933 1982 3216 2062 Τιμόθεον.
3248 1979 3440 2051 Εὐρὼν
3471 1979 3603 2051 γὰρ,
3653 1981 3850 2049 φησὶν.

2256 2069 2287 2120 6
2315 2068 2528 2132 Παῦλος
2577 2071 2636 2122 ἐν
2678 2070 2946 2140 Λύστροις
2976 2069 3098 2124 τινὰ
3135 2070 3376 2135 νεανίαν,
3425 2069 3542 2124 υἱὸν
3578 2071 3854 2134 ἰουδαίας

2257 2157 2514 2225 γυναικὸς
2563 2159 2784 2228 πιστῆς.
2831 2159 3039 2229 πατρὸς
3087 2159 3144 2212 δὲ
3182 2158 3468 2229 Ἕλληνος,
3521 2159 3856 2230 περιέτεμεν

2255 2246 2416 2300 αὐτόν
2436 2262 2448 2279 ⁸
2500 2247 2601 2300 οὐκ
2645 2246 2896 2300 ἐϐούλετο
2919 2247 3028 2318 γάρ
3056 2246 3392 2318 ἀκρόϐυστον
3426 2246 3669 2317 πέμπειν
3695 2248 3851 2301 διδά-

2256 2335 2474 2389 σκαλον.
2506 2336 2572 2388 Τί
2597 2335 2754 2390 τοῦτο
2782 2339 2978 2403 ποιεῖς,
3001 2331 3047 2391 ὧ
3077 2337 3320 2409 μακάριε
3349 2337 3561 2402 Παῦλε;
3599 2338 3856 2409 ἀναιρεῖς

2255 2426 2332 2496 τῷ
2351 2425 2494 2496 λόγῳ
2522 2428 2623 2496 τὴν
2650 2427 2972 2498 περιτομὴν,
2996 2429 3089 2481 καὶ
3110 2427 3348 2497 βεϐαιοῖς
3373 2428 3452 2499 τῷ
3474 2428 3623 2499 ἔργῳ
3645 2429 3812 2483 πάλιν
3833 2447 3849 2491 ;

2266 2517 2342 2568 Ού
2373 2515 2598 2584 βεϐαιῶ,
2633 2518 2816 2585 φησὶν,
2849 2517 2964 2569 ἀλλ’
2997 2517 3205 2588 ἀναιρῶ
3231 2518 3320 2571 διὰ
3358 2518 3466 2571 τῶν
3496 2517 3694 2589 ἔργων.
3739 2519 3855 2573 Καὶ

2255 2605 2365 2675 γάρ
2393 2605 2509 2668 υίὸς
2541 2607 2801 2674 γυναικὸς
2840 2603 2908 2678 ἦν
2950 2607 3210 2671 ἰουδαίας
3243 2607 3441 2678 πιστῆς
3476 2608 3502 2660 6
3552 2607 3848 2677 Τιμόθεος,

2256 2698 2465 2769 πατρὸς
2511 2696 2568 2750 δέ
2611 2696 2891 2768 Ἕλληνος,
2929 2697 3269 2767 ἀκροϐύστου
3300 2697 3358 2751 δὲ
3413 2698 3629 2765 γένους.
3691 2697 3853 2751 Ἐπεὶ

2255 2783 2348 2841 οῦν
2382 2788 2602 2859 ἔμελλεν
2648 2789 2810 2843 αὑτὸν
2838 2791 2872 2842 6
2901 2789 3114 2853 Παῦλος
3157 2789 3511 2862 προπέμπειν
3553 2789 3669 2851 τοῖς
3694 2789 3848 2842 Ἰου-

2255 2871 2422 2932 δαίοις
2493 2871 2812 2926 διδάσκαλον
2839 2914 2855 2937 ,
2914 2873 3015 2925 οὐκ
3079 2872 3330 2925 ἐϐούλετο
3395 2871 3453 2924 δὲ
3504 2870 3851 2941 ἀκρόϐυστον

2255 2953 2509 3023 πέμψαι,
2567 2953 2651 3006 ῐνα
2687 2955 2761 3024 μὴ
2809 2956 3152 3018 εὐθέωςίάπὸ
3198 2955 3309 3008 τῶν
3357 2955 3662 3023 προοιμίων
3709 2955 3848 3006 ἀπο-

2256 3035 2449 3106 κλείσῃ
2488 3035 2586 3097 τάς
2620 3036 2789 3106 θύρας
2820 3035 2899 3105 τῷ
2938 3037 3105 3107 λόγῳ.
3156 3035 3533 3107 Προοδοποιῶν
3568 3035 3751 3088 τοίνυν
3780 3036 3848 3104 τῇ

2257 3120 2533 3190 ἀναιρέσει
2560 3121 2656 3190 τῆς
2686 3123 2988 3191 περιτομῆς
3008 3159 3022 3183 ,
3070 3121 3165 3173 καὶ
3189 3119 3422 3188 ἀνοίγων
3457 3118 3574 3172 όδδν
3603 3119 3671 3188 τῇ
3702 3119 3854 3170 διδα-

2258 3200 2454 3270 σκαλίᾳ
2501 3201 2596 3254 τοῦ
2641 3201 2931 3272 Τιμοθέου,
2975 3202 3306 3272 περιέθηκεν
3341 3200 3492 3272 αύτῷ
3521 3199 3850 3270 περιτομὴν,

2258 3284 2343 3336 ῖνα
2380 3283 2546 3356 ἀνέλῃ
2597 3286 2921 3355 περιτομήν.
2971 3283 3070 3336 Διά
3097 3283 3256 3337 τοῦτό
3285 3299 3471 3354 φησιν,
3515 3284 3864 3351 Ἐγεγόμην-

2254 3375 2379 3439 τοῖς
2419 3373 2736 3440 Ἰουδαίοις
2779 3375 2860 3441 ὡς
2895 3374 3187 3439 Ἰουδαῖος
3218 3390 3234 3405 ’
3292 3373 3390 3442 οὐχ
3441 3373 3531 3426 ῖνα
3588 3372 3855 3436 Ἰουδαῖος

2254 3456 2498 3526 γένηται,
2536 3456 2696 3509 τοῦτο
2729 3458 2949 3526 εἴρηκεν
2980 3459 3008 3510 6
3047 3457 3280 3519 Παῦλος,
3322 3456 3438 3509 ἀλλ’
3467 3457 3554 3508 ἵνα
3587 3457 3716 3518 τοὺς
3747 3456 3850 3524 μέ-

2256 3554 2445 3600 νοντας
2485 3539 2771 3603 Ἰουδαίους
2799 3541 2962 3613 πείσῃ
2996 3541 3190 3611 μηκέτι
3216 3537 3357 3593 εῐναι
3392 3540 3702 3600 Ἰουδαίους·
3760 3539 3852 3592 διά

2254 3620 2411 3672 τοῦτο
2442 3623 2536 3673 καὶ
2581 3621 2772 3674 τοῦτον
2823 3624 3170 3694 περιέτεμεν,
3220 3624 3306 3676 ἴνα
3347 3623 3513 3695 ἀνέλῃ
3547 3623 3649 3692 τὴν
3689 3639 3853 3690 περι-

2254 3704 2449 3772 τομήν.
2499 3703 2580 3774 Τῇ
2627 3707 2898 3774 περιτομῇ
2945 3706 3125 3758 τοίνυν
3177 3704 3319 3758 κατά
3375 3705 3479 3774 τῆς
3540 3704 3853 3774 περιτομῆς

2256 3785 2545 3854 ἐχρήσατο.
2585 3785 2782 3839 Ἔλαϐε
2803 3787 2912 3856 γὰρ
2942 3787 3243 3858 περιτομὴν
3264 3787 3357 3839 καὶ
3380 3789 3409 3839 6
3441 3785 3730 3856 Τιμόθεος,
3759 3787 3851 3838 ἵνα

2256 3866 2459 3936 δυνηθῇ
2510 3867 2915 3938 παραδεχθῆναι
2950 3868 3057 3920 ὑπὸ
3093 3868 3204 3921 τῶν
3261 3868 3550 3930 Ἰουδαίων,
3596 3868 3694 3920 καὶ
3732 3870 3852 3920 είσ-

2259 3949 2425 4002 ελοὼν
2487 3952 2631 4004 κατὰ
2699 3951 2894 4021 μικρὸν
2942 3951 3202 4022 ὲξελκύσῃ
3246 3950 3450 4020 ταύτης
3499 3951 3700 4012 αὐτοὺς
3745 3950 3851 4018 τῆς

2261 4035 2714 4104 παρατηρήσεως.
2752 4030 2904 4096 Εἶδες
2943 4034 3084 4096 τίνος
3115 4035 3300 4086 ἕνεκεν
3337 4034 3430 4086 καὶ
3465 4031 3852 4102 Πεντηκοστὴν

2258 4114 2352 4167 καὶ
2401 4114 2703 4184 περιτομὴν
2754 4115 3017 4186 ἐτήρησεν
3061 4118 3089 4168 ό
3128 4116 3374 4181 Παῦλος;
3431 4115 3699 4167 Βούλεσθε
3753 4117 3850 4168 καὶ

2258 4197 2392 4250 ἀλλα
2422 4199 2549 4268 ὑμῖν
2578 4197 2844 4260 ἀποδείξω
2883 4199 3088 4267 νόμιμα
3133 4197 3400 4268 τηροῦντα
3429 4199 3626 4260 αὒτόνς
3664 4199 3850 4268 Προσ-

2258 4281 2408 4350 έχετε
2451 4281 2704 4352 ἀκριϐῶς.
2768 4280 2990 4350 Ἀνῆλθέ
3036 4298 3165 4334 ποτε
3201 4284 3280 4344 είς
3322 4281 3710 4351 Ἰεροσόλυμα,
3756 4281 3852 4334 καὶ

2261 4365 2459 4427 ἰδόντες
2501 4365 2663 4416 αὑτὸν
2693 4366 2742 4416 οί
2773 4364 3059 4417 ἀπόστολοι
3101 4363 3287 4430 ἔλεγον
3332 4363 3503 4432 αὐτῷ·
3561 4363 3848 4429 Θεωρεῖς,

2256 4446 2484 4515 ἀδελφέ
2513 4445 2748 4507 Παῦλε,
2795 4450 2979 4500 πόσαι
3015 4446 3307 4516 μυριάδες
3332 4445 3498 4499 είσίι·
3548 4444 3855 4500 Ἰουδαίων-

2255 4526 2377 4581 τῶν
2425 4529 2935 4593 συνεληλυθότων
2957 4566 2973 4591 ,
3038 4528 3137 4580 καί
3185 4523 3352 4583 οὗτοι
3409 4526 3636 4591 πάντες
3704 4544 3851 4581 κατ-

2256 4611 2516 4678 ήχη-νται
2549 4610 2682 4678 περὶ
2705 4610 2846 4670 σοῦ.
2863 4613 2951 4664 ὅτι
2980 4612 3366 4664 ἀποστασίαν
3383 4608 3498 4664 ἀπὸ
3525 4609 3632 4662 τοῦ
3659 4611 3858 4678 νόμον

2256 4693 2584 4757 διδάσκεις.
2631 4692 2697 4746 Τί
2727 4689 2875 4756 οῦν;
2912 4695 3180 4758 Ποίησον
3210 4693 3244 4744 δ
3272 4708 3371 4746 σοι
3393 4691 3675 4759 λέγομεν.
3708 4694 3848 4746 Εἰσί

2257 4777 2393 4842 παρ’
2416 4775 2561 4843 ἡμῖν
2591 4775 2806 4842 ἄνδρες
2824 4775 3018 4844 εὐχὴν
3038 4775 3284 4843 ἔχοντες
3310 4775 3380 4825 ἐν
3399 4773 3638 4838 ἑαυτοῖς
3654 4789 3670 4804 ·
3716 4775 3850 4839 τού-

2258 4876 2399 4924 τους
2425 4857 2626 4911 λαϐὼγ
2664 4857 2980 4926 ἁγνίσθητι
3010 4857 3134 4909 σὺν
3169 4856 3395 4922 αὐτοῖς,
3437 4856 3544 4921 καί,
3588 4855 3849 4924 ξίῬησαι

2258 4943 2372 5009 τὴν
2406 4940 2682 5010 κεφαλὴν
2711 4943 2838 5008 μετ’
2863 4940 3080 5004 αὐτῶν,
3118 4942 3219 4993 ἵνα
3253 4942 3404 5008 ἔργῳ
3439 4937 3846 4996 πιστωθῶσιν.

2258 5026 2348 5078 ὅτι
2384 5018 2472 5076 ὧν
2509 5022 2878 5090 κατήχηνται
2913 5023 3047 5090 περὶ
3090 5023 3207 5077 σοῦ
3237 5021 3419 5075 οὐδέν
3453 5022 3646 5084 ἐστιν,
3689 5022 3850 5075 ἀλλὰ

2259 5107 2456 5176 τηρεῖς
2483 5106 2579 5158 καί
2605 5104 2791 5170 αὐτὸς
2825 5105 2933 5157 τὸν
2954 5108 3143 5174 νόμον
3172 5104 3280 5158 τοῦ
3306 5105 3625 5168 Μωῖνσέως.
3662 5103 3846 5156 Ιίῖῖδετε

2261 5191 2665 5259 συγκατάϐασιν
2696 5189 3040 5258 θαυμασίως
3087 5189 3328 5256 Καιροὺς
3372 5190 3724 5258 παρατηρεῖ,
3761 5188 3847 5240 ἵνα

2258 5274 2419 5343 ἀνέλῃ
2451 5273 2656 5343 καιρῶν
2679 5273 3063 5341 παρατήρησιν
3084 5288 3099 5302 ο
3148 5270 3444 5341 περιτομὴν
3476 5269 3842 5338 περιτίθησιν,

2259 5357 2345 5409 ἵνα
2375 5357 2560 5426 παύσῃ
2589 5355 2888 5424 περιτομήν
2912 5370 2924 5383 ·
2975 5353 3164 5406 θυσίαν
3194 5352 3481 5421 προσάγει,
3522 5351 3612 5404 ἶνα
3642 5352 3844 5421 καθέλῃ

2257 5439 2354 5508 τὴν
2404 5439 2783 5507 παρατήρησιν
2839 5437 2945 5489 τῶν
2987 5435 3210 5490 θυσιῶν.
3275 5439 3383 5489 Καὶ
3434 5436 3516 5487 ὅτι
3555 5432 3645 5486 διὰ
3690 5433 3846 5486 τοῦτο

2258 5522 2429 5575 ταῦτα
2462 5520 2651 5584 ἐποίει,
2685 5520 2914 5573 ἄκουσον
2948 5520 3110 5572 αὐτοῦ
3139 5520 3407 5584 λέγοντοςσ
3444 5516 3560 5588 [87]
3617 5517 3844 5586 Ἑτενόο

2253 5626 2380 5675 μην
2414 5607 2535 5669 τοῖς
2574 5605 2692 5659 ὑπὸ
2754 5605 2970 5671 νόμον,
3027 5606 3106 5667 ὡς
3147 5607 3260 5657 ὑπο
3300 5601 3507 5670 νόμον,
3556 5602 3655 5653 ἵνα
3709 5600 3842 5666 τοὺς

2266 5696 2375 5748 ὑπὸ
2410 5695 2592 5759 νόμον
2617 5688 2906 5756 κερδήσω,
2927 5689 3022 5742 καί
3047 5690 3354 5753 ἐλεύθείνος
3375 5682 3458 5737 ὢν
3476 5684 3548 5737 ἐκ
3575 5684 3846 5754 πάντων,
