4080 6402
272 392 371 450 Ml

272 506 493 577 sciplina
523 510 569 558 et
595 496 911 567 correptione
938 491 1145 547 Domini
1184 486 1399 557 (Epltes.
1430 485 1484 541 6.
1511 483 1591 554 ι).
1636 481 1763 538 llaec
1795 488 1878 534 est

274 612 485 669 patrum
527 606 657 649 cura
700 584 1093 660 pulcherrima,
1130 581 1248 635 tunc
1290 590 1547 649 germana
1593 580 1875 644 parentum

270 688 581 750 sollicitudo
615 684 784 740 :hinc
822 694 925 749 ego
953 684 1158 731 natura:
1199 669 1576 741 cognationem
1620 677 1877 735 agnoseo,

274 785 322 838 si
348 786 466 854 plus
489 783 541 834 in
568 773 865 847 spiritualia
892 768 1053 826 studii
1079 764 1378 821 conferant.
1540 755 1879 860 sat-isindul-

276 850 389 930 tuin
432 872 503 927 sit
531 866 842 939 prooemiis;
880 863 989 932 jam
1021 870 1243 913 necesse
1270 862 1353 909 est
1392 852 1459 907 ad
1484 850 1875 939 exsolutionem

274 964 443 1020 debiti
470 959 749 1017 veniamus
781 973 795 1009 :
839 953 939 1008 hac
968 952 1112 1005 enim
1143 946 1210 1001 de
1236 958 1398 999 causa
1427 941 1696 1012 prolixum
1734 938 1878 991 hunc

271 1066 331 1113 et
365 1054 642 1123 copiosum
685 1048 950 1105 texuimus
995 1041 1150 1097 vobis
1198 1050 1537 1099 sermonem,
1566 1042 1625 1088 ut
1664 1048 1725 1087 ea
1756 1045 1876 1123 quae

272 1121 628 1203 numerantur
653 1158 773 1198 cum
812 1150 1021 1192 summa
1058 1132 1305 1187 cautione
1343 1126 1669 1224 suscipiatis.
1697 1121 1879 1224 Quod-

272 1254 399 1295 nam
427 1251 557 1306 ergo
586 1236 821 1289 debitum
853 1228 973 1294 fuit,
997 1240 1103 1294 quo
1127 1228 1408 1313 contracto
1428 1231 1599 1313 nuper
1617 1214 1875 1313 discessi-

272 1330 431 1387 mus?
458 1304 526 1383 an
556 1339 686 1382 vero
729 1322 871 1377 illius
903 1318 1081 1372 forsan
1117 1312 1267 1367 obliti
1313 1308 1480 1365 estis?
1508 1308 1697 1408 itaque
1725 1304 1877 1359 vobis

272 1422 331 1476 in
361 1416 677 1474 memoriam
708 1427 740 1466 a
768 1409 923 1465 nobis
953 1418 1176 1461 necesse
1213 1410 1298 1457 est
1326 1412 1591 1462 revocari,
1622 1410 1876 1466 priusque

270 1510 631 1586 syngrapham
659 1505 784 1575 legi,
825 1501 979 1593 cujus
1015 1511 1179 1593 opera
1210 1494 1356 1565 prior
1392 1490 1718 1593 solutio-cst
1748 1503 1875 1593 per-

268 1579 413 1668 acta,
442 1579 495 1656 et
514 1610 757 1670 quamam
783 1592 981 1648 fuerint
1000 1604 1033 1644 a
1057 1587 1212 1642 nobis
1244 1590 1521 1638 numerata
1544 1579 1873 1682 ,ldicendum

267 1705 377 1758 est,
411 1703 468 1747 ut
512 1708 577 1747 ex
610 1690 674 1743 iis
703 1702 822 1756 quae
871 1690 1149 1737 numerata
1185 1684 1342 1741 sunt,
1372 1690 1492 1745 qua:
1536 1674 1644 1727 sint
1672 1672 1873 1741 reliqua

267 1789 567 1843 videamus.
619 1783 875 1849 Quaenam
930 1774 1091 1845 igitur
1142 1771 1293 1842 prius
1327 1782 1357 1821 a
1400 1766 1557 1821 nobis
1595 1774 1872 1819 numerata

266 1879 430 1932 sunt?
460 1874 577 1935 Dixi
625 1882 735 1925 tum
775 1866 1030 1934 temporis
1073 1877 1102 1915 a
1146 1874 1253 1931 quo
1277 1858 1510 1927 scriptus
1539 1856 1698 1911 fuerit
1738 1854 1875 1909 liber

268 1975 533 2030 Actorum,
584 1960 794 2031 etquis
838 1955 1018 2027 operis
1072 1953 1226 2007 istius
1276 1958 1465 2004 auctor
1502 1947 1706 2003 fuerit:
1762 1946 1873 2003 imo

265 2075 400 2116 vero
424 2074 530 2113 non
558 2054 678 2125 quis
698 2060 886 2106 auctor
921 2046 1129 2117 operis,
1157 2042 1251 2098 sed
1288 2043 1410 2112 quis
1438 2040 1686 2095 minister
1718 2056 1730 2093 :
1762 2055 1869 2094 non

266 2153 413 2209 enim
456 2149 547 2204 ille
584 2162 702 2218 quae
742 2143 885 2198 dicta
912 2146 1039 2195 sunt
1061 2134 1331 2207 produxit,
1362 2133 1459 2190 sed
1490 2133 1555 2187 iis
1582 2147 1705 2203 quae
1730 2131 1871 2186 dicta

264 2255 394 2301 sunt
422 2238 761 2297 ministravit.

343 2337 446 2392 Cur
464 2336 515 2389 in
531 2334 841 2389 Pentecoste.
854 2328 1089 2397 legantur
1108 2322 1235 2376 Acta
1257 2321 1635 2389 Apostolorum.
1664 2347 1738 2356 -—
1757 2317 1870 2372 Dixi

263 2429 339 2485 de
365 2428 514 2483 Actis
544 2424 695 2495 ipsis,
732 2431 787 2477 et
822 2418 952 2489 quid
979 2416 1192 2471 tandem
1220 2414 1320 2467 sibi
1344 2413 1471 2466 velit
1510 2425 1705 2464 nomen
1742 2408 1870 2463 illud

265 2522 549 2583 Actorum,
568 2515 676 2569 dixi
693 2512 853 2569 etiam
871 2509 940 2564 de
956 2502 1725 2578 Apostolorumappellatitme.
1751 2500 1870 2555 Jam

264 2625 491 2666 necesse
542 2616 625 2661 est
667 2604 932 2667 dicamus,
959 2613 1063 2667 qua
1089 2596 1157 2651 de
1182 2610 1341 2650 causa
1371 2592 1654 2647 statuerint
1694 2599 1872 2660 patres

266 2700 463 2765 nostri,
481 2707 541 2753 ut
570 2696 706 2750 liber
732 2696 987 2747 Actorum
1012 2690 1063 2744 in
1078 2689 1399 2744 Pentecoste
1425 2684 1712 2753 legeretur.
1738 2681 1873 2765 Fur:

430 2753 658 2856 iiamque
677 2782 994 2839 meministis
1012 2780 1113 2832 hoc
1128 2790 1341 2847 quoque
1359 2784 1471 2829 tum
1491 2774 1757 2844 pollicitos
1773 2753 1872 2827 suis

265 2897 391 2936 esse
420 2880 677 2934 dicturos.
707 2874 890 2944 Neque
909 2872 1054 2926 enim
1076 2879 1278 2924 temere
1300 2876 1355 2921 et
1380 2870 1502 2921 sine
1526 2879 1689 2920 causa
1716 2864 1873 2919 nobis

268 2974 387 3026 haec
413 2980 652 3038 tempora
682 2974 863 3035 patres
890 2963 1269 3025 observarunt,
1298 2959 1394 3012 sed
1421 2955 1671 3027 prudenti
1694 2957 1874 3027 aliqua

266 3064 480 3118 ratione
502 3057 653 3114 ducti
679 3056 731 3111 id
756 3065 983 3123 egerunt
1013 3070 1027 3105 :
1055 3066 1160 3104 non
1193 3057 1251 3103 ut
1291 3048 1593 3103 libertatem
1628 3055 1870 3102 nostram

268 3164 574 3222 temporum
629 3144 936 3202 necessitati
989 3141 1334 3210 subiicerent,
1389 3138 1485 3193 sed
1543 3147 1602 3192 ut
1633 3137 1760 3191 dum
1816 3152 1876 3192 se

269 3242 688 3297 imbecilliorum
737 3240 1098 3303 attemperant
1132 3229 1389 3300 egestati,
1439 3227 1506 3282 ad
1552 3228 1877 3298 cognitionis

268 3350 404 3404 opes
428 3334 547 3387 illos
573 3330 951 3400 proveherent.
980 3326 1154 3394 Atque
1175 3332 1233 3377 ut
1262 3322 1527 3391 intelligas
1550 3336 1645 3376 eos
1676 3321 1877 3375 idcirco

271 3438 516 3496 tempora
537 3425 847 3486 observare,
876 3434 980 3473 non
1010 3427 1067 3471 ut
1087 3431 1145 3471 se
1171 3415 1568 3470 observationis
1591 3414 1879 3483 subjiciunt

272 3518 605 3579 necessitati,
633 3514 730 3570 sed
760 3512 904 3584 quod
945 3509 1388 3565 imbecillioribus
1415 3522 1536 3563 sese
1574 3522 1878 3562 accommo-

267 3608 406 3662 dare
452 3614 754 3670 conentur,
801 3601 925 3655 audi
969 3600 1096 3669 quid
1142 3599 1289 3653 dicat
1337 3598 1582 3652 Paulus:
1623 3596 1747 3651 Dies
1784 3598 1877 3650 ob-

269 3700 507 3761 servatis,
533 3705 581 3748 et
618 3709 835 3757 menses,
884 3702 929 3744 et
966 3702 1214 3760 tempora,
1261 3698 1305 3742 et
1339 3689 1543 3741 annos?
1586 3686 1783 3754 Timeo,
1818 3704 1880 3741 ne

272 3792 411 3858 forte
439 3788 549 3841 sine
577 3800 733 3838 causa
761 3782 1093 3837 laboraverim
1138 3782 1191 3832 in
1222 3780 1359 3832 vobis
1390 3776 1531 3849 (Gal.
1561 3778 1613 3831 4.
1643 3778 1729 3831 10.
1762 3779 1873 3848 11).

272 3880 355 3933 Tu
388 3887 568 3932 autem
595 3888 774 3929 nonne
800 3875 1056 3927 observas
1094 3872 1210 3925 dies
1234 3883 1289 3925 et
1319 3879 1560 3939 tempora
1587 3879 1642 3924 et
1667 3870 1880 3923 annos?

272 3972 395 4025 .lam
428 3985 558 4023 vero
586 3969 633 4022 si
672 3968 947 4021 videamus
987 3981 1130 4029 eum,
1160 3966 1249 4033 qui
1280 3964 1416 4028 dies,
1450 3974 1504 4018 et
1533 3979 1781 4029 menses,
1826 3973 1881 4018 et

273 4075 540 4131 tempora,
571 4069 626 4113 et
664 4074 834 4115 annos
882 4058 1159 4112 observari
1200 4065 1365 4119 vetat,
1419 4055 1533 4111 hmc
1559 4058 1876 4123 observare,

271 4154 426 4224 quid,
454 4168 637 4222 quasso
658 4192 673 4215 ,
703 4151 981 4205 dicemus?
1012 4166 1138 4203 num
1167 4164 1289 4203 eum
1319 4148 1419 4201 sibi
1460 4164 1761 4219 repugnare
1788 4164 1876 4203 sc—

272 4261 507 4315 cmnque
552 4244 921 4298 contendere?
971 4243 1151 4307 Absit;
1198 4241 1291 4295 sed
1342 4257 1486 4307 eum,
1534 4242 1673 4310 quod
1722 4242 1879 4295 vellet

272 4352 462 4391 eorum
496 4336 685 4388 tollere
736 4334 1153 4387 imbecillitatem
1175 4373 1190 4399 ,
1220 4347 1250 4385 a
1294 4333 1486 4400 quibus
1517 4342 1756 4401 tempora
1785 4332 1868 4385 ob-

273 4428 651 4491 scrvabantur,
675 4425 775 4482 illis
797 4438 916 4479 sese
945 4439 1038 4492 per
1055 4423 1482 4478 observationem
1512 4424 1667 4477 istam
1690 4432 1881 4478 attem-

275 4534 491 4588 perare.
520 4517 596 4570 lta
637 4532 851 4586 quoque
897 4516 1098 4569 faciunt
1138 4515 1355 4581 medici,
1397 4525 1678 4586 porrectos
1720 4517 1879 4586 aegris

273 4619 429 4673 cibos
458 4617 607 4686 prius
633 4615 949 4684 degustant,
980 4613 1225 4681 quamvis
1256 4612 1355 4679 ipsi
1387 4613 1607 4667 minime
1631 4612 1764 4666 cibis
1796 4613 1875 4664 iii-

274 4709 492 4779 digeant
513 4747 529 4772 ,
560 4706 653 4760 sed
683 4707 895 4758 illorum
926 4704 1175 4757 studeant
1208 4703 1503 4757 inﬁrmitati
1547 4704 1767 4757 mederi.
1803 4703 1879 4756 ita

275 4814 490 4870 quoque
516 4797 716 4852 Paulus
741 4797 883 4865 egit,
917 4810 1038 4849 cum
1066 4794 1443 4849 observatione
1468 4804 1766 4863 temporum
1800 4795 1881 4847 ni-

274 4891 351 4945 hil
383 4889 681 4958 indigeret,
712 4898 951 4955 tempora
980 4885 1304 4947 observavit,
1339 4894 1396 4938 ut
1425 4900 1539 4949 eos,
1570 4887 1657 4953 qui
1691 4885 1879 4938 obser-

272 4982 495 5046 vabant,
520 4980 607 5033 illa
623 4978 941 5033 observandi
962 4977 1324 5031 imbecillitate
1342 4977 1617 5029 liberaret.
1635 4976 1732 5031 Ubi
1754 4992 1882 5030 vero

280 5072 493 5128 tandem
515 5080 755 5140 tempora
777 5070 975 5124 Paulus
996 5068 1295 5121 observavit
1313 5069 1335 5121 ?
1353 5068 1645 5131 Attendite,
1676 5083 1879 5135 qumso,

274 5166 581 5234 diligenter.
618 5163 860 5230 Sequenti
891 5171 1057 5213 autem
1088 5162 1188 5222 die,
1234 5160 1422 5229 inquit,
1453 5161 1745 5230 appulimus
1776 5158 1879 5211 Mi-

280 5260 458 5310 lctum.
488 5255 837 5324 PrOposuerut
868 5249 998 5306 enim
1033 5251 1229 5305 Paulus
1256 5252 1678 5320 prwternavigare
1706 5249 1882 5317 Ephe-

278 5364 412 5409 sum,
437 5363 498 5398 ne
524 5362 624 5416 qua
652 5362 794 5397 mora
817 5345 891 5397 illi
916 5346 1054 5411 ﬁeret
1076 5346 1127 5395 in
1159 5344 1299 5397 Asia.
1334 5342 1628 5395 Festinabat
1656 5344 1809 5407 enim,
1843 5345 1887 5395 si

279 5440 518 5508 possibile
545 5439 637 5492 sibi
678 5448 833 5499 esset,
876 5447 928 5488 ut
956 5437 1085 5488 dic'n
1132 5435 1446 5489 Peutecostcs
1482 5444 1649 5503 ageret
1680 5434 1889 5487 Jeroso-

278 5530 431 5599 lymis
472 5529 611 5599 (Act.
655 5528 744 5581 20.
797 5529 884 5583 15.
939 5528 1047 5597 16).
1099 5526 1293 5589 Vides,
1346 5536 1402 5578 ut
1456 5526 1544 5579 ille
1600 5527 1684 5594 qui
1738 5526 1884 5581 dice-

278 5622 401 5684 bat,
462 5619 544 5673 Ne
581 5622 846 5673 observetis
878 5620 984 5672 dies
1031 5629 1076 5671 et
1126 5635 1317 5671 menses
1348 5629 1391 5670 ct
1447 5628 1709 5685 tempora,
1744 5618 1885 5671 diem

281 5712 628 5767 Pcntecostes
657 5710 1003 5765 observaret?

359 5804 411 5855 6.
442 5802 622 5872 Neque
655 5819 781 5858 νεα)
811 5805 950 5857 diem
985 5812 1189 5857 tantum
1221 5804 1561 5869 observabat,
1598 5804 1692 5859 sed
1728 5806 1885 5859 etiam

990 373 1130 431 cun
1168 371 1234 429 IN
1275 368 1571 428 reuma.
1612 365 1820 433 acra,
1861 363 2016 423 s'rc.
2059 332 2127 421 is
2168 365 2465 425 PRINCIP.
2506 367 2866 429 acronuu.
2908 370 2998 429 iv.

3489 377 3594 443 193

1991 478 2211 537 locum:
2243 499 2348 540 non
2392 486 2537 543 enim
2566 486 2742 542 solum
2774 488 3124 544 Pentecostes
3160 488 3305 545 diem
3328 498 3386 546 ut
3409 500 3596 561 ageret

1983 569 2295 641 festinabat,
2324 576 2421 632 sed
2448 579 2611 632 etiam
2644 586 2702 632 ut
2730 594 2849 634 eam
2879 578 3237 652 Jerosolymis
3258 580 3584 637 celebraret.

1987 662 2126 731 Quid
2156 664 2307 730 facis,
2343 667 2498 723 beate
2519 668 2727 725 Paule?
2755 670 3036 726 Destrueta
3062 681 3187 726 sunt
3215 670 3555 743 Jerosolyma
3578 715 3595 740 ,

1985 752 2232 811 desolata
2277 765 2405 813 sunt
2455 768 2643 814 sancta
2695 770 3002 831 sanctorum
3058 764 3327 818 sententia
3374 764 3587 829 divina,

1985 846 2136 916 prior
2164 848 2358 918 religio
2384 850 2595 906 sublata
2620 861 2722 907 est.
2752 851 2941 908 Nonne
2965 854 3033 907 ad
3058 854 3277 911 Galatas
3305 856 3506 911 clamas
3535 866 3591 910 et

1987 937 2125 991 dicis
2155 957 2169 992 :
2201 938 2302 1006 Qui
2330 941 2385 994 in
2415 940 2525 1012 lege
2542 944 2823 1013 justiﬁcari
2843 945 3167 1015 exspectatis,
3197 962 3229 998 a
3255 948 3423 1017 gratia
3448 947 3589 1002 exci-

1985 1030 2133 1085 distis
2158 1030 2305 1101 (Gal.
2331 1033 2384 1088 5.
2413 1033 2468 1105 4)
2488 1035 2514 1088 ‘l
2535 1043 2590 1089 et
2627 1050 2725 1089 cur
2759 1050 2860 1089 nos
2888 1037 3080 1091 iterum
3112 1038 3213 1092 sub
3238 1039 3372 1109 legis
3411 1039 3585 1093 servi-

1986 1132 2153 1181 tutem
2183 1126 2560 1196 redigis?Non
2599 1138 2685 1184 est
2702 1130 2888 1200 exigui
2930 1133 3188 1186 momenti
3237 1146 3348 1197 res,
3391 1131 3460 1186 de
3480 1147 3585 1202 qua

1983 1218 2178 1283 agitur,
2213 1225 2269 1270 ut
2299 1218 2591 1284 discamus,
2625 1237 2751 1275 num
2778 1235 2961 1276 secum
2988 1223 3105 1292 ipse
3128 1223 3325 1278 Paulus
3364 1235 3585 1294 pugnet.

1985 1303 2166 1374 Neque
2196 1307 2339 1360 enim
2386 1307 2504 1363 dies
2528 1310 2780 1366 observat
2826 1313 3202 1370 tantummodo
3233 1314 3462 1382 Paulus,
3489 1315 3585 1370 sed

1982 1405 2037 1450 et
2060 1397 2163 1451 alia
2203 1397 2339 1468 legis
2367 1411 2629 1471 prmeepta
2658 1405 2909 1476 custodit,
2952 1415 3007 1461 et
3033 1406 3229 1461 clamat
3262 1408 3327 1462 ad
3364 1407 3583 1464 Galatas

1980 1490 2167 1546 dicens
2198 1509 2213 1546 :
2247 1492 2399 1558 Ecce,
2432 1510 2524 1565 ego
2550 1495 2753 1551 Paulus
2784 1497 2898 1551 dico
2936 1498 3072 1554 vobis
3091 1541 3104 1565 ,
3136 1502 3377 1572 quoniam
3403 1502 3449 1555 si
3476 1504 3581 1555 cir-

1978 1582 2361 1649 cumcidamini,
2401 1584 2631 1640 Christus
2660 1587 2797 1641 vobis
2831 1590 2962 1644 nihil
2992 1592 3215 1658 proderit
3237 1590 3401 1663 (Ibid.
3423 1609 3471 1651 υ.
3494 1592 3577 1665 2).

2066 1672 2169 1727 Cur
2207 1675 2575 1739 circumciderit
2618 1677 2942 1735 Timotheum
2993 1683 3212 1739 Paulus.
3243 1715 3315 1726 —
3342 1685 3441 1741 Hic
3484 1687 3584 1756 igi-

1981 1769 2068 1817 tur
2115 1764 2311 1821 Paulus
2356 1767 2445 1838 qui
2497 1768 2661 1834 dicit,
2707 1771 2961 1836 Quoniam
3007 1776 3051 1829 si
3100 1777 3538 1832 circumcidamini
3563 1818 3583 1845 ,

1977 1852 2210 1911 Christus
2238 1858 2376 1913 vobis
2403 1860 2532 1916 uiln'l
2555 1860 2804 1932 proderit,
2835 1863 2949 1936 ipse
2976 1868 3317 1925 Timotheum
3346 1871 3581 1925 circum-

1977 1946 2176 2003 cidisse
2196 1953 2544 2019 comperitur.
2574 1954 2708 2009 Cum
2734 1958 2878 2011 enim
2907 1958 3219 2025 invenisset,
3242 1962 3411 2032 inquit
3432 1962 3583 2017 Scri-

1979 2049 2156 2107 plura,
2189 2039 2385 2095 Paulus
2414 2040 2622 2113 Lystris
2648 2045 3368 2119 adolescentem‘quemdam
3411 2052 3581 2106 lilium

1978 2128 2221 2183 mulieris
2258 2129 2459 2186 Judma:
2504 2133 2708 2201 ﬁdelis,
2752 2138 2919 2205 patris
2960 2122 3137 2193 autem
3183 2142 3419 2212 gentilis,
3460 2160 3584 2197 cum

1976 2219 2308 2277 circumcidit
2352 2224 2490 2294 (Act.
2535 2226 2623 2280 16.
2671 2229 2695 2282 1
2727 2259 2752 2270 -
2785 2228 2843 2299 5)
2876 2244 2891 2283 :
2931 2231 3148 2286 nolebat
3180 2233 3325 2286 enim
3368 2246 3583 2304 praepu-

1977 2311 2112 2365 tium
2160 2311 2450 2369 habentem
2476 2316 2753 2373 doctorem
2792 2322 3025 2376 mittere.
3062 2322 3198 2390 Quid
3232 2324 3391 2385 facis,
3428 2325 3587 2381 beate

1977 2402 2180 2458 Paule?
2206 2407 2385 2461 verbis
2415 2408 2883 2465 circumcisionem
2928 2413 3095 2479 tollis,
3132 2423 3186 2469 et
3217 2431 3402 2470 rursus
3429 2416 3587 2471 factis

1976 2493 2123 2548 illam
2174 2499 2504 2552 conﬁrmas?
2545 2500 2663 2555 Non
2712 2504 3009 2568 confirmo,
3060 2506 3263 2575 inquit,
3315 2507 3411 2563 sed
3456 2510 3587 2563 tollo

1977 2584 2153 2642 factis.
2202 2588 2479 2659 Siquidem
2525 2594 2771 2657 mulieris
2824 2592 3025 2651 Judaete
3073 2598 3248 2652 fidelis
3291 2598 3433 2653 filius
3471 2609 3590 2655 erat

1979 2681 2323 2751 Timotheus,
2356 2686 2522 2755 patris
2562 2697 2742 2742 autem
2782 2689 3004 2757 gentilis
3029 2701 3083 2744 et
3112 2705 3179 2745 ex
3220 2706 3419 2761 genere
3446 2707 3591 2763 pra:-

1978 2776 2187 2843 putium
2219 2777 2469 2833 habente.
2491 2778 2718 2846 Quando
2738 2780 2897 2851 igitur
2917 2797 3040 2837 eum
3069 2785 3447 2854 praemissurus
3472 2798 3590 2843 erat

1977 2865 2179 2922 Judaais
2223 2867 2504 2923 doctorem
2555 2871 2787 2939 Paulus,
2840 2874 3060 2930 nolebat
3094 2891 3225 2931 sane
3268 2879 3587 2948 praeputium

1981 2954 2271 3010 habentem
2298 2959 2545 3024 mittere,
2582 2975 2649 3015 ne
2677 2963 2860 3016 statim
2893 2979 2922 3016 a
2951 2965 3215 3036 principio
3246 2968 3415 3022 verbo
3443 2966 3589 3025 fores

1981 3046 2311 3102 occluderet.
2354 3046 2428 3103 Ut
2470 3049 2631 3119 igitur
2675 3050 2740 3105 ad
2787 3053 3080 3109 tollendam
3119 3058 3589 3116 circumcisionem

1982 3138 2120 3192 viam
2134 3147 2417 3205 sterneret,
2435 3152 2490 3195 et
2506 3142 2767 3197 doctrina:
2783 3144 3051 3201 Timothei
3072 3147 3275 3203 aditum
3299 3161 3589 3223 reseraret,

1980 3230 2447 3287 circumcisionem
2487 3234 2563 3288 illi
2609 3238 2893 3305 apposuit,
2940 3248 2999 3293 ut
3042 3242 3256 3297 tolleret
3302 3244 3591 3301 circumci-

1981 3320 2211 3375 sionem.
2238 3322 2532 3391 Propterea
2559 3324 2715 3393 dixit,
2747 3326 2941 3384 Factus
2965 3347 3079 3385 sum
3102 3330 3306 3388 Iudicis
3331 3344 3592 3407 tamquam

1981 3410 2200 3466 Judwus
2238 3414 2317 3483 (1.
2354 3414 2471 3469 Cor.
2502 3416 2556 3472 9.
2588 3417 2681 3489 20)
2712 3436 2725 3473 :
2759 3435 2867 3475 non
2917 3431 2976 3475 ut
3016 3421 3239 3479 Judaeus
3283 3427 3455 3495 lierct,
3488 3429 3590 3483 bo.-

1982 3503 2117 3558 dixit
2143 3504 2360 3573 Paulus,
2388 3506 2483 3561 sed
2513 3517 2569 3562 ut
2600 3510 2664 3563 iis
2702 3511 2793 3580 qui
2820 3511 2993 3566 Judaei
3021 3514 3332 3582 manebant,
3368 3532 3594 3587 persua-

1983 3596 2158 3663 deret,
2186 3605 2375 3651 utnon
2413 3600 2642 3668 amplius
2668 3612 2851 3657 essent
2883 3603 3054 3658 Judmi
3087 3623 3101 3659 :
3133 3618 3418 3676 propterea
3447 3608 3594 3667 hunc

1982 3686 2145 3739 etiam
2173 3686 2527 3751 circumcidit,
2557 3699 2612 3742 ut
2639 3692 3109 3748 circumcisionem
3143 3697 3377 3752 tolleret.
3410 3698 3595 3770 Itaque

1984 3777 2399 3833 circumcisione
2414 3779 2675 3835 adversus
2696 3781 3165 3840 circumcisionem
3192 3795 3277 3841 est
3301 3804 3452 3843 usus.
3484 3791 3592 3846 Ae-

1983 3870 2127 3939 cepit
2151 3871 2295 3925 enim
2318 3880 2371 3925 et
2397 3871 2712 3927 Timotheus
2738 3875 3225 3944 circumcisionem,
3256 3890 3311 3934 ut
3335 3896 3364 3933 a
3390 3881 3592 3938 Judmis

1988 3970 2167 4029 posset
2196 3960 2425 4025 admitti,
2460 3970 2515 4015 et
2555 3962 2829 4032 ingressus
2865 3966 2983 4019 illos
3021 3969 3222 4021 sensim
3254 3971 3322 4023 ab
3368 3972 3467 4025 hac
3495 3974 3597 4028 ob-

1984 4052 2291 4106 servatione
2333 4052 2644 4108 abduceret.
2676 4054 2838 4110 Vides
2877 4073 2978 4125 qua
3006 4057 3074 4113 de
3113 4074 3277 4115 causa
3314 4070 3367 4116 et
3392 4062 3593 4119 Pente-

1985 4154 2170 4197 costen
2212 4152 2267 4196 et
2295 4144 2761 4200 circumcisionem
2804 4147 3013 4203 Paulus
3040 4150 3391 4207 observaret?
3424 4156 3595 4211 Vultis

1986 4243 2039 4285 et
2069 4233 2171 4287 alia
2200 4233 2435 4302 legitima
2469 4235 2620 4290 vobis
2654 4238 2936 4291 ostendam
2962 4239 3031 4293 ab
3058 4256 3124 4295 eo
3155 4242 3316 4297 fuisse
3339 4248 3593 4303 servata?

1990 4325 2279 4395 Diligenter
2294 4327 2575 4383 attendite.
2595 4330 2851 4383 Ascendit
2870 4332 3155 4399 aliquando
3172 4334 3591 4409 Jerosolymam,

1986 4428 2186 4471 etcum
2226 4434 2348 4471 eum
2384 4419 2645 4473 vidissent
2691 4422 2945 4489 apostoli,
2979 4423 3231 4480 dicebant
3273 4428 3365 4481 ei:
3408 4427 3591 4498 Vides,

1987 4514 2147 4583 frater
2178 4511 2363 4576 Paule,
2395 4524 2515 4582 quot
2544 4516 2708 4569 millia
2738 4528 2855 4569 sunt
2881 4518 2935 4571 in
2964 4518 3195 4584 Judazis,
3223 4524 3309 4591 qui
3343 4542 3586 4581 conventa-

1986 4614 2127 4671 runt,
2158 4614 2201 4658 et
2239 4622 2411 4658 omnes
2439 4607 2709 4660 audierunt
2740 4609 2802 4661 de
2844 4619 2923 4673 te,
2959 4614 3076 4679 quia
3103 4613 3458 4670 discessionem
3499 4620 3585 4675 do-

1986 4712 2101 4749 ceas
2128 4713 2158 4748 a
2187 4696 2311 4763 lege.
2361 4696 2499 4763 Quid
2539 4698 2701 4768 ergo?
2733 4698 2841 4752 Fac
2880 4702 3016 4769 quod
3059 4702 3147 4756 tibi
3185 4705 3402 4760 dicimus
3436 4725 3456 4763 :
3479 4724 3597 4765 sunt

1987 4788 2129 4858 apud
2172 4805 2263 4840 nos
2295 4790 2385 4841 viri
2428 4800 2597 4842 votiun
2627 4790 2862 4844 habentes
2903 4808 3060 4862 super
3087 4812 3141 4849 se
3171 4812 3189 4850 :
3217 4797 3296 4851 itis
3320 4805 3597 4873 assumptis

1988 4882 2255 4948 sancti/ica
2294 4893 2341 4933 te
2380 4898 2494 4933 cum
2535 4882 2660 4943 illis,
2709 4894 2757 4935 et
2797 4895 2950 4953 caput
2988 4886 3113 4939 rade
3136 4905 3250 4943 cum
3285 4892 3420 4959 illis,
3454 4904 3509 4947 ut
3545 4913 3599 4951 re

1988 4972 2101 5037 ipsa
2128 4972 2255 5038 ﬁdes
2281 4972 2385 5023 illis
2411 4974 2522 5038 ﬁat,
2552 4972 2671 5043 quia
2695 4989 2809 5042 quae
2828 4975 3099 5030 audierunt
3127 4978 3191 5031 de
3218 4990 3265 5034 te
3293 4983 3425 5053 falsa
3452 4997 3592 5050 sunt,

1988 5065 2078 5116 sed
2118 5074 2164 5117 et
2209 5065 2316 5131 ipse
2356 5062 2553 5134 Moysis
2595 5065 2754 5135 legem
2797 5083 2965 5121 servas
3007 5067 3142 5139 (Act.
3194 5072 3285 5126 21.
3332 5075 3451 5129 20-
3478 5076 3595 5145 24).

1996 5153 2197 5208 Videtis
2215 5154 2729 5210 eondescensionem
2758 5157 3167 5214 admirabilem?
3189 5162 3451 5220 Observat
3469 5176 3601 5221 tem-

1994 5261 2143 5313 pora,
2180 5256 2236 5299 ut
2268 5248 2706 5301 observationem
2752 5259 3054 5319 temporum
3089 5255 3242 5308 tollat
3275 5274 3287 5309 :
3319 5261 3603 5315 circumci-

1993 5341 2199 5393 sionem
2229 5342 2467 5405 adhibet,
2497 5351 2554 5394 ut
2574 5340 2969 5397 circumcisioni
3000 5344 3159 5399 linem
3197 5348 3438 5417 imponat
3471 5371 3484 5406 :
3517 5370 3603 5407 sa-

1994 5434 2253 5486 crificium
2296 5433 2471 5500 olTert,
2512 5444 2568 5487 ut
2596 5417 3025 5489 observationem
3068 5437 3275 5493 auferat
3312 5444 3603 5497 sacriﬁcio-

1996 5541 2136 5580 rum.
2168 5526 2280 5579 lloc
2307 5534 2485 5579 autem
2532 5526 2675 5579 illum
2707 5528 2907 5581 idcirco
2951 5530 3143 5586 fecisse
3200 5540 3257 5585 ut
3287 5534 3553 5604 intelligas
3582 5581 3596 5601 ,

1997 5619 2118 5672 audi
2145 5619 2317 5689 ipsum
2350 5617 2455 5673 hoc
2476 5618 2742 5673 dicentem
2777 5638 2787 5671 :
2816 5620 3007 5675 Factus
3033 5640 3143 5675 sum
3175 5626 3237 5678 iis
3266 5628 3352 5690 qui
3375 5632 3467 5681 sub
3500 5632 3607 5699 legs

1999 5723 2140 5776 sunt,
2181 5712 2325 5779 quasi
2364 5711 2455 5765 sub
2483 5711 2591 5781 lege
2626 5729 2807 5777 essent,
2842 5724 2896 5767 ut
2932 5733 3014 5769 eos
3044 5721 3128 5779 qui
3172 5718 3260 5773 sub
3292 5720 3401 5789 lege
3427 5731 3606 5780 erant,

2003 5807 2355 5873 lucrig‘m‘rrem
2382 5822 2396 5858 :
2431 5814 2474 5858 ct
2510 5820 2621 5857 cum
2652 5805 2775 5859 liber
2800 5824 2956 5861 essem
2996 5809 3057 5861 ab
3094 5814 3609 5884 ontttibus,onmiurt
