4080 6402
1273 334 1331 390 S.
1371 331 1648 390 JOANNIS
1685 323 2162 385 CIIRYSOSTOMI
2204 323 2521 381 ARCHIEP.
2563 323 3093 381 CONSTANTlNOP.
3724 329 3826 385 ιρι

2240 451 2404 504 quum
2429 446 2510 492 est
2533 444 2709 491 autem
2743 446 2797 491 ut
2819 436 3093 492 videmnus
3122 453 3224 506 qua
3252 437 3317 493 de
3341 452 3501 493 causa
3541 441 3594 494 in
3633 440 3836 498 Pente-

2237 538 2386 582 coste
2411 527 2547 582 liber
2573 529 2824 582 Actorum
2858 528 3081 596 legatur.
3107 529 3216 582 llac
3238 530 3380 584 enim
3414 529 3481 584 de
3507 545 3666 583 causa
3713 540 3836 586 inec

547 343 650 398 {93

542 471 624 510 me
645 467 845 508 serram
872 453 968 523 feci
993 452 1061 520 (ῑ.
1094 445 1211 504 Cor.
1240 446 1296 502 9.
1326 445 1416 501 2|.
1449 442 1559 512 l9).
1587 441 1709 496 Ilzec
1734 451 1908 496 autem
1933 439 2129 494 Paulus

541 544 754 611 agebat,
799 552 855 597 ut
900 555 1054 596 suum
1098 536 1374 592 dominum
1419 534 1739 588 inuitaretur.
1780 531 1908 588 Nam
1955 537 2011 581 ut
2037 527 2127 582 ille

531 643 664 694 Cum
689 639 743 692 in
769 637 933 701 {arma
953 632 1051 687 Dei
1076 639 1220 696 esset,
1251 646 1352 684 non
1372 628 1612 698 rapinam
1638 625 1908 678 arbitratus
1929 631 2128 676 estesse

535 747 586 782 se
625 728 869 799 aqualem
909 724 1040 789 Deo,
1083 722 1174 776 sed
1215 720 1539 790 semetipsum
1584 716 1858 771 exinanivit
1904 717 2123 783 formam

533 819 663 872 serui
687 816 938 885 accipiens
967 813 1223 886 (Philipp.
1258 811 1314 864 2.
1347 810 1401 864 6.
1436 808 1515 877 7),
1546 817 1738 862 etcum
1779 804 1914 857 liber
1942 809 2121 868 esset,

535 907 706 961 factus
735 914 818 960 est
844 918 1033 958 servus
1067 921 1080 956 :
1109 903 1188 955 sic
1207 910 1263 956 et
1287 900 1388 953 iste
1424 913 1544 952 eum
1582 896 1718 949 liber
1745 903 1886 948 esset
1910 909 1976 946 ex
2001 907 2122 945 om-

531 998 708 1063 nibus,
723 996 963 1050 omnium
987 1009 1046 1047 se
1072 1006 1284 1048 servum
1309 989 1456 1051 fecit,
1479 996 1534 1040 ut
1553 1000 1740 1040 omnes
1764 983 2119 1038 lucrifaceret.

530 1090 784 1143 Naturam
827 1097 1064 1141 nostram
1095 1097 1375 1137 assumens
1399 1079 1648 1134 dominus
1685 1077 1853 1131 factus
1894 1085 1978 1131 est
2004 1089 2122 1129 ser-

531 1196 649 1245 vus,
683 1193 742 1234 ut
782 1180 978 1234 liberos
1008 1175 1259 1230 redderet
1295 1185 1524 1226 servos:
1559 1168 1831 1222 Iuclinavit
1858 1167 2042 1231 corios,
2074 1175 2120 1220 et

532 1271 788 1326 descendit
813 1267 981 1340 (Psal.
1015 1267 1102 1320 l7.
1133 1264 1244 1336 10),
1273 1273 1328 1316 ιιι
1355 1276 1451 1317 eos
1474 1261 1565 1330 qui
1587 1259 1808 1315 inferius
1835 1257 2121 1312 manebant

530 1365 584 1417 iu
610 1363 800 1416 caelum
833 1360 1110 1415 eveheret.
1144 1355 1418 1410 Inclinam't
1444 1351 1596 1406 caelos
1622 1367 1640 1405 :
1671 1366 1778 1405 non
1826 1349 1980 1411 dixit,
2011 1348 2118 1402 De-

529 1456 739 1524 teliquit
776 1454 937 1507 cados
960 1462 1013 1506 ct
1039 1449 1336 1509 descendit,
1370 1445 1464 1501 sed
1497 1443 1794 1502 luci'inavit,
1828 1449 1885 1495 ut
1911 1438 2118 1494 facilio-

529 1563 642 1602 rem
671 1545 764 1599 tibi
801 1544 1042 1598 efficeret
1079 1557 1360 1595 ascensum
1409 1540 1463 1592 in
1503 1539 1684 1593 cailos.
1729 1535 1876 1589 llunc
1905 1548 2118 1602 quoque

531 1651 628 1704 pro
669 1635 872 1689 viribus
915 1633 1151 1686 imitatus
1187 1640 1270 1685 est
1312 1631 1535 1690 Paulus,
1573 1627 1822 1697 quocirca
1865 1624 2114 1679 dicebat:

525 1724 816 1779 lmitatores
855 1725 952 1776 mei
997 1733 1182 1785 estote,
1226 1722 1355 1774 sicut
1393 1730 1440 1772 et
1482 1735 1570 1788 ego
1606 1717 1793 1770 Christi
1843 1715 1861 1782 (
1894 1717 1940 1768 Ι.
1992 1715 2114 1768 Cor.

526 1819 580 1871 4.
618 1817 726 1884 l6).
760 1816 818 1869 Et
854 1815 1124 1884 quomodo
1156 1825 1230 1874 tu,
1265 1813 1420 1866 beate
1442 1811 1625 1874 Paule,
1657 1808 1855 1863 Christi
1883 1808 2117 1862 imitator

525 1925 584 1963 es
613 1907 819 1962 factus?
841 1905 1165 1974 Quomodo?
1189 1904 1323 1971 Quia
1354 1903 1535 1957 nullibi
1561 1902 1700 1972 quod
1726 1900 1852 1954 mihi
1880 1909 1962 1954 est
1989 1901 2116 1954 utile

525 2016 729 2068 (puero,
767 2000 861 2054 sed
889 1998 1030 2069 quod
1061 1996 1272 2061 multis,
1302 2004 1359 2049 ut
1384 1995 1709 2055 salviJiant,
1751 2003 1805 2046 et
1833 2007 1952 2046 etnn
1983 1992 2116 2044 liber

524 2106 698 2145 essem
739 2107 802 2144 ex
851 2091 1128 2153 omnibus,
1171 2088 1408 2142 omnium
1439 2100 1650 2139 servum
1684 2100 1769 2138 me
1804 2083 1925 2137 feci.
1970 2082 2114 2136 Nihil

523 2197 652 2250 ergo
681 2180 869 2234 melius
898 2190 980 2234 est
1009 2179 1108 2231 hac
1137 2182 1413 2241 servitute,
1438 2175 1634 2243 quippe
1663 2190 1780 2242 qua:
1813 2172 2110 2226 libertatem

524 2271 738 2323 exteris
767 2270 960 2338 pariat.
997 2266 1299 2337 Spiritualis
1335 2273 1449 2318 erat
1487 2265 1717 2332 piscator
1750 2262 1972 2325 Paulus;
2007 2259 2113 2312 Fu-

523 2361 655 2410 riam
694 2359 857 2421 enim,
905 2357 1105 2425 inquit,
1153 2372 1238 2408 eos
1292 2355 1565 2422 piscatores
1600 2352 1860 2403 hominum
1899 2348 2108 2413 (Matth.

521 2451 572 2503 ι.
604 2447 725 2518 Ι9);
758 2463 918 2515 (luam
964 2447 1032 2499 ob
1059 2460 1274 2498 causam
1307 2453 1361 2497 et
1399 2444 1496 2497 ista
1544 2441 1852 2510 prmstabat.
1882 2440 2014 2493 Nam
2058 2449 2112 2492 ct

523 2541 812 2609 piscatores
859 2554 981 2591 eum
1028 2539 1226 2606 piscem
1279 2535 1507 2587 viderint
1555 2533 1769 2586 hamum
1810 2531 2108 2599 deglutire,

520 2647 624 2686 non
654 2629 831 2683 statim
871 2627 1170 2691 retrahunt,
1214 2624 1306 2678 sed
1335 2623 1584 2678 cedentes
1615 2620 1681 2674 ad
1728 2620 1952 2674 multum
1985 2635 2110 2685 Spa-

523 2734 651 2785 tium
681 2739 997 2800 sequuntur,
1026 2738 1079 2779 et
1127 2733 1441 2792 exspectant
1471 2732 1523 2776 ut
1564 2721 1753 2774 hamus
1803 2727 1947 2772 recte
1973 2717 2101 2771 dell.

519 2835 707 2894 gatur,
750 2833 910 2891 atque
961 2822 1033 2874 ita
1077 2819 1309 2889 praedam
1359 2816 1518 2869 tutius
1567 2812 1892 2868 extrahant:
1940 2813 2018 2867 sic
2057 2821 2110 2866 et

521 2915 748 2982 apostoli
799 2925 908 2967 tmn
957 2912 1226 2981 agebant:
1269 2907 1481 2960 hamum
1522 2906 1778 2959 doctrina:
1820 2904 1968 2958 verbi
2012 2903 2107 2958 Ju-

518 3008 685 3063 daicae
714 3008 906 3060 animm
934 3002 1243 3073 "injicit-bant
1274 3019 1287 3052 :
1320 3009 1371 3052 at
1400 2999 1474 3059 illi
1504 2997 1849 3051 retraheliant
1874 3005 2103 3062 temere,

518 3113 678 3170 atque
700 3096 1020 3155 retinebant,
1051 3101 1107 3148 et
1150 3092 1354 3160 seipsos
1388 3090 1454 3143 ad
1489 3088 1950 3143 circumcisionem
1997 3096 2107 3140 tra-

520 3192 811 3256 doeebant,
843 3187 908 3243 ad
957 3188 1087 3244 festa
1131 3194 1185 3239 et
1229 3196 1527 3254 temporum
1570 3182 1990 3244 observationes,
2040 3179 2105 3232 ad

520 3282 779 3338 sacrificia
808 3321 822 3347 ,
865 3279 930 3334 ad
975 3279 1145 3347 capita
1193 3273 1426 3330 radenda
1451 3314 1466 3337 ,
1497 3281 1551 3326 et
1588 3281 1778 3324 caetera
1828 3269 1949 3323 talia
1988 3283 2108 3337 per-

517 3376 723 3445 agenda
747 3392 760 3427 2
784 3388 966 3426 verum
998 3370 1223 3440 apostoli
1250 3365 1612 3436 sequebantur
1630 3363 1747 3417 illos
1771 3362 1986 3430 ubique,
2008 3375 2104 3414 nec

518 3466 879 3522 retrahcbaut.
911 3464 1094 3534 itaque
1123 3463 1234 3516 sive
1262 3459 1724 3513 circumcisionem
1751 3468 1962 3523 quarras
1982 3502 1995 3518 ,
2025 3454 2105 3506 in-

514 3559 659 3628 quit,
690 3573 795 3612 non
824 3556 1039 3621 resisto,
1072 3554 1166 3608 sed
1212 3567 1408 3620 sequor
1441 3568 1456 3602 :
1488 3548 1602 3602 sive
1649 3546 1969 3602 sacrificium
2015 3560 2104 3598 re-

519 3654 718 3719 quiras,
749 3650 994 3704 sacritico
1026 3666 1038 3701 :
1069 3647 1184 3700 sive
1211 3645 1324 3698 radi
1355 3643 1486 3698 velis
1532 3657 1636 3704 me,
1665 3641 1752 3709 qui
1783 3655 1812 3692 a
1851 3648 1937 3692 tua
1985 3637 2107 3691 reli-

521 3744 679 3809 gione
701 3739 1024 3804 deieceram,
1057 3737 1266 3802 adsum,
1295 3746 1349 3788 et
1374 3732 1516 3803 quod
1535 3731 1758 3800 jusseris
1789 3728 1926 3782 facio
1951 3747 1962 3780 :
1992 3728 2104 3781 sive

518 3833 870 3885 l'entecosten
905 3831 1191 3883 observare
1232 3825 1528 3894 praecipias,
1565 3837 1630 3875 ne
1657 3822 1740 3874 hic
1769 3818 1982 3889 quidem
2013 3833 2100 3871 rc-

518 3924 712 3984 luctor,
746 3920 836 3975 sed
856 3933 1192 3989 quocumque
1213 3913 1634 3969 circmnduxeris
1659 3927 1874 3980 sequor,
1896 3920 1949 3965 ct
1970 3908 2101 3963 cedo

513 4020 867 4081 exsiieetaus,
917 4017 990 4062 ut-
1025 4009 1214 4061 hamus
1261 4005 1408 4059 verbi
1455 4004 1742 4072 deligatur,
1785 4003 1944 4055 sicut
1989 4010 2102 4053 tuto

516 4106 715 4175 possim
745 4111 907 4155 totam
939 4100 1206 4153 nationem
1241 4103 1468 4148 vestram
1495 4111 1522 4145 a
1550 4093 1713 4145 veteri
1741 4092 1885 4144 cultu
1914 4104 1977 4142 ac
2011 4105 2102 4143 re-

519 4197 710 4264 ligione
747 4206 1019 4247 revocare.
1053 4188 1341 4255 Propterea
1386 4198 1615 4251 namque
1647 4181 1859 4249 Epheso
1888 4180 2104 4233 Jeroso-

516 4287 711 4356 lymam
754 4284 896 4337 veni.
955 4281 1111 4334 Vides
1161 4288 1416 4346 quantutn
1471 4273 1856 4341 obsequeretur
1909 4270 2104 4324 Paulus

517 4378 800 4441 piscatum
827 4372 1050 4442 piscium
1093 4368 1255 4422 verbo
1286 4366 1520 4421 cedens?
1551 4364 1699 4418 vides
1751 4379 1938 4417 rursus
1963 4373 2100 4416 tem-

517 4480 704 4535 porum
721 4463 1170 4523 observationem,
1200 4468 1252 4512 et
1275 4455 1696 4511 circumcisiOnis
1721 4455 2098 4523 indulgentiam

513 4573 578 4610 ac
614 4555 998 4609 sacriliciorum
1031 4550 1461 4603 eonnuunionem
1506 4547 1688 4600 initam
1722 4546 1919 4600 idcirco
1949 4560 2095 4609 esse,

519 4667 622 4705 non
656 4659 712 4703 ut
752 4649 848 4717 ipsi
890 4645 957 4700 ad
985 4627 1214 4698 veterem
1262 4641 1573 4710 religionem
1618 4639 1873 4702 redirent,
1905 4638 1998 4692 sed
2045 4647 2102 4692 ut

516 4745 637 4796 illos
663 4742 750 4810 qui
786 4738 969 4808 figuris
1004 4734 1382 4798 adluerebant,
1414 4734 1479 4787 ad
1524 4734 1798 4786 veritatem
1835 4731 2099 4800 provehe-

518 4835 676 4886 rent‘.’
719 4831 815 4897 Qui
863 4829 1005 4884 enim
1053 4828 1104 4880 in
1141 4825 1353 4878 sublimi
1402 4824 1518 4879 loco
1547 4824 1714 4887 sedet,
1749 4824 1792 4877 si
1845 4832 2099 4891 perpetuo

519 4933 730 4978 maneat
761 4923 811 4975 in
841 4919 1078 4982 sublimi,
1113 4933 1398 4984 numquam
1429 4917 1622 4985 poterit
1649 4930 1792 4977 emn,
1823 4914 1910 4981 qui
1941 4913 2100 4966 dcor-

516 5033 633 5069 sum
678 5013 839 5081 jacet,
881 5012 1147 5073 evehere,
1193 5008 1283 5062 sed
1334 5008 1479 5060 illum
1533 5007 1678 5076 prius
1723 5020 1780 5057 se
1818 5004 2100 5058 demittere

511 5113 745 5169 oportet,
775 5117 835 5156 ae
879 5101 1070 5154 deinde
1100 5101 1255 5152 istum
1285 5096 1529 5151 exaltari.
1559 5097 1840 5165 Propterea
1873 5109 1934 5148 ex
1966 5093 2097 5146 sub-

515 5198 737 5250 limitate
778 5194 1047 5261 religionis
1089 5192 1408 5261 evangelica:
1459 5190 1473 5220 ¹
1526 5189 1918 5242 descenderunt
1964 5203 2097 5255 apo-

516 5288 660 5351 stoli,
696 5296 750 5338 ut
779 5300 806 5336 a
851 5285 1122 5352 religionis
1151 5283 1385 5338 Judaica:
1429 5281 1726 5333 humilitate
1756 5280 1818 5332 ad
1853 5280 2098 5333 sublimi-

517 5387 676 5430 tatem
708 5376 849 5427 illam
877 5374 1090 5427 Judaeos
1123 5373 1498 5442 provclicrcnt.

584 5467 640 5520 5.
681 5463 1034 5534 Curleguutur
1078 5464 1130 5516 in
1181 5461 1474 5515 Pentecoste
1519 5460 1644 5514 Acta
1693 5461 1964 5529 Apost.—
1993 5459 2097 5515 Sed

517 5568 812 5622 tnuporum
845 5553 1057 5623 quidem
1087 5553 1516 5606 observationem
1564 5567 1626 5605 ac
1672 5553 1872 5620 reliqua
1922 5551 2098 5605 omnia

517 5645 714 5698 utiliter
733 5652 787 5697 et
815 5643 1096 5698 commode
1127 5642 1263 5698 facta
1298 5658 1415 5698 esse
1440 5651 1643 5698 constat
1675 5658 1740 5699 ex
1785 5642 1930 5698 istis:
1967 5641 2122 5697 reli-'

578 5745 594 5777 ¹
627 5745 777 5800 colit,
798 5745 1039 5799 auertiue.

2235 622 2414 673 omnia
2446 621 2841 689 proposuimus,
2869 628 2947 686 ut,
2991 635 3111 673 cum
3145 630 3445 690 temporum
3488 623 3830 676 observatio-

2235 725 2356 764 nem
2389 710 2589 765 instare
2617 711 2877 778 videritis,
2929 727 2997 765 ne
3045 712 3368 767 existimetis
3409 715 3686 782 apostolos
3735 713 3817 768 Ju-

2233 797 2401 854 daicis
2419 799 2759 855 ritibusvelle
2803 816 2865 855 se
2911 801 3267 871 obstringere.
3314 803 3508 857 Verum
3562 803 3828 858 attendite

2232 888 2537 959 diligenter,
2565 904 2781 959 qumso:
2835 904 3010 956 neque
3045 891 3189 944 enim
3225 891 3552 945 mediocrem
3616 904 3802 958 quaes—

2232 979 2432 1035 tionem
2475 982 2849 1051 complectitur
2891 981 2944 1036 id
2985 981 3126 1051 quod
3151 981 3346 1037 dicturi
3377 999 3592 1040 sumus.
3628 986 3687 1038 In
3735 983 3827 1037 die

2228 1073 2407 1126 crucis
2429 1075 2609 1127 omnia
2643 1072 2870 1145 legimus
2897 1089 3015 1143 quae
3044 1073 3110 1127 ad
3159 1090 3374 1129 crucem
3417 1077 3690 1143 pertinent
3720 1095 3735 1129 :
3770 1077 3823 1129 in

2228 1177 2423 1232 magno
2469 1163 2694 1218 sabbato
2751 1178 2975 1230 rursus,
3038 1163 3288 1218 traditum
3352 1181 3473 1220 esse
3534 1167 3824 1222 Dominum

2227 1263 2494 1314 nostrum,
2524 1245 2837 1307 crucifixum
2863 1267 3015 1317 esse,
3052 1265 3319 1307 mortuum
3363 1269 3484 1309 esse
3523 1256 3824 1310 secundum

2226 1356 2443 1395 carnem
2467 1351 2521 1398 et
2545 1343 2790 1412 sepulcro
2816 1344 3249 1398 conditumzeur
3289 1343 3449 1412 igitur
3498 1359 3604 1398 non
3655 1347 3822 1398 etiam

2226 1433 2607 1502 Apostolorum
2639 1437 2770 1488 Acta
2795 1435 3028 1504 legimus
3049 1442 3170 1503 post
3195 1432 3573 1496 Pentecosten,
3603 1437 3824 1504 quaudo

2224 1532 2277 1577 et
2297 1532 2612 1587 evenerunt,
2637 1533 2689 1578 et
2711 1525 2920 1577 initium
2949 1524 3256 1579 duxerunt?
3305 1527 3384 1580 Ac
3413 1527 3526 1580 seio
3567 1528 3820 1596 equidem

2225 1611 2327 1665 hoc
2356 1613 2594 1682 ignotum
2618 1628 2737 1668 esse
2768 1614 2968 1680 multis,
2993 1628 3152 1682 quam
3203 1615 3273 1668 ob
3316 1631 3534 1670 causam
3581 1633 3648 1670 ex
3702 1617 3824 1686 ipso

2224 1705 2478 1757 Actorum
2507 1704 2644 1757 libro
2671 1704 3104 1757 demonstremus
3144 1705 3284 1758 istud
3332 1721 3553 1760 necesse
3601 1715 3708 1772 est,
3761 1719 3823 1761 ut

2225 1811 2326 1848 non
2357 1811 2386 1848 a
2411 1795 2745 1861 Pentecoste,
2780 1797 2872 1850 sed
2898 1811 2926 1848 a
2951 1805 3190 1864 tempore
3210 1839 3224 1862 ,
3269 1799 3409 1866 quod
3463 1799 3818 1853 Pentecosten

2223 1895 2506 1955 sequutum
2535 1896 2637 1952 est,
2694 1887 3057 1954 apostolorum
3089 1896 3204 1940 acta
3239 1889 3444 1940 initimn
3474 1869 3693 1942 davisse
3739 1889 3823 1942 in-

2225 1977 2495 2046 telligatis.
2523 1977 2786 2043 Quocirca
2814 1976 3008 2030 merito
3028 1986 3233 2046 qureret
3259 1978 3472 2046 aliquis,
3501 1995 3661 2047 quam
3694 1988 3819 2032 tan-

2221 2068 2341 2123 dem
2369 2069 2437 2122 ob
2464 2083 2678 2122 causznn
2715 2078 2970 2121 statutum
3000 2069 3090 2132 sit,
3135 2077 3192 2121 ut
3240 2067 3517 2121 historiam
3550 2071 3729 2123 erucis
3757 2071 3812 2124 in

2219 2157 2306 2214 die
2353 2159 2524 2214 erucis
2567 2167 2621 2213 et
2662 2159 2924 2228 passionis
2968 2158 3254 2227 legamus:
3295 2161 3671 2227 Apostolorum
3719 2175 3821 2213 au-

2221 2259 2326 2304 tem
2376 2252 2507 2303 Acta
2551 2266 2658 2304 non
2701 2251 2828 2318 ipsis
2868 2251 2971 2302 illis
3019 2249 3207 2302 diebus
3256 2259 3346 2302 aut
3393 2250 3482 2303 illo
3528 2259 3816 2318 tempore,

2217 2356 2325 2409 quo
2370 2349 2572 2408 patrata
2623 2350 2778 2401 sunt,
2826 2340 3097 2408 legamus,
3124 2340 3216 2392 sed
3262 2349 3470 2406 tempus
3514 2341 3819 2408 prmvenia-

2221 2432 2374 2485 tuus?
2416 2431 2599 2499 Neque
2651 2431 2792 2489 enim
2843 2427 3152 2495 confestim,
3207 2429 3292 2481 tibi
3334 2428 3580 2482 Christus
3632 2446 3820 2484 resur-

2220 2520 2374 2582 rexit,
2402 2519 2542 2573 edita
2585 2529 2709 2572 sunt
2756 2519 3011 2573 miracula
3041 2521 3108 2573 ab
3152 2520 3428 2588 apostolis,
3459 2521 3552 2573 sed
3581 2521 3821 2589 quadra-

2215 2612 2360 2679 ginta
2382 2611 2568 2666 diebus
2590 2627 2710 2665 eum
2734 2612 2861 2680 ipsis
2884 2611 3195 2665 vescebatur
3217 2611 3267 2663 in
3293 2614 3467 2665 terris.
3501 2612 3610 2665 Cur
3635 2621 3819 2666 autem

2215 2700 2404 2756 diebus
2429 2700 2776 2769 quadraginta
2803 2699 2964 2754 fuerit
2989 2717 3112 2755 cum
3144 2701 3248 2754 illis
3277 2711 3520 2755 versatus
3548 2702 3601 2754 in
3635 2703 3818 2770 terris,

2215 2791 2320 2842 alio
2378 2799 2618 2859 tempore
2671 2790 3111 2855 declarabimus;
3172 2806 3313 2844 nunc
3362 2791 3426 2843 ad
3477 2793 3819 2861 prepositum

2217 2891 2548 2935 revertamur
2577 2923 2592 2948 ,
2651 2889 2708 2936 et
2752 2882 3103 2937 ostendamus
3144 2881 3416 2935 Clu-istum
3465 2897 3568 2935 non
3626 2883 3812 2938 statim

2219 2974 2806 3041 postresurrectionem
2825 2974 2876 3025 in
2900 2974 3062 3027 oculos
3075 2974 3402 3039 ascendisse,
3428 2990 3614 3027 verum
3633 2976 3683 3028 in
3705 2985 3817 3030 ter-

2217 3067 2291 3117 ris
2321 3072 2712 3118 commoratum
2737 3078 2854 3116 esse
2873 3062 3061 3116 diebus
3073 3062 3420 3130 quadraginta
3438 3077 3558 3116 cum
3573 3064 3821 3133 discipu-

2216 3154 2301 3221 lis,
2328 3169 2500 3222 neque
2515 3153 2830 3221 simpliciter
2845 3161 3232 3206 commoratum
3251 3193 3266 3215 ,
3292 3152 3385 3206 sed
3419 3163 3470 3207 ct
3504 3164 3818 3210 vescentem

2213 3264 2332 3300 cum
2365 3248 2581 3313 ipsis,et
2602 3247 2650 3299 in
2677 3261 2860 3299 mensa
2883 3261 3007 3299 cum
3031 3246 3135 3299 illis
3154 3246 3553 3300 recumbentcm
3584 3247 3820 3303 familia-

2214 3338 2342 3390 riter
2383 3351 2505 3390 cum
2557 3336 2660 3390 illis
2715 3345 2984 3390 versatum
3030 3351 3179 3399 esse,
3213 3351 3274 3387 ac
3304 3336 3565 3405 postdies
3595 3340 3817 3393 tandem

2212 3428 2558 3497 quadraginta
2614 3429 2664 3481 in
2716 3428 2881 3481 c:elos
2912 3428 2976 3480 ad
3020 3427 3230 3481 Patrem
3277 3429 3621 3492 ascendisse,
3655 3447 3718 3484 ac
3748 3448 3818 3486 ne

2216 3529 2321 3572 tum
2351 3519 2566 3588 quidem
2601 3519 2855 3571 miracula
2886 3518 3005 3570 illos
3038 3517 3304 3580 edidisse,
3335 3519 3426 3572 sed
3459 3520 3591 3572 alios
3623 3519 3814 3576 decem

2211 3611 2325 3663 dies
2354 3611 2565 3679 elapsos
2590 3625 2743 3673 esse,
2789 3625 3018 3676 cumque
3066 3610 3424 3677 compleretur
3455 3610 3777 3668 Pentecoste
3796 3655 3814 3680 ,

2211 3703 2431 3754 missum
2460 3701 2524 3754 ad
2551 3715 2644 3754 eos
2671 3700 2927 3770 Spiritmn
2953 3709 3194 3752 sancttnu
3226 3701 3386 3753 fuisse
3406 3743 3419 3764 ,
3457 3711 3674 3771 tmuque
3705 3703 3816 3757 lin-

2210 3797 2325 3863 guis
2347 3797 2560 3849 demmu
2590 3793 2758 3862 igneis
2787 3793 3019 3858 acceptis
3050 3792 3210 3846 edere
3253 3795 3480 3861 cmpisse
3531 3797 3812 3851 miracula.

2215 3891 2336 3940 lizcc
2387 3897 2562 3941 autem
2601 3886 2811 3950 omnia,
2852 3885 3219 3950 dilectissimi,
3271 3903 3336 3938 ex
3386 3887 3677 3954 Scripturis
3717 3889 3815 3944 de-

2214 3979 2630 4033 monstrabimus
2659 3993 2674 4028 :
2702 3976 2930 4045 exempli
2959 3991 3119 4028 causa
3156 4017 3170 4038 ,
3225 3976 3572 4045 quadraginta
3619 3979 3815 4034 diebus

2212 4086 2331 4142 cum
2368 4071 2498 4138 ipsis
2531 4078 2798 4122 versatum
2823 4084 2943 4122 eum
2967 4083 3107 4130 esse,
3133 4067 3390 4136 Spiritum
3420 4080 3664 4121 sanetum
3690 4082 3812 4135 post

2213 4162 2561 4215 Peutecostcn
2590 4159 2932 4213 descendisse
2954 4201 2967 4221 ,
3000 4169 3217 4227 tumque
3245 4158 3452 4225 linguas
3477 4159 3593 4212 illos
3626 4160 3814 4227 igneas

2211 4254 2476 4319 accepisse
2499 4295 2510 4315 ,
2544 4262 2701 4320 atque
2731 4252 2799 4304 ab
2825 4265 2889 4304 eo
2917 4261 3156 4318 tempore
3185 4250 3437 4302 miracula
3483 4251 3567 4303 edi
3606 4253 3676 4303 ab
3704 4253 3812 4308 illis

2211 4347 2456 4408 cwpisse.
2490 4343 2618 4409 Quis
2647 4343 2805 4410 igitur
2830 4341 3008 4394 omnia
3042 4341 3137 4393 ista
3171 4351 3557 4394 commemorat
3586 4342 3608 4392 ?
3643 4342 3815 4395 Disci-

2213 4435 2365 4501 pulns
2398 4433 2572 4494 Pauli,
2599 4432 2936 4485 venerandus
2960 4440 3014 4484 et
3060 4446 3283 4498 magnus
3336 4431 3533 4494 Lucas,
3578 4433 3704 4485 dum
3741 4435 3812 4487 ita

2213 4525 2428 4590 incipit,
2470 4531 2520 4576 et
2550 4523 2631 4575 his
2662 4522 2838 4574 verbis
2867 4522 3070 4573 utitur:
3101 4515 3571 4587 Primum'quidem
3616 4540 3814 4575 sermo-

2211 4632 2322 4666 nem
2352 4615 2446 4683 feci
2473 4616 2534 4666 de
2555 4614 2785 4665 omnibus
2806 4654 2820 4678 ,
2840 4629 2868 4665 ο
2886 4612 3195 4682 Theophila,
3227 4628 3341 4679 qum
3370 4613 3516 4681 m'pit
3537 4613 3692 4667 Jesus
3723 4619 3811 4685 [u-

2209 4724 2318 4758 rere
2336 4747 2348 4769 ,
2377 4715 2421 4757 ct
2452 4705 2630 4758 docere
2655 4720 2810 4772 usque
2838 4705 2890 4755 in
2919 4704 3071 4765 diem,
3099 4719 3199 4771 qua
3229 4704 3527 4769 pru'ripiens
3561 4710 3808 4772 apostolis

2211 4814 2300 4864 per
2323 4796 2575 4865 Spiritum
2604 4806 2834 4848 sanctum
2852 4835 2863 4856 ,
2889 4810 3014 4863 quos
3034 4793 3214 4862 elegit,
3239 4805 3530 4860 assumptus
3549 4804 3646 4847 est.
3679 4795 3811 4861 Qni-

2208 4887 2300 4939 bus
2340 4897 2384 4940 et
2407 4887 2618 4955 prwbnit
2657 4886 2879 4954 seipsum
2911 4886 3074 4937 vivum
3112 4894 3222 4952 post
3247 4889 3532 4951 passionem
3576 4903 3724 4938 suum
3755 4888 3808 4941 in

2212 4979 2383 5032 multis
2410 4977 2740 5049 argumentis,
2768 4994 2857 5044 per
2883 4978 2990 5030 dies
3020 4977 3362 5045 quadraginta
3393 4994 3650 5047 apparens
3693 4982 3766 5034 eis
3791 5025 3807 5047 ,

2209 5081 2253 5123 et
2301 5073 2507 5139 loquens
2546 5070 2609 5123 de
2639 5085 2792 5139 regno
2847 5067 2962 5119 Dei.
3003 5065 3064 5118 Et
3091 5083 3395 5120 couvesccus
3427 5073 3671 5139 pru'cepit
3702 5074 3807 5134 eis,

2207 5162 2270 5212 ab
2289 5160 2620 5229 Jerosolymis
2642 5176 2704 5210 ne
2729 5159 3041 5210 discederent
3063 5157 3195 5227 (Art.
3223 5159 3270 5211 l.
3305 5158 3400 5211 1-4
3489 5158 3646 5213 Vides
3671 5177 3809 5226 qua-

2217 5251 2456 5318 draginta
2487 5250 2674 5302 diebus
2693 5250 2742 5300 in
2769 5249 2924 5302 terris
2950 5249 3230 5301 hominum
3254 5260 3520 5302 versatum
3543 5266 3666 5303 esse
3693 5265 3809 5319 post

2211 5343 2688 5402 resurrectionem,
2717 5340 2784 5394 de
2812 5355 2976 5408 regno
3007 5340 3094 5392 Dei
3123 5340 3425 5408 loquentem
3445 5349 3497 5394 ct
3523 5355 3646 5394 cum
3680 5357 3810 5410 apo.

2209 5435 2362 5488 stolis
2392 5442 2698 5487 vescentem
2728 5435 2750 5484 ?
2784 5432 2941 5486 Vides
2965 5433 3124 5486 etiam
3153 5434 3330 5484 cibum
3362 5449 3481 5483 cum
3523 5433 3628 5486 illis
3657 5449 3803 5486 smn-

2211 5529 2380 5597 psisse
2400 5527 2422 5578 ?
2443 5524 2508 5595 Et
2536 5526 2772 5593 praecepit
2803 5525 2891 5587 eis,
2919 5527 3103 5593 inquit.
3129 5526 3190 5576 ob
3205 5524 3534 5594 Jerosolymis
3561 5542 3622 5577 ne
3639 5528 3806 5578 dist-e-

2210 5621 2382 5672 derent
2408 5661 2420 5681 ,
2469 5619 2556 5669 sed
2608 5627 2953 5685 exspectarent
3004 5617 3382 5685 promissionem
3433 5615 3610 5669 Putris
3655 5634 3805 5685 quum

2213 5709 2452 5774 audistis,
2486 5710 2671 5776 inquit,
2703 5725 2762 5760 ex
2789 5710 2864 5760 mc
2888 5723 2903 5759 :
2929 5708 3043 5775 quin
3072 5707 3297 5761 Joannes
3332 5707 3601 5775 rupti/sarit
3631 5727 3760 5777 (ια-μω
3783 5750 3794 5768 ,
