4080 6414
275 376 388 431 105

271 490 470 545 πᾶσιν
493 485 756 557 ἐμαυτὸν
778 484 1112 540 ἐδούλωσα.
1156 488 1360 541 Ἐποίει
1385 476 1441 542 δὲ
1463 486 1640 540 ταῦτα
1667 487 1696 539 6
1728 483 1868 540 Παῦ-

272 575 366 638 λος
401 568 742 642 μιμούμενος
780 569 872 622 τὸν
902 569 1095 622 ἐαυτοῦ
1123 569 1422 639 Δεσπότην.
1469 568 1740 637 Καθάπερ
1762 567 1871 638 7&9

270 657 439 721 αὐτὸς
499 655 594 707 Ἐν
636 651 843 722 μορφῇ
895 653 1044 707 Θεοῦ
1078 653 1368 721 ὑπάρχων
1401 653 1516 720 οὐχ
1555 651 1874 723 ἁρπαγμὸν

271 738 550 808 ἡγήσατο
578 737 646 788 τὸ
669 736 825 788 εἶναι
861 735 967 788 ἴσα
1004 734 1127 799 Θεῷ
1152 735 1332 798 ,ἀλλ’
1362 733 1585 788 ἑαυτὸν
1611 733 1873 786 ἐκένωσε

265 819 516 891 μορφὴν
546 817 774 872 δούλου
802 816 1026 882 λαϐὼν,
1056 818 1153 870 καὶ
1181 817 1502 884 ἐλεύθερος
1536 814 1624 870 ὢν
1648 815 1873 882 δοῦλος

271 903 560 973 γέγονεν’
588 898 732 954 οὕτω
763 901 858 953 καὶ
898 892 1055 963 οὗτος
1085 899 1374 970 ἐλεύθερος
1410 897 1486 951 ὢν
1541 899 1607 952 ἐκ
1653 898 1872 952 πάντων

272 986 445 1039 πᾶσιν
495 983 687 1035 ἐαυτὸν
741 981 1038 1035 ἐδούλωσεν
1061 1023 1076 1046 ,
1130 980 1273 1035 ὥστε
1331 981 1541 1043 πάντας
1587 979 1868 1049 κερδᾶναι.

271 1066 470 1129 Δοῦλος
510 1064 728 1134 ἐγένετο
757 1065 857 1136 τὴν
891 1064 1053 1133 φύσιν
1081 1065 1183 1136 τὴν
1210 1063 1492 1134 ἡμετέραν
1523 1061 1812 1117 ἀναλαϐὼν
1843 1063 1872 1114 6

273 1149 598 1220 Δεσπότης,
655 1149 743 1200 ῖνα
801 1148 928 1209 τοὺς
981 1147 1202 1209 δούλους
1251 1146 1575 1218 ἐλευθέρους
1629 1146 1868 1218 ποιήσει’

288 1233 564 1288 Ἐκλινεν
617 1229 911 1298 οὐρανοὺς
933 1268 950 1292 ,
1010 1230 1108 1282 καὶ
1141 1227 1390 1296 κατέϐη,
1413 1229 1511 1282 ’ἴνα
1541 1230 1670 1292 τοὺς
1723 1228 1873 1280 κάτω

273 1314 540 1385 μένοντας
565 1313 822 1383 ἀναγάγῃ
853 1314 932 1374 εἰς
955 1311 1207 1382 οὐρανόν.
1238 1314 1528 1366 Ἐκλινεν
1550 1311 1869 1379 οὐρανούς·

265 1399 374 1450 οὐκ
406 1392 527 1449 εἷπε
554 1412 567 1425 ·
605 1395 915 1449 Κατέλιπεν
970 1395 1237 1465 οὐρανοὺς
1259 1435 1272 1454 .
1311 1395 1406 1448 καλ⁸
1453 1394 1658 1465 κατέϐη
1688 1435 1703 1458 ,
1755 1392 1872 1446 ἀλλ’

272 1481 576 1542 Ἐκλινεν,
603 1477 977 1548 εὐκολωτέραν
1011 1493 1093 1530 σοι
1115 1479 1217 1548 τὴν
1250 1478 1436 1532 ἀνοδον
1463 1479 1634 1531 ποιῶν
1663 1477 1764 1548 τὴν
1793 1477 1872 1539 είς

267 1565 400 1626 τοὺς
426 1560 712 1632 οὐρανούς.
751 1559 955 1614 Τοῦτον
983 1561 1124 1614 καὶὸ
1157 1562 1372 1626 Παῦλος
1391 1563 1704 1633 ἐμιμήσατο
1729 1559 1875 1612 κατά

267 1644 503 1715 δύναμιν
526 1685 540 1707 ,
572 1643 655 1696 διὸ
677 1641 770 1695 καὶ
794 1642 948 1712 ἔλεγε
973 1658 988 1673 ⁶
1015 1646 1277 1714 Μιμηταί
1296 1663 1419 1714 μου
1444 1645 1686 1714 γίνεσθε
1709 1683 1724 1706 ,
1763 1657 1871 1695 κα-

268 1728 393 1790 θὼς
419 1726 582 1795 κάγὼ
607 1725 889 1794 Χριστοῦ.
921 1727 1032 1780 Καὶ
1064 1727 1182 1790 πῶς
1209 1731 1296 1791 σὺ,
1319 1721 1364 1780 ὧ
1396 1728 1636 1798 μακάριε
1668 1723 1870 1790 Παῦλε,

267 1807 367 1862 τοῦ
415 1808 656 1879 Χριστοῦ
691 1809 880 1876 ἐγένου
920 1810 1204 1880 μι’μητής;
1241 1808 1403 1875 Πῶς;
1452 1809 1669 1876 Ἐπειδὴ
1709 1807 1875 1862 οὐδα-

264 1891 380 1962 μοῦ
410 1891 559 1961 ζητῶ
587 1905 614 1931 ιι
645 1889 710 1944 τὸ
734 1892 975 1961 ἐμαυτοῦ
1009 1893 1321 1962 συμφέρον,
1353 1892 1490 1945 ἀλλά
1519 1890 1579 1944 τὸ
1605 1891 1714 1944 τῶν
1744 1893 1873 1948 πολ-

265 1975 418 2040 λῶν,
459 1977 610 2039 ὅπως
656 1975 908 2037 σωθῶσι,
947 1977 1042 2028 καὶ
1079 1975 1366 2046 ἐλεύθερος
1409 1974 1484 2028 ὢν
1528 1978 1592 2028 ἐκ
1625 1975 1870 2042 πάντων,

269 2060 442 2112 πᾶσιν
473 2058 711 2130 ἐμαυτὸν
743 2058 1039 2112 ἐδούλωσα.
1077 2059 1246 2111 Οὑδέν
1297 2057 1478 2111 τοίνυν
1530 2058 1736 2128 ταύτης
1773 2061 1872 2130 τῆς

267 2140 515 2204 δουλείας
556 2141 791 2210 βέλτιον,
826 2139 1144 2210 ἐλευθερίας
1194 2142 1303 2208 7&9
1344 2140 1552 2211 ἑτέροις
1589 2142 1738 2194 αἰτία
1786 2143 1872 2210 γί-

266 2241 444 2278 νεται.
497 2223 707 2287 Ἀλιεὺς
757 2219 826 2294 ἦν
874 2222 1244 2292 πνευματικὸς
1276 2224 1304 2274 6
1343 2223 1556 2286 Παῦλος
1580 2239 1594 2252 ’
1629 2224 1871 2289 [Ioniam

264 2307 380 2377 γὰρ
406 2305 564 2376 ὑμᾶς
581 2345 597 2369 ,
632 2307 798 2376 φησὶν
817 2345 832 2367 ,
862 2305 1052 2371 άλιεῖς
1078 2305 1406 2373 ἀνθρώπων
1428 2322 1442 2335 α
1470 2306 1558 2359 διὰ
1590 2307 1750 2359 τοῦτο
1776 2308 1872 2361 καὶ

263 2391 446 2444 ταῦτα
475 2390 669 2444 ἐποίει.
703 2390 813 2442 Καὶ
847 2390 955 2461 γὰρ
991 2389 1086 2441 καὶ
1123 2389 1172 2440 οί
1216 2389 1389 2451 ἁλιεῖς
1413 2427 1431 2451 ,
1462 2390 1686 2442 ἐπειδὰν
1719 2391 1871 2444 ίδωσι

261 2478 360 2526 τὸν
398 2473 554 2544 ίχθὺν
576 2474 914 2526 καταπιόντα
941 2471 1000 2524 τὸ
1027 2472 1347 2544 ἄγκιστρον,
1366 2474 1467 2526 οὐκ
1500 2473 1708 2538 εὐθέως
1740 2476 1872 2528 ἀνθ-

263 2557 519 2610 ἕλκουσιν
543 2597 558 2622 ,
596 2557 715 2610 ἀλλ’
761 2555 1057 2619 ἐνδιδόντες
1126 2555 1291 2626 μέχρι
1333 2557 1530 2610 πολλοῦ
1568 2559 1872 2628 διαστήμαο

260 2656 359 2703 τος
389 2637 774 2692 ἀκολουθοῦσιν
820 2637 1185 2708 ἀναμένοντες
1233 2641 1554 2710 ἐμπαγῆναι
1603 2641 1666 2694 τὸ
1715 2640 1875 2708 ἀγκι-

263 2733 434 2792 στρον
467 2720 650 2783 καλῶς
676 2762 691 2786 ,
719 2720 808 2773 ἵνα
854 2719 1000 2774 οὕτω
1043 2721 1182 2790 μετά
1225 2721 1529 2789 ἀσφαλείας
1555 2722 1657 2794 τὴν
1698 2723 1873 2795 Θήραν

262 2803 593 2858 ἐλκύσωσιν.
622 2801 787 2857 Οὕτω
818 2805 910 2856 καὶ
935 2806 985 2857 οί
1015 2805 1306 2858 ἀπόστολοι
1334 2807 1458 2860 τότε
1487 2808 1726 2861 ἐποίουνο
1758 2809 1876 2862 ἐνέ-

262 2885 465 2940 ϐαλλον
491 2888 552 2938 τὸ
574 2887 875 2957 ἄγκιστρον
904 2887 1002 2957 τῆς
1028 2887 1382 2950 διδασκαλίας
1411 2889 1504 2942 τοῦ
1539 2889 1700 2958 λόγου
1726 2891 1872 2963 ψυχῇ

259 2972 334 3040 τῇ
384 2969 678 3040 Ἰουδαϊκῇ,
716 2971 766 3021 οἱ
789 2970 846 3023 δὲ
873 2970 1158 3024 ἀνθεῖλκον
1185 2975 1308 3041 εἰκῆ
1332 3010 1348 3033 ,
1377 2972 1474 3024 καὶ
1501 2976 1768 3044 κατέσχον
1794 2977 1876 3036 είς

262 3053 578 3122 περιτομὴν
604 3054 832 3114 ἑαυτοὺς
861 3053 1089 3121 ἀγοντες
1113 3093 1128 3115 ,
1156 3056 1236 3116 είς
1271 3054 1493 3123 ἐορτάς,
1543 3056 1622 3120 είς
1666 3055 1876 3127 καιρῶν

262 3135 680 3205 παρατήρησιν.
725 3136 805 3198 εἰς
836 3135 1028 3198 θυσίας
1048 3175 1062 3196 ,
1092 3137 1173 3200 είς
1196 3135 1258 3188 τὸ
1287 3137 1555 3208 ξυρᾶσθαι
1590 3140 1685 3192 καὶ
1711 3139 1879 3208 ἕτερα

261 3216 495 3271 τοιαῦτα
532 3220 706 3272 ποιεῖν
725 3233 757 3248 ὀ
789 3219 940 3291 οἱ-δέ
991 3217 1282 3271 ἀπόστολοι
1317 3221 1593 3291 πανταχοῦ
1646 3221 1879 3291 ἠκολού-

263 3299 396 3353 θουν
422 3300 640 3363 αὐτοῖς,
684 3300 778 3354 καὶ
821 3284 923 3352 οῦκ
961 3299 1246 3355 ἀνθεῖλκον
1273 3318 1288 3331 ·
1340 3284 1626 3357 ὥστε-κᾶν
1657 3284 1878 3374 περιτο·

268 3383 381 3454 μὴν
411 3383 584 3454 ζητῇς
606 3423 621 3444 ,
648 3384 836 3452 φησιν,
875 3382 978 3434 οὐκ
1014 3383 1324 3448 ἀντιτείνω,
1351 3384 1469 3438 ἀλλ’
1501 3385 1709 3458 ἕπομαι
1731 3407 1742 3418 ·
1772 3388 1878 3441 κᾶν

265 3466 463 3519 θυσίαν
496 3469 689 3536 αἰτῇς,
722 3464 835 3517 θύω
862 3506 876 3531 ,
909 3463 1012 3518 κᾶν
1057 3464 1324 3534 ξυρᾶσθαι
1358 3467 1627 3540 βουληθῇς
1657 3471 1760 3541 ἐμὲ
1786 3471 1878 3524 τὸν

263 3549 585 3604 ἀποστάντα
609 3550 708 3619 τῆς
738 3549 838 3618 σῆς
869 3548 1148 3614 πολιτείας
1173 3591 1189 3616 ,
1219 3551 1475 3622 πάρειμι,
1518 3553 1611 3606 καὶ
1649 3553 1787 3606 ποιῶ
1818 3555 1879 3608 τὸ

263 3634 621 3704 κελευόμενον
644 3652 655 3662 ·
730 3633 834 3688 κᾶν
865 3634 1250 3706 Πεντηκοστὴν
1287 3634 1521 3706 ,κελεύῃς
1552 3639 1878 3708 παρατηρῆ-

267 3719 364 3772 σαί
401 3735 502 3787 με,
538 3717 660 3770 ούδέ
718 3717 957 3770 ἐνταῦθα
999 3717 1318 3786 φιλονεικῶ·
1366 3719 1481 3772 ἀλλ’
1529 3719 1777 3789 ὅπουπερ
1811 3721 1878 3774 ἂν

266 3803 576 3873 περιάγῃς,
629 3801 911 3854 ἀκολουθιῦ
955 3803 1050 3855 καὶ
1104 3803 1362 3872 ἐνδίδωμι
1412 3802 1734 3872 ἐμπαγῆναί
1796 3821 1876 3856 σοι

263 3887 555 3956 ἀναμένων
584 3887 681 3938 τοῦ
720 3886 880 3952 λόγου
920 3886 980 3938 τδ
1014 3885 1314 3957 ἄγκιστρον
1335 3929 1348 3950 ,
1397 3887 1540 3940 ὥστε
1572 3887 1877 3958 δυνηθῆναι

269 3970 411 4040 μετὰ
443 3969 747 4037 ἀσφαλείας
783 3968 930 4021 ἀπαν
983 3969 1136 4038 ὑμῶν
1169 3970 1459 4034 ἐξελκύσαι
1497 3971 1558 4023 τὸ
1595 3970 1748 4036 ἔθνος
1778 3972 1876 4044 τῆς

267 4052 511 4114 παλαιᾶς
545 4051 800 4121 λατρείας
835 4053 930 4104 καὶ
959 4053 1256 4116 πολιτείας.
1286 4054 1386 4106 Διά
1429 4053 1590 4107 τοῦτο
1633 4054 1744 4125 7&9
1782 4056 1877 4108 καὶ

263 4134 376 4186 ἀπο
435 4134 663 4200 Ἐφέσου
718 4136 798 4198 είς
853 4136 1207 4206 Ἱεροσόλυμα
1261 4133 1448 4206 ῆλθον.
1493 4138 1659 4209 Ὀρᾷς
1708 4139 1874 4192 πόσον

264 4216 760 4287 παρηκολούθησεν
792 4219 821 4270 ὁ
853 4219 1067 4283 Παῦλος
1099 4223 1166 4291 τῇ
1205 4221 1364 4292 ἀλείᾳ
1412 4220 1522 4274 τῶν
1560 4221 1760 4292 ἰχθύων
1789 4225 1876 4276 ἐν·

263 4299 445 4365 διδοὺς
473 4300 551 4368 τῷ
575 4301 758 4371 λόγῳς
805 4305 937 4372 ὁρᾷς
967 4304 1049 4355 ὄτι
1087 4305 1119 4373 ἡ
1159 4305 1550 4375 παρατήρησις
1596 4305 1707 4357 τῶν
1748 4324 1873 4361 και-

270 4382 422 4454 ρῶν,
474 4385 570 4450 καὶ
614 4387 646 4455 ἡ
705 4385 1116 4452 συγκατὰϐασις
1166 4387 1268 4457 τῆς
1318 4388 1658 4459 περιτομῆς,
1693 4391 1787 4443 καὶ
1837 4393 1870 4462 ή

267 4464 527 4529 κοινωνία
564 4466 674 4518 τῶν
707 4466 909 4520 θυσιῶν
931 4467 1021 4522 διά
1049 4469 1208 4522 τοῦτο
1239 4469 1473 4538 ἐγίνετο,
1517 4471 1614 4541 οὐχ
1645 4473 1732 4525 ἵνα
1772 4474 1873 4527 αὐ-

263 4551 352 4603 τοὶ
390 4549 528 4621 πρὸς
574 4551 676 4623 τὴν
726 4551 964 4606 παλαιὰν
999 4554 1337 4608 ἐπανέλθωσι
1390 4555 1708 4620 πολιτείαν,
1759 4558 1874 4611 ἀλλ’

267 4634 357 4686 ἵνα
386 4633 630 4696 ἐκείνους
677 4637 791 4698 τοῖς
839 4635 1030 4700 τύποις
1070 4638 1574 4709 παρακαθημένους
1605 4641 1741 4711 πρὸς
1774 4644 1874 4712 τὴν

264 4716 525 4786 ἀλήθειαν
557 4719 1011 4787 ἐπαναγάγωσιν;
1044 4721 1102 4773 '0
1138 4721 1248 4791 7&9
1287 4722 1346 4774 ἐν
1381 4721 1505 4789 ὕψει
1541 4725 1872 4796 καθήμενος,

181 4802 208 4807 ⁴
265 4798 364 4853 ἐὰν
396 4799 688 4864 διαπαντὸς
723 4803 814 4854 ἐπὶ
835 4803 930 4856 τοῦ
957 4803 1127 4872 ὕψους
1159 4805 1326 4878 μένῃ,
1360 4805 1621 4860 οὐδέποτε
1646 4808 1876 4877 δυνήσε-

265 4900 358 4936 ται
402 4883 494 4936 τὸν
526 4884 678 4936 κάτω
716 4885 968 4955 κείμενον
1013 4889 1318 4955 ἀναγαγεῖν
1342 4928 1354 4950 ,
1391 4889 1528 4942 ἀλλά
1562 4891 1646 4942 δεῖ
1677 4893 1876 4962 πρότε-

266 4983 361 5038 ρον
389 4968 597 5020 ἐκεῖνον
623 4969 1048 5039 ταπεινωθῆναι,
1074 4971 1169 5022 καὶ
1194 4972 1317 5024 τότε
1345 4974 1536 5024 τοῦτον
1563 4974 1868 5044 ὑψωθῆναι.

263 5050 366 5105 Διά
409 5051 570 5104 τοῦτο
604 5054 920 5122 κατέϐησαν
958 5057 1007 5106 οί
1060 5055 1352 5108 ἀπόστολοι
1407 5056 1517 5108 ἀπὸ
1555 5057 1648 5110 τοῦ
1704 5059 1873 5129 ὕψους

266 5134 364 5204 τῆς
397 5133 674 5198 πολιτείας
727 5137 827 5205 τῆς
873 5139 1239 5208 εύαγγελικῆς
1269 5139 1320 5202 δ,
1365 5139 1452 5190 ἶνα
1483 5140 1593 5192 ἀπὸ
1638 5143 1736 5212 τῆς
1773 5160 1872 5196 τα-

265 5215 582 5285 πεινότητος
606 5217 706 5288 τῆς
739 5219 1016 5284 πολιτείας
1053 5223 1152 5292 τῆς
1187 5221 1488 5293 Ἰουδαϊκῆς
1524 5221 1638 5296 [88]
1665 5225 1874 5295 ἀναγά-

262 5317 438 5370 γωσιν
465 5302 545 5364 είς
569 5302 630 5354 τὺ
661 5301 796 5370 ὕψος
825 5307 1002 5358 ἐκεῖνο
1021 5311 1150 5370 τους
1193 5303 1510 5370 Ἰουδαίουςε

340 5390 404 5438 ε’.
443 5385 586 5438 Ἀλλ’
610 5387 692 5440 ὅτι
716 5387 817 5457 μέν
843 5390 875 5459 ἡ
901 5389 1008 5441 τῶν
1036 5388 1246 5460 καιρῶν
1268 5393 1654 5463 παρατήρησις
1675 5394 1768 5449 καὶ
1797 5394 1868 5449 τά

265 5465 432 5521 λοιπά
479 5470 661 5523 πάντα
693 5471 978 5541 χρησίμως
1013 5473 1109 5526 καὶ
1163 5474 1554 5544 συμφερόντως
1605 5477 1868 5545 ἐγίνοντο,

267 5552 378 5606 ἀπὸ
403 5553 608 5608 τούτων
631 5556 788 5628 δῆλον
812 5573 826 5588 ⁸
861 5557 1062 5628 ῖδωμεν
1089 5558 1145 5611 δὲ
1197 5557 1382 5612 λοιπὸν
1417 5560 1564 5624 τίνος
1593 5561 1780 5618 ἐνεκεν
1809 5567 1872 5620 τὸ

332 5675 364 5708 ³
381 5678 482 5748 Ali}
503 5680 595 5748 ul_
624 5682 727 5748 πῷς
766 5681 828 5729 σὺ
847 5681 950 5746 γίνῃ
974 5682 1187 5748 Χριστοῦ
1223 5687 1445 5748 μιμητής·
1479 5687 1534 5735 οὐ
1561 5689 1706 5746 ζητῶ.
1736 5688 1869 5742 Edili

269 5737 491 5803 Ῑ-μσῖοἷι.
509 5743 738 5803 μαθητής.

338 5802 366 5840 δ
391 5799 532 5852 ω’·
563 5809 649 5862 τῆς
666 5804 933 5867 ἀΠιλικῆςι

915 382 1058 442 (ξυιε,
1113 384 1176 437 ΙΝ
1220 381 1511 440 PENTEC.
1547 382 1752 446 ACTA,
1784 379 1941 437 ETC.

1979 377 2046 434 IN
2087 377 2384 438 PRINCIP.
2439 351 2802 439 ACTOBUM.
2843 380 2933 436 IV.
3486 375 3583 428 nu

1982 483 2188 555 βιϐλίον
2224 488 2334 542 τῶν
2365 489 2628 559 Πράξεων
2675 485 3132 541 τῶνιάποστόλων
3176 491 3241 545 ὲν
3297 485 3376 557 τῷ
3408 489 3590 560 καιρῷ

1980 568 2082 638 τῆς
2138 570 2525 642 Πεντηκοστῆς
2587 567 3044 638 ἀναγινώσκεται.
3107 568 3202 623 Διά
3258 569 3370 638 γὰρ
3425 570 3590 624 τοῦτο

1979 651 2154 706 ταῦτα
2205 653 2386 708 πάντα
2436 654 2803 723 ἐκινήσαμεν,
2854 652 2943 717 ἶν’,
2997 652 3126 705 ὅταν
3177 651 3324 723 ἴδητε
3375 653 3589 724 καιρῶν

1980 737 2375 807 παρατήρησιν
2422 736 2792 806 ἐγκειμένην,
2855 735 2931 806 μὴ
2993 734 3256 806 νομίσητε
3309 736 3589 789 πολιτείαν

1982 820 2159 872 νοσεῖν
2207 819 2505 890 Ίουδαῖκὴν
2526 821 2655 882 τοὺς
2688 817 3041 881 ἀποστόλους.
3091 817 3255 872 Ἀλλά
3282 819 3587 890 προσέχετε

1985 900 2128 970 μετά
2183 901 2512 973 ἀκριϐείας,
2559 899 2866 972 παρακαλῶ
2895 914 2910 929 ⁸
2960 901 3023 954 οὐ
3059 900 3170 972 7&9
3231 901 3429 972 μικρόν
3468 901 3588 955 ἐστι

1983 985 2208 1058 ζήτημα
2259 988 2322 1040 τὸ
2374 988 2569 1059 μέλλον
2606 985 2964 1060 ῥηθήσεσθαι.
3003 987 3094 1040 Ἐν
3140 989 3206 1058 τῇ
3260 987 3447 1059 ἡμέρα
3489 985 3588 1040 τοῦ

1985 1072 2224 1142 σταυροῦ
2247 1073 2329 1126 τά
2345 1073 2476 1143 περὶ
2497 1071 2591 1126 τοῦ
2627 1070 2864 1142 σταυροῦ
2897 1070 3078 1124 πάντα
3100 1069 3551 1142 ἀναγινώσκομεν
3570 1085 3585 1100 ο

1983 1153 2042 1205 ἐν
2071 1152 2151 1223 τῷ
2196 1153 2456 1226 σαϐϐάτῳ
2504 1153 2582 1226 τῷ
2634 1154 2860 1224 μεγάλῳ
2917 1154 3117 1218 πάλιν,
3172 1155 3256 1208 ὃτι
3311 1152 3588 1223 παρεδόθη

1982 1235 2144 1304 ἡμῶν
2166 1237 2194 1289 6
2227 1235 2452 1308 Κύριος,
2481 1239 2564 1292 ὅτι
2604 1235 2948 1310 ἐσταυρώθη,
2985 1238 3069 1290 δτι
3088 1235 3331 1290 ἀπέθανε
3357 1234 3418 1288 τὸ
3445 1233 3592 1289 κατά

1985 1320 2188 1390 σάρκα,
2227 1321 2310 1374 ὅτι
2336 1321 2512 1391 ἐτάφη
2533 1339 2547 1352 ·
2579 1321 2725 1384 τίνος
2753 1316 2846 1374 οὖν
2884 1321 3072 1375 ἕνεκεν
3095 1321 3192 1374 καὶ⁵
3215 1320 3315 1380 τὰς
3354 1316 3593 1391 Πράξεις

1981 1402 2092 1455 τῶν
2118 1403 2435 1457 ἀποστόλων
2472 1404 2535 1458 οὐ
2585 1404 2726 1475 μετά
2768 1404 2870 1475 τὴν
2901 1403 3288 1474 Πεντηκοστὴν
3323 1401 3593 1470 ἀναγινώ-

1985 1502 2190 1554 σκομεν
2213 1528 2227 1553 ,
2256 1487 2346 1540 ὅτε
2392 1487 2489 1540 καὶ
2534 1488 2786 1556 ἐγένοντο
2809 1527 2823 1550 ,
2863 1489 2960 1542 καὶ
3008 1488 3184 1559 ἀρχὴν
3217 1486 3448 1550 ἐλαϐον;
3480 1487 3593 1541 Καὶ

1983 1564 2104 1623 οῐδα
2131 1571 2228 1640 μὲν
2259 1570 2342 1624 δτι
2369 1571 2554 1624 πολλοὶ
2583 1570 2744 1624 τοῦτο
2787 1569 3047 1640 ἀγνοοῦσι
3072 1587 3086 1600 ·
3112 1569 3303 1642 διόπερ
3337 1568 3446 1623 ἀπὸ
3493 1568 3592 1622 τοῦ

1987 1651 2196 1722 βιϐλίου
2245 1653 2355 1707 τῶν
2384 1650 2645 1726 Πράξεων
2681 1655 2815 1708 αὐτὸ
2857 1653 3240 1708 πιστώσασθαι
3268 1655 3591 1720 ἀναγκαῖον,

1980 1737 2074 1790 ινα
2100 1737 2344 1808 μάθητε,
2379 1739 2462 1791 ὅτι
2507 1738 2608 1808 τὴν
2653 1739 2830 1809 ἀρχὴν
2865 1738 2976 1791 τῶν
3010 1738 3278 1810 Πράξεων
3317 1737 3426 1792 τῶν
3453 1739 3594 1791 ἀπο-

1985 1818 2252 1872 στολικῶν
2299 1822 2400 1890 οὐχ
2443 1822 2478 1890 ἡ
2529 1821 2880 1891 Πεντηκοστὴ
2917 1820 3032 1891 ἔχει
3059 1859 3074 1883 ,
3107 1820 3224 1874 ἀλλ’
3270 1822 3300 1873 ὁ
3346 1820 3540 1891 καιρὸς
3565 1818 3595 1871 ὁ

1986 1901 2128 1972 μετὰ
2164 1902 2265 1974 τὴν
2306 1904 2713 1974 Πεντηκοστήν.
2747 1903 2840 1956 Διὸ
2873 1903 2968 1957 καὶ
2997 1903 3228 1967 δικαίως
3281 1904 3346 1957 ἀν
3388 1921 3471 1966 τις
3499 1903 3599 1970 ζη-

1983 1985 2188 2055 τήσειε,
2220 1985 2273 2038 τί
2305 1986 2510 2058 δήποτε
2538 1985 2628 2038 τὸν
2665 1986 2763 2056 μέν
2796 1987 3033 2058 σταυρὸν
3081 1989 3138 2040 ἐν
3169 1989 3236 2057 τῇ
3271 1986 3457 2057 ἡμέρᾳ
3499 1984 3596 2038 τοῦ

1985 2069 2222 2141 σταυροῦ
2258 2071 2354 2122 καὶ
2385 2070 2481 2124 τοῦ
2540 2071 2750 2133 πάθους
2778 2069 3181 2138 ἀναγινώσκειν
3236 2069 3599 2140 νενομοθέτη-

1983 2167 2105 2204 ται·
2161 2151 2273 2227 τάςθ
2305 2152 2363 2204 δέ
2392 2153 2632 2224 Πράξεις
2680 2154 2780 2214 τάς
2820 2152 3191 2216 ἀποπολικάς
3247 2154 3348 2206 οὐκ
3406 2153 3598 2212 αὐταῖς

1980 2237 2102 2299 ταῖς
2134 2235 2374 2308 ἡμέραις
2421 2236 2916 2306 ἀναγινώσκομεν,
2969 2235 3090 2289 οὐδὲ
3120 2233 3201 2306 τῷ
3237 2234 3420 2306 καιρῷ
3472 2229 3599 2288 καθ’

1982 2318 2042 2372 δν
2072 2319 2455 2391 ἐπράχθησαν,
2484 2319 2622 2373 ἀλλά
2650 2319 3039 2390 προφθάνομεν
3062 2324 3154 2372 τον
3198 2318 3415 2389 καιρόν.
3461 2315 3600 2370 Οὕδέ

1984 2403 2094 2475 7&9
2125 2403 2330 2467 εὐθέως
2362 2404 2452 2457 ὅτε
2476 2403 2675 2474 ἀνέστη
2703 2403 2943 2473 Χριστὸς
2963 2443 2977 2464 ,
3009 2401 3270 2473 θαύματα
3300 2400 3521 2454 ἐποίουν
3548 2399 3600 2452 οἱ

1984 2485 2274 2541 ἀπόστολοι
2299 2525 2316 2550 ,
2344 2487 2482 2541 ἀλλά
2515 2486 2944 2558 τεσσαράκοντα·
2966 2487 3182 2556 ἡμέρας
3234 2486 3424 2547 αὐτοῖς
3471 2501 3602 2537 συν⁶

1982 2569 2202 2640 ηλίζετο
2231 2580 2254 2609 ο
2297 2572 2390 2625 ἐπὶ
2415 2571 2517 2641 τῆς
2545 2570 2670 2640 γῆς.
2704 2570 2863 2632 Τίνος
2887 2569 2945 2622 δέ
2969 2570 3157 2621 ἕνεκεν
3181 2567 3280 2630 τάς
3327 2567 3601 2637 τεσσαρά-

1985 2671 2152 2706 κοντα
2201 2653 2418 2724 ἡμέρας
2476 2653 2662 2716 αὐτοῖς
2719 2651 3039 2720 συνεγένετο
3085 2651 3179 2703 ἐπὶ
3230 2653 3330 2721 τῆς
3366 2649 3505 2718 γῆς,
3543 2650 3602 2701 ἐν

1986 2738 2160 2807 ἑτέρῳ
2181 2735 2360 2808 καιρῷ
2379 2736 2722 2808 δηλώσομεν·
2757 2736 2897 2798 τέως
2934 2735 2992 2787 δὲ
3018 2735 3112 2787 ἐπὶ
3141 2734 3204 2787 τὸ
3235 2735 3603 2805 προκείμενον

1991 2821 2160 2892 ἴωμεν
2194 2820 2288 2874 τοῦ
2327 2821 2488 2890 λόγου
2516 2859 2531 2884 ,
2555 2819 2892 2883 δεικνύντες,
2920 2819 3002 2872 ὅτι
3029 2820 3130 2872 ούκ
3163 2818 3369 2882 εὐθέως
3401 2821 3480 2880 είς
3507 2817 3603 2871 τὸν

1986 2904 2219 2974 οὐρανὸν
2249 2903 2419 2975 ἀνέϐη
2454 2904 2595 2974 μετά
2623 2904 2725 2973 τὴν
2761 2903 3062 2955 ἀνάστασιν
3095 2903 3124 2955 6
3156 2899 3393 2971 Χριστὸς
3416 2943 3431 2964 ,
3466 2901 3603 2956 ἀλλά

1987 2987 2396 3056 τεσσαράκοντα
2417 2987 2635 3058 ἡμέρας
2665 2987 2758 3040 ἐπὶ
2781 2987 2885 3056 τῆς
2915 2986 3020 3055 γῆς
3048 2985 3294 3056 διέτριψε
3325 2985 3463 3054 μετά
3491 2985 3603 3038 τῶν

1992 3069 2283 3140 μαθητῶν,
2338 3071 2434 3123 καὶ
2458 3072 2557 3140 οὐχ
2584 3070 2775 3132 ἁπλῶς
2813 3068 3113 3140 διέτριψεν,
3147 3069 3286 3123 ἀλλά
3322 3069 3417 3122 καὶ
3473 3086 3604 3123 συν-

1992 3152 2344 3222 αλιζόμενος,
2368 3153 2463 3205 καὶ
2493 3154 2777 3224 τραπέζης
2808 3150 3084 3205 κοινωνῶν
3103 3192 3119 3217 ,
3150 3152 3244 3206 καὶ
3266 3152 3486 3222 ὁμιλίας
3515 3170 3602 3224 με·

1987 3235 2264 3299 ταδιδοὺς,
2295 3237 2390 3288 καὶ
2416 3237 2556 3307 μετά
2575 3237 2675 3300 τὰς
2705 3236 3122 3306 τεσσαράκοντα
3151 3235 3369 3308 ἡμέρας
3399 3237 3603 3308 ἀνῆλθε

1990 3318 2129 3389 πρὸς
2163 3318 2256 3370 τὸν
2304 3318 2525 3392 Πατέρα
2580 3321 2638 3373 ἐν
2670 3321 2786 3382 τοῖς
2834 3319 3117 3390 οὐρανοῖς,
3164 3319 3260 3371 καὶ
3299 3319 3424 3373 οὐδὲ
3477 3322 3603 3374 τότε

1990 3403 2479 3474 ἐθαυματούργουν
2499 3444 2514 3466 ,
2552 3404 2668 3457 ἀλλ’
2699 3404 2887 3475 ἐτεραι
2918 3404 3052 3457 δέκα
3096 3405 3340 3473 ἐγίνοντο
3371 3405 3602 3476 ἡμέραι,

1990 3488 2086 3541 καὶ
2133 3487 2519 3558 πληρουμένης
2553 3489 2655 3557 τῆς
2685 3488 3074 3558 Πεντηκοστῆς
3121 3488 3382 3560 ἐπέμφθη
3415 3492 3602 3556 αὐτοῖς

1987 3572 2050 3624 τὸ
2079 3573 2304 3643 Πνεῦμα
2334 3573 2396 3624 τὸ
2424 3573 2580 3640 ἅγιον
2607 3613 2620 3635 ,
2657 3572 2752 3624 καὶ
2781 3569 2904 3623 τότε
2935 3570 3194 3634 λαϐόντες
3219 3571 3320 3634 τάς
3367 3573 3602 3643 πυρίνας

1989 3654 2243 3724 γλώσσας
2290 3655 2527 3726 ῆρξαντο
2560 3658 2733 3708 ποιεῖν
2760 3653 3035 3724 θαύματα.
3074 3653 3260 3708 Ταῦτα
3293 3654 3351 3710 δὲ
3399 3658 3600 3720 πάντα,

1990 3738 2266 3809 ἀγαπητοὶ
2295 3781 2309 3803 ,
2346 3739 2457 3792 ἀπὸ
2505 3740 2616 3792 τῶν
2645 3736 2882 3808 Γραφῶν
2915 3738 3305 3809 πιστωσάμεθα
3333 3754 3348 3770 ο
3378 3732 3490 3792 οἷον
3518 3739 3603 3793 ὅτι

1988 3823 2402 3892 τεσσαράκοντα
2433 3822 2647 3894 ἡμέρας
2699 3822 2885 3885 αὐτοῖς
2938 3821 3290 3889 συνεγένετο,
3325 3822 3409 3874 ὃτι
3462 3822 3602 3892 μετὰ

1989 3904 2089 3977 τὴν
2124 3905 2512 3977 Πεντηκοστὴν
2541 3904 2776 3977 κατῆλθε
2819 3905 2883 3958 τὺ
2920 3904 3146 3976 Πνεῦμα
3180 3905 3242 3958 τὸ
3273 3905 3430 3972 ἅγιον
3453 3946 3468 3970 ,
3518 3907 3601 3959 ὅτι

1989 3989 2112 4043 τότε
2139 3990 2238 4052 τάς
2267 3989 2520 4058 γλώσσας
2555 3988 2748 4043 ἔλαϐον
2796 3987 2896 4050 τὰς
2925 3990 3188 4059 πυρίνας,
3222 3989 3305 4042 ὅτι
3337 3989 3448 4042 τῶν
3499 4006 3600 4061 ση-

1992 4073 2162 4144 μείων
2197 4073 2384 4126 ἐκτοτε
2413 4071 2668 4143 ήρξαντο.
2700 4071 2797 4135 Τίς
2830 4067 2923 4124 οὖν
2951 4071 3126 4125 ταῦτα
3181 4072 3360 4125 πάντα
3392 4073 3599 4144 φησίνς

2001 4157 2059 4210 '0
2081 4157 2177 4210 τοῦ
2203 4155 2418 4212 Παύλου
2453 4155 2736 4228 μαθητὴς,
2768 4157 2796 4208 6
2825 4156 3007 4224 τίμιος
3031 4155 3125 4209 καὶ
3154 4155 3330 4226 μέγας
3359 4158 3599 4224 Λουκᾶς,

1987 4239 2134 4294 οὕτω
2170 4239 2496 4308 ποιούμενος
2533 4239 2633 4310 τὴν
2685 4239 2861 4308 ἀρχὴν
2915 4240 3011 4290 καὶ
3072 4237 3282 4305 λέγων·
3320 4237 3440 4291 Τὸν
3484 4240 3600 4306 μὲν

1987 4323 2226 4393 πρῶτον
2254 4323 2444 4393 λόγον
2479 4319 2865 4390 ἐποιησάμην
2895 4321 3029 4388 περὶ
3063 4321 3311 4373 πάντων
3336 4359 3350 4381 ,
3382 4315 3428 4374 ὦ
3462 4325 3600 4375 Θεό·

1986 4401 2252 4477 φιλε,ὧν
2268 4406 2493 4474 ἤρξατο
2513 4408 2546 4458 ό
2566 4403 2795 4471 Ἰησοῦς
2827 4402 3021 4456 ποιεῖν
3050 4420 3112 4456 τε
3137 4405 3233 4456 καὶ
3263 4403 3599 4469 διδάσκειν,

1987 4489 2126 4559 ἄχρι
2154 4485 2230 4559 ἧς
2253 4487 2477 4558 ἡμέρας
2502 4485 2926 4555 ἐντειλάμενος
2949 4485 3073 4552 τοῖς
3097 4487 3470 4553 ἀποστόλοις
3499 4487 3601 4542 διὰ

1987 4575 2338 4643 Πνεύματος
2364 4572 2560 4641 άγίου,
2594 4569 2703 4635 οὓς
2734 4568 3080 4634 ἐξελέξατο,
3117 4569 3436 4639 ἀνελήφθη
3459 4585 3472 4599 ·
3509 4566 3599 4637 οἷς

1987 4659 2084 4712 καί
2119 4657 2511 4726 παρέστησεν
2559 4654 2781 4708 ἑαυτὸν
2814 4651 3000 4713 ζῶντα
3048 4655 3203 4724 μετὰ
3253 4656 3320 4707 τὸ
3381 4656 3600 4710 παθεῖν

1986 4743 2196 4806 αὑτὸν,
2235 4742 2308 4794 ἐν
2351 4738 2609 4803 πολλοῖς
2660 4739 3022 4807 τεκμηρίοις,
3071 4737 3146 4791 δι’
3185 4740 3424 4808 ἡμερῶν
3453 4758 3594 4794 τεσ-

1985 4826 2332 4895 σαράκοντα
2387 4822 2802 4889 ὀπΐανόμενος
2855 4820 3064 4886 αὐτοῖς
3095 4863 3110 4886 ,
3141 4823 3240 4875 καὶ
3288 4824 3484 4892 λέγων
3521 4827 3596 4880 τὰ

1985 4909 2122 4976 περὶ
2151 4906 2260 4975 τῆς
2290 4907 2620 4971 βασιλείας
2656 4903 2763 4958 τοῦ
2791 4903 2910 4976 [89]
2943 4904 3115 4958 Θεοῦ.
3150 4904 3259 4958 Καὶ
3283 4906 3597 4966 συναλιζό-

1979 5010 2166 5062 μενος
2197 4991 2602 5061 παρήγγειλεν
2651 4988 2857 5053 αὑτοῑς
2889 4989 3007 5041 ἀπὸ
3047 4987 3474 5058 Ἱεροσολύμων
3501 4990 3593 5059 μὴ

1952 5128 1960 5136 ,
1985 5076 2354 5148 χωρίζεσθαι.
2398 5076 2563 5148 Ὁρᾷς
2589 5075 2672 5126 ὅτι
2707 5071 2845 5142 μετὰ
2894 5072 2994 5143 τὴν
3029 5073 3334 5126 ἀνάστασιν
3391 5090 3595 5128 τεσσαρ-

1987 5161 2226 5232 ράκοντα
2281 5157 2498 5230 ἡμέρας
2527 5158 2621 5210 ἐπὶ
2657 5157 2755 5222 τῆς
2790 5155 2894 5224 γῆς
2944 5151 3013 5227 ῆν
3068 5158 3096 5208 6
3125 5155 3332 5224 Κύριος
3356 5197 3371 5218 ,
3414 5156 3593 5227 λέγων

1985 5244 2115 5313 περὶ
2153 5243 2255 5313 τῆς
2317 5240 2594 5312 βασιλείας
2639 5239 2734 5292 τοῦ
2787 5239 2922 5292 Θεοῦ
2950 5279 2965 5303 ,
3013 5239 3108 5292 καὶ
3169 5239 3594 5308 συναλιζόμενος

1982 5331 2098 5390 τοῖς
2131 5326 2486 5388 ἀποστόλοις;
2513 5325 2646 5395 ὁρᾷς
2700 5323 2780 5377 ’ὁτι
2813 5325 2909 5375 καὶ
2933 5323 3212 5394 τραπέζης
3267 5322 3589 5390 ἐκοινώνει;

1983 5411 2095 5466 Καὶ
2143 5409 2549 5478 παρήγγειλεν
2579 5407 2814 5472 αὐτοῖς,
2850 5409 3015 5478 φησὶν
3041 5447 3057 5469 ,
3089 5404 3210 5460 ἀπὸ
3260 5406 3591 5474 Ἰεροσολύ-

1977 5512 2111 5565 μων
2133 5494 2214 5564 μὴ
2251 5492 2621 5563 χωρίζεσθαι,
2661 5492 2823 5545 ἀλλὰ
2856 5489 3196 5559 περιμένειν
3238 5488 3358 5557 τὴν
3402 5491 3590 5558 ἐπαγ-

1983 5579 2195 5648 γελίαν
2216 5577 2321 5631 τοῦ
2350 5577 2580 5646 Πατρὸς
2603 5617 2618 5641 ,
2653 5573 2734 5642 ἢν
2756 5572 3065 5642 ἠκούσατέ
3089 5589 3232 5641 μου,
3256 5571 3474 5640 φησίνο
3497 5571 3591 5626 ὅτε

1996 5660 2274 5728 Ἰωάννης
2311 5659 2430 5730 μὲν
2471 5659 2799 5714 ἐϐάπτισεν
2843 5655 3038 5722 ὕδατι,
3065 5653 3242 5726 ὑμεῖς
3276 5653 3346 5709 δέ
3367 5654 3591 5720 ﬂuxu-

2043 5815 2066 5845 ⁸
2091 5811 2228 5864 Colb.
2253 5810 2532 5870 συνεγίνετο.
