4080 6412
551 339 654 393 1οε

546 448 858 517 σθήσεσθε
910 447 980 500 ἐν
1033 445 1327 513 Πνεύματι
1379 445 1524 513 ἁγίῳ
1583 445 1653 498 οὐ
1707 445 1856 513 μετὰ
1893 441 2128 504 πολιὰς

547 542 773 604 ταύτας
821 536 1064 606 ἡμέρας.
1103 535 1287 590 Ταῦτα
1320 535 1377 588 δὲ
1415 535 1600 604 ἔλεγεν
1632 539 1660 588 6
1688 535 1874 606 Σωτὴρ
1912 535 1968 585 ἐν
2013 534 2129 594 ταῖς

448 653 452 657 ·
545 621 953 698 τεσσαράκοντα
1002 626 1256 698 ἡμέραις.
1282 629 1348 678 Ol
1398 627 1513 695 μὲν
1557 621 1671 680 οὖν
1727 623 2131 687 συνελθόντες

543 716 868 784 ἐπηρώτων
889 715 1076 769 αὑτὸν
1100 716 1380 783 λέγοντες
1402 734 1416 747 ·
1440 718 1640 784 Κύριε,
1662 717 1713 768 ει
1733 715 1804 767 ἐν
1831 712 1912 778 τῷ
1934 712 2130 780 χρόνῳ

549 808 736 870 τούτῳ
754 807 1256 872 ἀποκαθιστάνεις
1280 807 1396 875 τὴν
1412 808 1740 872 ,βασιλείαν
1757 804 1838 869 τῷ
1856 805 2128 873 Ἰσραήλ;

548 895 698 953 Εἷπε
728 897 797 951 δὲ
841 898 992 965 πρὸς
1040 899 1292 964 αὐτούς’
1354 901 1476 965 Οὐχ
1520 895 1686 966 ὑμῶν
1731 896 1863 948 ἐστι
1911 895 2130 964 γνῶναι

547 989 809 1057 χρόνους
834 987 872 1055 ἣ
897 987 1140 1056 καιροὺς
1157 1027 1171 1050 ,
1203 986 1313 1053 οὓς
1343 990 1377 1041 ό
1398 987 1597 1054 Πατὴρ
1622 986 1788 1040 ἔθετο
1809 987 1879 1039 ἐν
1907 984 1981 1052 τῇ
2009 983 2130 1050 ίδίᾳ

546 1078 799 1144 ἐξουσίᾳ
818 1094 832 1108 °
863 1078 1023 1132 ἀλλὰ
1049 1077 1324 1145 λήψεσθε
1350 1076 1608 1146 δύναμιν
1633 1077 1997 1142 ἐπελθόντος
2020 1075 2128 1130 τοῦ

544 1162 720 1232 ἁγίου
747 1165 1088 1232 Πνεύματος
1108 1164 1199 1232 ἐφ’
1241 1163 1396 1233 ὑμᾶς
1419 1207 1433 1231 ,
1470 1166 1568 1218 καὶ
1614 1164 1832 1219 ἔσεσθέ
1854 1182 1955 1234 μοι
1980 1165 2128 1233 μάρ-

548 1271 723 1320 τυρες·
746 1255 816 1306 ἐν
843 1253 918 1322 τῇ
958 1254 1376 1324 Ἰερουσαλὴμ,
1416 1257 1511 1309 καί
1558 1257 1627 1308 ἐν
1656 1257 1823 1324 πάσῃ
1869 1256 1944 1324 τῇ
1993 1259 2128 1311 Ὶου-

547 1340 687 1408 διιίςῑ
737 1341 852 1414 καὶ,
888 1329 1215 1411 Σαμαρείᾳ,
1269 1345 1366 1396 καὶ
1400 1345 1509 1408 ἕως
1549 1345 1812 1410 ἐσχάτου
1844 1345 1955 1414 τῆς
1991 1347 2122 1414 γῆς.

548 1435 658 1486 Καὶ
699 1432 884 1487 ταῦτα
932 1434 1116 1488 εἰπὼν
1141 1477 1154 1495 .
1199 1437 1558 1500 βλεπόντων
1597 1436 1827 1500 αὐτῶν,
1873 1439 2121 1506 ἐπήρθη,

545 1521 646 1575 καὶ
683 1524 907 1592 νεφέλη
951 1525 1253 1579 ὑπέλαϐεν
1282 1527 1468 1580 αὑτὸν
1505 1527 1623 1580 ἀπὸ
1651 1524 1768 1581 τῶν
1805 1527 2128 1596 ὀφθαλμῶν

546 1615 765 1668 αὐτῶν.
795 1611 948 1678 Εἶδες
981 1616 1099 1679 πῶς
1135 1620 1228 1670 καὶ
1257 1619 1664 1689 τεσσαράκοντα
1701 1620 1912 1690 ἡμέρας
1943 1622 2126 1682 αὐτοῖς

549 1702 864 1769 συνεγένετο
914 1705 1004 1756 ἐπὶ
1050 1705 1149 1774 τῆς
1193 1706 1297 1774 γῆς
1345 1709 1372 1759 6
1401 1708 1668 1777 Χρισιτὺς,
1708 1709 1801 1762 καὶ
1858 1709 1997 1779 μετά
2028 1709 2127 1772 τὰς

547 1793 955 1863 τεσσαράκοντα
985 1797 1198 1866 ἡμέρας
1245 1798 1367 1850 τότε
1398 1799 1671 1870 ἀνελήφθη
1707 1801 1764 1851 ἐν
1813 1803 1925 1862 τοῖς
1961 1801 2126 1870 ούρα-

544 1884 696 1944 νοῖςο
733 1883 845 1936 ἀλλ’
879 1883 1075 1955 ἴδωμεν
1099 1888 1146 1938 εί
1193 1887 1252 1940 ἐν
1299 1892 1363 1958 τῇ
1406 1891 1752 1960 Ιῐεντηκοστῇ
1803 1890 1862 1942 τὸ
1905 1890 2127 1961 Πνεῦμα

547 1971 799 2044 ἐπέμφθη
825 1973 884 2027 τὸ
913 1975 1082 2044 ἅγιον.
1107 1978 1216 2029 Καὶ
1238 1978 1306 2031 ἐν
1325 1978 1404 2044 τῷ
1426 1979 2125 2050 συμπληροῦσθαιίφησὶ,

545 2041 664 2129 τὴν
708 2041 970 2132 Ϋήιιέρανή
1007 2065 1116 2135 τῆς
1189 2041 1611 2134 Πεντηκοστῆς
1665 2041 1905 2136 ⁷«ἐγένετο
1934 2041 2128 2137 ἰ’ίεένω

547 2150 698 2222 ἦχος
746 2157 814 2208 ἐκ
874 2156 980 2210 τοῦ
1036 2158 1294 2225 οἰιοιινοῦ
1349 2159 1491 2212 ὡσεὶ
1547 2159 1878 2226 φερομένης
1930 2158 2128 2225 πνοῆς

545 2245 789 2311 βιαίας,
860 2248 956 2299 καὶ
1031 2247 1323 2316 ὤφθησαν
1397 2250 1598 2315 αὐτοῖς
1666 2251 2126 2319 διαμεριζὶῖμεναι

546 2334 821 2403 γλῶσσαι
859 2338 1000 2392 ὡσεὶ
1033 2339 1250 2407 πυρὸς,
1288 2342 1383 2393 καὶ
1415 2340 1693 2396 ἐκάθισεν
1732 2343 1824 2408 ἐφ’
1860 2341 1968 2394 ἕνα
1993 2341 2127 2393 ἕκα-

543 2441 702 2478 στον
745 2426 963 2482 αὐτῶν.
993 2429 1174 2482 Εἴδετε
1209 2431 1410 2500 ἀκριϐῆ
1454 2431 1549 2500 τὴν
1587 2431 1857 2497 ἀπόδειξιν
1901 2449 2128 2500 γεγενη-

551 2516 719 2586 μένην
739 2556 753 2578 ,
784 2513 894 2569 οἷον
925 2520 1006 2571 ὅτι
1030 2522 1438 2588 τεσσαράκοντα
1463 2522 1674 2591 ἡμέρας
1703 2518 1769 2592 ἦν
1820 2523 1912 2573 ἐπὶ
1951 2523 2052 2590 γῆς
2101 2523 2129 2572 6

547 2606 944 2675 Χριστὸς,καὶ
997 2609 1115 2660 οὐδὲ
1167 2608 1648 2680 ἐθαυματούργουν
1704 2612 1752 2663 οί
1804 2612 2125 2676 ἀπόστολοις

549 2697 678 2760 Πῶς
710 2699 818 2770 γὰρ
867 2699 1089 2767 ἔμελλον
1123 2700 1556 2772 θαυματουργεῖν
1597 2706 1696 2773 τὴν
1722 2703 1814 2756 τοῦ
1847 2705 2003 2772 ἁγίου
2035 2705 2129 2756 καὶ

549 2790 814 2855 ζωοποιοῦ
848 2790 1161 2860 Πνεύματος
1194 2793 1352 2862 χάριν
1379 2795 1589 2848 ούδέπω
1618 2795 1862 2863 ἔχοντες;

621 2881 801 2932 Εἵδετε
825 2920 838 2939 ,
878 2881 961 2933 ὃτι
992 2881 1127 2950 μετά
1154 2883 1254 2944 τὰς
1281 2883 1687 2952 τεσσαράκοντα
1727 2882 1940 2953 ἡμέρας
1973 2894 1996 2922 ι
2036 2883 2128 2934 ἀν-

548 2967 755 3037 ελήφθη
787 2970 866 3030 είς
893 2969 984 3020 τὸν
1014 2969 1238 3039 ούρανδν
1265 2971 1292 3021 6
1327 2969 1570 3039 Ἰησοῦς;
1619 2971 1785 3022 εἴδετε
1817 2969 1975 3024 πάλιν
1999 3012 2012 3035 ,
2047 2972 2128 3024 ὅτι

552 3059 690 3128 μετά
709 3060 808 3121 τὰς
835 3059 965 3112 δέκα
992 3060 1202 3129 ἡμέρας
1229 3059 1705 3130 ἐθαυματούργουν
1730 3063 1778 3113 οἱ
1811 3062 2127 3125 ἀπόστο).οι;

563 3151 651 3202 Ἐν
677 3150 784 3220 γὰρ
817 3151 895 3220 τῷ
926 3152 1372 3222 συμπληροῦσθαι
1419 3152 1515 3223 τὴν
1551 3153 1761 3223 ἡμέραν
1798 3154 1895 3223 τῆς
1930 3155 2132 3223 Πεντή-

552 3241 749 3309 κοστῆς
789 3241 1146 3309 κατεπέμφθη
1187 3242 1246 3293 τὸ
1282 3240 1506 3312 Πνεῦμα
1547 3243 1608 3295 τὸ
1635 3245 1806 3310 ἅγιον.
1840 3244 2008 3296 Τοῦτο
2038 3239 2129 3295 οῦν

549 3332 670 3383 ἐστι
702 3331 886 3382 λοιπὸν
918 3332 978 3383 τὸ
1009 3331 1358 3401 ζητούμενον,
1392 3333 1536 3395 τίνος
1573 3334 1756 3386 ἕνεκεν
1801 3335 1854 3388 αἱ
1897 3334 2132 3404 Πράξεις

543 3419 660 3472 τῶν
709 3420 1020 3473 ἀποστόλων
1053 3423 1108 3474 ἐν
1141 3427 1206 3492 τῇ
1257 3425 1600 3494 Πεντηκοστῇ
1649 3424 2126 3494 ἀναγινώσκονται.

551 3512 616 3562 Εἰ
642 3512 747 3582 γάρ
777 3513 896 3565 τότε
923 3513 1155 3582 ήρξαντο
1185 3519 1355 3567 ποιεῖν
1398 3516 1467 3567 τὰ
1498 3521 1698 3586 σημεῖα
1747 3519 1795 3569 οἱ
1824 3517 2129 3578 ἀπόστολοι,

553 3603 720 3669 ἤγουν
768 3605 904 3672 μετά
947 3604 1043 3672 τὴν
1079 3607 1281 3675 Κυρίου
1316 3608 1631 3672 ἀνάστασιν,
1661 3608 1779 3659 τότε
1812 3607 1917 3659 ἔδει
1948 3608 2040 3658 καὶ
2073 3607 2134 3658 τὸ

559 3695 760 3762 βιϐλίον
790 3695 1255 3763 ἀναγινώσκεσθαι
1303 3698 1480 3752 τοῦτο.
1509 3700 1718 3770 Ὠσπερ
1767 3699 1875 3769 γάρ
1906 3699 1974 3752 τά
2006 3700 2134 3769 περὶ

552 3784 648 3838 τοῦ
702 3787 934 3859 σταυροῦ
967 3790 1025 3839 ἐν
1057 3790 1120 3857 τῇ
1167 3789 1350 3860 ἡμέρα
1384 3790 1617 3861 σταυροῦ
1667 3790 2129 3859 ἀναγινώσκομεν,

556 3876 648 3926 καὶ
673 3877 743 3928 τὰ
784 3879 928 3946 ἐντῇ
974 3876 1264 3928 ἀναστάσει
1311 3879 1542 3947 ὁμοίως,
1593 3864 1687 3934 καὶ
1715 3880 1784 3932 τὰ
1830 3883 1886 3932 ἐν
1928 3881 2135 3952 ἑκάστη

555 3967 718 4036 ἐορτῇ
757 3967 1015 4034 γεγονότα
1053 3969 1117 4037 τῇ
1153 3968 1288 4037 αὐτῇ
1319 3968 1480 4020 πάλιν
1522 3970 1966 4040 ἀναγινώσκομεν
1990 4011 2005 4034 ,
2043 3968 2134 4022 οῦ-

556 4073 667 4119 τως
695 4057 798 4110 ἔδει
827 4059 920 4111 καὶ
952 4057 1020 4110 τά
1043 4057 1292 4127 θαύματα
1323 4059 1393 4110 τὰ
1424 4060 1754 4113 ἀποστολικά
1781 4063 1837 4112 ἐν
1867 4064 1985 4123 ταῖς
2008 4062 2134 4131 ὴμέ-

557 4167 681 4221 ραις
717 4145 825 4201 τῶν
851 4150 1224 4203 άποστολικῶν
1253 4150 1494 4220 σημείων
1523 4151 2009 4218 ἀναγινώσκεσθαι.

632 4247 706 4304 ς’.
733 4241 889 4302 Τίνος
917 4236 1010 4293 οὖν
1037 4242 1220 4294 ἕνεκεν
1247 4241 1306 4292 ού
1343 4242 1459 4293 τότε
1494 4241 1634 4293 αύτά
1672 4242 2134 4313 ἀναγινώσκομεν,

559 4330 676 4382 ἀλλ’
705 4330 906 4392 εὐθέως
946 4330 1081 4399 μετὰ
1130 4331 1220 4382 τὸν
1272 4332 1499 4401 σταυρὸν
1542 4333 1635 4384 καὶ
1676 4332 1774 4401 τὴν
1819 4333 2134 4397 ἀνάστασιν,

560 4419 830 4472 ἀκούσατε
881 4418 1018 4488 μετά
1050 4419 1334 4490 ἀκριϐείας
1382 4420 1477 4489 τὴν
1510 4421 1684 4474 αἰτίαν
1712 4422 1948 4477 ἃπασαν.
1985 4424 2139 4476 Μετά

559 4509 653 4560 τὸν
684 4511 914 4580 σταυρὸν
953 4510 1155 4572 εὐθέως
1206 4511 1502 4564 ἀνάστασιν
1549 4514 1990 4584 καταγγέλλομεν
2042 4515 2135 4568 τοῦ

561 4599 799 4669 Χριστοῦ
820 4639 835 4663 ,
869 4599 968 4670 τῆς
999 4600 1055 4652 δὲ
1109 4601 1454 4664 ἀναστάσεως
1480 4601 1752 4665 ἀπόδειξίς
1781 4604 1893 4654 ἐστι
1940 4602 2009 4655 τὰ
2043 4621 2139 4675 ση-

565 4695 692 4761 μεῖα
718 4691 786 4744 τά
815 4691 1173 4752 ἀποστολικά.
1221 4692 1330 4745 τῶν
1377 4693 1433 4746 δὲ
1477 4694 1719 4762 σημείων
1770 4694 2138 4748 ἀποστολικῶν

559 4780 929 4834 διδαααλεῖόν
963 4783 1073 4833 ἐστι
1127 4781 1285 4834 τοῦτο
1329 4782 1388 4834 τὸ
1447 4782 1664 4853 βιϐλίον.
1703 4785 1768 4835 Ὃ
1808 4783 1987 4836 τοίνυν
2037 4785 2138 4853 μάο

563 4870 722 4925 λιστα
749 4871 1028 4926 πιστοῦται
1056 4873 1152 4942 τὴν
1181 4873 1470 4926 ἀνάστασιν
1488 4874 1585 4944 τὴν
1605 4877 1960 4949 Δεσποτικήν.
1984 4876 2139 4930 τοῦτο

569 4964 710 5034 μετά
726 4965 816 5016 τὸν
839 4965 1068 5034 σταυρὸν
1095 4965 1186 5017 καὶ
1205 4966 1303 5036 τὴν
1323 4964 1602 5036 ζωηφόρον
1624 4969 1915 5021 ἀνάστασιν
1938 4968 2138 5031 εὐθέως

565 5057 617 5108 οι
648 5056 887 5124 Πατέρες
927 5056 1324 5127 ἐνομοθέτησαν
1369 5057 1854 5124 ἀναγινώσκεσθαι.
1895 5061 1992 5112 Διά
2024 5058 2138 5130 [90]

566 5145 723 5198 τοῦτο
748 5147 928 5197 τοίνυν
949 5186 964 5208 ,
1003 5148 1294 5218 ἀγαπητοὶ,
1334 5151 1471 5218 μετά
1507 5150 1600 5203 τὸν
1635 5153 1865 5221 σταυρὸν
1918 5153 2012 5206 καὶ
2042 5151 2140 5222 τὴν

565 5236 858 5288 ἀνάστασιν
879 5235 1078 5299 εὐθέως
1099 5238 1540 5309 ἀναγινώσκομεν
1563 5241 1630 5295 τά
1657 5247 1854 5312 σημεῖα
1878 5244 1985 5296 τῶν
2012 5246 2143 5297 ἀπο·

569 5326 796 5389 στόλων,
832 5327 919 5381 ῖνα
945 5327 1156 5398 ἔχωμεν
1207 5330 1348 5398 σαφῆ
1387 5332 1479 5383 καὶ
1525 5334 2005 5404 ἀναμφισϐήτητον
2040 5337 2139 5406 τῆς

569 5415 916 5480 ἀναστάσεως
948 5419 1045 5486 τὴν
1095 5419 1384 5482 ἀπόδειξιν.
1435 5423 1548 5474 Οὐκ
1600 5420 1741 5484 εἶδες
1799 5425 1958 5477 αὑτὸν
2008 5427 2138 5478 ἀνα-

569 5505 770 5560 στάντα
798 5510 908 5570 τοῖς
954 5508 1250 5578 ὀφθαλμοῖς
1283 5511 1375 5563 τοῦ
1426 5511 1704 5582 σώματος,
1739 5514 1875 5567 ἀλλά
1923 5515 2138 5584 βλέπεις

625 5699 649 5728 ⁸
676 5697 756 5749 Sic
775 5698 934 5757 Colb.,
960 5700 1134 5752 Morel.
1161 5715 1277 5754 vero
1307 5701 1428 5753 male
1452 5705 1532 5762 τὰς
1556 5707 1670 5756 δέκα
1691 5709 1886 5768 ἡμέρας.

1209 344 1265 397 S.
1304 337 1589 397 JOANNIS
1630 331 2130 393 CIIRYSOSTOMI
2170 329 2495 388 ARCHIEP.
2543 324 3093 387 CONSTANTINOP.

3705 329 3811 382 106

2231 440 2391 493 αὑτὸν
2423 440 2728 495 ἀναστάντα
2763 442 2873 503 τοῖς
2923 438 3222 508 ὀφθαλμοῖς
3265 437 3364 507 τῆς
3415 438 3687 501 πίστεως·
3718 440 3823 493 οὐκ

2230 520 2367 587 εἶδες
2419 525 2580 578 αὑτὸν
2630 524 2717 577 διά
2762 525 2870 576 τῶν
2916 525 3179 592 ὀμμάτων
3234 523 3440 576 τούτων
3483 522 3822 586 ἀναστάντα,

2229 606 2342 659 ἀλλ’
2367 605 2487 675 δψει
2521 607 2684 659 αὐτὸν
2719 607 3024 660 ἀναστάντα
3059 604 3146 658 διὰ
3189 605 3298 658 τῶν
3336 605 3634 674 θαυμάτων
3675 606 3823 657 ἐκεῖ·

2229 707 2355 743 νων.
2401 690 2464 742 Ἦ
2509 689 2619 758 γάρ
2650 689 2759 742 τῶν
2795 689 3037 759 σημείων
3077 687 3336 750 ἐπίδειξις
3369 688 3705 758 χειραγωγεῖ
3761 702 3824 738 σι

2229 773 2368 843 πρὸς
2394 773 2491 843 τὴν
2543 775 2641 842 τῆς
2689 772 2926 834 πίστεως
2959 770 3215 840 θεωρίαν.
3251 770 3415 824 Ὅθεν
3455 769 3547 822 τοῦ
3579 769 3823 838 φανῆναι

2228 857 2388 910 αὐτὸν
2418 855 2726 909 ἀναστάντα
2755 854 2937 924 πολλῷ
2959 853 3159 924 μείζων
3187 848 3256 923 ἦν
3285 853 3560 917 ἀπόδειξις
3584 854 3680 906 καὶ
3721 869 3820 904 σα-

2229 947 2466 1018 φεστέρα
2497 947 2558 999 τὸ
2615 949 2817 1018 σημεῖα
2867 946 3114 1014 γίνεσθαι
3147 948 3204 998 ἐν
3237 944 3316 1013 τῷ
3363 944 3588 1013 ὀνόματι
3623 941 3819 996 αὑτοῦ.

2231 1029 2415 1082 Βούλει
2465 1029 2655 1099 μαθεῖν
2681 1070 2696 1093 ,
2744 1029 2863 1091 πῶς
2917 1029 3076 1081 τοῦτο
3131 1027 3329 1096 μᾶλλον
3381 1025 3669 1078 πιστοῦται
3718 1023 3824 1093 τὴν

2228 1110 2545 1172 ἀνάστασιν,
2580 1112 2613 1182 ἢ
2653 1114 2702 1164 ει
2728 1111 2900 1180 ἐφάνη
2932 1112 3098 1163 πᾶσιν
3131 1107 3440 1178 ἀνθρώποις
3470 1109 3590 1159 κατ’
3623 1105 3826 1174 ὀφθαλ-

2231 1193 2402 1263 μούς;
2456 1193 2754 1272 ’Δκούσατε
2804 1193 3100 1262 νουνεχῶς·
3151 1191 3384 1260 καὶγὰρ
3423 1189 3608 1241 πολλοὶ
3659 1188 3824 1242 τοῦτο

2228 1278 2497 1347 ἐρωτῶσι,
2527 1281 2621 1331 καὶ
2648 1279 2898 1345 λέγουσι·
2923 1276 3077 1339 Τίνος
3111 1275 3298 1327 ἕνεκεν
3329 1273 3572 1336 ἀναστάς
3601 1274 3705 1324 ούκ
3736 1273 3827 1324 εύ-

2229 1361 2366 1424 θέως
2400 1361 2573 1432 ἐφάνη
2603 1365 2712 1423 τοῖς
2754 1360 3067 1422 Ἰουδαίοιςς
3120 1357 3256 1410 ἀλλά
3303 1356 3556 1426 περιττὸς
3591 1357 3618 1407 6
3661 1355 3826 1422 λόγος

2227 1438 2377 1506 οὗτος
2409 1446 2504 1497 καὶ
2552 1446 2796 1513 μάταιος.
2834 1443 3026 1512 Εἰγάρ
3072 1439 3264 1510 ἔμελλε
3315 1439 3451 1509 πρὸς
3489 1439 3588 1508 τὴν
3633 1440 3822 1491 πίστιν

2228 1526 2426 1589 αὐτοὺς
2457 1526 2884 1588 ἐπισπάσασθαι,
2922 1526 3020 1577 οὐκ
3049 1523 3114 1576 ἂν
3145 1523 3503 1595 παρῃτήσατο
3550 1522 3690 1589 μετά
3719 1522 3824 1582 τὴν

2229 1611 2525 1678 ἀνάστασιν
2556 1609 2793 1678 φανῆναι
2833 1610 3035 1663 πᾶσιν·
3068 1609 3150 1660 ὅτι
3197 1607 3255 1659 δὲ
3307 1607 3406 1658 οὐκ
3445 1605 3669 1674 ἔμελλεν
3721 1608 3824 1660 αύ-

2225 1693 2351 1755 τοὺς
2384 1667 2793 1745 ἐπισπάσασθαι
2829 1692 3020 1758 φανεὶς
3048 1691 3230 1752 αὐτοῖς
3283 1688 3421 1758 μετά
3446 1691 3545 1757 τὴν
3583 1688 3827 1742 ἀνάστα·

2230 1793 2333 1839 σιν,
2369 1775 2608 1828 δείκνυσι
2636 1775 2724 1827 διὰ
2764 1773 2858 1826 τοῦ
2887 1773 3162 1844 Λαζάρου.
3194 1772 3396 1824 Τοῦτον
3449 1772 3556 1840 γάρ
3581 1774 3825 1840 τετραήο

2232 1875 2395 1929 μερον
2419 1858 2611 1928 νεκρὸν
2657 1858 2970 1926 ἀναστήσας
2996 1895 3010 1920 ,
3040 1856 3273 1909 ὀδωδότα
3293 1896 3306 1920 ,
3336 1854 3656 1924 διεφθορότα
3679 1893 3693 1915 ,
3727 1856 3828 1908 καὶ

2231 1940 2369 2006 μετὰ
2401 1941 2511 1992 τῶν
2548 1941 2770 2010 κειριῶν
2801 1939 3082 2009 δεδεμένον
3124 1940 3356 2007 ποιήσας
3391 1937 3553 1989 αὑτὸν
3581 1936 3828 2002 ἐξελθεῖν

2229 2023 2334 2074 ὑπὸ
2365 2022 2462 2084 τάς
2506 2023 2762 2075 ἁπάντων
2797 2022 2949 2089 ὄψεις
2973 2062 2988 2084 ,
3021 2021 3081 2072 ού
3121 2021 3283 2089 μόνον
3322 2020 3423 2072 οὐκ
3467 2021 3828 2072 ἐπεσπάσατο

2231 2105 2365 2173 πρὸς
2392 2105 2490 2172 τὴν
2537 2105 2720 2156 πίστιν
2752 2104 2985 2167 αὐτοὺς,
3015 2103 3152 2155 ἀλλά
3199 2103 3294 2155 καὶ
3341 2102 3688 2171 παρώξυνενο
3737 2101 3829 2154 ἐλ-

2231 2187 2410 2248 θόντες
2441 2185 2548 2256 γὰρ
2565 2186 2947 2255 ⁴Ιγϐουλήθησαν
2979 2186 3072 2238 καὶ
3101 2183 3264 2237 αὐτὸν
3287 2183 3496 2235 ἀνελεῖν
3516 2181 3604 2235 διά
3637 2182 3824 2238 τοῦτο.

2229 2269 2290 2320 Εἰ
2319 2265 2410 2321 οῦν
2443 2270 2629 2339 ἕτερον
2674 2269 2936 2339 ἀνέστησε
2971 2268 3064 2320 καὶ
3098 2268 3198 2319 οὐκ
3225 2265 3556 2333 ἐπίστευσαν
3580 2305 3595 2327 ,
3626 2264 3827 2318 ἑαυτὸν

2227 2352 2542 2420 ἀναστήσας
2567 2353 2614 2402 εἰ
2644 2351 2845 2414 ἔδειξεν
2872 2349 3088 2411 ἑαυτὸν,
3116 2349 3218 2401 οὐκ
3243 2347 3308 2400 ἂν
3343 2346 3503 2399 πάλιν
3529 2346 3828 2416 ἐμάνησαν

2229 2437 2348 2487 κατ’
2383 2434 2583 2497 αὐτοῦς
2617 2435 2678 2487 Εἰ
2714 2435 2808 2487 καὶ
2842 2433 3006 2503 μηδὲν
3029 2431 3256 2501 ἔμελλον
3281 2429 3486 2494 ἀνύειν,
3525 2427 3640 2481 ἀλλ’
3670 2430 3828 2498 ὅμως

2227 2516 2314 2569 διὰ
2345 2517 2442 2587 τῆς
2460 2518 2858 2586 ἐπιχειρήσεως
2888 2515 3110 2584 ἔμελλον
3143 2515 3381 2566 ἀσεϐεῖν.

2304 2609 2467 2660 Ὥστε
2500 2605 2820 2676 βουλόμενος
2865 2606 3062 2668 αὐτοὺς
3118 2603 3426 2668 ἀπαλλάξαι
3483 2603 3684 2673 μανίας
3734 2622 3829 2660 πε-

2233 2697 2453 2766 ριττῆς,
2507 2695 2744 2766 ἔκρυψεν
2795 2695 3018 2748 ἑαυτόν·
3071 2693 3273 2764 μᾶλλον
3307 2695 3416 2765 γάρ
3450 2693 3517 2748 ἂν
3563 2695 3828 2765 ἐποίησεν

2228 2785 2561 2847 ὑπευθύνους
2585 2785 2826 2844 κολάσει,
2870 2785 2916 2835 εῖ
2945 2784 3082 2853 μετά
3106 2785 3198 2837 τὸν
3234 2781 3469 2855 σταυρὸν
3499 2785 3696 2854 ἐφάνη.
3724 2784 3829 2839 Διά

2227 2877 2386 2929 τοῦτο
2433 2876 2744 2946 φειδόμενος
2773 2876 2953 2929 αὐτῶν
2985 2876 3188 2947 ἔκρυψε
3245 2877 3344 2946 μὲν
3371 2878 3559 2929 ἑαυτὸν
3612 2878 3676 2929 ἐκ
3721 2876 3826 2948 τῆς

2230 2969 2454 3019 ἐκείνων
2482 2967 2661 3034 ὅψεως
2688 2983 2700 2996 ·
2734 2967 2900 3031 ἔδειξε
2934 2967 2990 3018 δὲ
3020 2966 3108 3018 διὰ
3140 2967 3238 3037 τῆς
3260 2967 3370 3019 τῶν
3401 2966 3641 3036 σημείων
3683 2968 3827 3020 ἀπο-

2231 3057 2466 3124 δείξεως.
2503 3056 2608 3109 Τοῦ
2640 3056 2748 3128 γὰρ
2785 3057 2913 3109 ίδεῖν
2938 3057 3100 3109 αὑτὸν
3122 3059 3435 3110 ἀναστάντα
3474 3059 3574 3110 οὐκ
3602 3058 3828 3110 ἔλαττον

2231 3145 2297 3218 ἦν
2323 3147 2553 3200 ἀκοῦσαι
2576 3147 2780 3216 Πέτρου
2803 3146 3083 3214 λέγοντος’
3126 3148 3228 3200 Ἐν
3256 3145 3336 3212 τῷ
3367 3149 3609 3217 ὀνόματι
3630 3149 3829 3215 Ἰησοῦ

2234 3238 2487 3308 Χριστοῦ
2524 3241 2740 3306 ἐγειριιι
2771 3237 2870 3291 καὶ
2910 3237 3237 3306 περιπάτει.
3273 3240 3383 3292 Καὶ
3411 3241 3490 3293 ὅτι
3515 3240 3675 3294 τοῦτο
3705 3243 3832 3294 ἀνα-θ

2235 3330 2478 3391 στάσεως
2523 3329 2754 3398 μεγίστη
2801 3328 3075 3392 ἀπόδειξις
3099 3368 3114 3394 ,
3146 3328 3239 3382 καὶ
3276 3327 3643 3399 εὐκολώτερον
3689 3330 3830 3401 πρὸς

2235 3424 2417 3476 πίστιν
2450 3422 2482 3490 ἢ
2541 3423 2718 3474 ἐκεῖνο
2750 3420 2810 3473 τὺ
2856 3421 3155 3492 πρότερον,
3221 3421 3316 3472 καὶ⁹
3358 3421 3560 3489 μᾶλλον
3593 3422 3829 3490 ἠδύνατο

2235 3518 2420 3568 πεῖσαι
2456 3514 2554 3574 τάς
2585 3513 2820 3576 διανοίας
2848 3513 2957 3566 τῶν
3008 3513 3314 3584 ἀνθρώπων
3351 3513 3412 3565 τὸ
3442 3518 3646 3583 σημεῖα
3696 3515 3828 3582 φαί-

2235 3605 2421 3658 νεσθαι
2450 3606 2507 3657 ἐν
2533 3603 2610 3674 τῷ
2640 3603 2866 3673 ὀνόματι
2896 3603 3062 3657 αὑτοῦ
3093 3606 3375 3675 γινόμενα.
3411 3605 3444 3675 ἦ
3477 3605 3538 3658 τὸ
3568 3605 3698 3658 ἰδεῖν
3725 3607 3826 3659 αύ-

2234 3696 2323 3748 τδν
2375 3695 2682 3749 ἀναστάντα
2706 3735 2719 3758 ,
2771 3694 2930 3763 δῆλον
2978 3697 3208 3749 ἐκεῖθεν.
3245 3695 3469 3764 ’Δνέστη
3502 3696 3595 3749 καὶ
3623 3696 3831 3761 ἔδειξεν

2235 3789 2424 3842 ἐαυτὸν
2457 3791 2568 3850 τοῖς
2602 3787 2871 3858 μαθηταῖς
2909 3788 2936 3837 6
2973 3787 3206 3858 Χριστός
3228 3803 3241 3818 ο
3277 3786 3392 3838 ἀλλ’
3424 3787 3574 3856 ὅμως
3625 3786 3827 3857 εὑρέθη

2235 3898 2318 3942 τις
2353 3878 2596 3932 ἀπιστῶν
2633 3879 2725 3930 καὶ
2779 3881 2835 3930 ἐν
2861 3879 3090 3942 ἐκείνοις
3113 3877 3316 3945 Θωμᾶς
3347 3880 3375 3930 6
3407 3878 3702 3946 λεγόμενος
3733 3879 3828 3930 Δί-

2236 3967 2428 4037 δυμος,
2455 3969 2549 4020 καὶ
2573 3967 2766 4038 ἐδεήθη
2792 3967 2884 4020 τοῦ
2904 3968 3000 4030 τὰς
3025 3971 3213 4038 χεῖρας
3238 3968 3568 4033 εἰσενεγκεῖν
3591 3968 3674 4028 τίς
3696 3968 3829 4031 τοὺς

2237 4059 2440 4121 τύπους
2471 4058 2580 4111 τῶν
2608 4058 2754 4128 ἥλων
2775 4075 2787 4088 ·
2823 4058 3015 4129 ἐδεήθη
3043 4059 3099 4110 δὲ
3134 4059 3226 4111 καὶ
3255 4058 3354 4127 τὴν
3385 4057 3626 4129 πλευράν
3657 4059 3825 4111 αὑτοῦ

2239 4150 2596 4221 καταμαθεῖν.
2631 4151 2692 4202 Εἰ
2742 4150 2798 4202 δὲ
2837 4151 2865 4202 6
2919 4149 3164 4220 μαθητὴς
3201 4151 3405 4203 ἐκεῖνος
3450 4152 3480 4202 6
3515 4151 3665 4220 τρεῖς
3700 4151 3830 4219 χρό-

2238 4260 2360 4305 νους
2392 4241 2678 4312 διατρίψας
2727 4241 2846 4310 μετ’
2884 4241 3048 4293 αὐτοῦ
3069 4280 3084 4305 ,
3111 4243 3139 4292 6
3171 4240 3449 4311 τραπέζης
3485 4243 3826 4307 Δεσποτικῆς

2240 4332 2605 4400 κοινωνήσας,
2662 4331 2689 4381 6
2732 4331 2932 4399 σημεῖα
2963 4329 3055 4380 καὶ
3093 4331 3298 4398 τέρατα
3348 4328 3684 4397 θεασάμενος
3731 4329 3827 4397 μέ·

2240 4437 2401 4488 γιστα
2427 4458 2440 4479 ,
2473 4422 2500 4471 ὁ
2536 4419 2797 4488 ῥημάτων
2829 4419 3174 4471 Δεσποτικῶν
3225 4416 3508 4488 μετασχὼν
3532 4457 3547 4482 ,
3579 4419 3677 4471 καὶ
3704 4418 3827 4472 ἰδὼν

2239 4512 2401 4566 αὑτὸν
2435 4509 2743 4564 ἀναστάντα
2767 4547 2782 4570 ,
2810 4511 2871 4561 οὐ
2901 4510 3163 4581 πρότερον
3195 4510 3548 4574 ἐπίστευσεν,
3596 4509 3705 4573 ἕως
3738 4512 3826 4563 ὅτε

2239 4604 2365 4665 τοὺς
2393 4601 2726 4663 τύπουςτῶν
2752 4600 2895 4671 ’ήλων
2925 4603 3018 4653 καὶ
3045 4603 3142 4670 τῆς
3178 4602 3376 4672 λόγχης
3427 4601 3496 4654 τά
3533 4603 3828 4672 τραύματα

2243 4689 2350 4746 εἶδε
2374 4707 2388 4721 ⁶
2420 4693 2538 4754 πῶς
2571 4694 2604 4762 ή
2626 4691 2920 4761 οἰκουμένη
2954 4693 3233 4744 πιστεύειν
3257 4693 3483 4761 ἔμελλεν
3503 4734 3516 4758 ,
3556 4693 3680 4745 εἰπέ
3716 4711 3826 4764 μοι,

2243 4786 2293 4836 εἰ
2319 4777 2458 4836 εἶδεν
2487 4783 2648 4836 αὐτὸν
2686 4781 2800 4853 [9!]
2828 4783 3137 4836 ἀναστάντα
3161 4800 3174 4846 ;
3205 4783 3315 4836 Καὶ
3334 4784 3418 4845 τίς
3454 4783 3520 4836 ἂν
3545 4783 3722 4836 ταῦτα
3750 4784 3829 4835 εῖ-

2243 4891 2369 4942 ποι;
2398 4875 2511 4927 Ούκ
2557 4873 2808 4927 ἐντεῦθεν
2838 4873 2895 4925 δὲ
2929 4873 3107 4942 μόνον,
3146 4873 3282 4927 ἀλλά
3311 4874 3405 4927 καὶ
3427 4873 3696 4944 ἑτέρωθεν
3722 4875 3829 4926 δεί-

2244 4961 2404 5032 ξομεν
2425 5001 2440 5026 ,
2484 4962 2565 5013 ὅτι
2607 4961 2807 5030 μᾶλλον
2845 4961 3028 5013 ἔπειθε
3057 4961 3126 5013 τά
3169 4964 3370 5031 σημεῖα
3400 4961 3492 5013 τοῦ
3526 4963 3832 5017 θεάσασθαι

2241 5055 2359 5107 κατ’
2385 5053 2506 5123 δψιν
2553 5053 2881 5106 ἀναστάντα.
2930 5051 3284 5115 Ἀκούσαντες
3327 5053 3433 5123 γὰρ
3461 5053 3509 5104 οί
3555 5053 3704 5122 δχλοι
3732 5055 3831 5107 τοῦ

2242 5145 2448 5216 Πέτρου
2499 5145 2580 5216 τῷ
2631 5145 2790 5216 χωλῷ
2843 5147 3115 5215 λέγοντος,
3192 5147 3288 5198 Ἐν
3343 5147 3588 5213 ὀνόματι
3629 5146 3831 5214 Ἰησοῦ

2240 5238 2497 5305 Χριστοῦ
2528 5240 2745 5307 Ere/pa:
2773 5239 2868 5291 καὶ
2901 5239 3224 5307 περιπάτει,
3255 5238 3544 5310 τρισχίλιοι
3576 5238 3831 5290 ἐπίστευ-

2244 5346 2342 5381 σαν
2377 5331 2470 5382 καὶ
2505 5331 2927 5400 πεντακισχίλιοι
2955 5331 3032 5401 τῷ
3055 5331 3276 5402 Χριστῷ
3303 5332 3497 5401 ἀνδρες
3517 5347 3531 5360 σ
3560 5332 3590 5383 ὀ
3627 5330 3685 5382 δὲ
3720 5348 3821 5400 μα-

2239 5420 2408 5491 θητὴς
2441 5421 2562 5474 ἰδὼν
2590 5423 2898 5476 ἀναστάντα
2935 5425 3259 5492 ἠπίστησεν.
3309 5423 3473 5492 Ὁρᾷς
3506 5422 3624 5488 πῶς
3665 5421 3829 5475 τοῦτο

2239 5509 2603 5582 εὐκολώτερον
2661 5513 2860 5581 μᾶλλον
2894 5515 3026 5584 πρὸς
3057 5515 3156 5585 τὴν
3208 5513 3309 5582 τῆς
3358 5512 3710 5575 ἀναστάσεως
3738 5513 3828 5566 πί·

2240 5619 2390 5666 στινς
2436 5603 2640 5655 Ἐκεῖνο
2674 5605 2772 5672 μὲν
2809 5605 2918 5677 γὰρ
2948 5607 3040 5659 καὶ
3089 5608 3116 5658 6
3172 5609 3369 5669 οἰκεῖος
3420 5604 3670 5676 μαθητὴς
3703 5605 3830 5658 ἰδὼν

2239 5696 2534 5764 ὴπίστησε·
2566 5696 2735 5750 ταῦτα
2784 5698 2838 5752 δέ
2889 5699 2979 5753 καὶ
3030 5699 3078 5751 οἱ
3127 5698 3309 5769 ἐχθροὶ
3349 5697 3675 5766 θεασάμενοι
3705 5695 3826 5750 ἐπί-
