4080 6412
238 400 345 455 105

232 518 324 555 vos
345 506 514 552 autem
544 472 921 566 baptizabimini
946 490 1147 559 Spiritu
1184 494 1358 540 sancto
1384 499 1486 537 non
1512 489 1623 546 post
1655 480 1840 533 multos

233 593 330 646 ltos
357 591 464 644 dies
494 588 631 661 (Act.
655 588 707 641 i.
726 587 779 640 4.
804 584 884 655 5).
913 582 1041 638 Haec
1068 589 1247 633 autem
1283 576 1335 631 in
1356 574 1547 629 diebus
1574 570 1679 627 illis
1704 584 1841 639 qua-

233 682 481 753 draginta
501 694 533 734 a
549 677 829 734 Salvatore
854 680 983 729 sunt
997 672 1159 726 dicta.
1181 666 1204 721 1
1212 670 1347 739 gitur
1360 668 1445 729 qui
1472 668 1807 753 conuenerant
1822 698 1839 727 ,

231 770 618 851 interrogabant
646 784 761 822 eum
789 767 1008 821 dicentes
1040 779 1057 817 :
1084 762 1323 823 Domine,
1352 759 1400 851 si
1416 757 1468 811 in
1496 767 1719 851 tempore
1746 752 1842 805 hoc

231 845 467 917 restitues
491 875 705 930 regnum
734 854 903 911 Israel
931 855 958 908 2
982 852 1129 907 Dixit
1158 860 1326 904 autent
1355 849 1428 902 eis
1448 888 1464 909 ,
1504 845 1623 899 Non
1653 853 1725 898 est
1752 860 1839 897 oe-

230 964 395 1007 strum
418 966 566 1005 nosse
585 960 813 1019 tempora
836 945 913 1000 uel
932 951 1183 998 momenta
1204 981 1221 1004 ,
1262 954 1376 1010 quae
1403 937 1561 991 Pater
1592 935 1760 1005 posuit
1786 933 1840 987 in

228 1058 332 1095 sua
381 1048 669 1111 potestate;
719 1036 807 1090 sed
859 1032 1115 1103 accipietis
1162 1031 1397 1083 virtutem
1443 1024 1841 1095 superrenientis

231 1128 465 1205 Spiritus
486 1129 647 1183 sancti
678 1127 732 1179 in
755 1140 843 1178 eos
862 1164 877 1189 ,
901 1132 949 1176 et
974 1122 1113 1175 eritis
1143 1120 1267 1173 mihi
1289 1126 1435 1170 testes
1458 1117 1510 1169 in
1526 1114 1834 1177 Jerusalem,

230 1204 283 1274 et
326 1221 380 1275 in
420 1219 561 1274 omni
598 1218 787 1271 Judcea
830 1223 877 1267 et
925 1212 1203 1275 Samaria,
1230 1219 1278 1263 et
1311 1222 1467 1275 usque
1508 1206 1575 1258 ad
1606 1204 1840 1257 ultimum

230 1322 403 1366 terra.
438 1309 507 1363 Et
532 1325 648 1363 cum
688 1308 795 1361 haec
823 1305 1069 1365 dixisset,
1115 1298 1398 1354 videntibus
1438 1296 1576 1359 illis,
1620 1294 1841 1348 elevatus

216 1413 342 1469 'est,
370 1412 417 1456 et
443 1401 598 1454 nubes
626 1398 847 1464 suscepit
876 1412 991 1447 eum
1017 1394 1078 1445 ab
1095 1392 1255 1445 oculis
1277 1404 1454 1443 eorum
1486 1386 1592 1455 (lb.
1622 1402 1669 1439 υ.
1689 1384 1837 1454 6-9).

235 1493 438 1556 Vides,
495 1508 603 1561 quo
659 1498 812 1559 pacto
850 1496 1057 1541 etcum
1088 1482 1220 1552 ipsis
1254 1479 1606 1550 quadraginta
1650 1478 1840 1532 diebus

231 1592 485 1638 versatus
529 1580 693 1635 fuerit
734 1577 985 1632 Christus
1020 1575 1087 1627 in
1137 1572 1327 1637 terris,
1378 1579 1432 1624 et
1460 1578 1582 1639 post
1610 1568 1843 1638 quadra-

232 1676 382 1744 ginta
408 1673 625 1727 demum
658 1669 776 1724 dies
802 1674 1116 1735 assumptus
1145 1662 1389 1735 in~ctelos
1418 1660 1612 1725 fuerit;
1641 1659 1737 1715 sed
1760 1660 1841 1713 vi-

231 1765 462 1820 deamus
489 1779 555 1817 an
584 1764 637 1816 in
665 1762 985 1815 Pentecoste
1034 1758 1232 1811 missus
1262 1753 1429 1809 fuerit
1454 1753 1685 1822 Spiritus
1711 1768 1839 1806 san-

232 1867 378 1911 ctus.
424 1855 494 1910 Et
532 1872 649 1909 cum
695 1852 1069 1919 compleretur,
1096 1848 1303 1917 inquit,
1338 1847 1446 1899 dies
1476 1844 1797 1899 Pentecostes
1821 1883 1837 1908 ,

234 1952 407 2020 (actus
434 1957 507 2001 est
544 1956 749 2017 repente
774 1946 838 1997 de
876 1943 1002 1997 ctelo
1028 1957 1183 1995 sonus
1225 1949 1484 2009 tamquam
1526 1938 1841 1997 advenientis

235 2042 446 2111 spiritus
474 2038 776 2093 vehementis
802 2077 816 2101 ,
858 2046 906 2090 et
928 2042 1281 2105 apparuerunt
1301 2032 1406 2085 illis
1431 2032 1711 2101 dispertita:
1741 2030 1842 2083 lin-

232 2148 355 2203 θείω
397 2142 654 2201 tamquam
700 2129 870 2198 ignis,
916 2128 1142 2197 seditque
1188 2140 1346 2194 supra
1391 2124 1622 2194 singulos
1664 2139 1839 2176 eorum

234 2221 345 2295 (Ib.
368 2222 469 2276 2.1
502 2251 529 2263 ε-
553 2222 588 2275 5
686 2218 898 2274 Videtis
918 2227 1158 2272 exactam
1174 2214 1689 2270 demonstrationem
1707 2214 1841 2267 alla-

236 2326 370 2379 tam,
397 2323 451 2368 ut
471 2308 683 2367 constet
708 2310 1058 2381 quadraginta
1083 2307 1273 2362 diebus
1302 2307 1354 2359 in
1387 2304 1544 2359 terris
1569 2305 1840 2359 Christum

231 2418 361 2458 esse
390 2410 693 2463 versatum,
743 2414 844 2453 nec
890 2400 1059 2451 ullum
1102 2396 1170 2451 ab
1212 2396 1471 2466 apostolis
1519 2396 1840 2449 miraculum

231 2492 359 2549 esse
384 2491 689 2563 patratum?
718 2490 1000 2556 Quomodo
1026 2490 1169 2543 enim
1202 2488 1458 2541 miracula
1501 2496 1714 2556 patrare
1740 2502 1841 2557 po-

232 2586 498 2650 tuissent,
540 2598 662 2637 cum
694 2580 925 2637 necdum
950 2580 1123 2635 sancti
1153 2594 1218 2634 ac
1238 2578 1434 2633 viviﬁci
1464 2578 1697 2649 Spiritus
1717 2595 1842 2650 gra-

232 2682 369 2733 tiam
395 2678 737 2746 accepissent
768 2678 791 2729 ἵ

309 2768 481 2823 Lectio
512 2766 794 2837 Scriplttrtz
828 2767 880 2818 in
911 2765 1047 2835 {estis
1069 2764 1355 2818 distributa.
1386 2762 1491 2818 Cur
1514 2774 1625 2835 post
1651 2763 1843 2819 Resur-

228 2860 510 2912 rectionem
540 2856 741 2910 luditis
781 2872 882 2909 non
925 2856 1222 2925 apparuerit
1249 2854 1505 2908 Christus.
1535 2884 1609 2894 —
1637 2854 1844 2923 Videtis

236 2958 365 3019 post
384 2948 738 3018 quadraginta
761 2947 878 3002 dies
891 2945 1076 3002 Iesum
1104 2956 1439 3015 assumptum
1461 2946 1514 2999 in
1535 2946 1697 3000 caelos
1710 2948 1842 3000 fuis-

234 3039 343 3092 se?
369 3036 574 3091 Videtis
604 3052 791 3092 rursus
818 3045 939 3107 post
969 3036 1155 3091 decem
1179 3036 1295 3090 dies
1317 3036 1385 3090 ab
1411 3036 1671 3105 apostolis
1701 3037 1843 3090 edita

231 3143 363 3183 esse
393 3128 648 3181 miracula
676 3128 699 3181 τ
725 3127 859 3181 Cum
889 3128 1032 3182 enim
1060 3127 1427 3195 complcretur
1473 3126 1591 3181 dies
1646 3127 1843 3182 Pente-

233 3228 452 3287 costes,
504 3220 773 3289 demissus
818 3230 905 3275 est
951 3220 1184 3291 Spiritus
1232 3231 1453 3276 sanctus
1498 3222 1651 3276 :hoc
1686 3223 1846 3291 igitur

234 3309 589 3380 quatrendum
621 3320 818 3377 restat,
848 3326 952 3381 qua
993 3311 1062 3365 de
1091 3324 1253 3366 causa
1284 3310 1338 3365 in
1368 3310 1687 3366 Pentecoste
1713 3315 1843 3367 Acta

238 3403 487 3472 legantur
510 3402 912 3471 Apostolorum.
944 3402 999 3455 Si
1031 3403 1173 3457 cnim
1197 3412 1307 3455 tum
1337 3403 1486 3477 signa
1529 3402 1709 3457 facere
1734 3419 1845 3459 cu:-

241 3506 438 3565 perunt
457 3496 685 3563 apostoli
707 3536 723 3561 ,
756 3495 856 3549 hoc
876 3505 961 3549 est
988 3505 1107 3563 post
1129 3495 1340 3549 Domini
1368 3496 1843 3561 resurrectionem,

239 3594 359 3638 tum
389 3584 550 3638 etiam
586 3588 724 3638 hunc
777 3585 878 3653 legi
918 3585 1112 3638 librum
1140 3584 1441 3653 Oportebat.
1495 3584 1628 3638 Nam
1658 3600 1845 3654 quem-

239 3676 535 3732 admodum
556 3692 617 3732 ea
638 3693 758 3747 qua:
806 3678 872 3731 ad
900 3692 1113 3731 crucem
1151 3678 1450 3747 pertinent,
1480 3677 1531 3731 in
1574 3678 1663 3733 die
1712 3678 1846 3747 legi-

242 3784 368 3825 mus
390 3769 586 3834 crucis,
605 3779 659 3824 et
681 3770 733 3823 in
754 3770 1149 3823 resurrectione
1174 3770 1300 3822 item
1319 3810 1334 3834 ,
1367 3777 1422 3823 et
1449 3770 1500 3822 in
1528 3770 1752 3840 singulis
1774 3772 1850 3824 fe-

241 3862 342 3915 stis
362 3900 378 3925 ,
401 3876 521 3931 quat
543 3860 595 3915 in
628 3860 851 3928 singulis
876 3860 1220 3921 acciderunt,
1259 3859 1452 3913 iterum
1478 3860 1705 3929 legimus
1728 3877 1741 3912 :
1770 3861 1849 3915 sic

239 3962 300 4008 et
319 3952 572 4006 miracula
595 3952 831 4021 oportuit
854 3950 1151 4019 apostolica
1174 3950 1225 4003 in
1239 3949 1658 4019 apostolicorum
1683 3950 1848 4005 mira-

241 4044 487 4098 culorum
516 4041 706 4095 diebus
728 4041 851 4111 legi.
1302 4053 1324 4089 .‘

318 4134 373 4188 6.
412 4132 521 4187 Cur
542 4133 701 4203 igitur
724 4148 830 4186 non
854 4131 942 4185 illa
978 4140 1087 4185 tum
1112 4130 1354 4201 legamus
1375 4172 1390 4197 ,
1409 4129 1504 4186 sed
1526 4131 1706 4185 statim
1730 4140 1852 4200 post

245 4211 465 4281 crucem
486 4266 502 4291 ,
532 4235 587 4280 et
608 4224 1059 4279 resurrectionem
1082 4265 1097 4291 ,
1126 4239 1344 4278 causam
1370 4238 1587 4277 omnem
1619 4223 1850 4293 diligen-

247 4326 333 4373 ter
371 4316 652 4373 attendite.
701 4317 897 4372 Statim
948 4326 1067 4386 post
1110 4332 1325 4370 crucem
1349 4357 1363 4381 ,
1394 4317 1849 4371 resurrecdonem

246 4409 448 4464 Christi
470 4410 881 4463 annuntiamus:
908 4424 1069 4478 porro
1088 4409 1478 4463 demonstratio
1501 4411 1855 4464 resurrectio-

248 4501 335 4557 nis
361 4502 616 4556 miracula
638 4510 764 4555 sunt
789 4501 1082 4569 apostolica
1114 4519 1126 4554 :
1171 4500 1318 4570 atqui
1352 4502 1482 4555 nihil
1512 4502 1655 4555 aliud
1686 4511 1770 4555 est
1791 4503 1855 4555 li-

248 4593 347 4648 ber
373 4592 513 4657 iste,
552 4607 709 4661 quam
757 4592 1173 4661 apostolicornm
1223 4592 1405 4647 schola
1448 4594 1851 4647 miraculorum.

246 4684 404 4753 Quod
448 4684 607 4754 igitur
656 4684 942 4740 dominicae
990 4683 1403 4740 resurrectionis
1432 4687 1665 4742 maxime
1691 4686 1852 4741 fidem

249 4777 411 4840 facit,
443 4774 545 4829 hoc
566 4776 747 4831 statim
781 4784 902 4847 post
926 4792 1141 4831 crucem
1170 4785 1225 4831 et
1262 4776 1387 4831 vitte
1414 4778 1737 4847 largitricem
1770 4794 1856 4834 re-

251 4867 646 4921 surrectionem
680 4850 878 4936 p'atres-
903 4866 1008 4936 legi
1034 4876 1358 4924 statuerunt.
1392 4868 1539 4922 Hanc
1581 4866 1741 4937 igitur
1785 4870 1857 4923 ob

248 4973 469 5014 causam
496 4999 511 5022 ,
555 4958 927 5023 dilectissimi,
985 4960 1163 5013 statim
1228 4968 1352 5028 post
1390 4973 1606 5013 erucem
1659 4973 1724 5013 ac
1771 4975 1857 5014 re-

247 5052 642 5107 surrectionem
668 5052 922 5106 miracula
950 5052 1177 5122 legimus
1215 5051 1621 5121 apostolorum,
1653 5061 1709 5105 ut
1737 5066 1855 5105 ma-

251 5144 503 5199 nifestam
534 5153 588 5198 et
641 5136 993 5198 indubitatam
1034 5145 1449 5199 resurrectionis
1479 5144 1855 5213 probationem

252 5234 566 5289 habeamus.
600 5234 903 5288 Excitatum
936 5236 1083 5288 illum
1110 5250 1139 5287 a
1170 5234 1397 5288 mortuis
1426 5234 1704 5305 corporeis
1728 5250 1857 5289 ocu-

253 5325 319 5380 lis
344 5340 451 5378 non
478 5324 695 5389 vidisti,
729 5324 824 5378 sed
844 5325 1013 5379 oculis
1036 5324 1158 5379 ﬁdei
1190 5326 1369 5379 cernis
1391 5326 1538 5379 illum
1571 5341 1599 5378 a
1627 5327 1859 5381 mortuis

250 5418 569 5473 excitatum.
591 5414 709 5471 Non
728 5416 905 5471 vidisti
936 5418 1085 5472 illum
1113 5418 1197 5471 his
1220 5418 1393 5471 oculis
1414 5432 1442 5469 a
1465 5417 1690 5471 mortuis
1718 5423 1859 5471 excl-

251 5520 421 5565 tatum
442 5551 457 5575 ,
485 5518 541 5563 at
568 5524 662 5579 per
692 5510 781 5564 illa
800 5510 1055 5564 miracula
1082 5511 1375 5565 excitatum
1397 5511 1544 5564 illum
1570 5525 1600 5564 a
1628 5510 1857 5566 mortuis

252 5601 553 5657 intuebere.
592 5601 676 5656 Ad
702 5602 848 5656 illum
878 5603 1019 5657 enim
1052 5602 1173 5657 fidei
1203 5611 1549 5672 conspectum
1579 5602 1854 5672 signorum

249 5696 509 5751 exhibitio
538 5704 590 5751 te
610 5696 845 5751 deducit.
879 5696 1064 5767 Itaque
1086 5698 1255 5751 multo
1276 5701 1447 5767 major
1472 5706 1526 5752 et
1554 5696 1855 5751 evidentior

250 5784 340 5842 illa
370 5784 906 5853 fultdemonstratio,
935 5788 1076 5860 quod
1101 5789 1154 5843 in
1186 5788 1304 5859 ejus
1336 5786 1551 5844 nomine
1576 5787 1723 5859 signa
1751 5787 1847 5843 lic-

910 375 1055 432 CUR
1095 373 1162 430 IN
1202 368 1493 429 PENTEC.
1536 363 1743 429 ACTA,
1781 361 1936 418 ETC.
1974 359 2047 417 1N
2083 359 2377 418 PRINCIP.
2420 359 2767 417 Αστυηωι.
2814 360 2903 441 IV.

3449 364 3556 423 ιυο

1947 485 2103 540 rent,
2135 490 2295 546 quam
2323 474 2467 546 quod
2494 475 2758 531 excitatus
2789 470 2879 531 ille
2906 489 2936 529 a
2966 476 3193 531 mortuis
3240 488 3549 547 ag'pareret.

1949 566 2116 623 Visne
2142 567 2442 637 intelligere
2461 608 2475 631 ,
2504 581 2614 638 quo
2644 577 2799 636 pacto
2836 566 3099 636 majorem
3129 568 3550 625 resurrectionis

1949 656 2089 713 istud
2120 658 2280 714 tldem
2322 656 2509 722 faciat,
2540 673 2698 729 quam
2730 657 2777 712 si
2804 658 3044 711 omnium
3076 656 3352 713 hominum
3378 662 3554 717 oculis

1947 763 2069 804 sese
2118 748 2433 805 intuendum
2473 748 2759 803 obtulisset
2784 747 3141 805 iPrudenter
3167 751 3429 807 attendite
3462 767 3475 804 :
3506 752 3552 807 si

1947 839 2171 909 quidem
2202 840 2356 895 multi
2379 839 2939 910 quaerunt,etdieunt
2968 857 2983 893 :
3011 840 3183 909 Quam
3214 842 3285 897 ob
3306 858 3549 910 causam,

1947 945 2070 986 cum
2101 932 2521 996 resurrexisset,
2555 946 2664 985 non
2694 931 2877 986 statim
2916 931 3122 988 ludatis
3145 935 3436 1005 apparuit?
3456 951 3549 989 ve-

1947 1039 2069 1078 rum
2100 1038 2535 1094 supervacaneus
2562 1032 2617 1079 et
2656 1038 2828 1079 vanus
2852 1034 2937 1079 est
2962 1024 3064 1079 iste
3089 1040 3293 1082 sermo.
3322 1025 3380 1083 Si
3407 1030 3549 1087 enim

1946 1113 2013 1168 ad
2046 1114 2205 1169 ﬁdem
2232 1115 2352 1169 illos
2369 1114 2699 1185 pellecturus
2726 1114 2931 1182 fuisset,
2958 1125 3081 1186 post
3096 1118 3546 1177 resurrectionem

1946 1207 2200 1261 omnibus
2231 1222 2492 1277 apparere
2522 1224 2629 1261 non
2671 1219 2978 1264 recusasset
3009 1226 3025 1263 :
3064 1218 3321 1265 caeterum
3354 1225 3555 1283 nequa-

1946 1313 2105 1369 quam
2137 1312 2233 1353 eos
2273 1314 2332 1353 se
2359 1299 2709 1368 pellecturum
2741 1300 2938 1365 fuisse,
2967 1301 3013 1355 si
3058 1310 3179 1370 post
3209 1303 3556 1360 resurrectio-

1948 1407 2071 1446 nem
2102 1392 2207 1447 illis
2234 1394 2606 1462 apparuisset,
2640 1408 2741 1463 per.
2779 1392 3041 1448 Lazarum
3088 1393 3364 1449 indicavit.
3414 1388 3552 1450 Cum

1945 1483 2089 1538 enim
2145 1482 2289 1537 hunc
2331 1483 2745 1552 quatriduanum
2793 1496 3097 1551 mortuum,
3145 1486 3462 1552 fatentem,
3500 1496 3555 1540 et

1946 1583 2258 1644 corruptum
2290 1576 2637 1641 suscitasset,
2679 1584 2733 1629 et
2762 1573 3033 1630 etlecisset
3052 1585 3111 1629 ut
3134 1576 3329 1645 ligatus
3357 1576 3554 1630 institis

1947 1664 2001 1719 in
2024 1675 2371 1735 conspectum
2409 1667 2649 1719 omnium
2683 1666 2963 1745 prodiret,
2995 1682 3103 1720 non
3132 1666 3309 1722 solum
3340 1668 3457 1721 illos
3487 1667 3553 1721 ad

1948 1754 2109 1809 (idem
2136 1771 2240 1809 non
2269 1756 2507 1822 attraxit,
2528 1757 2623 1811 sed
2641 1759 2801 1811 etiam
2831 1758 3091 1811 irritavit:
3112 1760 3389 1813 venientes
3409 1760 3550 1814 enim

1948 1846 2122 1914 ipsum
2149 1847 2313 1900 etiam
2339 1847 2646 1902 interﬁcere
2664 1847 2766 1903 hac
2791 1848 2859 1903 de
2880 1864 3041 1902 causa
3062 1848 3349 1905 voluerunt
3370 1849 3551 1923 (Joan.

1948 1936 2038 1991 12.
2071 1935 2184 2007 10).
2234 1936 2291 1991 Si
2320 1953 2449 2007 ergo
2493 1953 2615 1992 cum
2644 1939 2874 1992 alterum
2902 1954 2930 1991 a
2961 1940 3189 1994 mortuis
3216 1943 3549 2011 excitasset,

1946 2040 2053 2081 non
2082 2036 2258 2082 tamen
2284 2028 2630 2084 crediderunt
2658 2046 2670 2082 :
2700 2032 2745 2083 si
2772 2031 3010 2100 seipsium
3039 2032 3369 2089 ostendisset
3403 2049 3433 2089 a
3461 2050 3554 2089 se-

1946 2120 2176 2190 metipso
2196 2122 2533 2187 suseitatum,
2563 2137 2740 2176 nonne
2784 2123 2837 2177 in
2879 2123 3051 2192 ipsum
3102 2122 3286 2181 furore
3324 2128 3557 2183 exarsis-

1947 2212 2105 2266 sent?
2149 2211 2384 2269 Tametsi
2415 2214 2548 2267 nihil
2578 2214 2644 2268 ad
2672 2213 2921 2269 effectum
2955 2218 3260 2286 perducturi
3290 2217 3551 2275 fuissent:

1949 2310 2129 2357 tamen
2157 2303 2309 2359 irrito
2338 2314 2532 2359 conatu
2558 2320 2708 2359 suam
2738 2306 3068 2375 impietatem
3096 2311 3487 2366 exercuissent.

2020 2393 2391 2449 Miraculorum
2435 2396 2508 2449 vis
2561 2398 2629 2449 ad
2657 2399 2971 2467 probandam
2999 2398 3453 2455 Resurrectionem.
3484 2431 3557 2443 —

1948 2486 2019 2542 Ut
2048 2488 2206 2558 igitur
2233 2504 2329 2544 eos
2356 2488 2628 2558 superﬂuo
2663 2488 2846 2546 furore
2872 2491 3144 2557 liberaret,
3196 2494 3430 2563 seipsum
3459 2510 3555 2547 oc-

1948 2581 2167 2635 cultavit
2195 2600 2210 2637 :
2242 2583 2430 2651 majori
2458 2583 2600 2637 enim
2632 2584 2753 2637 illos
2780 2584 3043 2654 supplicio
3087 2584 3351 2639 obnoxios
3379 2586 3559 2641 reddi-

1867 2736 1885 2761 .
1948 2673 2137 2737 disset,
2165 2676 2209 2727 si
2260 2684 2380 2744 post
2417 2690 2634 2729 crucem
2688 2676 3047 2745 apparuisset.
3077 2676 3335 2742 Quocirca
3366 2687 3420 2730 ut
3452 2678 3558 2732 illis

1956 2774 2221 2833 parceret,
2250 2766 2486 2835 seipsum
2515 2766 2730 2835 quidem
2756 2768 2824 2821 ab
2857 2768 3029 2823 oculis
3052 2783 3239 2823 eorum
3262 2768 3554 2834 subtraxit,

1949 2859 2045 2913 sed
2098 2859 2257 2914 editis
2288 2869 2467 2914 tamen
2519 2859 2795 2913 miraculis
2849 2861 3085 2929 seipsum
3138 2862 3391 2915 ostendit.
3440 2862 3557 2915 Non

1950 2949 2093 3002 enim
2140 2950 2315 3001 minus
2342 2958 2497 3014 erat,
2529 2965 2690 3019 quam
2720 2952 2764 3003 si
2787 2951 3080 3005 excitatum
3110 2967 3141 3005 a
3186 2953 3413 3006 mortuis
3436 2969 3559 3007 eum

1949 3050 2254 3107 cernerent,
2282 3042 2423 3110 quod
2456 3042 2676 3096 Petrum
2718 3042 2983 3097 dicentem
3026 3044 3277 3099 audirent
3308 3062 3321 3097 :
3351 3044 3419 3099 ln
3467 3062 3559 3099 no-

1952 3132 2088 3183 mine
2114 3129 2241 3184 Jesu
2291 3130 2478 3185 Christi
2517 3149 2667 3201 surge
2691 3142 2735 3185 et
2762 3132 2968 3186 ambula
2998 3134 3133 3203 (Act.
3163 3137 3218 3191 5.
3252 3136 3330 3206 6).
3378 3137 3559 3206 Atque

1953 3220 2055 3273 hoc
2080 3219 2297 3288 quidem
2346 3221 2636 3290 plurimum
2697 3222 2932 3279 valuisse
2987 3224 3052 3276 ad
3102 3227 3559 3282 resurrectionem

1950 3311 2335 3366 adstruendam
2359 3353 2374 3376 ,
2408 3322 2570 3381 atque
2618 3312 2686 3365 ad
2738 3312 2897 3367 ﬁdem
2926 3314 3225 3370 faciendam
3259 3318 3552 3385 proclivius

1950 3419 2114 3472 quam
2164 3402 2294 3457 illud
2346 3404 2533 3472 prius,
2589 3405 2903 3475 faciliusque
2969 3406 3238 3461 mentibus
3284 3408 3561 3464 hominum

1954 3495 2280 3562 persuadere
2308 3495 2553 3565 potuisse
2590 3496 2844 3551 miracula
2868 3538 2883 3562 ,
2929 3514 3048 3567 quae
3101 3498 3155 3552 in
3186 3500 3301 3569 ejus
3346 3494 3566 3556 nomine

1954 3584 2094 3638 facta
2120 3585 2497 3650 cernebantur,
2529 3601 2686 3655 quam
2720 3586 2763 3639 si
2791 3602 2820 3639 a
2848 3587 3075 3642 mortuis
3101 3590 3390 3644 excitatum
3415 3592 3563 3647 illutn

1952 3679 2233 3745 vidissent,
2260 3680 2385 3735 inde
2403 3681 2689 3735 constabit.
2716 3680 3051 3747 Resurrexit,
3072 3692 3127 3737 et
3142 3684 3379 3752 seipsum
3407 3684 3571 3739 disci-

1955 3770 2095 3836 pulis
2124 3767 2372 3824 Christus
2397 3770 2634 3825 ostendit
2666 3787 2678 3822 :
2711 3770 2807 3825 sed
2855 3773 3109 3827 inventus
3130 3784 3214 3828 est
3256 3785 3432 3828 tamen
3462 3776 3564 3828 ali-

1953 3864 2076 3931 quis
2102 3871 2157 3916 et
2186 3863 2325 3916 inter
2346 3862 2463 3917 illos
2493 3861 2799 3917 incredulus
2842 3863 3101 3929 Thomas,
3136 3864 3227 3933 qui
3252 3864 3449 3919 dicitur
3472 3867 3564 3920 Di-

1955 3954 2167 4026 dymus,
2200 3964 2405 4024 etopus
2427 3954 2501 4007 illi
2528 3953 2646 4017 fuit,
2678 3964 2737 4008 ut
2763 3955 2815 4009 in
2863 3954 3085 4025 figuram
3119 3956 3394 4011 clavorum
3447 3973 3564 4010 ma-

1958 4048 2358 4102 nnsinferret:
2400 4062 2536 4117 opus
2593 4046 2712 4113 fuit,
2756 4058 2813 4100 nt
2862 4058 2917 4101 et
2969 4048 3107 4100 latus
3155 4048 3269 4117 ejus
3327 4050 3565 4118 palparet

1958 4139 2137 4211 (1mm.
2160 4140 2251 4194 ΞΟ.
2274 4139 2365 4193 24.
2396 4139 2554 4210 sqq.).
2587 4138 2741 4205 Quod
2766 4137 3134 4208 sirdiscipulus
3185 4140 3298 4204 ille,
3329 4143 3417 4208 qui
3452 4150 3563 4195 tres

1957 4246 2079 4286 cum
2139 4232 2233 4285 illo
2290 4246 2462 4285 annos
2506 4240 2784 4300 exegerat,
2814 4232 2901 4298 qui
2962 4230 3246 4285 dominicae
3288 4234 3556 4302 particeps

1958 4338 2162 4378 mensae
2210 4321 2416 4388 fuerat,
2469 4322 2558 4391 qui
2603 4322 2754 4391 signa
2812 4330 3170 4390 conspexerat
3220 4330 3275 4375 et
3324 4322 3566 4392 prodigia

1960 4415 2214 4481 maxima,
2241 4414 2329 4483 qui
2354 4415 2661 4482 loquentem
2708 4412 2856 4466 illmn
2905 4412 3204 4477 audiverat,
3254 4415 3415 4467 etiam
3442 4430 3565 4467 cum

1962 4506 2107 4560 illum
2132 4522 2159 4559 a
2194 4505 2421 4559 mortuis
2440 4506 2725 4559 excitatum
2756 4504 2978 4569 videret,
3011 4521 3116 4558 non
3139 4507 3287 4574 prius
3312 4507 3563 4572 credidit,

1960 4614 2121 4669 quam
2155 4597 2374 4665 liguram
2402 4596 2675 4650 clavorum
2696 4605 2749 4649 et
2777 4595 2976 4649 lancem.
3006 4596 3226 4649 vulnera
3248 4598 3567 4666 conspexit:

1960 4686 2255 4758 quomodo,
2312 4700 2517 4755 quuzso,
2562 4694 2705 4739 totus
2756 4685 2904 4738 orbis
2954 4694 3218 4739 terrarum
3263 4686 3569 4742 crediturus

1961 4788 2100 4840 erat,
2158 4776 2206 4831 si
2260 4777 2549 4831 excitatum
2595 4776 2744 4829 illum
2788 4789 2819 4828 a
2872 4776 3098 4829 mortuis
3154 4778 3570 4850 conspexisset?

1963 4869 2094 4935 Quis
2125 4866 2227 4922 hoc
2271 4882 2524 4936 umquam
2564 4866 2745 4921 dicere
2774 4865 3010 4920 audeat?
3058 4866 3241 4937 Neque
3268 4884 3399 4923 vero
3443 4869 3566 4927 inde

1963 4967 2195 5023 tantum,
2224 4956 2319 5011 sed
2347 4956 2507 5012 etiam
2551 4956 2767 5011 aliunde
2800 4956 3070 5011 constabit
3098 4957 3213 5026 plus
3244 4958 3312 5012 ad
3340 4974 3566 5029 persua-

1961 5049 2199 5105 dendum
2252 5051 2402 5119 signa
2428 5049 2683 5112 valuisse,
2716 5062 2877 5117 quam
2909 5048 2953 5101 si
2981 5059 3351 5118 resurgentem
3395 5052 3569 5107 oculis

1963 5159 2022 5199 se
2049 5145 2396 5212 Spectandum
2425 5141 2759 5211 praebuisset.
2792 5139 2926 5194 Cum
2953 5141 3095 5195 enim
3122 5140 3341 5196 Petrum
3368 5144 3570 5198 audiis-

1964 5242 2085 5290 sent
2108 5234 2274 5287 turbae
2298 5231 2493 5287 claudo
2514 5230 2714 5295 dicere,
2749 5228 2817 5283 In
2838 5233 3039 5284 nomine
3054 5229 3086 5284 J
3094 5246 3181 5285 esu
3205 5226 3395 5287 Christi
3417 5250 3566 5305 surge

1965 5336 2010 5381 et
2052 5325 2258 5379 ambula
2288 5323 2425 5395 (Art.
2476 5324 2533 5377 5.
2582 5321 2674 5393 6),
2704 5323 2803 5375 tria
2830 5322 2996 5376 millia
3026 5329 3083 5377 et
3108 5322 3347 5392 quinque
3396 5324 3565 5380 millia

1966 5417 2200 5472 virorum
2229 5414 2442 5471 Christo
2468 5412 2814 5467 crediderunt
2846 5430 2859 5465 :
2887 5420 2942 5466 at
2968 5412 3265 5481 discipulus
3286 5430 3408 5468 cum
3447 5430 3565 5469 sus-

1964 5512 2185 5567 citatum
2213 5508 2459 5573 vidisset,
2499 5504 2809 5561 incredulus
2857 5503 2973 5559 fuit.
3018 5504 3182 5559 Vides
3205 5508 3380 5574 aptius
3401 5505 3466 5559 ad
3507 5506 3570 5559 tl-

1964 5602 2086 5656 dcm
2127 5598 2431 5655 faciendam
2460 5597 2868 5654 resurrectionis
2900 5597 3001 5652 hoc
3036 5597 3246 5653 fuisse?
3273 5596 3405 5653 Nam
3436 5597 3567 5652 illud

1965 5691 2181 5761 quidem
2206 5705 2330 5745 cum
2366 5690 2614 5760 proprius
2642 5687 2939 5757 discipulus
2965 5687 3083 5756 ejus
3111 5688 3354 5753 vidisset,
3387 5688 3565 5741 incre-

1966 5784 2127 5840 dulus
2154 5782 2289 5840 fuit:
2325 5793 2381 5838 at
2421 5782 2537 5840 hinc
2587 5796 2709 5839 cum
2754 5782 2917 5838 etiam
2964 5780 3164 5837 ininiici
3208 5788 3567 5851 spectassem,
