4080 6400
536 370 637 425 10⁸1

533 476 894 533 crediderunt.
910 474 984 529 ita
998 473 1167 543 majus
1182 471 1283 526 hoc
1301 469 1389 525 illo
1405 468 1501 524 fuit
1512 468 1892 533 etevidentius,
1908 467 2127 535 plusque

533 569 736 625 adillos
764 562 1099 633 alliciendos;
1113 564 1279 621 valuit
1293 571 1455 633 atque
1480 561 1788 623 ﬂectendos,
1807 568 1864 613 ut
1893 571 2133 612 recurre-

534 664 698 717 ctioni
727 660 884 716 ﬁdem
911 659 1184 713 haberent.
1217 655 1356 723 Quid
1385 655 1504 709 dico
1528 650 1831 708 Thomam?
1857 648 2131 719 Siquidem

538 763 599 809 ut
624 754 763 808 scias
791 766 857 806 ne
884 759 1112 805 ceteros
1150 747 1367 819 quidem
1404 744 1693 815 discipulos
1738 742 1910 812 primo
1940 740 2133 795 intuitu

538 842 854 906 credidisse,
872 839 1165 911 prudenter
1191 837 1424 892 attende.
1441 836 1555 890 Noli
1586 843 1764 889 tamen
1791 832 1912 887 illos
1937 830 2135 886 conde-

540 948 749 998 mnare,
771 932 1121 989 dilectissime
1144 931 1216 996 ;si
1230 929 1370 984 enim
1391 927 1509 981 illos
1528 926 1775 980 Christus
1791 937 1896 978 non
1913 921 2137 977 damna-

544 1040 638 1091 vu,
663 1040 840 1096 neque
865 1034 919 1079 tu
946 1020 1300 1079 illosdanmes
1329 1035 1342 1071 :
1364 1016 1613 1073 videbant
1640 1014 1781 1070 enim
1812 1029 1924 1068 rem
1944 1012 2134 1066 miram

536 1126 596 1171 et
623 1110 1639 1183 lnusttatamdiscipuli,primogenitum
1665 1108 1837 1178 ipsum
1858 1120 1887 1159 a
1912 1104 2137 1160 mortuis

542 1210 832 1265 excitatum
883 1226 898 1263 :
954 1216 1207 1261 c'ctentm
1263 1204 1493 1258 maxima
1547 1198 1810 1269 ejusmodi
1881 1195 2136 1251 miracula

550 1304 725 1357 nrimo
771 1309 1062 1370 conspectu
1104 1307 1309 1351 terrere
1337 1301 1733 1349 consueverunt
1784 1303 2057 1359 quousque
2084 1287 2137 1340 in

550 1394 785 1450 ﬁdelium
834 1392 1099 1447 mentibus
1159 1400 1445 1457 progressu
1497 1382 1754 1452 temporis
1800 1379 2136 1434 stabilitatem

541 1486 775 1555 aliquam
820 1479 1248 1551 acquisiverintz
1281 1476 1423 1547 quod
1476 1474 1637 1530 etiam
1686 1482 1811 1527 tunc
1862 1468 2141 1539 discipulis

541 1576 741 1632 evenit.
772 1574 1053 1642 Postquam
1073 1570 1212 1623 enim
1239 1568 1501 1632 Christus,
1533 1565 1622 1635 qui
1653 1562 1926 1639 amortuis
1952 1575 2136 1614 resur-

548 1674 782 1727 rcxerat,
821 1664 954 1719 dixit
982 1661 1103 1727 illis,
1155 1658 1274 1714 Pax
1302 1658 1457 1723 vobis,
1507 1653 1824 1717 Conlurbati,
1871 1652 2060 1721 inquit,
2094 1659 2141 1703 et

546 1756 804 1811 conterriti
828 1752 1181 1809 existimabant
1214 1765 1266 1803 se
1300 1747 1534 1818 spiritum
1571 1745 1756 1807 videre,
1788 1753 1833 1797 et
1870 1742 1997 1796 dixit
2036 1740 2140 1796 illis

546 1849 699 1901 Iesus
720 1862 739 1899 :
758 1844 895 1911 Quid
919 1840 1103 1896 turbati
1129 1840 1245 1894 estis
1291 1836 1441 1909 (Luc.
1473 1836 1563 1891 24.
1605 1835 1778 1890 56-58
1802 1834 1842 1903 ).
1873 1832 2001 1887 Post
2028 1830 2143 1884 haec

547 1954 667 1994 cum
694 1935 1019 1993 ostendisset
1042 1934 1122 1989 eis
1145 1946 1337 1987 manus
1361 1939 1417 1984 et
1439 1925 1623 1999 pedes,
1672 1924 1794 1980 Non
1832 1923 2144 1978 credentibus

547 2032 650 2085 illis
672 2045 777 2099 pra
799 2028 985 2099 gaudio
1002 2035 1051 2081 et
1071 2021 1369 2079 mirantibus
1397 2021 1527 2075 dixit
1550 2036 1568 2075 :
1591 2018 1798 2073 Habetis
1828 2018 1906 2070 llic
1926 2015 2142 2086 aliquid,

554 2122 693 2192 quod
718 2120 1051 2173 manducetur
1066 2115 1227 2187 (Ibid.
1244 2132 1293 2169 tt.
1314 2114 1441 2183 bl)?
1462 2112 1601 2181 quod
1634 2111 1733 2164 hac
1757 2108 1963 2164 ratione
1985 2107 2147 2162 vellet

548 2213 652 2268 illis
668 2211 824 2267 ﬁdem
840 2210 1017 2265 facere
1037 2206 1461 2263 resurrectionis.
1493 2204 1610 2259 Non
1642 2200 1925 2272 persuadet
1948 2200 2040 2254 tibi
2068 2199 2146 2254 la-

554 2316 659 2369 tus,
682 2302 874 2373 inquit,
898 2315 1071 2371 neque
1095 2297 1350 2354 vulnera?
1375 2296 1563 2353 saltem
1596 2308 1777 2349 mensa
1804 2290 2141 2364 persuadeat.

623 2397 676 2449 7.
737 2394 806 2449 Ut
860 2402 1037 2447 autem
1106 2397 1353 2445 accurate
1421 2400 1715 2457 cognoscas
1759 2385 1958 2440 idcirco
1998 2384 2142 2437 illum

492 2502 495 2505 '
549 2487 788 2548 dixisse,
831 2482 1041 2537 Habetis
1087 2481 1168 2534 hic
1208 2480 1432 2550 aliquid,
1485 2479 1622 2549 quod
1664 2476 2036 2531 manducetur?
2079 2489 2146 2530 ne

550 2580 687 2631 forte
713 2575 1053 2631 simulacrum
1082 2586 1204 2627 esse
1248 2571 1332 2624 vel
1379 2570 1649 2639 spiritum,
1690 2578 1781 2621 aut
1830 2567 2144 2636 phantasma

557 2673 825 2736 putarent,
859 2664 953 2718 sed
982 2677 1163 2717 veram
1184 2676 1247 2714 ac
1266 2660 1647 2715 subsimenlem
1670 2658 2141 2721 resurrectionem,

550 2758 673 2813 audi
700 2770 807 2826 quo
835 2764 989 2825 pacto
1015 2752 1203 2808 Petrus
1230 2751 1311 2804 his
1337 2749 1651 2819 comprobet
1672 2748 2140 2803 resurrectionem.

548 2848 682 2904 Cum
703 2846 845 2903 enim
862 2845 1107 2909 dixisset,
1139 2841 1273 2895 Deus
1301 2841 1448 2893 illum
1471 2840 1750 2903 suscitavit,
1780 2854 1841 2890 ac
1869 2839 2005 2892 dedit
2032 2854 2146 2890 nta-

550 2944 787 3013 nifestum
824 2954 938 2991 eum
977 2936 1088 3005 ﬁeri
1136 2933 1278 2987 nobis
1308 2932 1511 2986 testibus
1540 2930 1913 2998 prwordinatis,
1936 2928 2133 2984 deinde

552 3028 956 3088 resurrectionis
981 3023 1495 3081 demonstrationem
1522 3022 1758 3076 all'erens
1784 3021 1977 3091 adjecit
2005 3038 2018 3073 :
2045 3018 2146 3085 Qui

552 3118 965 3175 manducauimus
1009 3124 1056 3170 et
1107 3114 1321 3168 bibimus
1366 3129 1482 3165 cum
1524 3127 1582 3165 eo
1612 3112 1751 3178 (Act.
1784 3111 1871 3166 lO.
1898 3110 1989 3166 40.
2022 3110 2143 3180 bl).

551 3214 839 3281 Propterea
866 3219 1080 3277 quoque
1110 3202 1239 3258 alibi
1271 3200 1516 3256 Christus
1542 3216 1663 3255 cum
1691 3210 1951 3256 mortuam
1971 3201 2143 3255 susci-

550 3308 717 3355 tasset
764 3305 824 3350 ut
852 3294 1010 3349 ﬁdem
1036 3292 1236 3347 faceret
1285 3290 1697 3345 resurrectionis
1732 3290 1849 3343 ait:
1894 3288 2026 3342 Date
2065 3289 2146 3342 illi

546 3390 685 3460 quod
710 3386 975 3441 manducet
1016 3382 1209 3453 (Marc.
1238 3381 1293 3436 5.
1324 3380 1444 3449 45).
1490 3380 1623 3434 Cum
1664 3379 1822 3449 igitur
1841 3378 1993 3433 audis
2019 3394 2141 3433 eum

549 3479 837 3551 praabuisse
878 3476 1114 3545 seipsum
1159 3473 1335 3526 rivum
1365 3486 1462 3541 per
1507 3469 1623 3524 dies
1664 3470 2013 3540 quadraginta
2039 3469 2142 3524 illis

548 3576 916 3641 apparentem,
948 3572 1146 3619 etcum
1175 3562 1281 3615 illis
1312 3568 1638 3624 vescentem,
1667 3574 1884 3613 causam
1912 3559 2140 3613 mandu-

546 3661 772 3717 cationis
799 3670 1083 3727 cognosce,
1110 3664 1220 3706 non
1244 3650 1384 3721 quod
1411 3650 1532 3704 cibo
1561 3649 1815 3704 nimirum
1853 3650 2133 3719 indigeret,

550 3756 699 3809 illum
751 3750 1121 3812 manducasse,
1174 3745 1267 3797 sed
1320 3742 1461 3812 quod
1512 3742 1892 3811 discipulormn
1936 3742 2139 3796 mederi

554 3848 708 3902 vellet
736 3840 1117 3904 imbecillitati,
1151 3836 1292 3891 unde
1322 3835 1559 3905 prodigia
1591 3835 1835 3905 et,sigua
1865 3835 2140 3904 apostolo-

554 3952 668 3993 rum
700 3936 862 4004 liquet
889 3931 1171 3984 maximam
1192 3927 1599 3989 resurrectionis
1623 3924 2137 3979 demonstrationem

551 4029 835 4085 exstitisse.
868 4024 1201 4092 Quapropter
1227 4021 1297 4072 ait
1326 4019 1437 4087 ipse
1476 4032 1708 4087 quoque,
1738 4019 1895 4069 Amen
1920 4056 1934 4081 ,
1968 4032 2135 4081 antea,

548 4123 661 4176 dico
691 4119 826 4172 vobis
856 4158 871 4181 ,
919 4115 1019 4181 Qui
1063 4112 1219 4167 credit
1254 4111 1307 4162 in
1353 4127 1433 4161 me
1452 4151 1467 4174 ,
1500 4126 1682 4179 opera,
1714 4124 1827 4177 qua:
1850 4124 1941 4178 ego
1969 4108 2101 4177 facio
2120 4148 2135 4171 ,

549 4222 597 4267 et
630 4212 739 4279 ipse
764 4208 934 4279 faciet,
979 4214 1026 4258 et
1055 4204 1251 4273 majora
1279 4201 1460 4253 horum
1492 4200 1641 4269 faciet
1680 4197 1856 4271 (Joan.
1897 4198 1983 4252 M.
2023 4196 2134 4270 12).

550 4302 681 4357 Nam
711 4298 957 4368 quoniam
986 4310 1116 4349 crux
1144 4308 1264 4347 cum
1288 4291 1685 4356 intervenisset,
1707 4289 1963 4358 plurimos
1982 4304 2139 4343 scan-

548 4394 887 4452 dalizaverat,
918 4387 1117 4442 idcirco
1145 4385 1383 4455 pluribus
1427 4384 1498 4436 illi
1532 4382 1804 4436 miraculis
1836 4397 1973 4451 opus
2018 4382 2132 4437 fuit.

545 4481 758 4550 Alioqui
790 4478 931 4534 enim
960 4478 1026 4539 si,
1054 4490 1174 4530 cum
1202 4474 1423 4527 obiisset
1442 4472 1704 4539 Christus,
1736 4485 1908 4527 morte
1928 4489 2133 4544 prtepe-

544 4575 689 4627 ditus
714 4570 1019 4634 mansisset,
1050 4576 1103 4621 et
1145 4567 1411 4634 sepultus,
1442 4579 1615 4633 neque
1641 4565 2043 4631 resnrrexisset,
2078 4575 2135 4619 ut

549 4668 699 4722 aiunt
725 4662 917 4729 Iudici,
950 4674 1122 4730 neque
1151 4660 1203 4713 in
1234 4658 1421 4711 uelum
1448 4656 1797 4721 ascendisset,
1828 4672 1933 4711 non
1961 4659 2131 4712 solum

551 4761 752 4831 majora
782 4766 961 4827 postea
1002 4756 1115 4810 ﬁeri
1149 4752 1403 4806 miracula
1450 4762 1569 4820 post
1593 4766 1807 4805 crucem
1836 4767 1940 4805 non
1970 4767 2130 4821 Opor-

548 4854 757 4914 tuissct,
801 4863 980 4902 verum
1021 4847 1181 4899 etiam
1227 4858 1310 4907 ea,
1343 4858 1461 4912 qua:
1514 4843 1664 4911 prius
1712 4842 1849 4897 facta
1899 4842 2130 4910 fuerant,

548 4959 685 5015 opus
713 4942 899 4997 fuisset
925 4938 1211 5008 exstingui.
1244 4937 1338 4990 llic
1368 4935 1495 4989 mihi
1522 4936 1802 5005 diligenter
1827 4938 2085 4992 attendite
2115 4957 2127 4992 :

548 5036 857 5093 indubitatae
911 5032 1103 5102 quippe
1151 5027 1557 5083 resurrectionis
1624 5028 2129 5083 demonstrationem

546 5130 821 5188 continent
850 5127 964 5181 haec
986 5140 1101 5195 qua:
1130 5122 1356 5178 dicimus
1387 5140 1399 5175 :
1428 5120 1777 5191 quamobrem
1806 5124 1990 5177 eadem
2009 5140 2129 5177 rur-

542 5239 635 5280 sus
662 5220 900 5291 eloquar.

618 5312 722 5366 Cur
746 5319 856 5381 post
885 5306 1181 5362 Passionem
1206 5304 1452 5356 miracula
1474 5302 1691 5371 majora.
1717 5332 1788 5341 -—-
1812 5302 1967 5373 Signa
2000 5304 2131 5360 fecit

544 5414 702 5460 antea
723 5400 983 5467 Christus,
1027 5406 1265 5452 mortuos
1291 5394 1586 5459 suscitavit,
1635 5394 1875 5463 leprosos
1901 5397 2127 5451 munda-

544 5498 640 5561 vit,
668 5493 937 5548 dauuones
964 5489 1153 5559 ejecit,
1184 5484 1471 5540 cruciﬁxus
1495 5493 1578 5537 est
1601 5484 1815 5548 deinde,
1866 5496 2043 5555 atque,
2074 5496 2130 5540 ut

546 5589 732 5643 dicunt
756 5580 966 5637 scelesti
988 5579 1176 5643 Judaei,
1201 5592 1305 5631 non
1336 5574 1631 5629 resurrexit
1658 5589 1688 5627 ει
1718 5578 1961 5629 mortuis.
1991 5577 2127 5642 Quid

551 5677 709 5747 igitur
739 5674 841 5727 illis
860 5670 1132 5725 dicemus?
1163 5668 1274 5722 lloc
1300 5665 1571 5731 nimirum,
1597 5664 1652 5719 Si
1681 5680 1785 5717 non
1814 5671 2123 5734 resurrexit,

548 5768 818 5833 quomodo
854 5771 1038 5834 postea
1084 5761 1137 5829 lu
1171 5760 1384 5815 nomine
1410 5758 1573 5828 ipsius
1599 5755 1799 5828 majora
1837 5758 1970 5813 facta
1999 5772 2120 5815 sunt

1243 362 1301 417 S.
1341 358 1620 417 JOANNIS
1656 354 2137 416 CHRYSOSTOMI
2179 352 2496 410 ARCIIIEP.
2539 356 3077 414 CONSTANTINOP.

3731 358 3833 413 108

2243 464 2431 532 signa?
2486 466 2670 522 Nullus
2715 470 2859 523 enim
2905 486 2969 525 ex
3000 469 3135 525 rivis
3183 484 3305 525 cum
3337 470 3580 535 obiisset,
3635 472 3836 537 majora

2239 563 2360 622 post
2388 555 2594 610 obitum
2630 560 2777 628 signa
2815 560 2939 614 fecit
2968 577 2981 612 :
3014 568 3069 612 at
3094 559 3182 615 hic
3220 560 3422 628 majora
3465 568 3523 613 et
3579 557 3745 612 modo
3786 569 3842 611 ct

2238 655 2424 698 natura
2455 646 2669 702 fuerunt
2696 665 2817 720 qua:
2857 661 3183 721 consequuta
3211 661 3337 705 sunt
3356 649 3637 704 miracula.
3665 648 3842 718 Siqui-

2238 733 2360 788 dem
2393 748 2578 791 natura
2612 737 2756 794 luere
2793 740 3017 810 majora,
3059 757 3182 796 cum
3212 741 3409 796 Christi
3448 739 3642 794 umbra
3686 754 3845 793 num-

2239 842 2397 895 quam
2440 839 2683 883 mortuos
2713 832 2981 885 suscitarit
3013 842 3105 887 :at
3129 832 3493 900 apostolorum
3525 831 3718 884 umbra
3758 838 3843 882 ta-

2241 918 2311 973 lia
2341 918 2504 973 multa
2536 920 2780 989 perfecit.
2833 921 2991 975 Modo
3044 938 3172 976 vero
3210 922 3414 991 majora
3465 922 3615 977 fuere
3666 922 3842 992 signa,

2240 1010 2383 1079 quod
2418 1020 2527 1064 tum
2553 1012 2768 1081 quidem
2818 1012 2932 1082 ipse
2978 1013 3246 1082 imperans
3302 1015 3556 1070 miracula
3603 1026 3842 1071 oneret:

2243 1109 2365 1167 post
2407 1102 2711 1170 passionem
2762 1113 2941 1158 autem
2970 1105 3112 1158 servi
3139 1105 3261 1174 ejus
3296 1115 3524 1174 augusto
3562 1115 3620 1158 et
3657 1115 3847 1159 sancto

2242 1190 2359 1259 ejus
2374 1192 2589 1245 nomine
2610 1191 2851 1246 adhibito
2868 1194 3068 1263 majora
3091 1206 3146 1250 et
3170 1196 3477 1250 sublimiora
3500 1211 3842 1264 peragerent.

2243 1290 2303 1355 ut
2328 1281 2555 1349 amplius
2578 1292 2634 1336 et
2656 1283 2941 1351 gloriosius
2969 1285 3139 1340 virtus
3160 1285 3325 1354 ipsius
3350 1286 3651 1355 effulgeret.
3677 1285 3845 1340 Multo

2243 1374 2439 1444 quippe
2465 1372 2637 1441 majus
2669 1372 2767 1427 fuit
2789 1375 3016 1429 alterum
3047 1386 3243 1431 nemen
3287 1376 3459 1445 ipsius
3493 1384 3845 1443 usurpantem

2245 1464 2367 1518 talia
2396 1465 2649 1519 miracula
2679 1474 2911 1531 patrare,
2939 1482 3098 1535 quam
3126 1468 3297 1535 ipsum
3338 1470 3718 1537 imperantem.
3753 1465 3847 1519 Vi-

2243 1555 2341 1609 des
2370 1564 2423 1610 et
2460 1566 2646 1609 natura
2676 1565 2732 1610 et
2760 1556 2921 1611 modo
2949 1558 3151 1626 majora
3178 1557 3343 1611 fuisse
3368 1558 3740 1627 apostolorum
3770 1557 3850 1611 si-

2243 1662 2368 1717 gna,
2388 1647 2754 1715 dilectissime,
2781 1664 2902 1718 qua:
2918 1648 3114 1703 Christi
3134 1652 3589 1706 resurrectionem
3617 1662 3848 1721 sequuta

2246 1741 2412 1795 sunt?
2436 1739 2615 1811 Itaque
2641 1741 3050 1796 resurrectionis
3072 1741 3369 1797 indubitata
3398 1752 3481 1797 est
3508 1743 3853 1799 demonstra-

2247 1832 2342 1885 tio.
2364 1830 2517 1895 Nam,
2545 1840 2600 1885 ut
2638 1840 2762 1886 ante
2793 1831 2938 1897 dixi,
2972 1841 3027 1886 et
3056 1823 3247 1887 iterum
3275 1832 3473 1897 dicam,
3526 1835 3573 1889 si
3619 1845 3851 1889 mortem

2247 1923 2471 1978 obiisset
2504 1922 2771 1990 Christus,
2804 1932 2990 1979 etnon
3031 1925 3444 1991 resurrexisset,
3484 1927 3637 1995 signa
3684 1928 3851 1981 etiam

2250 2014 2471 2069 interire
2496 2016 2821 2082 oportuisset
2840 2029 2903 2068 ac
2921 2014 3086 2069 deleri
3112 2032 3124 2067 :
3136 2016 3244 2082 jam
3264 2031 3392 2070 vero
3412 2032 3517 2071 non
3546 2017 3710 2071 modo
3749 2017 3854 2072 de~

2248 2104 2353 2158 leta
2390 2119 2495 2158 non
2536 2113 2660 2157 sunt
2704 2104 2798 2159 sed
2823 2112 2879 2159 et
2921 2104 3206 2160 illustriora
3250 2106 3446 2162 deinde
3490 2118 3654 2176 atque
3704 2108 3855 2162 cele-

2250 2195 2426 2251 briora
2473 2205 2598 2251 sunt
2646 2198 2802 2253 facta.
2834 2197 2890 2253 Si
2926 2199 3071 2253 enim
3098 2199 3343 2254 Christus
3363 2216 3468 2255 non
3516 2203 3853 2256 resurrexis-

2248 2300 2368 2356 set,
2411 2305 2699 2362 numquam
2745 2291 2834 2345 alii
2878 2291 2994 2359 ejus
3019 2292 3069 2345 in
3098 2292 3315 2347 nomine
3362 2294 3485 2347 talia
3516 2295 3665 2364 signa
3698 2294 3857 2349 fecis-

2248 2390 2386 2436 sent.
2410 2382 2611 2436 Eadem
2643 2384 2840 2453 quippe
2866 2382 3033 2436 virtus
3056 2391 3110 2437 et
3133 2392 3258 2437 ante
3283 2384 3586 2453 passionem
3634 2397 3691 2439 et
3734 2398 3857 2455 post

2250 2473 2553 2541 passionem
2581 2473 2773 2527 edebat
2805 2473 3058 2528 miracula
3094 2491 3107 2526 :
3136 2488 3199 2528 ac
3234 2465 3481 2542 primum
3510 2477 3730 2546 quidem
3757 2492 3858 2547 per

2249 2575 2329 2625 se,
2363 2562 2557 2616 deinde
2587 2579 2715 2615 vero
2756 2578 2853 2631 per
2878 2563 3169 2632 discipulos
3198 2582 3210 2617 :
3246 2575 3301 2617 ut
3328 2575 3504 2619 autem
3550 2568 3858 2623 evidentior

2248 2660 2303 2705 et
2346 2652 2631 2721 gloriosior
2668 2653 2821 2707 fieret
2868 2655 3283 2709 resurrectionis
3328 2657 3595 2726 probatio,
3646 2660 3855 2727 majora

2249 2754 2371 2813 post
2419 2760 2633 2799 crucem
2675 2744 2891 2809 ﬁebant,
2923 2756 2976 2800 et
3025 2748 3337 2801 sublimiora
3389 2748 3653 2818 prodigia.
3699 2750 3856 2806 Unde

2249 2851 2378 2891 vero
2406 2846 2641 2903 constat,
2674 2836 2818 2892 dicet
2845 2836 3097 2904 inﬁdelis,
3137 2839 3277 2892 edita
3307 2848 3417 2892 tum
3463 2840 3629 2895 fuisse
3657 2841 3809 2911 signa
3832 2844 3858 2896 ?

2253 2927 2422 2993 Unde,
2456 2942 2640 2996 quaeso
2671 2970 2685 2992 ,
2731 2928 3047 2983 cruciﬁxum
3097 2929 3367 2983 Christmn
3396 2930 3557 2986 fuisse
3602 2935 3856 2987 «antistat?

2251 3018 2325 3071 Ex
2371 3018 2541 3072 sacris
2591 3018 2829 3084 Litteris,
2861 3019 3099 3087 inquam.
3130 3019 3261 3074 Nam
3292 3029 3346 3073 et
3373 3022 3519 3091 signa
3550 3031 3660 3076 tum
3689 3023 3855 3080 fuisse

2250 3106 2385 3162 facta
2408 3117 2463 3161 et
2488 3108 2801 3163 cruciﬁxum
2834 3108 2995 3163 fuisse
3030 3110 3321 3173 Christum,
3348 3126 3410 3165 ex
3438 3113 3605 3165 sacris
3632 3112 3855 3168 Litteris

2249 3208 2478 3254 constat.
2514 3200 2624 3254 Ill-.c
2652 3202 2794 3256 enim
2824 3208 2879 3255 et
2915 3201 3026 3255 haec
3055 3211 3109 3255 et
3152 3202 3238 3255 illa
3269 3213 3509 3257 narrant.
3533 3204 3687 3272 Quod
3720 3208 3765 3260 si
3796 3216 3852 3259 tu

2250 3299 2434 3344 noster
2458 3290 2799 3346 adversarius
2826 3292 2975 3347 dicas
3014 3294 3288 3361 apostolos
3315 3294 3466 3363 signa
3496 3310 3601 3348 nou
3627 3295 3852 3364 feciSse,

2249 3381 2508 3445 majorem
2540 3381 2776 3449 ipsorum
2808 3382 3049 3436 ostendis
3076 3382 3349 3449 virtutem,
3374 3394 3430 3439 et
3453 3387 3677 3455 gratiam
3707 3388 3851 3442 diri-

2248 3489 2393 3536 nam,
2417 3474 2557 3542 quod
2586 3475 2785 3542 absque
2808 3475 2974 3543 signis
3011 3484 3217 3529 tantum
3240 3477 3424 3530 orbem
3457 3486 3722 3534 terrarum
3750 3495 3851 3549 po-

2250 3565 2448 3618 tuerint
2499 3565 2563 3618 ad
2596 3567 2850 3636 pietatem
2880 3567 3181 3621 traducere.
3229 3567 3340 3622 lloc
3367 3571 3510 3623 enim
3552 3574 3850 3627 maximum

2245 3666 2327 3712 est
2343 3666 2396 3712 et
2414 3657 2719 3711 inusitatum
2744 3658 3081 3721 miraculum,
3100 3675 3221 3713 cum
3238 3676 3496 3729 pauperes
3516 3671 3677 3733 atque
3695 3680 3850 3719 men-

2244 3748 2369 3813 dici,
2412 3749 2626 3816 ahjecti,
2686 3749 2946 3813 illiterati,
3006 3750 3261 3819 imperiti,
3314 3752 3469 3819 viles,
3517 3763 3571 3808 et
3619 3770 3849 3809 numero

2243 3840 2525 3894 duodecim
2553 3851 2628 3893 tot
2650 3839 2831 3903 urbes,
2862 3851 3069 3909 gentes,
3099 3843 3343 3911 populos,
3366 3858 3539 3913 reges,
3564 3854 3843 3915 tyrannos,

2246 3931 2613 4001 philosophos,
2640 3941 2901 3995 oratores,
2928 3942 2982 3987 et
3009 3941 3170 3986 totam
3215 3935 3601 4003 propemodum
3644 3947 3847 3991 terram

2244 4022 2445 4090 absque
2472 4022 2637 4090 signis
2667 4023 2935 4089 potuerint
2962 4022 3026 4076 ad
3054 4039 3113 4077 sc
3131 4024 3467 4092 pertrahere.
3494 4028 3573 4079 An
3602 4043 3732 4081 vero
3748 4043 3849 4082 cu-

2243 4112 2325 4182 pis
2370 4113 2530 4165 etiam
2563 4128 2704 4165 ltllllc
2735 4114 2845 4166 lieri
2878 4113 3027 4182 signa
3072 4116 3334 4169 cernere?
3364 4115 3479 4169 Tibi
3510 4132 3611 4187 ego
3657 4117 3745 4171 illa
3788 4128 3847 4174 et

2242 4203 2446 4272 majora
2473 4203 2739 4273 prioribus
2765 4205 3065 4269 ostendam,
3096 4221 3203 4259 non
3231 4222 3395 4261 unum
3428 4219 3697 4264 mortuum
3721 4226 3845 4266 sus-

2242 4296 2484 4361 citatum,
2516 4311 2620 4349 non
2650 4297 2821 4350 visum
2852 4298 3106 4352 unicarco
3151 4299 3479 4364 restitutmn,
3512 4300 3607 4355 sed
3635 4300 3846 4357 discus-

2242 4402 2329 4440 sas
2355 4388 2556 4441 erroris
2572 4391 2835 4453 tenebras,
2858 4404 2975 4458 qua:
2994 4396 3157 4442 totam
3184 4398 3383 4444 terram
3404 4406 3797 4459 occupaverant
3821 4412 3838 4449 :

2243 4492 2349 4531 non
2381 4479 2648 4547 leprosum
2680 4496 2839 4533 unum
2869 4480 3203 4543 mundatum,
3249 4481 3341 4535 sed
3371 4490 3447 4556 ιρι
3472 4494 3689 4553 gentes,
3719 4502 3843 4555 qua:

2242 4570 2446 4639 peccati
2496 4570 2698 4637 lepram
2730 4570 3122 4635 absterserunt,
3153 4586 3215 4624 ac
3260 4587 3354 4639 per
3384 4573 3655 4627 laVacrmn
3688 4590 3842 4645 rege-

2241 4662 2534 4714 nerationis
2580 4661 2848 4715 mundata:
2897 4671 3039 4715 sunt.
3073 4660 3227 4726 Quod
3283 4661 3496 4731 signum
3537 4664 3712 4734 majus
3758 4666 3842 4721 his

2240 4754 2454 4822 qureris,
2490 4752 2563 4807 mi
2590 4753 2772 4818 homo,
2803 4768 2924 4807 cum
2956 4762 3154 4808 tantam
3180 4763 3234 4809 et
3260 4764 3367 4810 tam
3397 4766 3619 4826 repente
3645 4758 3838 4814 factam

2240 4844 2593 4898 mutationem
2620 4844 2955 4914 conspicias?

2311 4936 2365 4990 8.
2407 4936 2537 4990 Fide
2585 4939 2695 4989 sola
2732 4938 2953 4991 cernitur
2978 4935 3136 4991 Deus.
3184 4937 3369 4993 Petrus
3398 4940 3651 5009 quomodo
3668 4946 3841 4998 cruci-

2239 5029 2371 5097 ﬁxus
2392 5028 2563 5097 fuerit.
2593 5057 2665 5067 —-
2694 5027 2813 5081 Vin’
2845 5038 2898 5082 tu
2930 5028 3260 5098 intelligere,
3293 5047 3400 5101 quo
3431 5033 3648 5087 tandem
3679 5049 3841 5104 pacto

2238 5124 2410 5177 risum
2449 5123 2702 5177 universo
2746 5132 3008 5178 terrarum
3057 5125 3173 5179 orbi
3228 5128 3519 5183 restituerit
3547 5130 3844 5187 Christus?

2238 5215 2408 5267 Antea
2440 5214 2639 5283 lignum
2682 5222 2734 5267 et
2776 5214 3003 5282 lapidem
3054 5232 3159 5270 nou
3187 5220 3565 5277 existimabant
3591 5223 3843 5280 homines

2239 5305 2437 5375 lignum
2470 5315 2524 5359 et
2562 5306 2791 5375 lapidem
2827 5322 2967 5374 esse,
2995 5324 3183 5363 verum
3214 5328 3299 5366 res
3348 5328 3538 5368 sensus
3583 5329 3842 5385 expertes

2238 5396 2367 5449 deos
2398 5397 2678 5462 vocabant,
2726 5398 2862 5453 adeo
2890 5403 3141 5456 excaecati
3170 5413 3323 5458 erant
3352 5424 3363 5457 :
3405 5406 3515 5475 jam
3548 5424 3678 5464 vero
3708 5414 3838 5480 quid

2238 5488 2435 5557 lignum
2460 5488 2546 5551 sit,
2581 5489 2774 5557 quidve
2797 5490 2931 5561 lapis
2959 5505 3260 5560 noverunt;
3291 5497 3419 5565 quid
3447 5500 3517 5553 sit
3546 5501 3692 5555 Deus
3710 5519 3839 5558 ere.

2236 5580 2505 5633 diderunt.
2541 5580 2663 5634 Sola
2714 5584 2913 5651 quippe
2965 5585 3071 5640 ﬁde
3123 5587 3442 5643 immortalis
3466 5605 3531 5645 ac
3560 5592 3713 5648 beata
3748 5596 3837 5649 illa

2239 5680 2425 5723 natura
2465 5682 2752 5740 spectatur.
2785 5675 2949 5731 Visne
3001 5677 3144 5731 aliud
3189 5694 3398 5749 quoque
3424 5685 3841 5742 resurrectionis

2238 5765 2447 5835 signum
2494 5768 2728 5823 intueri?
2774 5770 2846 5823 Ex
2899 5772 3009 5842 ipsa
3040 5770 3426 5843 discipulorum
3479 5787 3658 5832 mente
3684 5791 3836 5833 sum-
