  <div class='ocr_page' id='page_1' title='image "/cluster/home/n/w/nwhite01/storage/ocr_20150623/51/ien.35556001660786/114.png"; bbox 0 0 4080 6456; ppageno 0'>
   <div class='ocr_carea' id='block_1_1' title="bbox 191 421 286 481">
    <p class='ocr_par' dir='ltr' id='par_1_1' title="bbox 191 421 286 481">
     <span class='ocr_line' id='line_1_1' title="bbox 191 421 286 481; baseline -0.032 0"><span class='ocrx_word' id='word_1_1' title='bbox 191 421 286 481; x_wconf 75' lang='grc' dir='ltr'><strong>ιω</strong></span> 
     </span>
    </p>
   </div>
   <div class='ocr_carea' id='block_1_2' title="bbox 186 515 1782 609">
    <p class='ocr_par' dir='ltr' id='par_1_2' title="bbox 186 515 1782 609">
     <span class='ocr_line' id='line_1_2' title="bbox 186 515 1782 609; baseline -0.016 -17"><span class='ocrx_word' id='word_1_2' title='bbox 186 547 328 609; x_wconf 98' lang='lat' dir='ltr'><strong>ptum</strong></span> <span class='ocrx_word' id='word_1_3' title='bbox 357 531 486 589; x_wconf 87' lang='lat' dir='ltr'><strong>illud</strong></span> <span class='ocrx_word' id='word_1_4' title='bbox 513 544 727 603; x_wconf 84' lang='lat' dir='ltr'><strong>quoque</strong></span> <span class='ocrx_word' id='word_1_5' title='bbox 772 527 944 597; x_wconf 81' lang='lat' dir='ltr'><strong>majus</strong></span> <span class='ocrx_word' id='word_1_6' title='bbox 995 525 1204 581; x_wconf 85' lang='lat' dir='ltr'><strong>videbis</strong></span> <span class='ocrx_word' id='word_1_7' title='bbox 1260 529 1381 592; x_wconf 89' lang='lat' dir='ltr'><strong>post</strong></span> <span class='ocrx_word' id='word_1_8' title='bbox 1429 515 1782 609; x_wconf 86' lang='lat' dir='ltr'><strong>resurrectio-</strong></span> 
     </span>
    </p>
   </div>
   <div class='ocr_carea' id='block_1_3' title="bbox 184 608 1783 691">
    <p class='ocr_par' dir='ltr' id='par_1_3' title="bbox 184 608 1783 691">
     <span class='ocr_line' id='line_1_3' title="bbox 184 608 1783 691; baseline -0.014 -8"><span class='ocrx_word' id='word_1_9' title='bbox 184 608 303 683; x_wconf 90' lang='lat' dir='ltr'><strong>nem</strong></span> <span class='ocrx_word' id='word_1_10' title='bbox 330 623 617 681; x_wconf 75' lang='lat' dir='ltr'><strong>all&#39;ulsisse.</strong></span> <span class='ocrx_word' id='word_1_11' title='bbox 651 618 929 691; x_wconf 83' lang='lat' dir='ltr'><strong>Siquidem</strong></span> <span class='ocrx_word' id='word_1_12' title='bbox 956 617 1008 673; x_wconf 93' lang='lat' dir='ltr'><strong>in</strong></span> <span class='ocrx_word' id='word_1_13' title='bbox 1039 614 1293 672; x_wconf 90' lang='lat' dir='ltr'><strong>confesso</strong></span> <span class='ocrx_word' id='word_1_14' title='bbox 1317 623 1402 669; x_wconf 91' lang='lat' dir='ltr'><strong>est</strong></span> <span class='ocrx_word' id='word_1_15' title='bbox 1428 608 1568 682; x_wconf 91' lang='lat' dir='ltr'><strong>apud</strong></span> <span class='ocrx_word' id='word_1_16' title='bbox 1592 620 1783 663; x_wconf 88' lang='lat' dir='ltr'><strong>onmes</strong></span> 
     </span>
    </p>
   </div>
   <div class='ocr_carea' id='block_1_4' title="bbox 182 699 1786 788">
    <p class='ocr_par' dir='ltr' id='par_1_4' title="bbox 182 699 1786 788">
     <span class='ocr_line' id='line_1_4' title="bbox 182 699 1786 788; baseline -0.013 -14"><span class='ocrx_word' id='word_1_17' title='bbox 182 733 324 783; x_wconf 86' lang='lat' dir='ltr'><strong>eum,</strong></span> <span class='ocrx_word' id='word_1_18' title='bbox 355 715 449 788; x_wconf 85' lang='lat' dir='ltr'><strong>qui</strong></span> <span class='ocrx_word' id='word_1_19' title='bbox 483 729 609 786; x_wconf 80' lang='lat' dir='ltr'><strong>erga</strong></span> <span class='ocrx_word' id='word_1_20' title='bbox 654 714 925 768; x_wconf 77' lang='lat' dir='ltr'><strong>viventem</strong></span> <span class='ocrx_word' id='word_1_21' title='bbox 954 710 1230 765; x_wconf 87' lang='lat' dir='ltr'><strong>hominem</strong></span> <span class='ocrx_word' id='word_1_22' title='bbox 1257 703 1522 763; x_wconf 85' lang='lat' dir='ltr'><strong>benevole</strong></span> <span class='ocrx_word' id='word_1_23' title='bbox 1547 702 1620 758; x_wconf 89' lang='lat' dir='ltr'><strong>sit</strong></span> <span class='ocrx_word' id='word_1_24' title='bbox 1653 699 1786 755; x_wconf 81' lang='lat' dir='ltr'><strong>alle-</strong></span> 
     </span>
    </p>
   </div>
   <div class='ocr_carea' id='block_1_5' title="bbox 181 792 1780 879">
    <p class='ocr_par' dir='ltr' id='par_1_5' title="bbox 181 792 1780 879">
     <span class='ocr_line' id='line_1_5' title="bbox 181 792 1780 879; baseline -0.013 -14"><span class='ocrx_word' id='word_1_25' title='bbox 181 820 319 874; x_wconf 89' lang='lat' dir='ltr'><strong>ctus,</strong></span> <span class='ocrx_word' id='word_1_26' title='bbox 342 809 460 879; x_wconf 89' lang='lat' dir='ltr'><strong>ipso</strong></span> <span class='ocrx_word' id='word_1_27' title='bbox 481 815 700 860; x_wconf 91' lang='lat' dir='ltr'><strong>mortuo</strong></span> <span class='ocrx_word' id='word_1_28' title='bbox 722 802 951 860; x_wconf 75' lang='lat' dir='ltr'><strong>fortasse</strong></span> <span class='ocrx_word' id='word_1_29' title='bbox 969 816 1038 856; x_wconf 90' lang='lat' dir='ltr'><strong>ne</strong></span> <span class='ocrx_word' id='word_1_30' title='bbox 1053 798 1273 872; x_wconf 83' lang='lat' dir='ltr'><strong>quidem</strong></span> <span class='ocrx_word' id='word_1_31' title='bbox 1295 797 1414 868; x_wconf 88' lang='lat' dir='ltr'><strong>ejus</strong></span> <span class='ocrx_word' id='word_1_32' title='bbox 1435 792 1780 850; x_wconf 88' lang='lat' dir='ltr'><strong>meminisse:</strong></span> 
     </span>
    </p>
   </div>
   <div class='ocr_carea' id='block_1_6' title="bbox 183 885 1780 972">
    <p class='ocr_par' dir='ltr' id='par_1_6' title="bbox 183 885 1780 972">
     <span class='ocr_line' id='line_1_6' title="bbox 183 885 1780 972; baseline -0.013 -16"><span class='ocrx_word' id='word_1_33' title='bbox 183 900 271 972; x_wconf 86' lang='lat' dir='ltr'><strong>qui</strong></span> <span class='ocrx_word' id='word_1_34' title='bbox 301 901 432 954; x_wconf 86' lang='lat' dir='ltr'><strong>vero&#39;</strong></span> <span class='ocrx_word' id='word_1_35' title='bbox 456 897 597 952; x_wconf 89' lang='lat' dir='ltr'><strong>male</strong></span> <span class='ocrx_word' id='word_1_36' title='bbox 641 894 863 952; x_wconf 73' lang='lat' dir='ltr'><strong>aﬂectns</strong></span> <span class='ocrx_word' id='word_1_37' title='bbox 891 895 962 949; x_wconf 88' lang='lat' dir='ltr'><strong>sit</strong></span> <span class='ocrx_word' id='word_1_38' title='bbox 989 906 1117 962; x_wconf 85' lang='lat' dir='ltr'><strong>erga</strong></span> <span class='ocrx_word' id='word_1_39' title='bbox 1164 890 1311 945; x_wconf 92' lang='lat' dir='ltr'><strong>illum</strong></span> <span class='ocrx_word' id='word_1_40' title='bbox 1339 930 1354 955; x_wconf 92' lang='lat'><strong>,</strong></span> <span class='ocrx_word' id='word_1_41' title='bbox 1385 887 1513 943; x_wconf 89' lang='lat' dir='ltr'><strong>dum</strong></span> <span class='ocrx_word' id='word_1_42' title='bbox 1553 885 1780 950; x_wconf 87' lang='lat' dir='ltr'><strong>viveret,</strong></span> 
     </span>
    </p>
   </div>
   <div class='ocr_carea' id='block_1_7' title="bbox 181 978 1782 1058">
    <p class='ocr_par' dir='ltr' id='par_1_7' title="bbox 181 978 1782 1058">
     <span class='ocr_line' id='line_1_7' title="bbox 181 978 1782 1058; baseline -0.01 -14"><span class='ocrx_word' id='word_1_43' title='bbox 181 1000 236 1045; x_wconf 89' lang='lat' dir='ltr'><strong>et</strong></span> <span class='ocrx_word' id='word_1_44' title='bbox 259 987 607 1058; x_wconf 75' lang='lat' dir='ltr'><strong>superstitem</strong></span> <span class='ocrx_word' id='word_1_45' title='bbox 634 984 956 1048; x_wconf 89' lang='lat' dir='ltr'><strong>deseruerit,</strong></span> <span class='ocrx_word' id='word_1_46' title='bbox 990 982 1162 1037; x_wconf 92' lang='lat' dir='ltr'><strong>multo</strong></span> <span class='ocrx_word' id='word_1_47' title='bbox 1189 979 1359 1050; x_wconf 84' lang='lat' dir='ltr'><strong>magis</strong></span> <span class='ocrx_word' id='word_1_48' title='bbox 1409 978 1782 1034; x_wconf 86' lang='lat' dir='ltr'><strong>immemorem</strong></span> 
     </span>
    </p>
   </div>
   <div class='ocr_carea' id='block_1_8' title="bbox 182 1069 1786 1146">
    <p class='ocr_par' dir='ltr' id='par_1_8' title="bbox 182 1069 1786 1146">
     <span class='ocr_line' id='line_1_8' title="bbox 182 1069 1786 1146; baseline -0.008 -12"><span class='ocrx_word' id='word_1_49' title='bbox 182 1079 416 1136; x_wconf 76' lang='lat' dir='ltr'><strong>defuncti</strong></span> <span class='ocrx_word' id='word_1_50' title='bbox 448 1077 708 1134; x_wconf 85' lang='lat' dir='ltr'><strong>futurum.</strong></span> <span class='ocrx_word' id='word_1_51' title='bbox 751 1076 870 1146; x_wconf 85' lang='lat' dir='ltr'><strong>Quo</strong></span> <span class='ocrx_word' id='word_1_52' title='bbox 917 1074 994 1139; x_wconf 88' lang='lat' dir='ltr'><strong>ﬁt,</strong></span> <span class='ocrx_word' id='word_1_53' title='bbox 1024 1082 1083 1130; x_wconf 91' lang='lat' dir='ltr'><strong>ut</strong></span> <span class='ocrx_word' id='word_1_54' title='bbox 1104 1087 1263 1128; x_wconf 92' lang='lat' dir='ltr'><strong>nemo</strong></span> <span class='ocrx_word' id='word_1_55' title='bbox 1287 1070 1378 1143; x_wconf 90' lang='lat' dir='ltr'><strong>qui</strong></span> <span class='ocrx_word' id='word_1_56' title='bbox 1406 1069 1639 1125; x_wconf 89' lang='lat' dir='ltr'><strong>amicum</strong></span> <span class='ocrx_word' id='word_1_57' title='bbox 1670 1081 1786 1122; x_wconf 86' lang='lat' dir='ltr'><strong>ma-</strong></span> 
     </span>
    </p>
   </div>
   <div class='ocr_carea' id='block_1_9' title="bbox 182 1162 1785 1244">
    <p class='ocr_par' dir='ltr' id='par_1_9' title="bbox 182 1162 1785 1244">
     <span class='ocr_line' id='line_1_9' title="bbox 182 1162 1785 1244; baseline -0.007 -18"><span class='ocrx_word' id='word_1_58' title='bbox 182 1174 474 1244; x_wconf 80' lang='lat' dir='ltr'><strong>gistrumve</strong></span> <span class='ocrx_word' id='word_1_59' title='bbox 498 1172 838 1243; x_wconf 84' lang='lat' dir='ltr'><strong>superstitem</strong></span> <span class='ocrx_word' id='word_1_60' title='bbox 884 1167 1161 1239; x_wconf 86' lang='lat' dir='ltr'><strong>reliquerit</strong></span> <span class='ocrx_word' id='word_1_61' title='bbox 1199 1180 1263 1220; x_wconf 91' lang='lat' dir='ltr'><strong>ae</strong></span> <span class='ocrx_word' id='word_1_62' title='bbox 1305 1162 1626 1227; x_wconf 87' lang='lat' dir='ltr'><strong>deseruerit,</strong></span> <span class='ocrx_word' id='word_1_63' title='bbox 1675 1162 1785 1216; x_wconf 88' lang='lat' dir='ltr'><strong>vita</strong></span> 
     </span>
    </p>
   </div>
   <div class='ocr_carea' id='block_1_10' title="bbox 183 1257 1785 1335">
    <p class='ocr_par' dir='ltr' id='par_1_10' title="bbox 183 1257 1785 1335">
     <span class='ocr_line' id='line_1_10' title="bbox 183 1257 1785 1335; baseline -0.009 -13"><span class='ocrx_word' id='word_1_64' title='bbox 183 1265 426 1322; x_wconf 89' lang='lat' dir='ltr'><strong>functum</strong></span> <span class='ocrx_word' id='word_1_65' title='bbox 476 1264 694 1335; x_wconf 85' lang='lat' dir='ltr'><strong>plurimi</strong></span> <span class='ocrx_word' id='word_1_66' title='bbox 732 1262 906 1327; x_wconf 80' lang='lat' dir='ltr'><strong>faciat,</strong></span> <span class='ocrx_word' id='word_1_67' title='bbox 938 1275 1003 1316; x_wconf 89' lang='lat' dir='ltr'><strong>ac</strong></span> <span class='ocrx_word' id='word_1_68' title='bbox 1028 1270 1140 1315; x_wconf 90' lang='lat' dir='ltr'><strong>tum</strong></span> <span class='ocrx_word' id='word_1_69' title='bbox 1173 1257 1440 1328; x_wconf 59' lang='lat' dir='ltr'><strong>praecipue</strong></span> <span class='ocrx_word' id='word_1_70' title='bbox 1459 1297 1475 1322; x_wconf 93' lang='lat'><strong>,</strong></span> <span class='ocrx_word' id='word_1_71' title='bbox 1506 1270 1628 1310; x_wconf 86' lang='lat' dir='ltr'><strong>eum</strong></span> <span class='ocrx_word' id='word_1_72' title='bbox 1658 1269 1785 1324; x_wconf 80' lang='lat' dir='ltr'><strong>pro-</strong></span> 
     </span>
    </p>
   </div>
   <div class='ocr_carea' id='block_1_11' title="bbox 183 1346 1784 1429">
    <p class='ocr_par' dir='ltr' id='par_1_11' title="bbox 183 1346 1784 1429">
     <span class='ocr_line' id='line_1_11' title="bbox 183 1346 1784 1429; baseline -0.01 -14"><span class='ocrx_word' id='word_1_73' title='bbox 183 1366 303 1429; x_wconf 86' lang='lat' dir='ltr'><strong>pter</strong></span> <span class='ocrx_word' id='word_1_74' title='bbox 327 1357 624 1414; x_wconf 77' lang='lat' dir='ltr'><strong>exhibitam</strong></span> <span class='ocrx_word' id='word_1_75' title='bbox 651 1356 706 1410; x_wconf 91' lang='lat' dir='ltr'><strong>in</strong></span> <span class='ocrx_word' id='word_1_76' title='bbox 748 1369 873 1410; x_wconf 90' lang='lat' dir='ltr'><strong>eum</strong></span> <span class='ocrx_word' id='word_1_77' title='bbox 896 1351 1328 1408; x_wconf 78' lang='lat' dir='ltr'><strong>benevolentiam</strong></span> <span class='ocrx_word' id='word_1_78' title='bbox 1361 1349 1507 1404; x_wconf 90' lang='lat' dir='ltr'><strong>mille</strong></span> <span class='ocrx_word' id='word_1_79' title='bbox 1547 1346 1784 1418; x_wconf 89' lang='lat' dir='ltr'><strong>pericula</strong></span> 
     </span>
    </p>
   </div>
   <div class='ocr_carea' id='block_1_12' title="bbox 185 1437 1785 1509">
    <p class='ocr_par' dir='ltr' id='par_1_12' title="bbox 185 1437 1785 1509">
     <span class='ocr_line' id='line_1_12' title="bbox 185 1437 1785 1509; baseline -0.009 -4"><span class='ocrx_word' id='word_1_80' title='bbox 185 1449 288 1505; x_wconf 85' lang='lat' dir='ltr'><strong>sibi</strong></span> <span class='ocrx_word' id='word_1_81' title='bbox 314 1447 510 1504; x_wconf 89' lang='lat' dir='ltr'><strong>viderit</strong></span> <span class='ocrx_word' id='word_1_82' title='bbox 553 1446 854 1502; x_wconf 88' lang='lat' dir='ltr'><strong>imminere.</strong></span> <span class='ocrx_word' id='word_1_83' title='bbox 886 1444 1029 1499; x_wconf 89' lang='lat' dir='ltr'><strong>Ecce</strong></span> <span class='ocrx_word' id='word_1_84' title='bbox 1082 1451 1262 1497; x_wconf 89' lang='lat' dir='ltr'><strong>tamen</strong></span> <span class='ocrx_word' id='word_1_85' title='bbox 1313 1438 1442 1495; x_wconf 93' lang='lat' dir='ltr'><strong>illud</strong></span> <span class='ocrx_word' id='word_1_86' title='bbox 1467 1438 1610 1509; x_wconf 91' lang='lat' dir='ltr'><strong>quod</strong></span> <span class='ocrx_word' id='word_1_87' title='bbox 1655 1437 1785 1492; x_wconf 86' lang='lat' dir='ltr'><strong>nulli</strong></span> 
     </span>
    </p>
   </div>
   <div class='ocr_carea' id='block_1_13' title="bbox 184 1527 1786 1606">
    <p class='ocr_par' dir='ltr' id='par_1_13' title="bbox 184 1527 1786 1606">
     <span class='ocr_line' id='line_1_13' title="bbox 184 1527 1786 1606; baseline -0.009 -12"><span class='ocrx_word' id='word_1_88' title='bbox 184 1538 399 1606; x_wconf 89' lang='lat' dir='ltr'><strong>accidit,</strong></span> <span class='ocrx_word' id='word_1_89' title='bbox 432 1539 488 1593; x_wconf 90' lang='lat' dir='ltr'><strong>in</strong></span> <span class='ocrx_word' id='word_1_90' title='bbox 534 1536 750 1593; x_wconf 86' lang='lat' dir='ltr'><strong>Christo</strong></span> <span class='ocrx_word' id='word_1_91' title='bbox 772 1543 833 1590; x_wconf 90' lang='lat' dir='ltr'><strong>et</strong></span> <span class='ocrx_word' id='word_1_92' title='bbox 853 1533 1133 1605; x_wconf 87' lang='lat' dir='ltr'><strong>discipulis</strong></span> <span class='ocrx_word' id='word_1_93' title='bbox 1159 1530 1363 1596; x_wconf 82' lang='lat' dir='ltr'><strong>evenit,</strong></span> <span class='ocrx_word' id='word_1_94' title='bbox 1395 1539 1452 1586; x_wconf 92' lang='lat' dir='ltr'><strong>et</strong></span> <span class='ocrx_word' id='word_1_95' title='bbox 1477 1527 1570 1598; x_wconf 92' lang='lat' dir='ltr'><strong>qui</strong></span> <span class='ocrx_word' id='word_1_96' title='bbox 1597 1528 1786 1583; x_wconf 83' lang='lat' dir='ltr'><strong>viven-</strong></span> 
     </span>
    </p>
   </div>
   <div class='ocr_carea' id='block_1_14' title="bbox 187 1618 1788 1698">
    <p class='ocr_par' dir='ltr' id='par_1_14' title="bbox 187 1618 1788 1698">
     <span class='ocr_line' id='line_1_14' title="bbox 187 1618 1788 1698; baseline -0.008 -14"><span class='ocrx_word' id='word_1_97' title='bbox 187 1637 295 1686; x_wconf 85' lang='lat' dir='ltr'><strong>tem</strong></span> <span class='ocrx_word' id='word_1_98' title='bbox 323 1628 474 1684; x_wconf 90' lang='lat' dir='ltr'><strong>illum</strong></span> <span class='ocrx_word' id='word_1_99' title='bbox 499 1635 832 1698; x_wconf 76' lang='lat' dir='ltr'><strong>negaverant</strong></span> <span class='ocrx_word' id='word_1_100' title='bbox 856 1640 920 1680; x_wconf 93' lang='lat' dir='ltr'><strong>ac</strong></span> <span class='ocrx_word' id='word_1_101' title='bbox 946 1623 1320 1692; x_wconf 88' lang='lat' dir='ltr'><strong>deseruerant,</strong></span> <span class='ocrx_word' id='word_1_102' title='bbox 1344 1627 1400 1676; x_wconf 91' lang='lat' dir='ltr'><strong>et</strong></span> <span class='ocrx_word' id='word_1_103' title='bbox 1426 1618 1788 1690; x_wconf 87' lang='lat' dir='ltr'><strong>comprehen-</strong></span> 
     </span>
    </p>
   </div>
   <div class='ocr_carea' id='block_1_15' title="bbox 185 1710 1787 1790">
    <p class='ocr_par' dir='ltr' id='par_1_15' title="bbox 185 1710 1787 1790">
     <span class='ocr_line' id='line_1_15' title="bbox 185 1710 1787 1790; baseline -0.008 -14"><span class='ocrx_word' id='word_1_104' title='bbox 185 1736 306 1776; x_wconf 87' lang='lat' dir='ltr'><strong>sum</strong></span> <span class='ocrx_word' id='word_1_105' title='bbox 330 1721 699 1790; x_wconf 83' lang='lat' dir='ltr'><strong>reliquerant,</strong></span> <span class='ocrx_word' id='word_1_106' title='bbox 727 1727 783 1774; x_wconf 89' lang='lat' dir='ltr'><strong>et</strong></span> <span class='ocrx_word' id='word_1_107' title='bbox 826 1715 1163 1788; x_wconf 89' lang='lat' dir='ltr'><strong>aufugerant,</strong></span> <span class='ocrx_word' id='word_1_108' title='bbox 1215 1721 1335 1785; x_wconf 88' lang='lat' dir='ltr'><strong>post</strong></span> <span class='ocrx_word' id='word_1_109' title='bbox 1372 1713 1654 1768; x_wconf 81' lang='lat' dir='ltr'><strong>innumera</strong></span> <span class='ocrx_word' id='word_1_110' title='bbox 1698 1710 1787 1765; x_wconf 92' lang='lat' dir='ltr'><strong>illa</strong></span> 
     </span>
    </p>
   </div>
   <div class='ocr_carea' id='block_1_16' title="bbox 185 1802 1787 1884">
    <p class='ocr_par' dir='ltr' id='par_1_16' title="bbox 185 1802 1787 1884">
     <span class='ocr_line' id='line_1_16' title="bbox 185 1802 1787 1884; baseline -0.008 -15"><span class='ocrx_word' id='word_1_111' title='bbox 185 1813 496 1884; x_wconf 89' lang='lat' dir='ltr'><strong>opprobria,</strong></span> <span class='ocrx_word' id='word_1_112' title='bbox 525 1821 582 1869; x_wconf 90' lang='lat' dir='ltr'><strong>et</strong></span> <span class='ocrx_word' id='word_1_113' title='bbox 609 1826 847 1876; x_wconf 89' lang='lat' dir='ltr'><strong>crucem,</strong></span> <span class='ocrx_word' id='word_1_114' title='bbox 878 1809 1012 1865; x_wconf 87' lang='lat' dir='ltr'><strong>tanti</strong></span> <span class='ocrx_word' id='word_1_115' title='bbox 1037 1823 1162 1864; x_wconf 92' lang='lat' dir='ltr'><strong>eum</strong></span> <span class='ocrx_word' id='word_1_116' title='bbox 1193 1807 1459 1872; x_wconf 84' lang='lat' dir='ltr'><strong>fecerunt,</strong></span> <span class='ocrx_word' id='word_1_117' title='bbox 1491 1813 1552 1858; x_wconf 92' lang='lat' dir='ltr'><strong>ut</strong></span> <span class='ocrx_word' id='word_1_118' title='bbox 1578 1817 1675 1874; x_wconf 87' lang='lat' dir='ltr'><strong>pro</strong></span> <span class='ocrx_word' id='word_1_119' title='bbox 1703 1802 1787 1872; x_wconf 88' lang='lat' dir='ltr'><strong>ip-</strong></span> 
     </span>
    </p>
   </div>
   <div class='ocr_carea' id='block_1_17' title="bbox 189 1905 1786 1970">
    <p class='ocr_par' dir='ltr' id='par_1_17' title="bbox 189 1905 1786 1970">
     <span class='ocr_line' id='line_1_17' title="bbox 189 1905 1786 1970; baseline -0.004 -8"><span class='ocrx_word' id='word_1_120' title='bbox 189 1910 302 1963; x_wconf 79' lang='lat' dir='ltr'><strong>sius</strong></span> <span class='ocrx_word' id='word_1_121' title='bbox 317 1908 654 1963; x_wconf 84' lang='lat' dir='ltr'><strong>confessione</strong></span> <span class='ocrx_word' id='word_1_122' title='bbox 674 1922 737 1962; x_wconf 88' lang='lat' dir='ltr'><strong>ac</strong></span> <span class='ocrx_word' id='word_1_123' title='bbox 756 1907 860 1962; x_wconf 88' lang='lat' dir='ltr'><strong>ﬁde</strong></span> <span class='ocrx_word' id='word_1_124' title='bbox 887 1905 1094 1960; x_wconf 92' lang='lat' dir='ltr'><strong>animas</strong></span> <span class='ocrx_word' id='word_1_125' title='bbox 1108 1905 1269 1958; x_wconf 92' lang='lat' dir='ltr'><strong>etiam</strong></span> <span class='ocrx_word' id='word_1_126' title='bbox 1287 1915 1412 1958; x_wconf 90' lang='lat' dir='ltr'><strong>suas</strong></span> <span class='ocrx_word' id='word_1_127' title='bbox 1433 1907 1786 1970; x_wconf 86' lang='lat' dir='ltr'><strong>exponerent.</strong></span> 
     </span>
    </p>
   </div>
   <div class='ocr_carea' id='block_1_18' title="bbox 188 1993 1788 2064">
    <p class='ocr_par' dir='ltr' id='par_1_18' title="bbox 188 1993 1788 2064">
     <span class='ocr_line' id='line_1_18' title="bbox 188 1993 1788 2064; baseline -0.006 -9"><span class='ocrx_word' id='word_1_128' title='bbox 188 2000 476 2056; x_wconf 88' lang='lat' dir='ltr'><strong>Enimvero</strong></span> <span class='ocrx_word' id='word_1_129' title='bbox 515 1999 559 2054; x_wconf 93' lang='lat' dir='ltr'><strong>si</strong></span> <span class='ocrx_word' id='word_1_130' title='bbox 588 2006 836 2054; x_wconf 91' lang='lat' dir='ltr'><strong>mortuus</strong></span> <span class='ocrx_word' id='word_1_131' title='bbox 885 1996 1077 2052; x_wconf 86' lang='lat' dir='ltr'><strong>fuisset</strong></span> <span class='ocrx_word' id='word_1_132' title='bbox 1105 1993 1375 2060; x_wconf 87' lang='lat' dir='ltr'><strong>Christus,</strong></span> <span class='ocrx_word' id='word_1_133' title='bbox 1403 2008 1578 2064; x_wconf 89' lang='lat' dir='ltr'><strong>neque</strong></span> <span class='ocrx_word' id='word_1_134' title='bbox 1605 2007 1788 2047; x_wconf 88' lang='lat' dir='ltr'><strong>resur-</strong></span> 
     </span>
    </p>
   </div>
   <div class='ocr_carea' id='block_1_19' title="bbox 187 2085 1792 2162">
    <p class='ocr_par' dir='ltr' id='par_1_19' title="bbox 187 2085 1792 2162">
     <span class='ocr_line' id='line_1_19' title="bbox 187 2085 1792 2162; baseline -0.006 -15"><span class='ocrx_word' id='word_1_135' title='bbox 187 2091 438 2159; x_wconf 81' lang='lat' dir='ltr'><strong>rexisset,</strong></span> <span class='ocrx_word' id='word_1_136' title='bbox 492 2091 582 2162; x_wconf 89' lang='lat' dir='ltr'><strong>qui</strong></span> <span class='ocrx_word' id='word_1_137' title='bbox 622 2090 737 2147; x_wconf 90' lang='lat' dir='ltr'><strong>ﬁeri</strong></span> <span class='ocrx_word' id='word_1_138' title='bbox 780 2089 1061 2160; x_wconf 81' lang='lat' dir='ltr'><strong>potuisset,</strong></span> <span class='ocrx_word' id='word_1_139' title='bbox 1094 2097 1150 2143; x_wconf 88' lang='lat' dir='ltr'><strong>ut</strong></span> <span class='ocrx_word' id='word_1_140' title='bbox 1177 2087 1289 2158; x_wconf 91' lang='lat' dir='ltr'><strong>qui,</strong></span> <span class='ocrx_word' id='word_1_141' title='bbox 1337 2085 1465 2142; x_wconf 90' lang='lat' dir='ltr'><strong>dum</strong></span> <span class='ocrx_word' id='word_1_142' title='bbox 1517 2095 1792 2155; x_wconf 79' lang='lat' dir='ltr'><strong>superstes</strong></span> 
     </span>
    </p>
   </div>
   <div class='ocr_carea' id='block_1_20' title="bbox 185 2177 1791 2252">
    <p class='ocr_par' dir='ltr' id='par_1_20' title="bbox 185 2177 1791 2252">
     <span class='ocr_line' id='line_1_20' title="bbox 185 2177 1791 2252; baseline -0.004 -15"><span class='ocrx_word' id='word_1_143' title='bbox 185 2190 355 2249; x_wconf 86' lang='lat' dir='ltr'><strong>esset,</strong></span> <span class='ocrx_word' id='word_1_144' title='bbox 383 2181 455 2236; x_wconf 95' lang='lat' dir='ltr'><strong>ob</strong></span> <span class='ocrx_word' id='word_1_145' title='bbox 484 2181 780 2252; x_wconf 90' lang='lat' dir='ltr'><strong>periculum</strong></span> <span class='ocrx_word' id='word_1_146' title='bbox 823 2181 1112 2237; x_wconf 90' lang='lat' dir='ltr'><strong>imminens</strong></span> <span class='ocrx_word' id='word_1_147' title='bbox 1139 2179 1406 2250; x_wconf 81' lang='lat' dir='ltr'><strong>fugerant,</strong></span> <span class='ocrx_word' id='word_1_148' title='bbox 1427 2193 1495 2234; x_wconf 90' lang='lat' dir='ltr'><strong>eo</strong></span> <span class='ocrx_word' id='word_1_149' title='bbox 1532 2177 1645 2248; x_wconf 89' lang='lat' dir='ltr'><strong>jam</strong></span> <span class='ocrx_word' id='word_1_150' title='bbox 1684 2177 1791 2230; x_wconf 86' lang='lat' dir='ltr'><strong>vita</strong></span> 
     </span>
    </p>
   </div>
   <div class='ocr_carea' id='block_1_21' title="bbox 188 2269 1793 2344">
    <p class='ocr_par' dir='ltr' id='par_1_21' title="bbox 188 2269 1793 2344">
     <span class='ocr_line' id='line_1_21' title="bbox 188 2269 1793 2344; baseline -0.001 -18"><span class='ocrx_word' id='word_1_151' title='bbox 188 2271 396 2338; x_wconf 89' lang='lat' dir='ltr'><strong>functo,</strong></span> <span class='ocrx_word' id='word_1_152' title='bbox 426 2282 648 2344; x_wconf 90' lang='lat' dir='ltr'><strong>propter</strong></span> <span class='ocrx_word' id='word_1_153' title='bbox 687 2272 838 2328; x_wconf 89' lang='lat' dir='ltr'><strong>illum</strong></span> <span class='ocrx_word' id='word_1_154' title='bbox 886 2273 1036 2328; x_wconf 88' lang='lat' dir='ltr'><strong>mille</strong></span> <span class='ocrx_word' id='word_1_155' title='bbox 1077 2271 1327 2341; x_wconf 79' lang='lat' dir='ltr'><strong>periculis</strong></span> <span class='ocrx_word' id='word_1_156' title='bbox 1356 2271 1564 2341; x_wconf 79' lang='lat' dir='ltr'><strong>seipsos</strong></span> <span class='ocrx_word' id='word_1_157' title='bbox 1592 2269 1793 2339; x_wconf 73' lang='lat' dir='ltr'><strong>objice~</strong></span> 
     </span>
    </p>
   </div>
   <div class='ocr_carea' id='block_1_22' title="bbox 185 2364 1793 2436">
    <p class='ocr_par' dir='ltr' id='par_1_22' title="bbox 185 2364 1793 2436">
     <span class='ocr_line' id='line_1_22' title="bbox 185 2364 1793 2436; baseline -0.003 -13"><span class='ocrx_word' id='word_1_158' title='bbox 185 2367 349 2423; x_wconf 86' lang='lat' dir='ltr'><strong>rent?</strong></span> <span class='ocrx_word' id='word_1_159' title='bbox 368 2369 447 2422; x_wconf 85' lang='lat' dir='ltr'><strong>Ae</strong></span> <span class='ocrx_word' id='word_1_160' title='bbox 470 2369 647 2423; x_wconf 60' lang='lat' dir='ltr'><strong>exteri</strong></span> <span class='ocrx_word' id='word_1_161' title='bbox 673 2366 888 2436; x_wconf 89' lang='lat' dir='ltr'><strong>quidem</strong></span> <span class='ocrx_word' id='word_1_162' title='bbox 915 2381 1107 2421; x_wconf 90' lang='lat' dir='ltr'><strong>omnes</strong></span> <span class='ocrx_word' id='word_1_163' title='bbox 1132 2365 1416 2436; x_wconf 82' lang='lat' dir='ltr'><strong>fugerunt,</strong></span> <span class='ocrx_word' id='word_1_164' title='bbox 1450 2364 1638 2419; x_wconf 88' lang='lat' dir='ltr'><strong>Petrus</strong></span> <span class='ocrx_word' id='word_1_165' title='bbox 1663 2377 1793 2418; x_wconf 90' lang='lat' dir='ltr'><strong>vero</strong></span> 
     </span>
    </p>
   </div>
   <div class='ocr_carea' id='block_1_23' title="bbox 186 2455 1791 2530">
    <p class='ocr_par' dir='ltr' id='par_1_23' title="bbox 186 2455 1791 2530">
     <span class='ocr_line' id='line_1_23' title="bbox 186 2455 1791 2530; baseline -0.004 -16"><span class='ocrx_word' id='word_1_166' title='bbox 186 2460 352 2515; x_wconf 90' lang='lat' dir='ltr'><strong>etiam</strong></span> <span class='ocrx_word' id='word_1_167' title='bbox 380 2475 501 2515; x_wconf 92' lang='lat' dir='ltr'><strong>eum</strong></span> <span class='ocrx_word' id='word_1_168' title='bbox 523 2461 829 2530; x_wconf 91' lang='lat' dir='ltr'><strong>jurameuto</strong></span> <span class='ocrx_word' id='word_1_169' title='bbox 860 2469 942 2516; x_wconf 91' lang='lat' dir='ltr'><strong>ter</strong></span> <span class='ocrx_word' id='word_1_170' title='bbox 968 2460 1118 2514; x_wconf 88' lang='lat' dir='ltr'><strong>illmn</strong></span> <span class='ocrx_word' id='word_1_171' title='bbox 1152 2458 1387 2528; x_wconf 83' lang='lat' dir='ltr'><strong>negavit,</strong></span> <span class='ocrx_word' id='word_1_172' title='bbox 1413 2467 1468 2513; x_wconf 90' lang='lat' dir='ltr'><strong>et</strong></span> <span class='ocrx_word' id='word_1_173' title='bbox 1492 2457 1584 2526; x_wconf 91' lang='lat' dir='ltr'><strong>qui</strong></span> <span class='ocrx_word' id='word_1_174' title='bbox 1607 2465 1687 2510; x_wconf 91' lang='lat' dir='ltr'><strong>ter</strong></span> <span class='ocrx_word' id='word_1_175' title='bbox 1724 2455 1791 2508; x_wconf 91' lang='lat' dir='ltr'><strong>il-</strong></span> 
     </span>
    </p>
   </div>
   <div class='ocr_carea' id='block_1_24' title="bbox 189 2549 1792 2623">
    <p class='ocr_par' dir='ltr' id='par_1_24' title="bbox 189 2549 1792 2623">
     <span class='ocr_line' id='line_1_24' title="bbox 189 2549 1792 2623; baseline -0.001 -17"><span class='ocrx_word' id='word_1_176' title='bbox 189 2551 304 2606; x_wconf 91' lang='lat' dir='ltr'><strong>lum</strong></span> <span class='ocrx_word' id='word_1_177' title='bbox 329 2567 450 2607; x_wconf 88' lang='lat' dir='ltr'><strong>eum</strong></span> <span class='ocrx_word' id='word_1_178' title='bbox 471 2552 780 2622; x_wconf 90' lang='lat' dir='ltr'><strong>juramento</strong></span> <span class='ocrx_word' id='word_1_179' title='bbox 807 2560 1120 2623; x_wconf 77' lang='lat' dir='ltr'><strong>negaverat,</strong></span> <span class='ocrx_word' id='word_1_180' title='bbox 1151 2561 1207 2608; x_wconf 89' lang='lat' dir='ltr'><strong>et</strong></span> <span class='ocrx_word' id='word_1_181' title='bbox 1237 2551 1356 2606; x_wconf 87' lang='lat' dir='ltr'><strong>vilis</strong></span> <span class='ocrx_word' id='word_1_182' title='bbox 1376 2550 1646 2605; x_wconf 74' lang='lat' dir='ltr'><strong>ancillula:</strong></span> <span class='ocrx_word' id='word_1_183' title='bbox 1677 2549 1792 2604; x_wconf 79' lang='lat' dir='ltr'><strong>fuc-</strong></span> 
     </span>
    </p>
   </div>
   <div class='ocr_carea' id='block_1_25' title="bbox 189 2639 1796 2715">
    <p class='ocr_par' dir='ltr' id='par_1_25' title="bbox 189 2639 1796 2715">
     <span class='ocr_line' id='line_1_25' title="bbox 189 2639 1796 2715; baseline -0.003 -17"><span class='ocrx_word' id='word_1_184' title='bbox 189 2652 276 2698; x_wconf 87' lang='lat' dir='ltr'><strong>rat</strong></span> <span class='ocrx_word' id='word_1_185' title='bbox 304 2644 496 2698; x_wconf 90' lang='lat' dir='ltr'><strong>timore</strong></span> <span class='ocrx_word' id='word_1_186' title='bbox 519 2643 821 2715; x_wconf 89' lang='lat' dir='ltr'><strong>perculsus,</strong></span> <span class='ocrx_word' id='word_1_187' title='bbox 847 2653 1195 2714; x_wconf 88' lang='lat' dir='ltr'><strong>posteaquam</strong></span> <span class='ocrx_word' id='word_1_188' title='bbox 1212 2642 1439 2708; x_wconf 87' lang='lat' dir='ltr'><strong>obierat,</strong></span> <span class='ocrx_word' id='word_1_189' title='bbox 1465 2639 1618 2695; x_wconf 91' lang='lat' dir='ltr'><strong>nobis</strong></span> <span class='ocrx_word' id='word_1_190' title='bbox 1635 2639 1796 2694; x_wconf 86' lang='lat' dir='ltr'><strong>rebus</strong></span> 
     </span>
    </p>
   </div>
   <div class='ocr_carea' id='block_1_26' title="bbox 190 2732 1796 2807">
    <p class='ocr_par' dir='ltr' id='par_1_26' title="bbox 190 2732 1796 2807">
     <span class='ocr_line' id='line_1_26' title="bbox 190 2732 1796 2807; baseline -0.003 -18"><span class='ocrx_word' id='word_1_191' title='bbox 190 2735 324 2807; x_wconf 85' lang='lat' dir='ltr'><strong>ipsis</strong></span> <span class='ocrx_word' id='word_1_192' title='bbox 353 2735 538 2790; x_wconf 88' lang='lat' dir='ltr'><strong>volens</strong></span> <span class='ocrx_word' id='word_1_193' title='bbox 566 2735 722 2790; x_wconf 84' lang='lat' dir='ltr'><strong>fidem</strong></span> <span class='ocrx_word' id='word_1_194' title='bbox 752 2734 931 2790; x_wconf 88' lang='lat' dir='ltr'><strong>facere</strong></span> <span class='ocrx_word' id='word_1_195' title='bbox 982 2750 1042 2790; x_wconf 86' lang='lat' dir='ltr'><strong>se</strong></span> <span class='ocrx_word' id='word_1_196' title='bbox 1084 2734 1398 2789; x_wconf 89' lang='lat' dir='ltr'><strong>suscitatum</strong></span> <span class='ocrx_word' id='word_1_197' title='bbox 1425 2732 1574 2786; x_wconf 90' lang='lat' dir='ltr'><strong>illum</strong></span> <span class='ocrx_word' id='word_1_198' title='bbox 1596 2747 1625 2785; x_wconf 89' lang='lat' dir='ltr'><strong>a</strong></span> <span class='ocrx_word' id='word_1_199' title='bbox 1654 2746 1796 2785; x_wconf 92' lang='lat' dir='ltr'><strong>mor-</strong></span> 
     </span>
    </p>
   </div>
   <div class='ocr_carea' id='block_1_27' title="bbox 191 2826 1795 2898">
    <p class='ocr_par' dir='ltr' id='par_1_27' title="bbox 191 2826 1795 2898">
     <span class='ocr_line' id='line_1_27' title="bbox 191 2826 1795 2898; baseline -0.004 -15"><span class='ocrx_word' id='word_1_200' title='bbox 191 2829 303 2884; x_wconf 87' lang='lat' dir='ltr'><strong>tuis</strong></span> <span class='ocrx_word' id='word_1_201' title='bbox 323 2828 542 2895; x_wconf 89' lang='lat' dir='ltr'><strong>vidisse,</strong></span> <span class='ocrx_word' id='word_1_202' title='bbox 571 2829 650 2883; x_wconf 92' lang='lat' dir='ltr'><strong>sie</strong></span> <span class='ocrx_word' id='word_1_203' title='bbox 675 2837 898 2898; x_wconf 86' lang='lat' dir='ltr'><strong>repente</strong></span> <span class='ocrx_word' id='word_1_204' title='bbox 937 2837 1171 2883; x_wconf 90' lang='lat' dir='ltr'><strong>mutatus</strong></span> <span class='ocrx_word' id='word_1_205' title='bbox 1187 2837 1291 2894; x_wconf 89' lang='lat' dir='ltr'><strong>est,</strong></span> <span class='ocrx_word' id='word_1_206' title='bbox 1322 2836 1377 2881; x_wconf 91' lang='lat' dir='ltr'><strong>ut</strong></span> <span class='ocrx_word' id='word_1_207' title='bbox 1404 2826 1671 2896; x_wconf 84' lang='lat' dir='ltr'><strong>integrum</strong></span> <span class='ocrx_word' id='word_1_208' title='bbox 1700 2839 1795 2894; x_wconf 89' lang='lat' dir='ltr'><strong>po-</strong></span> 
     </span>
    </p>
   </div>
   <div class='ocr_carea' id='block_1_28' title="bbox 193 2916 1796 2990">
    <p class='ocr_par' dir='ltr' id='par_1_28' title="bbox 193 2916 1796 2990">
     <span class='ocr_line' id='line_1_28' title="bbox 193 2916 1796 2990; baseline -0.003 -16"><span class='ocrx_word' id='word_1_209' title='bbox 193 2921 378 2990; x_wconf 85' lang='lat' dir='ltr'><strong>pulum</strong></span> <span class='ocrx_word' id='word_1_210' title='bbox 408 2931 818 2989; x_wconf 88' lang='lat' dir='ltr'><strong>aspernaretur,</strong></span> <span class='ocrx_word' id='word_1_211' title='bbox 860 2930 916 2976; x_wconf 86' lang='lat' dir='ltr'><strong>et</strong></span> <span class='ocrx_word' id='word_1_212' title='bbox 946 2922 998 2974; x_wconf 92' lang='lat' dir='ltr'><strong>in</strong></span> <span class='ocrx_word' id='word_1_213' title='bbox 1045 2920 1279 2974; x_wconf 90' lang='lat' dir='ltr'><strong>medium</strong></span> <span class='ocrx_word' id='word_1_214' title='bbox 1305 2918 1612 2972; x_wconf 75' lang='lat' dir='ltr'><strong>Judzcorum</strong></span> <span class='ocrx_word' id='word_1_215' title='bbox 1645 2916 1796 2970; x_wconf 88' lang='lat' dir='ltr'><strong>thea-</strong></span> 
     </span>
    </p>
   </div>
   <div class='ocr_carea' id='block_1_29' title="bbox 193 3006 1802 3080">
    <p class='ocr_par' dir='ltr' id='par_1_29' title="bbox 193 3006 1802 3080">
     <span class='ocr_line' id='line_1_29' title="bbox 193 3006 1802 3080; baseline -0.002 -16"><span class='ocrx_word' id='word_1_216' title='bbox 193 3021 337 3064; x_wconf 84' lang='lat' dir='ltr'><strong>trum</strong></span> <span class='ocrx_word' id='word_1_217' title='bbox 361 3010 648 3080; x_wconf 88' lang='lat' dir='ltr'><strong>prosiliret,</strong></span> <span class='ocrx_word' id='word_1_218' title='bbox 673 3010 986 3080; x_wconf 80' lang='lat' dir='ltr'><strong>diceretque</strong></span> <span class='ocrx_word' id='word_1_219' title='bbox 1008 3010 1156 3064; x_wconf 89' lang='lat' dir='ltr'><strong>illum</strong></span> <span class='ocrx_word' id='word_1_220' title='bbox 1181 3009 1272 3078; x_wconf 86' lang='lat' dir='ltr'><strong>qui</strong></span> <span class='ocrx_word' id='word_1_221' title='bbox 1320 3008 1608 3063; x_wconf 76' lang='lat' dir='ltr'><strong>crucifixus</strong></span> <span class='ocrx_word' id='word_1_222' title='bbox 1631 3006 1802 3061; x_wconf 87' lang='lat' dir='ltr'><strong>fuerat</strong></span> 
     </span>
    </p>
   </div>
   <div class='ocr_carea' id='block_1_30' title="bbox 191 3098 1800 3170">
    <p class='ocr_par' dir='ltr' id='par_1_30' title="bbox 191 3098 1800 3170">
     <span class='ocr_line' id='line_1_30' title="bbox 191 3098 1800 3170; baseline -0.002 -16"><span class='ocrx_word' id='word_1_223' title='bbox 191 3116 260 3155; x_wconf 87' lang='lat' dir='ltr'><strong>ac</strong></span> <span class='ocrx_word' id='word_1_224' title='bbox 282 3101 544 3170; x_wconf 82' lang='lat' dir='ltr'><strong>sepultus,</strong></span> <span class='ocrx_word' id='word_1_225' title='bbox 575 3116 606 3156; x_wconf 89' lang='lat' dir='ltr'><strong>a</strong></span> <span class='ocrx_word' id='word_1_226' title='bbox 637 3100 865 3156; x_wconf 87' lang='lat' dir='ltr'><strong>mortuis</strong></span> <span class='ocrx_word' id='word_1_227' title='bbox 915 3099 1004 3156; x_wconf 90' lang='lat' dir='ltr'><strong>die</strong></span> <span class='ocrx_word' id='word_1_228' title='bbox 1032 3099 1208 3166; x_wconf 88' lang='lat' dir='ltr'><strong>tertia,</strong></span> <span class='ocrx_word' id='word_1_229' title='bbox 1234 3099 1532 3154; x_wconf 80' lang='lat' dir='ltr'><strong>surrexisse</strong></span> <span class='ocrx_word' id='word_1_230' title='bbox 1558 3106 1717 3168; x_wconf 89' lang='lat' dir='ltr'><strong>atque</strong></span> <span class='ocrx_word' id='word_1_231' title='bbox 1748 3098 1800 3150; x_wconf 91' lang='lat' dir='ltr'><strong>in</strong></span> 
     </span>
    </p>
   </div>
   <div class='ocr_carea' id='block_1_31' title="bbox 193 3191 1804 3263">
    <p class='ocr_par' dir='ltr' id='par_1_31' title="bbox 193 3191 1804 3263">
     <span class='ocr_line' id='line_1_31' title="bbox 193 3191 1804 3263; baseline -0.001 -17"><span class='ocrx_word' id='word_1_232' title='bbox 193 3193 363 3248; x_wconf 66' lang='lat' dir='ltr'><strong>caelos</strong></span> <span class='ocrx_word' id='word_1_233' title='bbox 388 3193 716 3260; x_wconf 86' lang='lat' dir='ltr'><strong>ascendisse,</strong></span> <span class='ocrx_word' id='word_1_234' title='bbox 743 3208 919 3263; x_wconf 87' lang='lat' dir='ltr'><strong>neque</strong></span> <span class='ocrx_word' id='word_1_235' title='bbox 967 3209 1027 3248; x_wconf 84' lang='lat' dir='ltr'><strong>se</strong></span> <span class='ocrx_word' id='word_1_236' title='bbox 1068 3193 1191 3247; x_wconf 89' lang='lat' dir='ltr'><strong>mali</strong></span> <span class='ocrx_word' id='word_1_237' title='bbox 1239 3192 1527 3262; x_wconf 83' lang='lat' dir='ltr'><strong>quidquam</strong></span> <span class='ocrx_word' id='word_1_238' title='bbox 1559 3191 1804 3246; x_wconf 88' lang='lat' dir='ltr'><strong>reformi-</strong></span> 
     </span>
    </p>
   </div>
   <div class='ocr_carea' id='block_1_32' title="bbox 193 3282 1805 3353">
    <p class='ocr_par' dir='ltr' id='par_1_32' title="bbox 193 3282 1805 3353">
     <span class='ocr_line' id='line_1_32' title="bbox 193 3282 1805 3353; baseline -0.002 -15"><span class='ocrx_word' id='word_1_239' title='bbox 193 3283 350 3338; x_wconf 86' lang='lat' dir='ltr'><strong>dare.</strong></span> <span class='ocrx_word' id='word_1_240' title='bbox 383 3283 534 3338; x_wconf 90' lang='lat' dir='ltr'><strong>Unde</strong></span> <span class='ocrx_word' id='word_1_241' title='bbox 566 3283 727 3353; x_wconf 78' lang='lat' dir='ltr'><strong>igitur</strong></span> <span class='ocrx_word' id='word_1_242' title='bbox 751 3284 950 3339; x_wconf 86' lang='lat' dir='ltr'><strong>factum</strong></span> <span class='ocrx_word' id='word_1_243' title='bbox 991 3291 1134 3351; x_wconf 90' lang='lat' dir='ltr'><strong>erat,</strong></span> <span class='ocrx_word' id='word_1_244' title='bbox 1160 3292 1220 3339; x_wconf 93' lang='lat' dir='ltr'><strong>ut</strong></span> <span class='ocrx_word' id='word_1_245' title='bbox 1244 3283 1380 3338; x_wconf 92' lang='lat' dir='ltr'><strong>adeo</strong></span> <span class='ocrx_word' id='word_1_246' title='bbox 1409 3282 1688 3338; x_wconf 89' lang='lat' dir='ltr'><strong>conlidens</strong></span> <span class='ocrx_word' id='word_1_247' title='bbox 1717 3295 1805 3336; x_wconf 86' lang='lat' dir='ltr'><strong>es-</strong></span> 
     </span>
    </p>
   </div>
   <div class='ocr_carea' id='block_1_33' title="bbox 195 3374 1806 3446">
    <p class='ocr_par' dir='ltr' id='par_1_33' title="bbox 195 3374 1806 3446">
     <span class='ocr_line' id='line_1_33' title="bbox 195 3374 1806 3446; baseline 0 -16"><span class='ocrx_word' id='word_1_248' title='bbox 195 3387 282 3430; x_wconf 85' lang='lat' dir='ltr'><strong>set</strong></span> <span class='ocrx_word' id='word_1_249' title='bbox 299 3375 324 3426; x_wconf 88' lang='lat'><strong>?</strong></span> <span class='ocrx_word' id='word_1_250' title='bbox 366 3374 482 3430; x_wconf 80' lang='lat' dir='ltr'><strong>Non</strong></span> <span class='ocrx_word' id='word_1_251' title='bbox 508 3374 723 3430; x_wconf 82' lang='lat' dir='ltr'><strong>aliunde</strong></span> <span class='ocrx_word' id='word_1_252' title='bbox 750 3392 903 3442; x_wconf 84' lang='lat' dir='ltr'><strong>sane,</strong></span> <span class='ocrx_word' id='word_1_253' title='bbox 932 3391 1092 3446; x_wconf 88' lang='lat' dir='ltr'><strong>quam</strong></span> <span class='ocrx_word' id='word_1_254' title='bbox 1114 3391 1178 3429; x_wconf 77' lang='lat' dir='ltr'><strong>ex</strong></span> <span class='ocrx_word' id='word_1_255' title='bbox 1213 3391 1279 3431; x_wconf 89' lang='lat' dir='ltr'><strong>co</strong></span> <span class='ocrx_word' id='word_1_256' title='bbox 1303 3375 1443 3446; x_wconf 88' lang='lat' dir='ltr'><strong>quod</strong></span> <span class='ocrx_word' id='word_1_257' title='bbox 1468 3374 1536 3431; x_wconf 89' lang='lat' dir='ltr'><strong>de</strong></span> <span class='ocrx_word' id='word_1_258' title='bbox 1561 3389 1806 3430; x_wconf 89' lang='lat' dir='ltr'><strong>resurre-</strong></span> 
     </span>
    </p>
   </div>
   <div class='ocr_carea' id='block_1_34' title="bbox 197 3465 1802 3532">
    <p class='ocr_par' dir='ltr' id='par_1_34' title="bbox 197 3465 1802 3532">
     <span class='ocr_line' id='line_1_34' title="bbox 197 3465 1802 3532; baseline -0.002 -10"><span class='ocrx_word' id='word_1_259' title='bbox 197 3467 384 3522; x_wconf 77' lang='lat' dir='ltr'><strong>ctione</strong></span> <span class='ocrx_word' id='word_1_260' title='bbox 409 3468 610 3522; x_wconf 82' lang='lat' dir='ltr'><strong>certior</strong></span> <span class='ocrx_word' id='word_1_261' title='bbox 637 3466 810 3522; x_wconf 85' lang='lat' dir='ltr'><strong>factus</strong></span> <span class='ocrx_word' id='word_1_262' title='bbox 835 3475 1000 3522; x_wconf 85' lang='lat' dir='ltr'><strong>esset.</strong></span> <span class='ocrx_word' id='word_1_263' title='bbox 1036 3467 1169 3522; x_wconf 87' lang='lat' dir='ltr'><strong>Cum</strong></span> <span class='ocrx_word' id='word_1_264' title='bbox 1197 3467 1340 3522; x_wconf 92' lang='lat' dir='ltr'><strong>enim</strong></span> <span class='ocrx_word' id='word_1_265' title='bbox 1378 3467 1528 3521; x_wconf 91' lang='lat' dir='ltr'><strong>illum</strong></span> <span class='ocrx_word' id='word_1_266' title='bbox 1558 3465 1802 3532; x_wconf 76' lang='lat' dir='ltr'><strong>vidisset,</strong></span> 
     </span>
    </p>
   </div>
   <div class='ocr_carea' id='block_1_35' title="bbox 197 3557 1808 3629">
    <p class='ocr_par' dir='ltr' id='par_1_35' title="bbox 197 3557 1808 3629">
     <span class='ocr_line' id='line_1_35' title="bbox 197 3557 1808 3629; baseline 0.001 -20"><span class='ocrx_word' id='word_1_267' title='bbox 197 3565 367 3626; x_wconf 87' lang='lat' dir='ltr'><strong>atque</strong></span> <span class='ocrx_word' id='word_1_268' title='bbox 391 3558 697 3626; x_wconf 85' lang='lat' dir='ltr'><strong>alloquutus</strong></span> <span class='ocrx_word' id='word_1_269' title='bbox 747 3567 908 3622; x_wconf 90' lang='lat' dir='ltr'><strong>esset,</strong></span> <span class='ocrx_word' id='word_1_270' title='bbox 939 3557 1112 3629; x_wconf 85' lang='lat' dir='ltr'><strong>deque</strong></span> <span class='ocrx_word' id='word_1_271' title='bbox 1140 3558 1302 3613; x_wconf 83' lang='lat' dir='ltr'><strong>rebus</strong></span> <span class='ocrx_word' id='word_1_272' title='bbox 1332 3557 1522 3613; x_wconf 91' lang='lat' dir='ltr'><strong>futuris</strong></span> <span class='ocrx_word' id='word_1_273' title='bbox 1543 3559 1706 3614; x_wconf 87' lang='lat' dir='ltr'><strong>verba</strong></span> <span class='ocrx_word' id='word_1_274' title='bbox 1739 3557 1808 3612; x_wconf 89' lang='lat' dir='ltr'><strong>fa-</strong></span> 
     </span>
    </p>
   </div>
   <div class='ocr_carea' id='block_1_36' title="bbox 198 3649 1805 3721">
    <p class='ocr_par' dir='ltr' id='par_1_36' title="bbox 198 3649 1805 3721">
     <span class='ocr_line' id='line_1_36' title="bbox 198 3649 1805 3721; baseline 0 -19"><span class='ocrx_word' id='word_1_275' title='bbox 198 3649 436 3703; x_wconf 85' lang='lat' dir='ltr'><strong>cientem</strong></span> <span class='ocrx_word' id='word_1_276' title='bbox 465 3649 742 3716; x_wconf 85' lang='lat' dir='ltr'><strong>audiisset,</strong></span> <span class='ocrx_word' id='word_1_277' title='bbox 773 3649 873 3704; x_wconf 85' lang='lat' dir='ltr'><strong>bac</strong></span> <span class='ocrx_word' id='word_1_278' title='bbox 901 3650 968 3704; x_wconf 92' lang='lat' dir='ltr'><strong>de</strong></span> <span class='ocrx_word' id='word_1_279' title='bbox 995 3665 1156 3704; x_wconf 90' lang='lat' dir='ltr'><strong>causa</strong></span> <span class='ocrx_word' id='word_1_280' title='bbox 1203 3659 1472 3721; x_wconf 85' lang='lat' dir='ltr'><strong>tamquam</strong></span> <span class='ocrx_word' id='word_1_281' title='bbox 1501 3651 1553 3704; x_wconf 89' lang='lat' dir='ltr'><strong>in</strong></span> <span class='ocrx_word' id='word_1_282' title='bbox 1581 3651 1805 3721; x_wconf 76' lang='lat' dir='ltr'><strong>gratiam</strong></span> 
     </span>
    </p>
   </div>
   <div class='ocr_carea' id='block_1_37' title="bbox 201 3736 1808 3810">
    <p class='ocr_par' dir='ltr' id='par_1_37' title="bbox 201 3736 1808 3810">
     <span class='ocr_line' id='line_1_37' title="bbox 201 3736 1808 3810; baseline 0.002 -17"><span class='ocrx_word' id='word_1_283' title='bbox 201 3739 438 3794; x_wconf 86' lang='lat' dir='ltr'><strong>hominis</strong></span> <span class='ocrx_word' id='word_1_284' title='bbox 458 3740 568 3810; x_wconf 89' lang='lat' dir='ltr'><strong>jam</strong></span> <span class='ocrx_word' id='word_1_285' title='bbox 597 3741 823 3795; x_wconf 86' lang='lat' dir='ltr'><strong>viventis</strong></span> <span class='ocrx_word' id='word_1_286' title='bbox 855 3736 1147 3810; x_wconf 88' lang='lat' dir='ltr'><strong>periculum</strong></span> <span class='ocrx_word' id='word_1_287' title='bbox 1174 3742 1347 3799; x_wconf 69' lang='lat' dir='ltr'><strong>adiret</strong></span> <span class='ocrx_word' id='word_1_288' title='bbox 1373 3784 1388 3808; x_wconf 86' lang='lat'><strong>,</strong></span> <span class='ocrx_word' id='word_1_289' title='bbox 1432 3743 1503 3798; x_wconf 90' lang='lat' dir='ltr'><strong>ita</strong></span> <span class='ocrx_word' id='word_1_290' title='bbox 1561 3758 1621 3798; x_wconf 89' lang='lat' dir='ltr'><strong>se</strong></span> <span class='ocrx_word' id='word_1_291' title='bbox 1652 3743 1808 3796; x_wconf 86' lang='lat' dir='ltr'><strong>malis</strong></span> 
     </span>
    </p>
   </div>
   <div class='ocr_carea' id='block_1_38' title="bbox 200 3830 1806 3904">
    <p class='ocr_par' dir='ltr' id='par_1_38' title="bbox 200 3830 1806 3904">
     <span class='ocr_line' id='line_1_38' title="bbox 200 3830 1806 3904; baseline 0.001 -19"><span class='ocrx_word' id='word_1_292' title='bbox 200 3830 458 3885; x_wconf 88' lang='lat' dir='ltr'><strong>omnibus</strong></span> <span class='ocrx_word' id='word_1_293' title='bbox 484 3830 790 3900; x_wconf 79' lang='lat' dir='ltr'><strong>objiciebat,</strong></span> <span class='ocrx_word' id='word_1_294' title='bbox 832 3842 1018 3902; x_wconf 83' lang='lat' dir='ltr'><strong>utpote</strong></span> <span class='ocrx_word' id='word_1_295' title='bbox 1047 3834 1137 3902; x_wconf 89' lang='lat' dir='ltr'><strong>qui</strong></span> <span class='ocrx_word' id='word_1_296' title='bbox 1179 3833 1367 3904; x_wconf 88' lang='lat' dir='ltr'><strong>majori</strong></span> <span class='ocrx_word' id='word_1_297' title='bbox 1397 3835 1590 3889; x_wconf 89' lang='lat' dir='ltr'><strong>virtute</strong></span> <span class='ocrx_word' id='word_1_298' title='bbox 1620 3849 1806 3887; x_wconf 90' lang='lat' dir='ltr'><strong>corro-</strong></span> 
     </span>
    </p>
   </div>
   <div class='ocr_carea' id='block_1_39' title="bbox 202 3921 1810 3996">
    <p class='ocr_par' dir='ltr' id='par_1_39' title="bbox 202 3921 1810 3996">
     <span class='ocr_line' id='line_1_39' title="bbox 202 3921 1810 3996; baseline 0.002 -19"><span class='ocrx_word' id='word_1_299' title='bbox 202 3921 433 3977; x_wconf 82' lang='lat' dir='ltr'><strong>boratus</strong></span> <span class='ocrx_word' id='word_1_300' title='bbox 461 3932 605 3977; x_wconf 88' lang='lat' dir='ltr'><strong>esset</strong></span> <span class='ocrx_word' id='word_1_301' title='bbox 632 3923 1062 3994; x_wconf 88' lang='lat' dir='ltr'><strong>conﬁdentiaque</strong></span> <span class='ocrx_word' id='word_1_302' title='bbox 1092 3925 1308 3993; x_wconf 87' lang='lat' dir='ltr'><strong>majori,</strong></span> <span class='ocrx_word' id='word_1_303' title='bbox 1367 3925 1447 3980; x_wconf 92' lang='lat' dir='ltr'><strong>sic</strong></span> <span class='ocrx_word' id='word_1_304' title='bbox 1481 3934 1539 3980; x_wconf 90' lang='lat' dir='ltr'><strong>ut</strong></span> <span class='ocrx_word' id='word_1_305' title='bbox 1565 3941 1664 3996; x_wconf 87' lang='lat' dir='ltr'><strong>pro</strong></span> <span class='ocrx_word' id='word_1_306' title='bbox 1694 3926 1810 3994; x_wconf 87' lang='lat' dir='ltr'><strong>ipso</strong></span> 
     </span>
    </p>
   </div>
   <div class='ocr_carea' id='block_1_40' title="bbox 202 4015 1813 4085">
    <p class='ocr_par' dir='ltr' id='par_1_40' title="bbox 202 4015 1813 4085">
     <span class='ocr_line' id='line_1_40' title="bbox 202 4015 1813 4085; baseline 0.003 -18"><span class='ocrx_word' id='word_1_307' title='bbox 202 4023 439 4067; x_wconf 87' lang='lat' dir='ltr'><strong>mortem</strong></span> <span class='ocrx_word' id='word_1_308' title='bbox 491 4023 790 4082; x_wconf 87' lang='lat' dir='ltr'><strong>Oppeteret,</strong></span> <span class='ocrx_word' id='word_1_309' title='bbox 843 4024 897 4069; x_wconf 90' lang='lat' dir='ltr'><strong>et</strong></span> <span class='ocrx_word' id='word_1_310' title='bbox 923 4015 1066 4069; x_wconf 90' lang='lat' dir='ltr'><strong>cruci</strong></span> <span class='ocrx_word' id='word_1_311' title='bbox 1113 4017 1288 4085; x_wconf 90' lang='lat' dir='ltr'><strong>capite</strong></span> <span class='ocrx_word' id='word_1_312' title='bbox 1320 4017 1370 4070; x_wconf 92' lang='lat' dir='ltr'><strong>in</strong></span> <span class='ocrx_word' id='word_1_313' title='bbox 1428 4027 1625 4072; x_wconf 90' lang='lat' dir='ltr'><strong>terram</strong></span> <span class='ocrx_word' id='word_1_314' title='bbox 1656 4031 1813 4072; x_wconf 88' lang='lat' dir='ltr'><strong>verso</strong></span> 
     </span>
    </p>
   </div>
   <div class='ocr_carea' id='block_1_41' title="bbox 203 4102 1811 4179">
    <p class='ocr_par' dir='ltr' id='par_1_41' title="bbox 203 4102 1811 4179">
     <span class='ocr_line' id='line_1_41' title="bbox 203 4102 1811 4179; baseline 0.005 -23"><span class='ocrx_word' id='word_1_315' title='bbox 203 4102 534 4174; x_wconf 86' lang='lat' dir='ltr'><strong>afﬁgeretur.</strong></span> <span class='ocrx_word' id='word_1_316' title='bbox 563 4105 696 4158; x_wconf 86' lang='lat' dir='ltr'><strong>Cum</strong></span> <span class='ocrx_word' id='word_1_317' title='bbox 728 4121 858 4176; x_wconf 81' lang='lat' dir='ltr'><strong>ergo</strong></span> <span class='ocrx_word' id='word_1_318' title='bbox 888 4107 1089 4176; x_wconf 86' lang='lat' dir='ltr'><strong>majora</strong></span> <span class='ocrx_word' id='word_1_319' title='bbox 1140 4108 1256 4164; x_wconf 90' lang='lat' dir='ltr'><strong>ﬁeri</strong></span> <span class='ocrx_word' id='word_1_320' title='bbox 1309 4109 1459 4179; x_wconf 83' lang='lat' dir='ltr'><strong>signa</strong></span> <span class='ocrx_word' id='word_1_321' title='bbox 1506 4110 1724 4171; x_wconf 85' lang='lat' dir='ltr'><strong>videris,</strong></span> <span class='ocrx_word' id='word_1_322' title='bbox 1757 4119 1811 4164; x_wconf 89' lang='lat' dir='ltr'><strong>et</strong></span> 
     </span>
    </p>
   </div>
   <div class='ocr_carea' id='block_1_42' title="bbox 203 4196 1810 4271">
    <p class='ocr_par' dir='ltr' id='par_1_42' title="bbox 203 4196 1810 4271">
     <span class='ocr_line' id='line_1_42' title="bbox 203 4196 1810 4271; baseline 0.003 -22"><span class='ocrx_word' id='word_1_323' title='bbox 203 4196 504 4264; x_wconf 90' lang='lat' dir='ltr'><strong>discipulos</strong></span> <span class='ocrx_word' id='word_1_324' title='bbox 531 4199 720 4267; x_wconf 82' lang='lat' dir='ltr'><strong>majori</strong></span> <span class='ocrx_word' id='word_1_325' title='bbox 747 4215 871 4252; x_wconf 87' lang='lat' dir='ltr'><strong>cum</strong></span> <span class='ocrx_word' id='word_1_326' title='bbox 899 4201 1281 4255; x_wconf 87' lang='lat' dir='ltr'><strong>benevolentia</strong></span> <span class='ocrx_word' id='word_1_327' title='bbox 1331 4216 1451 4256; x_wconf 87' lang='lat' dir='ltr'><strong>esse</strong></span> <span class='ocrx_word' id='word_1_328' title='bbox 1475 4203 1810 4271; x_wconf 80' lang='lat' dir='ltr'><strong>cnniplexos,</strong></span> 
     </span>
    </p>
   </div>
   <div class='ocr_carea' id='block_1_43' title="bbox 203 4291 1814 4366">
    <p class='ocr_par' dir='ltr' id='par_1_43' title="bbox 203 4291 1814 4366">
     <span class='ocr_line' id='line_1_43' title="bbox 203 4291 1814 4366; baseline 0.006 -26"><span class='ocrx_word' id='word_1_329' title='bbox 203 4291 302 4359; x_wconf 86' lang='lat' dir='ltr'><strong>qui</strong></span> <span class='ocrx_word' id='word_1_330' title='bbox 333 4291 482 4360; x_wconf 74' lang='lat' dir='ltr'><strong>prius</strong></span> <span class='ocrx_word' id='word_1_331' title='bbox 510 4307 632 4346; x_wconf 89' lang='lat' dir='ltr'><strong>eum</strong></span> <span class='ocrx_word' id='word_1_332' title='bbox 661 4299 1031 4358; x_wconf 78' lang='lat' dir='ltr'><strong>deseruerant,</strong></span> <span class='ocrx_word' id='word_1_333' title='bbox 1062 4304 1113 4348; x_wconf 92' lang='lat' dir='ltr'><strong>et</strong></span> <span class='ocrx_word' id='word_1_334' title='bbox 1138 4295 1397 4364; x_wconf 76' lang='lat' dir='ltr'><strong>majorem</strong></span> <span class='ocrx_word' id='word_1_335' title='bbox 1430 4295 1679 4350; x_wconf 85' lang='lat' dir='ltr'><strong>fiduciam</strong></span> <span class='ocrx_word' id='word_1_336' title='bbox 1703 4311 1814 4366; x_wconf 72' lang='lat' dir='ltr'><strong>pra:</strong></span> 
     </span>
    </p>
   </div>
   <div class='ocr_carea' id='block_1_44' title="bbox 204 4382 1816 4452">
    <p class='ocr_par' dir='ltr' id='par_1_44' title="bbox 204 4382 1816 4452">
     <span class='ocr_line' id='line_1_44' title="bbox 204 4382 1816 4452; baseline 0.004 -17"><span class='ocrx_word' id='word_1_337' title='bbox 204 4395 272 4435; x_wconf 84' lang='lat' dir='ltr'><strong>se</strong></span> <span class='ocrx_word' id='word_1_338' title='bbox 299 4382 458 4444; x_wconf 89' lang='lat' dir='ltr'><strong>ferre,</strong></span> <span class='ocrx_word' id='word_1_339' title='bbox 483 4383 626 4436; x_wconf 91' lang='lat' dir='ltr'><strong>omni</strong></span> <span class='ocrx_word' id='word_1_340' title='bbox 655 4399 719 4438; x_wconf 83' lang='lat' dir='ltr'><strong>ex</strong></span> <span class='ocrx_word' id='word_1_341' title='bbox 741 4392 889 4452; x_wconf 90' lang='lat' dir='ltr'><strong>parte</strong></span> <span class='ocrx_word' id='word_1_342' title='bbox 908 4385 1253 4439; x_wconf 88' lang='lat' dir='ltr'><strong>illustriorem</strong></span> <span class='ocrx_word' id='word_1_343' title='bbox 1275 4401 1452 4440; x_wconf 76' lang='lat' dir='ltr'><strong>rerum</strong></span> <span class='ocrx_word' id='word_1_344' title='bbox 1477 4385 1670 4440; x_wconf 88' lang='lat' dir='ltr'><strong>factam</strong></span> <span class='ocrx_word' id='word_1_345' title='bbox 1696 4401 1816 4442; x_wconf 86' lang='lat' dir='ltr'><strong>esse</strong></span> 
     </span>
    </p>
   </div>
   <div class='ocr_carea' id='block_1_45' title="bbox 205 4473 1816 4544">
    <p class='ocr_par' dir='ltr' id='par_1_45' title="bbox 205 4473 1816 4544">
     <span class='ocr_line' id='line_1_45' title="bbox 205 4473 1816 4544; baseline 0.002 -17"><span class='ocrx_word' id='word_1_346' title='bbox 205 4473 586 4538; x_wconf 87' lang='lat' dir='ltr'><strong>mulationem,</strong></span> <span class='ocrx_word' id='word_1_347' title='bbox 618 4476 902 4543; x_wconf 83' lang='lat' dir='ltr'><strong>omniaque</strong></span> <span class='ocrx_word' id='word_1_348' title='bbox 931 4474 1111 4529; x_wconf 82' lang='lat' dir='ltr'><strong>tutiori</strong></span> <span class='ocrx_word' id='word_1_349' title='bbox 1155 4491 1220 4530; x_wconf 91' lang='lat' dir='ltr'><strong>ac</strong></span> <span class='ocrx_word' id='word_1_350' title='bbox 1263 4475 1566 4544; x_wconf 87' lang='lat' dir='ltr'><strong>jucundiori</strong></span> <span class='ocrx_word' id='word_1_351' title='bbox 1613 4491 1734 4533; x_wconf 87' lang='lat' dir='ltr'><strong>esse</strong></span> <span class='ocrx_word' id='word_1_352' title='bbox 1765 4477 1816 4531; x_wconf 91' lang='lat' dir='ltr'><strong>in</strong></span> 
     </span>
    </p>
   </div>
   <div class='ocr_carea' id='block_1_46' title="bbox 203 4563 1819 4637">
    <p class='ocr_par' dir='ltr' id='par_1_46' title="bbox 203 4563 1819 4637">
     <span class='ocr_line' id='line_1_46' title="bbox 203 4563 1819 4637; baseline 0.001 -17"><span class='ocrx_word' id='word_1_353' title='bbox 203 4572 357 4620; x_wconf 80' lang='lat' dir='ltr'><strong>statu</strong></span> <span class='ocrx_word' id='word_1_354' title='bbox 411 4563 702 4628; x_wconf 83' lang='lat' dir='ltr'><strong>Collocata,</strong></span> <span class='ocrx_word' id='word_1_355' title='bbox 758 4574 868 4620; x_wconf 89' lang='lat' dir='ltr'><strong>tum</strong></span> <span class='ocrx_word' id='word_1_356' title='bbox 916 4565 1032 4635; x_wconf 89' lang='lat' dir='ltr'><strong>ipso</strong></span> <span class='ocrx_word' id='word_1_357' title='bbox 1089 4582 1266 4622; x_wconf 88' lang='lat' dir='ltr'><strong>rermn</strong></span> <span class='ocrx_word' id='word_1_358' title='bbox 1316 4568 1686 4637; x_wconf 66' lang='lat' dir='ltr'><strong>experimento</strong></span> <span class='ocrx_word' id='word_1_359' title='bbox 1727 4582 1819 4621; x_wconf 84' lang='lat' dir='ltr'><strong>co-</strong></span> 
     </span>
    </p>
   </div>
   <div class='ocr_carea' id='block_1_47' title="bbox 204 4657 1820 4729">
    <p class='ocr_par' dir='ltr' id='par_1_47' title="bbox 204 4657 1820 4729">
     <span class='ocr_line' id='line_1_47' title="bbox 204 4657 1820 4729; baseline 0.001 -19"><span class='ocrx_word' id='word_1_360' title='bbox 204 4671 436 4729; x_wconf 75' lang='lat' dir='ltr'><strong>gnosce,</strong></span> <span class='ocrx_word' id='word_1_361' title='bbox 468 4671 555 4711; x_wconf 88' lang='lat' dir='ltr'><strong>res</strong></span> <span class='ocrx_word' id='word_1_362' title='bbox 581 4657 779 4713; x_wconf 85' lang='lat' dir='ltr'><strong>Christi</strong></span> <span class='ocrx_word' id='word_1_363' title='bbox 810 4673 914 4714; x_wconf 90' lang='lat' dir='ltr'><strong>non</strong></span> <span class='ocrx_word' id='word_1_364' title='bbox 944 4674 1065 4713; x_wconf 89' lang='lat' dir='ltr'><strong>esse</strong></span> <span class='ocrx_word' id='word_1_365' title='bbox 1115 4661 1304 4713; x_wconf 91' lang='lat' dir='ltr'><strong>mortis</strong></span> <span class='ocrx_word' id='word_1_366' title='bbox 1349 4661 1542 4715; x_wconf 85' lang='lat' dir='ltr'><strong>ﬁnibus</strong></span> <span class='ocrx_word' id='word_1_367' title='bbox 1590 4661 1820 4715; x_wconf 88' lang='lat' dir='ltr'><strong>circum-</strong></span> 
     </span>
    </p>
   </div>
   <div class='ocr_carea' id='block_1_48' title="bbox 205 4749 1817 4817">
    <p class='ocr_par' dir='ltr' id='par_1_48' title="bbox 205 4749 1817 4817">
     <span class='ocr_line' id='line_1_48' title="bbox 205 4749 1817 4817; baseline 0.001 -14"><span class='ocrx_word' id='word_1_368' title='bbox 205 4749 418 4814; x_wconf 88' lang='lat' dir='ltr'><strong>clusas,</strong></span> <span class='ocrx_word' id='word_1_369' title='bbox 448 4749 542 4804; x_wconf 89' lang='lat' dir='ltr'><strong>sed</strong></span> <span class='ocrx_word' id='word_1_370' title='bbox 565 4751 1015 4806; x_wconf 87' lang='lat' dir='ltr'><strong>resurrectionem</strong></span> <span class='ocrx_word' id='word_1_371' title='bbox 1042 4752 1117 4806; x_wconf 90' lang='lat' dir='ltr'><strong>illi</strong></span> <span class='ocrx_word' id='word_1_372' title='bbox 1149 4751 1494 4817; x_wconf 78' lang='lat' dir='ltr'><strong>successisse,</strong></span> <span class='ocrx_word' id='word_1_373' title='bbox 1524 4767 1588 4807; x_wconf 91' lang='lat' dir='ltr'><strong>ac</strong></span> <span class='ocrx_word' id='word_1_374' title='bbox 1612 4753 1817 4816; x_wconf 83' lang='lat' dir='ltr'><strong>vivere,</strong></span> 
     </span>
    </p>
   </div>
   <div class='ocr_carea' id='block_1_49' title="bbox 207 4841 1818 4911">
    <p class='ocr_par' dir='ltr' id='par_1_49' title="bbox 207 4841 1818 4911">
     <span class='ocr_line' id='line_1_49' title="bbox 207 4841 1818 4911; baseline 0.001 -17"><span class='ocrx_word' id='word_1_375' title='bbox 207 4841 669 4910; x_wconf 73' lang='lat' dir='ltr'><strong>supersﬁtemque</strong></span> <span class='ocrx_word' id='word_1_376' title='bbox 721 4853 985 4911; x_wconf 81' lang='lat' dir='ltr'><strong>perpetuo</strong></span> <span class='ocrx_word' id='word_1_377' title='bbox 1019 4844 1330 4902; x_wconf 77' lang='lat' dir='ltr'><strong>crucifixum</strong></span> <span class='ocrx_word' id='word_1_378' title='bbox 1381 4859 1600 4899; x_wconf 88' lang='lat' dir='ltr'><strong>manere</strong></span> <span class='ocrx_word' id='word_1_379' title='bbox 1652 4844 1818 4898; x_wconf 84' lang='lat' dir='ltr'><strong>Deum</strong></span> 
     </span>
    </p>
   </div>
   <div class='ocr_carea' id='block_1_50' title="bbox 208 4931 1819 5005">
    <p class='ocr_par' dir='ltr' id='par_1_50' title="bbox 208 4931 1819 5005">
     <span class='ocr_line' id='line_1_50' title="bbox 208 4931 1819 5005; baseline -0.001 -17"><span class='ocrx_word' id='word_1_380' title='bbox 208 4931 604 4988; x_wconf 82' lang='lat' dir='ltr'><strong>immutabilem</strong></span> <span class='ocrx_word' id='word_1_381' title='bbox 633 4943 685 4988; x_wconf 91' lang='lat' dir='ltr'><strong>et</strong></span> <span class='ocrx_word' id='word_1_382' title='bbox 713 4935 1092 4989; x_wconf 73' lang='lat' dir='ltr'><strong>immortalem.</strong></span> <span class='ocrx_word' id='word_1_383' title='bbox 1153 4934 1336 5003; x_wconf 75' lang='lat' dir='ltr'><strong>Neque</strong></span> <span class='ocrx_word' id='word_1_384' title='bbox 1363 4937 1506 4990; x_wconf 91' lang='lat' dir='ltr'><strong>enim</strong></span> <span class='ocrx_word' id='word_1_385' title='bbox 1549 4936 1819 5005; x_wconf 89' lang='lat' dir='ltr'><strong>discipuli,</strong></span> 
     </span>
    </p>
   </div>
   <div class='ocr_carea' id='block_1_51' title="bbox 209 5023 1824 5094">
    <p class='ocr_par' dir='ltr' id='par_1_51' title="bbox 209 5023 1824 5094">
     <span class='ocr_line' id='line_1_51' title="bbox 209 5023 1824 5094; baseline 0.001 -14"><span class='ocrx_word' id='word_1_386' title='bbox 209 5023 324 5080; x_wconf 87' lang='lat' dir='ltr'><strong>nisi</strong></span> <span class='ocrx_word' id='word_1_387' title='bbox 359 5024 737 5079; x_wconf 74' lang='lat' dir='ltr'><strong>resutrrexiSset</strong></span> <span class='ocrx_word' id='word_1_388' title='bbox 791 5039 853 5079; x_wconf 91' lang='lat' dir='ltr'><strong>ac</strong></span> <span class='ocrx_word' id='word_1_389' title='bbox 914 5025 1144 5092; x_wconf 87' lang='lat' dir='ltr'><strong>viveret,</strong></span> <span class='ocrx_word' id='word_1_390' title='bbox 1195 5025 1398 5093; x_wconf 88' lang='lat' dir='ltr'><strong>majora</strong></span> <span class='ocrx_word' id='word_1_391' title='bbox 1448 5038 1630 5094; x_wconf 87' lang='lat' dir='ltr'><strong>postea</strong></span> <span class='ocrx_word' id='word_1_392' title='bbox 1662 5027 1824 5081; x_wconf 85' lang='lat' dir='ltr'><strong>mira-</strong></span> 
     </span>
    </p>
   </div>
   <div class='ocr_carea' id='block_1_52' title="bbox 211 5115 1818 5185">
    <p class='ocr_par' dir='ltr' id='par_1_52' title="bbox 211 5115 1818 5185">
     <span class='ocr_line' id='line_1_52' title="bbox 211 5115 1818 5185; baseline 0.002 -17"><span class='ocrx_word' id='word_1_393' title='bbox 211 5115 337 5170; x_wconf 83' lang='lat' dir='ltr'><strong>cula</strong></span> <span class='ocrx_word' id='word_1_394' title='bbox 383 5124 706 5185; x_wconf 89' lang='lat' dir='ltr'><strong>patrassent,</strong></span> <span class='ocrx_word' id='word_1_395' title='bbox 761 5132 919 5185; x_wconf 90' lang='lat' dir='ltr'><strong>quam</strong></span> <span class='ocrx_word' id='word_1_396' title='bbox 976 5132 1096 5185; x_wconf 73' lang='lat' dir='ltr'><strong>qurc</strong></span> <span class='ocrx_word' id='word_1_397' title='bbox 1151 5130 1364 5170; x_wconf 89' lang='lat' dir='ltr'><strong>crucem</strong></span> <span class='ocrx_word' id='word_1_398' title='bbox 1414 5128 1818 5185; x_wconf 70' lang='lat' dir='ltr'><strong>prmcesscraut.</strong></span> 
     </span>
    </p>
   </div>
   <div class='ocr_carea' id='block_1_53' title="bbox 212 5206 1818 5278">
    <p class='ocr_par' dir='ltr' id='par_1_53' title="bbox 212 5206 1818 5278">
     <span class='ocr_line' id='line_1_53' title="bbox 212 5206 1818 5278; baseline 0 -16"><span class='ocrx_word' id='word_1_399' title='bbox 212 5206 354 5262; x_wconf 80' lang='lat' dir='ltr'><strong>Nam</strong></span> <span class='ocrx_word' id='word_1_400' title='bbox 385 5215 496 5261; x_wconf 88' lang='lat' dir='ltr'><strong>tum</strong></span> <span class='ocrx_word' id='word_1_401' title='bbox 529 5209 783 5276; x_wconf 89' lang='lat' dir='ltr'><strong>temporis</strong></span> <span class='ocrx_word' id='word_1_402' title='bbox 811 5207 973 5261; x_wconf 91' lang='lat' dir='ltr'><strong>etiam</strong></span> <span class='ocrx_word' id='word_1_403' title='bbox 1002 5208 1251 5276; x_wconf 88' lang='lat' dir='ltr'><strong>discipuli</strong></span> <span class='ocrx_word' id='word_1_404' title='bbox 1297 5209 1632 5278; x_wconf 86' lang='lat' dir='ltr'><strong>reliquerunt</strong></span> <span class='ocrx_word' id='word_1_405' title='bbox 1657 5225 1779 5264; x_wconf 62' lang='lat' dir='ltr'><strong>eum</strong></span> <span class='ocrx_word' id='word_1_406' title='bbox 1806 5227 1818 5262; x_wconf 90' lang='lat'>:</span> 
     </span>
    </p>
   </div>
   <div class='ocr_carea' id='block_1_54' title="bbox 213 5295 1826 5368">
    <p class='ocr_par' dir='ltr' id='par_1_54' title="bbox 213 5295 1826 5368">
     <span class='ocr_line' id='line_1_54' title="bbox 213 5295 1826 5368; baseline 0.004 -18"><span class='ocrx_word' id='word_1_407' title='bbox 213 5295 327 5366; x_wconf 84' lang='lat' dir='ltr'><strong>jam</strong></span> <span class='ocrx_word' id='word_1_408' title='bbox 357 5312 488 5352; x_wconf 90' lang='lat' dir='ltr'><strong>vero</strong></span> <span class='ocrx_word' id='word_1_409' title='bbox 517 5305 659 5352; x_wconf 89' lang='lat' dir='ltr'><strong>totus</strong></span> <span class='ocrx_word' id='word_1_410' title='bbox 689 5297 754 5352; x_wconf 93' lang='lat' dir='ltr'><strong>ad</strong></span> <span class='ocrx_word' id='word_1_411' title='bbox 784 5298 933 5352; x_wconf 91' lang='lat' dir='ltr'><strong>illum</strong></span> <span class='ocrx_word' id='word_1_412' title='bbox 960 5300 1108 5354; x_wconf 91' lang='lat' dir='ltr'><strong>orbis</strong></span> <span class='ocrx_word' id='word_1_413' title='bbox 1135 5309 1400 5356; x_wconf 88' lang='lat' dir='ltr'><strong>terrarum</strong></span> <span class='ocrx_word' id='word_1_414' title='bbox 1428 5302 1657 5357; x_wconf 89' lang='lat' dir='ltr'><strong>accurrit</strong></span> <span class='ocrx_word' id='word_1_415' title='bbox 1682 5345 1697 5368; x_wconf 92' lang='lat'><strong>,</strong></span> <span class='ocrx_word' id='word_1_416' title='bbox 1730 5317 1826 5357; x_wconf 91' lang='lat' dir='ltr'><strong>ue-</strong></span> 
     </span>
    </p>
   </div>
   <div class='ocr_carea' id='block_1_55' title="bbox 215 5387 1827 5463">
    <p class='ocr_par' dir='ltr' id='par_1_55' title="bbox 215 5387 1827 5463">
     <span class='ocr_line' id='line_1_55' title="bbox 215 5387 1827 5463; baseline 0.005 -23"><span class='ocrx_word' id='word_1_417' title='bbox 215 5402 326 5457; x_wconf 89' lang='lat' dir='ltr'><strong>que</strong></span> <span class='ocrx_word' id='word_1_418' title='bbox 356 5387 545 5443; x_wconf 83' lang='lat' dir='ltr'><strong>Petrus</strong></span> <span class='ocrx_word' id='word_1_419' title='bbox 576 5390 749 5444; x_wconf 90' lang='lat' dir='ltr'><strong>solum</strong></span> <span class='ocrx_word' id='word_1_420' title='bbox 779 5431 793 5455; x_wconf 94' lang='lat'><strong>,</strong></span> <span class='ocrx_word' id='word_1_421' title='bbox 822 5390 915 5446; x_wconf 88' lang='lat' dir='ltr'><strong>sed</strong></span> <span class='ocrx_word' id='word_1_422' title='bbox 945 5399 999 5445; x_wconf 90' lang='lat' dir='ltr'><strong>et</strong></span> <span class='ocrx_word' id='word_1_423' title='bbox 1028 5391 1175 5446; x_wconf 89' lang='lat' dir='ltr'><strong>mille</strong></span> <span class='ocrx_word' id='word_1_424' title='bbox 1203 5393 1290 5446; x_wconf 85' lang='lat' dir='ltr'><strong>alii</strong></span> <span class='ocrx_word' id='word_1_425' title='bbox 1317 5435 1330 5457; x_wconf 94' lang='lat'><strong>,</strong></span> <span class='ocrx_word' id='word_1_426' title='bbox 1361 5407 1423 5446; x_wconf 85' lang='lat' dir='ltr'><strong>ac</strong></span> <span class='ocrx_word' id='word_1_427' title='bbox 1455 5392 1623 5446; x_wconf 88' lang='lat' dir='ltr'><strong>multo</strong></span> <span class='ocrx_word' id='word_1_428' title='bbox 1645 5394 1827 5463; x_wconf 89' lang='lat' dir='ltr'><strong>plures</strong></span> 
     </span>
    </p>
   </div>
   <div class='ocr_carea' id='block_1_56' title="bbox 216 5480 1824 5554">
    <p class='ocr_par' dir='ltr' id='par_1_56' title="bbox 216 5480 1824 5554">
     <span class='ocr_line' id='line_1_56' title="bbox 216 5480 1824 5554; baseline 0.007 -23"><span class='ocrx_word' id='word_1_429' title='bbox 216 5487 344 5547; x_wconf 90' lang='lat' dir='ltr'><strong>post</strong></span> <span class='ocrx_word' id='word_1_430' title='bbox 375 5480 590 5535; x_wconf 85' lang='lat' dir='ltr'><strong>Petrum</strong></span> <span class='ocrx_word' id='word_1_431' title='bbox 618 5524 633 5547; x_wconf 92' lang='lat'><strong>,</strong></span> <span class='ocrx_word' id='word_1_432' title='bbox 674 5498 739 5538; x_wconf 85' lang='lat' dir='ltr'><strong>ex</strong></span> <span class='ocrx_word' id='word_1_433' title='bbox 786 5484 892 5537; x_wconf 84' lang='lat' dir='ltr'><strong>illis</strong></span> <span class='ocrx_word' id='word_1_434' title='bbox 938 5485 1026 5554; x_wconf 90' lang='lat' dir='ltr'><strong>qui</strong></span> <span class='ocrx_word' id='word_1_435' title='bbox 1078 5485 1225 5538; x_wconf 90' lang='lat' dir='ltr'><strong>illum</strong></span> <span class='ocrx_word' id='word_1_436' title='bbox 1274 5487 1494 5545; x_wconf 88' lang='lat' dir='ltr'><strong>minime</strong></span> <span class='ocrx_word' id='word_1_437' title='bbox 1541 5487 1824 5554; x_wconf 85' lang='lat' dir='ltr'><strong>viderunt,</strong></span> 
     </span>
    </p>
   </div>
   <div class='ocr_carea' id='block_1_57' title="bbox 216 5571 1826 5649">
    <p class='ocr_par' dir='ltr' id='par_1_57' title="bbox 216 5571 1826 5649">
     <span class='ocr_line' id='line_1_57' title="bbox 216 5571 1826 5649; baseline 0.008 -25"><span class='ocrx_word' id='word_1_438' title='bbox 216 5571 430 5626; x_wconf 81' lang='lat' dir='ltr'><strong>animas</strong></span> <span class='ocrx_word' id='word_1_439' title='bbox 484 5589 582 5642; x_wconf 91' lang='lat' dir='ltr'><strong>pro</strong></span> <span class='ocrx_word' id='word_1_440' title='bbox 625 5575 718 5629; x_wconf 91' lang='lat' dir='ltr'><strong>illo</strong></span> <span class='ocrx_word' id='word_1_441' title='bbox 761 5591 885 5630; x_wconf 90' lang='lat' dir='ltr'><strong>suas</strong></span> <span class='ocrx_word' id='word_1_442' title='bbox 932 5589 1332 5647; x_wconf 76' lang='lat' dir='ltr'><strong>exposuerunt,</strong></span> <span class='ocrx_word' id='word_1_443' title='bbox 1382 5582 1555 5649; x_wconf 88' lang='lat' dir='ltr'><strong>capite</strong></span> <span class='ocrx_word' id='word_1_444' title='bbox 1597 5584 1826 5637; x_wconf 88' lang='lat' dir='ltr'><strong>truncati</strong></span> 
     </span>
    </p>
   </div>
   <div class='ocr_carea' id='block_1_58' title="bbox 219 5665 1830 5740">
    <p class='ocr_par' dir='ltr' id='par_1_58' title="bbox 219 5665 1830 5740">
     <span class='ocr_line' id='line_1_58' title="bbox 219 5665 1830 5740; baseline 0.005 -22"><span class='ocrx_word' id='word_1_445' title='bbox 219 5671 351 5718; x_wconf 88' lang='lat' dir='ltr'><strong>sunt</strong></span> <span class='ocrx_word' id='word_1_446' title='bbox 374 5705 390 5729; x_wconf 92' lang='lat'><strong>,</strong></span> <span class='ocrx_word' id='word_1_447' title='bbox 423 5674 476 5718; x_wconf 92' lang='lat' dir='ltr'><strong>et</strong></span> <span class='ocrx_word' id='word_1_448' title='bbox 505 5665 785 5723; x_wconf 88' lang='lat' dir='ltr'><strong>innumera</strong></span> <span class='ocrx_word' id='word_1_449' title='bbox 813 5675 937 5721; x_wconf 88' lang='lat' dir='ltr'><strong>sunt</strong></span> <span class='ocrx_word' id='word_1_450' title='bbox 967 5667 1105 5722; x_wconf 88' lang='lat' dir='ltr'><strong>mala</strong></span> <span class='ocrx_word' id='word_1_451' title='bbox 1137 5669 1376 5739; x_wconf 82' lang='lat' dir='ltr'><strong>perpessi</strong></span> <span class='ocrx_word' id='word_1_452' title='bbox 1405 5712 1419 5736; x_wconf 91' lang='lat'><strong>,</strong></span> <span class='ocrx_word' id='word_1_453' title='bbox 1464 5679 1518 5724; x_wconf 90' lang='lat' dir='ltr'><strong>ut</strong></span> <span class='ocrx_word' id='word_1_454' title='bbox 1546 5671 1747 5740; x_wconf 78' lang='lat' dir='ltr'><strong>integra</strong></span> <span class='ocrx_word' id='word_1_455' title='bbox 1775 5682 1830 5726; x_wconf 91' lang='lat' dir='ltr'><strong>et</strong></span> 
     </span>
    </p>
   </div>
   <div class='ocr_carea' id='block_1_59' title="bbox 220 5754 1825 5829">
    <p class='ocr_par' dir='ltr' id='par_1_59' title="bbox 220 5754 1825 5829">
     <span class='ocr_line' id='line_1_59' title="bbox 220 5754 1825 5829; baseline 0.006 -23"><span class='ocrx_word' id='word_1_456' title='bbox 220 5754 394 5809; x_wconf 63' lang='lat' dir='ltr'><strong>illaesa</strong></span> <span class='ocrx_word' id='word_1_457' title='bbox 413 5757 579 5826; x_wconf 87' lang='lat' dir='ltr'><strong>ipsius</strong></span> <span class='ocrx_word' id='word_1_458' title='bbox 593 5758 932 5814; x_wconf 84' lang='lat' dir='ltr'><strong>confessione</strong></span> <span class='ocrx_word' id='word_1_459' title='bbox 957 5771 1254 5829; x_wconf 85' lang='lat' dir='ltr'><strong>possentex</strong></span> <span class='ocrx_word' id='word_1_460' title='bbox 1283 5761 1381 5815; x_wconf 90' lang='lat' dir='ltr'><strong>hac</strong></span> <span class='ocrx_word' id='word_1_461' title='bbox 1405 5765 1506 5815; x_wconf 83' lang='lat' dir='ltr'><strong>vita</strong></span> <span class='ocrx_word' id='word_1_462' title='bbox 1532 5763 1825 5818; x_wconf 82' lang='lat' dir='ltr'><strong>discedere.</strong></span> 
     </span>
    </p>
   </div>
   <div class='ocr_carea' id='block_1_60' title="bbox 223 5846 1828 5926">
    <p class='ocr_par' dir='ltr' id='par_1_60' title="bbox 223 5846 1828 5926">
     <span class='ocr_line' id='line_1_60' title="bbox 223 5846 1828 5926; baseline 0.007 -26"><span class='ocrx_word' id='word_1_463' title='bbox 223 5846 510 5916; x_wconf 76' lang='lat' dir='ltr'><strong>Quomodo</strong></span> <span class='ocrx_word' id='word_1_464' title='bbox 538 5865 669 5921; x_wconf 73' lang='lat' dir='ltr'><strong>ergo</strong></span> <span class='ocrx_word' id='word_1_465' title='bbox 699 5853 743 5906; x_wconf 91' lang='lat' dir='ltr'><strong>is</strong></span> <span class='ocrx_word' id='word_1_466' title='bbox 767 5853 856 5923; x_wconf 84' lang='lat' dir='ltr'><strong>qui</strong></span> <span class='ocrx_word' id='word_1_467' title='bbox 886 5861 1125 5908; x_wconf 89' lang='lat' dir='ltr'><strong>mortuus</strong></span> <span class='ocrx_word' id='word_1_468' title='bbox 1169 5864 1286 5908; x_wconf 88' lang='lat' dir='ltr'><strong>erat</strong></span> <span class='ocrx_word' id='word_1_469' title='bbox 1323 5865 1377 5916; x_wconf 86' lang='lat' dir='ltr'><strong>et</strong></span> <span class='ocrx_word' id='word_1_470' title='bbox 1415 5856 1663 5926; x_wconf 80' lang='lat' dir='ltr'><strong>sepulcro</strong></span> <span class='ocrx_word' id='word_1_471' title='bbox 1703 5871 1828 5911; x_wconf 89' lang='lat' dir='ltr'><strong>con-</strong></span> 
     </span>
    </p>
   </div>
   <div class='ocr_carea' id='block_1_61' title="bbox 859 389 2842 468">
    <p class='ocr_par' dir='ltr' id='par_1_61' title="bbox 859 389 2842 468">
     <span class='ocr_line' id='line_1_61' title="bbox 859 389 2842 468; baseline -0.005 0"><span class='ocrx_word' id='word_1_472' title='bbox 859 411 997 468; x_wconf 81' lang='lat' dir='ltr'><strong>cuu</strong></span> <span class='ocrx_word' id='word_1_473' title='bbox 1037 409 1102 465; x_wconf 81' lang='lat' dir='ltr'><strong>IN</strong></span> <span class='ocrx_word' id='word_1_474' title='bbox 1145 389 1435 464; x_wconf 71' lang='lat' dir='ltr'><strong>remeo;</strong></span> <span class='ocrx_word' id='word_1_475' title='bbox 1478 399 1683 466; x_wconf 68' lang='lat' dir='ltr'><strong>acra,</strong></span> <span class='ocrx_word' id='word_1_476' title='bbox 1727 395 1882 457; x_wconf 70' lang='lat' dir='ltr'><strong>ne.</strong></span> <span class='ocrx_word' id='word_1_477' title='bbox 1926 398 1989 452; x_wconf 74' lang='lat' dir='ltr'><strong>IN</strong></span> <span class='ocrx_word' id='word_1_478' title='bbox 2022 399 2312 457; x_wconf 70' lang='lat' dir='ltr'><strong>PlthCIl’.</strong></span> <span class='ocrx_word' id='word_1_479' title='bbox 2356 401 2708 460; x_wconf 76' lang='lat' dir='ltr'><strong>ACTOltUM.</strong></span> <span class='ocrx_word' id='word_1_480' title='bbox 2754 403 2842 458; x_wconf 88' lang='lat' dir='ltr'><strong>Iv.</strong></span> 
     </span>
    </p>
   </div>
   <div class='ocr_carea' id='block_1_62' title="bbox 3400 415 3500 468">
    <p class='ocr_par' dir='ltr' id='par_1_62' title="bbox 3400 415 3500 468">
     <span class='ocr_line' id='line_1_62' title="bbox 3400 415 3500 468; baseline -0.03 -1"><span class='ocrx_word' id='word_1_481' title='bbox 3400 415 3500 468; x_wconf 74' lang='lat' dir='ltr'><strong>Illi</strong></span> 
     </span>
    </p>
   </div>
   <div class='ocr_carea' id='block_1_63' title="bbox 1894 513 3508 601">
    <p class='ocr_par' dir='ltr' id='par_1_63' title="bbox 1894 513 3508 601">
     <span class='ocr_line' id='line_1_63' title="bbox 1894 513 3508 601; baseline 0.009 -35"><span class='ocrx_word' id='word_1_482' title='bbox 1894 513 2076 570; x_wconf 90' lang='lat' dir='ltr'><strong>elusus</strong></span> <span class='ocrx_word' id='word_1_483' title='bbox 2099 556 2114 577; x_wconf 89' lang='lat'><strong>,</strong></span> <span class='ocrx_word' id='word_1_484' title='bbox 2147 525 2205 570; x_wconf 89' lang='lat' dir='ltr'><strong>ut</strong></span> <span class='ocrx_word' id='word_1_485' title='bbox 2231 525 2288 570; x_wconf 91' lang='lat' dir='ltr'><strong>tu</strong></span> <span class='ocrx_word' id='word_1_486' title='bbox 2315 515 2449 572; x_wconf 86' lang='lat' dir='ltr'><strong>dicis</strong></span> <span class='ocrx_word' id='word_1_487' title='bbox 2471 557 2488 583; x_wconf 91' lang='lat'><strong>,</strong></span> <span class='ocrx_word' id='word_1_488' title='bbox 2528 533 2561 572; x_wconf 95' lang='lat' dir='ltr'><strong>o</strong></span> <span class='ocrx_word' id='word_1_489' title='bbox 2599 517 2786 573; x_wconf 72' lang='lat' dir='ltr'><strong>Iudaee</strong></span> <span class='ocrx_word' id='word_1_490' title='bbox 2811 561 2825 585; x_wconf 93' lang='lat'><strong>,</strong></span> <span class='ocrx_word' id='word_1_491' title='bbox 2879 520 2943 601; x_wconf 39' lang='lat' dir='ltr'><strong>in.</strong></span> <span class='ocrx_word' id='word_1_492' title='bbox 2974 522 3222 579; x_wconf 91' lang='lat' dir='ltr'><strong>omnibus</strong></span> <span class='ocrx_word' id='word_1_493' title='bbox 3274 527 3365 595; x_wconf 88' lang='lat' dir='ltr'><strong>qui</strong></span> <span class='ocrx_word' id='word_1_494' title='bbox 3415 544 3508 581; x_wconf 75' lang='lat' dir='ltr'><strong>se-</strong></span> 
     </span>
    </p>
   </div>
   <div class='ocr_carea' id='block_1_64' title="bbox 1893 605 3506 688">
    <p class='ocr_par' dir='ltr' id='par_1_64' title="bbox 1893 605 3506 688">
     <span class='ocr_line' id='line_1_64' title="bbox 1893 605 3506 688; baseline 0.01 -32"><span class='ocrx_word' id='word_1_495' title='bbox 1893 605 2045 675; x_wconf 90' lang='lat' dir='ltr'><strong>quuti</strong></span> <span class='ocrx_word' id='word_1_496' title='bbox 2076 615 2202 662; x_wconf 93' lang='lat' dir='ltr'><strong>sunt</strong></span> <span class='ocrx_word' id='word_1_497' title='bbox 2227 607 2348 662; x_wconf 91' lang='lat' dir='ltr'><strong>illos</strong></span> <span class='ocrx_word' id='word_1_498' title='bbox 2369 616 2569 663; x_wconf 89' lang='lat' dir='ltr'><strong>tantam</strong></span> <span class='ocrx_word' id='word_1_499' title='bbox 2598 610 2703 664; x_wconf 91' lang='lat' dir='ltr'><strong>vim</strong></span> <span class='ocrx_word' id='word_1_500' title='bbox 2731 611 2976 666; x_wconf 89' lang='lat' dir='ltr'><strong>exhibuit</strong></span> <span class='ocrx_word' id='word_1_501' title='bbox 3003 621 3312 688; x_wconf 81' lang='lat' dir='ltr'><strong>tantamque</strong></span> <span class='ocrx_word' id='word_1_502' title='bbox 3337 616 3506 672; x_wconf 86' lang='lat' dir='ltr'><strong>virtu-</strong></span> 
     </span>
    </p>
   </div>
   <div class='ocr_carea' id='block_1_65' title="bbox 1893 697 3511 775">
    <p class='ocr_par' dir='ltr' id='par_1_65' title="bbox 1893 697 3511 775">
     <span class='ocr_line' id='line_1_65' title="bbox 1893 697 3511 775; baseline 0.008 -25"><span class='ocrx_word' id='word_1_503' title='bbox 1893 707 2000 751; x_wconf 91' lang='lat' dir='ltr'><strong>tem</strong></span> <span class='ocrx_word' id='word_1_504' title='bbox 2027 738 2043 761; x_wconf 96' lang='lat'><strong>,</strong></span> <span class='ocrx_word' id='word_1_505' title='bbox 2074 706 2131 750; x_wconf 91' lang='lat' dir='ltr'><strong>ut</strong></span> <span class='ocrx_word' id='word_1_506' title='bbox 2159 697 2240 753; x_wconf 91' lang='lat' dir='ltr'><strong>eis</strong></span> <span class='ocrx_word' id='word_1_507' title='bbox 2269 699 2659 768; x_wconf 85' lang='lat' dir='ltr'><strong>persuaderet,</strong></span> <span class='ocrx_word' id='word_1_508' title='bbox 2700 701 2873 756; x_wconf 90' lang='lat' dir='ltr'><strong>solum</strong></span> <span class='ocrx_word' id='word_1_509' title='bbox 2899 702 3052 758; x_wconf 90' lang='lat' dir='ltr'><strong>illum</strong></span> <span class='ocrx_word' id='word_1_510' title='bbox 3080 714 3138 759; x_wconf 94' lang='lat' dir='ltr'><strong>ut</strong></span> <span class='ocrx_word' id='word_1_511' title='bbox 3165 705 3455 764; x_wconf 89' lang='lat' dir='ltr'><strong>adorarent</strong></span> <span class='ocrx_word' id='word_1_512' title='bbox 3493 750 3511 775; x_wconf 97' lang='lat'><strong>,</strong></span> 
     </span>
    </p>
   </div>
   <div class='ocr_carea' id='block_1_66' title="bbox 1892 787 3503 867">
    <p class='ocr_par' dir='ltr' id='par_1_66' title="bbox 1892 787 3503 867">
     <span class='ocr_line' id='line_1_66' title="bbox 1892 787 3503 867; baseline 0.007 -26"><span class='ocrx_word' id='word_1_513' title='bbox 1892 787 2179 858; x_wconf 84' lang='lat' dir='ltr'><strong>omniaque</strong></span> <span class='ocrx_word' id='word_1_514' title='bbox 2203 789 2473 846; x_wconf 88' lang='lat' dir='ltr'><strong>sustinere</strong></span> <span class='ocrx_word' id='word_1_515' title='bbox 2511 806 2575 846; x_wconf 93' lang='lat' dir='ltr'><strong>ac</strong></span> <span class='ocrx_word' id='word_1_516' title='bbox 2601 793 2805 862; x_wconf 87' lang='lat' dir='ltr'><strong>perpeti</strong></span> <span class='ocrx_word' id='word_1_517' title='bbox 2837 792 3111 862; x_wconf 80' lang='lat' dir='ltr'><strong>mallent,</strong></span> <span class='ocrx_word' id='word_1_518' title='bbox 3146 810 3307 867; x_wconf 83' lang='lat' dir='ltr'><strong>quam</strong></span> <span class='ocrx_word' id='word_1_519' title='bbox 3349 812 3503 853; x_wconf 88' lang='lat' dir='ltr'><strong>suam</strong></span> 
     </span>
    </p>
   </div>
   <div class='ocr_carea' id='block_1_67' title="bbox 1894 879 3506 945">
    <p class='ocr_par' dir='ltr' id='par_1_67' title="bbox 1894 879 3506 945">
     <span class='ocr_line' id='line_1_67' title="bbox 1894 879 3506 945; baseline 0.007 -12"><span class='ocrx_word' id='word_1_520' title='bbox 1894 879 1948 933; x_wconf 91' lang='lat' dir='ltr'><strong>in</strong></span> <span class='ocrx_word' id='word_1_521' title='bbox 1993 879 2139 934; x_wconf 72' lang='lat' dir='ltr'><strong>illum</strong></span> <span class='ocrx_word' id='word_1_522' title='bbox 2180 879 2339 936; x_wconf 86' lang='lat' dir='ltr'><strong>fidem</strong></span> <span class='ocrx_word' id='word_1_523' title='bbox 2375 881 2665 937; x_wconf 87' lang='lat' dir='ltr'><strong>amittere?</strong></span> <span class='ocrx_word' id='word_1_524' title='bbox 2701 881 2863 938; x_wconf 85' lang='lat' dir='ltr'><strong>Vides</strong></span> <span class='ocrx_word' id='word_1_525' title='bbox 2904 884 2955 937; x_wconf 91' lang='lat' dir='ltr'><strong>in</strong></span> <span class='ocrx_word' id='word_1_526' title='bbox 2995 886 3246 943; x_wconf 88' lang='lat' dir='ltr'><strong>omnibus</strong></span> <span class='ocrx_word' id='word_1_527' title='bbox 3299 899 3506 945; x_wconf 83' lang='lat' dir='ltr'><strong>certam</strong></span> 
     </span>
    </p>
   </div>
   <div class='ocr_carea' id='block_1_68' title="bbox 1894 970 3506 1043">
    <p class='ocr_par' dir='ltr' id='par_1_68' title="bbox 1894 970 3506 1043">
     <span class='ocr_line' id='line_1_68' title="bbox 1894 970 3506 1043; baseline 0.005 -18"><span class='ocrx_word' id='word_1_528' title='bbox 1894 970 2304 1026; x_wconf 89' lang='lat' dir='ltr'><strong>resurrectionis</strong></span> <span class='ocrx_word' id='word_1_529' title='bbox 2333 973 2828 1042; x_wconf 87' lang='lat' dir='ltr'><strong>eomprobationem</strong></span> <span class='ocrx_word' id='word_1_530' title='bbox 2859 974 3078 1032; x_wconf 86' lang='lat' dir='ltr'><strong>elucere</strong></span> <span class='ocrx_word' id='word_1_531' title='bbox 3100 1019 3116 1043; x_wconf 94' lang='lat'><strong>,</strong></span> <span class='ocrx_word' id='word_1_532' title='bbox 3149 993 3274 1034; x_wconf 91' lang='lat' dir='ltr'><strong>eum</strong></span> <span class='ocrx_word' id='word_1_533' title='bbox 3315 993 3383 1036; x_wconf 80' lang='lat' dir='ltr'><strong>ex</strong></span> <span class='ocrx_word' id='word_1_534' title='bbox 3428 981 3506 1035; x_wconf 80' lang='lat' dir='ltr'><strong>si-</strong></span> 
     </span>
    </p>
   </div>
   <div class='ocr_carea' id='block_1_69' title="bbox 1892 1061 3506 1137">
    <p class='ocr_par' dir='ltr' id='par_1_69' title="bbox 1892 1061 3506 1137">
     <span class='ocr_line' id='line_1_69' title="bbox 1892 1061 3506 1137; baseline 0.006 -22"><span class='ocrx_word' id='word_1_535' title='bbox 1892 1062 2012 1132; x_wconf 84' lang='lat' dir='ltr'><strong>gnis</strong></span> <span class='ocrx_word' id='word_1_536' title='bbox 2037 1078 2158 1134; x_wconf 80' lang='lat' dir='ltr'><strong>qua:</strong></span> <span class='ocrx_word' id='word_1_537' title='bbox 2184 1071 2296 1118; x_wconf 90' lang='lat' dir='ltr'><strong>tum</strong></span> <span class='ocrx_word' id='word_1_538' title='bbox 2329 1061 2466 1118; x_wconf 88' lang='lat' dir='ltr'><strong>facta</strong></span> <span class='ocrx_word' id='word_1_539' title='bbox 2487 1072 2650 1130; x_wconf 89' lang='lat' dir='ltr'><strong>sunt,</strong></span> <span class='ocrx_word' id='word_1_540' title='bbox 2673 1081 2900 1137; x_wconf 64' lang='lat' dir='ltr'><strong>quaeque</strong></span> <span class='ocrx_word' id='word_1_541' title='bbox 2931 1082 3077 1125; x_wconf 87' lang='lat' dir='ltr'><strong>nunc</strong></span> <span class='ocrx_word' id='word_1_542' title='bbox 3099 1066 3268 1134; x_wconf 88' lang='lat' dir='ltr'><strong>ﬁunt,</strong></span> <span class='ocrx_word' id='word_1_543' title='bbox 3301 1077 3414 1125; x_wconf 91' lang='lat' dir='ltr'><strong>tum</strong></span> <span class='ocrx_word' id='word_1_544' title='bbox 3437 1084 3506 1125; x_wconf 75' lang='lat' dir='ltr'><strong>es</strong></span> 
     </span>
    </p>
   </div>
   <div class='ocr_carea' id='block_1_70' title="bbox 1894 1154 3508 1232">
    <p class='ocr_par' dir='ltr' id='par_1_70' title="bbox 1894 1154 3508 1232">
     <span class='ocr_line' id='line_1_70' title="bbox 1894 1154 3508 1232; baseline 0.003 -22"><span class='ocrx_word' id='word_1_545' title='bbox 1894 1154 2280 1226; x_wconf 89' lang='lat' dir='ltr'><strong>discipulorum</strong></span> <span class='ocrx_word' id='word_1_546' title='bbox 2312 1155 2685 1213; x_wconf 69' lang='lat' dir='ltr'><strong>bettevolentia</strong></span> <span class='ocrx_word' id='word_1_547' title='bbox 2708 1199 2725 1224; x_wconf 95' lang='lat'><strong>,</strong></span> <span class='ocrx_word' id='word_1_548' title='bbox 2752 1160 2842 1230; x_wconf 89' lang='lat' dir='ltr'><strong>qui</strong></span> <span class='ocrx_word' id='word_1_549' title='bbox 2869 1167 2982 1215; x_wconf 91' lang='lat' dir='ltr'><strong>tum</strong></span> <span class='ocrx_word' id='word_1_550' title='bbox 3011 1160 3307 1229; x_wconf 87' lang='lat' dir='ltr'><strong>vivebant,</strong></span> <span class='ocrx_word' id='word_1_551' title='bbox 3334 1173 3390 1219; x_wconf 90' lang='lat' dir='ltr'><strong>et</strong></span> <span class='ocrx_word' id='word_1_552' title='bbox 3415 1161 3508 1232; x_wconf 89' lang='lat' dir='ltr'><strong>qui</strong></span> 
     </span>
    </p>
   </div>
   <div class='ocr_carea' id='block_1_71' title="bbox 1896 1247 3509 1323">
    <p class='ocr_par' dir='ltr' id='par_1_71' title="bbox 1896 1247 3509 1323">
     <span class='ocr_line' id='line_1_71' title="bbox 1896 1247 3509 1323; baseline 0.004 -22"><span class='ocrx_word' id='word_1_553' title='bbox 1896 1261 2038 1302; x_wconf 90' lang='lat' dir='ltr'><strong>nunc</strong></span> <span class='ocrx_word' id='word_1_554' title='bbox 2069 1247 2293 1314; x_wconf 87' lang='lat' dir='ltr'><strong>vivunt,</strong></span> <span class='ocrx_word' id='word_1_555' title='bbox 2319 1255 2432 1303; x_wconf 91' lang='lat' dir='ltr'><strong>tum</strong></span> <span class='ocrx_word' id='word_1_556' title='bbox 2454 1263 2521 1304; x_wconf 80' lang='lat' dir='ltr'><strong>ex</strong></span> <span class='ocrx_word' id='word_1_557' title='bbox 2549 1249 2802 1318; x_wconf 90' lang='lat' dir='ltr'><strong>periculis</strong></span> <span class='ocrx_word' id='word_1_558' title='bbox 2827 1251 2879 1305; x_wconf 91' lang='lat' dir='ltr'><strong>in</strong></span> <span class='ocrx_word' id='word_1_559' title='bbox 2904 1253 3101 1323; x_wconf 89' lang='lat' dir='ltr'><strong>quibus</strong></span> <span class='ocrx_word' id='word_1_560' title='bbox 3126 1267 3346 1323; x_wconf 90' lang='lat' dir='ltr'><strong>semper</strong></span> <span class='ocrx_word' id='word_1_561' title='bbox 3375 1252 3509 1308; x_wconf 80' lang='lat' dir='ltr'><strong>ﬁde-</strong></span> 
     </span>
    </p>
   </div>
   <div class='ocr_carea' id='block_1_72' title="bbox 1895 1337 3511 1400">
    <p class='ocr_par' dir='ltr' id='par_1_72' title="bbox 1895 1337 3511 1400">
     <span class='ocr_line' id='line_1_72' title="bbox 1895 1337 3511 1400; baseline 0.003 -7"><span class='ocrx_word' id='word_1_562' title='bbox 1895 1337 1978 1394; x_wconf 89' lang='lat' dir='ltr'><strong>les</strong></span> <span class='ocrx_word' id='word_1_563' title='bbox 2034 1339 2431 1395; x_wconf 80' lang='lat' dir='ltr'><strong>versabantur?</strong></span> <span class='ocrx_word' id='word_1_564' title='bbox 2481 1339 2648 1396; x_wconf 76' lang='lat' dir='ltr'><strong>Visne</strong></span> <span class='ocrx_word' id='word_1_565' title='bbox 2701 1342 2998 1398; x_wconf 90' lang='lat' dir='ltr'><strong>etiamnum</strong></span> <span class='ocrx_word' id='word_1_566' title='bbox 3045 1343 3232 1400; x_wconf 86' lang='lat' dir='ltr'><strong>hostes</strong></span> <span class='ocrx_word' id='word_1_567' title='bbox 3284 1357 3511 1399; x_wconf 84' lang='lat' dir='ltr'><strong>cernere</strong></span> 
     </span>
    </p>
   </div>
   <div class='ocr_carea' id='block_1_73' title="bbox 1894 1430 3511 1504">
    <p class='ocr_par' dir='ltr' id='par_1_73' title="bbox 1894 1430 3511 1504">
     <span class='ocr_line' id='line_1_73' title="bbox 1894 1430 3511 1504; baseline 0.004 -22"><span class='ocrx_word' id='word_1_568' title='bbox 1894 1431 2189 1499; x_wconf 89' lang='lat' dir='ltr'><strong>potentiam</strong></span> <span class='ocrx_word' id='word_1_569' title='bbox 2221 1444 2286 1486; x_wconf 89' lang='lat' dir='ltr'><strong>ac</strong></span> <span class='ocrx_word' id='word_1_570' title='bbox 2313 1430 2567 1486; x_wconf 91' lang='lat' dir='ltr'><strong>virtutem</strong></span> <span class='ocrx_word' id='word_1_571' title='bbox 2606 1432 2726 1504; x_wconf 89' lang='lat' dir='ltr'><strong>ejus</strong></span> <span class='ocrx_word' id='word_1_572' title='bbox 2764 1433 3150 1504; x_wconf 88' lang='lat' dir='ltr'><strong>pertimescere</strong></span> <span class='ocrx_word' id='word_1_573' title='bbox 3172 1477 3189 1504; x_wconf 93' lang='lat'><strong>,</strong></span> <span class='ocrx_word' id='word_1_574' title='bbox 3234 1450 3298 1490; x_wconf 87' lang='lat' dir='ltr'><strong>ae</strong></span> <span class='ocrx_word' id='word_1_575' title='bbox 3338 1434 3511 1489; x_wconf 89' lang='lat' dir='ltr'><strong>multo</strong></span> 
     </span>
    </p>
   </div>
   <div class='ocr_carea' id='block_1_74' title="bbox 1894 1520 3509 1597">
    <p class='ocr_par' dir='ltr' id='par_1_74' title="bbox 1894 1520 3509 1597">
     <span class='ocr_line' id='line_1_74' title="bbox 1894 1520 3509 1597; baseline 0.006 -25"><span class='ocrx_word' id='word_1_576' title='bbox 1894 1520 2128 1591; x_wconf 90' lang='lat' dir='ltr'><strong>amplius</strong></span> <span class='ocrx_word' id='word_1_577' title='bbox 2153 1529 2275 1592; x_wconf 92' lang='lat' dir='ltr'><strong>post</strong></span> <span class='ocrx_word' id='word_1_578' title='bbox 2301 1536 2519 1578; x_wconf 91' lang='lat' dir='ltr'><strong>crucem</strong></span> <span class='ocrx_word' id='word_1_579' title='bbox 2547 1526 2821 1582; x_wconf 71' lang='lat' dir='ltr'><strong>mstuare?</strong></span> <span class='ocrx_word' id='word_1_580' title='bbox 2849 1524 2989 1581; x_wconf 85' lang='lat' dir='ltr'><strong>Audi</strong></span> <span class='ocrx_word' id='word_1_581' title='bbox 3014 1541 3145 1582; x_wconf 90' lang='lat' dir='ltr'><strong>sane</strong></span> <span class='ocrx_word' id='word_1_582' title='bbox 3173 1527 3467 1597; x_wconf 83' lang='lat' dir='ltr'><strong>prudenter</strong></span> <span class='ocrx_word' id='word_1_583' title='bbox 3489 1568 3509 1593; x_wconf 91' lang='lat'><strong>,</strong></span> 
     </span>
    </p>
   </div>
   <div class='ocr_carea' id='block_1_75' title="bbox 1894 1611 3510 1689">
    <p class='ocr_par' dir='ltr' id='par_1_75' title="bbox 1894 1611 3510 1689">
     <span class='ocr_line' id='line_1_75' title="bbox 1894 1611 3510 1689; baseline 0.005 -25"><span class='ocrx_word' id='word_1_584' title='bbox 1894 1611 2021 1681; x_wconf 90' lang='lat' dir='ltr'><strong>quid</strong></span> <span class='ocrx_word' id='word_1_585' title='bbox 2048 1611 2117 1667; x_wconf 91' lang='lat' dir='ltr'><strong>de</strong></span> <span class='ocrx_word' id='word_1_586' title='bbox 2138 1612 2223 1668; x_wconf 89' lang='lat' dir='ltr'><strong>his</strong></span> <span class='ocrx_word' id='word_1_587' title='bbox 2261 1614 2518 1684; x_wconf 87' lang='lat' dir='ltr'><strong>scriptum</strong></span> <span class='ocrx_word' id='word_1_588' title='bbox 2553 1615 2644 1669; x_wconf 89' lang='lat' dir='ltr'><strong>sit.</strong></span> <span class='ocrx_word' id='word_1_589' title='bbox 2688 1616 2815 1670; x_wconf 85' lang='lat' dir='ltr'><strong>Cum</strong></span> <span class='ocrx_word' id='word_1_590' title='bbox 2849 1619 2987 1671; x_wconf 84' lang='lat' dir='ltr'><strong>enim</strong></span> <span class='ocrx_word' id='word_1_591' title='bbox 3028 1617 3254 1672; x_wconf 80' lang='lat' dir='ltr'><strong>viderent</strong></span> <span class='ocrx_word' id='word_1_592' title='bbox 3277 1660 3292 1682; x_wconf 94' lang='lat'><strong>,</strong></span> <span class='ocrx_word' id='word_1_593' title='bbox 3338 1617 3510 1689; x_wconf 87' lang='lat' dir='ltr'><strong>inquit</strong></span> 
     </span>
    </p>
   </div>
   <div class='ocr_carea' id='block_1_76' title="bbox 1895 1704 3512 1781">
    <p class='ocr_par' dir='ltr' id='par_1_76' title="bbox 1895 1704 3512 1781">
     <span class='ocr_line' id='line_1_76' title="bbox 1895 1704 3512 1781; baseline 0.002 -23"><span class='ocrx_word' id='word_1_594' title='bbox 1895 1704 2169 1773; x_wconf 86' lang='lat' dir='ltr'><strong>Scriptura</strong></span> <span class='ocrx_word' id='word_1_595' title='bbox 2195 1746 2211 1773; x_wconf 90' lang='lat'><strong>,</strong></span> <span class='ocrx_word' id='word_1_596' title='bbox 2268 1704 2446 1761; x_wconf 68' lang='lat' dir='ltr'><strong>Judei</strong></span> <span class='ocrx_word' id='word_1_597' title='bbox 2493 1705 2638 1761; x_wconf 79' lang='lat' dir='ltr'><strong>Petri</strong></span> <span class='ocrx_word' id='word_1_598' title='bbox 2681 1708 2736 1762; x_wconf 87' lang='lat' dir='ltr'><strong>in</strong></span> <span class='ocrx_word' id='word_1_599' title='bbox 2790 1708 3044 1781; x_wconf 84' lang='lat' dir='ltr'><strong>loquendo</strong></span> <span class='ocrx_word' id='word_1_600' title='bbox 3096 1709 3406 1776; x_wconf 84' lang='lat' dir='ltr'><strong>libertatem,</strong></span> <span class='ocrx_word' id='word_1_601' title='bbox 3463 1717 3512 1763; x_wconf 87' lang='lat' dir='ltr'><strong>et</strong></span> 
     </span>
    </p>
   </div>
   <div class='ocr_carea' id='block_1_77' title="bbox 1895 1797 3505 1869">
    <p class='ocr_par' dir='ltr' id='par_1_77' title="bbox 1895 1797 3505 1869">
     <span class='ocr_line' id='line_1_77' title="bbox 1895 1797 3505 1869; baseline 0.003 -18"><span class='ocrx_word' id='word_1_602' title='bbox 1895 1797 2114 1854; x_wconf 79' lang='lat' dir='ltr'><strong>Joannis</strong></span> <span class='ocrx_word' id='word_1_603' title='bbox 2131 1840 2150 1865; x_wconf 93' lang='lat'><strong>,</strong></span> <span class='ocrx_word' id='word_1_604' title='bbox 2174 1809 2324 1869; x_wconf 83' lang='lat' dir='ltr'><strong>atque</strong></span> <span class='ocrx_word' id='word_1_605' title='bbox 2350 1801 2805 1857; x_wconf 82' lang='lat' dir='ltr'><strong>animadverterent</strong></span> <span class='ocrx_word' id='word_1_606' title='bbox 2831 1803 3060 1858; x_wconf 80' lang='lat' dir='ltr'><strong>homines</strong></span> <span class='ocrx_word' id='word_1_607' title='bbox 3088 1803 3208 1859; x_wconf 74' lang='lat' dir='ltr'><strong>illos</strong></span> <span class='ocrx_word' id='word_1_608' title='bbox 3240 1803 3505 1858; x_wconf 84' lang='lat' dir='ltr'><strong>literarum</strong></span> 
     </span>
    </p>
   </div>
   <div class='ocr_carea' id='block_1_78' title="bbox 1897 1893 3513 1969">
    <p class='ocr_par' dir='ltr' id='par_1_78' title="bbox 1897 1893 3513 1969">
     <span class='ocr_line' id='line_1_78' title="bbox 1897 1893 3513 1969; baseline 0.003 -24"><span class='ocrx_word' id='word_1_609' title='bbox 1897 1893 2048 1948; x_wconf 81' lang='lat' dir='ltr'><strong>rudes</strong></span> <span class='ocrx_word' id='word_1_610' title='bbox 2077 1901 2123 1948; x_wconf 79' lang='lat' dir='ltr'><strong>et</strong></span> <span class='ocrx_word' id='word_1_611' title='bbox 2149 1895 2411 1962; x_wconf 87' lang='lat' dir='ltr'><strong>imperitos</strong></span> <span class='ocrx_word' id='word_1_612' title='bbox 2436 1911 2542 1950; x_wconf 79' lang='lat' dir='ltr'><strong>esse</strong></span> <span class='ocrx_word' id='word_1_613' title='bbox 2560 1936 2576 1963; x_wconf 92' lang='lat'><strong>,</strong></span> <span class='ocrx_word' id='word_1_614' title='bbox 2624 1897 2942 1951; x_wconf 78' lang='lat' dir='ltr'><strong>mirabantur</strong></span> <span class='ocrx_word' id='word_1_615' title='bbox 2985 1895 3006 1969; x_wconf 89' lang='lat'>(</span> <span class='ocrx_word' id='word_1_616' title='bbox 3032 1897 3144 1950; x_wconf 84' lang='lat' dir='ltr'><strong>Act.</strong></span> <span class='ocrx_word' id='word_1_617' title='bbox 3169 1897 3223 1952; x_wconf 74' lang='grc'><strong>4.</strong></span> <span class='ocrx_word' id='word_1_618' title='bbox 3252 1897 3320 1952; x_wconf 78' lang='lat' dir='ltr'><strong>l3</strong></span> <span class='ocrx_word' id='word_1_619' title='bbox 3355 1897 3407 1966; x_wconf 86' lang='lat'><strong>),</strong></span> <span class='ocrx_word' id='word_1_620' title='bbox 3457 1905 3513 1950; x_wconf 93' lang='lat' dir='ltr'><strong>ct</strong></span> 
     </span>
    </p>
   </div>
   <div class='ocr_carea' id='block_1_79' title="bbox 1899 1986 3508 2060">
    <p class='ocr_par' dir='ltr' id='par_1_79' title="bbox 1899 1986 3508 2060">
     <span class='ocr_line' id='line_1_79' title="bbox 1899 1986 3508 2060; baseline 0 -20"><span class='ocrx_word' id='word_1_621' title='bbox 1899 1986 2213 2041; x_wconf 87' lang='lat' dir='ltr'><strong>metuebant</strong></span> <span class='ocrx_word' id='word_1_622' title='bbox 2238 2001 2345 2041; x_wconf 91' lang='lat' dir='ltr'><strong>non</strong></span> <span class='ocrx_word' id='word_1_623' title='bbox 2369 1987 2513 2058; x_wconf 92' lang='lat' dir='ltr'><strong>quod</strong></span> <span class='ocrx_word' id='word_1_624' title='bbox 2543 1989 2728 2045; x_wconf 88' lang='lat' dir='ltr'><strong>literas</strong></span> <span class='ocrx_word' id='word_1_625' title='bbox 2753 1989 3064 2057; x_wconf 85' lang='lat' dir='ltr'><strong>nescirent,</strong></span> <span class='ocrx_word' id='word_1_626' title='bbox 3093 1988 3188 2044; x_wconf 89' lang='lat' dir='ltr'><strong>sed</strong></span> <span class='ocrx_word' id='word_1_627' title='bbox 3215 1989 3359 2060; x_wconf 91' lang='lat' dir='ltr'><strong>quod</strong></span> <span class='ocrx_word' id='word_1_628' title='bbox 3384 2003 3508 2043; x_wconf 91' lang='lat' dir='ltr'><strong>eum</strong></span> 
     </span>
    </p>
   </div>
   <div class='ocr_carea' id='block_1_80' title="bbox 1901 2076 3514 2152">
    <p class='ocr_par' dir='ltr' id='par_1_80' title="bbox 1901 2076 3514 2152">
     <span class='ocr_line' id='line_1_80' title="bbox 1901 2076 3514 2152; baseline 0.001 -21"><span class='ocrx_word' id='word_1_629' title='bbox 1901 2076 2139 2134; x_wconf 90' lang='lat' dir='ltr'><strong>illiterati</strong></span> <span class='ocrx_word' id='word_1_630' title='bbox 2178 2087 2362 2134; x_wconf 88' lang='lat' dir='ltr'><strong>essent</strong></span> <span class='ocrx_word' id='word_1_631' title='bbox 2399 2094 2591 2137; x_wconf 88' lang='lat' dir='ltr'><strong>omnes</strong></span> <span class='ocrx_word' id='word_1_632' title='bbox 2630 2081 2899 2152; x_wconf 87' lang='lat' dir='ltr'><strong>sapientes</strong></span> <span class='ocrx_word' id='word_1_633' title='bbox 2942 2081 3258 2148; x_wconf 88' lang='lat' dir='ltr'><strong>vincerent,</strong></span> <span class='ocrx_word' id='word_1_634' title='bbox 3289 2080 3514 2149; x_wconf 86' lang='lat' dir='ltr'><strong>Cumque</strong></span> 
     </span>
    </p>
   </div>
   <div class='ocr_carea' id='block_1_81' title="bbox 1902 2170 3511 2244">
    <p class='ocr_par' dir='ltr' id='par_1_81' title="bbox 1902 2170 3511 2244">
     <span class='ocr_line' id='line_1_81' title="bbox 1902 2170 3511 2244; baseline 0 -21"><span class='ocrx_word' id='word_1_635' title='bbox 1902 2170 2158 2225; x_wconf 79' lang='lat' dir='ltr'><strong>hominem</strong></span> <span class='ocrx_word' id='word_1_636' title='bbox 2195 2181 2495 2238; x_wconf 87' lang='lat' dir='ltr'><strong>cernerent,</strong></span> <span class='ocrx_word' id='word_1_637' title='bbox 2540 2175 2627 2243; x_wconf 87' lang='lat' dir='ltr'><strong>qui</strong></span> <span class='ocrx_word' id='word_1_638' title='bbox 2665 2183 2876 2228; x_wconf 84' lang='lat' dir='ltr'><strong>sanatus</strong></span> <span class='ocrx_word' id='word_1_639' title='bbox 2917 2183 3061 2238; x_wconf 84' lang='lat' dir='ltr'><strong>erat,</strong></span> <span class='ocrx_word' id='word_1_640' title='bbox 3103 2173 3233 2227; x_wconf 87' lang='lat' dir='ltr'><strong>nihil</strong></span> <span class='ocrx_word' id='word_1_641' title='bbox 3279 2181 3511 2244; x_wconf 82' lang='lat' dir='ltr'><strong>poterant</strong></span> 
     </span>
    </p>
   </div>
   <div class='ocr_carea' id='block_1_82' title="bbox 1902 2263 3510 2334">
    <p class='ocr_par' dir='ltr' id='par_1_82' title="bbox 1902 2263 3510 2334">
     <span class='ocr_line' id='line_1_82' title="bbox 1902 2263 3510 2334; baseline 0.002 -19"><span class='ocrx_word' id='word_1_642' title='bbox 1902 2263 2248 2318; x_wconf 79' lang='lat' dir='ltr'><strong>contradicere</strong></span> <span class='ocrx_word' id='word_1_643' title='bbox 2277 2265 2296 2334; x_wconf 93' lang='lat'>(</span> <span class='ocrx_word' id='word_1_644' title='bbox 2323 2263 2460 2318; x_wconf 83' lang='lat' dir='ltr'><strong>Ibid.</strong></span> <span class='ocrx_word' id='word_1_645' title='bbox 2493 2282 2538 2318; x_wconf 81' lang='grc' dir='ltr'><strong>υ.</strong></span> <span class='ocrx_word' id='word_1_646' title='bbox 2573 2267 2638 2321; x_wconf 63' lang='lat' dir='ltr'><strong>ll</strong></span> <span class='ocrx_word' id='word_1_647' title='bbox 2661 2266 2710 2333; x_wconf 94' lang='lat'><strong>),</strong></span> <span class='ocrx_word' id='word_1_648' title='bbox 2743 2267 2956 2321; x_wconf 89' lang='lat' dir='ltr'><strong>tametsi</strong></span> <span class='ocrx_word' id='word_1_649' title='bbox 2985 2275 3142 2322; x_wconf 90' lang='lat' dir='ltr'><strong>antea</strong></span> <span class='ocrx_word' id='word_1_650' title='bbox 3172 2264 3510 2320; x_wconf 84' lang='lat' dir='ltr'><strong>contradice-</strong></span> 
     </span>
    </p>
   </div>
   <div class='ocr_carea' id='block_1_83' title="bbox 1902 2355 3514 2429">
    <p class='ocr_par' dir='ltr' id='par_1_83' title="bbox 1902 2355 3514 2429">
     <span class='ocr_line' id='line_1_83' title="bbox 1902 2355 3514 2429; baseline -0.001 -18"><span class='ocrx_word' id='word_1_651' title='bbox 1902 2355 2031 2411; x_wconf 88' lang='lat' dir='ltr'><strong>bant</strong></span> <span class='ocrx_word' id='word_1_652' title='bbox 2058 2371 2179 2410; x_wconf 92' lang='lat' dir='ltr'><strong>cum</strong></span> <span class='ocrx_word' id='word_1_653' title='bbox 2210 2355 2361 2427; x_wconf 80' lang='lat' dir='ltr'><strong>signa</strong></span> <span class='ocrx_word' id='word_1_654' title='bbox 2393 2356 2509 2413; x_wconf 90' lang='lat' dir='ltr'><strong>ﬁeri</strong></span> <span class='ocrx_word' id='word_1_655' title='bbox 2534 2358 2796 2415; x_wconf 89' lang='lat' dir='ltr'><strong>viderent.</strong></span> <span class='ocrx_word' id='word_1_656' title='bbox 2827 2357 2933 2414; x_wconf 91' lang='lat' dir='ltr'><strong>Cur</strong></span> <span class='ocrx_word' id='word_1_657' title='bbox 2965 2359 3123 2429; x_wconf 81' lang='lat' dir='ltr'><strong>igitur</strong></span> <span class='ocrx_word' id='word_1_658' title='bbox 3152 2367 3261 2413; x_wconf 90' lang='lat' dir='ltr'><strong>tum</strong></span> <span class='ocrx_word' id='word_1_659' title='bbox 3292 2357 3514 2412; x_wconf 91' lang='lat' dir='ltr'><strong>minime</strong></span> 
     </span>
    </p>
   </div>
   <div class='ocr_carea' id='block_1_84' title="bbox 1905 2448 3514 2520">
    <p class='ocr_par' dir='ltr' id='par_1_84' title="bbox 1905 2448 3514 2520">
     <span class='ocr_line' id='line_1_84' title="bbox 1905 2448 3514 2520; baseline 0 -19"><span class='ocrx_word' id='word_1_660' title='bbox 1905 2448 2389 2504; x_wconf 85' lang='lat' dir='ltr'><strong>contradicebant?</strong></span> <span class='ocrx_word' id='word_1_661' title='bbox 2440 2449 2741 2506; x_wconf 85' lang='lat' dir='ltr'><strong>Cobibebat</strong></span> <span class='ocrx_word' id='word_1_662' title='bbox 2793 2450 3005 2505; x_wconf 91' lang='lat' dir='ltr'><strong>illorum</strong></span> <span class='ocrx_word' id='word_1_663' title='bbox 3060 2450 3293 2520; x_wconf 87' lang='lat' dir='ltr'><strong>linguam</strong></span> <span class='ocrx_word' id='word_1_664' title='bbox 3340 2449 3514 2503; x_wconf 89' lang='lat' dir='ltr'><strong>virtus</strong></span> 
     </span>
    </p>
   </div>
   <div class='ocr_carea' id='block_1_85' title="bbox 1905 2542 3514 2609">
    <p class='ocr_par' dir='ltr' id='par_1_85' title="bbox 1905 2542 3514 2609">
     <span class='ocr_line' id='line_1_85' title="bbox 1905 2542 3514 2609; baseline 0.001 -14"><span class='ocrx_word' id='word_1_665' title='bbox 1905 2542 2185 2597; x_wconf 89' lang='lat' dir='ltr'><strong>invisibilis</strong></span> <span class='ocrx_word' id='word_1_666' title='bbox 2228 2543 2514 2598; x_wconf 82' lang='lat' dir='ltr'><strong>cruciﬁxi:</strong></span> <span class='ocrx_word' id='word_1_667' title='bbox 2567 2544 2657 2600; x_wconf 89' lang='lat' dir='ltr'><strong>ille</strong></span> <span class='ocrx_word' id='word_1_668' title='bbox 2705 2559 2767 2599; x_wconf 92' lang='lat' dir='ltr'><strong>os</strong></span> <span class='ocrx_word' id='word_1_669' title='bbox 2810 2559 3000 2600; x_wconf 92' lang='lat' dir='ltr'><strong>eorum</strong></span> <span class='ocrx_word' id='word_1_670' title='bbox 3052 2543 3376 2609; x_wconf 87' lang='lat' dir='ltr'><strong>obturabat,</strong></span> <span class='ocrx_word' id='word_1_671' title='bbox 3421 2542 3514 2597; x_wconf 91' lang='lat' dir='ltr'><strong>ille</strong></span> 
     </span>
    </p>
   </div>
   <div class='ocr_carea' id='block_1_86' title="bbox 1905 2633 3512 2706">
    <p class='ocr_par' dir='ltr' id='par_1_86' title="bbox 1905 2633 3512 2706">
     <span class='ocr_line' id='line_1_86' title="bbox 1905 2633 3512 2706; baseline 0 -19"><span class='ocrx_word' id='word_1_672' title='bbox 1905 2633 2208 2690; x_wconf 85' lang='lat' dir='ltr'><strong>libertatem</strong></span> <span class='ocrx_word' id='word_1_673' title='bbox 2241 2637 2295 2688; x_wconf 91' lang='lat' dir='ltr'><strong>in</strong></span> <span class='ocrx_word' id='word_1_674' title='bbox 2326 2634 2555 2690; x_wconf 89' lang='lat' dir='ltr'><strong>dicendo</strong></span> <span class='ocrx_word' id='word_1_675' title='bbox 2591 2635 2969 2706; x_wconf 87' lang='lat' dir='ltr'><strong>compescebat</strong></span> <span class='ocrx_word' id='word_1_676' title='bbox 3016 2653 3030 2689; x_wconf 90' lang='lat'><strong>:</strong></span> <span class='ocrx_word' id='word_1_677' title='bbox 3074 2644 3358 2706; x_wconf 82' lang='lat' dir='ltr'><strong>prepterea</strong></span> <span class='ocrx_word' id='word_1_678' title='bbox 3398 2644 3512 2688; x_wconf 79' lang='lat' dir='ltr'><strong>sta-</strong></span> 
     </span>
    </p>
   </div>
   <div class='ocr_carea' id='block_1_87' title="bbox 1905 2725 3514 2797">
    <p class='ocr_par' dir='ltr' id='par_1_87' title="bbox 1905 2725 3514 2797">
     <span class='ocr_line' id='line_1_87' title="bbox 1905 2725 3514 2797; baseline 0.001 -18"><span class='ocrx_word' id='word_1_679' title='bbox 1905 2725 2033 2780; x_wconf 90' lang='lat' dir='ltr'><strong>bant</strong></span> <span class='ocrx_word' id='word_1_680' title='bbox 2055 2765 2074 2794; x_wconf 88' lang='lat'><strong>,</strong></span> <span class='ocrx_word' id='word_1_681' title='bbox 2101 2741 2276 2797; x_wconf 83' lang='lat' dir='ltr'><strong>neque</strong></span> <span class='ocrx_word' id='word_1_682' title='bbox 2301 2735 2548 2797; x_wconf 87' lang='lat' dir='ltr'><strong>poterant</strong></span> <span class='ocrx_word' id='word_1_683' title='bbox 2568 2726 2962 2783; x_wconf 88' lang='lat' dir='ltr'><strong>contradicere.</strong></span> <span class='ocrx_word' id='word_1_684' title='bbox 2986 2727 3118 2781; x_wconf 69' lang='lat' dir='ltr'><strong>Cum</strong></span> <span class='ocrx_word' id='word_1_685' title='bbox 3144 2733 3324 2782; x_wconf 88' lang='lat' dir='ltr'><strong>autem</strong></span> <span class='ocrx_word' id='word_1_686' title='bbox 3351 2727 3514 2782; x_wconf 82' lang='lat' dir='ltr'><strong>verba</strong></span> 
     </span>
    </p>
   </div>
   <div class='ocr_carea' id='block_1_88' title="bbox 1906 2817 3515 2890">
    <p class='ocr_par' dir='ltr' id='par_1_88' title="bbox 1906 2817 3515 2890">
     <span class='ocr_line' id='line_1_88' title="bbox 1906 2817 3515 2890; baseline 0.001 -20"><span class='ocrx_word' id='word_1_687' title='bbox 1906 2819 2067 2871; x_wconf 87' lang='lat' dir='ltr'><strong>etiam</strong></span> <span class='ocrx_word' id='word_1_688' title='bbox 2097 2818 2474 2887; x_wconf 88' lang='lat' dir='ltr'><strong>protulerunt,</strong></span> <span class='ocrx_word' id='word_1_689' title='bbox 2503 2819 2625 2874; x_wconf 84' lang='lat' dir='ltr'><strong>vide</strong></span> <span class='ocrx_word' id='word_1_690' title='bbox 2651 2835 2758 2890; x_wconf 91' lang='lat' dir='ltr'><strong>quo</strong></span> <span class='ocrx_word' id='word_1_691' title='bbox 2794 2827 2950 2889; x_wconf 89' lang='lat' dir='ltr'><strong>pacto</strong></span> <span class='ocrx_word' id='word_1_692' title='bbox 2993 2825 3192 2873; x_wconf 89' lang='lat' dir='ltr'><strong>metum</strong></span> <span class='ocrx_word' id='word_1_693' title='bbox 3237 2833 3393 2873; x_wconf 89' lang='lat' dir='ltr'><strong>suum</strong></span> <span class='ocrx_word' id='word_1_694' title='bbox 3434 2817 3515 2872; x_wconf 90' lang='lat' dir='ltr'><strong>fa-</strong></span> 
     </span>
    </p>
   </div>
   <div class='ocr_carea' id='block_1_89' title="bbox 1908 2910 3516 2982">
    <p class='ocr_par' dir='ltr' id='par_1_89' title="bbox 1908 2910 3516 2982">
     <span class='ocr_line' id='line_1_89' title="bbox 1908 2910 3516 2982; baseline -0.002 -17"><span class='ocrx_word' id='word_1_695' title='bbox 1908 2920 2144 2966; x_wconf 89' lang='lat' dir='ltr'><strong>teantur.</strong></span> <span class='ocrx_word' id='word_1_696' title='bbox 2184 2910 2348 2966; x_wconf 82' lang='lat' dir='ltr'><strong>Vultis</strong></span> <span class='ocrx_word' id='word_1_697' title='bbox 2374 2955 2388 2978; x_wconf 94' lang='lat'><strong>,</strong></span> <span class='ocrx_word' id='word_1_698' title='bbox 2420 2912 2669 2982; x_wconf 90' lang='lat' dir='ltr'><strong>inquiunt</strong></span> <span class='ocrx_word' id='word_1_699' title='bbox 2695 2953 2710 2976; x_wconf 92' lang='lat'><strong>,</strong></span> <span class='ocrx_word' id='word_1_700' title='bbox 2741 2912 2981 2967; x_wconf 70' lang='lat' dir='ltr'><strong>inducere</strong></span> <span class='ocrx_word' id='word_1_701' title='bbox 3008 2928 3162 2982; x_wconf 83' lang='lat' dir='ltr'><strong>super</strong></span> <span class='ocrx_word' id='word_1_702' title='bbox 3187 2927 3278 2967; x_wconf 91' lang='lat' dir='ltr'><strong>nos</strong></span> <span class='ocrx_word' id='word_1_703' title='bbox 3304 2926 3516 2982; x_wconf 76' lang='lat' dir='ltr'><strong>sangui-</strong></span> 
     </span>
    </p>
   </div>
   <div class='ocr_carea' id='block_1_90' title="bbox 1907 3001 3518 3076">
    <p class='ocr_par' dir='ltr' id='par_1_90' title="bbox 1907 3001 3518 3076">
     <span class='ocr_line' id='line_1_90' title="bbox 1907 3001 3518 3076; baseline -0.001 -21"><span class='ocrx_word' id='word_1_704' title='bbox 1907 3019 2020 3057; x_wconf 87' lang='lat' dir='ltr'><strong>nem</strong></span> <span class='ocrx_word' id='word_1_705' title='bbox 2068 3004 2286 3056; x_wconf 87' lang='lat' dir='ltr'><strong>hominis</strong></span> <span class='ocrx_word' id='word_1_706' title='bbox 2334 3004 2480 3057; x_wconf 84' lang='lat' dir='ltr'><strong>istius</strong></span> <span class='ocrx_word' id='word_1_707' title='bbox 2523 3002 2649 3076; x_wconf 80' lang='lat' dir='ltr'><strong>(Ib.</strong></span> <span class='ocrx_word' id='word_1_708' title='bbox 2679 3005 2734 3060; x_wconf 86' lang='lat'><strong>5.</strong></span> <span class='ocrx_word' id='word_1_709' title='bbox 2763 3003 2833 3059; x_wconf 72' lang='lat'><strong>28</strong></span> <span class='ocrx_word' id='word_1_710' title='bbox 2861 3003 2914 3074; x_wconf 86' lang='lat'><strong>)?</strong></span> <span class='ocrx_word' id='word_1_711' title='bbox 2960 3005 3028 3058; x_wconf 87' lang='lat' dir='ltr'><strong>At</strong></span> <span class='ocrx_word' id='word_1_712' title='bbox 3073 3002 3216 3058; x_wconf 87' lang='lat' dir='ltr'><strong>enim</strong></span> <span class='ocrx_word' id='word_1_713' title='bbox 3255 3003 3302 3058; x_wconf 90' lang='lat' dir='ltr'><strong>si</strong></span> <span class='ocrx_word' id='word_1_714' title='bbox 3342 3001 3518 3056; x_wconf 90' lang='lat' dir='ltr'><strong>nudus</strong></span> 
     </span>
    </p>
   </div>
   <div class='ocr_carea' id='block_1_91' title="bbox 1909 3095 3517 3168">
    <p class='ocr_par' dir='ltr' id='par_1_91' title="bbox 1909 3095 3517 3168">
     <span class='ocr_line' id='line_1_91' title="bbox 1909 3095 3517 3168; baseline 0 -20"><span class='ocrx_word' id='word_1_715' title='bbox 1909 3095 2073 3150; x_wconf 92' lang='lat' dir='ltr'><strong>homo</strong></span> <span class='ocrx_word' id='word_1_716' title='bbox 2110 3105 2232 3161; x_wconf 91' lang='lat' dir='ltr'><strong>est,</strong></span> <span class='ocrx_word' id='word_1_717' title='bbox 2275 3111 2373 3150; x_wconf 91' lang='lat' dir='ltr'><strong>cur</strong></span> <span class='ocrx_word' id='word_1_718' title='bbox 2416 3096 2532 3167; x_wconf 88' lang='lat' dir='ltr'><strong>ejus</strong></span> <span class='ocrx_word' id='word_1_719' title='bbox 2581 3099 2896 3168; x_wconf 87' lang='lat' dir='ltr'><strong>sanguinem</strong></span> <span class='ocrx_word' id='word_1_720' title='bbox 2940 3096 3318 3168; x_wconf 88' lang='lat' dir='ltr'><strong>pertimescis?</strong></span> <span class='ocrx_word' id='word_1_721' title='bbox 3356 3109 3517 3166; x_wconf 88' lang='lat' dir='ltr'><strong>quam</strong></span> 
     </span>
    </p>
   </div>
   <div class='ocr_carea' id='block_1_92' title="bbox 1910 3177 3520 3261">
    <p class='ocr_par' dir='ltr' id='par_1_92' title="bbox 1910 3177 3520 3261">
     <span class='ocr_line' id='line_1_92' title="bbox 1910 3177 3520 3261; baseline -0.002 -19"><span class='ocrx_word' id='word_1_722' title='bbox 1910 3188 2107 3243; x_wconf 90' lang='lat' dir='ltr'><strong>multos</strong></span> <span class='ocrx_word' id='word_1_723' title='bbox 2136 3187 2426 3258; x_wconf 87' lang='lat' dir='ltr'><strong>prophetas</strong></span> <span class='ocrx_word' id='word_1_724' title='bbox 2453 3190 2696 3245; x_wconf 91' lang='lat' dir='ltr'><strong>occidisti</strong></span> <span class='ocrx_word' id='word_1_725' title='bbox 2723 3232 2739 3256; x_wconf 92' lang='lat'><strong>,</strong></span> <span class='ocrx_word' id='word_1_726' title='bbox 2768 3206 2928 3261; x_wconf 86' lang='lat' dir='ltr'><strong>quam</strong></span> <span class='ocrx_word' id='word_1_727' title='bbox 2950 3189 3340 3259; x_wconf 78' lang='lat' dir='ltr'><strong>multcsjustos</strong></span> <span class='ocrx_word' id='word_1_728' title='bbox 3362 3177 3520 3258; x_wconf 78' lang='lat' dir='ltr'><strong>jugu-</strong></span> 
     </span>
    </p>
   </div>
   <div class='ocr_carea' id='block_1_93' title="bbox 1912 3278 3521 3353">
    <p class='ocr_par' dir='ltr' id='par_1_93' title="bbox 1912 3278 3521 3353">
     <span class='ocr_line' id='line_1_93' title="bbox 1912 3278 3521 3353; baseline -0.001 -19"><span class='ocrx_word' id='word_1_729' title='bbox 1912 3280 2033 3335; x_wconf 88' lang='lat' dir='ltr'><strong>lasti</strong></span> <span class='ocrx_word' id='word_1_730' title='bbox 2060 3322 2074 3344; x_wconf 91' lang='lat'><strong>,</strong></span> <span class='ocrx_word' id='word_1_731' title='bbox 2103 3280 2290 3336; x_wconf 74' lang='lat' dir='ltr'><strong>.ludtce</strong></span> <span class='ocrx_word' id='word_1_732' title='bbox 2312 3321 2327 3346; x_wconf 95' lang='lat'><strong>,</strong></span> <span class='ocrx_word' id='word_1_733' title='bbox 2361 3296 2460 3337; x_wconf 91' lang='lat' dir='ltr'><strong>nec</strong></span> <span class='ocrx_word' id='word_1_734' title='bbox 2490 3281 2650 3337; x_wconf 90' lang='lat' dir='ltr'><strong>ullius</strong></span> <span class='ocrx_word' id='word_1_735' title='bbox 2680 3282 2894 3337; x_wconf 92' lang='lat' dir='ltr'><strong>illorum</strong></span> <span class='ocrx_word' id='word_1_736' title='bbox 2924 3284 3238 3353; x_wconf 88' lang='lat' dir='ltr'><strong>sanguinem</strong></span> <span class='ocrx_word' id='word_1_737' title='bbox 3267 3278 3521 3335; x_wconf 90' lang='lat' dir='ltr'><strong>reformi-</strong></span> 
     </span>
    </p>
   </div>
   <div class='ocr_carea' id='block_1_94' title="bbox 1912 3373 3516 3445">
    <p class='ocr_par' dir='ltr' id='par_1_94' title="bbox 1912 3373 3516 3445">
     <span class='ocr_line' id='line_1_94' title="bbox 1912 3373 3516 3445; baseline -0.001 -17"><span class='ocrx_word' id='word_1_738' title='bbox 1912 3373 2050 3428; x_wconf 84' lang='lat' dir='ltr'><strong>dasti</strong></span> <span class='ocrx_word' id='word_1_739' title='bbox 2074 3376 2096 3427; x_wconf 89' lang='lat'><strong>?</strong></span> <span class='ocrx_word' id='word_1_740' title='bbox 2123 3390 2218 3429; x_wconf 91' lang='lat' dir='ltr'><strong>cur</strong></span> <span class='ocrx_word' id='word_1_741' title='bbox 2245 3374 2404 3445; x_wconf 80' lang='lat' dir='ltr'><strong>igitur</strong></span> <span class='ocrx_word' id='word_1_742' title='bbox 2435 3375 2521 3429; x_wconf 91' lang='lat' dir='ltr'><strong>hic</strong></span> <span class='ocrx_word' id='word_1_743' title='bbox 2551 3375 2913 3431; x_wconf 82' lang='lat' dir='ltr'><strong>reformidas?</strong></span> <span class='ocrx_word' id='word_1_744' title='bbox 2951 3376 3094 3432; x_wconf 75' lang='lat' dir='ltr'><strong>Vere</strong></span> <span class='ocrx_word' id='word_1_745' title='bbox 3132 3374 3516 3431; x_wconf 83' lang='lat' dir='ltr'><strong>conscientiam</strong></span> 
     </span>
    </p>
   </div>
   <div class='ocr_carea' id='block_1_95' title="bbox 1913 3467 3518 3540">
    <p class='ocr_par' dir='ltr' id='par_1_95' title="bbox 1913 3467 3518 3540">
     <span class='ocr_line' id='line_1_95' title="bbox 1913 3467 3518 3540; baseline -0.001 -18"><span class='ocrx_word' id='word_1_746' title='bbox 1913 3468 2152 3523; x_wconf 89' lang='lat' dir='ltr'><strong>terrebat</strong></span> <span class='ocrx_word' id='word_1_747' title='bbox 2207 3469 2418 3522; x_wconf 89' lang='lat' dir='ltr'><strong>illorum</strong></span> <span class='ocrx_word' id='word_1_748' title='bbox 2472 3469 2804 3536; x_wconf 81' lang='lat' dir='ltr'><strong>crucifixus,</strong></span> <span class='ocrx_word' id='word_1_749' title='bbox 2863 3484 3124 3540; x_wconf 86' lang='lat' dir='ltr'><strong>suamque</strong></span> <span class='ocrx_word' id='word_1_750' title='bbox 3181 3467 3518 3522; x_wconf 84' lang='lat' dir='ltr'><strong>formidinem</strong></span> 
     </span>
    </p>
   </div>
   <div class='ocr_carea' id='block_1_96' title="bbox 1914 3560 3521 3631">
    <p class='ocr_par' dir='ltr' id='par_1_96' title="bbox 1914 3560 3521 3631">
     <span class='ocr_line' id='line_1_96' title="bbox 1914 3560 3521 3631; baseline -0.001 -15"><span class='ocrx_word' id='word_1_751' title='bbox 1914 3576 2037 3616; x_wconf 92' lang='lat' dir='ltr'><strong>eum</strong></span> <span class='ocrx_word' id='word_1_752' title='bbox 2061 3560 2334 3617; x_wconf 90' lang='lat' dir='ltr'><strong>occultare</strong></span> <span class='ocrx_word' id='word_1_753' title='bbox 2377 3576 2483 3616; x_wconf 89' lang='lat' dir='ltr'><strong>non</strong></span> <span class='ocrx_word' id='word_1_754' title='bbox 2531 3572 2789 3631; x_wconf 89' lang='lat' dir='ltr'><strong>possent,</strong></span> <span class='ocrx_word' id='word_1_755' title='bbox 2835 3562 2919 3618; x_wconf 87' lang='lat' dir='ltr'><strong>vel</strong></span> <span class='ocrx_word' id='word_1_756' title='bbox 2962 3563 3124 3618; x_wconf 89' lang='lat' dir='ltr'><strong>etiam</strong></span> <span class='ocrx_word' id='word_1_757' title='bbox 3175 3563 3324 3618; x_wconf 89' lang='lat' dir='ltr'><strong>inviti</strong></span> <span class='ocrx_word' id='word_1_758' title='bbox 3369 3576 3521 3618; x_wconf 89' lang='lat' dir='ltr'><strong>suam</strong></span> 
     </span>
    </p>
   </div>
   <div class='ocr_carea' id='block_1_97' title="bbox 1913 3651 3522 3709">
    <p class='ocr_par' dir='ltr' id='par_1_97' title="bbox 1913 3651 3522 3709">
     <span class='ocr_line' id='line_1_97' title="bbox 1913 3651 3522 3709; baseline -0.001 -3"><span class='ocrx_word' id='word_1_759' title='bbox 1913 3667 2095 3707; x_wconf 87' lang='lat' dir='ltr'><strong>coram</strong></span> <span class='ocrx_word' id='word_1_760' title='bbox 2127 3653 2356 3707; x_wconf 90' lang='lat' dir='ltr'><strong>inimicis</strong></span> <span class='ocrx_word' id='word_1_761' title='bbox 2384 3653 2804 3708; x_wconf 87' lang='lat' dir='ltr'><strong>imbecillitatem</strong></span> <span class='ocrx_word' id='word_1_762' title='bbox 2837 3653 3091 3709; x_wconf 85' lang='lat' dir='ltr'><strong>fatentur.</strong></span> <span class='ocrx_word' id='word_1_763' title='bbox 3119 3655 3197 3709; x_wconf 81' lang='lat' dir='ltr'><strong>Ac</strong></span> <span class='ocrx_word' id='word_1_764' title='bbox 3220 3651 3347 3708; x_wconf 90' lang='lat' dir='ltr'><strong>dum</strong></span> <span class='ocrx_word' id='word_1_765' title='bbox 3371 3652 3522 3706; x_wconf 92' lang='lat' dir='ltr'><strong>illum</strong></span> 
     </span>
    </p>
   </div>
   <div class='ocr_carea' id='block_1_98' title="bbox 1915 3743 3526 3814">
    <p class='ocr_par' dir='ltr' id='par_1_98' title="bbox 1915 3743 3526 3814">
     <span class='ocr_line' id='line_1_98' title="bbox 1915 3743 3526 3814; baseline 0 -19"><span class='ocrx_word' id='word_1_766' title='bbox 1915 3743 2130 3812; x_wconf 90' lang='lat' dir='ltr'><strong>quidem</strong></span> <span class='ocrx_word' id='word_1_767' title='bbox 2162 3743 2543 3814; x_wconf 86' lang='lat' dir='ltr'><strong>cruciﬁgerent</strong></span> <span class='ocrx_word' id='word_1_768' title='bbox 2567 3785 2583 3810; x_wconf 90' lang='lat'><strong>,</strong></span> <span class='ocrx_word' id='word_1_769' title='bbox 2624 3744 2931 3798; x_wconf 88' lang='lat' dir='ltr'><strong>clamabant</strong></span> <span class='ocrx_word' id='word_1_770' title='bbox 2970 3743 3211 3799; x_wconf 88' lang='lat' dir='ltr'><strong>dicentes</strong></span> <span class='ocrx_word' id='word_1_771' title='bbox 3235 3785 3250 3808; x_wconf 94' lang='lat'><strong>,</strong></span> <span class='ocrx_word' id='word_1_772' title='bbox 3298 3743 3526 3813; x_wconf 86' lang='lat' dir='ltr'><strong>Sanguis</strong></span> 
     </span>
    </p>
   </div>
   <div class='ocr_carea' id='block_1_99' title="bbox 1914 3835 3522 3909">
    <p class='ocr_par' dir='ltr' id='par_1_99' title="bbox 1914 3835 3522 3909">
     <span class='ocr_line' id='line_1_99' title="bbox 1914 3835 3522 3909; baseline 0.001 -19"><span class='ocrx_word' id='word_1_773' title='bbox 1914 3839 2027 3902; x_wconf 84' lang='lat' dir='ltr'><strong>eius</strong></span> <span class='ocrx_word' id='word_1_774' title='bbox 2053 3852 2206 3905; x_wconf 84' lang='lat' dir='ltr'><strong>super</strong></span> <span class='ocrx_word' id='word_1_775' title='bbox 2231 3853 2323 3891; x_wconf 89' lang='lat' dir='ltr'><strong>nos</strong></span> <span class='ocrx_word' id='word_1_776' title='bbox 2347 3877 2361 3901; x_wconf 90' lang='lat'><strong>,</strong></span> <span class='ocrx_word' id='word_1_777' title='bbox 2394 3846 2440 3890; x_wconf 84' lang='lat' dir='ltr'><strong>et</strong></span> <span class='ocrx_word' id='word_1_778' title='bbox 2467 3853 2620 3906; x_wconf 85' lang='lat' dir='ltr'><strong>super</strong></span> <span class='ocrx_word' id='word_1_779' title='bbox 2640 3838 2776 3905; x_wconf 83' lang='lat' dir='ltr'><strong>ﬁlios</strong></span> <span class='ocrx_word' id='word_1_780' title='bbox 2796 3847 2992 3892; x_wconf 87' lang='lat' dir='ltr'><strong>nostros</strong></span> <span class='ocrx_word' id='word_1_781' title='bbox 3020 3837 3242 3909; x_wconf 82' lang='lat' dir='ltr'><strong>(Matth.</strong></span> <span class='ocrx_word' id='word_1_782' title='bbox 3272 3835 3362 3890; x_wconf 74' lang='lat'><strong>27.</strong></span> <span class='ocrx_word' id='word_1_783' title='bbox 3392 3835 3462 3892; x_wconf 80' lang='lat'><strong>25</strong></span> <span class='ocrx_word' id='word_1_784' title='bbox 3483 3836 3522 3905; x_wconf 84' lang='lat'><strong>);</strong></span> 
     </span>
    </p>
   </div>
   <div class='ocr_carea' id='block_1_100' title="bbox 1917 3926 3528 3999">
    <p class='ocr_par' dir='ltr' id='par_1_100' title="bbox 1917 3926 3528 3999">
     <span class='ocr_line' id='line_1_100' title="bbox 1917 3926 3528 3999; baseline 0.001 -19"><span class='ocrx_word' id='word_1_785' title='bbox 1917 3926 2054 3981; x_wconf 87' lang='lat' dir='ltr'><strong>adeo</strong></span> <span class='ocrx_word' id='word_1_786' title='bbox 2080 3929 2392 3997; x_wconf 84' lang='lat' dir='ltr'><strong>sanguinem</strong></span> <span class='ocrx_word' id='word_1_787' title='bbox 2419 3927 2534 3998; x_wconf 87' lang='lat' dir='ltr'><strong>ejus</strong></span> <span class='ocrx_word' id='word_1_788' title='bbox 2565 3929 2912 3998; x_wconf 88' lang='lat' dir='ltr'><strong>spernebant.</strong></span> <span class='ocrx_word' id='word_1_789' title='bbox 2948 3929 3074 3985; x_wconf 88' lang='lat' dir='ltr'><strong>Post</strong></span> <span class='ocrx_word' id='word_1_790' title='bbox 3097 3929 3399 3999; x_wconf 88' lang='lat' dir='ltr'><strong>passionem</strong></span> <span class='ocrx_word' id='word_1_791' title='bbox 3429 3945 3528 3982; x_wconf 89' lang='lat' dir='ltr'><strong>au-</strong></span> 
     </span>
    </p>
   </div>
   <div class='ocr_carea' id='block_1_101' title="bbox 1924 4018 3526 4091">
    <p class='ocr_par' dir='ltr' id='par_1_101' title="bbox 1924 4018 3526 4091">
     <span class='ocr_line' id='line_1_101' title="bbox 1924 4018 3526 4091; baseline 0.001 -19"><span class='ocrx_word' id='word_1_792' title='bbox 1924 4030 2029 4073; x_wconf 90' lang='lat' dir='ltr'><strong>tem</strong></span> <span class='ocrx_word' id='word_1_793' title='bbox 2061 4034 2183 4074; x_wconf 90' lang='lat' dir='ltr'><strong>eum</strong></span> <span class='ocrx_word' id='word_1_794' title='bbox 2215 4018 2560 4089; x_wconf 81' lang='lat' dir='ltr'><strong>effulgentem</strong></span> <span class='ocrx_word' id='word_1_795' title='bbox 2591 4020 2733 4074; x_wconf 85' lang='lat' dir='ltr'><strong>illius</strong></span> <span class='ocrx_word' id='word_1_796' title='bbox 2763 4021 3015 4076; x_wconf 88' lang='lat' dir='ltr'><strong>virtutem</strong></span> <span class='ocrx_word' id='word_1_797' title='bbox 3050 4019 3326 4075; x_wconf 85' lang='lat' dir='ltr'><strong>intuentur</strong></span> <span class='ocrx_word' id='word_1_798' title='bbox 3353 4061 3368 4082; x_wconf 95' lang='lat'><strong>,</strong></span> <span class='ocrx_word' id='word_1_799' title='bbox 3396 4035 3526 4091; x_wconf 89' lang='lat' dir='ltr'><strong>per-</strong></span> 
     </span>
    </p>
   </div>
   <div class='ocr_carea' id='block_1_102' title="bbox 1925 4110 3530 4180">
    <p class='ocr_par' dir='ltr' id='par_1_102' title="bbox 1925 4110 3530 4180">
     <span class='ocr_line' id='line_1_102' title="bbox 1925 4110 3530 4180; baseline 0.002 -18"><span class='ocrx_word' id='word_1_800' title='bbox 1925 4111 2214 4164; x_wconf 89' lang='lat' dir='ltr'><strong>timescunt</strong></span> <span class='ocrx_word' id='word_1_801' title='bbox 2258 4119 2314 4164; x_wconf 90' lang='lat' dir='ltr'><strong>et</strong></span> <span class='ocrx_word' id='word_1_802' title='bbox 2352 4118 2618 4175; x_wconf 70' lang='lat' dir='ltr'><strong>azstnant,</strong></span> <span class='ocrx_word' id='word_1_803' title='bbox 2668 4110 2960 4180; x_wconf 87' lang='lat' dir='ltr'><strong>dicuntque</strong></span> <span class='ocrx_word' id='word_1_804' title='bbox 3003 4129 3016 4165; x_wconf 89' lang='lat'>:</span> <span class='ocrx_word' id='word_1_805' title='bbox 3074 4110 3241 4164; x_wconf 77' lang='lat' dir='ltr'><strong>Vultis</strong></span> <span class='ocrx_word' id='word_1_806' title='bbox 3291 4112 3530 4165; x_wconf 84' lang='lat' dir='ltr'><strong>inducere</strong></span> 
     </span>
    </p>
   </div>
   <div class='ocr_carea' id='block_1_103' title="bbox 1922 4200 3533 4272">
    <p class='ocr_par' dir='ltr' id='par_1_103' title="bbox 1922 4200 3533 4272">
     <span class='ocr_line' id='line_1_103' title="bbox 1922 4200 3533 4272; baseline 0 -20"><span class='ocrx_word' id='word_1_807' title='bbox 1922 4201 2222 4272; x_wconf 55' lang='lat' dir='ltr'><strong>sanguinem</strong></span> <span class='ocrx_word' id='word_1_808' title='bbox 2254 4200 2471 4254; x_wconf 86' lang='lat' dir='ltr'><strong>hominis</strong></span> <span class='ocrx_word' id='word_1_809' title='bbox 2495 4202 2638 4254; x_wconf 86' lang='lat' dir='ltr'><strong>istius</strong></span> <span class='ocrx_word' id='word_1_810' title='bbox 2663 4218 2818 4272; x_wconf 84' lang='lat' dir='ltr'><strong>super</strong></span> <span class='ocrx_word' id='word_1_811' title='bbox 2847 4218 2938 4255; x_wconf 86' lang='lat' dir='ltr'><strong>nos</strong></span> <span class='ocrx_word' id='word_1_812' title='bbox 2961 4201 2986 4253; x_wconf 85' lang='lat'><strong>?</strong></span> <span class='ocrx_word' id='word_1_813' title='bbox 3025 4201 3091 4256; x_wconf 80' lang='lat' dir='ltr'><strong>At</strong></span> <span class='ocrx_word' id='word_1_814' title='bbox 3126 4201 3269 4255; x_wconf 88' lang='lat' dir='ltr'><strong>enim</strong></span> <span class='ocrx_word' id='word_1_815' title='bbox 3299 4201 3342 4256; x_wconf 89' lang='lat' dir='ltr'><strong>si</strong></span> <span class='ocrx_word' id='word_1_816' title='bbox 3372 4200 3533 4254; x_wconf 44' lang='lat' dir='ltr'><strong>sedu‘</strong></span> 
     </span>
    </p>
   </div>
   <div class='ocr_carea' id='block_1_104' title="bbox 1925 4289 3534 4370">
    <p class='ocr_par' dir='ltr' id='par_1_104' title="bbox 1925 4289 3534 4370">
     <span class='ocr_line' id='line_1_104' title="bbox 1925 4289 3534 4370; baseline 0.001 -25"><span class='ocrx_word' id='word_1_817' title='bbox 1925 4299 2046 4345; x_wconf 88' lang='lat' dir='ltr'><strong>ctor</strong></span> <span class='ocrx_word' id='word_1_818' title='bbox 2071 4298 2191 4344; x_wconf 88' lang='lat' dir='ltr'><strong>erat</strong></span> <span class='ocrx_word' id='word_1_819' title='bbox 2213 4331 2228 4356; x_wconf 97' lang='lat'><strong>,</strong></span> <span class='ocrx_word' id='word_1_820' title='bbox 2256 4298 2312 4345; x_wconf 93' lang='lat' dir='ltr'><strong>et</strong></span> <span class='ocrx_word' id='word_1_821' title='bbox 2335 4289 2674 4370; x_wconf 85' lang='lat' dir='ltr'><strong>adversarius</strong></span> <span class='ocrx_word' id='word_1_822' title='bbox 2703 4291 2796 4346; x_wconf 91' lang='lat' dir='ltr'><strong>Dei</strong></span> <span class='ocrx_word' id='word_1_823' title='bbox 2824 4333 2836 4355; x_wconf 89' lang='lat'><strong>,</strong></span> <span class='ocrx_word' id='word_1_824' title='bbox 2872 4299 3029 4360; x_wconf 86' lang='lat' dir='ltr'><strong>prout</strong></span> <span class='ocrx_word' id='word_1_825' title='bbox 3061 4290 3234 4346; x_wconf 83' lang='lat' dir='ltr'><strong>dicitis</strong></span> <span class='ocrx_word' id='word_1_826' title='bbox 3258 4332 3273 4358; x_wconf 96' lang='lat'><strong>,</strong></span> <span class='ocrx_word' id='word_1_827' title='bbox 3316 4291 3534 4347; x_wconf 88' lang='lat' dir='ltr'><strong>scelesti</strong></span> 
     </span>
    </p>
   </div>
   <div class='ocr_carea' id='block_1_105' title="bbox 1924 4382 3534 4454">
    <p class='ocr_par' dir='ltr' id='par_1_105' title="bbox 1924 4382 3534 4454">
     <span class='ocr_line' id='line_1_105' title="bbox 1924 4382 3534 4454; baseline -0.001 -15"><span class='ocrx_word' id='word_1_828' title='bbox 1924 4382 2097 4439; x_wconf 71' lang='lat' dir='ltr'><strong>Judtni</strong></span> <span class='ocrx_word' id='word_1_829' title='bbox 2126 4424 2139 4447; x_wconf 94' lang='lat'><strong>,</strong></span> <span class='ocrx_word' id='word_1_830' title='bbox 2168 4398 2326 4453; x_wconf 89' lang='lat' dir='ltr'><strong>quam</strong></span> <span class='ocrx_word' id='word_1_831' title='bbox 2353 4383 2422 4437; x_wconf 89' lang='lat' dir='ltr'><strong>ob</strong></span> <span class='ocrx_word' id='word_1_832' title='bbox 2460 4398 2676 4437; x_wconf 89' lang='lat' dir='ltr'><strong>causam</strong></span> <span class='ocrx_word' id='word_1_833' title='bbox 2721 4384 3035 4454; x_wconf 80' lang='lat' dir='ltr'><strong>sanguinem</strong></span> <span class='ocrx_word' id='word_1_834' title='bbox 3084 4384 3250 4454; x_wconf 87' lang='lat' dir='ltr'><strong>ipsius</strong></span> <span class='ocrx_word' id='word_1_835' title='bbox 3291 4385 3534 4438; x_wconf 88' lang='lat' dir='ltr'><strong>timetis?</strong></span> 
     </span>
    </p>
   </div>
   <div class='ocr_carea' id='block_1_106' title="bbox 1929 4473 3534 4546">
    <p class='ocr_par' dir='ltr' id='par_1_106' title="bbox 1929 4473 3534 4546">
     <span class='ocr_line' id='line_1_106' title="bbox 1929 4473 3534 4546; baseline -0.001 -15"><span class='ocrx_word' id='word_1_836' title='bbox 1929 4476 2143 4531; x_wconf 84' lang='lat' dir='ltr'><strong>Etenim</strong></span> <span class='ocrx_word' id='word_1_837' title='bbox 2174 4476 2218 4529; x_wconf 89' lang='lat' dir='ltr'><strong>si</strong></span> <span class='ocrx_word' id='word_1_838' title='bbox 2248 4475 2368 4530; x_wconf 89' lang='lat' dir='ltr'><strong>talis</strong></span> <span class='ocrx_word' id='word_1_839' title='bbox 2398 4487 2514 4530; x_wconf 88' lang='lat' dir='ltr'><strong>erat</strong></span> <span class='ocrx_word' id='word_1_840' title='bbox 2537 4516 2552 4541; x_wconf 91' lang='lat'><strong>,</strong></span> <span class='ocrx_word' id='word_1_841' title='bbox 2577 4476 2718 4530; x_wconf 91' lang='lat' dir='ltr'><strong>illius</strong></span> <span class='ocrx_word' id='word_1_842' title='bbox 2745 4477 2904 4530; x_wconf 89' lang='lat' dir='ltr'><strong>etiam</strong></span> <span class='ocrx_word' id='word_1_843' title='bbox 2933 4473 3106 4529; x_wconf 87' lang='lat' dir='ltr'><strong>fuerat</strong></span> <span class='ocrx_word' id='word_1_844' title='bbox 3128 4474 3274 4530; x_wconf 66' lang='lat' dir='ltr'><strong>ccede</strong></span> <span class='ocrx_word' id='word_1_845' title='bbox 3297 4475 3534 4546; x_wconf 86' lang='lat' dir='ltr'><strong>glorian-</strong></span> 
     </span>
    </p>
   </div>
   <div class='ocr_carea' id='block_1_107' title="bbox 1927 4565 3497 4637">
    <p class='ocr_par' dir='ltr' id='par_1_107' title="bbox 1927 4565 3497 4637">
     <span class='ocr_line' id='line_1_107' title="bbox 1927 4565 3497 4637; baseline -0.001 -16"><span class='ocrx_word' id='word_1_846' title='bbox 1927 4567 2076 4621; x_wconf 91' lang='lat' dir='ltr'><strong>dum.</strong></span> <span class='ocrx_word' id='word_1_847' title='bbox 2108 4565 2217 4622; x_wconf 89' lang='lat' dir='ltr'><strong>Sed</strong></span> <span class='ocrx_word' id='word_1_848' title='bbox 2249 4567 2501 4637; x_wconf 89' lang='lat' dir='ltr'><strong>quoniam</strong></span> <span class='ocrx_word' id='word_1_849' title='bbox 2535 4567 2656 4620; x_wconf 90' lang='lat' dir='ltr'><strong>talis</strong></span> <span class='ocrx_word' id='word_1_850' title='bbox 2686 4583 2791 4622; x_wconf 91' lang='lat' dir='ltr'><strong>non</strong></span> <span class='ocrx_word' id='word_1_851' title='bbox 2819 4575 2971 4629; x_wconf 90' lang='lat' dir='ltr'><strong>erat,</strong></span> <span class='ocrx_word' id='word_1_852' title='bbox 3010 4566 3210 4621; x_wconf 78' lang='lat' dir='ltr'><strong>idcirco</strong></span> <span class='ocrx_word' id='word_1_853' title='bbox 3238 4575 3497 4622; x_wconf 85' lang='lat' dir='ltr'><strong>tremunt.</strong></span> 
     </span>
    </p>
   </div>
   <div class='ocr_carea' id='block_1_108' title="bbox 2000 4659 3537 4730">
    <p class='ocr_par' dir='ltr' id='par_1_108' title="bbox 2000 4659 3537 4730">
     <span class='ocr_line' id='line_1_108' title="bbox 2000 4659 3537 4730; baseline 0.001 -16"><span class='ocrx_word' id='word_1_854' title='bbox 2000 4659 2054 4714; x_wconf 90' lang='lat'><strong>9.</strong></span> <span class='ocrx_word' id='word_1_855' title='bbox 2103 4659 2266 4715; x_wconf 75' lang='lat' dir='ltr'><strong>Vides</strong></span> <span class='ocrx_word' id='word_1_856' title='bbox 2290 4660 2524 4730; x_wconf 90' lang='lat' dir='ltr'><strong>undique</strong></span> <span class='ocrx_word' id='word_1_857' title='bbox 2553 4669 2608 4715; x_wconf 91' lang='lat' dir='ltr'><strong>et</strong></span> <span class='ocrx_word' id='word_1_858' title='bbox 2653 4660 2896 4714; x_wconf 89' lang='lat' dir='ltr'><strong>inimicos</strong></span> <span class='ocrx_word' id='word_1_859' title='bbox 2927 4668 3156 4713; x_wconf 69' lang='lat' dir='ltr'><strong>mstuare</strong></span> <span class='ocrx_word' id='word_1_860' title='bbox 3197 4675 3261 4714; x_wconf 88' lang='lat' dir='ltr'><strong>ae</strong></span> <span class='ocrx_word' id='word_1_861' title='bbox 3299 4661 3537 4716; x_wconf 81' lang='lat' dir='ltr'><strong>timere?</strong></span> 
     </span>
    </p>
   </div>
   <div class='ocr_carea' id='block_1_109' title="bbox 1929 4750 3536 4822">
    <p class='ocr_par' dir='ltr' id='par_1_109' title="bbox 1929 4750 3536 4822">
     <span class='ocr_line' id='line_1_109' title="bbox 1929 4750 3536 4822; baseline 0 -17"><span class='ocrx_word' id='word_1_862' title='bbox 1929 4751 2080 4806; x_wconf 89' lang='lat' dir='ltr'><strong>vides</strong></span> <span class='ocrx_word' id='word_1_863' title='bbox 2110 4753 2320 4806; x_wconf 90' lang='lat' dir='ltr'><strong>illorum</strong></span> <span class='ocrx_word' id='word_1_864' title='bbox 2349 4750 2720 4806; x_wconf 78' lang='lat' dir='ltr'><strong>anxietatem?</strong></span> <span class='ocrx_word' id='word_1_865' title='bbox 2759 4750 3014 4806; x_wconf 87' lang='lat' dir='ltr'><strong>Cruciﬁxi</strong></span> <span class='ocrx_word' id='word_1_866' title='bbox 3041 4765 3255 4821; x_wconf 89' lang='lat' dir='ltr'><strong>quoque</strong></span> <span class='ocrx_word' id='word_1_867' title='bbox 3287 4751 3536 4822; x_wconf 81' lang='lat' dir='ltr'><strong>benigni-</strong></span> 
     </span>
    </p>
   </div>
   <div class='ocr_carea' id='block_1_110' title="bbox 1934 4840 3539 4914">
    <p class='ocr_par' dir='ltr' id='par_1_110' title="bbox 1934 4840 3539 4914">
     <span class='ocr_line' id='line_1_110' title="bbox 1934 4840 3539 4914; baseline -0.002 -17"><span class='ocrx_word' id='word_1_868' title='bbox 1934 4853 2095 4898; x_wconf 87' lang='lat' dir='ltr'><strong>tatem</strong></span> <span class='ocrx_word' id='word_1_869' title='bbox 2125 4858 2409 4914; x_wconf 83' lang='lat' dir='ltr'><strong>cognosce.</strong></span> <span class='ocrx_word' id='word_1_870' title='bbox 2443 4840 2718 4911; x_wconf 83' lang='lat' dir='ltr'><strong>Siquidem</strong></span> <span class='ocrx_word' id='word_1_871' title='bbox 2747 4841 2819 4896; x_wconf 90' lang='lat' dir='ltr'><strong>illi</strong></span> <span class='ocrx_word' id='word_1_872' title='bbox 2843 4841 3055 4911; x_wconf 85' lang='lat' dir='ltr'><strong>quidem</strong></span> <span class='ocrx_word' id='word_1_873' title='bbox 3078 4841 3366 4896; x_wconf 81' lang='lat' dir='ltr'><strong>dicebant:</strong></span> <span class='ocrx_word' id='word_1_874' title='bbox 3399 4842 3539 4897; x_wconf 81' lang='lat' dir='ltr'><strong>San-</strong></span> 
     </span>
    </p>
   </div>
   <div class='ocr_carea' id='block_1_111' title="bbox 1933 4932 3536 5006">
    <p class='ocr_par' dir='ltr' id='par_1_111' title="bbox 1933 4932 3536 5006">
     <span class='ocr_line' id='line_1_111' title="bbox 1933 4932 3536 5006; baseline -0.002 -18"><span class='ocrx_word' id='word_1_875' title='bbox 1933 4938 2044 5006; x_wconf 84' lang='lat' dir='ltr'><strong>guis</strong></span> <span class='ocrx_word' id='word_1_876' title='bbox 2073 4937 2180 5006; x_wconf 75' lang='lat' dir='ltr'><strong>ejus</strong></span> <span class='ocrx_word' id='word_1_877' title='bbox 2202 4951 2355 5005; x_wconf 84' lang='lat' dir='ltr'><strong>super</strong></span> <span class='ocrx_word' id='word_1_878' title='bbox 2378 4950 2469 4987; x_wconf 88' lang='lat' dir='ltr'><strong>nos</strong></span> <span class='ocrx_word' id='word_1_879' title='bbox 2494 4975 2507 4997; x_wconf 92' lang='lat'><strong>,</strong></span> <span class='ocrx_word' id='word_1_880' title='bbox 2537 4943 2583 4987; x_wconf 92' lang='lat' dir='ltr'><strong>et</strong></span> <span class='ocrx_word' id='word_1_881' title='bbox 2613 4949 2764 5002; x_wconf 83' lang='lat' dir='ltr'><strong>super</strong></span> <span class='ocrx_word' id='word_1_882' title='bbox 2794 4934 2928 5001; x_wconf 82' lang='lat' dir='ltr'><strong>ﬁlios</strong></span> <span class='ocrx_word' id='word_1_883' title='bbox 2961 4943 3155 4987; x_wconf 84' lang='lat' dir='ltr'><strong>nostros</strong></span> <span class='ocrx_word' id='word_1_884' title='bbox 3183 4934 3202 5003; x_wconf 94' lang='lat'>(</span> <span class='ocrx_word' id='word_1_885' title='bbox 3229 4932 3417 4987; x_wconf 83' lang='lat' dir='ltr'><strong>Matth.</strong></span> <span class='ocrx_word' id='word_1_886' title='bbox 3443 4932 3536 4986; x_wconf 76' lang='lat'><strong>‘27.</strong></span> 
     </span>
    </p>
   </div>
   <div class='ocr_carea' id='block_1_112' title="bbox 1931 5021 3541 5096">
    <p class='ocr_par' dir='ltr' id='par_1_112' title="bbox 1931 5021 3541 5096">
     <span class='ocr_line' id='line_1_112' title="bbox 1931 5021 3541 5096; baseline -0.004 -13"><span class='ocrx_word' id='word_1_887' title='bbox 1931 5031 2002 5083; x_wconf 73' lang='lat'><strong>9.3</strong></span> <span class='ocrx_word' id='word_1_888' title='bbox 2033 5028 2087 5096; x_wconf 89' lang='lat'><strong>):</strong></span> <span class='ocrx_word' id='word_1_889' title='bbox 2120 5027 2364 5082; x_wconf 80' lang='lat' dir='ltr'><strong>Christus</strong></span> <span class='ocrx_word' id='word_1_890' title='bbox 2408 5036 2585 5080; x_wconf 89' lang='lat' dir='ltr'><strong>autem</strong></span> <span class='ocrx_word' id='word_1_891' title='bbox 2637 5040 2744 5079; x_wconf 90' lang='lat' dir='ltr'><strong>non</strong></span> <span class='ocrx_word' id='word_1_892' title='bbox 2786 5024 2856 5078; x_wconf 84' lang='lat' dir='ltr'><strong>ita</strong></span> <span class='ocrx_word' id='word_1_893' title='bbox 2893 5024 3058 5090; x_wconf 88' lang='lat' dir='ltr'><strong>fecit;</strong></span> <span class='ocrx_word' id='word_1_894' title='bbox 3103 5038 3290 5079; x_wconf 90' lang='lat' dir='ltr'><strong>verum</strong></span> <span class='ocrx_word' id='word_1_895' title='bbox 3335 5021 3541 5094; x_wconf 77' lang='lat' dir='ltr'><strong>suppli-</strong></span> 
     </span>
    </p>
   </div>
   <div class='ocr_carea' id='block_1_113' title="bbox 1935 5115 3540 5184">
    <p class='ocr_par' dir='ltr' id='par_1_113' title="bbox 1935 5115 3540 5184">
     <span class='ocr_line' id='line_1_113' title="bbox 1935 5115 3540 5184; baseline -0.004 -10"><span class='ocrx_word' id='word_1_896' title='bbox 1935 5134 2066 5174; x_wconf 86' lang='lat' dir='ltr'><strong>caus</strong></span> <span class='ocrx_word' id='word_1_897' title='bbox 2097 5116 2243 5173; x_wconf 83' lang='lat' dir='ltr'><strong>Patri</strong></span> <span class='ocrx_word' id='word_1_898' title='bbox 2275 5117 2385 5184; x_wconf 84' lang='lat' dir='ltr'><strong>ait,</strong></span> <span class='ocrx_word' id='word_1_899' title='bbox 2424 5116 2580 5170; x_wconf 85' lang='lat' dir='ltr'><strong>Pater</strong></span> <span class='ocrx_word' id='word_1_900' title='bbox 2607 5160 2622 5181; x_wconf 94' lang='lat'><strong>,</strong></span> <span class='ocrx_word' id='word_1_901' title='bbox 2651 5115 2846 5169; x_wconf 80' lang='lat' dir='ltr'><strong>dimitte</strong></span> <span class='ocrx_word' id='word_1_902' title='bbox 2869 5115 2971 5169; x_wconf 85' lang='lat' dir='ltr'><strong>illis</strong></span> <span class='ocrx_word' id='word_1_903' title='bbox 2995 5131 3013 5169; x_wconf 91' lang='lat'><strong><em>:</em></strong></span> <span class='ocrx_word' id='word_1_904' title='bbox 3042 5131 3144 5172; x_wconf 63' lang='lat' dir='ltr'><strong>non</strong></span> <span class='ocrx_word' id='word_1_905' title='bbox 3173 5118 3307 5168; x_wconf 88' lang='lat' dir='ltr'><strong>enim</strong></span> <span class='ocrx_word' id='word_1_906' title='bbox 3335 5117 3499 5169; x_wconf 84' lang='lat' dir='ltr'><strong>sciunt</strong></span> <span class='ocrx_word' id='word_1_907' title='bbox 3523 5154 3540 5182; x_wconf 92' lang='lat'><strong>,</strong></span> 
     </span>
    </p>
   </div>
   <div class='ocr_carea' id='block_1_114' title="bbox 1933 5203 3540 5281">
    <p class='ocr_par' dir='ltr' id='par_1_114' title="bbox 1933 5203 3540 5281">
     <span class='ocr_line' id='line_1_114' title="bbox 1933 5203 3540 5281; baseline -0.001 -19"><span class='ocrx_word' id='word_1_908' title='bbox 1933 5210 2054 5279; x_wconf 85' lang='lat' dir='ltr'><strong>quid</strong></span> <span class='ocrx_word' id='word_1_909' title='bbox 2086 5208 2280 5281; x_wconf 79' lang='lat' dir='ltr'><strong>faciunt</strong></span> <span class='ocrx_word' id='word_1_910' title='bbox 2311 5207 2328 5277; x_wconf 95' lang='lat'><strong>(</strong></span> <span class='ocrx_word' id='word_1_911' title='bbox 2358 5205 2484 5260; x_wconf 89' lang='lat' dir='ltr'><strong>Luc.</strong></span> <span class='ocrx_word' id='word_1_912' title='bbox 2511 5206 2603 5260; x_wconf 71' lang='grc'><strong>25.</strong></span> <span class='ocrx_word' id='word_1_913' title='bbox 2637 5208 2704 5261; x_wconf 76' lang='grc'><strong>54</strong></span> <span class='ocrx_word' id='word_1_914' title='bbox 2731 5203 2773 5278; x_wconf 88' lang='grc'><strong>).</strong></span> <span class='ocrx_word' id='word_1_915' title='bbox 2805 5205 2862 5260; x_wconf 91' lang='lat' dir='ltr'><strong>Si</strong></span> <span class='ocrx_word' id='word_1_916' title='bbox 2891 5205 3033 5260; x_wconf 87' lang='lat' dir='ltr'><strong>enim</strong></span> <span class='ocrx_word' id='word_1_917' title='bbox 3060 5220 3224 5275; x_wconf 90' lang='lat' dir='ltr'><strong>super</strong></span> <span class='ocrx_word' id='word_1_918' title='bbox 3257 5205 3377 5260; x_wconf 89' lang='lat' dir='ltr'><strong>illos</strong></span> <span class='ocrx_word' id='word_1_919' title='bbox 3412 5221 3540 5260; x_wconf 83' lang='lat' dir='ltr'><strong>san-</strong></span> 
     </span>
    </p>
   </div>
   <div class='ocr_carea' id='block_1_115' title="bbox 1934 5297 3540 5371">
    <p class='ocr_par' dir='ltr' id='par_1_115' title="bbox 1934 5297 3540 5371">
     <span class='ocr_line' id='line_1_115' title="bbox 1934 5297 3540 5371; baseline -0.001 -19"><span class='ocrx_word' id='word_1_920' title='bbox 1934 5301 2054 5371; x_wconf 80' lang='lat' dir='ltr'><strong>guis</strong></span> <span class='ocrx_word' id='word_1_921' title='bbox 2082 5301 2269 5355; x_wconf 84' lang='lat' dir='ltr'><strong>fuisset</strong></span> <span class='ocrx_word' id='word_1_922' title='bbox 2292 5341 2307 5364; x_wconf 94' lang='lat'><strong>,</strong></span> <span class='ocrx_word' id='word_1_923' title='bbox 2343 5307 2398 5354; x_wconf 90' lang='lat' dir='ltr'><strong>et</strong></span> <span class='ocrx_word' id='word_1_924' title='bbox 2426 5312 2588 5367; x_wconf 87' lang='lat' dir='ltr'><strong>super</strong></span> <span class='ocrx_word' id='word_1_925' title='bbox 2631 5297 2769 5353; x_wconf 90' lang='lat' dir='ltr'><strong>ﬁlios</strong></span> <span class='ocrx_word' id='word_1_926' title='bbox 2810 5298 3020 5352; x_wconf 88' lang='lat' dir='ltr'><strong>illorum</strong></span> <span class='ocrx_word' id='word_1_927' title='bbox 3047 5339 3061 5364; x_wconf 92' lang='lat'><strong>,</strong></span> <span class='ocrx_word' id='word_1_928' title='bbox 3104 5312 3439 5368; x_wconf 85' lang='lat' dir='ltr'><strong>nequaquam</strong></span> <span class='ocrx_word' id='word_1_929' title='bbox 3474 5311 3540 5352; x_wconf 82' lang='lat' dir='ltr'><strong>ex</strong></span> 
     </span>
    </p>
   </div>
   <div class='ocr_carea' id='block_1_116' title="bbox 1939 5385 3545 5462">
    <p class='ocr_par' dir='ltr' id='par_1_116' title="bbox 1939 5385 3545 5462">
     <span class='ocr_line' id='line_1_116' title="bbox 1939 5385 3545 5462; baseline -0.002 -14"><span class='ocrx_word' id='word_1_930' title='bbox 1939 5393 2153 5448; x_wconf 88' lang='lat' dir='ltr'><strong>illorum</strong></span> <span class='ocrx_word' id='word_1_931' title='bbox 2184 5391 2306 5446; x_wconf 87' lang='lat' dir='ltr'><strong>ﬁliis</strong></span> <span class='ocrx_word' id='word_1_932' title='bbox 2334 5390 2528 5445; x_wconf 89' lang='lat' dir='ltr'><strong>delecti</strong></span> <span class='ocrx_word' id='word_1_933' title='bbox 2555 5399 2740 5445; x_wconf 84' lang='lat' dir='ltr'><strong>essent</strong></span> <span class='ocrx_word' id='word_1_934' title='bbox 2765 5390 2994 5462; x_wconf 87' lang='lat' dir='ltr'><strong>apostoli</strong></span> <span class='ocrx_word' id='word_1_935' title='bbox 3038 5407 3052 5444; x_wconf 89' lang='lat'><strong>:</strong></span> <span class='ocrx_word' id='word_1_936' title='bbox 3095 5385 3430 5462; x_wconf 80' lang='lat' dir='ltr'><strong>nequaquam</strong></span> <span class='ocrx_word' id='word_1_937' title='bbox 3463 5399 3545 5445; x_wconf 88' lang='lat' dir='ltr'><strong>ter</strong></span> 
     </span>
    </p>
   </div>
   <div class='ocr_carea' id='block_1_117' title="bbox 1941 5481 3547 5555">
    <p class='ocr_par' dir='ltr' id='par_1_117' title="bbox 1941 5481 3547 5555">
     <span class='ocr_line' id='line_1_117' title="bbox 1941 5481 3547 5555; baseline -0.002 -15"><span class='ocrx_word' id='word_1_938' title='bbox 1941 5486 2091 5541; x_wconf 90' lang='lat' dir='ltr'><strong>mille</strong></span> <span class='ocrx_word' id='word_1_939' title='bbox 2121 5485 2279 5540; x_wconf 90' lang='lat' dir='ltr'><strong>simul</strong></span> <span class='ocrx_word' id='word_1_940' title='bbox 2307 5484 2661 5540; x_wconf 89' lang='lat' dir='ltr'><strong>credidissent</strong></span> <span class='ocrx_word' id='word_1_941' title='bbox 2686 5527 2699 5549; x_wconf 92' lang='lat'><strong>,</strong></span> <span class='ocrx_word' id='word_1_942' title='bbox 2729 5499 2902 5554; x_wconf 89' lang='lat' dir='ltr'><strong>neque</strong></span> <span class='ocrx_word' id='word_1_943' title='bbox 2928 5485 3214 5555; x_wconf 91' lang='lat' dir='ltr'><strong>quinquies</strong></span> <span class='ocrx_word' id='word_1_944' title='bbox 3243 5482 3411 5538; x_wconf 90' lang='lat' dir='ltr'><strong>mille.</strong></span> <span class='ocrx_word' id='word_1_945' title='bbox 3456 5481 3547 5537; x_wconf 80' lang='lat' dir='ltr'><strong>Vi-</strong></span> 
     </span>
    </p>
   </div>
   <div class='ocr_carea' id='block_1_118' title="bbox 1940 5576 3546 5650">
    <p class='ocr_par' dir='ltr' id='par_1_118' title="bbox 1940 5576 3546 5650">
     <span class='ocr_line' id='line_1_118' title="bbox 1940 5576 3546 5650; baseline -0.002 -16"><span class='ocrx_word' id='word_1_946' title='bbox 1940 5579 2036 5635; x_wconf 89' lang='lat' dir='ltr'><strong>des</strong></span> <span class='ocrx_word' id='word_1_947' title='bbox 2063 5587 2120 5634; x_wconf 90' lang='lat' dir='ltr'><strong>ut</strong></span> <span class='ocrx_word' id='word_1_948' title='bbox 2142 5579 2218 5633; x_wconf 93' lang='lat' dir='ltr'><strong>illi</strong></span> <span class='ocrx_word' id='word_1_949' title='bbox 2247 5579 2462 5650; x_wconf 90' lang='lat' dir='ltr'><strong>quidem</strong></span> <span class='ocrx_word' id='word_1_950' title='bbox 2491 5577 2741 5633; x_wconf 90' lang='lat' dir='ltr'><strong>crudeles</strong></span> <span class='ocrx_word' id='word_1_951' title='bbox 2771 5593 2833 5633; x_wconf 87' lang='lat' dir='ltr'><strong>ac</strong></span> <span class='ocrx_word' id='word_1_952' title='bbox 2863 5578 2989 5633; x_wconf 76' lang='lat' dir='ltr'><strong>saevi</strong></span> <span class='ocrx_word' id='word_1_953' title='bbox 3021 5592 3143 5633; x_wconf 90' lang='lat' dir='ltr'><strong>cum</strong></span> <span class='ocrx_word' id='word_1_954' title='bbox 3175 5579 3226 5632; x_wconf 93' lang='lat' dir='ltr'><strong>in</strong></span> <span class='ocrx_word' id='word_1_955' title='bbox 3257 5591 3384 5632; x_wconf 89' lang='lat' dir='ltr'><strong>suos</strong></span> <span class='ocrx_word' id='word_1_956' title='bbox 3408 5576 3546 5630; x_wconf 80' lang='lat' dir='ltr'><strong>libe-</strong></span> 
     </span>
    </p>
   </div>
   <div class='ocr_carea' id='block_1_119' title="bbox 1942 5668 3545 5742">
    <p class='ocr_par' dir='ltr' id='par_1_119' title="bbox 1942 5668 3545 5742">
     <span class='ocr_line' id='line_1_119' title="bbox 1942 5668 3545 5742; baseline -0.003 -17"><span class='ocrx_word' id='word_1_957' title='bbox 1942 5685 2032 5726; x_wconf 91' lang='lat' dir='ltr'><strong>ros</strong></span> <span class='ocrx_word' id='word_1_958' title='bbox 2061 5680 2243 5726; x_wconf 89' lang='lat' dir='ltr'><strong>essent</strong></span> <span class='ocrx_word' id='word_1_959' title='bbox 2272 5711 2288 5737; x_wconf 94' lang='lat'><strong>,</strong></span> <span class='ocrx_word' id='word_1_960' title='bbox 2316 5671 2486 5740; x_wconf 88' lang='lat' dir='ltr'><strong>ipsam</strong></span> <span class='ocrx_word' id='word_1_961' title='bbox 2519 5669 2679 5725; x_wconf 90' lang='lat' dir='ltr'><strong>etiam</strong></span> <span class='ocrx_word' id='word_1_962' title='bbox 2732 5679 2976 5724; x_wconf 88' lang='lat' dir='ltr'><strong>naturam</strong></span> <span class='ocrx_word' id='word_1_963' title='bbox 3018 5670 3331 5742; x_wconf 82' lang='lat' dir='ltr'><strong>abnegarint</strong></span> <span class='ocrx_word' id='word_1_964' title='bbox 3354 5710 3368 5732; x_wconf 93' lang='lat'><strong>,</strong></span> <span class='ocrx_word' id='word_1_965' title='bbox 3404 5668 3545 5721; x_wconf 86' lang='lat' dir='ltr'><strong>Dens</strong></span> 
     </span>
    </p>
   </div>
   <div class='ocr_carea' id='block_1_120' title="bbox 1943 5757 3544 5834">
    <p class='ocr_par' dir='ltr' id='par_1_120' title="bbox 1943 5757 3544 5834">
     <span class='ocr_line' id='line_1_120' title="bbox 1943 5757 3544 5834; baseline -0.002 -15"><span class='ocrx_word' id='word_1_966' title='bbox 1943 5775 2122 5819; x_wconf 86' lang='lat' dir='ltr'><strong>autem</strong></span> <span class='ocrx_word' id='word_1_967' title='bbox 2156 5774 2336 5834; x_wconf 88' lang='lat' dir='ltr'><strong>patres</strong></span> <span class='ocrx_word' id='word_1_968' title='bbox 2358 5778 2547 5818; x_wconf 84' lang='lat' dir='ltr'><strong>omnes</strong></span> <span class='ocrx_word' id='word_1_969' title='bbox 2569 5764 2901 5831; x_wconf 75' lang='lat' dir='ltr'><strong>superaverit</strong></span> <span class='ocrx_word' id='word_1_970' title='bbox 2926 5764 3251 5834; x_wconf 74' lang='lat' dir='ltr'><strong>benignitate</strong></span> <span class='ocrx_word' id='word_1_971' title='bbox 3274 5803 3290 5828; x_wconf 94' lang='lat'><strong>,</strong></span> <span class='ocrx_word' id='word_1_972' title='bbox 3318 5776 3378 5815; x_wconf 88' lang='lat' dir='ltr'><strong>ac</strong></span> <span class='ocrx_word' id='word_1_973' title='bbox 3406 5757 3544 5815; x_wconf 80' lang='lat' dir='ltr'><strong>filios</strong></span> 
     </span>
    </p>
   </div>
   <div class='ocr_carea' id='block_1_121' title="bbox 1944 5847 3540 5928">
    <p class='ocr_par' dir='ltr' id='par_1_121' title="bbox 1944 5847 3540 5928">
     <span class='ocr_line' id='line_1_121' title="bbox 1944 5847 3540 5928; baseline -0.005 -18"><span class='ocrx_word' id='word_1_974' title='bbox 1944 5856 2129 5924; x_wconf 74' lang='lat' dir='ltr'><strong>majori</strong></span> <span class='ocrx_word' id='word_1_975' title='bbox 2158 5870 2318 5926; x_wconf 86' lang='lat' dir='ltr'><strong>quam</strong></span> <span class='ocrx_word' id='word_1_976' title='bbox 2349 5863 2546 5910; x_wconf 83' lang='lat' dir='ltr'><strong>.natres</strong></span> <span class='ocrx_word' id='word_1_977' title='bbox 2593 5853 2752 5910; x_wconf 87' lang='lat' dir='ltr'><strong>fuerit</strong></span> <span class='ocrx_word' id='word_1_978' title='bbox 2795 5869 2979 5910; x_wconf 83' lang='lat' dir='ltr'><strong>amore</strong></span> <span class='ocrx_word' id='word_1_979' title='bbox 3019 5847 3540 5928; x_wconf 81' lang='lat' dir='ltr'><strong>complexus?San-</strong></span> 
     </span>
    </p>
   </div>
  </div>
