  <div class='ocr_page' id='page_1' title='image "/cluster/home/n/w/nwhite01/storage/ocr_20150623/51/ien.35556001660786/115.png"; bbox 0 0 4080 6390; ppageno 0'>
   <div class='ocr_carea' id='block_1_1' title="bbox 532 328 630 385">
    <p class='ocr_par' dir='ltr' id='par_1_1' title="bbox 532 328 630 385">
     <span class='ocr_line' id='line_1_1' title="bbox 532 328 630 385; baseline -0.051 0"><span class='ocrx_word' id='word_1_1' title='bbox 532 328 630 385; x_wconf 67' lang='grc' dir='ltr'><strong>ΙΙΙ</strong></span> 
     </span>
    </p>
   </div>
   <div class='ocr_carea' id='block_1_2' title="bbox 537 444 2128 518">
    <p class='ocr_par' dir='ltr' id='par_1_2' title="bbox 537 444 2128 518">
     <span class='ocr_line' id='line_1_2' title="bbox 537 444 2128 518; baseline 0 -17"><span class='ocrx_word' id='word_1_2' title='bbox 537 450 656 516; x_wconf 83' lang='lat' dir='ltr'><strong>guis</strong></span> <span class='ocrx_word' id='word_1_3' title='bbox 683 445 828 502; x_wconf 85' lang='lat' dir='ltr'><strong>enim</strong></span> <span class='ocrx_word' id='word_1_4' title='bbox 846 446 973 518; x_wconf 80' lang='lat' dir='ltr'><strong>ejus</strong></span> <span class='ocrx_word' id='word_1_5' title='bbox 997 459 1159 517; x_wconf 90' lang='lat' dir='ltr'><strong>super</strong></span> <span class='ocrx_word' id='word_1_6' title='bbox 1184 444 1304 500; x_wconf 89' lang='lat' dir='ltr'><strong>illos</strong></span> <span class='ocrx_word' id='word_1_7' title='bbox 1328 452 1384 499; x_wconf 91' lang='lat' dir='ltr'><strong>et</strong></span> <span class='ocrx_word' id='word_1_8' title='bbox 1407 459 1571 516; x_wconf 81' lang='lat' dir='ltr'><strong>super</strong></span> <span class='ocrx_word' id='word_1_9' title='bbox 1597 444 1808 501; x_wconf 87' lang='lat' dir='ltr'><strong>illorum</strong></span> <span class='ocrx_word' id='word_1_10' title='bbox 1838 445 1974 502; x_wconf 86' lang='lat' dir='ltr'><strong>lilios</strong></span> <span class='ocrx_word' id='word_1_11' title='bbox 2002 444 2128 509; x_wconf 81' lang='lat' dir='ltr'><strong>fuit;</strong></span> 
     </span>
    </p>
   </div>
   <div class='ocr_carea' id='block_1_3' title="bbox 535 537 2128 610">
    <p class='ocr_par' dir='ltr' id='par_1_3' title="bbox 535 537 2128 610">
     <span class='ocr_line' id='line_1_3' title="bbox 535 537 2128 610; baseline -0.001 -16"><span class='ocrx_word' id='word_1_12' title='bbox 535 545 701 610; x_wconf 83' lang='lat' dir='ltr'><strong>super</strong></span> <span class='ocrx_word' id='word_1_13' title='bbox 730 539 868 595; x_wconf 75' lang='lat' dir='ltr'><strong>iiiios</strong></span> <span class='ocrx_word' id='word_1_14' title='bbox 891 553 1023 595; x_wconf 90' lang='lat' dir='ltr'><strong>vero</strong></span> <span class='ocrx_word' id='word_1_15' title='bbox 1050 539 1165 593; x_wconf 72' lang='lat' dir='ltr'><strong>non</strong></span> <span class='ocrx_word' id='word_1_16' title='bbox 1181 551 1371 592; x_wconf 87' lang='lat' dir='ltr'><strong>omnes</strong></span> <span class='ocrx_word' id='word_1_17' title='bbox 1396 580 1415 605; x_wconf 86' lang='lat'><strong>,</strong></span> <span class='ocrx_word' id='word_1_18' title='bbox 1442 537 1539 593; x_wconf 88' lang='lat' dir='ltr'><strong>sed</strong></span> <span class='ocrx_word' id='word_1_19' title='bbox 1562 546 1725 609; x_wconf 85' lang='lat' dir='ltr'><strong>super</strong></span> <span class='ocrx_word' id='word_1_20' title='bbox 1753 537 1873 594; x_wconf 91' lang='lat' dir='ltr'><strong>illos</strong></span> <span class='ocrx_word' id='word_1_21' title='bbox 1899 546 2128 605; x_wconf 88' lang='lat' dir='ltr'><strong>tantum,</strong></span> 
     </span>
    </p>
   </div>
   <div class='ocr_carea' id='block_1_4' title="bbox 537 626 2131 700">
    <p class='ocr_par' dir='ltr' id='par_1_4' title="bbox 537 626 2131 700">
     <span class='ocr_line' id='line_1_4' title="bbox 537 626 2131 700; baseline -0.001 -16"><span class='ocrx_word' id='word_1_22' title='bbox 537 626 633 699; x_wconf 87' lang='lat' dir='ltr'><strong>qui</strong></span> <span class='ocrx_word' id='word_1_23' title='bbox 663 634 936 700; x_wconf 86' lang='lat' dir='ltr'><strong>paternam</strong></span> <span class='ocrx_word' id='word_1_24' title='bbox 968 627 1297 698; x_wconf 69' lang='lat' dir='ltr'><strong>impietatem</strong></span> <span class='ocrx_word' id='word_1_25' title='bbox 1327 635 1382 683; x_wconf 90' lang='lat' dir='ltr'><strong>et</strong></span> <span class='ocrx_word' id='word_1_26' title='bbox 1404 627 1742 700; x_wconf 90' lang='lat' dir='ltr'><strong>iniquitatem</strong></span> <span class='ocrx_word' id='word_1_27' title='bbox 1773 626 1962 683; x_wconf 89' lang='lat' dir='ltr'><strong>imitati</strong></span> <span class='ocrx_word' id='word_1_28' title='bbox 1986 636 2131 695; x_wconf 87' lang='lat' dir='ltr'><strong>sunt,</strong></span> 
     </span>
    </p>
   </div>
   <div class='ocr_carea' id='block_1_5' title="bbox 538 718 2133 793">
    <p class='ocr_par' dir='ltr' id='par_1_5' title="bbox 538 718 2133 793">
     <span class='ocr_line' id='line_1_5' title="bbox 538 718 2133 793; baseline 0 -18"><span class='ocrx_word' id='word_1_29' title='bbox 538 728 592 775; x_wconf 88' lang='lat' dir='ltr'><strong>et</strong></span> <span class='ocrx_word' id='word_1_30' title='bbox 616 728 876 791; x_wconf 85' lang='lat' dir='ltr'><strong>quotquot</strong></span> <span class='ocrx_word' id='word_1_31' title='bbox 903 718 1013 775; x_wconf 91' lang='lat' dir='ltr'><strong>illis</strong></span> <span class='ocrx_word' id='word_1_32' title='bbox 1052 718 1149 775; x_wconf 78' lang='lat' dir='ltr'><strong>lilii</strong></span> <span class='ocrx_word' id='word_1_33' title='bbox 1190 718 1407 793; x_wconf 70' lang='lat' dir='ltr'><strong>fuerunt</strong></span> <span class='ocrx_word' id='word_1_34' title='bbox 1445 735 1553 776; x_wconf 92' lang='lat' dir='ltr'><strong>non</strong></span> <span class='ocrx_word' id='word_1_35' title='bbox 1594 718 1885 775; x_wconf 88' lang='lat' dir='ltr'><strong>secundum</strong></span> <span class='ocrx_word' id='word_1_36' title='bbox 1928 727 2133 775; x_wconf 73' lang='lat' dir='ltr'><strong>natura:</strong></span> 
     </span>
    </p>
   </div>
   <div class='ocr_carea' id='block_1_6' title="bbox 535 810 2131 879">
    <p class='ocr_par' dir='ltr' id='par_1_6' title="bbox 535 810 2131 879">
     <span class='ocr_line' id='line_1_6' title="bbox 535 810 2131 879; baseline -0.001 -12"><span class='ocrx_word' id='word_1_37' title='bbox 535 811 935 871; x_wconf 75' lang='lat' dir='ltr'><strong>successionem</strong></span> <span class='ocrx_word' id='word_1_38' title='bbox 961 850 979 879; x_wconf 86' lang='lat'><strong>,</strong></span> <span class='ocrx_word' id='word_1_39' title='bbox 1024 810 1122 867; x_wconf 88' lang='lat' dir='ltr'><strong>sed</strong></span> <span class='ocrx_word' id='word_1_40' title='bbox 1164 811 1460 868; x_wconf 90' lang='lat' dir='ltr'><strong>secundum</strong></span> <span class='ocrx_word' id='word_1_41' title='bbox 1503 810 1792 868; x_wconf 83' lang='lat' dir='ltr'><strong>voluntatis</strong></span> <span class='ocrx_word' id='word_1_42' title='bbox 1831 810 2088 867; x_wconf 79' lang='lat' dir='ltr'><strong>insaniam</strong></span> <span class='ocrx_word' id='word_1_43' title='bbox 2113 851 2131 879; x_wconf 96' lang='lat'><strong>,</strong></span> 
     </span>
    </p>
   </div>
   <div class='ocr_carea' id='block_1_7' title="bbox 544 900 1481 959">
    <p class='ocr_par' dir='ltr' id='par_1_7' title="bbox 544 900 1481 959">
     <span class='ocr_line' id='line_1_7' title="bbox 544 900 1481 959; baseline -0.001 -1"><span class='ocrx_word' id='word_1_44' title='bbox 544 902 600 958; x_wconf 88' lang='lat' dir='ltr'><strong>hi</strong></span> <span class='ocrx_word' id='word_1_45' title='bbox 628 901 730 957; x_wconf 88' lang='lat' dir='ltr'><strong>soli</strong></span> <span class='ocrx_word' id='word_1_46' title='bbox 756 900 914 957; x_wconf 89' lang='lat' dir='ltr'><strong>malis</strong></span> <span class='ocrx_word' id='word_1_47' title='bbox 940 903 1060 958; x_wconf 83' lang='lat' dir='ltr'><strong>lacti</strong></span> <span class='ocrx_word' id='word_1_48' title='bbox 1091 912 1218 959; x_wconf 88' lang='lat' dir='ltr'><strong>sunt</strong></span> <span class='ocrx_word' id='word_1_49' title='bbox 1244 904 1481 959; x_wconf 76' lang='lat' dir='ltr'><strong>obnoxii.</strong></span> 
     </span>
    </p>
   </div>
   <div class='ocr_carea' id='block_1_8' title="bbox 609 990 2135 1065">
    <p class='ocr_par' dir='ltr' id='par_1_8' title="bbox 609 990 2135 1065">
     <span class='ocr_line' id='line_1_8' title="bbox 609 990 2135 1065; baseline 0 -18"><span class='ocrx_word' id='word_1_50' title='bbox 609 990 896 1049; x_wconf 70' lang='lat' dir='ltr'><strong>Jerusaiem</strong></span> <span class='ocrx_word' id='word_1_51' title='bbox 923 993 1126 1065; x_wconf 50' lang='lat' dir='ltr'><strong>«endo</strong></span> <span class='ocrx_word' id='word_1_52' title='bbox 1165 995 1353 1049; x_wconf 73' lang='lat' dir='ltr'><strong>excisa.</strong></span> <span class='ocrx_word' id='word_1_53' title='bbox 1388 1022 1462 1035; x_wconf 94' lang='lat'><strong>—</strong></span> <span class='ocrx_word' id='word_1_54' title='bbox 1485 992 1565 1050; x_wconf 80' lang='lat' dir='ltr'><strong>Tu</strong></span> <span class='ocrx_word' id='word_1_55' title='bbox 1589 1007 1719 1049; x_wconf 88' lang='lat' dir='ltr'><strong>vero</strong></span> <span class='ocrx_word' id='word_1_56' title='bbox 1750 992 1881 1049; x_wconf 90' lang='lat' dir='ltr'><strong>mihi</strong></span> <span class='ocrx_word' id='word_1_57' title='bbox 1916 992 2135 1047; x_wconf 85' lang='lat' dir='ltr'><strong>bonita-</strong></span> 
     </span>
    </p>
   </div>
   <div class='ocr_carea' id='block_1_9' title="bbox 540 1083 2133 1157">
    <p class='ocr_par' dir='ltr' id='par_1_9' title="bbox 540 1083 2133 1157">
     <span class='ocr_line' id='line_1_9' title="bbox 540 1083 2133 1157; baseline 0.002 -23"><span class='ocrx_word' id='word_1_58' title='bbox 540 1096 646 1138; x_wconf 60' lang='lat' dir='ltr'><strong>tem</strong></span> <span class='ocrx_word' id='word_1_59' title='bbox 685 1098 750 1139; x_wconf 86' lang='lat' dir='ltr'><strong>ac</strong></span> <span class='ocrx_word' id='word_1_60' title='bbox 777 1083 1160 1155; x_wconf 73' lang='lat' dir='ltr'><strong>benignitatem</strong></span> <span class='ocrx_word' id='word_1_61' title='bbox 1201 1086 1297 1141; x_wconf 91' lang='lat' dir='ltr'><strong>Dei</strong></span> <span class='ocrx_word' id='word_1_62' title='bbox 1334 1083 1548 1141; x_wconf 82' lang='lat' dir='ltr'><strong>aliunde</strong></span> <span class='ocrx_word' id='word_1_63' title='bbox 1578 1099 1793 1157; x_wconf 90' lang='lat' dir='ltr'><strong>quoque</strong></span> <span class='ocrx_word' id='word_1_64' title='bbox 1831 1083 2133 1141; x_wconf 89' lang='lat' dir='ltr'><strong>considera.</strong></span> 
     </span>
    </p>
   </div>
   <div class='ocr_carea' id='block_1_10' title="bbox 538 1173 2132 1249">
    <p class='ocr_par' dir='ltr' id='par_1_10' title="bbox 538 1173 2132 1249">
     <span class='ocr_line' id='line_1_10' title="bbox 538 1173 2132 1249; baseline 0 -18"><span class='ocrx_word' id='word_1_65' title='bbox 538 1173 656 1231; x_wconf 80' lang='lat' dir='ltr'><strong>Non</strong></span> <span class='ocrx_word' id='word_1_66' title='bbox 688 1178 831 1234; x_wconf 87' lang='lat' dir='ltr'><strong>enim</strong></span> <span class='ocrx_word' id='word_1_67' title='bbox 862 1178 1043 1234; x_wconf 82' lang='lat' dir='ltr'><strong>statim</strong></span> <span class='ocrx_word' id='word_1_68' title='bbox 1080 1177 1187 1233; x_wconf 85' lang='lat' dir='ltr'><strong>illis</strong></span> <span class='ocrx_word' id='word_1_69' title='bbox 1219 1177 1536 1249; x_wconf 86' lang='lat' dir='ltr'><strong>supplicium</strong></span> <span class='ocrx_word' id='word_1_70' title='bbox 1574 1192 1640 1233; x_wconf 89' lang='lat' dir='ltr'><strong>ac</strong></span> <span class='ocrx_word' id='word_1_71' title='bbox 1682 1192 1896 1249; x_wconf 72' lang='lat' dir='ltr'><strong>pmnam</strong></span> <span class='ocrx_word' id='word_1_72' title='bbox 1934 1176 2132 1243; x_wconf 85' lang='lat' dir='ltr'><strong>intulit,</strong></span> 
     </span>
    </p>
   </div>
   <div class='ocr_carea' id='block_1_11' title="bbox 535 1267 2142 1339">
    <p class='ocr_par' dir='ltr' id='par_1_11' title="bbox 535 1267 2142 1339">
     <span class='ocr_line' id='line_1_11' title="bbox 535 1267 2142 1339; baseline -0.001 -16"><span class='ocrx_word' id='word_1_73' title='bbox 535 1267 636 1323; x_wconf 87' lang='lat' dir='ltr'><strong>sed</strong></span> <span class='ocrx_word' id='word_1_74' title='bbox 663 1267 1014 1339; x_wconf 74' lang='lat' dir='ltr'><strong>quadraginta</strong></span> <span class='ocrx_word' id='word_1_75' title='bbox 1034 1277 1088 1323; x_wconf 91' lang='lat' dir='ltr'><strong>et</strong></span> <span class='ocrx_word' id='word_1_76' title='bbox 1114 1268 1297 1337; x_wconf 86' lang='lat' dir='ltr'><strong>plures</strong></span> <span class='ocrx_word' id='word_1_77' title='bbox 1322 1269 1460 1325; x_wconf 81' lang='lat' dir='ltr'><strong>elabi</strong></span> <span class='ocrx_word' id='word_1_78' title='bbox 1488 1278 1608 1339; x_wconf 88' lang='lat' dir='ltr'><strong>post</strong></span> <span class='ocrx_word' id='word_1_79' title='bbox 1633 1268 1939 1339; x_wconf 81' lang='lat' dir='ltr'><strong>passionem</strong></span> <span class='ocrx_word' id='word_1_80' title='bbox 1964 1280 2142 1323; x_wconf 85' lang='lat' dir='ltr'><strong>annos</strong></span> 
     </span>
    </p>
   </div>
   <div class='ocr_carea' id='block_1_12' title="bbox 540 1354 2137 1433">
    <p class='ocr_par' dir='ltr' id='par_1_12' title="bbox 540 1354 2137 1433">
     <span class='ocr_line' id='line_1_12' title="bbox 540 1354 2137 1433; baseline 0 -18"><span class='ocrx_word' id='word_1_81' title='bbox 540 1358 684 1416; x_wconf 90' lang='lat' dir='ltr'><strong>sivit.</strong></span> <span class='ocrx_word' id='word_1_82' title='bbox 713 1360 989 1431; x_wconf 88' lang='lat' dir='ltr'><strong>Siquidem</strong></span> <span class='ocrx_word' id='word_1_83' title='bbox 1020 1360 1273 1417; x_wconf 86' lang='lat' dir='ltr'><strong>Salvator</strong></span> <span class='ocrx_word' id='word_1_84' title='bbox 1297 1362 1411 1432; x_wconf 85' lang='lat' dir='ltr'><strong>ipse</strong></span> <span class='ocrx_word' id='word_1_85' title='bbox 1435 1354 1654 1417; x_wconf 77' lang='lat' dir='ltr'><strong>Tiberio</strong></span> <span class='ocrx_word' id='word_1_86' title='bbox 1671 1361 1969 1433; x_wconf 83' lang='lat' dir='ltr'><strong>imperante</strong></span> <span class='ocrx_word' id='word_1_87' title='bbox 1990 1359 2137 1416; x_wconf 87' lang='lat' dir='ltr'><strong>cruci</strong></span> 
     </span>
    </p>
   </div>
   <div class='ocr_carea' id='block_1_13' title="bbox 541 1441 2140 1523">
    <p class='ocr_par' dir='ltr' id='par_1_13' title="bbox 541 1441 2140 1523">
     <span class='ocr_line' id='line_1_13' title="bbox 541 1441 2140 1523; baseline 0 -18"><span class='ocrx_word' id='word_1_88' title='bbox 541 1450 736 1507; x_wconf 81' lang='lat' dir='ltr'><strong>aiiixus</strong></span> <span class='ocrx_word' id='word_1_89' title='bbox 762 1460 848 1508; x_wconf 90' lang='lat' dir='ltr'><strong>est</strong></span> <span class='ocrx_word' id='word_1_90' title='bbox 878 1470 894 1508; x_wconf 91' lang='lat'><strong>:</strong></span> <span class='ocrx_word' id='word_1_91' title='bbox 929 1460 987 1507; x_wconf 91' lang='lat' dir='ltr'><strong>at</strong></span> <span class='ocrx_word' id='word_1_92' title='bbox 1028 1452 1240 1509; x_wconf 88' lang='lat' dir='ltr'><strong>illorum</strong></span> <span class='ocrx_word' id='word_1_93' title='bbox 1286 1451 1475 1508; x_wconf 82' lang='lat' dir='ltr'><strong>civitas</strong></span> <span class='ocrx_word' id='word_1_94' title='bbox 1518 1441 1908 1523; x_wconf 81' lang='lat' dir='ltr'><strong>imperantibus</strong></span> <span class='ocrx_word' id='word_1_95' title='bbox 1937 1449 2140 1522; x_wconf 84' lang='lat' dir='ltr'><strong>Vespa-</strong></span> 
     </span>
    </p>
   </div>
   <div class='ocr_carea' id='block_1_14' title="bbox 539 1532 2139 1614">
    <p class='ocr_par' dir='ltr' id='par_1_14' title="bbox 539 1532 2139 1614">
     <span class='ocr_line' id='line_1_14' title="bbox 539 1532 2139 1614; baseline -0.001 -18"><span class='ocrx_word' id='word_1_96' title='bbox 539 1540 695 1597; x_wconf 85' lang='lat' dir='ltr'><strong>siand</strong></span> <span class='ocrx_word' id='word_1_97' title='bbox 717 1557 781 1599; x_wconf 92' lang='lat' dir='ltr'><strong>ac</strong></span> <span class='ocrx_word' id='word_1_98' title='bbox 802 1532 925 1600; x_wconf 77' lang='lat' dir='ltr'><strong>Tito</strong></span> <span class='ocrx_word' id='word_1_99' title='bbox 948 1551 1104 1614; x_wconf 81' lang='lat' dir='ltr'><strong>capta</strong></span> <span class='ocrx_word' id='word_1_100' title='bbox 1124 1551 1228 1600; x_wconf 85' lang='lat' dir='ltr'><strong>est.</strong></span> <span class='ocrx_word' id='word_1_101' title='bbox 1254 1543 1360 1601; x_wconf 89' lang='lat' dir='ltr'><strong>Cur</strong></span> <span class='ocrx_word' id='word_1_102' title='bbox 1387 1544 1550 1614; x_wconf 88' lang='lat' dir='ltr'><strong>igitur</strong></span> <span class='ocrx_word' id='word_1_103' title='bbox 1572 1555 1909 1613; x_wconf 88' lang='lat' dir='ltr'><strong>consequens</strong></span> <span class='ocrx_word' id='word_1_104' title='bbox 1929 1550 2139 1611; x_wconf 85' lang='lat' dir='ltr'><strong>tempus</strong></span> 
     </span>
    </p>
   </div>
   <div class='ocr_carea' id='block_1_15' title="bbox 545 1631 2163 1706">
    <p class='ocr_par' dir='ltr' id='par_1_15' title="bbox 545 1631 2163 1706">
     <span class='ocr_line' id='line_1_15' title="bbox 545 1631 2163 1706; baseline -0.002 -17"><span class='ocrx_word' id='word_1_105' title='bbox 545 1634 763 1690; x_wconf 75' lang='lat' dir='ltr'><strong>omisit?</strong></span> <span class='ocrx_word' id='word_1_106' title='bbox 788 1633 968 1691; x_wconf 79' lang='lat' dir='ltr'><strong>Voluit</strong></span> <span class='ocrx_word' id='word_1_107' title='bbox 995 1635 1103 1691; x_wconf 87' lang='lat' dir='ltr'><strong>illis</strong></span> <span class='ocrx_word' id='word_1_108' title='bbox 1128 1635 1359 1706; x_wconf 86' lang='lat' dir='ltr'><strong>spatium</strong></span> <span class='ocrx_word' id='word_1_109' title='bbox 1384 1634 1452 1690; x_wconf 89' lang='lat' dir='ltr'><strong>ad</strong></span> <span class='ocrx_word' id='word_1_110' title='bbox 1480 1632 1851 1705; x_wconf 80' lang='lat' dir='ltr'><strong>pmnitentiam</strong></span> <span class='ocrx_word' id='word_1_111' title='bbox 1873 1631 2163 1703; x_wconf 68' lang='lat' dir='ltr'><strong>agendam</strong></span> 
     </span>
    </p>
   </div>
   <div class='ocr_carea' id='block_1_16' title="bbox 543 1722 2140 1800">
    <p class='ocr_par' dir='ltr' id='par_1_16' title="bbox 543 1722 2140 1800">
     <span class='ocr_line' id='line_1_16' title="bbox 543 1722 2140 1800; baseline -0.003 -17"><span class='ocrx_word' id='word_1_112' title='bbox 543 1728 788 1799; x_wconf 69' lang='lat' dir='ltr'><strong>prmbere</strong></span> <span class='ocrx_word' id='word_1_113' title='bbox 805 1769 819 1795; x_wconf 89' lang='lat'><strong>,</strong></span> <span class='ocrx_word' id='word_1_114' title='bbox 849 1736 908 1783; x_wconf 92' lang='lat' dir='ltr'><strong>ut</strong></span> <span class='ocrx_word' id='word_1_115' title='bbox 937 1737 1155 1799; x_wconf 86' lang='lat' dir='ltr'><strong>peccata</strong></span> <span class='ocrx_word' id='word_1_116' title='bbox 1178 1727 1531 1800; x_wconf 78' lang='lat' dir='ltr'><strong>deponerent,</strong></span> <span class='ocrx_word' id='word_1_117' title='bbox 1562 1734 1621 1783; x_wconf 86' lang='lat' dir='ltr'><strong>ut</strong></span> <span class='ocrx_word' id='word_1_118' title='bbox 1648 1725 1875 1784; x_wconf 86' lang='lat' dir='ltr'><strong>crimina</strong></span> <span class='ocrx_word' id='word_1_119' title='bbox 1902 1739 1932 1779; x_wconf 89' lang='lat' dir='ltr'><strong>a</strong></span> <span class='ocrx_word' id='word_1_120' title='bbox 1958 1739 2019 1781; x_wconf 87' lang='lat' dir='ltr'><strong>se</strong></span> <span class='ocrx_word' id='word_1_121' title='bbox 2044 1722 2140 1779; x_wconf 89' lang='lat' dir='ltr'><strong>de-</strong></span> 
     </span>
    </p>
   </div>
   <div class='ocr_carea' id='block_1_17' title="bbox 535 1816 2140 1892">
    <p class='ocr_par' dir='ltr' id='par_1_17' title="bbox 535 1816 2140 1892">
     <span class='ocr_line' id='line_1_17' title="bbox 535 1816 2140 1892; baseline -0.002 -17"><span class='ocrx_word' id='word_1_122' title='bbox 535 1820 827 1891; x_wconf 74' lang='lat' dir='ltr'><strong>pellerent.</strong></span> <span class='ocrx_word' id='word_1_123' title='bbox 862 1820 1151 1892; x_wconf 72' lang='lat' dir='ltr'><strong>Postquam</strong></span> <span class='ocrx_word' id='word_1_124' title='bbox 1177 1830 1359 1877; x_wconf 91' lang='lat' dir='ltr'><strong>autem</strong></span> <span class='ocrx_word' id='word_1_125' title='bbox 1390 1820 1647 1891; x_wconf 85' lang='lat' dir='ltr'><strong>temporis</strong></span> <span class='ocrx_word' id='word_1_126' title='bbox 1668 1819 1899 1889; x_wconf 89' lang='lat' dir='ltr'><strong>spatium</strong></span> <span class='ocrx_word' id='word_1_127' title='bbox 1928 1816 1996 1871; x_wconf 91' lang='lat' dir='ltr'><strong>ad</strong></span> <span class='ocrx_word' id='word_1_128' title='bbox 2026 1829 2140 1888; x_wconf 72' lang='lat' dir='ltr'><strong>pm-</strong></span> 
     </span>
    </p>
   </div>
   <div class='ocr_carea' id='block_1_18' title="bbox 531 1909 2143 1985">
    <p class='ocr_par' dir='ltr' id='par_1_18' title="bbox 531 1909 2143 1985">
     <span class='ocr_line' id='line_1_18' title="bbox 531 1909 2143 1985; baseline -0.002 -14"><span class='ocrx_word' id='word_1_129' title='bbox 531 1913 823 1971; x_wconf 74' lang='lat' dir='ltr'><strong>nitentiam</strong></span> <span class='ocrx_word' id='word_1_130' title='bbox 883 1914 1243 1985; x_wconf 66' lang='lat' dir='ltr'><strong>praestitutum</strong></span> <span class='ocrx_word' id='word_1_131' title='bbox 1316 1912 1577 1969; x_wconf 79' lang='lat' dir='ltr'><strong>habentes</strong></span> <span class='ocrx_word' id='word_1_132' title='bbox 1635 1909 2014 1969; x_wconf 88' lang='lat' dir='ltr'><strong>immedicabili</strong></span> <span class='ocrx_word' id='word_1_133' title='bbox 2081 1923 2143 1967; x_wconf 86' lang='lat' dir='ltr'><strong>se</strong></span> 
     </span>
    </p>
   </div>
   <div class='ocr_carea' id='block_1_19' title="bbox 535 1998 2142 2076">
    <p class='ocr_par' dir='ltr' id='par_1_19' title="bbox 535 1998 2142 2076">
     <span class='ocr_line' id='line_1_19' title="bbox 535 1998 2142 2076; baseline -0.002 -19"><span class='ocrx_word' id='word_1_134' title='bbox 535 2002 794 2060; x_wconf 73' lang='lat' dir='ltr'><strong>laborare</strong></span> <span class='ocrx_word' id='word_1_135' title='bbox 821 2003 1012 2060; x_wconf 86' lang='lat' dir='ltr'><strong>morbo</strong></span> <span class='ocrx_word' id='word_1_136' title='bbox 1038 2018 1152 2076; x_wconf 68' lang='lat' dir='ltr'><strong>pra</strong></span> <span class='ocrx_word' id='word_1_137' title='bbox 1180 2019 1241 2060; x_wconf 89' lang='lat' dir='ltr'><strong>se</strong></span> <span class='ocrx_word' id='word_1_138' title='bbox 1264 2003 1524 2070; x_wconf 86' lang='lat' dir='ltr'><strong>tulerunt,</strong></span> <span class='ocrx_word' id='word_1_139' title='bbox 1557 2011 1668 2058; x_wconf 90' lang='lat' dir='ltr'><strong>tum</strong></span> <span class='ocrx_word' id='word_1_140' title='bbox 1694 2000 1909 2057; x_wconf 91' lang='lat' dir='ltr'><strong>demum</strong></span> <span class='ocrx_word' id='word_1_141' title='bbox 1937 1998 2142 2070; x_wconf 84' lang='lat' dir='ltr'><strong>suppli-</strong></span> 
     </span>
    </p>
   </div>
   <div class='ocr_carea' id='block_1_20' title="bbox 536 2089 2142 2165">
    <p class='ocr_par' dir='ltr' id='par_1_20' title="bbox 536 2089 2142 2165">
     <span class='ocr_line' id='line_1_20' title="bbox 536 2089 2142 2165; baseline -0.002 -16"><span class='ocrx_word' id='word_1_142' title='bbox 536 2094 689 2149; x_wconf 78' lang='lat' dir='ltr'><strong>cium</strong></span> <span class='ocrx_word' id='word_1_143' title='bbox 717 2094 824 2150; x_wconf 90' lang='lat' dir='ltr'><strong>illis</strong></span> <span class='ocrx_word' id='word_1_144' title='bbox 850 2108 916 2149; x_wconf 86' lang='lat' dir='ltr'><strong>ac</strong></span> <span class='ocrx_word' id='word_1_145' title='bbox 944 2108 1158 2165; x_wconf 68' lang='lat' dir='ltr'><strong>prunam</strong></span> <span class='ocrx_word' id='word_1_146' title='bbox 1187 2093 1397 2161; x_wconf 87' lang='lat' dir='ltr'><strong>intulit,</strong></span> <span class='ocrx_word' id='word_1_147' title='bbox 1438 2101 1494 2150; x_wconf 92' lang='lat' dir='ltr'><strong>et</strong></span> <span class='ocrx_word' id='word_1_148' title='bbox 1525 2106 1712 2149; x_wconf 88' lang='lat' dir='ltr'><strong>eversa</strong></span> <span class='ocrx_word' id='word_1_149' title='bbox 1751 2091 1968 2147; x_wconf 90' lang='lat' dir='ltr'><strong>illorum</strong></span> <span class='ocrx_word' id='word_1_150' title='bbox 2008 2089 2142 2145; x_wconf 84' lang='lat' dir='ltr'><strong>urbe</strong></span> 
     </span>
    </p>
   </div>
   <div class='ocr_carea' id='block_1_21' title="bbox 539 2180 2139 2257">
    <p class='ocr_par' dir='ltr' id='par_1_21' title="bbox 539 2180 2139 2257">
     <span class='ocr_line' id='line_1_21' title="bbox 539 2180 2139 2257; baseline -0.004 -16"><span class='ocrx_word' id='word_1_151' title='bbox 539 2200 645 2257; x_wconf 85' lang='lat' dir='ltr'><strong>per</strong></span> <span class='ocrx_word' id='word_1_152' title='bbox 663 2184 970 2241; x_wconf 88' lang='lat' dir='ltr'><strong>universum</strong></span> <span class='ocrx_word' id='word_1_153' title='bbox 987 2184 1178 2242; x_wconf 87' lang='lat' dir='ltr'><strong>orbem</strong></span> <span class='ocrx_word' id='word_1_154' title='bbox 1201 2192 1464 2241; x_wconf 89' lang='lat' dir='ltr'><strong>terrarum</strong></span> <span class='ocrx_word' id='word_1_155' title='bbox 1483 2182 1705 2242; x_wconf 89' lang='lat' dir='ltr'><strong>eductos</strong></span> <span class='ocrx_word' id='word_1_156' title='bbox 1726 2182 1847 2238; x_wconf 88' lang='lat' dir='ltr'><strong>illos</strong></span> <span class='ocrx_word' id='word_1_157' title='bbox 1867 2180 2139 2253; x_wconf 85' lang='lat' dir='ltr'><strong>dispersit.</strong></span> 
     </span>
    </p>
   </div>
   <div class='ocr_carea' id='block_1_22' title="bbox 539 2270 2142 2349">
    <p class='ocr_par' dir='ltr' id='par_1_22' title="bbox 539 2270 2142 2349">
     <span class='ocr_line' id='line_1_22' title="bbox 539 2270 2142 2349; baseline -0.002 -16"><span class='ocrx_word' id='word_1_158' title='bbox 539 2278 727 2349; x_wconf 70' lang='lat' dir='ltr'><strong>Atque</strong></span> <span class='ocrx_word' id='word_1_159' title='bbox 756 2276 861 2334; x_wconf 89' lang='lat' dir='ltr'><strong>hoc</strong></span> <span class='ocrx_word' id='word_1_160' title='bbox 887 2277 1235 2349; x_wconf 71' lang='lat' dir='ltr'><strong>benignitatis</strong></span> <span class='ocrx_word' id='word_1_161' title='bbox 1260 2276 1378 2348; x_wconf 84' lang='lat' dir='ltr'><strong>ejus</strong></span> <span class='ocrx_word' id='word_1_162' title='bbox 1404 2291 1544 2349; x_wconf 89' lang='lat' dir='ltr'><strong>opus</strong></span> <span class='ocrx_word' id='word_1_163' title='bbox 1564 2274 1688 2332; x_wconf 88' lang='lat' dir='ltr'><strong>l‘uit.</strong></span> <span class='ocrx_word' id='word_1_164' title='bbox 1716 2270 1995 2347; x_wconf 84' lang='lat' dir='ltr'><strong>Siquidem</strong></span> <span class='ocrx_word' id='word_1_165' title='bbox 2024 2273 2142 2329; x_wconf 91' lang='lat' dir='ltr'><strong>illos</strong></span> 
     </span>
    </p>
   </div>
   <div class='ocr_carea' id='block_1_23' title="bbox 538 2366 2144 2453">
    <p class='ocr_par' dir='ltr' id='par_1_23' title="bbox 538 2366 2144 2453">
     <span class='ocr_line' id='line_1_23' title="bbox 538 2366 2144 2453; baseline -0.002 -28"><span class='ocrx_word' id='word_1_166' title='bbox 538 2368 821 2453; x_wconf 71' lang='lat' dir='ltr'><strong>dispersit,</strong></span> <span class='ocrx_word' id='word_1_167' title='bbox 850 2379 909 2428; x_wconf 90' lang='lat' dir='ltr'><strong>ut</strong></span> <span class='ocrx_word' id='word_1_168' title='bbox 932 2369 1227 2438; x_wconf 85' lang='lat' dir='ltr'><strong>Christum,</strong></span> <span class='ocrx_word' id='word_1_169' title='bbox 1253 2385 1414 2442; x_wconf 85' lang='lat' dir='ltr'><strong>quem</strong></span> <span class='ocrx_word' id='word_1_170' title='bbox 1438 2369 1585 2427; x_wconf 84' lang='lat' dir='ltr'><strong>cruci</strong></span> <span class='ocrx_word' id='word_1_171' title='bbox 1609 2368 1916 2436; x_wconf 80' lang='lat' dir='ltr'><strong>aliixerant,</strong></span> <span class='ocrx_word' id='word_1_172' title='bbox 1947 2366 2144 2438; x_wconf 89' lang='lat' dir='ltr'><strong>ubique</strong></span> 
     </span>
    </p>
   </div>
   <div class='ocr_carea' id='block_1_24' title="bbox 543 2457 2147 2527">
    <p class='ocr_par' dir='ltr' id='par_1_24' title="bbox 543 2457 2147 2527">
     <span class='ocr_line' id='line_1_24' title="bbox 543 2457 2147 2527; baseline -0.002 -10"><span class='ocrx_word' id='word_1_173' title='bbox 543 2471 817 2517; x_wconf 72' lang='lat' dir='ltr'><strong>terrarum</strong></span> <span class='ocrx_word' id='word_1_174' title='bbox 863 2473 1153 2519; x_wconf 69' lang='lat' dir='ltr'><strong>cernerent</strong></span> <span class='ocrx_word' id='word_1_175' title='bbox 1203 2462 1453 2527; x_wconf 87' lang='lat' dir='ltr'><strong>adorari,</strong></span> <span class='ocrx_word' id='word_1_176' title='bbox 1501 2470 1562 2517; x_wconf 88' lang='lat' dir='ltr'><strong>ut</strong></span> <span class='ocrx_word' id='word_1_177' title='bbox 1597 2476 1737 2525; x_wconf 77' lang='lat' dir='ltr'><strong>cum</strong></span> <span class='ocrx_word' id='word_1_178' title='bbox 1779 2459 1850 2515; x_wconf 90' lang='lat' dir='ltr'><strong>ab</strong></span> <span class='ocrx_word' id='word_1_179' title='bbox 1895 2457 2147 2515; x_wconf 92' lang='lat' dir='ltr'><strong>omnibus</strong></span> 
     </span>
    </p>
   </div>
   <div class='ocr_carea' id='block_1_25' title="bbox 546 2550 2149 2623">
    <p class='ocr_par' dir='ltr' id='par_1_25' title="bbox 546 2550 2149 2623">
     <span class='ocr_line' id='line_1_25' title="bbox 546 2550 2149 2623; baseline -0.002 -14"><span class='ocrx_word' id='word_1_180' title='bbox 546 2552 831 2611; x_wconf 79' lang='lat' dir='ltr'><strong>adoratum</strong></span> <span class='ocrx_word' id='word_1_181' title='bbox 856 2553 1010 2611; x_wconf 87' lang='lat' dir='ltr'><strong>illum</strong></span> <span class='ocrx_word' id='word_1_182' title='bbox 1036 2560 1342 2620; x_wconf 87' lang='lat' dir='ltr'><strong>cernerent,</strong></span> <span class='ocrx_word' id='word_1_183' title='bbox 1370 2552 1595 2623; x_wconf 86' lang='lat' dir='ltr'><strong>ejusque</strong></span> <span class='ocrx_word' id='word_1_184' title='bbox 1607 2550 1874 2608; x_wconf 78' lang='lat' dir='ltr'><strong>~virtutem</strong></span> <span class='ocrx_word' id='word_1_185' title='bbox 1906 2551 2149 2622; x_wconf 87' lang='lat' dir='ltr'><strong>percipe-</strong></span> 
     </span>
    </p>
   </div>
   <div class='ocr_carea' id='block_1_26' title="bbox 544 2642 2149 2715">
    <p class='ocr_par' dir='ltr' id='par_1_26' title="bbox 544 2642 2149 2715">
     <span class='ocr_line' id='line_1_26' title="bbox 544 2642 2149 2715; baseline -0.004 -13"><span class='ocrx_word' id='word_1_186' title='bbox 544 2652 693 2710; x_wconf 74' lang='lat' dir='ltr'><strong>rent,</strong></span> <span class='ocrx_word' id='word_1_187' title='bbox 724 2660 992 2701; x_wconf 88' lang='lat' dir='ltr'><strong>summam</strong></span> <span class='ocrx_word' id='word_1_188' title='bbox 1017 2657 1167 2701; x_wconf 87' lang='lat' dir='ltr'><strong>suam</strong></span> <span class='ocrx_word' id='word_1_189' title='bbox 1208 2642 1538 2715; x_wconf 83' lang='lat' dir='ltr'><strong>impietatem</strong></span> <span class='ocrx_word' id='word_1_190' title='bbox 1566 2648 1941 2714; x_wconf 75' lang='lat' dir='ltr'><strong>agnoscerent,</strong></span> <span class='ocrx_word' id='word_1_191' title='bbox 1975 2652 2149 2711; x_wconf 90' lang='lat' dir='ltr'><strong>eaque</strong></span> 
     </span>
    </p>
   </div>
   <div class='ocr_carea' id='block_1_27' title="bbox 548 2731 2151 2807">
    <p class='ocr_par' dir='ltr' id='par_1_27' title="bbox 548 2731 2151 2807">
     <span class='ocr_line' id='line_1_27' title="bbox 548 2731 2151 2807; baseline -0.002 -15"><span class='ocrx_word' id='word_1_192' title='bbox 548 2734 768 2807; x_wconf 81' lang='lat' dir='ltr'><strong>cognita</strong></span> <span class='ocrx_word' id='word_1_193' title='bbox 793 2735 862 2791; x_wconf 89' lang='lat' dir='ltr'><strong>ad</strong></span> <span class='ocrx_word' id='word_1_194' title='bbox 890 2734 1172 2791; x_wconf 80' lang='lat' dir='ltr'><strong>veritatem</strong></span> <span class='ocrx_word' id='word_1_195' title='bbox 1210 2733 1472 2791; x_wconf 82' lang='lat' dir='ltr'><strong>redirent.</strong></span> <span class='ocrx_word' id='word_1_196' title='bbox 1502 2734 1677 2805; x_wconf 80' lang='lat' dir='ltr'><strong>Atque</strong></span> <span class='ocrx_word' id='word_1_197' title='bbox 1716 2732 1831 2805; x_wconf 88' lang='lat' dir='ltr'><strong>ipsa</strong></span> <span class='ocrx_word' id='word_1_198' title='bbox 1870 2731 2151 2801; x_wconf 85' lang='lat' dir='ltr'><strong>captivitas</strong></span> 
     </span>
    </p>
   </div>
   <div class='ocr_carea' id='block_1_28' title="bbox 556 2821 2150 2897">
    <p class='ocr_par' dir='ltr' id='par_1_28' title="bbox 556 2821 2150 2897">
     <span class='ocr_line' id='line_1_28' title="bbox 556 2821 2150 2897; baseline -0.004 -12"><span class='ocrx_word' id='word_1_199' title='bbox 556 2829 664 2885; x_wconf 89' lang='lat' dir='ltr'><strong>illis</strong></span> <span class='ocrx_word' id='word_1_200' title='bbox 703 2826 901 2885; x_wconf 84' lang='lat' dir='ltr'><strong>deinde</strong></span> <span class='ocrx_word' id='word_1_201' title='bbox 941 2826 1242 2894; x_wconf 68' lang='lat' dir='ltr'><strong>doctrinae,</strong></span> <span class='ocrx_word' id='word_1_202' title='bbox 1289 2840 1356 2883; x_wconf 87' lang='lat' dir='ltr'><strong>ac</strong></span> <span class='ocrx_word' id='word_1_203' title='bbox 1400 2824 1722 2897; x_wconf 81' lang='lat' dir='ltr'><strong>supplicium</strong></span> <span class='ocrx_word' id='word_1_204' title='bbox 1767 2821 2150 2879; x_wconf 81' lang='lat' dir='ltr'><strong>admonitionis</strong></span> 
     </span>
    </p>
   </div>
   <div class='ocr_carea' id='block_1_29' title="bbox 546 2912 2151 2987">
    <p class='ocr_par' dir='ltr' id='par_1_29' title="bbox 546 2912 2151 2987">
     <span class='ocr_line' id='line_1_29' title="bbox 546 2912 2151 2987; baseline -0.007 -7"><span class='ocrx_word' id='word_1_205' title='bbox 546 2922 895 2979; x_wconf 85' lang='lat' dir='ltr'><strong>occasionem</strong></span> <span class='ocrx_word' id='word_1_206' title='bbox 943 2919 1200 2976; x_wconf 71' lang='lat' dir='ltr'><strong>aderehat</strong></span> <span class='ocrx_word' id='word_1_207' title='bbox 1240 2935 1256 2974; x_wconf 92' lang='lat'><strong>:</strong></span> <span class='ocrx_word' id='word_1_208' title='bbox 1303 2918 1350 2973; x_wconf 88' lang='lat' dir='ltr'><strong>si</strong></span> <span class='ocrx_word' id='word_1_209' title='bbox 1392 2915 1535 2974; x_wconf 82' lang='lat' dir='ltr'><strong>enim</strong></span> <span class='ocrx_word' id='word_1_210' title='bbox 1586 2917 1643 2973; x_wconf 91' lang='lat' dir='ltr'><strong>in</strong></span> <span class='ocrx_word' id='word_1_211' title='bbox 1685 2914 1907 2987; x_wconf 83' lang='lat' dir='ltr'><strong>regione</strong></span> <span class='ocrx_word' id='word_1_212' title='bbox 1945 2912 2151 2971; x_wconf 62' lang='lat' dir='ltr'><strong>Judaem</strong></span> 
     </span>
    </p>
   </div>
   <div class='ocr_carea' id='block_1_30' title="bbox 552 3004 2155 3079">
    <p class='ocr_par' dir='ltr' id='par_1_30' title="bbox 552 3004 2155 3079">
     <span class='ocr_line' id='line_1_30' title="bbox 552 3004 2155 3079; baseline -0.006 -10"><span class='ocrx_word' id='word_1_213' title='bbox 552 3012 983 3079; x_wconf 83' lang='lat' dir='ltr'><strong>remansissent,</strong></span> <span class='ocrx_word' id='word_1_214' title='bbox 1014 3024 1231 3066; x_wconf 89' lang='lat' dir='ltr'><strong>veraces</strong></span> <span class='ocrx_word' id='word_1_215' title='bbox 1258 3008 1425 3065; x_wconf 78' lang='lat' dir='ltr'><strong>fuisse</strong></span> <span class='ocrx_word' id='word_1_216' title='bbox 1452 3007 1745 3079; x_wconf 86' lang='lat' dir='ltr'><strong>prophetas</strong></span> <span class='ocrx_word' id='word_1_217' title='bbox 1773 3021 1881 3061; x_wconf 90' lang='lat' dir='ltr'><strong>non</strong></span> <span class='ocrx_word' id='word_1_218' title='bbox 1903 3004 2155 3075; x_wconf 83' lang='lat' dir='ltr'><strong>agnovis-</strong></span> 
     </span>
    </p>
   </div>
   <div class='ocr_carea' id='block_1_31' title="bbox 556 3095 2152 3174">
    <p class='ocr_par' dir='ltr' id='par_1_31' title="bbox 556 3095 2152 3174">
     <span class='ocr_line' id='line_1_31' title="bbox 556 3095 2152 3174; baseline -0.007 -13"><span class='ocrx_word' id='word_1_219' title='bbox 556 3114 699 3161; x_wconf 83' lang='lat' dir='ltr'><strong>sem.</strong></span> <span class='ocrx_word' id='word_1_220' title='bbox 741 3102 882 3173; x_wconf 85' lang='lat' dir='ltr'><strong>Quid</strong></span> <span class='ocrx_word' id='word_1_221' title='bbox 923 3102 1071 3159; x_wconf 89' lang='lat' dir='ltr'><strong>enim</strong></span> <span class='ocrx_word' id='word_1_222' title='bbox 1110 3100 1388 3174; x_wconf 70' lang='lat' dir='ltr'><strong>prophetat</strong></span> <span class='ocrx_word' id='word_1_223' title='bbox 1429 3098 1720 3155; x_wconf 70' lang='lat' dir='ltr'><strong>dicebant?</strong></span> <span class='ocrx_word' id='word_1_224' title='bbox 1751 3095 2025 3152; x_wconf 68' lang='lat' dir='ltr'><strong>Postulat:</strong></span> <span class='ocrx_word' id='word_1_225' title='bbox 2051 3112 2152 3163; x_wconf 73' lang='lat' dir='ltr'><strong>nte,</strong></span> 
     </span>
    </p>
   </div>
   <div class='ocr_carea' id='block_1_32' title="bbox 556 3188 2155 3266">
    <p class='ocr_par' dir='ltr' id='par_1_32' title="bbox 556 3188 2155 3266">
     <span class='ocr_line' id='line_1_32' title="bbox 556 3188 2155 3266; baseline -0.006 -15"><span class='ocrx_word' id='word_1_226' title='bbox 556 3206 608 3251; x_wconf 82' lang='lat' dir='ltr'><strong>et</strong></span> <span class='ocrx_word' id='word_1_227' title='bbox 632 3193 767 3251; x_wconf 80' lang='lat' dir='ltr'><strong>dabo</strong></span> <span class='ocrx_word' id='word_1_228' title='bbox 803 3194 894 3251; x_wconf 73' lang='lat' dir='ltr'><strong>tibi</strong></span> <span class='ocrx_word' id='word_1_229' title='bbox 931 3202 1103 3266; x_wconf 79' lang='lat' dir='ltr'><strong>genus</strong></span> <span class='ocrx_word' id='word_1_230' title='bbox 1147 3192 1475 3247; x_wconf 66' lang='lat' dir='ltr'><strong>hereditatum</strong></span> <span class='ocrx_word' id='word_1_231' title='bbox 1502 3198 1671 3255; x_wconf 70' lang='lat' dir='ltr'><strong>um,</strong></span> <span class='ocrx_word' id='word_1_232' title='bbox 1702 3198 1753 3245; x_wconf 85' lang='lat' dir='ltr'><strong>et</strong></span> <span class='ocrx_word' id='word_1_233' title='bbox 1792 3188 2155 3260; x_wconf 79' lang='lat' dir='ltr'><strong>possessionem</strong></span> 
     </span>
    </p>
   </div>
   <div class='ocr_carea' id='block_1_33' title="bbox 562 3275 2155 3356">
    <p class='ocr_par' dir='ltr' id='par_1_33' title="bbox 562 3275 2155 3356">
     <span class='ocr_line' id='line_1_33' title="bbox 562 3275 2155 3356; baseline -0.006 -15"><span class='ocrx_word' id='word_1_234' title='bbox 562 3295 703 3342; x_wconf 72' lang='lat' dir='ltr'><strong>tuam</strong></span> <span class='ocrx_word' id='word_1_235' title='bbox 743 3284 986 3342; x_wconf 74' lang='lat' dir='ltr'><strong>terminos</strong></span> <span class='ocrx_word' id='word_1_236' title='bbox 1014 3291 1163 3338; x_wconf 66' lang='lat' dir='ltr'><strong>terra:</strong></span> <span class='ocrx_word' id='word_1_237' title='bbox 1187 3280 1375 3356; x_wconf 75' lang='lat' dir='ltr'><strong>(Prol.</strong></span> <span class='ocrx_word' id='word_1_238' title='bbox 1396 3280 1454 3337; x_wconf 67' lang='grc' dir='ltr'><strong>Ξ.</strong></span> <span class='ocrx_word' id='word_1_239' title='bbox 1481 3277 1575 3354; x_wconf 82' lang='grc'><strong>8).</strong></span> <span class='ocrx_word' id='word_1_240' title='bbox 1610 3279 1795 3350; x_wconf 81' lang='lat' dir='ltr'><strong>Itaque</strong></span> <span class='ocrx_word' id='word_1_241' title='bbox 1823 3278 1944 3334; x_wconf 87' lang='lat' dir='ltr'><strong>illos</strong></span> <span class='ocrx_word' id='word_1_242' title='bbox 1972 3275 2155 3348; x_wconf 87' lang='lat' dir='ltr'><strong>egredi</strong></span> 
     </span>
    </p>
   </div>
   <div class='ocr_carea' id='block_1_34' title="bbox 565 3368 2156 3449">
    <p class='ocr_par' dir='ltr' id='par_1_34' title="bbox 565 3368 2156 3449">
     <span class='ocr_line' id='line_1_34' title="bbox 565 3368 2156 3449; baseline -0.005 -18"><span class='ocrx_word' id='word_1_243' title='bbox 565 3377 803 3449; x_wconf 89' lang='lat' dir='ltr'><strong>oportuit</strong></span> <span class='ocrx_word' id='word_1_244' title='bbox 838 3375 906 3431; x_wconf 89' lang='lat' dir='ltr'><strong>ad</strong></span> <span class='ocrx_word' id='word_1_245' title='bbox 935 3384 1090 3432; x_wconf 68' lang='lat' dir='ltr'><strong>terra</strong></span> <span class='ocrx_word' id='word_1_246' title='bbox 1118 3374 1401 3439; x_wconf 85' lang='lat' dir='ltr'><strong>terminos,</strong></span> <span class='ocrx_word' id='word_1_247' title='bbox 1427 3379 1488 3428; x_wconf 91' lang='lat' dir='ltr'><strong>ut</strong></span> <span class='ocrx_word' id='word_1_248' title='bbox 1517 3369 1748 3442; x_wconf 87' lang='lat' dir='ltr'><strong>propriis</strong></span> <span class='ocrx_word' id='word_1_249' title='bbox 1770 3368 1938 3426; x_wconf 90' lang='lat' dir='ltr'><strong>oculis</strong></span> <span class='ocrx_word' id='word_1_250' title='bbox 1962 3382 2156 3424; x_wconf 85' lang='lat' dir='ltr'><strong>cerne-</strong></span> 
     </span>
    </p>
   </div>
   <div class='ocr_carea' id='block_1_35' title="bbox 1253 290 3067 397">
    <p class='ocr_par' dir='ltr' id='par_1_35' title="bbox 1253 290 3067 397">
     <span class='ocr_line' id='line_1_35' title="bbox 1253 290 3067 397; baseline 0.003 -10"><span class='ocrx_word' id='word_1_251' title='bbox 1253 328 1311 387; x_wconf 89' lang='lat' dir='ltr'><strong>s.</strong></span> <span class='ocrx_word' id='word_1_252' title='bbox 1344 327 1623 387; x_wconf 72' lang='lat' dir='ltr'><strong>JUANNIS</strong></span> <span class='ocrx_word' id='word_1_253' title='bbox 1658 290 2136 392; x_wconf 70' lang='lat' dir='ltr'><strong>cunréosrmn</strong></span> <span class='ocrx_word' id='word_1_254' title='bbox 2175 329 2495 393; x_wconf 77' lang='lat' dir='ltr'><strong>ARCHIEP.</strong></span> <span class='ocrx_word' id='word_1_255' title='bbox 2535 330 3067 397; x_wconf 64' lang='lat' dir='ltr'><strong>consumma.</strong></span> 
     </span>
    </p>
   </div>
   <div class='ocr_carea' id='block_1_36' title="bbox 2233 438 3852 527">
    <p class='ocr_par' dir='ltr' id='par_1_36' title="bbox 2233 438 3852 527">
     <span class='ocr_line' id='line_1_36' title="bbox 2233 438 3852 527; baseline 0.005 -23"><span class='ocrx_word' id='word_1_256' title='bbox 2233 438 2419 521; x_wconf 81' lang='lat' dir='ltr'><strong>spergi</strong></span> <span class='ocrx_word' id='word_1_257' title='bbox 2450 451 2707 521; x_wconf 87' lang='lat' dir='ltr'><strong>oportuit,</strong></span> <span class='ocrx_word' id='word_1_258' title='bbox 2740 462 2797 508; x_wconf 92' lang='lat' dir='ltr'><strong>ut</strong></span> <span class='ocrx_word' id='word_1_259' title='bbox 2828 467 3256 524; x_wconf 86' lang='lat' dir='ltr'><strong>unumquemque</strong></span> <span class='ocrx_word' id='word_1_260' title='bbox 3282 455 3515 512; x_wconf 88' lang='lat' dir='ltr'><strong>adorare</strong></span> <span class='ocrx_word' id='word_1_261' title='bbox 3542 454 3697 512; x_wconf 79' lang='lat' dir='ltr'><strong>illum</strong></span> <span class='ocrx_word' id='word_1_262' title='bbox 3724 470 3852 527; x_wconf 87' lang='lat' dir='ltr'><strong>pro-</strong></span> 
     </span>
    </p>
   </div>
   <div class='ocr_carea' id='block_1_37' title="bbox 2240 543 3857 619">
    <p class='ocr_par' dir='ltr' id='par_1_37' title="bbox 2240 543 3857 619">
     <span class='ocr_line' id='line_1_37' title="bbox 2240 543 3857 619; baseline 0.003 -23"><span class='ocrx_word' id='word_1_263' title='bbox 2240 556 2371 613; x_wconf 89' lang='lat' dir='ltr'><strong>prns</strong></span> <span class='ocrx_word' id='word_1_264' title='bbox 2398 543 2568 599; x_wconf 91' lang='lat' dir='ltr'><strong>oculis</strong></span> <span class='ocrx_word' id='word_1_265' title='bbox 2595 557 2902 601; x_wconf 90' lang='lat' dir='ltr'><strong>cernerent.</strong></span> <span class='ocrx_word' id='word_1_266' title='bbox 2926 544 3147 603; x_wconf 79' lang='lat' dir='ltr'><strong>&#39;Rursus</strong></span> <span class='ocrx_word' id='word_1_267' title='bbox 3171 548 3308 603; x_wconf 89' lang='lat' dir='ltr'><strong>alius</strong></span> <span class='ocrx_word' id='word_1_268' title='bbox 3333 547 3470 603; x_wconf 89' lang='lat' dir='ltr'><strong>dixit</strong></span> <span class='ocrx_word' id='word_1_269' title='bbox 3500 565 3516 603; x_wconf 90' lang='lat'><strong>:</strong></span> <span class='ocrx_word' id='word_1_270' title='bbox 3544 546 3857 619; x_wconf 65' lang='grc' dir='ltr'><strong>ιυρωίωτ</strong></span> 
     </span>
    </p>
   </div>
   <div class='ocr_carea' id='block_1_38' title="bbox 2240 634 3853 709">
    <p class='ocr_par' dir='ltr' id='par_1_38' title="bbox 2240 634 3853 709">
     <span class='ocr_line' id='line_1_38' title="bbox 2240 634 3853 709; baseline 0.001 -22"><span class='ocrx_word' id='word_1_271' title='bbox 2240 642 2407 699; x_wconf 68' lang='lat' dir='ltr'><strong>terra,</strong></span> <span class='ocrx_word' id='word_1_272' title='bbox 2451 640 2515 689; x_wconf 78' lang='grc' dir='ltr'><strong>ιιι</strong></span> <span class='ocrx_word' id='word_1_273' title='bbox 2548 645 2816 706; x_wconf 76' lang='lat' dir='ltr'><strong>cognoscat</strong></span> <span class='ocrx_word' id='word_1_274' title='bbox 2862 634 3162 703; x_wconf 77' lang='lat' dir='ltr'><strong>Dominum,</strong></span> <span class='ocrx_word' id='word_1_275' title='bbox 3209 638 3342 693; x_wconf 74' lang='lat' dir='ltr'><strong>sicut</strong></span> <span class='ocrx_word' id='word_1_276' title='bbox 3386 654 3523 709; x_wconf 73' lang='lat' dir='ltr'><strong>aqua</strong></span> <span class='ocrx_word' id='word_1_277' title='bbox 3568 638 3741 691; x_wconf 71' lang='lat' dir='ltr'><strong>multa</strong></span> <span class='ocrx_word' id='word_1_278' title='bbox 3780 638 3853 690; x_wconf 81' lang='lat' dir='ltr'><strong>ad</strong></span> 
     </span>
    </p>
   </div>
   <div class='ocr_carea' id='block_1_39' title="bbox 2241 724 3847 800">
    <p class='ocr_par' dir='ltr' id='par_1_39' title="bbox 2241 724 3847 800">
     <span class='ocr_line' id='line_1_39' title="bbox 2241 724 3847 800; baseline 0.004 -22"><span class='ocrx_word' id='word_1_279' title='bbox 2241 724 2573 793; x_wconf 79' lang='lat' dir='ltr'><strong>aperiendum</strong></span> <span class='ocrx_word' id='word_1_280' title='bbox 2599 727 2765 781; x_wconf 82' lang='lat' dir='ltr'><strong>maria</strong></span> <span class='ocrx_word' id='word_1_281' title='bbox 2795 726 2957 799; x_wconf 78' lang='lat' dir='ltr'><strong>(Hab.</strong></span> <span class='ocrx_word' id='word_1_282' title='bbox 2982 726 3039 782; x_wconf 76' lang='grc'><strong>2.</strong></span> <span class='ocrx_word' id='word_1_283' title='bbox 3069 728 3181 800; x_wconf 61' lang='lat' dir='ltr'><strong>id).</strong></span> <span class='ocrx_word' id='word_1_284' title='bbox 3210 726 3268 784; x_wconf 86' lang='lat' dir='ltr'><strong>In</strong></span> <span class='ocrx_word' id='word_1_285' title='bbox 3296 744 3513 785; x_wconf 87' lang='lat' dir='ltr'><strong>omnem</strong></span> <span class='ocrx_word' id='word_1_286' title='bbox 3544 729 3714 800; x_wconf 81' lang='lat' dir='ltr'><strong>igitur</strong></span> <span class='ocrx_word' id='word_1_287' title='bbox 3744 736 3847 784; x_wconf 75' lang='lat' dir='ltr'><strong>ter~</strong></span> 
     </span>
    </p>
   </div>
   <div class='ocr_carea' id='block_1_40' title="bbox 2241 814 3850 889">
    <p class='ocr_par' dir='ltr' id='par_1_40' title="bbox 2241 814 3850 889">
     <span class='ocr_line' id='line_1_40' title="bbox 2241 814 3850 889; baseline 0.004 -20"><span class='ocrx_word' id='word_1_288' title='bbox 2241 830 2355 869; x_wconf 90' lang='lat' dir='ltr'><strong>ram</strong></span> <span class='ocrx_word' id='word_1_289' title='bbox 2382 814 2532 871; x_wconf 85' lang='lat' dir='ltr'><strong>abire</strong></span> <span class='ocrx_word' id='word_1_290' title='bbox 2562 814 2683 871; x_wconf 89' lang='lat' dir='ltr'><strong>illos</strong></span> <span class='ocrx_word' id='word_1_291' title='bbox 2710 818 2968 888; x_wconf 85' lang='lat' dir='ltr'><strong>oportuit,</strong></span> <span class='ocrx_word' id='word_1_292' title='bbox 2991 827 3049 872; x_wconf 92' lang='lat' dir='ltr'><strong>ut</strong></span> <span class='ocrx_word' id='word_1_293' title='bbox 3076 817 3334 888; x_wconf 87' lang='lat' dir='ltr'><strong>repletam</strong></span> <span class='ocrx_word' id='word_1_294' title='bbox 3364 821 3513 875; x_wconf 81' lang='lat' dir='ltr'><strong>illam</strong></span> <span class='ocrx_word' id='word_1_295' title='bbox 3540 818 3850 889; x_wconf 73' lang='lat' dir='ltr'><strong>eoguititlte</strong></span> 
     </span>
    </p>
   </div>
   <div class='ocr_carea' id='block_1_41' title="bbox 2244 897 3855 983">
    <p class='ocr_par' dir='ltr' id='par_1_41' title="bbox 2244 897 3855 983">
     <span class='ocr_line' id='line_1_41' title="bbox 2244 897 3855 983; baseline 0.004 -24"><span class='ocrx_word' id='word_1_296' title='bbox 2244 905 2452 961; x_wconf 74' lang='lat' dir='ltr'><strong>Domini</strong></span> <span class='ocrx_word' id='word_1_297' title='bbox 2482 897 2840 976; x_wconf 49' lang='lat' dir='ltr'><strong>viderent,&#39;et</strong></span> <span class='ocrx_word' id='word_1_298' title='bbox 2866 912 3031 965; x_wconf 89' lang='lat' dir='ltr'><strong>maria</strong></span> <span class='ocrx_word' id='word_1_299' title='bbox 3054 950 3071 976; x_wconf 94' lang='lat'><strong>,</strong></span> <span class='ocrx_word' id='word_1_300' title='bbox 3102 907 3207 966; x_wconf 87' lang='lat' dir='ltr'><strong>hoc</strong></span> <span class='ocrx_word' id='word_1_301' title='bbox 3244 919 3329 966; x_wconf 85' lang='lat' dir='ltr'><strong>est</strong></span> <span class='ocrx_word' id='word_1_302' title='bbox 3367 911 3681 983; x_wconf 74' lang='lat' dir='ltr'><strong>spirituales</strong></span> <span class='ocrx_word' id='word_1_303' title='bbox 3723 910 3855 965; x_wconf 81' lang='lat' dir='ltr'><strong>istas</strong></span> 
     </span>
    </p>
   </div>
   <div class='ocr_carea' id='block_1_42' title="bbox 2244 995 3858 1072">
    <p class='ocr_par' dir='ltr' id='par_1_42' title="bbox 2244 995 3858 1072">
     <span class='ocr_line' id='line_1_42' title="bbox 2244 995 3858 1072; baseline 0.002 -20"><span class='ocrx_word' id='word_1_304' title='bbox 2244 995 2532 1066; x_wconf 83' lang='lat' dir='ltr'><strong>Ecclesias,</strong></span> <span class='ocrx_word' id='word_1_305' title='bbox 2563 998 2761 1069; x_wconf 87' lang='lat' dir='ltr'><strong>pietate</strong></span> <span class='ocrx_word' id='word_1_306' title='bbox 2783 998 3156 1056; x_wconf 89' lang='lat' dir='ltr'><strong>redundantia.</strong></span> <span class='ocrx_word' id='word_1_307' title='bbox 3197 996 3493 1071; x_wconf 81' lang='lat' dir='ltr'><strong>Propterea</strong></span> <span class='ocrx_word' id='word_1_308' title='bbox 3514 1001 3720 1072; x_wconf 86' lang='lat' dir='ltr'><strong>ubique</strong></span> <span class='ocrx_word' id='word_1_309' title='bbox 3750 1007 3858 1055; x_wconf 89' lang='lat' dir='ltr'><strong>ter-</strong></span> 
     </span>
    </p>
   </div>
   <div class='ocr_carea' id='block_1_43' title="bbox 2242 1088 3849 1159">
    <p class='ocr_par' dir='ltr' id='par_1_43' title="bbox 2242 1088 3849 1159">
     <span class='ocr_line' id='line_1_43' title="bbox 2242 1088 3849 1159; baseline 0.001 -15"><span class='ocrx_word' id='word_1_310' title='bbox 2242 1104 2422 1145; x_wconf 89' lang='lat' dir='ltr'><strong>rarum</strong></span> <span class='ocrx_word' id='word_1_311' title='bbox 2451 1088 2705 1159; x_wconf 87' lang='lat' dir='ltr'><strong>dispersit</strong></span> <span class='ocrx_word' id='word_1_312' title='bbox 2728 1090 2850 1147; x_wconf 89' lang='lat' dir='ltr'><strong>illos</strong></span> <span class='ocrx_word' id='word_1_313' title='bbox 2872 1090 3051 1147; x_wconf 89' lang='lat' dir='ltr'><strong>Deus:</strong></span> <span class='ocrx_word' id='word_1_314' title='bbox 3078 1091 3123 1146; x_wconf 85' lang='lat' dir='ltr'><strong>si</strong></span> <span class='ocrx_word' id='word_1_315' title='bbox 3149 1090 3291 1147; x_wconf 89' lang='lat' dir='ltr'><strong>enim</strong></span> <span class='ocrx_word' id='word_1_316' title='bbox 3321 1090 3374 1146; x_wconf 89' lang='lat' dir='ltr'><strong>in</strong></span> <span class='ocrx_word' id='word_1_317' title='bbox 3401 1090 3587 1155; x_wconf 68' lang='lat' dir='ltr'><strong>Judaea</strong></span> <span class='ocrx_word' id='word_1_318' title='bbox 3612 1089 3849 1147; x_wconf 82' lang='lat' dir='ltr'><strong>resedis-</strong></span> 
     </span>
    </p>
   </div>
   <div class='ocr_carea' id='block_1_44' title="bbox 2243 1180 3859 1253">
    <p class='ocr_par' dir='ltr' id='par_1_44' title="bbox 2243 1180 3859 1253">
     <span class='ocr_line' id='line_1_44' title="bbox 2243 1180 3859 1253; baseline 0.001 -19"><span class='ocrx_word' id='word_1_319' title='bbox 2243 1189 2397 1247; x_wconf 89' lang='lat' dir='ltr'><strong>sent,</strong></span> <span class='ocrx_word' id='word_1_320' title='bbox 2429 1180 2545 1236; x_wconf 66' lang='lat' dir='ltr'><strong>haec</strong></span> <span class='ocrx_word' id='word_1_321' title='bbox 2587 1181 2941 1253; x_wconf 86' lang='lat' dir='ltr'><strong>ignorassent.</strong></span> <span class='ocrx_word' id='word_1_322' title='bbox 2990 1180 3110 1237; x_wconf 83' lang='lat' dir='ltr'><strong>Jam</strong></span> <span class='ocrx_word' id='word_1_323' title='bbox 3140 1195 3271 1237; x_wconf 91' lang='lat' dir='ltr'><strong>vero</strong></span> <span class='ocrx_word' id='word_1_324' title='bbox 3302 1181 3600 1253; x_wconf 83' lang='lat' dir='ltr'><strong>prephetas</strong></span> <span class='ocrx_word' id='word_1_325' title='bbox 3630 1195 3859 1238; x_wconf 86' lang='lat' dir='ltr'><strong>veraces</strong></span> 
     </span>
    </p>
   </div>
   <div class='ocr_carea' id='block_1_45' title="bbox 2242 1272 3856 1344">
    <p class='ocr_par' dir='ltr' id='par_1_45' title="bbox 2242 1272 3856 1344">
     <span class='ocr_line' id='line_1_45' title="bbox 2242 1272 3856 1344; baseline -0.001 -18"><span class='ocrx_word' id='word_1_326' title='bbox 2242 1284 2397 1334; x_wconf 89' lang='lat' dir='ltr'><strong>esse,</strong></span> <span class='ocrx_word' id='word_1_327' title='bbox 2428 1279 2590 1341; x_wconf 86' lang='lat' dir='ltr'><strong>atque</strong></span> <span class='ocrx_word' id='word_1_328' title='bbox 2630 1272 2803 1342; x_wconf 88' lang='lat' dir='ltr'><strong>ipsum</strong></span> <span class='ocrx_word' id='word_1_329' title='bbox 2844 1274 3038 1327; x_wconf 85' lang='lat' dir='ltr'><strong>virtute</strong></span> <span class='ocrx_word' id='word_1_330' title='bbox 3068 1272 3272 1344; x_wconf 90' lang='lat' dir='ltr'><strong>pollere</strong></span> <span class='ocrx_word' id='word_1_331' title='bbox 3298 1285 3521 1328; x_wconf 89' lang='lat' dir='ltr'><strong>suorum</strong></span> <span class='ocrx_word' id='word_1_332' title='bbox 3562 1272 3856 1328; x_wconf 86' lang='lat' dir='ltr'><strong>oculorum</strong></span> 
     </span>
    </p>
   </div>
   <div class='ocr_carea' id='block_1_46' title="bbox 2244 1361 3858 1435">
    <p class='ocr_par' dir='ltr' id='par_1_46' title="bbox 2244 1361 3858 1435">
     <span class='ocr_line' id='line_1_46' title="bbox 2244 1361 3858 1435; baseline 0 -18"><span class='ocrx_word' id='word_1_333' title='bbox 2244 1362 2619 1433; x_wconf 88' lang='lat' dir='ltr'><strong>experimento</strong></span> <span class='ocrx_word' id='word_1_334' title='bbox 2659 1364 2772 1419; x_wconf 90' lang='lat' dir='ltr'><strong>vult</strong></span> <span class='ocrx_word' id='word_1_335' title='bbox 2813 1363 2960 1435; x_wconf 85' lang='lat' dir='ltr'><strong>ipsos</strong></span> <span class='ocrx_word' id='word_1_336' title='bbox 3000 1377 3371 1435; x_wconf 85' lang='lat' dir='ltr'><strong>cognoscere:</strong></span> <span class='ocrx_word' id='word_1_337' title='bbox 3403 1372 3497 1432; x_wconf 90' lang='lat' dir='ltr'><strong>ut,</strong></span> <span class='ocrx_word' id='word_1_338' title='bbox 3547 1363 3594 1418; x_wconf 88' lang='lat' dir='ltr'><strong>si</strong></span> <span class='ocrx_word' id='word_1_339' title='bbox 3635 1361 3858 1433; x_wconf 83' lang='lat' dir='ltr'><strong>quidem</strong></span> 
     </span>
    </p>
   </div>
   <div class='ocr_carea' id='block_1_47' title="bbox 2244 1452 3857 1526">
    <p class='ocr_par' dir='ltr' id='par_1_47' title="bbox 2244 1452 3857 1526">
     <span class='ocr_line' id='line_1_47' title="bbox 2244 1452 3857 1526; baseline 0.001 -18"><span class='ocrx_word' id='word_1_340' title='bbox 2244 1452 2398 1523; x_wconf 89' lang='lat' dir='ltr'><strong>probi</strong></span> <span class='ocrx_word' id='word_1_341' title='bbox 2440 1454 2687 1525; x_wconf 86' lang='lat' dir='ltr'><strong>gratique</strong></span> <span class='ocrx_word' id='word_1_342' title='bbox 2732 1453 2965 1521; x_wconf 81' lang='lat' dir='ltr'><strong>fuerint,</strong></span> <span class='ocrx_word' id='word_1_343' title='bbox 3009 1454 3079 1510; x_wconf 89' lang='lat' dir='ltr'><strong>ad</strong></span> <span class='ocrx_word' id='word_1_344' title='bbox 3109 1456 3386 1511; x_wconf 87' lang='lat' dir='ltr'><strong>veritatem</strong></span> <span class='ocrx_word' id='word_1_345' title='bbox 3418 1469 3516 1526; x_wconf 88' lang='lat' dir='ltr'><strong>per</strong></span> <span class='ocrx_word' id='word_1_346' title='bbox 3543 1455 3649 1511; x_wconf 83' lang='lat' dir='ltr'><strong>ista</strong></span> <span class='ocrx_word' id='word_1_347' title='bbox 3677 1454 3857 1511; x_wconf 84' lang='lat' dir='ltr'><strong>dedu-</strong></span> 
     </span>
    </p>
   </div>
   <div class='ocr_carea' id='block_1_48' title="bbox 2243 1546 3856 1620">
    <p class='ocr_par' dir='ltr' id='par_1_48' title="bbox 2243 1546 3856 1620">
     <span class='ocr_line' id='line_1_48' title="bbox 2243 1546 3856 1620; baseline 0 -19"><span class='ocrx_word' id='word_1_348' title='bbox 2243 1554 2435 1601; x_wconf 85' lang='lat' dir='ltr'><strong>cantur</strong></span> <span class='ocrx_word' id='word_1_349' title='bbox 2461 1562 2479 1602; x_wconf 90' lang='lat'><strong>:</strong></span> <span class='ocrx_word' id='word_1_350' title='bbox 2507 1547 2591 1602; x_wconf 88' lang='lat' dir='ltr'><strong>sin</strong></span> <span class='ocrx_word' id='word_1_351' title='bbox 2623 1556 2802 1603; x_wconf 91' lang='lat' dir='ltr'><strong>autem</strong></span> <span class='ocrx_word' id='word_1_352' title='bbox 2832 1548 2885 1602; x_wconf 89' lang='lat' dir='ltr'><strong>in</strong></span> <span class='ocrx_word' id='word_1_353' title='bbox 2916 1548 3191 1619; x_wconf 90' lang='lat' dir='ltr'><strong>impietate</strong></span> <span class='ocrx_word' id='word_1_354' title='bbox 3220 1558 3606 1620; x_wconf 84' lang='lat' dir='ltr'><strong>perseverent,</strong></span> <span class='ocrx_word' id='word_1_355' title='bbox 3648 1546 3856 1604; x_wconf 71' lang='lat' dir='ltr'><strong>nullam</strong></span> 
     </span>
    </p>
   </div>
   <div class='ocr_carea' id='block_1_49' title="bbox 2246 1633 3857 1709">
    <p class='ocr_par' dir='ltr' id='par_1_49' title="bbox 2246 1633 3857 1709">
     <span class='ocr_line' id='line_1_49' title="bbox 2246 1633 3857 1709; baseline -0.001 -16"><span class='ocrx_word' id='word_1_356' title='bbox 2246 1636 2480 1694; x_wconf 86' lang='lat' dir='ltr'><strong>habeant</strong></span> <span class='ocrx_word' id='word_1_357' title='bbox 2504 1638 2557 1693; x_wconf 92' lang='lat' dir='ltr'><strong>in</strong></span> <span class='ocrx_word' id='word_1_358' title='bbox 2598 1638 2876 1695; x_wconf 88' lang='lat' dir='ltr'><strong>tremenda</strong></span> <span class='ocrx_word' id='word_1_359' title='bbox 2904 1638 2994 1695; x_wconf 89' lang='lat' dir='ltr'><strong>die</strong></span> <span class='ocrx_word' id='word_1_360' title='bbox 3029 1638 3217 1709; x_wconf 81' lang='lat' dir='ltr'><strong>judicii</strong></span> <span class='ocrx_word' id='word_1_361' title='bbox 3247 1633 3685 1695; x_wconf 80' lang='lat' dir='ltr'><strong>excusationem.</strong></span> <span class='ocrx_word' id='word_1_362' title='bbox 3714 1636 3857 1694; x_wconf 86' lang='lat' dir='ltr'><strong>Pro-</strong></span> 
     </span>
    </p>
   </div>
   <div class='ocr_carea' id='block_1_50' title="bbox 2249 1728 3857 1802">
    <p class='ocr_par' dir='ltr' id='par_1_50' title="bbox 2249 1728 3857 1802">
     <span class='ocr_line' id='line_1_50' title="bbox 2249 1728 3857 1802; baseline -0.004 -15"><span class='ocrx_word' id='word_1_363' title='bbox 2249 1740 2432 1802; x_wconf 81' lang='lat' dir='ltr'><strong>ptcrea</strong></span> <span class='ocrx_word' id='word_1_364' title='bbox 2458 1746 2554 1802; x_wconf 92' lang='lat' dir='ltr'><strong>per</strong></span> <span class='ocrx_word' id='word_1_365' title='bbox 2579 1730 2888 1786; x_wconf 89' lang='lat' dir='ltr'><strong>universum</strong></span> <span class='ocrx_word' id='word_1_366' title='bbox 2915 1729 3103 1786; x_wconf 90' lang='lat' dir='ltr'><strong>orbem</strong></span> <span class='ocrx_word' id='word_1_367' title='bbox 3131 1738 3393 1786; x_wconf 89' lang='lat' dir='ltr'><strong>terrarum</strong></span> <span class='ocrx_word' id='word_1_368' title='bbox 3422 1729 3543 1785; x_wconf 89' lang='lat' dir='ltr'><strong>illos</strong></span> <span class='ocrx_word' id='word_1_369' title='bbox 3570 1728 3857 1799; x_wconf 73' lang='lat' dir='ltr'><strong>disponit.</strong></span> 
     </span>
    </p>
   </div>
   <div class='ocr_carea' id='block_1_51' title="bbox 2247 1818 3857 1893">
    <p class='ocr_par' dir='ltr' id='par_1_51' title="bbox 2247 1818 3857 1893">
     <span class='ocr_line' id='line_1_51' title="bbox 2247 1818 3857 1893; baseline -0.001 -17"><span class='ocrx_word' id='word_1_370' title='bbox 2247 1832 2307 1876; x_wconf 92' lang='lat' dir='ltr'><strong>ut</strong></span> <span class='ocrx_word' id='word_1_371' title='bbox 2333 1832 2389 1877; x_wconf 90' lang='lat' dir='ltr'><strong>et</strong></span> <span class='ocrx_word' id='word_1_372' title='bbox 2417 1836 2517 1877; x_wconf 89' lang='lat' dir='ltr'><strong>nos</strong></span> <span class='ocrx_word' id='word_1_373' title='bbox 2544 1822 2817 1893; x_wconf 90' lang='lat' dir='ltr'><strong>quidpiam</strong></span> <span class='ocrx_word' id='word_1_374' title='bbox 2850 1820 2974 1877; x_wconf 91' lang='lat' dir='ltr'><strong>inde</strong></span> <span class='ocrx_word' id='word_1_375' title='bbox 3011 1821 3146 1877; x_wconf 87' lang='lat' dir='ltr'><strong>lucri</strong></span> <span class='ocrx_word' id='word_1_376' title='bbox 3174 1821 3529 1892; x_wconf 88' lang='lat' dir='ltr'><strong>decerpamus</strong></span> <span class='ocrx_word' id='word_1_377' title='bbox 3548 1859 3565 1885; x_wconf 94' lang='lat'><strong>,</strong></span> <span class='ocrx_word' id='word_1_378' title='bbox 3609 1818 3719 1875; x_wconf 87' lang='lat' dir='ltr'><strong>hoc</strong></span> <span class='ocrx_word' id='word_1_379' title='bbox 3746 1826 3857 1885; x_wconf 85' lang='lat' dir='ltr'><strong>est,</strong></span> 
     </span>
    </p>
   </div>
   <div class='ocr_carea' id='block_1_52' title="bbox 2248 1909 3860 1984">
    <p class='ocr_par' dir='ltr' id='par_1_52' title="bbox 2248 1909 3860 1984">
     <span class='ocr_line' id='line_1_52' title="bbox 2248 1909 3860 1984; baseline -0.003 -16"><span class='ocrx_word' id='word_1_380' title='bbox 2248 1912 2374 1968; x_wconf 91' lang='lat' dir='ltr'><strong>dum</strong></span> <span class='ocrx_word' id='word_1_381' title='bbox 2402 1912 2635 1984; x_wconf 85' lang='lat' dir='ltr'><strong>prolatas</strong></span> <span class='ocrx_word' id='word_1_382' title='bbox 2678 1912 2799 1967; x_wconf 89' lang='lat' dir='ltr'><strong>illas</strong></span> <span class='ocrx_word' id='word_1_383' title='bbox 2825 1912 2893 1967; x_wconf 91' lang='lat' dir='ltr'><strong>de</strong></span> <span class='ocrx_word' id='word_1_384' title='bbox 2922 1911 3139 1968; x_wconf 90' lang='lat' dir='ltr'><strong>illorum</strong></span> <span class='ocrx_word' id='word_1_385' title='bbox 3173 1911 3511 1983; x_wconf 86' lang='lat' dir='ltr'><strong>dispersione</strong></span> <span class='ocrx_word' id='word_1_386' title='bbox 3537 1909 3860 1981; x_wconf 64' lang='lat' dir='ltr'><strong>pradictio.</strong></span> 
     </span>
    </p>
   </div>
   <div class='ocr_carea' id='block_1_53' title="bbox 2250 2001 3862 2075">
    <p class='ocr_par' dir='ltr' id='par_1_53' title="bbox 2250 2001 3862 2075">
     <span class='ocr_line' id='line_1_53' title="bbox 2250 2001 3862 2075; baseline -0.002 -16"><span class='ocrx_word' id='word_1_387' title='bbox 2250 2017 2369 2071; x_wconf 89' lang='lat' dir='ltr'><strong>nes,</strong></span> <span class='ocrx_word' id='word_1_388' title='bbox 2396 2002 2573 2074; x_wconf 90' lang='lat' dir='ltr'><strong>deque</strong></span> <span class='ocrx_word' id='word_1_389' title='bbox 2600 2002 3060 2075; x_wconf 79' lang='lat' dir='ltr'><strong>Jerosolymorum</strong></span> <span class='ocrx_word' id='word_1_390' title='bbox 3086 2004 3368 2060; x_wconf 78' lang='lat' dir='ltr'><strong>eversione</strong></span> <span class='ocrx_word' id='word_1_391' title='bbox 3390 2001 3690 2067; x_wconf 89' lang='lat' dir='ltr'><strong>cernimus,</strong></span> <span class='ocrx_word' id='word_1_392' title='bbox 3719 2014 3862 2073; x_wconf 86' lang='lat' dir='ltr'><strong>quas</strong></span> 
     </span>
    </p>
   </div>
   <div class='ocr_carea' id='block_1_54' title="bbox 2248 2092 3862 2160">
    <p class='ocr_par' dir='ltr' id='par_1_54' title="bbox 2248 2092 3862 2160">
     <span class='ocr_line' id='line_1_54' title="bbox 2248 2092 3862 2160; baseline -0.003 -9"><span class='ocrx_word' id='word_1_393' title='bbox 2248 2106 2303 2151; x_wconf 87' lang='lat' dir='ltr'><strong>et</strong></span> <span class='ocrx_word' id='word_1_394' title='bbox 2333 2094 2539 2160; x_wconf 88' lang='lat' dir='ltr'><strong>Daniel,</strong></span> <span class='ocrx_word' id='word_1_395' title='bbox 2562 2093 2689 2149; x_wconf 90' lang='lat' dir='ltr'><strong>dum</strong></span> <span class='ocrx_word' id='word_1_396' title='bbox 2710 2092 3125 2150; x_wconf 86' lang='lat' dir='ltr'><strong>abominationis</strong></span> <span class='ocrx_word' id='word_1_397' title='bbox 3143 2093 3493 2151; x_wconf 86' lang='lat' dir='ltr'><strong>desolatioms</strong></span> <span class='ocrx_word' id='word_1_398' title='bbox 3520 2094 3862 2149; x_wconf 84' lang='lat' dir='ltr'><strong>mentionem</strong></span> 
     </span>
    </p>
   </div>
   <div class='ocr_carea' id='block_1_55' title="bbox 2248 2184 3875 2259">
    <p class='ocr_par' dir='ltr' id='par_1_55' title="bbox 2248 2184 3875 2259">
     <span class='ocr_line' id='line_1_55' title="bbox 2248 2184 3875 2259; baseline -0.002 -19"><span class='ocrx_word' id='word_1_399' title='bbox 2248 2184 2375 2242; x_wconf 78' lang='lat' dir='ltr'><strong>facit</strong></span> <span class='ocrx_word' id='word_1_400' title='bbox 2401 2185 2422 2258; x_wconf 94' lang='lat'><strong>(</strong></span> <span class='ocrx_word' id='word_1_401' title='bbox 2445 2184 2579 2241; x_wconf 82' lang='lat' dir='ltr'><strong>Dan.</strong></span> <span class='ocrx_word' id='word_1_402' title='bbox 2604 2185 2658 2243; x_wconf 86' lang='lat'><strong>9.</strong></span> <span class='ocrx_word' id='word_1_403' title='bbox 2690 2185 2760 2240; x_wconf 78' lang='lat'><strong>27</strong></span> <span class='ocrx_word' id='word_1_404' title='bbox 2778 2186 2798 2259; x_wconf 89' lang='lat'><strong>)</strong></span> <span class='ocrx_word' id='word_1_405' title='bbox 2818 2226 2834 2253; x_wconf 91' lang='lat'><strong>,</strong></span> <span class='ocrx_word' id='word_1_406' title='bbox 2862 2194 2919 2242; x_wconf 90' lang='lat' dir='ltr'><strong>et</strong></span> <span class='ocrx_word' id='word_1_407' title='bbox 2939 2184 3227 2241; x_wconf 77' lang='lat' dir='ltr'><strong>Malachias</strong></span> <span class='ocrx_word' id='word_1_408' title='bbox 3251 2184 3380 2241; x_wconf 91' lang='lat' dir='ltr'><strong>dum</strong></span> <span class='ocrx_word' id='word_1_409' title='bbox 3410 2184 3487 2240; x_wconf 90' lang='lat' dir='ltr'><strong>ait</strong></span> <span class='ocrx_word' id='word_1_410' title='bbox 3513 2202 3528 2238; x_wconf 89' lang='lat'><strong>:</strong></span> <span class='ocrx_word' id='word_1_411' title='bbox 3564 2184 3701 2251; x_wconf 70' lang='lat' dir='ltr'><strong>Quia</strong></span> <span class='ocrx_word' id='word_1_412' title='bbox 3726 2193 3779 2238; x_wconf 80' lang='lat' dir='ltr'><strong>et</strong></span> <span class='ocrx_word' id='word_1_413' title='bbox 3807 2184 3875 2236; x_wconf 60' lang='lat' dir='ltr'><strong>id</strong></span> 
     </span>
    </p>
   </div>
   <div class='ocr_carea' id='block_1_56' title="bbox 2248 2273 3867 2349">
    <p class='ocr_par' dir='ltr' id='par_1_56' title="bbox 2248 2273 3867 2349">
     <span class='ocr_line' id='line_1_56' title="bbox 2248 2273 3867 2349; baseline -0.002 -17"><span class='ocrx_word' id='word_1_414' title='bbox 2248 2276 2385 2332; x_wconf 72' lang='lat' dir='ltr'><strong>vobis</strong></span> <span class='ocrx_word' id='word_1_415' title='bbox 2429 2277 2730 2333; x_wconf 76' lang='lat' dir='ltr'><strong>claudentur</strong></span> <span class='ocrx_word' id='word_1_416' title='bbox 2768 2279 2950 2349; x_wconf 72' lang='lat' dir='ltr'><strong>jamlc</strong></span> <span class='ocrx_word' id='word_1_417' title='bbox 2988 2275 3173 2348; x_wconf 68' lang='lat' dir='ltr'><strong>(Hal.</strong></span> <span class='ocrx_word' id='word_1_418' title='bbox 3203 2277 3256 2332; x_wconf 78' lang='grc' dir='ltr'><strong>Ι.</strong></span> <span class='ocrx_word' id='word_1_419' title='bbox 3283 2276 3351 2331; x_wconf 72' lang='grc' dir='ltr'><strong>ιο</strong></span> <span class='ocrx_word' id='word_1_420' title='bbox 3380 2273 3440 2346; x_wconf 82' lang='grc'><strong>),</strong></span> <span class='ocrx_word' id='word_1_421' title='bbox 3481 2283 3538 2331; x_wconf 91' lang='lat' dir='ltr'><strong>et</strong></span> <span class='ocrx_word' id='word_1_422' title='bbox 3581 2274 3778 2343; x_wconf 81' lang='lat' dir='ltr'><strong>David,</strong></span> <span class='ocrx_word' id='word_1_423' title='bbox 3808 2282 3867 2330; x_wconf 84' lang='lat' dir='ltr'><strong>et</strong></span> 
     </span>
    </p>
   </div>
   <div class='ocr_carea' id='block_1_57' title="bbox 2251 2363 3862 2439">
    <p class='ocr_par' dir='ltr' id='par_1_57' title="bbox 2251 2363 3862 2439">
     <span class='ocr_line' id='line_1_57' title="bbox 2251 2363 3862 2439; baseline -0.002 -16"><span class='ocrx_word' id='word_1_424' title='bbox 2251 2366 2444 2435; x_wconf 87' lang='lat' dir='ltr'><strong>isaias,</strong></span> <span class='ocrx_word' id='word_1_425' title='bbox 2471 2376 2527 2423; x_wconf 86' lang='lat' dir='ltr'><strong>et</strong></span> <span class='ocrx_word' id='word_1_426' title='bbox 2554 2367 2645 2423; x_wconf 90' lang='lat' dir='ltr'><strong>alii</strong></span> <span class='ocrx_word' id='word_1_427' title='bbox 2675 2365 2951 2439; x_wconf 71' lang='lat' dir='ltr'><strong>propheta:</strong></span> <span class='ocrx_word' id='word_1_428' title='bbox 2974 2366 3128 2422; x_wconf 90' lang='lat' dir='ltr'><strong>multi</strong></span> <span class='ocrx_word' id='word_1_429' title='bbox 3158 2364 3226 2421; x_wconf 91' lang='lat' dir='ltr'><strong>de</strong></span> <span class='ocrx_word' id='word_1_430' title='bbox 3255 2363 3341 2421; x_wconf 92' lang='lat' dir='ltr'><strong>his</strong></span> <span class='ocrx_word' id='word_1_431' title='bbox 3367 2364 3774 2437; x_wconf 66' lang='lat' dir='ltr'><strong>praedixerunt,</strong></span> <span class='ocrx_word' id='word_1_432' title='bbox 3799 2373 3862 2419; x_wconf 87' lang='lat' dir='ltr'><strong>ut</strong></span> 
     </span>
    </p>
   </div>
   <div class='ocr_carea' id='block_1_58' title="bbox 2250 2454 3865 2527">
    <p class='ocr_par' dir='ltr' id='par_1_58' title="bbox 2250 2454 3865 2527">
     <span class='ocr_line' id='line_1_58' title="bbox 2250 2454 3865 2527; baseline -0.002 -14"><span class='ocrx_word' id='word_1_433' title='bbox 2250 2456 2496 2519; x_wconf 84' lang='lat' dir='ltr'><strong>videntes</strong></span> <span class='ocrx_word' id='word_1_434' title='bbox 2523 2472 2620 2513; x_wconf 88' lang='lat' dir='ltr'><strong>eos</strong></span> <span class='ocrx_word' id='word_1_435' title='bbox 2646 2457 2738 2525; x_wconf 89' lang='lat' dir='ltr'><strong>qui</strong></span> <span class='ocrx_word' id='word_1_436' title='bbox 2768 2457 3053 2512; x_wconf 90' lang='lat' dir='ltr'><strong>Dominum</strong></span> <span class='ocrx_word' id='word_1_437' title='bbox 3083 2463 3164 2512; x_wconf 91' lang='lat' dir='ltr'><strong>tot</strong></span> <span class='ocrx_word' id='word_1_438' title='bbox 3189 2454 3400 2526; x_wconf 77' lang='lat' dir='ltr'><strong>injuriis</strong></span> <span class='ocrx_word' id='word_1_439' title='bbox 3427 2454 3757 2527; x_wconf 80' lang='lat' dir='ltr'><strong>aﬂ&#39;ecerant,</strong></span> <span class='ocrx_word' id='word_1_440' title='bbox 3790 2454 3865 2509; x_wconf 89' lang='lat' dir='ltr'><strong>ita</strong></span> 
     </span>
    </p>
   </div>
   <div class='ocr_carea' id='block_1_59' title="bbox 2254 2546 3867 2620">
    <p class='ocr_par' dir='ltr' id='par_1_59' title="bbox 2254 2546 3867 2620">
     <span class='ocr_line' id='line_1_59' title="bbox 2254 2546 3867 2620; baseline -0.004 -15"><span class='ocrx_word' id='word_1_441' title='bbox 2254 2548 2423 2605; x_wconf 79' lang='lat' dir='ltr'><strong>fuisse</strong></span> <span class='ocrx_word' id='word_1_442' title='bbox 2452 2549 2691 2619; x_wconf 88' lang='lat' dir='ltr'><strong>punitos,</strong></span> <span class='ocrx_word' id='word_1_443' title='bbox 2717 2549 2892 2620; x_wconf 86' lang='lat' dir='ltr'><strong>patria</strong></span> <span class='ocrx_word' id='word_1_444' title='bbox 2919 2548 3168 2604; x_wconf 87' lang='lat' dir='ltr'><strong>libertate</strong></span> <span class='ocrx_word' id='word_1_445' title='bbox 3194 2547 3431 2619; x_wconf 89' lang='lat' dir='ltr'><strong>privatos</strong></span> <span class='ocrx_word' id='word_1_446' title='bbox 3458 2555 3514 2603; x_wconf 87' lang='lat' dir='ltr'><strong>et</strong></span> <span class='ocrx_word' id='word_1_447' title='bbox 3542 2546 3657 2602; x_wconf 84' lang='lat' dir='ltr'><strong>suis</strong></span> <span class='ocrx_word' id='word_1_448' title='bbox 3685 2546 3867 2600; x_wconf 85' lang='lat' dir='ltr'><strong>omni-</strong></span> 
     </span>
    </p>
   </div>
   <div class='ocr_carea' id='block_1_60' title="bbox 2254 2636 3870 2713">
    <p class='ocr_par' dir='ltr' id='par_1_60' title="bbox 2254 2636 3870 2713">
     <span class='ocr_line' id='line_1_60' title="bbox 2254 2636 3870 2713; baseline -0.003 -16"><span class='ocrx_word' id='word_1_449' title='bbox 2254 2641 2354 2697; x_wconf 88' lang='lat' dir='ltr'><strong>bus</strong></span> <span class='ocrx_word' id='word_1_450' title='bbox 2381 2640 2589 2713; x_wconf 85' lang='lat' dir='ltr'><strong>legibus</strong></span> <span class='ocrx_word' id='word_1_451' title='bbox 2628 2655 2691 2697; x_wconf 88' lang='lat' dir='ltr'><strong>ae</strong></span> <span class='ocrx_word' id='word_1_452' title='bbox 2720 2641 2956 2711; x_wconf 82' lang='lat' dir='ltr'><strong>paternis</strong></span> <span class='ocrx_word' id='word_1_453' title='bbox 2987 2639 3358 2696; x_wconf 88' lang='lat' dir='ltr'><strong>traditionibus</strong></span> <span class='ocrx_word' id='word_1_454' title='bbox 3383 2679 3399 2706; x_wconf 88' lang='lat'><strong>,</strong></span> <span class='ocrx_word' id='word_1_455' title='bbox 3446 2638 3703 2694; x_wconf 84' lang='lat' dir='ltr'><strong>virtutem</strong></span> <span class='ocrx_word' id='word_1_456' title='bbox 3742 2636 3870 2707; x_wconf 80' lang='lat' dir='ltr'><strong>ejus</strong></span> 
     </span>
    </p>
   </div>
   <div class='ocr_carea' id='block_1_61' title="bbox 2254 2727 3875 2803">
    <p class='ocr_par' dir='ltr' id='par_1_61' title="bbox 2254 2727 3875 2803">
     <span class='ocr_line' id='line_1_61' title="bbox 2254 2727 3875 2803; baseline -0.001 -17"><span class='ocrx_word' id='word_1_457' title='bbox 2254 2744 2630 2803; x_wconf 84' lang='lat' dir='ltr'><strong>agnoscamus,</strong></span> <span class='ocrx_word' id='word_1_458' title='bbox 2661 2746 2782 2802; x_wconf 69' lang='lat' dir='ltr'><strong>quae</strong></span> <span class='ocrx_word' id='word_1_459' title='bbox 2812 2730 2902 2786; x_wconf 89' lang='lat' dir='ltr'><strong>illa</strong></span> <span class='ocrx_word' id='word_1_460' title='bbox 2928 2730 3178 2801; x_wconf 65' lang='lat' dir='ltr'><strong>praedixit</strong></span> <span class='ocrx_word' id='word_1_461' title='bbox 3202 2739 3365 2802; x_wconf 87' lang='lat' dir='ltr'><strong>atque</strong></span> <span class='ocrx_word' id='word_1_462' title='bbox 3393 2727 3660 2801; x_wconf 76' lang='lat' dir='ltr'><strong>perfecit,</strong></span> <span class='ocrx_word' id='word_1_463' title='bbox 3701 2737 3875 2800; x_wconf 77' lang='lat' dir='ltr'><strong>atque</strong></span> 
     </span>
    </p>
   </div>
   <div class='ocr_carea' id='block_1_62' title="bbox 2255 2818 3870 2894">
    <p class='ocr_par' dir='ltr' id='par_1_62' title="bbox 2255 2818 3870 2894">
     <span class='ocr_line' id='line_1_62' title="bbox 2255 2818 3870 2894; baseline -0.003 -16"><span class='ocrx_word' id='word_1_464' title='bbox 2255 2821 2459 2879; x_wconf 89' lang='lat' dir='ltr'><strong>inimici</strong></span> <span class='ocrx_word' id='word_1_465' title='bbox 2485 2821 2703 2894; x_wconf 86' lang='lat' dir='ltr'><strong>quidem</strong></span> <span class='ocrx_word' id='word_1_466' title='bbox 2729 2837 2794 2877; x_wconf 88' lang='lat' dir='ltr'><strong>ex</strong></span> <span class='ocrx_word' id='word_1_467' title='bbox 2827 2820 3027 2878; x_wconf 85' lang='lat' dir='ltr'><strong>nostris</strong></span> <span class='ocrx_word' id='word_1_468' title='bbox 3065 2820 3222 2876; x_wconf 87' lang='lat' dir='ltr'><strong>bonis</strong></span> <span class='ocrx_word' id='word_1_469' title='bbox 3263 2820 3559 2891; x_wconf 86' lang='lat' dir='ltr'><strong>potentiam</strong></span> <span class='ocrx_word' id='word_1_470' title='bbox 3589 2818 3737 2874; x_wconf 90' lang='lat' dir='ltr'><strong>illius</strong></span> <span class='ocrx_word' id='word_1_471' title='bbox 3778 2819 3870 2873; x_wconf 84' lang='lat' dir='ltr'><strong>in-</strong></span> 
     </span>
    </p>
   </div>
   <div class='ocr_carea' id='block_1_63' title="bbox 2256 2912 3870 2988">
    <p class='ocr_par' dir='ltr' id='par_1_63' title="bbox 2256 2912 3870 2988">
     <span class='ocr_line' id='line_1_63' title="bbox 2256 2912 3870 2988; baseline -0.002 -16"><span class='ocrx_word' id='word_1_472' title='bbox 2256 2916 2516 2988; x_wconf 86' lang='lat' dir='ltr'><strong>telligant,</strong></span> <span class='ocrx_word' id='word_1_473' title='bbox 2545 2930 2647 2972; x_wconf 89' lang='lat' dir='ltr'><strong>nos</strong></span> <span class='ocrx_word' id='word_1_474' title='bbox 2675 2924 2855 2971; x_wconf 91' lang='lat' dir='ltr'><strong>autem</strong></span> <span class='ocrx_word' id='word_1_475' title='bbox 2880 2930 2948 2970; x_wconf 87' lang='lat' dir='ltr'><strong>ex</strong></span> <span class='ocrx_word' id='word_1_476' title='bbox 2976 2914 3239 2987; x_wconf 90' lang='lat' dir='ltr'><strong>supplicio</strong></span> <span class='ocrx_word' id='word_1_477' title='bbox 3273 2912 3346 2982; x_wconf 83' lang='lat' dir='ltr'><strong>de</strong></span> <span class='ocrx_word' id='word_1_478' title='bbox 3373 2914 3480 2970; x_wconf 92' lang='lat' dir='ltr'><strong>illis</strong></span> <span class='ocrx_word' id='word_1_479' title='bbox 3506 2922 3730 2985; x_wconf 80' lang='lat' dir='ltr'><strong>sumpto</strong></span> <span class='ocrx_word' id='word_1_480' title='bbox 3757 2914 3870 2968; x_wconf 88' lang='lat' dir='ltr'><strong>im-</strong></span> 
     </span>
    </p>
   </div>
   <div class='ocr_carea' id='block_1_64' title="bbox 2259 3006 3870 3083">
    <p class='ocr_par' dir='ltr' id='par_1_64' title="bbox 2259 3006 3870 3083">
     <span class='ocr_line' id='line_1_64' title="bbox 2259 3006 3870 3083; baseline -0.002 -19"><span class='ocrx_word' id='word_1_481' title='bbox 2259 3024 2503 3064; x_wconf 90' lang='lat' dir='ltr'><strong>mensam</strong></span> <span class='ocrx_word' id='word_1_482' title='bbox 2524 3008 2643 3083; x_wconf 81' lang='lat' dir='ltr'><strong>ejus</strong></span> <span class='ocrx_word' id='word_1_483' title='bbox 2666 3006 3053 3079; x_wconf 86' lang='lat' dir='ltr'><strong>benignitatem</strong></span> <span class='ocrx_word' id='word_1_484' title='bbox 3077 3021 3142 3061; x_wconf 90' lang='lat' dir='ltr'><strong>ac</strong></span> <span class='ocrx_word' id='word_1_485' title='bbox 3165 3006 3459 3077; x_wconf 89' lang='lat' dir='ltr'><strong>potentiam</strong></span> <span class='ocrx_word' id='word_1_486' title='bbox 3484 3018 3870 3075; x_wconf 83' lang='lat' dir='ltr'><strong>agnoscamus.</strong></span> 
     </span>
    </p>
   </div>
   <div class='ocr_carea' id='block_1_65' title="bbox 2260 3095 3869 3172">
    <p class='ocr_par' dir='ltr' id='par_1_65' title="bbox 2260 3095 3869 3172">
     <span class='ocr_line' id='line_1_65' title="bbox 2260 3095 3869 3172; baseline -0.004 -15"><span class='ocrx_word' id='word_1_487' title='bbox 2260 3115 2365 3159; x_wconf 84' lang='lat' dir='ltr'><strong>nec</strong></span> <span class='ocrx_word' id='word_1_488' title='bbox 2387 3115 2619 3172; x_wconf 88' lang='lat' dir='ltr'><strong>unquam</strong></span> <span class='ocrx_word' id='word_1_489' title='bbox 2648 3099 2796 3155; x_wconf 79' lang='lat' dir='ltr'><strong>illum</strong></span> <span class='ocrx_word' id='word_1_490' title='bbox 2834 3098 3138 3170; x_wconf 80' lang='lat' dir='ltr'><strong>gloriﬁcare</strong></span> <span class='ocrx_word' id='word_1_491' title='bbox 3164 3095 3475 3153; x_wconf 87' lang='lat' dir='ltr'><strong>desinamus</strong></span> <span class='ocrx_word' id='word_1_492' title='bbox 3493 3136 3509 3163; x_wconf 93' lang='lat'><strong>,</strong></span> <span class='ocrx_word' id='word_1_493' title='bbox 3542 3102 3604 3151; x_wconf 85' lang='lat' dir='ltr'><strong>ut</strong></span> <span class='ocrx_word' id='word_1_494' title='bbox 3628 3104 3688 3151; x_wconf 90' lang='lat' dir='ltr'><strong>et</strong></span> <span class='ocrx_word' id='word_1_495' title='bbox 3711 3110 3869 3151; x_wconf 81' lang='lat' dir='ltr'><strong>sem-</strong></span> 
     </span>
    </p>
   </div>
   <div class='ocr_carea' id='block_1_66' title="bbox 2262 3187 3875 3265">
    <p class='ocr_par' dir='ltr' id='par_1_66' title="bbox 2262 3187 3875 3265">
     <span class='ocr_line' id='line_1_66' title="bbox 2262 3187 3875 3265; baseline -0.004 -15"><span class='ocrx_word' id='word_1_496' title='bbox 2262 3193 2469 3265; x_wconf 86' lang='lat' dir='ltr'><strong>piterna</strong></span> <span class='ocrx_word' id='word_1_497' title='bbox 2496 3201 2659 3263; x_wconf 83' lang='lat' dir='ltr'><strong>atque</strong></span> <span class='ocrx_word' id='word_1_498' title='bbox 2687 3190 2975 3247; x_wconf 64' lang='lat' dir='ltr'><strong>inelabilia</strong></span> <span class='ocrx_word' id='word_1_499' title='bbox 2998 3189 3140 3246; x_wconf 88' lang='lat' dir='ltr'><strong>bona</strong></span> <span class='ocrx_word' id='word_1_500' title='bbox 3166 3202 3584 3259; x_wconf 87' lang='lat' dir='ltr'><strong>consequamur,</strong></span> <span class='ocrx_word' id='word_1_501' title='bbox 3610 3187 3786 3258; x_wconf 86' lang='lat' dir='ltr'><strong>gratia</strong></span> <span class='ocrx_word' id='word_1_502' title='bbox 3816 3195 3875 3243; x_wconf 79' lang='lat' dir='ltr'><strong>et</strong></span> 
     </span>
    </p>
   </div>
   <div class='ocr_carea' id='block_1_67' title="bbox 2264 3276 3875 3357">
    <p class='ocr_par' dir='ltr' id='par_1_67' title="bbox 2264 3276 3875 3357">
     <span class='ocr_line' id='line_1_67' title="bbox 2264 3276 3875 3357; baseline -0.005 -16"><span class='ocrx_word' id='word_1_503' title='bbox 2264 3284 2591 3357; x_wconf 85' lang='lat' dir='ltr'><strong>benignitate</strong></span> <span class='ocrx_word' id='word_1_504' title='bbox 2611 3281 2823 3339; x_wconf 87' lang='lat' dir='ltr'><strong>Domini</strong></span> <span class='ocrx_word' id='word_1_505' title='bbox 2854 3281 3026 3337; x_wconf 88' lang='lat' dir='ltr'><strong>nostri</strong></span> <span class='ocrx_word' id='word_1_506' title='bbox 3050 3278 3177 3336; x_wconf 81' lang='lat' dir='ltr'><strong>Jesu</strong></span> <span class='ocrx_word' id='word_1_507' title='bbox 3196 3278 3420 3343; x_wconf 84' lang='lat' dir='ltr'><strong>Christi,</strong></span> <span class='ocrx_word' id='word_1_508' title='bbox 3439 3291 3563 3333; x_wconf 91' lang='lat' dir='ltr'><strong>cum</strong></span> <span class='ocrx_word' id='word_1_509' title='bbox 3587 3291 3701 3348; x_wconf 88' lang='lat' dir='ltr'><strong>quo</strong></span> <span class='ocrx_word' id='word_1_510' title='bbox 3723 3276 3875 3333; x_wconf 80' lang='lat' dir='ltr'><strong>l&#39;atri</strong></span> 
     </span>
    </p>
   </div>
   <div class='ocr_carea' id='block_1_68' title="bbox 2261 3366 3877 3448">
    <p class='ocr_par' dir='ltr' id='par_1_68' title="bbox 2261 3366 3877 3448">
     <span class='ocr_line' id='line_1_68' title="bbox 2261 3366 3877 3448; baseline -0.004 -19"><span class='ocrx_word' id='word_1_511' title='bbox 2261 3376 2463 3448; x_wconf 88' lang='lat' dir='ltr'><strong>gloria,</strong></span> <span class='ocrx_word' id='word_1_512' title='bbox 2492 3387 2598 3430; x_wconf 91' lang='lat' dir='ltr'><strong>una</strong></span> <span class='ocrx_word' id='word_1_513' title='bbox 2625 3388 2749 3429; x_wconf 87' lang='lat' dir='ltr'><strong>cum</strong></span> <span class='ocrx_word' id='word_1_514' title='bbox 2778 3380 2969 3427; x_wconf 87' lang='lat' dir='ltr'><strong>sancto</strong></span> <span class='ocrx_word' id='word_1_515' title='bbox 2994 3378 3050 3426; x_wconf 90' lang='lat' dir='ltr'><strong>et</strong></span> <span class='ocrx_word' id='word_1_516' title='bbox 3076 3368 3290 3424; x_wconf 87' lang='lat' dir='ltr'><strong>vivilico</strong></span> <span class='ocrx_word' id='word_1_517' title='bbox 3315 3366 3517 3438; x_wconf 88' lang='lat' dir='ltr'><strong>Spiritu</strong></span> <span class='ocrx_word' id='word_1_518' title='bbox 3538 3407 3554 3435; x_wconf 91' lang='lat'><strong>,</strong></span> <span class='ocrx_word' id='word_1_519' title='bbox 3603 3366 3787 3422; x_wconf 90' lang='lat' dir='ltr'><strong>honor</strong></span> <span class='ocrx_word' id='word_1_520' title='bbox 3819 3378 3877 3423; x_wconf 84' lang='lat' dir='ltr'><strong>et</strong></span> 
     </span>
    </p>
   </div>
   <div class='ocr_carea' id='block_1_69' title="bbox 567 3456 3877 3540">
    <p class='ocr_par' dir='ltr' id='par_1_69' title="bbox 567 3456 3877 3540">
     <span class='ocr_line' id='line_1_69' title="bbox 567 3456 3877 3540; baseline -0.005 -14"><span class='ocrx_word' id='word_1_521' title='bbox 567 3477 744 3540; x_wconf 77' lang='lat' dir='ltr'><strong>rents</strong></span> <span class='ocrx_word' id='word_1_522' title='bbox 768 3467 986 3526; x_wconf 87' lang='lat' dir='ltr'><strong>Christo</strong></span> <span class='ocrx_word' id='word_1_523' title='bbox 1010 3474 1166 3523; x_wconf 75' lang='lat' dir='ltr'><strong>terrm</strong></span> <span class='ocrx_word' id='word_1_524' title='bbox 1196 3465 1454 3521; x_wconf 88' lang='lat' dir='ltr'><strong>terminos</strong></span> <span class='ocrx_word' id='word_1_525' title='bbox 1479 3461 1762 3535; x_wconf 87' lang='lat' dir='ltr'><strong>possideri.</strong></span> <span class='ocrx_word' id='word_1_526' title='bbox 1788 3460 1998 3518; x_wconf 78' lang='lat' dir='ltr'><strong>Rursus</strong></span> <span class='ocrx_word' id='word_1_527' title='bbox 2020 3461 2160 3518; x_wconf 88' lang='lat' dir='ltr'><strong>alius</strong></span> <span class='ocrx_word' id='word_1_528' title='bbox 2267 3465 2576 3537; x_wconf 82' lang='lat' dir='ltr'><strong>imperium,</strong></span> <span class='ocrx_word' id='word_1_529' title='bbox 2607 3477 2752 3520; x_wconf 90' lang='lat' dir='ltr'><strong>nunc</strong></span> <span class='ocrx_word' id='word_1_530' title='bbox 2776 3470 2833 3519; x_wconf 92' lang='lat' dir='ltr'><strong>et</strong></span> <span class='ocrx_word' id='word_1_531' title='bbox 2861 3473 3110 3532; x_wconf 87' lang='lat' dir='ltr'><strong>semper,</strong></span> <span class='ocrx_word' id='word_1_532' title='bbox 3136 3467 3192 3516; x_wconf 92' lang='lat' dir='ltr'><strong>et</strong></span> <span class='ocrx_word' id='word_1_533' title='bbox 3218 3457 3274 3515; x_wconf 88' lang='lat' dir='ltr'><strong>in</strong></span> <span class='ocrx_word' id='word_1_534' title='bbox 3298 3456 3496 3514; x_wconf 58' lang='lat' dir='ltr'><strong>saecula</strong></span> <span class='ocrx_word' id='word_1_535' title='bbox 3522 3456 3877 3512; x_wconf 65' lang='lat' dir='ltr'><strong>saeuior-mn.</strong></span> 
     </span>
    </p>
   </div>
   <div class='ocr_carea' id='block_1_70' title="bbox 565 3552 2454 3634">
    <p class='ocr_par' dir='ltr' id='par_1_70' title="bbox 565 3552 2454 3634">
     <span class='ocr_line' id='line_1_70' title="bbox 565 3552 2454 3634; baseline -0.004 -16"><span class='ocrx_word' id='word_1_536' title='bbox 565 3561 828 3634; x_wconf 84' lang='lat' dir='ltr'><strong>propheta</strong></span> <span class='ocrx_word' id='word_1_537' title='bbox 855 3558 988 3617; x_wconf 87' lang='lat' dir='ltr'><strong>dicit</strong></span> <span class='ocrx_word' id='word_1_538' title='bbox 1014 3573 1031 3614; x_wconf 88' lang='lat'><strong>:</strong></span> <span class='ocrx_word' id='word_1_539' title='bbox 1060 3556 1129 3613; x_wconf 83' lang='lat' dir='ltr'><strong>Et</strong></span> <span class='ocrx_word' id='word_1_540' title='bbox 1169 3556 1456 3615; x_wconf 73' lang='lat' dir='ltr'><strong>adorabunt</strong></span> <span class='ocrx_word' id='word_1_541' title='bbox 1494 3571 1610 3613; x_wconf 77' lang='lat' dir='ltr'><strong>sunt</strong></span> <span class='ocrx_word' id='word_1_542' title='bbox 1635 3554 1824 3627; x_wconf 70' lang='lat' dir='ltr'><strong>singuli</strong></span> <span class='ocrx_word' id='word_1_543' title='bbox 1852 3570 1881 3611; x_wconf 74' lang='grc' dir='ltr'><strong><em>ο</em></strong></span> <span class='ocrx_word' id='word_1_544' title='bbox 1917 3552 2027 3609; x_wconf 80' lang='lat' dir='ltr'><strong>loco</strong></span> <span class='ocrx_word' id='word_1_545' title='bbox 2066 3569 2160 3608; x_wconf 74' lang='lat' dir='ltr'><strong>suo</strong></span> <span class='ocrx_word' id='word_1_546' title='bbox 2268 3559 2454 3614; x_wconf 78' lang='lat' dir='ltr'><strong>Amen.</strong></span> 
     </span>
    </p>
   </div>
   <div class='ocr_carea' id='block_1_71' title="bbox 566 3645 2157 3725">
    <p class='ocr_par' dir='ltr' id='par_1_71' title="bbox 566 3645 2157 3725">
     <span class='ocr_line' id='line_1_71' title="bbox 566 3645 2157 3725; baseline -0.006 -17"><span class='ocrx_word' id='word_1_547' title='bbox 566 3651 769 3725; x_wconf 65' lang='lat' dir='ltr'><strong>(Soph.</strong></span> <span class='ocrx_word' id='word_1_548' title='bbox 794 3649 852 3707; x_wconf 71' lang='grc'><strong>2.</strong></span> <span class='ocrx_word' id='word_1_549' title='bbox 880 3652 940 3707; x_wconf 85' lang='lat' dir='ltr'><strong>li</strong></span> <span class='ocrx_word' id='word_1_550' title='bbox 968 3651 1011 3723; x_wconf 93' lang='lat'><strong>).</strong></span> <span class='ocrx_word' id='word_1_551' title='bbox 1057 3648 1199 3722; x_wconf 81' lang='lat' dir='ltr'><strong>Ergo</strong></span> <span class='ocrx_word' id='word_1_552' title='bbox 1243 3649 1369 3706; x_wconf 87' lang='lat' dir='ltr'><strong>illos</strong></span> <span class='ocrx_word' id='word_1_553' title='bbox 1400 3662 1499 3720; x_wconf 88' lang='lat' dir='ltr'><strong>per</strong></span> <span class='ocrx_word' id='word_1_554' title='bbox 1541 3645 1721 3706; x_wconf 84' lang='lat' dir='ltr'><strong>omnia</strong></span> <span class='ocrx_word' id='word_1_555' title='bbox 1752 3655 1910 3703; x_wconf 71' lang='lat' dir='ltr'><strong>terra:</strong></span> <span class='ocrx_word' id='word_1_556' title='bbox 1938 3646 2051 3702; x_wconf 88' lang='lat' dir='ltr'><strong>loca</strong></span> <span class='ocrx_word' id='word_1_557' title='bbox 2076 3645 2157 3701; x_wconf 87' lang='lat' dir='ltr'><strong>di-</strong></span> 
     </span>
    </p>
   </div>
  </div>
