4080 6448
309 446 413 501 H3
774 445 843 501 1N
872 442 1115 511 'lLLUD,
1160 441 1438 501 SAUUJS
1474 441 1711 501 ADHUC
1753 438 1869 498 ΒΡιέ

2109 437 2201 524 DE
2235 436 2646 497 MUTATIONE
2700 434 3045 493 NOMINUM.
3086 436 3125 491 Ι.
3487 434 3587 491 1M

321 611 3561 664 W43:

1107 975 1203 1036 ET
1243 975 1324 1037 IN
1364 972 1741 1045 RELIQUAS
1781 970 1879 1031 DE
1921 968 2365 1042 MUTATIONE
2400 968 2782 1032 NOMINUM.
2859 932 2865 936 ’

310 1262 497 1310 autem
529 1250 706 1308 adhuc
736 1243 955 1322 spirans
973 1246 1151 1303 minas
1179 1256 1235 1304 et
1256 1246 1459 1334 eaedem
1491 1245 1545 1300 in
1569 1244 1868 1315 discipulos
1898 1243 2138 1299 Domini.
2173 1243 2440 1298 Continuo
2479 1242 2714 1298 turbauit
2746 1260 2842 1298 nos
2894 1210 3201 1300 immutatio
3229 1248 3460 1303 neminis
3480 1289 3497 1314 ,
3536 1256 3595 1308 et

310 1354 506 1402 cetera
538 1347 606 1403 de
634 1346 917 1401 nominum
948 1344 1271 1409 mutatione,
1294 1330 1416 1413 qum
1447 1341 1700 1411 pluribus
1732 1340 1824 1395 ille
1856 1339 2247 1409 prosequitur;
2287 1338 2359 1392 ita
2391 1346 2451 1391 ut
2479 1336 2601 1392 haec
2616 1330 2858 1393 humilia
2889 1339 2962 1395 sit
2992 1354 3090 1395 ceu
3124 1340 3588 1411 complementum

309 1438 693 1512 praecedentis.

381 1532 533 1614 Hanc
576 1556 858 1613 homiliam
900 1564 1123 1613 secutus
1168 1563 1256 1611 est
1306 1570 1494 1612 sermo
1542 1554 1654 1620 ille,
1686 1553 1780 1624 qui
1810 1562 1935 1635 post
1977 1550 2245 1608 Homilias
2298 1550 2354 1605 in
2402 1548 2659 1605 Genesim
2701 1542 2883 1605 nonus
2928 1556 3292 1604 numeratur:
3331 1546 3424 1603 ubi
3454 1547 3591 1603 due

306 1650 435 1715 illm,
461 1650 529 1704 de
556 1649 757 1720 quibus
782 1648 1010 1720 jamjam
1040 1649 1277 1720 egimus,
1311 1648 1552 1705 humilia
1582 1647 1788 1703 diserte
1828 1654 2230 1709 memorantur,
2260 1652 2316 1699 et
2356 1643 2425 1698 de
2466 1644 2775 1699 mutatione
2820 1642 3065 1698 nominis
3108 1640 3364 1706 Abrahae,
3410 1640 3591 1710 deque

304 1741 543 1796 aliorum
570 1742 855 1797 nominum
890 1745 1261 1814 propriorum,
1288 1758 1417 1815 quae
1440 1744 1495 1799 in
1523 1741 1708 1798 Veteri
1761 1740 2117 1797 Testamento
2149 1749 2299 1806 sunt,
2331 1738 2732 1817 signiﬁcatione
2778 1746 3067 1795 tractatur.
3108 1738 3170 1792 In
3205 1737 3310 1793 hoc
3332 1750 3589 1794 sermone

304 1833 533 1904 perinde
568 1845 735 1907 atque
768 1837 823 1891 in
856 1837 1295 1907 praecedentibus
1344 1837 1609 1903 homiliis,
1643 1836 1807 1908 longo
1841 1835 2112 1907 procemio
2143 1849 2280 1891 usus
2320 1844 2407 1891 est
2441 1834 2892 1906 Chrysustomus.
2926 1831 3067 1889 [line
3088 1832 3352 1904 'querelre
3393 1830 3581 1902 populi

302 1931 653 1998 Antiocheni,
683 1932 812 1988 hinc
844 1933 1301 2003 reprehensiones
1335 1932 1389 1988 in
1418 1932 1899 2004 Chrysostumum,
1926 1931 1997 1988 ob
2040 1931 2269 1986 nimiam
2315 1945 2513 2002 nempe
2548 1932 2939 2002 prooemiorum
2982 1930 3374 2001 prolixitatem.
3413 1926 3589 1998 Cujus

280 2020 667 2090 querimoniae
693 2021 983 2077 occasione
1012 2022 1206 2093 paucis
1242 2022 1444 2094 elapsis
1465 2023 1661 2079 diebus
1690 2023 1837 2077 illam
1866 2022 1935 2078 de
1981 2020 2226 2077 ferendis
2268 2020 2795 2091 reprehensionibus
2842 2021 3128 2077 homiliam
3176 2020 3390 2087 habuit,
3422 2034 3587 2091 quam

304 2129 409 2171 nos
432 2115 486 2170 in
520 2117 664 2172 serie
696 2114 1061 2173 Homiliarum
1092 2119 1161 2175 de
1188 2119 1475 2174 nominum
1506 2118 1812 2175 mutatione
1836 2117 2130 2189 ponimus;
2160 2116 2291 2187 quia
2317 2116 2458 2187 ipsa,
2487 2116 2617 2172 licet
2648 2115 2701 2171 in
2730 2119 2883 2188 prius
2905 2116 3067 2173 editis
3092 2115 3358 2172 distracta
3384 2121 3439 2170 et
3460 2126 3591 2185 pru-

301 2209 397 2266 cul
420 2210 489 2265 ab
514 2210 639 2266 aliis
673 2212 874 2280 posita,
905 2227 1028 2268 sese
1059 2213 1242 2284 prodit
1272 2214 1375 2269 hoc
1406 2213 1601 2269 ordine
1634 2213 1941 2285 ponendam
1979 2226 2125 2277 esse,
2172 2226 2325 2267 num.
2360 2212 2421 2277 3,
2466 2210 2552 2266 bis
2582 2211 2805 2268 verbis:
2858 2212 2934 2267 De
2967 2208 3142 2265 Paulo
3191 2219 3368 2264 autem
3416 2221 3595 2263 sermo

304 2300 459 2357 nobis
481 2318 645 2372 nuper
672 2312 809 2370 erat,
839 2307 1052 2376 quando
1095 2303 1160 2360 de
1197 2305 1499 2361 nominibus
1544 2305 1953 2372 disserebamus,
1991 2303 2461 2376 quarebamusque
2509 2320 2608 2359 cur
2653 2304 2949 2375 aliquando
2989 2301 3211 2369 Saulus,
3246 2311 3431 2374 postea
3470 2313 3591 2355 vero

307 2396 515 2452 Paulus
544 2398 756 2455 uocatus
789 2400 971 2470 fuerit.
1007 2399 1141 2457 Inde
1172 2418 1289 2457 vero
1330 2376 1557 2473 digressi
1590 2418 1771 2456 sumus
1818 2402 1888 2455 ad
1936 2412 2161 2463 ueterem
2207 2400 2513 2468 historiam,
2562 2416 2844 2472 omnesque
2893 2400 2986 2471 qui
3034 2400 3254 2454 nomina
3296 2397 3593 2451 habuerant

304 2496 747 2550 mminavimus.
774 2495 955 2567 Pergit
985 2497 1150 2553 etiam
1180 2498 1233 2552 in
1264 2499 1367 2553 hac
1392 2498 1682 2562 concione,
1724 2513 1789 2552 ac
1820 2496 2074 2567 disquirit
2110 2512 2211 2552 cur
2254 2494 2428 2551 Paulo
2454 2510 2652 2551 nomen
2680 2503 2952 2552 mutatum
2982 2495 3078 2559 sit,
3109 2502 3161 2550 et
3194 2508 3295 2549 cur
3340 2506 3449 2546 non
3475 2496 3591 2543 sta—

304 2586 402 2641 tim
436 2586 509 2642 ab
533 2587 655 2657 ejus
686 2591 1068 2659 conversione,
1106 2592 1201 2647 sed
1226 2607 1336 2647 non
1371 2592 1586 2649 modico
1608 2598 1732 2663 post
1763 2592 1913 2646 illam
1946 2601 2190 2663 tempore
2223 2591 2295 2645 sit
2329 2597 2626 2645 mutatum.

378 2700 533 2759 Hanc
580 2702 863 2775 aliquanto
906 2706 1229 2778 interposito
1260 2715 1505 2779 tempore
1556 2708 1772 2779 excepit
1821 2706 2061 2764 Humilia
2108 2708 2165 2763 in
2222 2707 2379 2775 illud,
2430 2704 2636 2762 Paulus
2684 2717 2923 2773 uocatus,
2956 2706 3009 2761 in
3044 2706 3201 2776 cujus
3241 2704 3423 2761 medio
3446 2703 3589 2758 idem

303 2798 488 2869 ipsum
530 2802 705 2873 tangit
734 2815 1144 2874 argumentum,
1172 2816 1227 2862 et
1256 2819 1366 2863 tres
1401 2809 1617 2879 priores
1648 2809 1905 2865 homilias
1930 2817 2348 2874 commemorat,
2377 2808 2465 2863 his
2486 2806 2672 2863 verbis
2706 2825 2719 2861 :
2756 2804 2901 2859 Num
2922 2845 2939 2871 ,
2974 2804 3022 2857 si
3063 2795 3440 2861 recordamini,
3480 2804 3587 2847 tres
3614 2794 3619 2799 ’

303 2893 536 2964 integros
557 2895 668 2952 dies
693 2898 757 2953 de
783 2899 897 2953 solo
920 2900 1017 2954 hoc
1050 2902 1258 2955 nomine
1286 2900 1601 2957 disseruisse
1634 2919 1714 2958 me
1747 2903 1916 2968 scitis,
1944 2904 2072 2957 dum
2094 2919 2285 2958 causas
2320 2903 2587 2973 aﬁ‘errem,
2607 2903 2669 2956 ob
2697 2918 2829 2973 quas
2848 2916 2968 2955 cum
2995 2896 3192 2954 Saulus
3221 2904 3346 2948 ante
3376 2905 3591 2946 vocare-

307 2997 420 3055 tur,
439 2989 643 3047 Paulus
670 2995 857 3049 deinde
879 3005 1097 3050 vocatus
1127 3006 1225 3065 est,
1251 3008 1301 3053 et
1327 3003 1668 3070 quamobrem
1697 3018 1798 3054 non
1828 3004 2014 3055 statim
2046 3004 2116 3055 ad
2145 3002 2304 3071 fidem
2336 3018 2615 3056 conversus
2646 3002 2785 3054 hanc
2809 2998 3220 3070 appellationem
3241 2991 3465 3061 accepit,
3497 2986 3589 3041 sed

306 3080 379 3134 ad
407 3082 635 3139 multum
666 3094 870 3157 tempus
906 3105 1095 3143 nomen
1126 3092 1367 3157 retinuit,
1396 3094 1535 3163 quod
1566 3094 1648 3147 illi
1674 3104 1918 3161 parentes
1947 3096 2357 3164 imposuerant?
2379 3093 2594 3161 Quibus
2628 3103 2740 3149 tres
2773 3093 2937 3147 hasce
2960 3091 3177 3160 priores
3205 3086 3273 3141 de
3304 3083 3590 3139 nominum

306 3176 618 3233 mutatione
658 3179 917 3238 bomilias
960 3183 1033 3237 ita
1075 3185 1281 3240 diserte
1322 3195 1748 3250 commemorat,
1796 3195 1856 3242 ut
1896 3186 2047 3241 nulla
2089 3188 2330 3258 supersit
2370 3187 2663 3242 adversum
2706 3182 3025 3255 suspicandi
3064 3193 3253 3235 causa.
3298 3176 3393 3230 Hae
3426 3188 3593 3244 porro

304 3275 545 3337 quatuor
573 3270 813 3328 humilia:
844 3273 900 3328 in
930 3276 1085 3345 prius
1112 3278 1273 3333 editis
1307 3278 1509 3333 misere
1555 3278 1855 3344 distractae,
1900 3286 1974 3345 et,
2029 3288 2087 3334 ut
2119 3280 2191 3333 ita
2222 3278 2439 3344 dicam,
2484 3278 2763 3348 dissipatae
2792 3285 2968 3341 erant,
2998 3282 3059 3328 ut
3093 3287 3201 3327 non
3248 3267 3354 3324 nisi
3387 3265 3592 3337 ingenti

306 3361 496 3416 labore
526 3374 714 3432 posset
739 3356 928 3421 earum
962 3369 1134 3424 series
1164 3369 1487 3437 internosci,
1516 3371 1982 3441 quemadmodum
2016 3380 2067 3426 et
2098 3371 2471 3440 praecedentes
2496 3370 2619 3426 aliae
2641 3379 2879 3441 quatuor
2906 3368 2961 3425 in
2989 3367 3251 3422 Actorum
3278 3359 3595 3429 inscriptio-

306 3467 464 3521 nem;
498 3465 705 3525 quanto
730 3468 913 3513 autem
954 3460 1298 3519 idleetorum
1333 3463 1621 3533 dispendio
1647 3463 1929 3531 acciderit,
1973 3473 2179 3519 norunt
2206 3464 2265 3529 ii,
2291 3463 2388 3536 qui
2423 3464 2509 3519 vel
2543 3462 2878 3535 primoribus
2907 3460 3078 3516 labris
3114 3473 3228 3513 rem
3255 3452 3594 3512 ecclesiasti-

308 3560 429 3600 cam
458 3546 780 3605 litterariam
812 3552 1131 3623 attigerunt.

384 3658 602 3729 Primae,
635 3665 891 3721 secundat
920 3675 974 3721 et
1006 3674 1216 3738 quartae
1250 3668 1490 3723 humilia:
1520 3668 1901 3737 interpretatio
1936 3668 2129 3724 Latina
2162 3679 2245 3725 est
2275 3670 2573 3728 Frontonis
2606 3671 2812 3736 Duczei,
2844 3668 3018 3726 tertia:
3052 3682 3175 3721 vero
3211 3665 3453 3720 humilia:
3493 3679 3592 3719 ιιοσ

305 3768 432 3809 vam
464 3759 799 3827 paravimus,
834 3761 960 3831 quia
994 3770 1148 3819 vetus
1183 3763 1274 3819 illa
1303 3764 1498 3819 incerti
1532 3765 1711 3820 versio
1743 3777 1850 3818 non
1884 3770 2145 3817 accurata
2175 3772 2317 3817 erat.

2951 3950 2966 3962 I.
2979 3941 3519 3966 mh...

271 4178 406 4221 ευιι
452 4179 687 4223 LECTUS
733 4171 926 4227 ESSET
970 4184 1110 4228 ιιιΕ
1155 4188 1402 4231 TEXTL’S
1434 4217 1449 4244 ,
1483 4190 1715 4236 SAULUS
1767 4196 1984 4239 AUTEM
2016 4196 2230 4239 ADHUC
2276 4195 2536 4241 εΡιιιΔΝε
2580 4194 2773 4240 HINAS
2817 4195 2899 4237 ET
2953 4192 3221 4248 CBDEM,
3266 4190 3400 4234 CUM
3466 4190 3593 4233 EX-

352 4280 758 4325 SPECTARENT
798 4284 1009 4329 OMNES
1055 4286 1376 4333 HOMILIAM
1422 4290 1486 4333 ΙΝ
1531 4291 1904 4338 PRINCIPIUM
1948 4296 2087 4339 CAP.
2133 4280 2173 4339 9
2220 4296 2518 4341 ACTORUM
2564 4295 2942 4350 HABENDAM,
2991 4294 3071 4335 ΕΤ
3114 4291 3287 4346 QUOD
3331 4291 3582 4334 RESUR-

354 4382 686 4426 BECTIONIS
720 4384 1214 4430 DEMONSTRATIO
1258 4390 1358 4433 SIT
1401 4390 1587 4433 PAULI
1634 4391 1928 4437 VOCATIO.

1858 4500 2018 4554 (ᾶσέἐέ

346 4608 397 4661 -l.
431 4606 679 4661 Homines
716 4625 816 4661 non
843 4618 993 4675 sunt,
1023 4611 1110 4675 qui
1141 4610 1238 4666 Dei
1274 4613 1476 4667 verbum
1516 4628 1777 4686 spernunt.
1802 4648 1873 4659 —

268 4699 522 4753 llreccine
548 4708 672 4755 sunt
705 4699 961 4755 ferenda?
984 4701 1219 4757 haeccine
1256 4712 1380 4759 sunt
1407 4706 1721 4762 toleranda?
1745 4709 1870 4764 Sin-

266 4791 405 4860 gulis
432 4790 622 4846 diebus
666 4806 851 4846 eorum
898 4809 1154 4848 numerus
1198 4796 1352 4851 nobis
1391 4797 1747 4866 imminuitur,
1778 4803 1870 4870 qui

264 4880 509 4936 collectis
536 4882 801 4937 intersunt
827 4902 841 4938 :
864 4893 917 4938 et
948 4884 1103 4953 plena
1128 4886 1344 4955 quidem
1373 4896 1454 4942 est
1481 4888 1756 4945 hominum
1792 4893 1869 4946 ci-

264 4975 439 5040 vitas,
496 4982 552 5028 at
600 4974 826 5029 ecclesia
884 4987 967 5030 est
1022 4976 1329 5033 hominibus
1378 4994 1541 5034 vacua
1588 4999 1599 5036 ε
1654 4983 1866 5052 plenum

264 5067 483 5137 quidem
532 5075 617 5122 est
672 5067 869 5135 lorum,
909 5076 963 5123 et
1007 5070 1242 5136 theatra,
1271 5080 1326 5127 et
1368 5073 1642 5143 porticus:
1675 5074 1867 5132 domus

265 5169 444 5215 autem
500 5159 595 5233 Dei
648 5159 861 5216 deserta
920 5169 1041 5217 est:
1074 5163 1184 5218 imo
1235 5180 1395 5231 vero,
1446 5167 1490 5220 si
1544 5183 1727 5221 verum
1780 5167 1865 5223 di-

261 5252 496 5308 cendum
552 5261 673 5317 est,
727 5253 981 5309 destituta
1032 5266 1115 5310 est
1174 5257 1481 5313 hominibus
1534 5260 1762 5328 civitas,
1814 5270 1867 5316 et

264 5345 421 5415 plena
463 5343 737 5399 hominum
784 5355 865 5399 est
903 5347 1149 5403 ecclesia.
1178 5348 1449 5419 Siquidem
1480 5350 1725 5407 homines
1768 5369 1867 5423 ap.—

264 5436 500 5507 pcllandi
527 5446 687 5504 sunt,
714 5454 819 5493 non
852 5440 940 5510 qui
970 5442 1021 5495 in
1054 5441 1172 5496 foro
1195 5486 1208 5509 ,
1241 5443 1336 5499 sed
1362 5460 1455 5499 vos
1484 5446 1572 5515 qui
1604 5446 1656 5499 in
1687 5447 1864 5503 eccle-

264 5533 342 5585 sia
373 5532 665 5586 versamini
694 5551 706 5587 :
737 5548 843 5587 non
877 5533 953 5588 illi
979 5536 1235 5591 socordes
1256 5578 1270 5602 ,
1304 5536 1397 5591 sed
1421 5551 1517 5591 vos
1544 5537 1862 5608 diligentes:

260 5639 368 5677 non
398 5623 495 5688 illi,
527 5624 617 5693 qui
643 5639 732 5679 res
758 5625 1045 5680 saeculares
1070 5627 1137 5680 ad
1164 5635 1439 5697 stuporem
1472 5645 1641 5700 usque
1666 5631 1867 5686 miran-

259 5724 371 5782 tur,
420 5714 516 5770 sed
564 5731 660 5772 vos
711 5718 799 5787 qui
842 5718 1141 5787 spiritualia
1186 5722 1451 5790 prcefertis
1494 5724 1860 5779 smcularibus.

258 5804 374 5861 Non
413 5807 558 5861 enim
604 5807 648 5860 si
690 5809 809 5877 quis
840 5808 1073 5864 hominis
1099 5826 1295 5881 corpus
1329 5827 1392 5866 ac
1422 5828 1609 5869 vocem
1649 5814 1859 5879 habeat,

260 5898 461 5954 idcirco
503 5906 586 5954 est
632 5899 791 5954 homo
825 5918 838 5953 :
870 5900 964 5957 sed
1014 5904 1055 5957 si
1102 5904 1219 5972 quis
1271 5902 1502 5960 hominis
1548 5906 1780 5962 animam
1812 5915 1863 5963 et

1982 4616 2326 4671 affectionem
2371 4615 2565 4669 anima:
2611 4612 2827 4667 habeat.
2873 4612 3043 4667 Porro
3096 4611 3345 4665 humana:
3397 4611 3587 4666 anima:

1983 4710 2089 4763 tale
2120 4708 2323 4762 nullum
2345 4716 2427 4762 est
2451 4705 2729 4776 judicium.
2758 4720 2920 4773 quam
2946 4692 2989 4757 si
3015 4704 3323 4759 divinorum
3345 4703 3589 4773 eloquio-

1981 4814 2099 4853 rum
2128 4813 2314 4852 amore
2344 4796 2569 4851 ducetur
2598 4813 2612 4850 :
2646 4793 3100 4865 quemadmodum
3132 4794 3382 4849 belluina:
3413 4808 3475 4847 ac
3500 4808 3586 4846 ra-

1982 4889 2145 4943 tionis
2188 4889 2423 4957 expertis
2470 4886 2665 4941 animae
2705 4886 2916 4955 signum
2961 4895 3015 4938 et
3064 4894 3438 4955 argumentum
3485 4885 3592 4940 tale

1980 4982 2182 5036 nullum
2227 4990 2343 5044 est,
2384 4995 2445 5033 ac
2475 4980 2518 5034 si
2564 4978 2774 5049 eloquia
2802 4976 2981 5031 divina
3022 4984 3351 5031 contemnat.
3385 4975 3504 5029 Vin‘
3532 4985 3589 5030 tu

1979 5073 2297 5142 intelligere,
2327 5087 2488 5141 quam
2516 5086 2641 5125 vere
2671 5069 2761 5139 qui
2791 5068 2957 5123 divini
2999 5069 3147 5122 verbi
3190 5067 3587 5139 expositionem

1976 5163 2162 5219 audire
2190 5163 2482 5234 negligunt,
2510 5178 2605 5233 per
2633 5161 2774 5216 hunc
2800 5169 3166 5229 contemptum
3188 5158 3437 5214 homines
3463 5173 3587 5214 esse

1977 5256 2263 5323 desinant,
2314 5264 2369 5311 et
2414 5256 2528 5326 ipsa
2559 5270 2653 5310 sua
2682 5255 2861 5309 nativa
2892 5253 3175 5309 nobilitate
3219 5267 3279 5308 se
3314 5250 3592 5323 spoliem?

1976 5350 2092 5405 Non
2123 5365 2300 5405 meum
2334 5349 2485 5403 vobis
2511 5364 2816 5403 sermonem
2847 5345 3140 5419 proferam,
3171 5346 3264 5401 sed
3301 5344 3579 5415 prephetl-

1975 5459 2093 5497 cam
2126 5458 2313 5497 vocem
2344 5440 2637 5511 proferam,
2671 5457 2789 5511 qua:
2820 5438 3140 5495 sententiam
3172 5452 3349 5493 meam
3389 5437 3585 5490 conlir~

1977 5544 2088 5590 met
2108 5520 2135 5603 ,'
2173 5543 2234 5589 ut
2289 5533 2517 5587 videatis
2568 5546 2662 5588 eos
2712 5532 2803 5602 qui
2860 5530 3215 5602 Spiritualium
3270 5540 3582 5582 sermonum

1973 5636 2217 5682 amantes
2249 5641 2353 5679 non
2386 5631 2546 5689 sunt;
2591 5640 2659 5679 ne
2693 5622 2941 5679 homines
2970 5620 3187 5692 quidem
3218 5635 3341 5676 esse
3385 5632 3580 5689 posse;

1973 5729 2032 5775 ut
2056 5721 2325 5774 civitatem
2351 5717 2659 5772 horninibus
2690 5716 2959 5771 desertam
2990 5714 3145 5769 nobis
3172 5728 3292 5768 esse
3324 5709 3576 5766 videatis.

1975 5810 2110 5866 Nam
2156 5809 2322 5864 lsaias
2363 5809 2451 5879 qui
2483 5807 2812 5865 sublimitate
2838 5807 2985 5863 vocis
3006 5806 3125 5861 aliis
3155 5802 3450 5870 antecellit,
3487 5802 3579 5871 qui

1980 5902 2309 5959 mirabilium
2344 5902 2551 5957 illarum
2579 5909 2849 5972 spectator
2875 5900 3139 5956 visionum
3170 5896 3265 5951 fuit
3285 5937 3299 5965 ,
3334 5894 3421 5951 cui
3446 5907 3583 5948 cun-1
