4080 6394
546 352 663 420 ηδ’

538 494 751 534 cessum
775 488 883 549 est,
913 487 969 536 ut
998 494 1118 535 cum
1146 476 1319 533 adhuc
1352 477 1501 534 esset
1528 491 1689 534 carne
1716 454 2079 549 circumdatus
2106 514 2121 537 ,

535 569 864 641 Seraphinos
894 570 1130 635 videret,
1177 568 1269 639 qui
1312 569 1596 640 mysticum
1628 568 1774 623 illum
1804 576 2122 622 concentum

536 662 762 727 audivit,
789 663 833 718 is
862 676 982 717 cum
1011 649 1065 715 in
1096 660 1281 715 urbem
1307 658 1613 731 Judtcorum
1658 659 1990 730 metropolim
2028 658 2126 712 ito-

539 757 769 812 nilnibus
807 752 1057 811 refertam
1091 755 1364 825 ingressus
1395 763 1577 820 esset,
1607 753 1937 823 Jcrosolyma
1967 752 2125 806 nimi-
2170 758 2173 759 '

536 864 676 911 rum,
692 858 851 917 atque
867 846 918 901 in
942 845 1120 900 medio
1143 846 1260 901 foro
1280 846 1624 909 constitisset,
1647 858 1766 897 cum
1794 852 1907 898 toto
1928 845 2123 914 populo

534 939 921 1008 circumseptus
945 946 1107 1002 esset,
1136 952 1257 992 cum
1286 936 1587 1007 significare
1616 936 1775 990 vellet
1812 950 1915 988 non
1943 934 2119 989 homi-

532 1044 656 1083 nem
701 1043 861 1093 esse,
903 1028 993 1099 qui
1040 1027 1385 1099 propheticos
1425 1040 1701 1082 sermones
1745 1016 1852 1080 non
1879 1025 2117 1092 audiret,

529 1123 769 1177 clamans
802 1120 1011 1177 dicebat
1032 1162 1047 1187 ,
1084 1120 1203 1176 Veni
1225 1162 1243 1185 ,
1270 1130 1316 1172 et
1348 1135 1449 1173 non
1476 1128 1583 1174 erat
1610 1118 1759 1174 homo
1785 1134 1805 1172 :
1828 1119 1999 1173 vocavi
2017 1158 2031 1183 ,
2070 1129 2118 1172 et

529 1230 633 1269 non
664 1225 774 1269 erat
808 1215 894 1282 qui
921 1214 1141 1267 obedire!
1170 1210 1324 1283 (ικαὶ.
1356 1211 1446 1267 50.
1470 1211 1547 1283 Si.
1582 1212 1757 1283 Atque
1785 1220 1843 1267 ut
1872 1210 1974 1267 hoc
1998 1225 2119 1268 esse

528 1308 726 1362 dictum
760 1306 1024 1377 intelligas
1052 1320 1157 1359 non
1189 1304 1258 1359 ob
1285 1304 1560 1359 raritatem
1587 1319 1773 1360 eorum
1795 1345 1811 1369 ,
1841 1305 1932 1375 qui
1958 1303 2118 1360 ades-

530 1407 671 1461 sent,
704 1414 888 1453 verum
918 1397 988 1452 oh
1013 1413 1197 1453 eorum
1230 1396 1530 1453 socordiam
1552 1398 1648 1468 qui
1674 1397 1937 1465 audirent,
1965 1409 2116 1468 post-

526 1505 683 1558 quam
710 1488 883 1554 dixit,
928 1488 1085 1555 Veni,
1113 1498 1158 1543 et
1188 1506 1288 1543 non
1327 1497 1434 1542 erat
1477 1490 1661 1561 (ionio,
1704 1487 2011 1558 subjuuxit,
2048 1488 2117 1544 Et

526 1599 627 1636 non
651 1592 759 1636 erat
784 1582 872 1651 qui
901 1579 1144 1635 obedirei.
1177 1580 1362 1652 itaque
1390 1579 1617 1635 aderant
1642 1579 1715 1634 illi
1740 1578 1955 1649 quidem
1975 1620 1991 1644 ,
2019 1578 2115 1636 sed

528 1671 718 1728 adesse
757 1685 867 1726 non
908 1670 1284 1736 censebantur,
1330 1668 1760 1740 quandoquidem
1800 1670 2113 1739 prophetam

526 1780 633 1819 non
660 1744 947 1819 audiebant
974 1780 987 1816 :
1020 1770 1297 1832 propterea
1325 1802 1340 1828 ,
1372 1758 1799 1829 quandoquidem
1840 1760 2019 1828 venit,
2060 1771 2116 1817 et

529 1874 633 1911 non
665 1868 780 1911 erat
807 1856 967 1910 homo
1004 1873 1018 1909 :
1054 1855 1293 1921 vocavit,
1338 1862 1393 1909 et
1431 1868 1533 1908 non
1564 1862 1680 1908 erat
1716 1853 1805 1924 qui
1835 1854 2111 1923 obediret,

519 1950 816 2004 orationem
838 1947 905 2003 ad
921 1949 1182 2003 elementa
1210 1948 1495 2013 convertit,
1519 1957 1572 2002 et
1588 1946 1661 2001 ait
1690 1965 1702 2001 :
1730 1946 1887 2015 Audi,
1910 1948 2108 2016 ctutum,

520 2054 567 2096 et
595 2041 801 2095 auribus
832 2040 1051 2111 percipe,
1077 2049 1209 2094 terra
1236 2038 1344 2110 (id.
1376 2037 1531 2109 1.2).
1562 2038 1693 2093 Nam
1747 2040 1994 2111 equidem
2045 2041 2111 2094 ad

520 2132 786 2197 homines,
821 2132 1009 2202 inquit,
1044 2132 1239 2188 missus
1266 2132 1506 2194 fueram,
1536 2130 1602 2185 ad
1630 2129 1875 2186 homines
1904 2131 2111 2187 ratione

520 2241 583 2280 ac
633 2234 815 2281 mente
856 2225 1109 2294 praeditos
1142 2242 1156 2279 :
1184 2224 1399 2296 quando
1442 2235 1618 2279 autem
1661 2238 1831 2294 neque
1872 2224 2105 2293 ratione,

521 2334 696 2388 neque
739 2333 899 2373 sensu
950 2316 1158 2386 prmditi
1204 2326 1328 2371 sunt
1361 2318 1479 2381 isti,
1528 2327 1807 2387 propterea
1855 2316 2107 2373 destituta

520 2424 686 2465 sensu
714 2410 959 2478 alloquor
985 2409 1272 2474 elementa,
1302 2409 1356 2463 in
1386 2407 1857 2478 reprehensionem
1881 2423 2064 2462 eorum
2086 2449 2102 2474 ,

516 2502 607 2571 qui
637 2516 759 2553 eum
794 2499 1037 2553 honorati
1082 2514 1241 2553 sensu
1285 2499 1545 2563 fuissent,
1578 2509 1754 2553 tamen
1784 2498 1987 2554 honore
2017 2500 2106 2554 illo

504 2607 623 2646 -non
653 2599 889 2646 utuntur.
916 2589 1003 2644 Sic
1030 2590 1189 2645 etiam
1219 2590 1354 2645 alter
1380 2590 1632 2660 propheta
1662 2589 1796 2645 dixit
1824 2591 2102 2647 Jeremias.

516 2682 789 2753 Siquidem
817 2683 904 2737 ille
929 2696 1141 2753 quoque
1183 2682 1236 2737 in
1282 2681 1460 2735 medio
1485 2681 1789 2736 Judzeorum
1818 2692 1958 2738 coetu
1984 2698 2104 2738 cum

516 2775 772 2837 stetisset,
799 2774 850 2827 in
879 2773 1065 2828 eadem
1095 2772 1181 2827 illa
1212 2772 1359 2838 urbe,
1394 2774 1543 2843 quasi
1570 2773 1745 2828 nullus
1764 2775 1997 2841 adesset,
2033 2776 2103 2830 ita

514 2866 813 2920 clamabat:
837 2865 917 2918 Ad
944 2882 1089 2935 quem
1110 2866 1307 2936 loquar,
1333 2876 1379 2919 et
1405 2868 1718 2921 contestabor
1733 2867 1863 2938 (Jer.
1890 2869 1941 2922 6.
1970 2867 2104 2939 10)?

514 2957 651 3024 Quid
680 2957 798 3011 ais?
822 2973 942 3010 cum
976 2966 1174 3013 tantam
1205 2956 1385 3012 videas
1408 2959 1799 3015 multitudinem
1822 3001 1837 3024 ,
1866 2962 2097 3030 qumris,

510 3065 670 3120 quem
694 3048 1060 3118 alloquuturus
1087 3050 1194 3106 sis?
1217 3050 1409 3116 Qumro
1424 3050 1691 3120 equidem,
1712 3051 1912 3120 inquit:
1938 3051 2104 3121 siqui-

510 3142 634 3196 dem
666 3140 949 3196 multitudo
974 3156 1259 3211 corporum
1296 3150 1405 3206 est,
1432 3156 1537 3195 non
1567 3141 1839 3195 hominum
1863 3141 2095 3195 multitu-

510 3235 583 3289 do
608 3249 923 3303 :corporum
947 3242 1030 3288 est
1054 3234 1357 3300 multitudo,
1383 3250 1502 3304 qua:
1526 3235 1709 3289 auditu
1742 3250 1848 3290 non
1876 3235 2097 3306 pollent.

512 3326 714 3381 idcirco
731 3326 891 3380 etiam
922 3324 1142 3395 adjecit:
1164 3324 1540 3380 Incircumciste
1552 3336 1665 3381 sunt
1680 3344 1826 3381 aures
1841 3344 2033 3392 eorum,
2054 3339 2100 3383 et

508 3417 690 3471 audire
705 3433 805 3469 non
822 3425 1050 3485 possunt.
1072 3416 1231 3472 Vides
1257 3433 1445 3473 omnes
1468 3420 1597 3473 istos
1619 3434 1685 3473 eo
1710 3418 1851 3490 quod
1868 3435 1972 3475 non
1994 3437 2062 3475 au
2078 3452 2093 3462 -

508 3507 678 3573 diant,
709 3505 955 3563 homines
982 3522 1085 3561 non
1110 3509 1264 3564 esse?
1286 3508 1377 3565 ille
1400 3510 1536 3567 dixit
1567 3527 1581 3563 :
1623 3508 1769 3575 Veni,
1792 3522 1838 3565 et
1868 3529 1967 3566 non
1990 3524 2097 3568 erat

509 3601 658 3654 homo
690 3616 709 3654 :
738 3599 942 3664 vocavi,
973 3609 1017 3653 et
1050 3616 1149 3653 non
1175 3609 1283 3653 erat
1313 3601 1399 3670 qui
1426 3600 1651 3655 obediret
1682 3618 1701 3655 :
1729 3601 1813 3656 hic
1839 3604 1988 3671 dicit,
2020 3604 2102 3657 Ad

507 3710 656 3763 quem
701 3691 879 3761 loquar
917 3702 962 3747 et
1002 3694 1359 3747 contestabor?
1388 3694 1752 3749 incircumciste
1792 3705 1912 3750 sunt
1950 3713 2098 3751 aurea

510 3804 721 3853 eorum,
754 3796 801 3842 et
840 3786 1020 3841 audire
1062 3788 1162 3841 uo’n
1206 3795 1434 3858 possunt.
1466 3785 1617 3855 Quod
1647 3787 1694 3842 si
1730 3802 1825 3843 eos
1862 3788 1953 3859 qui
1998 3790 2095 3845 ad-

510 3886 698 3942 erant,
730 3888 1010 3947 propterea
1043 3877 1181 3948 quod
1211 3876 1491 3948 diligenter
1518 3877 1585 3933 ad
1614 3875 1682 3935 eti
1701 3894 1819 3949 qua:
1846 3879 2098 3937 diceban-

509 3982 594 4027 tur
623 3987 729 4026 non
764 3970 1127 4034 attendebant,
1155 3987 1224 4028 ne
1254 3970 1501 4026 homines
1528 3970 1743 4042 quidem
1769 3987 1889 4028 esse
1915 3972 2098 4029 dicunt

508 4062 784 4133 prepheta:
814 4080 829 4118 :
855 4062 981 4133 quid
1008 4062 1248 4118 dicemus
1277 4078 1375 4118 nos
1403 4063 1472 4117 de
1500 4063 1606 4118 illis
1644 4062 1733 4132 qui
1784 4078 1890 4117 non
1934 4063 2097 4121 modo

509 4170 615 4208 non
642 4153 898 4217 audiunt,
931 4152 1024 4208 sed
1070 4167 1138 4207 ne
1181 4151 1385 4222 ingredi
1417 4152 1633 4223 quidem
1676 4151 1791 4207 haec
1836 4152 2095 4209 vestibula

506 4264 657 4306 saera
687 4248 994 4318 dignantur,
1022 4244 1091 4300 de
1120 4244 1227 4299 illis
1254 4246 1344 4314 qui
1369 4254 1520 4300 extra
1551 4259 1761 4300 sacrum
1804 4246 1945 4301 hunc
1971 4262 2096 4317 gre-

504 4358 627 4414 gem
657 4347 933 4410 vagantur,
961 4338 1050 4406 qui
1084 4336 1262 4405 procul
1292 4336 1359 4391 ab
1383 4334 1587 4391 aedibus
1617 4336 1733 4391 istis
1758 4337 2016 4392 maternis
2043 4337 2095 4393 in

506 4432 678 4490 triviis
704 4438 760 4485 et
784 4427 1077 4499 angiportis
1118 4436 1389 4497 tamquam
1437 4426 1730 4481 insolentes
1758 4442 1822 4489 ac
1842 4426 2097 4483 socordes

504 4524 723 4599 quidam
754 4523 959 4595 pueruli
1002 4520 1324 4585 versantur?
1348 4518 1481 4573 Nam
1511 4528 1565 4575 et
1602 4518 1709 4584 illi,
1740 4534 1861 4574 eum
1909 4528 2095 4591 pater-

504 4632 630 4673 nam
671 4615 890 4672 domum
934 4611 1301 4675 deseruerint,
1333 4609 1531 4665 alicubi
1576 4608 1705 4664 foris
1734 4610 2012 4674 oberrant,
2041 4620 2097 4667 et

504 4718 649 4765 totos
691 4708 808 4764 dies
856 4705 909 4761 in
955 4703 1095 4759 ludis
1142 4703 1433 4774 puerilibus
1463 4701 1764 4773 transigunt
1794 4719 1807 4757 :
1838 4717 1996 4773 quam
2024 4702 2095 4758 ob

502 4813 721 4859 causam
760 4806 814 4853 et
844 4795 1115 4863 libertate,
1143 4809 1207 4850 ac
1236 4808 1611 4864 saepenumero
1634 4793 1740 4847 vita
1769 4792 1979 4864 pueruli
2008 4803 2091 4849 ta-

504 4891 585 4947 les
611 4889 905 4960 privantur.
935 4886 1068 4942 Nam
1096 4900 1217 4945 cum
1258 4885 1311 4942 in
1336 4900 1529 4941 manus
1576 4885 1955 4956 plagiariornm
2004 4894 2095 4941 aut

506 4982 820 5053 prmdonum
862 4978 1167 5045 inciderint,
1215 4994 1360 5048 sazpe
1400 4986 1573 5034 morte
1618 4978 1954 5050 negligentia
1982 4992 2095 5033 sua:

504 5090 693 5145 pinnas
718 5075 889 5131 luunt.
911 5073 1183 5148 Siquidem
1208 5072 1438 5142 arreptis
1465 5072 1595 5143 ipsis
1616 5086 1737 5127 cum
1758 5086 1919 5128 aurea
1936 5086 2094 5127 oma-

506 5176 685 5223 menta
716 5164 1029 5222 sustulerint
1060 5164 1157 5231 illi,
1188 5174 1277 5220 aut
1304 5162 1585 5219 ﬂuminum
1616 5162 1770 5218 undis
1793 5162 2090 5231 suﬂ‘oeant,

506 5268 598 5315 aut
621 5259 666 5316 si
692 5258 819 5329 quid
853 5258 1034 5313 mitius
1068 5258 1137 5314 de
1180 5256 1287 5313 illis
1318 5256 1635 5321 statuerint,
1665 5255 1717 5309 in
1753 5254 2097 5327 longinquam

506 5350 626 5409 illos
666 5350 939 5421 regionem
976 5348 1236 5405 abductos
1264 5362 1328 5407 ac
1358 5346 1599 5404 servituti
1630 5345 1872 5402 addictos
1909 5347 2095 5402 diven-

504 5442 659 5497 dunt.
687 5439 831 5501 Idem
856 5440 975 5495 istis
1002 5441 1162 5496 etiam
1188 5439 1397 5496 accidit.
1427 5437 1559 5494 Cum
1585 5438 1727 5520 enim
1755 5437 1913 5508 longe
1936 5453 1966 5493 a
1997 5452 2091 5507 pa-

506 5541 653 5589 terna
681 5531 842 5586 domo
861 5540 916 5587 et
934 5530 1091 5603 hujus
1117 5530 1299 5606 templi
1326 5529 1753 5601 frequentatione
1773 5529 2089 5595 aberrarint,

510 5625 561 5678 in
602 5621 974 5679 haereticorum
1006 5638 1098 5679 ora
1129 5623 1401 5687 incidunt,
1440 5632 1496 5677 et
1530 5621 1584 5677 in
1626 5618 1831 5691 linguas
1862 5618 2090 5674 hostium

506 5716 787 5773 veritatis:
820 5725 930 5777 tum
981 5715 1055 5770 illi
1104 5729 1225 5771 eum
1271 5725 1538 5785 tamquam
1588 5712 1826 5784 plagiarii
1878 5712 2090 5782 quidam

504 5809 649 5879 ipsus
694 5809 1015 5877 invaserint,
1054 5817 1107 5867 et
1150 5824 1312 5865 aureo
1361 5807 1481 5864 fidei
1526 5814 1715 5864 ornatu
1764 5805 2040 5877 spoliarint
2066 5847 2082 5874 ,

1253 365 1309 422 S.
1350 362 1627 423 JOANNIS
1660 359 2142 422 CHRYSOSTOHI
2179 360 2497 423 ARCHIEP.
2527 367 3057 435 CONSTMINOP.

3732 379 3829 440 Ιὶθ

2241 481 2517 538 confestim
2542 499 2638 541 eos
2666 501 2770 542 non
2792 489 2844 544 in
2870 489 3070 547 flumen
3092 492 3383 564 projectos,
3409 496 3508 552 sed
3534 496 3590 553 in
3620 499 3827 557 turbida

2197 552 2477 643 ‘dogmata
2508 577 2713 637 fauoris
2740 583 2823 637 sui
2849 552 3125 640 demersos
3146 552 3393 644 enecant.

2301 665 2355 720 2.
2404 667 2709 725 Vestrarum
2759 672 2861 728 hoc
2902 675 3129 745 partium
3178 677 3363 745 fuerit,
3403 680 3563 735 saluti
3602 679 3827 736 fratr-mn

2228 760 2532 829 consulere,
2550 770 2711 833 atque
2730 763 2797 818 ad
2820 779 2918 821 nos
2944 766 3066 822 illos
3090 766 3371 834 reducere,
3400 770 3527 826 licet
3550 771 3824 839 resistant,

2228 851 2353 906 licet
2380 856 2693 922 reclament,
2727 857 2850 913 licet
2880 858 3263 917 iamententur.
3297 862 3523 919 Puerilis
3551 875 3635 920 est
3661 866 3825 921 animi

2225 944 2501 999 contentio
2540 946 2639 1001 ista
2682 956 2737 1002 et
2776 948 3120 1036 negligentia.
3157 950 3260 1007 Vos
3285 967 3419 1008 vero
3454 953 3822 1025 imperfectam

2226 1032 2403 1090 adhuc
2440 1045 2599 1107 atque
2640 1038 2711 1094 ita
2752 1032 2946 1097 misere
2999 1041 3245 1098 affectam
3304 1043 3539 1115 ipsorum
3585 1046 3823 1102 animam

2223 1126 2508 1196 corrigite;
2571 1130 2735 1186 vestri
2779 1132 3014 1188 muneris
3062 1141 3179 1199 est,
3226 1144 3283 1189 ut
3337 1134 3442 1190 illis
3489 1135 3823 1205 pefsuadea-

2226 1216 2329 1301 tis,
2382 1228 2439 1273 ut
2489 1218 2733 1278 homines
2774 1222 2921 1278 fiant.
2970 1222 3106 1279 Nam
3149 1224 3599 1296 quemadmodum
3653 1243 3822 1294 eum,

2223 1306 2316 1379 qui
2364 1308 2593 1365 humana
2650 1324 2928 1371 aversetur
2977 1315 3268 1383 alimenta,
3318 1325 3375 1373 et
3425 1333 3549 1373 cum
3598 1319 3826 1391 pecudi-

2222 1396 2325 1453 bus
2380 1400 2549 1469 spinis
2588 1400 2873 1475 herbisque
2916 1416 3186 1476 paseatur,
3236 1407 3507 1464 hominem
3556 1410 3825 1472 essemi-

2221 1487 2367 1543 nime
2385 1489 2627 1547 dicemus
2650 1510 2663 1546 :
2688 1496 2769 1549 sle
2794 1495 3049 1552 nimirum
3068 1511 3214 1566 eum,
3236 1499 3325 1570 qui
3350 1515 3528 1555 veram
3549 1507 3602 1556 et
3623 1501 3823 1556 animae

2218 1582 2628 1637 convenientem
2654 1583 2904 1641 humanae
2930 1602 3113 1642 escam
3141 1588 3341 1656 oderit,
3373 1605 3495 1661 qua:
3520 1605 3590 1646 ex
3622 1591 3820 1646 divinis

2219 1678 2429 1725 constat
2470 1671 2729 1744 eloquiis,
2771 1674 2829 1730 in
2875 1676 3225 1733 saecularibus
3268 1688 3446 1735 autem
3488 1680 3720 1736 cratibus
3765 1691 3821 1736 et

2218 1762 2366 1817 omni
2397 1762 2635 1821 fceditate
2661 1765 3085 1824 redundantibus
3109 1769 3324 1825 circulis
3349 1770 3600 1835 resideat,
3631 1780 3689 1827 et
3735 1773 3824 1827 inn

2218 1854 2355 1924 iquis
2381 1856 2552 1912 alatur
2576 1859 2774 1923 verbis,
2818 1858 3090 1916 hominem
3121 1862 3396 1933 appellare
3439 1862 3659 1916 minime
3689 1877 3819 1933 pos-

2214 1963 2421 2003 sumus.
2455 1949 2727 2021 Siquidem
2761 1952 2900 2022 apud
2930 1968 3029 2008 nos
3057 1953 3220 2009 homo
3245 1962 3331 2009 est
3371 1969 3476 2009 non
3518 1955 3563 2009 is
3606 1965 3816 2010 tantum

2217 2040 2306 2109 qui
2336 2056 2472 2110 pane
2500 2053 2765 2107 vescatur,
2795 2043 2887 2098 sed
2915 2044 3004 2114 qui
3036 2047 3343 2114 priusquam
3370 2046 3480 2099 ullo
3505 2047 3643 2111 cibo,
3676 2047 3818 2100 divi-

2216 2133 2301 2187 nis
2328 2148 2391 2189 ac
2419 2133 2783 2203 spiritualibus
2825 2134 3055 2205 eloquiis
3100 2136 3421 2205 perfruatur.
3472 2136 3583 2192 iloc
3614 2148 3815 2193 autem

2216 2222 2485 2279 hominem
2514 2240 2653 2291 esse,
2686 2226 2833 2282 disce
2859 2242 2923 2281 ex
2952 2226 3036 2282 his
3060 2243 3179 2297 qua:
3204 2226 3448 2283 Christus
3473 2228 3665 2284 eﬂ‘atus
3692 2239 3812 2285 est:

2217 2313 2336 2369 Non
2358 2318 2411 2370 in
2438 2318 2547 2371 solo
2574 2334 2705 2387 parte
2731 2319 2855 2372 vivet
2884 2319 3067 2387 homo,
3095 2320 3183 2373 sed
3213 2320 3263 2373 in
3291 2320 3429 2373 omni
3463 2319 3642 2387 verbo,
3675 2322 3813 2389 quod

2212 2408 2433 2477 procedit
2465 2407 2528 2461 de
2553 2424 2641 2462 ore
2665 2407 2765 2461 Dei
2790 2407 3014 2480 (Matth.
3045 2410 3099 2463 4.
3130 2408 3207 2482 4).
3239 2407 3423 2480 Itaque
3451 2408 3651 2479 duplex
3684 2410 3813 2464 vitm

2212 2508 2410 2553 nostra:
2435 2507 2518 2553 est
2547 2499 2859 2554 alimentum
2882 2540 2896 2564 ,
2926 2516 3091 2555 unum
3120 2501 3352 2557 deterius
3372 2544 3387 2570 ,
3419 2502 3647 2557 alterum
3679 2518 3812 2557 vero

2211 2589 2592 2659 praestantius:
2625 2599 2681 2645 et
2726 2589 2829 2646 hoc
2872 2592 3139 2661 praecipue
3178 2592 3567 2661 capessendum
3596 2603 3678 2649 est
3702 2634 3721 2657 ,
3751 2605 3812 2646 ut

2209 2690 2264 2735 et
2295 2681 2528 2735 animam
2550 2680 2697 2737 alere
2719 2682 3005 2751 possimus,
3030 2698 3204 2753 neque
3225 2681 3365 2739 fame
3393 2683 3537 2738 illam
3564 2685 3807 2755 torqueri

2208 2771 2464 2826 sinamus.
2496 2770 2555 2826 in
2586 2782 2760 2827 vestra
2788 2772 2945 2844 igitur
2973 2782 3236 2843 potestate
3263 2774 3422 2829 situnt
3449 2784 3552 2839 est,
3585 2786 3639 2829 ut
3665 2776 3806 2829 civi-

2209 2872 2371 2917 tatem
2398 2863 2553 2919 nobis
2584 2864 2859 2920 hominum
2891 2866 3100 2935 plenam
3128 2865 3392 2922 efficiatis.
3417 2867 3644 2934 Quando
3666 2884 3802 2938 ergo

2206 2954 2457 3010 destituta
2486 2964 2570 3011 est
2598 2955 2905 3012 hominibus
2930 2957 3108 3027 ampla
3136 2967 3189 3013 et
3215 2958 3477 3027 populosa
3509 2958 3623 3014 inec
3667 2960 3771 3015 civi
3790 2989 3805 3001 -

2208 3055 2310 3113 tas,
2328 3062 2540 3118 aequum
2561 3054 2643 3103 est
2672 3056 2730 3102 ut
2758 3048 2945 3120 patriai
2969 3058 3161 3105 vestrae
3191 3048 3328 3104 hanc
3356 3049 3580 3119 gratiam
3606 3059 3663 3105 et
3686 3066 3806 3106 mu—

2206 3139 2529 3195 nificentiam
2559 3139 2870 3205 conferatis,
2904 3149 2965 3195 ut
2996 3141 3324 3197 transmissis
3353 3140 3421 3196 ad
3452 3156 3547 3197 eos
3568 3158 3687 3213 qua:
3715 3142 3805 3198 hic

2204 3230 2498 3287 didiceritis
2518 3273 2533 3297 ,
2562 3230 2788 3287 fratrum
2818 3232 2973 3288 nobis
3004 3234 3211 3287 animos
3244 3234 3626 3293 reconcilietis.
3661 3234 3801 3289 Tum

2202 3324 2345 3377 enim
2376 3339 2573 3378 mensre
2596 3326 2882 3394 participes
2909 3340 3009 3379 nos
3031 3324 3197 3380 fuisse
3222 3326 3657 3395 comprobamus,
3689 3342 3800 3381 non

2202 3428 2323 3469 eum
2357 3430 2595 3469 mensam
2622 3416 2901 3471 laudamus
2930 3425 3157 3484 tantum,
3186 3417 3281 3473 sed
3306 3432 3428 3472 cum
3461 3418 3545 3485 iis,
3576 3420 3666 3490 qui
3693 3419 3798 3473 ab-

2202 3506 2433 3570 fuerint,
2464 3508 2785 3564 cibariorum
2811 3509 3086 3579 quidpiam
3130 3509 3312 3580 largiri
3350 3526 3653 3581 possumus.
3684 3512 3803 3569 [Ioc

2203 3610 2257 3655 et
2287 3615 2382 3655 vos
2410 3615 2551 3656 nunc
2592 3602 2732 3671 agite
2755 3642 2769 3667 ,
2802 3602 2987 3673 sicque
3023 3602 3339 3657 alterutrum
3366 3618 3435 3658 ex
3466 3604 3549 3659 his
3585 3604 3801 3661 duobus

2202 3690 2426 3744 omnino
2453 3691 2664 3746 eveniet
2691 3731 2705 3755 ,
2736 3700 2794 3749 ut
2823 3691 2910 3746 vel
2940 3691 3043 3746 illis
3076 3692 3472 3760 persuadeatis,
3512 3693 3578 3749 ad
3609 3710 3707 3750 nos
3741 3704 3801 3753 ut

2201 3782 2460 3850 redeant,
2492 3783 2577 3838 vel
2620 3784 2665 3838 si
2702 3784 2755 3841 in
2785 3783 2973 3839 eadem
3015 3788 3363 3843 contentione
3406 3800 3795 3860 perseverent,

2202 3882 2395 3928 vestrae
2440 3874 2635 3945 lingua:
2673 3890 2835 3945 opera
2867 3878 3193 3944 nutriantur,
3224 3877 3333 3934 imo
3361 3895 3491 3935 vero
3519 3880 3675 3951 plane
3703 3900 3796 3938 re-

2201 3975 2496 4021 vertantur.
2536 3966 2653 4022 Non
2684 3967 2826 4021 enim
2856 3969 3035 4038 potius
3076 3969 3270 4039 eligent
3313 3972 3541 4041 gratuita
3590 3973 3797 4031 benefi-

2202 4057 2371 4111 centia
2398 4057 2765 4125 nutriri,‘eum
2793 4072 2890 4128 pro
2914 4073 3010 4113 suo
3028 4058 3151 4128 jure
3178 4060 3375 4126 possint
3419 4062 3517 4130 ipsi
3559 4061 3659 4119 hac
3701 4080 3797 4133 pa-

2205 4157 2352 4203 terna
2376 4162 2558 4203 mensa
2587 4150 2766 4218 potiri.
2794 4149 2898 4205 Sed
2932 4150 3032 4204 hoc
3071 4165 3167 4204 vos
3190 4150 3363 4207 facere
3382 4192 3398 4217 ,
3429 4153 3512 4206 vel
3558 4153 3751 4214 fecisse
3774 4196 3791 4223 ,

2202 4239 2286 4294 vel
2312 4255 2432 4296 esse
2468 4240 2701 4297 facturos
2745 4242 2904 4311 plane
2945 4241 3158 4297 conﬁdo
3199 4242 3507 4313 credoque;
3551 4245 3796 4314 quando~

2203 4330 2415 4402 quidem
2445 4330 2752 4402 frequenter
2774 4332 2842 4388 ad
2872 4332 2985 4389 hzec
3017 4333 3216 4388 hortari
3248 4348 3346 4389 vos
3371 4349 3476 4389 non
3499 4334 3707 4399 destiti,
3738 4348 3794 4393 et

2200 4439 2298 4479 vos
2325 4439 2537 4495 quoque
2566 4428 2708 4479 omni
2746 4425 2968 4481 scientia
3016 4426 3206 4495 repleti
3246 4427 3409 4496 estis,
3439 4428 3529 4499 qui
3570 4438 3628 4484 et
3656 4429 3792 4487 alios

2206 4514 2501 4571 admonuere
2540 4517 2765 4586 possitis
2790 4518 2964 4589 (Rom.
2997 4519 3084 4576 15.
3115 4512 3225 4587 i4).
3262 4518 3381 4574 iam
3395 4533 3542 4573 were
3571 4525 3789 4588 tempus

2205 4616 2311 4673 est,
2335 4616 2393 4662 ut
2413 4617 2660 4663 nostram
2684 4611 2841 4666 vobis
2869 4612 3012 4666 hanc
3041 4626 3287 4667 mensam
3317 4611 3788 4681 apponamus,vi-

2206 4698 2311 4754 lem
2324 4696 2541 4767 quidem
2557 4699 2729 4769 ipsam
2745 4715 2810 4755 ac
2823 4708 3120 4765 tenuem,et
3130 4717 3252 4771 qua
3263 4701 3489 4756 multam
3503 4700 3793 4770 penuriam

2206 4804 2320 4862 pra
2340 4807 2399 4845 se
2418 4791 2576 4856 ferat,
2601 4792 2697 4849 sed
2726 4808 2847 4864 quae
2866 4793 3073 4863 optimo
3090 4802 3271 4849 tamen
3288 4793 3396 4849 cibi
3412 4792 3792 4859 condimento,

2208 4880 2493 4937 alacritate
2531 4882 2867 4948 auditorum,
2916 4883 3187 4939 instructa
3220 4886 3316 4939 sit.
3355 4883 3601 4940 Mensam
3643 4884 3798 4941 enim

2199 4970 2365 5027 efficit
2400 4970 2838 5040 jucundissimam
2868 4985 2977 5026 non
3014 4969 3257 5026 ciborum
3286 4974 3674 5042 sumptuositas
3706 4990 3798 5029 so-

2202 5067 2335 5130 lum,
2367 5064 2462 5121 sed
2491 5080 2677 5121 eorum
2704 5066 2866 5120 etiam
2894 5064 2983 5134 qui
3016 5062 3221 5118 invitati
3256 5062 3453 5119 fuerint
3481 5064 3793 5135 appetitus:

2201 5160 2280 5215 sic
2308 5168 2362 5214 et
2388 5159 2528 5213 lauta
2558 5168 2613 5214 et
2638 5156 2919 5229 magniﬁca
2951 5172 3137 5211 mensa
3167 5157 3290 5213 vilis
3315 5172 3379 5213 ac
3418 5158 3597 5213 tenuis
3627 5173 3795 5229 appa-

2200 5252 2362 5315 rebit,
2386 5251 2488 5306 nisi
2515 5249 2652 5306 fame
2679 5250 2869 5319 pressi,
2896 5248 2988 5321 qui
3013 5249 3225 5314 adsunt,
3252 5247 3318 5303 ad
3347 5248 3488 5303 illam
3510 5249 3791 5315 accedant;

2201 5345 2280 5399 sic
2303 5343 2463 5399 etiam
2484 5342 2602 5396 vilis
2618 5351 2928 5412 sumptuosa
2958 5340 3282 5406 censebitur,
3311 5341 3354 5394 si
3374 5339 3648 5395 famelicos
3667 5354 3796 5396 suos

2202 5434 2455 5491 convivas
2496 5434 2781 5503 acceperit.
2835 5432 2999 5504 idque
3042 5446 3163 5488 cum
3214 5432 3381 5502 probe
3427 5441 3610 5487 nosset
3658 5433 3795 5489 alios

2204 5525 2467 5596 quispiam
2492 5566 2507 5591 ,
2540 5539 2646 5580 non
2672 5540 2740 5580 ex
2770 5532 2957 5579 natura
2982 5523 3223 5578 ciborum
3250 5565 3265 5589 ,
3298 5521 3393 5579 sed
3418 5537 3485 5577 ex
3511 5521 3706 5579 aﬂectu
3732 5540 3796 5579 ae

2202 5617 2553 5688 dispositione
2580 5617 2922 5672 convivarum
2953 5614 3021 5671 de
3052 5628 3359 5669 mensarum
3402 5614 3795 5685 magniﬁcentia

2198 5711 2457 5783 judicium
2485 5708 2632 5778 ferri,
2660 5710 2744 5766 his
2767 5710 2944 5766 verbis
2970 5708 3171 5765 utitur:
3206 5707 3411 5773 Animo,
3435 5724 3549 5778 qua
3567 5708 3621 5762 in
3647 5719 3793 5763 sata-

2206 5806 2356 5860 ritate
2398 5813 2503 5866 est.
2555 5803 2681 5871 [avis
2728 5802 2897 5859 illudit
2930 5818 2948 5858 :
2984 5803 3166 5857 anime
3216 5811 3381 5855 autem
3430 5800 3595 5871 egenti
3650 5802 3795 5859 etiam
