4080 6404
306 382 417 445 HT

302 519 483 560 umero
508 501 682 557 dulcia
704 498 939 555 ridentur
963 493 1151 566 (Prov.
1174 491 1267 547 27.
1291 490 1348 562 7)
1374 509 1389 546 :
1417 504 1524 544 non
1547 484 1690 559 quod
1712 497 1901 541 eorum

303 611 427 668 qua
454 596 698 667 apposita
723 600 845 649 sunt
866 630 883 656 ,
908 597 1097 643 natura
1125 593 1386 649 mutetur,
1416 580 1513 638 sed
1535 579 1680 652 quod
1712 593 1901 635 eorum

306 688 544 755 aﬂeetio,
571 687 663 759 qui
687 682 937 740 convivio
962 688 1089 737 sunt
1113 677 1363 747 excepti,
1390 689 1610 730 sensum
1651 672 1904 744 decipiat.

304 782 458 855 Quod
483 782 529 839 si
551 787 767 851 propter
784 774 1129 831 convivarum
1154 769 1499 842 cupiditatem
1525 782 1705 823 amara
1731 765 1905 821 dulcia

303 876 573 940 videntur,
596 870 766 926 multo
805 866 975 937 magis
1000 881 1065 924 ea
1101 880 1223 937 qua:
1248 864 1372 919 vilia
1410 870 1557 929 sunt,
1591 868 1905 931 sumptuosa

302 967 649 1024 videbuntur.
693 963 868 1033 Atque
894 960 1094 1016 idcirco
1132 971 1235 1013 nos
1271 969 1507 1028 quoque,
1539 967 1749 1009 summa
1780 952 1907 1007 licet

301 1059 481 1132 inopia
512 1057 707 1129 pressi,
728 1052 1040 1126 magniﬁcos
1058 1050 1433 1117 convivatores
1459 1047 1751 1113 imitamur,
1774 1043 1903 1099 dum

299 1153 528 1226 singulis
554 1149 796 1207 collectis
819 1146 888 1203 ad
915 1153 1157 1202 nostram
1186 1157 1284 1198 vos
1312 1156 1557 1207 mensam
1588 1138 1900 1226 invitamus.

298 1246 357 1303 Id
389 1225 521 1301 vero
547 1242 772 1299 facimus
800 1254 911 1296 non
939 1235 1145 1293 nostris
1163 1233 1355 1307 opibus
1380 1231 1527 1299 freti,
1550 1229 1647 1286 sed
1667 1225 1811 1300 quod
1833 1225 1903 1283 de

299 1347 479 1395 vestra
508 1334 784 1389 audltione
808 1328 1167 1387 conﬁdamus.

308 1452 320 1463 -
370 1430 425 1486 5.
471 1425 632 1482 Pauli
669 1424 896 1480 conversi
929 1438 1047 1477 eum
1101 1420 1240 1490 pisce
1276 1414 1611 1487 comparatio.
1665 1442 1739 1453 —
1789 1410 1903 1466 To-

298 1533 412 1579 tttm
444 1523 605 1593 igitur
642 1517 882 1575 debitum
923 1510 1287 1583 inscriptionis
1325 1509 1477 1565 vobis
1502 1505 1859 1580 persolvimus
1882 1545 1899 1570 ,

297 1612 665 1684 inscriptionis
688 1652 703 1678 ,
745 1610 961 1679 inquam
987 1648 1004 1674 ,
1048 1605 1305 1661 Actorum
1352 1600 1791 1683 apostolieorum.
1831 1596 1903 1654 Ut

296 1707 459 1779 igitur
487 1702 693 1758 initium
724 1699 846 1755 libri
884 1698 1301 1769 attihgeremus,
1338 1692 1474 1751 ordo
1515 1691 1797 1762 exigebat,
1839 1704 1905 1746 ac

294 1798 636 1860 doceremus,
687 1790 816 1865 quid
862 1789 965 1846 hoc
1014 1786 1118 1845 sibi
1168 1787 1300 1844 velit
1354 1804 1369 1843 :
1418 1784 1656 1840 Primum
1700 1782 1901 1853 quidem

292 1902 581 1945 sermonem
626 1885 839 1955 fecimus
890 1882 955 1937 de
1008 1880 1240 1936 omnibus
1269 1919 1285 1947 ,
1331 1894 1362 1933 o
1414 1874 1698 1946 Theophile
1719 1915 1736 1943 ,
1789 1890 1904 1945 qua

294 1982 444 2053 capit
482 1977 635 2035 Iesus
664 1982 833 2049 facere
864 1992 925 2030 ac
951 1974 1131 2029 docere
1160 1972 1302 2043 (Aet.
1334 1972 1384 2027 ι.
1408 1970 1485 2043 1).
1514 1969 1900 2025 Verumtamen

296 2064 403 2132 non
449 2073 579 2128 sinit
625 2070 823 2126 Paulus
876 2074 936 2123 ut
984 2066 1123 2121 bane
1169 2065 1366 2120 seriem
1410 2061 1618 2118 ordinis
1661 2075 1897 2132 sequar,

294 2166 391 2225 sed
430 2165 498 2220 ad
542 2179 601 2220 se
637 2175 842 2233 suaque
881 2168 1032 2216 recte
1073 2156 1209 2213 facta
1255 2156 1493 2226 linguam
1539 2161 1778 2207 nostram
1820 2152 1903 2205 in-

293 2258 447 2313 vitat.
494 2254 664 2326 Cupio
702 2265 935 2322 namque
972 2248 1154 2305 videre
1202 2247 1349 2303 illum
1391 2244 1755 2301 introductum
1802 2243 1876 2299 Da

294 2362 534 2406 mascum
568 2388 585 2414 ,
645 2359 753 2402 non
796 2345 971 2399 ferrea
1024 2350 1211 2398 catena
1235 2380 1252 2406 ,
1310 2338 1407 2395 sed
1445 2336 1715 2394 dominica
1768 2351 1903 2393 voce

293 2440 554 2494 vinctum.
584 2436 758 2507 Cupio
800 2434 986 2490 videre
1023 2432 1231 2504 piscatu
1267 2440 1485 2502 captum
1526 2431 1729 2501 piscem
1759 2428 1903 2485 hunc

294 2544 569 2601 magnum,
608 2529 699 2601 qui
722 2534 896 2583 totum
922 2533 1224 2581 exaestuans
1250 2538 1402 2579 mare
1445 2523 1762 2588 conturbat,
1808 2521 1900 2592 qui

293 2621 491 2677 fluetus
516 2606 842 2675 innumeros
886 2615 1148 2673 adversus
1195 2614 1493 2670 Ecclesiam
1540 2613 1755 2669 excitat.
1792 2612 1901 2667 Cu-

294 2716 383 2787 pio
430 2712 615 2769 videre
668 2712 845 2782 ipsum
884 2710 1090 2781 piscatu
1136 2717 1353 2779 captum
1401 2721 1507 2762 non
1550 2705 1743 2772 hamo,
1804 2702 1901 2759 sed

294 2804 475 2861 verbis
505 2802 743 2859 Domini.
774 2802 908 2858 Nam
936 2800 1385 2873 quemadmodum
1424 2800 1476 2854 in
1520 2797 1736 2853 sublimi
1768 2810 1901 2867 rupe

295 2897 586 2955 considens
614 2897 848 2967 piscator
874 2935 890 2961 ,
932 2904 987 2951 et
1011 2894 1328 2949 arundinem
1358 2892 1609 2948 attollens
1634 2932 1648 2956 ,
1679 2890 1898 2945 hamum

293 2992 362 3047 ab
399 2990 511 3045 alto
540 2990 592 3043 in
641 3002 791 3044 mare
830 2986 1065 3042 demittit
1096 3004 1109 3040 :
1138 2985 1217 3040 sic
1256 2985 1507 3039 nimirum
1550 2993 1605 3039 et
1640 2983 1901 3037 Dominus

294 3091 481 3137 noster
508 3079 839 3151 spiritualem
871 3077 1134 3133 exhibens
1168 3076 1495 3146 piscaturam
1542 3084 1812 3145 tamquam
1845 3074 1899 3128 in

294 3175 508 3232 sublimi
536 3175 791 3230 caelorum
819 3186 953 3243 rupe
979 3170 1289 3236 eonsidens,
1319 3169 1465 3225 velut
1486 3167 1647 3223 hamo
1667 3166 1899 3238 quodam

293 3267 529 3336 desuper
556 3266 659 3321 hac
685 3278 817 3319 voce
842 3264 1010 3319 missa
1038 3276 1160 3318 cum
1186 3260 1451 3326 dixisset,
1489 3259 1652 3315 Saule
1670 3301 1686 3324 ,
1717 3258 1899 3326 Saule,

293 3358 418 3430 quid
446 3373 527 3412 me
552 3355 861 3427 persequeris
904 3354 1051 3426 (Act.
1088 3353 1145 3408 9.
1180 3350 1277 3424 4)?
1304 3352 1504 3421 piscem
1536 3351 1680 3406 hunc
1709 3350 1899 3421 ingen-

296 3460 405 3507 tem
447 3450 683 3521 piscatus
720 3458 823 3505 est.
867 3448 935 3503 Et
972 3446 1116 3518 quod
1162 3447 1216 3501 in
1256 3446 1405 3517 pisce
1446 3445 1692 3516 contigit,
1740 3458 1901 3515 quem

295 3542 451 3611 jussu
479 3540 691 3596 Domini
721 3539 955 3610 piscatus
980 3546 1065 3593 est
1088 3537 1284 3593 Petrus
1303 3576 1320 3603 ,
1346 3535 1448 3591 hoc
1475 3545 1531 3592 et
1560 3536 1615 3591 in
1644 3536 1747 3591 isto
1778 3548 1903 3591 eve-

298 3634 396 3687 nit.
427 3631 704 3702 Siquidem
740 3630 829 3686 bic
856 3645 1072 3702 quoque
1108 3628 1270 3700 piscis
1298 3630 1350 3683 in
1378 3643 1471 3685 ore
1501 3638 1759 3684 staterem
1801 3628 1901 3682 ha-

295 3725 431 3781 bens
471 3724 719 3780 inventus
747 3730 865 3789 est;
912 3730 1169 3777 staterem
1214 3720 1469 3792 quidem,
1509 3719 1603 3776 sed
1645 3719 1903 3775 adulteri—

298 3832 427 3871 num
460 3834 473 3872 :
502 3816 699 3886 quippe
735 3814 827 3885 qui
854 3813 1029 3869 zelum
1060 3811 1313 3878 haberet,
1344 3811 1440 3868 sed
1467 3826 1575 3866 non
1601 3810 1899 3867 secundum

296 3910 597 3966 scientiam.
627 3906 920 3977 Propterea
950 3920 1072 3961 eum
1100 3904 1380 3961 scientiam
1406 3904 1481 3959 illi
1504 3904 1728 3974 largitus
1757 3910 1904 3957 esset

298 4001 473 4068 Deus,
507 3997 735 4070 probum
763 3998 910 4052 illum
941 4011 1220 4052 nummum
1257 3995 1490 4051 reddidit
1523 4012 1537 4049 :
1567 4004 1621 4050 et
1646 3994 1788 4065 quod
1822 3994 1901 4063 pi-

295 4098 447 4147 scatu
474 4089 642 4159 captis
668 4088 865 4143 accidit
907 4087 1142 4158 piscibus
1163 4126 1180 4153 ,
1224 4086 1327 4147 hoc
1355 4094 1412 4141 et
1450 4086 1505 4141 in
1550 4086 1653 4141 isto
1682 4084 1898 4140 accidit.

294 4182 430 4238 Nam
460 4190 518 4235 ut
544 4180 618 4235 illi
642 4194 763 4236 cum
793 4180 1027 4250 primum
1051 4179 1276 4235 extracti
1302 4194 1333 4234 e
1360 4178 1498 4235 mari
1525 4178 1742 4246 fuerint,
1771 4194 1904 4234 con-

295 4274 475 4331 festim
502 4274 632 4329 czeci
660 4273 793 4329 fiunt
825 4291 839 4327 :
871 4273 949 4329 sic
974 4282 1030 4329 et
1055 4274 1156 4329 iste
1184 4272 1468 4329 confestim
1499 4272 1715 4327 hamum
1738 4288 1901 4329 exce-

296 4367 395 4437 pit,
424 4374 770 4421 etextractus
785 4364 1073 4421 confestim
1098 4372 1183 4421 est
1208 4373 1507 4420 excaecatus
1536 4381 1550 4421 :
1582 4380 1769 4420 verum
1802 4380 1901 4421 ex-

292 4460 515 4516 cmeatio
530 4458 646 4514 haec
668 4457 864 4526 eﬂ'eclt,
882 4466 941 4513 ut
964 4466 1109 4515 totus
1124 4458 1271 4516 orbis
1288 4467 1551 4515 terrarum
1567 4460 1742 4515 visum
1765 4459 1901 4514 rcci-

295 4559 469 4622 petet.
500 4550 625 4605 Hzec
661 4550 822 4620 igitur
849 4553 1027 4605 omnia
1058 4552 1219 4621 cupio
1245 4566 1492 4607 cernere.
1519 4549 1654 4605 Nam
1690 4550 1735 4604 si
1763 4550 1900 4605 forte

296 4641 495 4697 bellum
526 4656 624 4696 uos
644 4640 980 4696 barbaricum
1000 4640 1428 4706 circumsideret,
1451 4648 1507 4698 et
1526 4640 1577 4697 in
1600 4642 1769 4697 aciem
1792 4641 1902 4697 dis-

296 4735 455 4805 positi
473 4735 655 4789 hostes
676 4734 954 4789 innumera
974 4735 1128 4791 nobis
1145 4736 1359 4807 negotia
1383 4736 1730 4804 facesserent,
1745 4737 1899 4792 dein-

294 4826 364 4883 de
386 4826 736 4881 barbarorum
758 4827 1026 4887 exercitus
1050 4826 1269 4893 ductor,
1292 4828 1382 4897 qui
1405 4827 1668 4884 machinis
1686 4844 1784 4884 nos
1804 4844 1902 4899 op-

296 4929 559 4989 pugnaret
585 4919 903 4987 innumeris,
935 4933 1129 4989 resque
1157 4927 1370 4975 nostras
1398 4934 1588 4975 omnes
1613 4920 1901 4977 conturbao

294 5020 408 5075 ret,
436 5017 491 5065 et
512 5010 740 5065 tumultu
762 5024 823 5065 ac
846 5011 1248 5081 perturbatione
1267 5013 1578 5083 compleret,
1604 5014 1793 5069 urbem
1815 5016 1899 5085 ip-

295 5116 408 5157 sam
434 5100 674 5157 funditus
692 5117 1005 5159 eversurum
1026 5118 1086 5158 se
1112 5103 1425 5170 minaretur,
1450 5115 1503 5160 et
1523 5107 1643 5177 igne
1670 5122 1897 5163 succen-

294 5209 505 5261 surum,
536 5195 625 5264 qui
657 5194 971 5250 servitutem
988 5195 1299 5264 intentaret,
1322 5196 1605 5254 confestim
1641 5199 1897 5271 ablmpe-

295 5294 473 5340 ratore
489 5294 676 5341 nostro
688 5288 900 5341 vinctus
921 5294 973 5340 et
993 5288 1236 5357 captivus
1257 5288 1307 5343 in
1326 5290 1511 5347 urbem
1531 5291 1900 5349 introducere-

295 5388 403 5439 tur,
430 5392 609 5433 nonne
636 5392 825 5434 omnes
850 5392 971 5435 eum
1002 5381 1315 5439 mulieribus
1344 5393 1397 5440 et
1424 5384 1661 5455 puerulis
1687 5386 1755 5441 ad
1779 5402 1901 5457 spe-

294 5469 563 5525 ctaculum
581 5468 707 5525 illud
728 5471 1068 5528 exsiliremus
1083 5474 1106 5527 ?
1124 5473 1349 5542 Quando
1370 5476 1528 5546 igitur
1552 5488 1605 5531 et
1627 5493 1769 5533 nunc
1796 5478 1901 5533 bel-

296 5563 405 5618 lum
434 5572 520 5620 est
540 5565 822 5633 indictum,
854 5564 981 5621 dum
1009 5568 1191 5622 omnia
1221 5566 1554 5624 confundunt
1578 5570 1902 5642 turbamque

297 5655 497 5722 Judazi,
531 5666 587 5712 et
612 5658 793 5715 multis
823 5658 1089 5715 machinis
1118 5660 1373 5716 Ecclesia:
1394 5661 1631 5733 quietem
1658 5678 1719 5717 ac
1748 5678 1902 5719 secu-

295 5749 509 5806 ritatem
538 5760 880 5822 oppugnant;
923 5762 1082 5824 caput
1105 5764 1281 5809 autem
1307 5764 1361 5810 et
1390 5756 1637 5827 princeps
1666 5757 1898 5812 hostium

297 5853 423 5893 cum
446 5854 595 5899 esset
630 5844 845 5909 Paulus,
876 5848 963 5917 qui
1000 5847 1201 5917 majora
1234 5864 1391 5920 quam
1422 5852 1603 5907 caeteri
1632 5850 1893 5919 faciebat,

840 378 907 437 IN
946 376 1173 445 ωηο,
1212 371 1482 432 SAULUS
1517 368 1751 428 ADHUC
1790 366 2099 427 SPIR.\NS.
2146 370 2232 427 DE
2274 373 2675 432 MUTATIONE
2702 375 3041 436 NOMINUM.
3079 376 3126 435 Ι.
3515 379 3610 441 ηε

2018 497 2083 541 ac
2108 484 2341 555 dicebat,
2378 489 2469 560 qui
2494 499 2687 547 cuncta
2725 490 2985 549 miscebat
3008 502 3064 551 et
3086 490 3480 563 conturbabd.
3504 493 3620 569 iam

2017 592 2048 634 a
2076 577 2305 637 Domino
2332 590 2517 638 nostro
2537 582 2666 639 Jesu
2691 581 2906 641 Christo
2933 583 3264 657 lmperatore
3290 596 3477 643 nostro
3505 589 3622 651 viu-

2018 680 2137 730 ctus
2162 685 2266 739 est,
2297 684 2354 738 et
2392 676 2635 747 captivus
2658 675 2923 734 abductus
2951 678 3043 750 qui
3071 688 3262 735 cuncta
3296 693 3498 752 susque
3521 680 3619 736 de-

2017 779 2124 841 que
2162 766 2445 835 vertebat,
2491 783 2599 823 non
2626 769 2694 824 ad
2719 770 3083 839 spectaculum
3115 770 3254 826 istud
3280 771 3622 840 egrediemur

2015 872 2226 927 omnes,
2249 867 2309 915 ut
2326 862 2595 933 captivum
2617 860 2792 932 ipsum
2820 862 2945 918 duci
2965 860 3274 918 videamus?
3294 862 3429 919 Nam
3450 874 3504 921 et
3523 880 3622 920 an-

2013 950 2119 1020 geli
2148 966 2273 1007 eum
2319 967 2353 1008 e
2395 953 2544 1009 caelis
2585 954 2759 1025 ipsum
2803 952 2927 1009 duci
2971 954 3244 1025 captivum
3289 966 3615 1024 cernerent,

2013 1044 2356 1102 exsultabant
2384 1064 2400 1102 :
2431 1062 2541 1103 non
2582 1047 2730 1119 quod
2759 1047 2999 1103 vinctum
3037 1057 3330 1107 cernerent
3365 1057 3573 1106 tantum
3599 1090 3617 1117 ,

2011 1138 2107 1195 sed
2137 1138 2261 1211 quia
2282 1180 2298 1207 ,
2334 1140 2721 1212 quam'mu‘ltos
2746 1138 2993 1196 homines
3016 1154 3049 1195 a
3078 1139 3306 1196 vinculis
3330 1140 3619 1210 expeditu-

2012 1248 2106 1287 rus
2134 1241 2282 1309 esset
2304 1274 2319 1296 .
2352 1233 2660 1304 cogitabant
2688 1252 2703 1289 :
2737 1233 3027 1304 nonaquod
3058 1248 3219 1289 manu
3246 1232 3372 1290 duci
3401 1241 3620 1305 specta-

2010 1330 2153 1389 rent,
2186 1323 2280 1379 sed
2300 1323 2443 1395 quod
2472 1334 2651 1379 mente
2675 1332 2978 1391 versarent,
3011 1340 3174 1396 quam
3204 1325 3403 1381 multos
3429 1326 3608 1380 homi-

2011 1426 2109 1467 nes
2138 1412 2191 1467 in
2221 1413 2412 1469 caelum
2443 1429 2473 1469 e
2501 1413 2661 1469 terris
2690 1413 2885 1485 injecta
2917 1430 3079 1471 manu
3106 1425 3253 1472 esset
3280 1416 3620 1473 introductu-

2010 1519 2124 1561 rus.
2156 1504 2451 1576 Propterea
2481 1505 2818 1576 gaudebant,
2847 1522 2956 1563 non
2992 1508 3138 1579 quod
3174 1518 3503 1565 excaecatum
3530 1510 3615 1565 vi-

2010 1599 2229 1667 derent,
2259 1599 2355 1655 sed
2378 1599 2521 1669 quod
2548 1600 2931 1672 intelligerent,
2960 1612 3192 1674 quantos
3229 1612 3374 1659 esset
3398 1620 3429 1658 e
3457 1613 3616 1660 tene-

2009 1689 2123 1745 bris
2173 1689 2466 1745 educturus
2519 1708 2534 1747 :
2589 1690 2947 1749 Proﬁciscere
3001 1708 3257 1765 namque,
3308 1695 3499 1766 inquit,
3547 1696 3614 1751 ad

2008 1789 2218 1851 gentes,
2244 1790 2299 1837 et
2326 1796 2357 1837 a
2390 1781 2625 1838 tenebris
2654 1782 2912 1839 liberatos
2939 1784 2991 1839 in
3013 1799 3239 1855 regnum
3266 1801 3359 1841 eos
3380 1788 3618 1843 dilectio-

2009 1871 2095 1927 nis
2124 1871 2325 1928 Christi
2370 1874 2680 1930 transferes.
2712 1875 3007 1946 Pr0pterea
3044 1878 3213 1933 misso
3251 1879 3508 1947 exordio,
3546 1879 3615 1935 ad

2008 1961 2246 2019 medium
2269 1978 2502 2035 propero
2531 1967 2802 2024 transilire
2832 1985 2847 2022 :
2872 1983 2994 2024 nam
3016 1969 3216 2026 Paulus
3237 1979 3293 2026 et
3314 1972 3365 2026 in
3391 1972 3614 2029 Paulum

2007 2069 2162 2112 amor
2188 2056 2331 2113 hunc
2358 2056 2490 2113 dare
2515 2058 2711 2114 saltum
2739 2074 2838 2114 nos
2865 2060 3062 2131 coegit.
3090 2059 3287 2117 Paulus
3308 2070 3362 2117 et
3391 2063 3441 2118 in
3471 2066 3616 2119 Pau-

2009 2147 2121 2203 lum
2160 2162 2333 2203 amor.
2376 2147 2641 2220 ignoscite
2670 2150 2802 2206 mihi
2836 2151 2970 2207 :vel
2998 2153 3212 2223 potius,
3250 2155 3416 2210 nolite
3458 2156 3615 2228 igno-

2008 2254 2198 2307 scere,
2234 2239 2331 2296 sed
2360 2250 2415 2296 et
2448 2256 2690 2298 amorem
2721 2243 2882 2298 istum
2911 2244 3259 2299 aetnulamini.
3286 2244 3419 2300 Nam
3450 2247 3497 2302 is
3524 2247 3616 2318 qui

2010 2333 2155 2403 turpi
2193 2348 2379 2391 amore
2407 2345 2691 2406 correptus
2715 2344 2798 2391 est
2817 2378 2833 2403 ,
2866 2336 3063 2394 merito
3088 2339 3299 2393 veniam
3329 2340 3564 2409 postulat
3596 2358 3610 2396 :
3660 2359 3667 2363 ‘

2007 2425 2100 2496 qui
2129 2440 2261 2482 vero
2302 2426 2568 2496 ejusmodi
2595 2443 2782 2485 amore
2810 2426 3039 2499 flagrat,
3088 2428 3190 2485 hac
3213 2430 3465 2501 cupidine
3500 2430 3617 2502 glo-

2006 2518 2199 2582 rietur,
2240 2519 2549 2589 multosque
2578 2518 2739 2575 faciat
2770 2520 3023 2576 desiderii
3059 2521 3214 2576 istius
3240 2522 3529 2592 participes
3562 2530 3617 2577 et

2008 2609 2324 2667 innumeros
2344 2620 2621 2683 comparet
2647 2612 2750 2667 sibi
2777 2612 2995 2669 rivales.
3027 2612 3083 2670 Si
3108 2612 3251 2669 enim
3284 2612 3398 2669 fieri
3428 2623 3616 2687 posset

2009 2710 2067 2757 ut
2093 2711 2239 2758 recta
2259 2704 2345 2759 via
2375 2712 2684 2775 pergentes,
2710 2714 2765 2760 et
2786 2704 2978 2761 ordine
3006 2704 3412 2777 progredientes
3434 2705 3614 2775 priora

2007 2794 2313 2851 diceremus
2337 2835 2354 2863 ,
2387 2804 2444 2851 et
2480 2796 2547 2851 ad
2584 2812 2647 2851 ea
2678 2813 2797 2867 quae
2841 2797 2894 2852 in
2923 2798 3105 2853 medio
3144 2806 3270 2854 sunt
3307 2814 3617 2869 pervenire-

2007 2905 2130 2945 mus
2153 2931 2166 2955 ,
2194 2905 2537 2961 nequaquam
2568 2891 2771 2946 omisso
2803 2891 3066 2961 principio
3094 2891 3378 2946 confestim
3403 2890 3473 2947 ad
3504 2907 3619 2947 me-

2006 2982 2154 3037 dium
2176 2982 2514 3039 venissemus
2546 3003 2560 3039 :
2583 2982 2677 3039 sed
2701 2984 2954 3056 quoniam
2986 2993 3110 3055 post
3136 2984 3496 3041 Pentecosten
3520 2985 3619 3041 de-

2008 3074 2136 3143 poni
2179 3075 2375 3129 librum
2417 3076 2503 3130 lex
2532 3085 2745 3144 patrum
2775 3076 2929 3146 jubet
2954 3116 2969 3139 ,
3001 3084 3059 3132 et
3092 3092 3196 3131 una
3223 3092 3346 3132 cum
3376 3076 3484 3132 fine
3522 3092 3617 3132 so-

2007 3162 2302 3220 lemnitatis
2331 3164 2490 3235 hujus
2521 3165 2680 3221 lectio
2709 3166 2829 3221 libri
2857 3168 3174 3222 terminatur
3196 3206 3213 3235 ,
3242 3168 3446 3222 veritus
3472 3182 3613 3237 sum,

2007 3274 2077 3315 ne
2104 3258 2230 3315 dum
2256 3260 2309 3315 in
2338 3263 2673 3331 exponendis
2700 3263 2977 3333 prooemiis
2996 3279 3323 3337 occupamur
3344 3274 3397 3321 et
3418 3267 3618 3320 immo-

2008 3366 2227 3418 rantur,
2257 3352 2499 3409 historia:
2522 3355 2694 3411 series
2719 3371 2820 3411 nos
2852 3358 2997 3427 prius
3023 3358 3287 3430 effugeret
3306 3401 3321 3426 ,
3353 3374 3513 3430 quam
3544 3358 3613 3413 il.

2009 3442 2118 3498 lam
2166 3458 2447 3515 possemus
2474 3446 2759 3517 attingere.
2807 3448 3012 3503 Idcirco
3053 3464 3085 3504 a
3130 3450 3393 3520 principio
3425 3464 3618 3505 narra.

2010 3534 2171 3591 tionis
2196 3534 2259 3590 ad
2292 3534 2395 3590 alia
2425 3551 2743 3608 properans,
2777 3549 2831 3595 et
2857 3544 3178 3611 protemium
3210 3541 3449 3597 historia:
3475 3550 3615 3596 tam-

2008 3640 2168 3696 quam
2195 3640 2223 3679 a
2255 3628 2542 3698 posteriori
2574 3630 2764 3700 capitis
2790 3640 2941 3701 parte
2972 3632 3300 3703 prehensum
3331 3634 3573 3689 retinens
3594 3676 3613 3703 ,

2008 3731 2227 3773 manere
2253 3732 2352 3773 vos
2372 3718 2530 3789 jussi,
2559 3730 2615 3776 et
2637 3721 2688 3776 in
2713 3722 2975 3794 principio
2997 3723 3099 3779 via:
3123 3723 3437 3781 subsistere.
3461 3724 3618 3779 Post-

2007 3822 2169 3879 quam
2213 3810 2359 3864 enim
2401 3812 2727 3868 narrationis
2764 3824 2926 3884 caput
2966 3815 3194 3885 attigero
3221 3857 3236 3881 ,
3277 3816 3617 3873 confidenter

2006 3902 2264 3974 deinceps
2290 3919 2411 3974 qua:
2435 3914 2754 3975 sequuntur,
2778 3908 3022 3978 quamvis
3046 3907 3240 3963 festum
3269 3909 3613 3979 praeterierit,

2006 4003 2199 4050 cuncta
2242 4009 2586 4065 percurram;
2632 4012 2809 4067 neque
2851 4014 2980 4053 vero
3023 4014 3123 4054 nos
3161 4014 3419 4055 accusare
3462 4000 3617 4070 quis-

2008 4103 2169 4159 quam
2197 4090 2415 4159 poterit,
2442 4089 2586 4160 quod
2616 4090 3051 4161 intempestivam
3084 4092 3450 4148 narrationem
3476 4092 3613 4149 atie-

2008 4196 2193 4237 ramus
2217 4224 2231 4247 ,
2262 4198 2385 4237 cum
2427 4183 2634 4239 ordinis
2676 4183 2842 4255 ipsius
2877 4186 3175 4240 necessitas
3202 4186 3349 4240 omni
3391 4202 3493 4241 nos
3535 4187 3615 4241 in.

2010 4275 2313 4345 [empeSlit‘i
2354 4277 2655 4345 argumenti
2700 4278 3044 4332 accusatione
3072 4277 3265 4333 liberet
3298 4296 3310 4331 :
3343 4294 3505 4349 quam
3546 4280 3617 4334 ob

2007 4379 2226 4420 causam
2266 4381 2296 4419 a
2333 4367 2599 4437 prooemio
2645 4366 2712 4421 ad
2745 4366 2981 4422 medium
3008 4383 3179 4439 usque
3219 4370 3455 4425 decurri.
3499 4369 3616 4427 Non

2008 4457 2153 4512 enim
2186 4457 2304 4511 ﬁeri
2344 4457 2581 4527 potuisse
2602 4498 2618 4524 ,
2660 4457 2705 4513 si
2732 4466 2879 4513 recta
2908 4458 2990 4513 via
3025 4461 3296 4530 progressi
3334 4474 3579 4516 essemus
3600 4504 3617 4527 ,

2009 4556 2069 4603 ut
2096 4548 2163 4604 ad
2193 4547 2418 4603 Paulum
2463 4549 2867 4619 perveniremus
2892 4591 2907 4617 ,
2953 4549 3047 4605 sed
3091 4550 3331 4622 linguam
3372 4560 3616 4608 nostram

2007 4639 2157 4709 prius
2182 4654 2469 4695 evasurum
2496 4639 2669 4696 fuisse
2696 4640 2891 4695 librum
2913 4681 2931 4707 ,
2966 4641 3229 4714 nobisque
3263 4642 3406 4698 fores
3428 4644 3617 4699 occlu-

2007 4745 2191 4787 surum
2211 4772 2227 4799 ,
2258 4746 2322 4787 ex
2365 4731 2533 4801 ipsius
2565 4730 2812 4802 prooemii
2842 4731 3181 4802 expositione
3204 4733 3615 4804 demonstrabo,

2009 4825 2223 4879 tametsi
2248 4826 2360 4895 jam
2396 4824 2527 4879 illud
2558 4838 2617 4879 re
2646 4823 2761 4894 ipsa
2793 4822 3117 4893 patefactum
3144 4832 3248 4881 est.

2077 4917 2134 4972 4.
2166 4915 2301 4972 Nam
2326 4918 2371 4972 si
2403 4916 2530 4972 dum
2562 4915 2731 4971 solam
2761 4915 2915 4971 vobis
2946 4916 3347 4987 inscriptionem
3388 4917 3619 4989 legimus

2008 5017 2063 5065 et
2092 5023 2429 5077 enarramus,
2461 5008 2740 5063 dimidium
2766 5008 3122 5063 solemnitatis
3154 5009 3617 5081 consumpsimus,

2009 5105 2056 5159 si
2083 5105 2150 5160 ab
2176 5104 2400 5160 exordio
2430 5103 2584 5158 initio
2626 5105 2766 5157 facto
2804 5102 2860 5156 in
2889 5103 3061 5172 ipsum
3094 5102 3217 5158 libri
3244 5104 3462 5174 pelagus
3495 5119 3618 5159 ora-

2009 5197 2211 5253 tionem
2248 5196 2535 5252 immittere
2557 5196 2927 5265 cmpissemus,
2948 5205 3225 5265 quantum,
3246 5210 3452 5265 quaeso,
3482 5204 3623 5251 tem-

2008 5290 2155 5361 poris
2186 5288 2635 5359 impendissemus
2658 5328 2674 5355 ,
2708 5295 2765 5343 ut
2798 5287 2865 5342 ad
2898 5287 3013 5343 illas
3056 5286 3124 5342 de
3154 5287 3322 5342 Paulo
3350 5288 3616 5342 narratio-

2010 5396 2107 5437 nes
2134 5379 2579 5452 perveniremus?
2612 5380 2725 5434 lmo
2757 5394 2886 5435 vero
2913 5395 2978 5435 ex
3016 5379 3134 5449 ipso
3167 5378 3431 5448 prommio
3460 5379 3622 5433 vobis

2010 5473 2114 5530 hoc
2140 5475 2314 5545 ipsum
2334 5473 2572 5529 conabor
2596 5471 2902 5528 ostendere.
2936 5469 3170 5524 Primum
3191 5470 3394 5542 quidem
3421 5486 3617 5523 sermo-

2010 5585 2125 5623 nem
2162 5569 2259 5639 feci
2302 5569 2365 5621 de
2391 5566 2659 5631 omnibus,
2702 5580 2733 5619 o
2772 5563 3057 5634 Theophile
3084 5563 3222 5633 (Act.
3264 5564 3315 5617 l.
3356 5563 3433 5635 1).
3476 5561 3617 5629 Quot

2010 5659 2333 5716 existimatis
2376 5658 2464 5711 hic
2493 5671 2615 5713 esse
2653 5655 3023 5727 quaestiones?
3069 5654 3305 5709 Primum
3353 5652 3570 5722 quidem
3598 5694 3619 5718 ,

2011 5768 2173 5825 quam
2210 5752 2281 5807 ob
2308 5766 2524 5807 causam
2563 5750 2797 5821 priorem
2841 5748 3035 5804 librum
3079 5747 3130 5800 in
3171 5746 3490 5801 memoriam
3536 5744 3616 5799 illi

2015 5853 2249 5904 revocet.
2276 5843 2544 5911 Secundo,
2578 5857 2735 5914 quam
2764 5840 2833 5898 ob
2860 5854 3073 5895 causam
3110 5836 3410 5893 Sermonem
3434 5844 3621 5903 vocet,
