4080 6418
550 294 650 349 H9

537 420 593 464 rt
627 427 730 467 non
763 408 1120 490 Evangelium
1154 443 1165 477 :
1198 431 1408 484 tametsi
1441 430 1638 492 Paulus
1668 437 2015 510 Evangelium
2065 444 2131 499 il-

538 500 647 554 lum
680 515 837 560 vocat
859 548 875 574 ,
919 510 1045 563 dum
1077 513 1154 567 sic
1180 516 1253 569 ait
1290 535 1303 571 :
1334 518 1494 591 Cujus
1525 525 1639 582 laus
1664 540 1754 583 :cst
1782 500 1847 585 ni
1878 537 2134 605 evangelio

536 606 626 658 per
652 609 826 651 omnes
856 597 1112 656 Ecclesias
1151 604 1229 674 (2.
1262 607 1380 663 Cor.
1426 610 1479 667 8.
1517 614 1606 687 l8)
1632 657 1649 683 ,
1690 618 1759 675 de
1798 619 1939 677 Luca
1969 597 2133 683 verba

536 678 762 739 faciens.
795 686 974 743 Tertio
1011 707 1114 761 qua
1150 694 1219 751 de
1252 712 1410 755 causa
1440 702 1615 772 dicat,
1646 708 1722 763 De
1757 712 1986 769 omnibus
2020 732 2136 787 qua:

535 772 655 835 fecit
698 772 871 829 Iesus.
925 776 981 832 Si
1021 782 1166 838 enim
1208 784 1447 847 Joannes
1486 793 1685 852 Christi
1731 801 1991 872 dilectus,
2029 772 2133 878 'qui

537 871 677 916 tanta
711 865 903 924 fiducia
924 875 1205 947 gratiaque
1229 882 1371 951 apud
1398 885 1548 941 illum
1574 891 1802 959 valebat,
1834 897 1918 950 cui
1946 865 2129 955 d'attim

534 951 728 1021 fuerat,
762 966 820 1012 ut
846 975 1008 1032 supra
1036 981 1250 1025 sacrum
1282 974 1410 1030 illud
1443 988 1630 1047 pectus
1651 986 2010 1056 recumberet,
2037 994 2129 1061 qui

532 1043 752 1111 spiritus
773 1047 950 1109 fontes
978 1055 1101 1112 inde
1132 1059 1401 1133 hauserat,
1438 1043 1523 1125 hic
1552 1070 1682 1127 illud
1705 1076 1885 1135 dicere
1906 1043 2129 1141 minime

531 1147 696 1190 ausus
719 1148 822 1205 est,
840 1144 934 1197 sed
963 1154 1162 1202 tantam
1185 1156 1487 1212 cautionem
1511 1160 1771 1228 adhibuit,
1800 1176 1858 1222 ut
1882 1169 2084 1229 diceret
2111 1195 2125 1232 :

533 1222 595 1277 Si
623 1228 909 1286 scribantur
934 1251 1024 1305 per
1046 1240 1249 1310 singula
1276 1247 1446 1302 omnia
1472 1292 1487 1316 ,
1533 1269 1647 1323 qua
1684 1222 1805 1327 fecit

530 1330 622 1368 nec
648 1318 814 1387 ipsum
843 1324 1063 1382 arbitror
1089 1334 1333 1388 mundum
1363 1353 1544 1409 capere
1568 1360 1715 1414 posse
1740 1365 1824 1403 eos
1843 1392 1857 1416 ,
1887 1356 1973 1424 qui
1992 1360 2124 1412 scri-

529 1408 676 1462 bendi
718 1423 878 1479 sunt,
923 1417 1078 1475 libros
1120 1421 1299 1495 (Joan.
1333 1408 1433 1485 21.7
1461 1408 1602 1504 25)}
1632 1408 1911 1508 quomodo.
1943 1408 2125 1506 dicere

528 1497 614 1553 hic
641 1513 805 1557 ausus
830 1516 912 1560 est
940 1525 953 1561 :
983 1509 1218 1568 Primum
1240 1520 1443 1586 quidem
1465 1540 1747 1584 sermnem
1762 1535 1859 1603 feci
1875 1536 1938 1589 de
1958 1541 2125 1593 omni-

525 1593 636 1654 bus,
671 1609 700 1645 ο
728 1593 1031 1670 Theophila,
1058 1621 1174 1674 qua:
1198 1612 1319 1680 fecit
1343 1612 1498 1671 Iesus
1524 1618 1675 1688 (Luc.
1703 1593 1874 1698 L'i)?
1897 1644 1965 1684 an
1992 1646 2121 1688 vero

514 2134 825 2207 Scripturis.
874 2146 927 2201 Si
968 2165 1097 2221 ergo
1135 2165 1212 2210 tot
1257 2174 1319 2215 ac
1362 2171 1524 2220 tantm
1570 2134 1696 2226 sunt
1742 2174 1795 2229 in
1846 2182 2111 2247 prooemio

513 2233 870 2303 qua-stiones,
912 2254 1167 2310 quantum
1214 2252 1367 2308 nobis
1400 2262 1655 2327 temporis
1692 2264 2107 2336 impendendum

514 2319 721 2387 fuisset,
753 2328 797 2382 si
828 2335 1006 2389 omnia
1036 2354 1153 2408 quae
1184 2346 1564 2418 sequebantur,
1597 2358 1957 2420 voluissemus
1985 2384 2109 2438 per-

514 2427 726 2438 ,_.__-_-
754 2419 778 2438 .
811 2421 848 2438 ..
977 2428 987 2438 .

511 2419 778 2473 currere?
810 2421 912 2479 Has
938 2428 1006 2482 ob
1036 2444 1245 2499 causas,
1277 2446 1652 2505 praetermissis
1681 2466 1800 2520 qua:
1827 2456 2105 2528 interjecta

508 2514 681 2569 erant,
710 2522 927 2569 coactus
947 2532 1064 2573 sum
1092 2523 1158 2577 ad
1185 2525 1406 2585 Paulum
1432 2536 1633 2592 venire.
1664 2540 1773 2596 Cur
1794 2545 1952 2615 igitur
1985 2566 2108 2619 pro-

1811 2598 1940 2615 U"“'
1985 2598 2076 2619 1⁷⁵ν

509 2598 697 2666 positis
739 2610 1125 2673 quaestionibus
1167 2634 1354 2677 earum
1386 2627 1706 2688 solutionem
1750 2652 1857 2693 non
1904 2642 2104 2713 adjeci-

509 2692 665 2713 m..-o
715 2694 777 2713 ιτ-
894 2700 945 2713 ..-

502 2879 784 2935 sententiis
829 2898 927 2952 per
969 2903 1063 2945 vos
1104 2896 1248 2961 ipsos
1287 2899 1601 2973 atljungere,
1631 2912 1771 2979 quod
1806 2912 1979 2973 facere
2007 2935 2095 2975 so-

503 2962 617 3019 lent
645 2969 927 3029 columbze.
982 2979 1252 3051 Siquidem
1298 2962 1407 3043 illa:
1450 2962 2095 3079 pullo'quu‘i-

1450 3055 1465 3062 -
1683 3055 1696 3070 ι
1812 3055 1920 3059 ’”“““
1975 3055 2061 3079 Ὶ“¹¹“

497 3055 619 3110 dem
653 3060 705 3114 in
735 3064 860 3119 nido
882 3084 1118 3141 manent,
1147 3092 1241 3134 ore
1268 3086 1484 3154 preprio
1510 3092 1748 3146 nutriunt
1774 3113 1787 3150 :
1812 3108 2091 3170 postquam

496 3155 676 3205 autem
704 3153 903 3221 ejicere
934 3162 1052 3217 illos
1093 3183 1124 3221 e
1170 3171 1295 3225 nido
1335 3190 1600 3246 possunt,
1644 3186 1829 3255 eisque
1865 3204 2092 3250 cernunt

491 3240 601 3307 jam
631 3254 785 3301 natas
812 3250 922 3305 alas
949 3294 963 3318 ,
1009 3273 1113 3313 non
1157 3263 1266 3330 jam
1297 3240 1528 3337 amplius
1568 3274 1620 3327 id
1652 3240 1908 3345 praistaut
1933 3325 1945 3347 ,
1990 3288 2087 3343 sed

498 3346 728 3398 granum
766 3342 981 3409 quidem
1026 3364 1119 3404 ore
1147 3365 1359 3422 gestant
1402 3368 1457 3414 et
1496 3342 1766 3423 ostentant
1795 3389 1807 3424 :
1842 3373 1929 3428 ubi
1959 3392 2088 3433 vero

491 3420 618 3487 pulli
651 3440 929 3493 sperantes
959 3440 1174 3507 propius
1213 3450 1573 3520 accesserint,
1602 3454 1878 3515 dimissam
1910 3464 1960 3518 in
1992 3482 2087 3536 pa-

487 3511 782 3573 vimentum
813 3536 989 3580 escam
1012 3542 1211 3588 matres
1233 3552 1329 3607 per
1349 3542 1556 3613 seipsos
1571 3547 1761 3616 jubent
1788 3556 2041 3628 colligere
2067 3581 2082 3617 :

1233 3602 1250 3607 _
1430 3602 1447 3613 .
1571 3602 1591 3616 .
1792 3602 2040 3628 ωηονη
2067 3603 2080 3617 .

486 3602 565 3656 sic
594 3613 648 3659 et
676 3622 774 3663 nos
804 3610 1043 3687 fecimus,
1072 3622 1198 3679 dum
1226 3642 1450 3701 accepto
1476 3636 1529 3690 in
1550 3652 1647 3695 ore
1667 3643 1931 3711 spirituali
1960 3652 2081 3707 cibo

486 3710 580 3750 ros
620 3700 958 3765 invitavimus
990 3722 1257 3787 tamquam
1288 3727 1609 3787 solutionem
1637 3750 1785 3793 more
1815 3755 2078 3802 consueto

481 3794 776 3856 csposituri
806 3814 820 3850 :
847 3811 1126 3874 postquam
1160 3822 1336 3869 autem
1368 3819 1678 3895 advenistis,
1712 3838 1767 3885 et
1792 3847 1887 3888 vos
1912 3851 2071 3893 cxce-

484 3885 668 3943 pturos
694 3893 967 3973 sperastis,
998 3912 1091 3952 vos
1115 3900 1449 3977 dimisimus,
1482 3923 1538 3969 ut
1565 3916 1664 3987 ipsi
1692 3937 1791 3991 per
1823 3940 1919 3982 vos
1943 3942 2072 3985 scn-

484 3971 676 4027 tcntias
727 3970 1006 4050 colligatis.
1059 3990 1344 4061 Pmpterea
1392 3970 1654 4072 promniio
1692 3970 1955 4075 derelicto
2004 4025 2071 4079 ad

1167 4059 1177 4061 7
1393 4059 1409 4072 .
1501 4059 1649 4065 ,-____,
1697 4059 1954 4075 ..νινε-νιν
2004 4059 2068 4079 nu

480 4059 699 4118 Paulum
728 4068 1062 4135 festinamus.
1098 4083 1300 4144 Dicturi
1330 4108 1491 4161 porro
1528 4113 1715 4160 sumus
1742 4124 1849 4165 non
1877 4127 1939 4167 ea
1976 4131 2068 4171 so-

480 4147 583 4171 1η---
627 4169 666 4171 μη
696 4157 727 4171 ἰ
850 4162 889 4171 ’⁸
960 4167 973 4171 ‘

1330 4147 1342 4161 ,
1437 4147 1484 4150 ν-
1528 4147 1715 4160 __..._-
1742 4147 1849 4165 ..νη
1877 4147 1939 4167 ω
1976 4147 2067 4171 ου·

478 4147 587 4205 lum
617 4157 811 4225 quibus
848 4162 1104 4225 Ecclesia:
1133 4178 1360 4246 profuit,
1391 4186 1486 4239 sed
1516 4190 1675 4246 etiam
1703 4211 1765 4250 ea
1796 4200 1991 4271 quibus
2019 4209 2067 4261 ei

474 4243 657 4297 nocuit
690 4264 703 4298 :
734 4264 857 4306 nam
886 4265 940 4310 et
968 4256 1082 4317 hac
1119 4280 1149 4319 e
1178 4283 1237 4323 re
1268 4281 1449 4330 nostra
1485 4288 1568 4333 est
1594 4243 2069 4355 oratio.‘Dicemus

473 4344 580 4397 quo
631 4346 788 4458 plafto
829 4345 1049 4403 verbum
1101 4358 1494 4423 praedicationis
1542 4386 1911 4453 oppugnaret,
1959 4404 2066 4458 quo

474 4432 628 4458 nnc-In
720 4430 867 4458 ...ζου-ι
900 4435 1002 4458 1.-"
1061 4457 1068 4458 ,
1144 4446 1156 4457 ι
1206 4447 1227 4458 -

1552 4423 1680 4443 “Ι⁷Ι⁷’”
1723 4423 1872 4438 ’σι-ιν.
1999 4423 2061 4446 υυ

473 4432 628 4486 pacto
654 4423 869 4487 Christo
898 4435 1095 4497 bellum
1142 4446 1384 4519 inferret,
1438 4474 1545 4528 quo
1591 4423 1747 4535 pacto
1787 4423 2061 4546 aposurtos

473 4525 885 4546 ΙὶιοιιοΛηιιΑ-Αι.-..
955 4543 1008 4546 κη
1266 4540 1281 4546 -

472 4525 913 4589 Ιητεείίυθνθῑυτ.
944 4543 1050 4598 quo
1078 4546 1235 4603 pacto
1263 4525 1523 4605 bostiliiin
1551 4525 1647 4610 eos
1674 4525 1855 4620 animo
1878 4580 2057 4642 esset,

472 4620 572 4642 mm
604 4619 756 4642 nnnln
778 4613 1027 4642 ¹Ι;“...1.,ε.Δ
1098 4627 1110 4642 ι
1375 4639 1404 4642 _-

466 4620 572 4722 quo
602 4619 757 4678 pacto
778 4613 1033 4722 E‘c'clesite
1061 4627 1179 4696 plus
1208 4639 1441 4707 negotii,
1471 4658 1631 4715 quam
1664 4658 1846 4712 caeteri
1870 4617 2058 4722 omnes

1061 4691 1075 4696 _
1276 4691 1307 4704 υ
1356 4691 1404 4694 μ-
1428 4691 1441 4707 ,
1511 4691 1631 4703 --.υ
1665 4691 1846 4712 wsb"
1870 4691 2057 4722 usuucs

466 4691 775 4814 incesseret.
820 4704 1198 4775 Verumtamen
1225 4691 1503 4788 nemineni
1523 4739 1719 4805 pudeat
1738 4743 1853 4803 haec
1873 4753 2057 4814 audire

505 4802 531 4814 ,ι
608 4792 726 4814 ..ηιμ
763 4811 773 4814 -
807 4811 861 4814 μί
1008 4804 1020 4814 ·
1106 4808 1120 4814 ·

1422 4784 1495 4788 _-__
1523 4784 1719 4805 r__.,...
1738 4784 1853 4803 ,μιν
1873 4784 2055 4814 auutlU

464 4784 531 4839 de
563 4786 731 4847 Paulo
761 4811 774 4848 :
803 4811 911 4853 non
934 4804 1077 4861 enim
1106 4808 1220 4868 huic
1249 4828 1375 4873 sunt
1399 4822 1515 4891 ejus
1539 4835 1929 4907 accusationes,
1957 4847 2055 4903 sed

464 4878 675 4907 Inll.'..—n
710 4888 833 4907 —A‘9*
866 4905 879 4907 ‘
1090 4900 1099 4907 ‘

1424 4878 1444 4891 '
1501 4878 1507 4880 .
1544 4878 1929 4907 μνν-...κυιιυσν
1959 4878 2049 4903 acu

462 4878 677 4935 laudum
709 4888 886 4955 potius
926 4900 1257 4960 occasiones.
1300 4908 1413 4966 Non
1443 4917 1583 4972 enim
1610 4924 1813 4983 crimen
1841 4944 1922 4988 est
1952 4935 2049 5007 illi,

462 4985 581 5007 nsum
621 4978 764 5007 η-ἶιν·
803 4982 1006 5007 ²-“···“ἰ
1060 5006 1065 5007 ⁷
1115 4993 1138 5007 ⁸
1172 4997 1182 5007 ’
1383 5004 1394 5007 ’
1654 4998 1659 5001 μ

458 4985 581 5027 cum
621 4978 766 5045 prius
802 4982 1079 5055 improbus
1111 4993 1331 5068 fuisset,
1380 5004 1579 5067 bonum
1626 4998 1880 5093 deinceps
1927 4980 2053 5084 eva:

459 5061 627 5093 ιιὲρριι-
662 5070 755 5093 ηιμ·
786 5073 827 5093 -ε
892 5090 902 5093 —
1098 5085 1109 5093 ·
1241 5090 1251 5093 ‘

1317 5061 1327 5068 ν
1498 5061 1579 5067 πη
1628 5061 1816 5077 --.πη
1853 5061 1880 5080 ε,
1927 5061 2049 5084 ω...

458 5061 628 5132 Sis“;
662 5070 757 5125 sed
783 5073 850 5139 δί’
878 5090 1002 5133 Cum
1031 5085 1177 5151 Prius
1204 5090 1402 5150 virtute
1427 5102 1681 5167 prceditus
1707 5061 1918 5183 fuisget,
1953 5134 2049 5189 po-

458 5164 569 5189 clnn
619 5172 851 5189 Μηιιιι-.-
896 5171 958 5189 Α]
1012 5174 1023 5185 ο
1188 5182 1235 5189 -.

456 5164 572 5211 stea
618 5172 854 5221 mutatus
892 5171 959 5226 ad
1010 5174 1404 5246 improbitatem
1427 5164 1785 5270 descivisset;
1832 5164 2048 5281 θείηὲειρ

457 5249 599 5281 οηίηη
631 5268 715 5281 ...η
750 5270 814 5281 ..-
849 5260 945 5281 ne-
999 5265 1011 5277 ι
1071 5268 1103 5281 ε.
1362 5279 1405 5281 __

440 5249 599 5303 enim
630 5268 717 5308 res
747 5270 817 5311 ex
849 5260 953 5319 (ine
990 5265 1317 5335 judicantur.
1360 5279 1492 5337 Nam
1531 5297 1584 5341 et
1617 5249 2041 5374 gube;nawrey;’

460 5340 578 5374 “nni
614 5344 886 5374 :.......___-
950 5358 961 5368 -
1009 5368 1021 5374 -
1181 5366 1193 5374 .
1339 5370 1353 5374 -

1574 5340 1581 5341 ,
1617 5340 2001 5361 o__-.........w

457 5340 584 5396 licet
614 5344 891 5409 innumera
918 5358 1027 5413 sint
1053 5366 1193 5431 passi
1221 5370 1495 5445 naufragia
1516 5422 1531 5446 ,
1564 5395 1686 5438 cum
1727 5389 1793 5443 ad
1825 5346 2039 5462 portuni

452 5447 641 5489 navem
668 5444 942 5510 appulsuri
973 5462 1097 5509 sunt
1116 5498 1131 5523 ,
1175 5460 1217 5511 si
1251 5444 1501 5523 refertam
1530 5476 1802 5535 mercibus
1825 5444 2039 5544 (onera-

455 5525 588 5580 riam
616 5528 975 5608 deduxerint,
1008 5560 1342 5621 nequaquam
1368 5557 1487 5615 illos
1514 5564 1652 5622 male
1676 5567 1886 5631 functos

454 5632 675 5680 munere
701 5641 799 5684 suo
824 5630 1071 5705 dicimus,
1102 5658 1221 5700 cum
1252 5651 1325 5703 rei
1353 5652 1527 5711 exitus
1552 5661 1727 5717 omnia
1754 5680 1873 5736 quas
1897 5686 2035 5740 pra:-

449 5722 722 5772 cesserant
744 5727 1031 5787 occultatit
1062 5749 1074 5786 :
1106 5743 1156 5789 et
1188 5752 1371 5797 rursus
1395 5744 1643 5818 athletas,
1675 5722 1797 5812 licet
1827 5722 2023 5819 ωιῖιιο.

1260 314 1316 383 S.
1358 314 1641 377 JOANNIS
1680 322 2155 387 CHRYSOSTOMI
2192 333 2511 396 ARCIIIEP.
2553 342 3084 410 CONSTANTINOP.

3733 357 3841 418 ηο

2250 448 2350 505 ties
2379 451 2576 511 fuerint
2598 468 2723 516 ante
2744 465 3005 533 superati,
3033 466 3194 522 modo
3222 467 3275 524 in
3300 484 3364 527 ea
3396 488 3570 546 pugna
3602 492 3843 549 Vincunt,

2246 536 2299 592 in
2331 556 2434 612 qua
2463 544 2531 601 de
2554 562 2749 604 corona
2781 554 2987 623 agitur,
3019 572 3353 631 nequaquam
3383 536 3605 635 propter
3632 584 3695 623 ea
3721 536 3844 641 qum

2222 644 2632 700 praecesserunt
2649 682 2663 706 ,
2695 642 2929 699 victoriae
2950 649 3229 715 praeconiis
3249 650 3648 712 defraudamus.
3672 658 3763 715 Sic
3788 670 3843 717 et

2240 737 2365 794 erga
2390 726 2609 784 Paulum
2634 748 2734 788 nos
2758 750 3025 805 geramus.
3049 740 3181 797 Nam
3204 752 3259 799 et
3281 745 3395 815 ipse
3416 747 3691 821 naufragia
3717 766 3841 821 pas-

2241 828 2332 870 sus
2356 826 2440 872 est
2484 818 2761 878 innumera
2795 842 2809 881 :
2852 830 2949 883 sed
2990 846 3110 885 cum
3152 833 3220 889 ad
3260 844 3472 904 portum
3513 818 3838 909 app'ulsurus

2241 920 2429 961 navem
2469 908 2608 977 fuit,
2650 913 2901 972 refertam
2939 922 3205 979 mercibus
3247 928 3549 983 onerariam
3587 929 3833 987 deduxit.

2239 997 2307 1053 Et
2347 1002 2793 1070 quemadmodum
2838 1008 2991 1066 Judte
3034 1014 3166 1067 nihil
3219 1016 3458 1085 profuit,
3508 1020 3832 1095 discipulum

2239 1091 2386 1157 prius
2411 1090 2578 1150 fuisse
2602 1137 2615 1161 ,
2648 1113 2768 1153 cum
2796 1100 2988 1157 deinde
3016 1103 3187 1160 factus
3210 1108 3281 1161 sit
3310 1109 3554 1178 proditor
3583 1131 3599 1169 :
3635 1090 3707 1169 ita
3732 1130 3833 1173 nec

2236 1180 2322 1235 isti
2363 1184 2654 1255 quidquam
2707 1192 2888 1247 nocuit
2928 1202 3083 1250 antea
3134 1210 3577 1268 persequutorem
3618 1203 3830 1273 fuisse,

2232 1287 2351 1327 cum
2379 1278 2701 1347 evangelista
2741 1281 2991 1354 deinceps
3036 1290 3283 1343 evaserit.
3329 1290 3455 1347 Hinc
3491 1293 3648 1350 Pauli
3694 1308 3826 1353 sunt

2232 1368 2518 1433 pmconia,
2543 1385 2649 1426 non
2681 1373 2825 1443 quod
2857 1375 3151 1433 Ecclesiam
3182 1381 3527 1453 subverterit,
3554 1386 3651 1441 sed
3681 1390 3826 1459 quod

2230 1454 2399 1525 ipsam
2440 1475 2626 1517 rursus
2655 1463 2934 1521 aedificat-it
2964 1484 2979 1523 :
3013 1483 3120 1523 non
3155 1471 3300 1541 quod
3328 1472 3551 1529 verbum
3596 1454 3824 1551 Dei-op-

2230 1551 2477 1617 pugnarit
2495 1591 2509 1614 ,
2550 1551 2646 1607 sed
2675 1554 2818 1624 quod
2841 1598 2855 1619 ,
2884 1566 3165 1628 postquam
3197 1561 3417 1618 verbum
3448 1579 3824 1638 oppugnarat,

2228 1638 2361 1708 ipse‘
2382 1642 2511 1697 illud
2542 1660 2725 1701 rursus
2764 1649 3173 1718 amplificaverit
3201 1672 3215 1709 :
3254 1672 3360 1711 non
3392 1658 3534 1726 quod
3562 1662 3824 1727 apostolis

2229 1727 2427 1785 bellum
2460 1734 2731 1802 intulerit,
2781 1754 2886 1793 non
2930 1742 3072 1811 quod
3108 1758 3328 1815 gregem
3373 1746 3685 1819 dissiparit,
3726 1752 3821 1808 sed

2225 1822 2389 1890 quod,
2421 1823 2505 1877 ubi
2537 1824 2883 1897 dissipasset,
2918 1832 3068 1886 illum
3095 1835 3209 1904 ipse
3232 1836 3427 1893 deinde
3451 1843 3818 1911 congregarit.

2294 1913 2347 1968 5.
2376 1911 2528 1969 Pauli
2555 1921 2808 1974 conversio
2838 1938 3076 1992 magnum
3111 1927 3429 1983 miraculum.
3464 1929 3706 1985 Liberum
3734 1949 3819 1987 ar-

2221 2003 2443 2060 bitrium.
2468 2038 2541 2048 -—
2568 2011 2705 2076 Quid
2733 2012 2833 2069 hoc
2863 2014 3227 2073 admirabilius
3253 2019 3367 2074 ﬁeri
3399 2022 3604 2090 possit?
3634 2021 3819 2093 Lupus

2219 2108 2401 2165 pastor
2434 2108 2518 2154 est
2556 2100 2725 2157 factus
2754 2122 2768 2158 :
2797 2107 2886 2175 qui
2914 2107 3226 2177 sanguinem
3255 2112 3433 2166 ovium
3462 2111 3812 2185 absorbebat,

2216 2189 2527 2259 sanguinem
2558 2207 2714 2248 suum
2740 2211 2839 2265 pro
2859 2198 3029 2254 salute
3049 2201 3227 2254 ovium
3251 2202 3473 2259 fundere
3500 2220 3606 2261 non
3634 2222 3817 2263 cessa-

2216 2278 2311 2333 vit.
2336 2279 2427 2347 Vis
2456 2291 2512 2336 tu
2542 2284 2836 2357 intelligere
2862 2305 2969 2360 quo
2993 2301 3147 2360 pacto
3168 2296 3479 2365 sanguinem
3511 2298 3695 2353 ovium
3720 2301 3817 2357 ab-

2213 2372 2497 2429 sorberet?
2533 2392 2638 2447 quo
2666 2390 2821 2448 pacto
2852 2384 3163 2453 sanguinem
3192 2386 3309 2456 ejus
3339 2388 3511 2459 lingua
3540 2390 3815 2448 stillaret?

2214 2464 2403 2520 Saulus
2423 2477 2592 2522 autem
2618 2472 2787 2526 adhuc
2810 2475 3010 2542 spirans
3037 2477 3199 2530 minas
3221 2489 3267 2531 et
3288 2479 3475 2534 credent
3496 2481 3549 2535 in
3576 2483 3815 2553 discipu-

2217 2559 2291 2611 los
2318 2557 2526 2614 Domini
2551 2560 2684 2633 (Act.
2708 2563 2761 2617 9.
2796 2564 2871 2636 1).
2904 2566 3152 2622 Attamen
3180 2568 3280 2624 iste
3304 2571 3393 2640 qui
3422 2571 3595 2627 minas
3618 2584 3676 2628 et
3703 2589 3815 2631 ca:-

2209 2648 2330 2703 dem
2353 2650 2609 2719 spirabat,
2635 2664 2688 2709 et
2713 2666 3017 2711 sanctorum
3045 2660 3356 2729 sanguinem
3385 2661 3661 2729 fundebat,
3681 2668 3811 2723 audi

2206 2754 2313 2808 quo
2353 2750 2507 2809 pacto
2534 2746 2842 2814 sanguinem
2873 2761 3027 2801 suum
3059 2763 3154 2818 pro
3185 2751 3386 2807 sanctis
3430 2752 3697 2811 funderet.
3744 2758 3811 2813 Si

2204 2834 2480 2888 secundum
2522 2836 2803 2904 hominem,
2835 2840 3026 2910 inquit,
3058 2844 3126 2896 ad
3149 2843 3330 2899 bestias
3356 2851 3578 2919 pugnavi
3610 2851 3809 2921 Ephesi

2204 2922 2277 2990 (ι.
2310 2921 2428 2978 Cor.
2446 2928 2532 2982 15.
2556 2926 2645 2991 32)
2668 2946 2680 2980 :
2700 2938 2752 2983 et
2770 2945 2977 2997 rursus,
3005 2932 3245 2999 Quotidie
3272 2938 3462 2991 morior
3484 2938 3588 3010 (Ib.
3610 2943 3804 3013 v.51):

2201 3024 2254 3068 et
2285 3031 2492 3084 rursus,
2516 3016 2784 3073 .Estimati
2812 3038 2983 3075 sumus
3014 3026 3142 3078 sicut
3178 3043 3293 3081 ores
3319 3029 3584 3085 occisionis
3614 3032 3799 3103 (Rom.

2193 3105 2244 3158 8.
2266 3103 2379 3171 56).
2403 3106 2580 3174 Atque
2597 3108 2698 3163 hoc
2724 3110 2935 3165 dicebat
2967 3114 3011 3167 is
3036 3115 3125 3184 qui
3151 3116 3357 3184 aderat,
3390 3134 3509 3175 cum
3537 3121 3802 3194 Stephani

2199 3198 2415 3266 sanguis
2442 3198 2770 3268 funderetur,
2803 3214 2855 3258 et
2882 3214 2997 3260 erat
3019 3211 3361 3267 consentiens
3392 3214 3507 3269 neci
3534 3217 3674 3285 ejus.
3705 3218 3800 3273 Vi-

2197 3286 2291 3343 des
2322 3298 2376 3342 ut
2404 3292 2558 3359 lupus
2588 3302 2767 3361 pastor
2793 3297 3062 3352 evaserit?
3091 3299 3356 3371 Numquid
3385 3319 3491 3358 non
3516 3308 3796 3365 erubesci-

2196 3380 2303 3448 tis,
2348 3396 2469 3437 cum
2513 3386 2824 3442 audiveritis
2866 3398 3021 3443 antea
3066 3402 3503 3461 persequutorcm
3529 3396 3706 3468 illum,
3734 3412 3795 3457 et

2193 3472 2569 3541 blasphemum
2618 3486 2671 3531 et
2718 3480 3164 3537 contumeliosum
3209 3482 3409 3541 fuisse?
3461 3487 3684 3545 Vidistis
3732 3501 3795 3549 ut

2194 3563 2341 3630 prior
2366 3567 2634 3621 accusatio
2654 3566 2837 3623 laudes
2853 3572 2968 3638 ejus
2986 3586 3117 3625 nova
3141 3576 3448 3632 accessione
3465 3580 3792 3638 cumulari"

2190 3652 2379 3709 Nonne
2425 3656 2476 3708 in
2519 3656 2683 3725 priori
2704 3659 2854 3714 vobis
2886 3661 3110 3717 collecta
3141 3661 3386 3720 dicebam
3411 3681 3475 3722 ea
3505 3669 3783 3737 miracula,

2186 3758 2306 3813 qua:
2334 3759 2548 3802 crucem
2575 3758 2799 3817 sequuta
2818 3760 2967 3819 sunt,
2991 3752 3055 3807 iis
3077 3755 3277 3824 majora
3304 3771 3424 3826 quae
3453 3758 3617 3828 ipsam
3644 3777 3786 3831 pra-

2185 3847 2465 3892 ccsscrant
2492 3840 2794 3893 exstitisse?
2818 3855 2995 3897 nonne
3024 3842 3075 3896 id
3103 3846 3311 3901 ostendi
3339 3846 3490 3903 vobis
3513 3858 3567 3905 et
3589 3865 3655 3906 ex
3672 3853 3783 3909 mi-

2183 3931 2379 3985 raculis
2408 3940 2460 3986 et
2485 3947 2551 3987 ex
2569 3931 2949 4002 discipulorum
2976 3936 3379 4009 benevolentia;
3412 3955 3466 3999 et
3493 3961 3598 4015 quo
3617 3958 3779 4017 pacto

2181 4030 2338 4077 antea
2369 4023 2581 4093 quidem
2608 4024 2853 4082 Christus
2883 4026 3152 4098 imperans
3178 4040 3419 4090 mortuos
3444 4038 3736 4095 suscitabat
3756 4083 3773 4105 ,

2179 4123 2360 4183 postea
2391 4130 2517 4170 vero
2545 4130 2821 4171 servorum
2846 4118 2963 4188 ejus
2986 4120 3172 4175 umbra
3198 4122 3426 4194 idipsum
3446 4128 3773 4197 prastabat!

2175 4220 2283 4275 quo
2314 4216 2469 4276 pacto
2498 4214 2609 4261 tum
2633 4207 2847 4279 quidem
2879 4210 2969 4265 ille
2995 4227 3095 4267 suo
3116 4212 3273 4281 jussu
3303 4215 3559 4273 miracula
3587 4230 3771 4290 patra-

2172 4296 2265 4351 bat
2292 4314 2306 4350 :
2336 4305 2522 4367 postea
2551 4314 2681 4355 vero
2709 4301 2845 4355 servi
2876 4302 2991 4371 ejus
3016 4318 3209 4360 nomen
3249 4306 3418 4376 ipsius
3450 4322 3768 4382 usurpantes

2170 4387 2373 4459 majora
2402 4388 2705 4446 faciebant?
2751 4408 2931 4449 nonne
2972 4394 3039 4451 de
3082 4395 3326 4452 hostibus
3365 4398 3630 4469 dicebam,
3659 4418 3767 4474 quo

2169 4479 2324 4552 pacto
2360 4483 2742 4538 conscientiam
2772 4484 2985 4563 illorum
3016 4488 3490 4582 perterrefaceret?
3530 4506 3638 4563 quo
3664 4510 3763 4565 pa-

2165 4582 2252 4628 cto
2279 4574 2533 4641 universo,
2555 4582 2815 4632 terrarum
2845 4578 2961 4634 orbi
2991 4579 3278 4649 imperaret
3293 4574 3439 4653 Tque
3456 4596 3617 4655 pacto
3641 4602 3761 4644 ma-

2159 4662 2278 4733 jora
2307 4662 2504 4721 fuerint
2530 4673 2648 4735 post
2671 4680 2883 4722 crucem
2912 4670 3184 4738 miracula,
3208 4663 3368 4742 quam
3393 4690 3514 4746 quae
3540 4690 3758 4736 crucem

2162 4758 2587 4824 praecesserant?
2615 4756 2760 4813 Illius
2784 4774 3035 4830 germana
3062 4777 3183 4833 qua:
3206 4779 3266 4820 se
3289 4780 3432 4821 nunc
3456 4767 3651 4839 ingerit
3675 4781 3759 4827 est

2158 4847 2349 4902 oratio.
2378 4848 2529 4916 Quod
2558 4851 2700 4905 enim
2730 4851 2903 4920 majus
2922 4853 3025 4910 hoc
3044 4856 3189 4911 cerni
3214 4858 3386 4927 possit
3410 4860 3754 4932 miraculum,

2157 4937 2299 5008 quod
2328 4939 2379 4993 in
2411 4940 2576 4996 Paulo
2601 4942 2861 5014 contigit?
2893 4943 3025 5000 Nam
3058 4947 3323 5004 viventem
3352 4950 3569 5021 quidem
3602 4952 3754 5011 illum

2155 5027 2345 5083 Petrus
2391 5032 2619 5101 negavit,
2661 5041 2717 5087 at
2764 5043 3030 5090 mortuum
3082 5035 3281 5093 Paulus
3318 5038 3600 5103 confessus
3647 5054 3749 5101 est.

2153 5117 2323 5175 Porro
2344 5130 2577 5177 mentem
2606 5122 2756 5178 Pauli
2784 5125 3067 5194 pellesisse
3094 5136 3254 5199 atque
3277 5144 3615 5203 expugnasse
3638 5151 3754 5193 ma-

2146 5208 2237 5279 jus
2258 5209 2464 5281 signum
2497 5213 2611 5278 fuit,
2643 5229 2802 5284 quam
2831 5215 3140 5279 umbrarum
3164 5234 3330 5290 opera
3353 5233 3596 5281 mortuos
3624 5242 3744 5282 sus-

2148 5304 2365 5361 citassc.
2410 5304 2544 5361 Nam
2586 5308 2693 5364 illic
2730 5309 2945 5380 quidem
2980 5312 3304 5383 sequebatur
3326 5324 3538 5385 natura,
3569 5334 3746 5389 neque

2147 5393 2431 5463 imperanti
2458 5398 2859 5456 contradicebat
2886 5419 2901 5455 :
2932 5401 3017 5457 hic
3046 5418 3177 5459 vero
3203 5403 3254 5458 in
3290 5414 3553 5474 potestate
3589 5407 3741 5465 liberi

2143 5486 2358 5548 arbitrii
2376 5489 2534 5543 situm
2560 5501 2677 5547 erat
2699 5535 2714 5557 ,
2746 5502 2803 5548 ut
2832 5486 3244 5563 persuaderetur
3269 5498 3353 5553 vel
3378 5514 3485 5554 non
3514 5514 3739 5571 persua-

2143 5577 2394 5645 deretur;
2423 5582 2564 5639 unde
2590 5598 2780 5655 magna
2807 5586 2973 5640 virtus
2996 5586 3113 5658 ejus
3135 5588 3221 5658 qui
3244 5590 3528 5659 persuasit,
3553 5600 3736 5648 osten-

2141 5668 2303 5727 ditur.
2337 5670 2504 5727 Multo
2532 5674 2672 5729 enim
2706 5674 2880 5745 majus
2908 5676 3005 5732 fuit
3028 5678 3352 5734 voluntatem
3381 5683 3733 5751 convertisse,

2140 5776 2297 5833 quam
2331 5772 2572 5822 naturam
2594 5766 2891 5827 correxisse
2916 5785 2928 5823 :
2952 5769 3123 5842 majus
3145 5770 3303 5843 igitur
3326 5772 3540 5831 ceteris
3564 5775 3731 5833 omni-
