4080 6404
295 326 402 383 Ηθ

291 438 416 512 οὐχὶ
440 437 797 506 Εὐαγγέλιον·
837 438 1015 492 καίτοι
1053 455 1120 507 γε
1148 436 1365 503 Παῦλος
1391 436 1727 507 Εὑαγγέλιον
1761 432 1895 488 αὐτὸ

294 532 475 597 καλεῖ,
488 530 691 586 οὑτωσὶ
716 529 912 599 λέγων,
930 525 1013 586 Οὗ
1036 533 1070 586 ό
1090 531 1342 597 ἔπαινος
1356 531 1426 585 ἐν
1443 512 1896 600 τῷίέὐαγτελίφ

293 620 393 691 διὰ
410 618 629 675 πασῶν
668 618 789 673 τῶν
843 620 1238 687 Ἐκκλησιῶν,
1282 620 1414 691 περὶ
1459 619 1554 673 τοῦ
1590 619 1779 674 Λουκᾶ
1808 616 1897 670 λέ-

293 694 431 782 γων.
460 709 680 783 Τρίτον,
728 708 876 772 τίνος
918 706 1107 763 ἕνεκέν
1142 724 1300 778 φησι,
1350 706 1495 776 Περὶ
1540 696 1897 760 πάντων-ὧν

292 802 588 872 ἐποίησεν
615 801 927 871 όἸησοῦς.
974 801 1039 861 Εἰ
1070 798 1181 871 769
1223 799 1498 871 Ἰωάννης,
1536 801 1567 853 6
1611 795 1896 869 ἀγαπητὸς

290 894 388 950 τοῦ
423 892 685 965 Χριστοῦ,
736 894 775 949 6
803 891 1078 963 τοσαύτης
1126 892 1447 956 ἀπολαύσας
1496 892 1835 964 παρρησίας,
1866 892 1896 943 6

290 987 386 1041 ἐπὶ
422 986 485 1041 :6
520 986 717 1058 στῆθος
748 986 926 1040 έκεῖνο
952 983 1015 1037 :6
1044 982 1199 1053 ἀγιον
1218 983 1615 1055 κατακλιθῆναι
1630 982 1898 1048 καταξιω-

292 1078 435 1145 θεὶς,
479 1078 509 1131 6
536 1078 637 1143 τάς
670 1076 857 1150 πηγάς
891 1074 1105 1130 έκεῖθεν
1132 1074 1482 1147 ἀρυσάμενος
1512 1074 1605 1128 τοῦ
1634 1073 1893 1144 Πνεύμα-

286 1187 405 1236 τος,
437 1163 593 1235 οὗτος
620 1170 723 1225 οὐκ
761 1168 1035 1241 έτόλμησε
1067 1166 1231 1221 τοῦτο
1256 1168 1455 1233 εἰπεῖν,
1485 1165 1624 1221 ἀλλά
1656 1164 1895 1239 τοσαύτῃ

288 1261 560 1334 κέχρηται
592 1258 883 1331 ἀσφαλείᾳ,
914 1258 993 1321 ὼς
1013 1258 1210 1321 εἰπεῖν,
1239 1255 1322 1308 δτι
1344 1255 1418 1314 ει
1443 1253 1739 1324 ἐγράφετο
1761 1252 1894 1306 καθ’

288 1350 360 1407 ἐν
380 1351 578 1406 πάντα
605 1348 724 1404 ὅσα
750 1348 1044 1415 ἐποίησεν
1072 1348 1105 1401 ό
1138 1342 1417 1413 Χριστὸς,
1452 1344 1578 1397 οὐδ’
1603 1341 1677 1396 ἂν
1703 1338 1896 1396 αὐτὸν

287 1441 451 1516 οἶμαι
486 1440 759 1513 χωρῆσαι
794 1442 901 1497 τὸν
937 1445 1177 1513 κόσμον
1195 1441 1269 1496 τὰ
1290 1442 1639 1511 γραφόμενα
1656 1438 1889 1505 βιϐλιιν

288 1534 409 1600 πῶς
432 1525 589 1598 οὗτος
628 1533 932 1605 έτόλμησεν
983 1534 1181 1599 εἰπεῖν,
1212 1532 1295 1586 δτι
1351 1533 1463 1586 Τὸν
1503 1531 1622 1601 μὲν
1656 1528 1895 1599 πρῶτον

285 1628 476 1697 ,λόγον
504 1623 890 1695 ἐποιησάμην
942 1624 1077 1695 περὶ
1111 1622 1376 1692 πάντων,
1422 1618 1472 1678 ὦ
1504 1623 1777 1693 Θεόφιλε,
1805 1615 1897 1675 ὧν

285 1716 580 1787 ἐποίησεν
616 1720 652 1772 ό
692 1717 974 1786 Ἰησοῦς;
1006 1712 1117 1788 ἄρα
1168 1717 1365 1788 μικρὸν
1414 1716 1547 1787 ἡμῖν
1576 1714 1639 1769 τὸ
1670 1714 1893 1787 ζήτημα

286 1810 446 1865 τοῦτο
474 1805 616 1866 εῖναι
647 1810 827 1877 δοκεῖς
855 1808 1006 1883 [105]
1046 1810 1226 1864 Κάκεῖ
1260 1809 1383 1881 μὲν,
1414 1806 1714 1879 Κράτιστε
1758 1808 1894 1862 Θεό-

286 1907 449 1974 φιλε,
482 1901 599 1975 μετ’
634 1902 913 1974 έγκωμίου
950 1901 1013 1955 :6
1039 1901 1232 1974 ὄνομα·
1262 1900 1384 1954 οὺδὶ
1412 1898 1523 1972 769
1547 1898 1737 1963 άπλῶς
1765 1898 1893 1952 τοῦ-

285 2011 348 2050 το
365 1996 479 2058 τοῖς
504 1993 683 2063 ἁγίοις
699 1992 939 2066 εῖρηται.
958 1993 1073 2048 Καὶ
1087 1993 1228 2064 τάχα
1252 1990 1519 2046 καὶτοῦτο
1548 1989 1659 2051 61:6
1690 1989 1895 2061 μέρους

286 2086 691 2158 έδείξαμεν,ότι
714 2084 839 2139 οὐδὲ
876 2083 1010 2139 ίῶτα
1034 2083 1112 2150 ἓν,
1148 2083 1271 2138 οὐδδ
1294 2083 1425 2155 μίαν
1442 2082 1673 2154 κεραίαν
1704 2080 1892 2146 ἀπλῶς

287 2175 437 2233 ιστιν
467 2173 597 2231 ίδεῖν
624 2176 683 2229 έν
704 2178 825 2239 ταῖς
851 2174 1098 2248 Γραφαῖς
1139 2172 1428 2245 κειμένην.
1459 2170 1523 2225 EI
1542 2172 1724 2225 τοίνυν
1740 2172 1798 2225 έν
1813 2170 1893 2242 τῷ

286 2269 563 2343 προοιμίῳ
590 2266 832 2322 τοσαῦτα
854 2266 1169 2338 ζητήματα,
1192 2266 1362 2320 πόσον
1388 2264 1689 2337 ἐμέλλομεν
1704 2263 1895 2318 ἀναλί-

288 2380 443 2417 σκειν
470 2362 664 2434 χρόνον
711 2361 781 2415 τά
826 2359 957 2431 έξῆς
992 2360 1212 2414 ἅπαντα
1260 2357 1541 2423 έπιόντεςς
1586 2355 1688 2410 Διά
1718 2355 1893 2410 ταῦτα

286 2451 647 2525 ἠναγκάσθην
674 2450 738 2504 :6
785 2452 844 2505 έν
876 2450 1029 2523 μέσῳ
1064 2448 1463 2521 παραδραμὼν,
1505 2449 1643 2521 πρὸς
1678 2448 1893 2502 Παῦλον

287 2550 486 2606 ιλθεῖν.
520 2548 680 2614 Τίνος
704 2542 799 2605 οὖν
832 2548 1022 2603 ἕνεκεν
1064 2546 1135 2601 τὰ
1160 2546 1455 2620 ζητήματα
1489 2545 1759 2609 εἰπόντες,
1790 2545 1893 2617 τήν

287 2638 445 2694 λύσιν
475 2637 659 2693 αὐτῶν
692 2639 797 2692 οὐκ
851 2636 1243 2709 έπηγάγομενς
1288 2635 1595 2703 Ἐθίζοντες
1639 2636 1785 2707 ὑμᾶς
1816 2634 1891 2706 μή

282 2730 375 2786 διὰ
406 2730 610 2794 παντὸς
641 2729 1045 2801 μεμασημένην
1072 2728 1324 2801 δέχεσθαι
1361 2728 1461 2799 τήν
1496 2729 1728 2801 τροῄν,
1755 2726 1892 2781 ἀλλά

285 2829 561 2902 πολλαχοῦ
591 2830 689 2883 καὶ
720 2828 920 2894 αὐτοὺς
953 2828 1184 2899 ἐπάγειν
1205 2829 1306 2899 τὴν
1341 2828 1497 2881 λύσιν
1531 2830 1645 2891 τοῖς
1679 2828 1892 2898 νοήμασ-

286 2938 394 2988 σιν,
423 2922 564 2993 δπερ
616 2920 866 2976 ποιοῦσιν
903 2921 961 2975 αί
998 2920 1341 2993 περιστεραί.
1374 2919 1486 2973 Καὶ
1539 2918 1651 2990 769
1684 2920 1893 2973 tum:

282 3016 413 3080 τοὺς
444 3015 716 3081 νεοττοὺς,
757 3014 865 3078 ῑως
910 3013 1009 3085 μιν
1041 3013 1107 3068 ἂν
1145 3014 1205 3066 έν
1244 3014 1311 3084 τῇ
1341 3012 1504 3084 καλιᾷ
1540 3012 1785 3083 μένουσι,
1814 3010 1893 3082 τῷ

282 3106 475 3177 οίκειῳ
498 3105 766 3181 τρέφουσι
795 3105 1050 3177 στόματι·
1082 3104 1306 3159 έπειδάν
1332 3104 1390 3158 δὲ
1420 3105 1620 3167 αὐτοὺς
1648 3101 1893 3173 δυνηθῶ-

287 3213 374 3251 σιν
392 3197 687 3268 έξαγαγεῖν
720 3196 821 3267 τῆς
838 3197 1081 3262 νοσσιᾰς,
1114 3196 1210 3249 καὶ
1234 3195 1418 3249 ίδωσιν
1442 3195 1628 3259 αὐτοῖς
1648 3194 1893 3263 παγέντα

284 3288 356 3344 τά
392 3287 591 3361 πτερὰ,
621 3286 807 3341 οὐκέτι
825 3285 987 3341 τοῦτο
1001 3286 1191 3341 λοιπὸν
1212 3285 1481 3353 ποιοῦσιν,
1502 3286 1640 3339 ἀλλὰ
1660 3286 1891 3359 φέρουσι

288 3381 390 3451 μιν
412 3380 508 3434 τὸν
548 3379 753 3433 κόκκον
797 3378 894 3432 έπὶ
938 3378 1033 3431 τοῦ
1080 3378 1351 3448 στόματος
1398 3378 1491 3431 καὶ
1527 3378 1889 3432 δεικνύουσιν·

285 3472 510 3527 ἐπειδὰν
537 3471 597 3527 δὲ
625 3472 676 3525 οἱ
704 3470 912 3525 νεοττοὶ
946 3470 1425 3542 προσδοκήσαντες
1464 3469 1695 3542 πλησίον
1722 3469 1894 3524 ἔλθω-

287 3582 395 3629 σιν,
422 3565 481 3617 αι
512 3562 755 3635 μητέρες
792 3563 1017 3631 ἀφεῖσαι
1041 3562 1143 3634 τὴν
1169 3561 1379 3635 τροφὴν
1404 3562 1497 3615 ἐπὶ
1509 3562 1604 3615 τοῦ
1635 3561 1889 3632 ἐδάφους,

285 3656 354 3710 δι’
380 3654 593 3709 έαυτῶν
628 3654 947 3709 κελεύουσιν
988 3654 1374 3723 ἀναλέγεσθαι·
1413 3655 1559 3710 οὕτω
1589 3658 1682 3711 καὶ
1727 3659 1893 3728 ἡμεῖς

288 3749 652 3821 έποιήσαμεν,
684 3746 944 3813 λαϐόντες
990 3745 1091 3819 τὴν
1130 3748 1511 3820 πνευματικήν
1552 3749 1761 3823 τροφὴν
1800 3753 1892 3805 επὶ

286 3839 382 3895 τοῦ
417 3840 711 3912 στόματος,
738 3838 1083 3910 ικαλέσαμεν
1112 3838 1280 3910 ὑμᾶς,
1305 3840 1382 3904 ὡς
1402 3840 1740 3913 δηλώσοντες
1762 3836 1893 3917 ὑμῖν

292 3932 544 4005 συνήθως
578 3932 679 4003 τὴν
707 3930 883 3987 λύσιν·
917 3932 1109 4003 έπειδὴ
1144 3932 1202 3986 δι
1224 3932 1563 4005 προσήλθετε
1587 3935 1683 3989 καὶ
1716 3954 1891 4009 προσ-

290 4024 586 4097 εδοκήσατε
607 4021 891 4090 δέξασθαι,
926 4022 1245 4094 ἀφήκαμεν,
1276 4021 1420 4077 ῶστε
1453 4024 1601 4095 ὑμᾶς
1632 4027 1701 4080 δι’
1736 4028 1893 4099 ὑμῶν

288 4113 475 4173 αὐτῶν
493 4112 859 4180 ἀναδέξασθαι
898 4112 972 4166 τά
997 4113 1271 4185 νοήματα.
1303 4114 1403 4169 Διά
1429 4114 1591 4170 τοῦτο
1616 4116 1678 4171 :6
1706 4118 1894 4190 προοί-

292 4228 417 4283 μιον
439 4210 690 4282 ἀφέντες,
720 4210 861 4283 πρὸς
894 4210 1106 4266 Παῦλον
1132 4212 1488 4285 έπειγόμεθα.
1534 4216 1805 4289 Ἐροῦμεν
1833 4218 1891 4273 δὲ

288 4303 390 4374 οὐχ
432 4303 535 4359 δσα
556 4303 659 4383 τῂν
695 4302 1028 4375 Ἐκκλησίαν
1048 4303 1299 4375 ὠφέλησε
1316 4305 1497 4377 μόνον,
1524 4306 1640 4361 ἀλλ’
1664 4309 1767 4364 ὅσα
1797 4312 1894 4380 καὶ

289 4391 516 4463 εϐλαψε·
578 4392 677 4449 καὶ
717 4394 829 4467 769
885 4395 1185 4465 ἀναγκαῖος
1230 4396 1364 4467 ἡμῖν
1417 4392 1575 4465 οὗτος
1630 4401 1660 4454 6
1710 4400 1889 4473 λόγος.

302 4482 572 4557 ἐροῦμιν
593 4483 712 4550 πῶς
740 4485 1059 4559 ιμαχήσατο
1088 4486 1168 4559 τῷ
1204 4486 1350 4560 λόγῳ
1386 4489 1480 4544 τοῦ
1510 4492 1892 4566 κηρύγματος,

291 4572 413 4638 πῶς
445 4574 761 4648 ἀπολέμησε
810 4575 891 4648 τῷ
935 4576 1180 4649 Χριστῷ,
1229 4576 1349 4642 πῶς
1376 4578 1563 4648 ἐδίωξε
1602 4583 1731 4647 τοὺς
1757 4584 1895 4639 ἀπο-

294 4665 539 4733 στόλους,
572 4666 775 4731 πῶςτά
808 4667 919 4721 τῶν
949 4666 1228 4739 πολεμίων
1256 4669 1498 4742 έφρόνει,
1520 4672 1637 4737 πῶς
1674 4674 1895 4732 πάντων

292 4756 517 4812 πλείονα
544 4760 774 4831 παρεῖχε
801 4761 870 4831 τῇ
914 4759 1213 4834 Ἐκκλησία
1238 4762 1565 4835 πράγματα.
1606 4766 1769 4823 Ἀλλά
1791 4786 1897 4841 μη-

291 4847 406 4913 δεὶς
436 4848 783 4920 αἰσχυνέσθω
812 4850 942 4923 περὶ
974 4844 1189 4905 Παύλου
1222 4851 1399 4908 ταῦτα
1427 4856 1664 4911 ἀκούων·
1694 4860 1755 4912 οὐ
1784 4860 1895 4933 γάρ

294 4940 446 4994 έστιν
476 4940 642 4995 αὑτοῦ
674 4942 1134 5015 κατηγορήματα,
1166 4943 1282 4997 ἀλλ’
1305 4938 1599 5018 ἐγκωμίων
1613 4951 1892 5019 ὑπόθεσις.

295 5030 373 5083 Οὐ
414 5029 525 5104 γάρ
547 5033 855 5104 κατηγορία
883 5033 1036 5106 αὐτῷ
1066 5034 1332 5109 πρότερον
1354 5036 1483 5092 δντα
1499 5041 1721 5108 φαῦλον,
1738 5042 1895 5097 ὕστε-

300 5135 394 5190 ρον
418 5118 675 5189 γενέσθαι
700 5121 961 5193 χρηστὸν,
994 5122 1133 5179 ἀλλά
1165 5125 1231 5179 :6
1259 5127 1525 5200 πρότερον
1560 5130 1691 5185 δντα
1723 5150 1895 5188 σπου-

294 5210 467 5275 δαῖον,
503 5207 736 5284 ὕστερον
788 5212 1226 5284 μεταϐάλλεσθαι
1272 5218 1409 5289 πρὸς
1458 5222 1750 5293 πονηρίαν·
1784 5224 1895 5279 ἀπὸ

297 5301 408 5373 γάρ
428 5302 522 5357 τοῦ
544 5303 734 5369 τέλους
767 5304 857 5359 ἀεὶ
882 5305 953 5361 τά
992 5307 1300 5380 πράγματα
1328 5312 1597 5385 κρίνεται.
1629 5315 1741 5369 Καὶ
1785 5318 1894 5388 769

296 5392 426 5458 τοὺς
465 5392 833 5467 κυϐερνήτας,
878 5396 983 5452 κᾶν
1011 5400 1185 5473 μυρία
1234 5401 1470 5473 ναυάγια
1504 5404 1891 5477 ὑπομείνωσιν,

295 5485 428 5539 ὅταν
462 5484 731 5556 μέλλωσιν
764 5490 845 5551 είς
866 5489 961 5543 τὸν
993 5489 1189 5564 λιμένα
1221 5494 1529 5568 καταίρειν,
1562 5496 1629 5551 ἂν
1656 5499 1896 5570 φορτίων

299 5576 745 5650 πεπληρωμένην
781 5581 982 5637 ὁλκάδα
1029 5585 1443 5655 καταγάγωσιν,
1474 5588 1535 5643 οὐ
1574 5592 1750 5661 φαμὲν
1794 5610 1893 5645 πε-

300 5665 544 5737 πρᾶχθαι
567 5667 775 5735 κακῶς,
810 5670 905 5723 τοῦ
949 5671 1138 5736 τέλους
1168 5672 1239 5726 τά
1279 5674 1622 5746 παρελθόντα
1651 5676 1896 5750 ἀποκρύ-

295 5755 518 5824 ψαντος·
550 5760 646 5813 καὶ
678 5760 803 5826 τοὺς
825 5761 1066 5834 ἀθλητὰς
1097 5764 1280 5834 πάλιν,
1316 5765 1418 5820 κᾶν
1436 5768 1610 5841 μυρία
1628 5770 1894 5844 πρότερον

736 323 1109 390 ‘INJLLUD,
1155 316 1437 381 SAULUS
1477 322 1715 379 ADIIUC
1758 320 1893 378 SPll'

2003 321 2077 376 is.
2113 320 2201 376 DE
2244 322 2661 381 MUTATIONE
2700 320 3054 380 NOMINUM.
3096 321 3134 375 1.

3502 323 3605 385 1%

2005 431 2304 503 ἡττηθῶσι,
2332 430 2433 504 τὴν
2460 432 2517 486 δὲ
2566 430 2821 504 περὶτοῦ
2853 431 3123 501 στεφάνου
3164 430 3343 503 πάλην
3392 436 3603 505 κρατή-

2008 539 2195 585 σωσιν,
2231 523 2332 577 οὐκ
2361 522 2780 596 ἀποστεροῦμεν
2807 522 2918 577 τῶν
2948 524 3245 595 έγκωμίων
3265 523 3376 578 τῶν
3412 525 3507 583 ἐπὶ
3534 530 3606 598 τῇ

2005 617 2133 689 νίκῃ
2158 617 2247 672 διὰ
2275 620 2345 673 τὰ
2375 618 2642 691 πρότερα.
2678 617 2836 672 Οὕτω
2862 618 2957 671 καὶ
2987 618 3081 671 έπὶ
3113 618 3331 672 Παύλου
3364 619 3606 690 ποιήσω·

2007 728 2128 782 μεν.
2158 710 2270 765 Καὶ
2288 710 2399 782 γὰρ
2428 710 2523 763 καὶ
2553 705 2708 775 οὗτος
2758 712 2855 764 καὶ
2895 708 3068 783 μυρία
3103 710 3341 779 ναυάγια
3378 711 3608 782 ὑπέμειο

2002 818 2115 864 νεν,
2144 802 2262 855 ἀλλ’
2288 803 2379 855 ὅτε
2402 804 2483 867 είς
2519 802 2611 856 τὸν
2626 801 2825 873 λιμένα
2837 802 3121 873 καταίρειν
3142 800 3358 871 ῖμελλε,
3394 802 3575 873 πεπλη
3591 832 3606 844 ο

2005 892 2261 965 ρωμένην
2288 895 2532 966 ἐπήγαγε
2549 893 2659 948 τῶν
2675 893 2911 967 φορτίων
2936 894 3037 965 τὴν
3050 892 3271 950 ὁλκάδα.
3288 894 3399 948 Καὶ
3415 892 3610 965 ῶσπερ

2002 997 2031 1048 6
2076 994 2280 1058 Ἰούδας
2319 994 2474 1049 οὐδὲν
2510 994 2765 1067 ὠφέλησε
2816 993 2924 1066 1:96
2973 994 3167 1049 τούτου
3212 992 3464 1067 μαθητὴς
3505 994 3605 1059 ῶν,

2003 1090 2124 1149 εἶτα
2165 1096 2435 1169 προδότης
2459 1098 2772 1168 γενόμενος·
2801 1096 3055 1151 οὕτωκαὶ
3076 1086 3233 1161 οὗτος
3270 1096 3425 1150 οὐδὲν
3464 1113 3608 1168 παρ⁴

2003 1196 2209 1268 εϐλάϐη
2252 1198 2359 1269 πρὸ
2381 1196 2569 1252 τούτου
2602 1197 2840 1270 διώκτης
2872 1196 2967 1261 ῶν,
2990 1196 3131 1268 μετά
3166 1196 3224 1251 δὲ
3251 1196 3425 1251 ταῦτα
3447 1197 3607 1267 γενό-

2006 1299 2167 1369 μενος
2192 1298 2610 1378 εὐαγγελιστής.
2657 1297 2942 1370 Ἐγκώμια
2966 1297 3184 1353 Παύλου
3228 1297 3404 1353 ταῦτά
3432 1298 3605 1362 ἐστιν,

2001 1399 2101 1453 οὐκ
2142 1398 2333 1470 έπειδή
2368 1400 2685 1471 κατέσκαψε
2721 1400 2824 1473 τήν
2885 1398 3238 1471 Ἐκκλησίαν,
3282 1398 3400 1455 ἀλλ’
3442 1399 3607 1465 αὐτὸς

2002 1498 2177 1571 αὐτὴν
2222 1500 2389 1555 πάλιν
2418 1501 2792 1574 ᾠκοδόμησεν·
2823 1502 2926 1557 οὐκ
2967 1502 3157 1573 έπειδὴ
3192 1501 3469 1574 έπόρθησε
3511 1502 3609 1557 τὸν

2003 1600 2154 1674 [104]
2181 1601 2363 1670 λόγον,
2391 1601 2509 1657 ἀλλ’
2540 1601 2730 1675 έπειδή
2761 1602 3049 1675 πορθήσας
3095 1601 3188 1657 τὸν
3215 1601 3396 1671 λόγον,
3442 1602 3609 1665 αὐτὸς

2002 1703 2165 1757 αὐτὸν
2211 1704 2377 1758 πάλιν
2423 1703 2686 1774 ηὔξησεν·
2722 1704 2824 1759 οὐκ
2856 1704 3047 1777 έπειδή
3110 1702 3423 1775 έπολέμησε
3474 1704 3606 1767 τοὺς

2002 1803 2359 1871 ἀποστόλους,
2391 1805 2493 1858 οὐκ
2526 1804 2718 1878 ἐπειδή
2750 1803 3085 1879 διεσπάραξε
3111 1806 3213 1877 τήν
3237 1806 3463 1880 ἀγέλην,
3486 1805 3605 1861 ἀλλ’

2002 1904 2194 1978 έπειδὴ
2223 1904 2627 1978 διασπαράξας,
2669 1905 2899 1978 ὕστερον
2940 1907 3103 1980 αύτδς
3138 1908 3313 1983 αὐτὴν
3350 1908 3611 1982 συνεκρό-

2001 2023 2158 2078 τησε.

2076 2108 2139 2157 ε’.
2176 2103 2241 2156 Τί
2271 2102 2463 2158 τούτου
2510 2105 2945 2177 παραδοξότερον
2978 2106 3177 2175 γένοιτ’
3208 2106 3308 2170 6v;
3351 2107 3410 2162 ‘0
3440 2105 3609 2167 λύκος

2002 2193 2221 2262 ἐγένετο
2249 2195 2490 2267 ποιμήν·
2538 2197 2568 2248 ό
2598 2194 2661 2249 τὸ
2692 2190 2831 2265 αἷμα
2864 2195 2974 2249 τῶν
3008 2195 3300 2268 προϐάτων
3333 2195 3607 2257 ἐκπίνων,

1999 2284 2062 2338 οὑ
2090 2284 2298 2338 διέλιπε
2319 2284 2382 2338 :6
2408 2270 2548 2357 αἷμα
2571 2284 2767 2347 έαυτοῦ
2794 2286 3005 2358 έκχέων
3035 2287 3181 2359 ὑπὲρ
3212 2288 3312 2359 τῆς
3332 2285 3442 2340 τῶν
3473 2303 3609 2356 προ-

2003 2376 2184 2430 ϐάτων
2231 2376 2527 2448 σωτηρίας.
2583 2377 2773 2432 Βούλει
2822 2379 3017 2449 μαθεῖν
3051 2378 3170 2443 πῶς
3218 2378 3279 2433 :6
3327 2372 3468 2449 αἷμα
3498 2378 3608 2430 τῶν

2002 2466 2298 2533 προϐάτων
2354 2467 2611 2535 έξέπινε;
2676 2467 2797 2532 πῶς
2855 2467 3157 2540 ᾐμαγμένη
3216 2463 3285 2539 ἦν
3342 2466 3508 2522 αὑτοῦ
3572 2468 3608 2538 ή

2000 2558 2260 2627 γλῶσσα;
2289 2556 2533 2625 Σαῦλος
2560 2557 2630 2613 δὲ
2654 2558 2743 2613 ἔτι
2770 2558 3049 2629 ἐμπνέων
3084 2558 3345 2626 ἀπειλῆς
3374 2557 3474 2614 καὶ
3502 2559 3609 2628 φό-

2000 2665 2112 2702 ⁴νου
2159 2650 2249 2714 εις
2287 2648 2433 2715 τοὺς
2463 2648 2737 2719 μαθητὰς
2768 2648 2877 2703 τοῦ
2923 2642 3167 2717 Κιῖρίου.
3212 2647 3354 2701 ’Δλλ’
3390 2642 3544 2712 06:04
3579 2649 3610 2701 6

2001 2737 2231 2810 ἀπειλῆς
2263 2739 2359 2792 καὶ
2393 2738 2555 2808 φόνου
2584 2739 2874 2811 ἐμπνέων,
2903 2739 2999 2793 καὶ
3030 2739 3091 2794 :6
3122 2734 3263 2814 αἷμα
3291 2740 3400 2794 τῶν
3436 2739 3610 2811 ἁγίων

2001 2831 2211 2900 ὲκχέων
2233 2871 2247 2895 ,
2293 2831 2529 2885 άκουσον
2574 2832 2695 2894 πῶς
2746 2832 2809 2885 :6
2856 2828 2999 2904 αἷμα
3036 2832 3099 2887 :6
3147 2833 3347 2887 ἑαυτοῦ
3392 2833 3611 2905 ἐξέχεεν

2002 2921 2145 2991 ὑπὲρ
2173 2918 2285 2975 τῶν
2319 2921 2515 2989 ἀγίων.
2568 2925 2640 2976 El
2670 2922 2824 2978 κατά
2858 2921 3211 2991 ἄνθρωπον,
3248 2923 3445 2994 φησὶν,
3473 2923 3613 2989 ἐθη-

1994 3010 2342 3081 ριομάχησα
2379 3012 2451 3066 ἐν
2499 3012 2756 3082 Ἐφέσῳ·
2804 3013 2902 3067 καὶ
2955 3014 3154 3078 πάλιν,
3205 3015 3351 3068 Καθ’
3378 3012 3611 3082 ἡμέραν

2000 3100 2372 3168 ἀποθνήσκω
2389 3118 2405 3133 ·
2428 3101 2522 3154 καὶ
2552 3100 2738 3165 πάλιν,
2782 3102 3224 3173 Ἐλογίσθημεν
3239 3102 3320 3168 ὡς
3344 3104 3611 3171 πρόϐατα

2000 3191 2268 3262 σφαγῆς.
2301 3192 2413 3247 Καὶ
2441 3192 2614 3247 ταῦτα
2647 3193 2838 3263 ἔλεγεν
2860 3195 2888 3248 6
2917 3193 3236 3267 mpelwﬁu
3262 3194 3505 3267 ἐξεχεῖτο
3547 3197 3612 3250 τὸ

2001 3277 2144 3354 αἷμα
2191 3285 2504 3358 Στεφάνου,
2552 3285 2649 3339 καὶ
2691 3279 2763 3356 ἦν
2812 3286 3154 3340 συνευδοκῶν
3201 3289 3268 3359 τῇ
3324 3287 3609 3360 ἀναιρέσει

2001 3368 2192 3424 αὑτοῦ.
2232 3371 2397 3444 Ὁρᾷς
2435 3370 2556 3438 πῶς
2582 3374 2613 3427 6
2639 3372 2805 3438 λύκος
2835 3375 3043 3446 ποιμὴν
3068 3376 3323 3445 έγένετο;
3345 3372 3472 3447 'Ap‘
3506 3378 3612 3433 οὐκ

2002 3466 2328 3538 αἰσχύνεσθε
2370 3467 2477 3540 1:96
2502 3468 2699 3523 τούτου
2727 3468 3021 3536 ἀκούοντες
3052 3471 3136 3525 δτι
3158 3470 3395 3544 διώκτης
3422 3468 3492 3543 ἦν
3516 3473 3611 3527 καὶ

2004 3557 2330 3632 βλάσφημος
2373 3560 2470 3630 καὶ
2498 3560 2799 3633 ύϐριστής;
2828 3561 3014 3617 Εἷδετε
3058 3563 3177 3628 πῶς
3214 3564 3401 3635 μεῖξον
3439 3566 3609 3620 αὐτοῦ

2001 3650 2232 3723 έποίησε
2264 3651 2329 3706 :6
2357 3650 2638 3723 ἐγκώμιον
2669 3658 2703 3727 ή
2727 3654 2971 3727 προτέρα
2993 3655 3302 3727 κατηγορία
3323 3672 3337 3721 ;
3359 3656 3475 3712 Ούκ
3500 3656 3613 3710 E1:-

2000 3760 2097 3813 γον
2146 3745 2279 3816 ύμῖν
2310 3747 2370 3800 έν
2416 3749 2485 3819 τῇ
2539 3747 2787 3820 προτέρᾳ
2836 3747 3058 3814 συνάξει
3104 3748 3334 3803 ὅτιτῶν
3364 3748 3472 3821 1:96
3510 3748 3609 3803 τοῦ

2004 3836 2241 3909 σταυροῦ
2284 3838 2531 3910 σημείων
2562 3838 2633 3894 :6
2666 3822 2808 3911 μετά
2844 3840 2938 3894 τὸν
2962 3841 3198 3914 σταυρὸν
3226 3841 3453 3912 μείζονα
3484 3842 3610 3911 έγέ-

2000 3945 2155 3996 νετο;
2189 3929 2292 3985 οὐκ
2342 3929 2522 3999 ιδειξα
2569 3932 2701 4005 ὑμῖν
2742 3933 2841 3988 καὶ
2885 3932 2996 3989 61:6
3041 3933 3153 3988 τῶν
3188 3934 3463 4005 σημείων,
3510 3936 3608 3989 καὶ

2002 4022 2115 4076 61:6
2144 4021 2247 4093 τῆς
2284 4022 2499 4089 εὐνοίας
2525 4024 2634 4080 τῶν
2666 4023 2962 4098 μαθητῶν,
2995 4024 3094 4080 καὶ
3122 4024 3241 4089 πῶς
3271 4026 3378 4097 πρὸ
3409 4024 3605 4080 τούτου

2006 4115 2106 4186 μὲν
2130 4116 2161 4169 6
2184 4114 2421 4188 Χριστὸς
2446 4106 2757 4171 ἐπιτάττων
2780 4116 2974 4189 ήγειρε
2994 4117 3121 4182 τοὺς
3151 4119 3382 4189 νεκροὺς
3401 4158 3416 4182 ,
3444 4118 3604 4172 ὕστε-

2004 4222 2099 4279 ρον
2137 4206 2196 4262 δὲ
2229 4208 2287 4261 αί
2330 4207 2483 4262 σκιαὶ
2519 4209 2632 4263 τῶν
2676 4208 2884 4263 δούλων
2929 4207 3098 4264 αὐτοῦ
3144 4209 3304 4263 τοῦτο
3348 4211 3605 4277 έποίουνς

2004 4297 2123 4364 πῶς
2144 4297 2268 4353 τότε
2302 4299 2405 4371 μὲν
2434 4300 2597 4362 αὐτὸς
2620 4298 2861 4355 κελεύων
2884 4299 3348 4373 ιθαυματούργει,
3377 4300 3609 4374 ὕστερον

2001 4391 2058 4446 δι
2108 4393 2157 4445 οί
2208 4390 2385 4447 δοῦλοι
2429 4391 2595 4446 αὐτοῦ
2645 4393 2725 4465 τῷ
2780 4392 3009 4465 ὀνόματι
3051 4393 3219 4449 αὐτοῦ
3268 4395 3606 4467 κεχρημένοι

2006 4484 2234 4556 μείζονα
2258 4484 2555 4558 έποίησαν;
2585 4485 2686 4542 οὐκ
2712 4483 2865 4541 εἷπον
2898 4486 3030 4557 ὑμῖν
3059 4487 3189 4559 περὶ
3212 4486 3565 4562 τῶνέχθρῶν
3587 4530 3605 4555 ,

2004 4576 2123 4643 ¹πῶς
2155 4577 2426 4635 διέσεισεν
2455 4578 2639 4634 αὐτῶν
2663 4579 2725 4634 :6
2748 4579 3029 4646 συνειδός;
3060 4579 3180 4646 πιῖις
3203 4582 3479 4655 έκράτησε
3503 4584 3606 4657 τῆς

2002 4667 2330 4741 οίκουμένης
2372 4668 2624 4740 ἀπάσης;
2668 4669 2790 4734 πῶς
2832 4671 3061 4742 μείζονα
3106 4672 3177 4728 :6
3216 4676 3421 4747 σημεῖα
3465 4673 3606 4747 μέτά

2002 4760 2096 4814 τδν
2148 4760 2380 4834 σταυρὸν
2421 4756 2491 4832 ἦν
2533 4762 2646 4815 τῶν
2688 4762 2799 4835 πρὸ
2836 4762 2934 4817 τοῦ
3001 4780 3136 4819 σταυ
3146 4766 3281 4838 ροῦ;
3348 4754 3605 4839 ’Δδελφδς

2003 4851 2213 4907 ἑκείνου
2248 4852 2343 4908 καὶ
2392 4854 2422 4907 6
2452 4853 2695 4925 σήμερον
2740 4854 3002 4912 εἰσελθὼν
3042 4856 3222 4928 λόγος.
3256 4859 3323 4913 Τί
3362 4860 3472 4934 769
3506 4860 3605 4917 τοῦ

2003 4945 2147 5000 κατά
2186 4945 2401 5001 Παῦλον
2438 4944 2629 5017 μεῖζον
2662 4946 2893 5019 σημείου
2925 4948 3125 5018 γένοιτ’
3150 4949 3254 5018 άνς
3287 4952 3475 5007 Ζῶντα
3506 4953 3605 5025 μὶν

2002 5034 2115 5108 769
2151 5036 2315 5092 αὐτὸν
2359 5037 2458 5093 καὶ
2485 5040 2514 5093 ό
2560 5038 2770 5112 Πέτρος
2798 5039 3113 5113 ἠρνήσατο,
3164 5043 3507 5101 ἀποθανόντα
3546 5044 3606 5099 δὲ

2002 5132 2033 5183 6
2078 5128 2308 5195 Παῦλος.
2333 5130 2678 5204 ὡμολόγησε.
2714 5132 2824 5187 Τοῦ
2868 5133 2928 5189 δὲ
2974 5136 3230 5209 νεκροὺς,
3255 5137 3471 5211 έγεῖραι
3514 5139 3606 5195 διά

2001 5223 2113 5278 τῶν
2150 5223 2320 5278 σκιῶν
2355 5223 2541 5295 μεῖζον
2568 5224 2796 5296 σημεῖον
2816 5220 2887 5298 ἦν
2906 5225 2968 5281 :6
2995 5226 3095 5299 τὴν
3122 5228 3352 5303 γνώμην
3389 5231 3606 5287 Παύλου

2002 5316 2413 5372 ἐπισπάσασθαι
2464 5317 2560 5371 καὶ
2609 5317 2773 5373 έλεῖν.
2837 5321 2987 5376 Ἐκεῖ
3033 5321 3135 5394 μιν
3177 5324 3290 5397 769
3346 5325 3381 5397 ή
3442 5325 3607 5397 φύσις

2004 5408 2223 5473 εἵπετο,
2254 5408 2350 5461 καὶ
2399 5406 2501 5461 οὐκ
2539 5408 2796 5479 ἀντέλεγε
2837 5410 2918 5482 τῷ
2950 5411 3298 5468 ιπιτάττοντι
3318 5430 3333 5445 ·
3364 5412 3608 5470 ἐνταῦθα

2003 5498 2061 5553 δὲ
2098 5499 2418 5572 προαίρεσις
2450 5495 2519 5572 ἦν
2570 5499 2669 5555 τοῦ
2716 5501 3043 5575 πεισθῆναι,
3088 5504 3187 5559 καὶ
3224 5502 3319 5560 τοῦ
3361 5505 3439 5580 μή
3484 5522 3606 5560 πει-

2008 5591 2201 5661 σθῆναι
2243 5589 2441 5664 κυρία·
2478 5593 2602 5648 ὅθεν
2650 5591 2822 5668 πολλή
2855 5594 2889 5667 ή
2920 5594 3155 5668 δύναμις
3179 5596 3277 5653 τοῦ
3317 5595 3609 5663 πείσαντος

2003 5680 2300 5735 δείκνυται.
2348 5680 2458 5735 Τοῦ
2509 5682 2620 5755 γὰρ
2651 5684 2816 5755 φύσιν
2857 5684 3153 5759 διορθῶσαι
3182 5686 3244 5741 :6
3281 5687 3609 5760 προαίρεσιν

2010 5773 2341 5845 μεταϐαλεῖν
2374 5774 2556 5847 πολλῷ
2591 5778 2776 5849 μεῖζον
2808 5773 2909 5852 ἦν·
2936 5779 3130 5850 μεῖζον
3161 5779 3268 5853 ἀρα
3296 5781 3404 5838 τῶν
3431 5780 3609 5839 ἅλὶων
