4080 6410
222 312 320 371 121

222 431 320 485 bus
351 428 563 501 signum
593 429 710 498 fuit,
739 428 964 485 Paulum
1005 437 1128 499 post
1164 442 1383 484 crucem
1413 436 1469 482 et
1497 424 1828 496 sepulturam

220 521 290 576 ad
318 521 595 578 Christum
631 523 944 579 accessisse.
987 522 1275 593 Propterea
1317 536 1547 590 namque
1585 518 1832 590 permisit

221 628 346 670 eum
375 615 621 672 Christus
648 631 808 671 omne
831 615 1014 670 odium
1043 631 1152 685 prae
1178 630 1236 669 se
1267 616 1427 680 ferre,
1449 628 1513 668 ac
1542 622 1652 666 tum
1677 611 1826 666 illum

222 707 456 773 vocavit,
487 717 546 761 ut
587 707 1000 763 resurrectionis
1041 705 1412 776 probationem
1456 719 1522 759 ac
1565 703 1827 758 doctrinre

224 811 532 853 sermonem
581 798 729 853 omni
775 798 1084 869 suspicione
1127 798 1401 852 liberaret.
1451 794 1584 851 Nam
1636 794 1828 850 Petrus

220 889 440 960 quidem
479 889 525 945 si
573 889 641 945 de
679 904 748 946 eo
788 890 1042 959 loquutus
1087 897 1254 958 esset,
1284 898 1568 958 suspectus
1597 884 1826 940 fuisset:

221 980 487 1052 potuisset
531 982 678 1037 enim
735 982 1019 1054 impudens
1066 981 1257 1052 aliquis
1305 980 1576 1051 quidpiam
1625 978 1826 1034 dicere.

226 1072 396 1127 Porro
434 1071 798 1142 impudentem
844 1073 976 1140 dixi,
1009 1073 1262 1144 quoniam
1302 1081 1357 1126 et
1397 1071 1507 1126 illic
1549 1070 1826 1125 manifesta

223 1159 328 1216 fuit
367 1161 774 1248 demonstratio.
819 1163 1094 1235 Siquidem
1127 1165 1214 1219 ille
1242 1178 1453 1235 quoque
1481 1163 1626 1232 prius
1653 1162 1826 1232 ipsum

222 1256 459 1326 negavit,
481 1264 538 1310 et
560 1271 682 1312 cum
701 1255 1012 1327 juramento
1035 1257 1247 1327 negavit
1267 1275 1276 1307 :
1293 1264 1661 1310 verumtamen
1686 1252 1829 1308 hunc

221 1347 401 1418 ipsum
430 1347 623 1403 deinde
645 1349 773 1402 dum
796 1347 1104 1413 confitetur,
1119 1347 1202 1403 vel
1227 1347 1396 1418 ipsam
1419 1347 1652 1401 animam
1675 1359 1826 1399 suam

224 1451 326 1508 pro
352 1438 442 1492 illo
464 1437 700 1493 tradidit.
730 1437 884 1505 Quod
908 1439 952 1494 si
979 1453 1084 1493 non
1112 1437 1513 1501 resurrexisset,
1536 1449 1827 1504 numquam

223 1530 272 1584 is
293 1571 306 1591 ,
339 1530 429 1601 qui
459 1530 726 1586 viventem
759 1539 1080 1602 negaverat,
1114 1530 1310 1586 millies
1337 1539 1566 1584 mortem
1599 1526 1827 1582 toleras-

224 1632 332 1688 set,
368 1637 435 1677 ne
458 1622 568 1692 jam
598 1633 865 1678 mortuum
896 1623 1188 1692 abnegaret
1216 1639 1229 1676 :
1260 1636 1368 1692 quo
1398 1620 1478 1687 iit,
1507 1619 1750 1674 utetiam
1776 1619 1827 1671 in

225 1713 390 1768 Petro
436 1714 846 1769 resurrectionis
888 1713 1280 1769 demonstratio
1334 1711 1615 1767 manifesta
1667 1709 1830 1764 fuisse

225 1806 492 1861 videatur.
549 1805 934 1863 Verumtamen
978 1806 1048 1862 de
1091 1805 1185 1861 illo
1229 1805 1445 1876 quidem
1494 1801 1830 1873 impudentes

221 1896 406 1952 dicere
433 1897 752 1967 potuissent,
776 1913 898 1953 eum
924 1905 1208 1968 prapterea
1231 1897 1374 1967 quod
1399 1895 1691 1964 discipulus
1716 1901 1832 1948 erat

226 1987 406 2054 illius,
437 1998 716 2058 propterea
764 1989 906 2059 quod
952 1989 1218 2059 particeps
1245 1986 1362 2057 ejus
1391 2001 1592 2041 mensa:
1624 1983 1829 2048 fuerat,

223 2094 290 2135 ac
322 2081 491 2135 tribus
519 2081 675 2136 annis
707 2096 830 2136 cum
873 2082 963 2136 illo
1006 2089 1249 2136 versatus
1294 2079 1495 2142 fuerat;
1546 2086 1827 2148 propterea

223 2170 368 2240 quod
415 2170 530 2241 ejus
577 2171 820 2226 doctrina
868 2172 1067 2241 potitus
1107 2180 1251 2238 erat;
1285 2178 1567 2240 propterea
1601 2166 1744 2236 quod
1777 2166 1831 2219 in

227 2260 468 2316 fraudem
523 2261 732 2318 illectus
779 2262 1051 2318 blanditiis
1097 2263 1214 2332 ejus
1259 2260 1459 2325 fuerat,
1500 2259 1699 2314 idcirco
1747 2272 1832 2310 re-

225 2353 612 2407 surrectionem
658 2353 800 2407 illius
849 2353 1142 2422 priedicare
1193 2369 1206 2405 :
1259 2367 1382 2406 cum
1437 2365 1567 2405 vero
1605 2348 1829 2403 Paulum

225 2440 431 2508 videas,
461 2441 550 2511 qui
597 2441 770 2511 ipsum
808 2457 914 2496 non
947 2442 1188 2506 viderat,
1221 2442 1310 2510 qui
1341 2441 1514 2510 ipsum
1542 2454 1650 2492 non
1675 2437 1831 2490 audi-

224 2545 415 2600 verat,
465 2535 556 2605 qui
609 2535 866 2589 doctrinzc
909 2535 1176 2606 particeps
1222 2526 1444 2588 minime
1495 2531 1695 2594 fuerat,
1741 2530 1831 2598 qui

225 2628 387 2680 etiam
416 2635 536 2696 post
563 2641 779 2682 crucem
813 2627 885 2681 illi
917 2627 1116 2682 bellum
1149 2625 1434 2689 indixerat,
1467 2633 1520 2679 et
1542 2638 1635 2678 eos
1663 2623 1827 2692 quiin

225 2717 400 2786 ipsum
428 2717 741 2785 credebant,
766 2718 1140 2783 interficiebat,
1163 2717 1252 2786 qui
1281 2717 1459 2770 omnia
1489 2716 1747 2769 miscebat
1772 2718 1834 2768 ac

227 2809 514 2872 turbabat,
548 2811 685 2865 hunc
712 2811 890 2864 subito
918 2822 1180 2864 mutatum
1212 2811 1263 2862 in
1296 2807 1530 2863 ferendis
1558 2823 1652 2876 pro
1694 2822 1832 2875 prm-

222 2899 493 2954 dicatione
521 2900 668 2955 verbi
698 2901 969 2956 laboribus
996 2915 1184 2954 omnes
1218 2899 1414 2952 Christi
1445 2900 1646 2952 amicos
1669 2912 1831 2966 supc-

223 3007 370 3057 rare,
389 3008 510 3063 qua:
524 2993 614 3047 tibi
630 2993 905 3062 deinceps,
928 3008 1130 3063 quicso,
1155 2993 1496 3062 impudentia:
1513 2992 1725 3046 occasio
1745 3006 1834 3044 rc-

226 3085 526 3154 linquetur,
545 3086 589 3140 si
611 3087 1022 3141 resurrectionis
1043 3086 1209 3140 verbo
1232 3103 1335 3140 non
1361 3086 1587 3140 credas?
1610 3086 1665 3141 Si
1689 3086 1832 3139 enim

223 3171 473 3230 Christus
499 3191 605 3231 non
632 3177 1037 3239 resurrexisset.
1058 3176 1179 3246 quis
1197 3177 1467 3231 hominem
1485 3178 1620 3232 adeo
1642 3177 1836 3233 crude-

226 3266 332 3320 lem
350 3273 404 3321 et
417 3265 788 3332 inhumanum,
803 3269 923 3339 quis
940 3269 1074 3322 adeo
1092 3267 1358 3322 infensum
1373 3277 1425 3322 et
1439 3267 1714 3323 efferatum
1733 3267 1832 3321 sibi

227 3358 572 3413 conciliasset
597 3368 653 3414 et
673 3359 738 3412 ad
759 3373 817 3414 se
837 3359 1184 3415 attraxisset?
1208 3360 1304 3414 Dic
1327 3361 1492 3431 enim.
1517 3374 1721 3430 qumso,
1752 3359 1839 3414 Ju-

225 3447 365 3516 date,
399 3449 519 3517 quis
549 3449 715 3504 Paulo
748 3451 1046 3522 persuasit,
1075 3461 1133 3505 ut
1161 3448 1377 3506 Christo
1403 3466 1462 3506 se
1483 3450 1834 3520 adjungeret?

225 3558 356 3597 num
380 3543 600 3598 Petrus?
629 3559 756 3598 num
780 3543 1052 3598 Iacobus?
1081 3559 1204 3598 num
1234 3542 1502 3598 Joannes?
1534 3543 1688 3613 Atqui
1717 3559 1834 3598 om-

225 3649 327 3689 nes
348 3634 432 3689 isti
449 3649 572 3690 eum
599 3635 855 3690 timebant
875 3645 930 3690 et
956 3635 1267 3701 horrebant,
1293 3651 1465 3706 neque
1486 3646 1689 3689 tantum
1709 3646 1834 3690 ante

226 3725 336 3782 hoc
359 3736 592 3797 tempus,
622 3727 716 3783 sed
749 3737 858 3782 tum
886 3731 1048 3782 etiam
1080 3744 1200 3783 cum
1234 3729 1286 3783 in
1315 3729 1610 3784 amicorum
1646 3744 1835 3784 nume-

227 3835 350 3889 rum
376 3819 575 3874 relatus
596 3829 732 3886 erat,
763 3819 974 3890 quando
996 3837 1154 3875 manu
1183 3821 1504 3890 prehensum
1534 3821 1681 3876 illum
1705 3819 1836 3874 Bar-

226 3911 395 3967 nabas
436 3910 828 3983 Jerosolymam
860 3912 1189 3977 introduxit,
1221 3913 1398 3968 adhuc
1429 3913 1498 3966 illi
1529 3913 1751 3982 pronius
1776 3928 1834 3968 se

227 4002 524 4073 adjungere
551 4004 812 4058 timebant
836 4021 849 4067 ;
880 4021 942 4059 ac
970 4005 1211 4060 sedatum
1234 4005 1447 4074 quidem
1473 4014 1585 4058 erat
1613 4004 1830 4070 bellum,

228 4102 407 4148 metus
439 4103 615 4148 tamen
647 4094 820 4150 adhuc
852 4096 902 4148 in
933 4096 1192 4165 apostolis
1220 4094 1587 4164 permanebat.
1620 4096 1701 4147 An
1732 4095 1830 4164 igi-

229 4195 318 4240 tur
345 4184 420 4239 illi
447 4187 534 4255 qui
568 4187 970 4241 reconciliatum
1003 4187 1178 4241 adhuc
1207 4186 1485 4252 timebant,
1511 4203 1631 4240 cum
1657 4186 1834 4240 inimi-

227 4292 325 4331 cus
355 4286 409 4332 ct
437 4277 606 4333 hostis
634 4281 798 4344 essen
829 4281 1074 4334 oratione
1111 4278 1330 4334 ectere
1361 4280 1474 4333 ausi
1503 4279 1723 4335 essent?
1763 4295 1830 4334 an

228 4383 360 4423 vero
387 4369 453 4424 ad
482 4370 630 4425 illum
661 4371 918 4426 accedere
946 4372 1186 4436 omnino,
1213 4371 1298 4427 vel
1330 4387 1511 4426 coram
1541 4371 1632 4426 illo
1658 4371 1833 4426 subsi-

229 4467 396 4528 stere,
415 4463 500 4518 vel
525 4477 589 4518 os
610 4465 842 4533 aperire,
861 4477 950 4519 aut
975 4466 1194 4520 omnino
1210 4481 1470 4536 apparere
1502 4468 1832 4536 potuissent?

226 4553 347 4608 Non
394 4556 464 4609 ita
504 4570 565 4611 se
594 4571 681 4612 res
711 4557 892 4622 habet,
924 4573 1028 4612 non
1059 4559 1128 4612 ita
1155 4569 1261 4624 est;
1302 4574 1400 4616 nec
1436 4559 1680 4614 humanze
1705 4561 1829 4615 dili-

226 4647 426 4716 gentia:
463 4647 666 4703 facinus
709 4648 838 4704 illud
871 4649 994 4712 fuit,
1022 4651 1114 4705 sed
1142 4653 1327 4722 gratia:
1355 4652 1569 4706 divinae.
1618 4651 1673 4706 Si
1703 4667 1832 4722 ergo

229 4745 476 4793 mortuus
504 4749 620 4794 erat
640 4739 902 4814 Christus,
937 4750 992 4795 ut
1013 4741 1204 4808 dicitis,
1233 4754 1284 4798 et
1310 4759 1430 4798 cum
1449 4744 1720 4799 venissent
1747 4745 1832 4797 di-

227 4831 422 4900 scipuli
452 4832 588 4901 ejus,
634 4832 790 4886 furati
834 4843 959 4888 sunt
1002 4850 1147 4902 eum,
1179 4837 1450 4906 quomodo
1481 4838 1682 4906 majora
1714 4845 1834 4906 post

227 4939 445 4978 crucem
477 4924 610 4979 facta
641 4935 763 4981 sunt
790 4927 1086 4982 miracula?
1112 4930 1385 4999 quomodo
1410 4931 1638 5000 amplior
1659 4932 1830 4986 virtu-

230 5019 300 5074 tis
326 5029 545 5091 sequuta
575 5031 658 5078 est
683 5023 1106 5081 demonstratio?
1155 5027 1269 5082 Non
1308 5029 1451 5084 enim
1492 5038 1697 5084 tantum
1731 5029 1830 5083 ho-

228 5120 367 5165 stem
392 5112 490 5167 sibi
517 5116 886 5171 reconciliavit
913 5126 968 5173 et
995 5120 1286 5190 principem
1315 5120 1609 5192 ducemque
1640 5139 1832 5194 pugnze

231 5213 460 5270 vestrm;
491 5208 722 5274 tametsi,
749 5209 870 5263 licet
899 5210 1002 5265 hoc
1027 5213 1197 5268 solum
1222 5215 1453 5280 fecisset,
1483 5217 1712 5271 maxime
1735 5217 1832 5271 fuit

232 5294 336 5349 hoc
366 5298 648 5365 potentia},
698 5301 970 5357 inimicum
1015 5314 1070 5358 et
1113 5304 1320 5361 hostem
1348 5307 1633 5364 abduxisse
1657 5311 1830 5379 capti-

233 5402 396 5452 vum;
421 5387 532 5457 jam
560 5405 687 5444 vero
716 5408 820 5446 non
857 5393 958 5449 hoc
983 5396 1157 5450 solum
1188 5399 1454 5466 praestitit,
1485 5399 1579 5453 sed
1608 5409 1661 5454 et
1687 5400 1828 5455 aliud

234 5479 404 5533 mulio
429 5495 620 5550 majus.
651 5483 765 5538 Non
793 5487 936 5541 enim
965 5496 1170 5544 tantum
1195 5492 1296 5546 sibi
1327 5495 1708 5562 reconciliavit,
1735 5500 1829 5554 sed

232 5571 304 5624 ita
331 5572 430 5626 sibi
462 5571 773 5630 familiarem
800 5579 1047 5648 reddidit,
1071 5583 1149 5638 sic
1174 5599 1296 5639 eum
1319 5585 1384 5639 ad
1407 5601 1643 5642 amorem
1672 5605 1827 5646 suum

233 5663 470 5733 pellexit,
495 5675 550 5721 ut
579 5669 694 5737 ejus
722 5670 842 5725 fidei
876 5673 1130 5731 Ecclesia:
1155 5679 1364 5750 negotia
1389 5691 1580 5737 cuncta
1605 5685 1830 5739 commi-

232 5757 406 5811 serit:
451 5755 550 5814 Vas
594 5763 759 5827 enim,
809 5765 997 5835 inquit,
1042 5771 1298 5828 electionis
1344 5785 1418 5829 est
1467 5777 1591 5832 milii
1628 5779 1740 5834 iste.
1772 5790 1827 5833 ut

792 311 858 369 IN
897 311 1125 378 ILLUD,
1165 309 1437 369 SAULUS
1473 309 1707 368 ADIIUC
1745 307 2054 366 SPIRANS.
2100 309 2187 366 DE
2227 311 2626 370 MUTATIONE
2654 311 2985 370 NOMINUM.
3030 311 3070 366 .

3441 313 3545 371 122

1933 433 2097 493 portet
2133 441 2314 481 nomen
2353 443 2519 480 meum
2545 442 2718 480 coram
2742 427 2995 498 gentibus,
3019 434 3068 480 et
3088 424 3292 498 regibus
3315 425 3453 496 (Att.
3481 428 3537 484 9.

1935 516 2047 589 I5),
2079 519 2237 588 eique
2259 520 2604 587 persuaserit,
2635 528 2692 572 ut
2717 519 2836 588 plus
2861 534 3024 590 quam
3054 519 3282 589 apostoli
3304 537 3404 592 pro
3434 520 3540 577 Ec-

1931 608 2092 663 clesia
2123 609 2411 676 laboraret,
2438 625 2601 681 quam
2625 618 2781 665 antea
2810 608 3175 681 Oppugnabat.

2002 700 2056 756 6.
2089 699 2181 756 Vis
2212 709 2265 755 tu
2297 701 2598 772 intelligere
2625 717 2734 772 quo
2760 712 2916 771 pacto
2959 702 3108 757 illum
3147 701 3250 756 sibi
3290 700 3535 757 reconci-

1932 793 2108 848 liarit'!
2149 808 2258 863 quo
2303 803 2460 864 pacto
2502 793 2822 849 familiarem
2862 793 3194 850 reddiderit?
3239 809 3346 864 quo
3381 805 3541 864 pacto

1930 886 2031 942 sibi
2061 886 2388 943 adsciverit?
2417 902 2524 958 quo
2553 895 2707 958 pacto
2741 887 2796 941 in
2829 902 3114 942 numerum

1929 981 2226 1035 amicorum
2253 980 2536 1036 retulerit?
2570 979 2710 1036 Nulli
2741 979 3020 1036 hominum
3049 990 3156 1036 tam
3188 981 3354 1036 multa
3383 980 3539 1037 dete-

1928 1086 2056 1143 gere
2081 1087 2298 1136 arcana,
2325 1087 2486 1143 quam
2517 1073 2681 1128 multa
2723 1073 2890 1129 Paulo
2913 1084 2994 1129 est
3013 1087 3198 1129 ausus.
3226 1073 3382 1130 Unde
3407 1089 3540 1129 vero

1931 1161 1983 1217 id
2012 1163 2267 1218 constat?
2297 1163 2482 1217 Audiui
2511 1179 2703 1217 arcana
2731 1163 2899 1229 verba,
2933 1163 3123 1234 inquit,
3157 1180 3271 1233 quia
3295 1181 3396 1218 non
3424 1165 3539 1218 licet

1931 1253 2124 1308 nomini
2150 1254 2288 1323 loqui
2317 1253 2393 1326 (2.
2426 1253 2546 1310 Cor.
2572 1254 2662 1310 12.
2695 1255 2774 1326 4).
2818 1255 2982 1312 Vides
3006 1265 3258 1326 quantam
3288 1256 3539 1312 inimicus

1930 1353 1984 1401 et
2005 1345 2175 1400 hostis
2195 1341 2625 1401 benevolentiam
2647 1346 2988 1402 exhibuerit?
3015 1347 3186 1414 Quam
3214 1348 3285 1402 ob
3313 1362 3533 1418 causam

1929 1451 2110 1506 operte
2150 1435 2377 1506 pretium
2413 1433 2576 1492 fuerit
2621 1438 2857 1508 priorem
2894 1439 3013 1507 ejus
3041 1437 3205 1493 vitam
3245 1439 3485 1508 proferre
3521 1457 3536 1493 :

1931 1526 2195 1597 siquidem
2224 1527 2295 1582 ita
2324 1526 2434 1592 fiet,
2467 1537 2524 1582 ut
2565 1529 2722 1583 nobis
2768 1529 2858 1584 Dei
2891 1529 3192 1600 benignitas
3218 1538 3273 1585 et
3301 1531 3539 1600 potentia

1932 1619 2271 1676 innotescat:
2303 1621 2606 1692 benignitas
2645 1621 2895 1692 quidem,
2935 1623 3078 1693 quod
3117 1637 3261 1688 eum,
3296 1622 3385 1693 qui
3433 1632 3536 1676 tam

1934 1714 2097 1769 multa
2129 1713 2269 1768 mala
2303 1724 2739 1784 perpetraverat,
2786 1730 3005 1771 servare
3049 1694 3319 1782 voluerit;
3340 1723 3396 1770 et
3438 1715 3538 1769 sibi

1931 1807 2220 1862 conciliare
2249 1824 2262 1860 :
2298 1808 2588 1876 potentiam
2618 1822 2768 1873 vero,
2799 1808 2943 1877 quod
2989 1807 3062 1874 id,
3105 1807 3249 1878 quod
3289 1807 3538 1872 volebat,

1932 1903 2154 1973 exsequi
2179 1905 2428 1974 potuerit.
2461 1905 2525 1958 Et
2550 1919 2676 1960 vero
2699 1905 2935 1959 animum
2959 1906 3109 1960 Pauli
3136 1908 3238 1960 hoc
3259 1906 3536 1978 patefecit,

1932 1995 2072 2067 quod
2123 1996 2254 2052 nihil
2293 1997 2654 2052 contentionis
2683 1997 2862 2052 studio
2901 1996 3119 2063 faceret,
3151 2013 3325 2069 neque
3352 1999 3539 2069 glorim

1934 2086 2182 2142 humanm
2235 2089 2528 2158 cupiditate
2587 2097 3032 2159 prazoecupatus,
3083 2091 3539 2159 quemadmodum

1930 2182 2102 2237 Judmi
2133 2201 2144 2235 :
2175 2183 2270 2238 sed
2323 2183 2442 2239 zelo
2486 2197 2778 2239 succensus
2819 2199 2926 2238 non
2970 2192 3119 2238 recto
3159 2183 3251 2237 illo
3297 2185 3540 2254 quidem,

1933 2278 2029 2332 sed
2059 2278 2174 2331 zelo
2206 2289 2408 2344 tamen,
2439 2276 2580 2348 quod
2617 2286 2672 2331 et
2712 2278 2825 2346 ipse
2865 2278 3106 2331 clamans
3131 2277 3340 2332 dicebat
3370 2296 3381 2330 :
3417 2277 3544 2330 Ideo

1935 2371 2333 2424 misericordium
2376 2379 2716 2440 consequutus
2761 2387 2873 2423 sum
2897 2411 2912 2434 ,
2944 2370 3063 2440 quia
3101 2370 3343 2439 ignorans
3370 2371 3464 2439 feci
3491 2371 3544 2422 in

1933 2463 2285 2517 incredulitate
2325 2463 2402 2532 (l.
2455 2460 2584 2515 Tim.
2630 2463 2680 2517 1.
2728 2461 2835 2529 IS)
2867 2480 2880 2516 :
2912 2469 2966 2516 ct
3014 2461 3396 2531 benignitatem
3449 2461 3541 2514 Dei

1936 2553 2322 2623 obstupescens
2351 2553 2584 2618 dicebat,
2619 2551 2686 2607 Ut
2712 2553 2763 2605 in
2790 2569 2870 2606 me
2898 2553 3368 2622 primoostenderet
3390 2549 3543 2606 Clu-i-

1934 2655 2042 2699 stus
2095 2662 2291 2698 onmem
2335 2645 2633 2713 patientiam
2676 2644 2743 2696 ad
2787 2643 3200 2714 informationem
3241 2659 3414 2696 eorum
3457 2644 3545 2712 qui

1937 2737 2181 2790 credituri
2203 2745 2320 2789 sunt
2342 2737 2420 2789 illi
2443 2737 2494 2789 in
2517 2740 2672 2790 vitam
2700 2745 2947 2788 (vterimm
2970 2732 3076 2804 (Ib.
3104 2751 3150 2786 .
3183 2734 3292 2804 16).
3413 2735 3538 2788 alibi

1937 2844 2122 2881 rursus
2144 2828 2373 2893 diccbat,
2401 2826 2757 2897 Operationem
2784 2827 2979 2879 rirtutis
2999 2842 3107 2880 sua:
3135 2827 3353 2880 maxime
3374 2835 3543 2880 oston~

1937 2921 2010 2972 dit
2040 2919 2091 2970 in
2119 2935 2210 2971 nos
2239 2919 2325 2988 qui
2352 2918 2604 2972 credimus
2632 2916 2849 2990 (Ep/tes.
2876 2919 2926 2972 1.
2953 2917 3065 2987 19).
3087 2917 3247 2972 Vides
3275 2924 3332 2972 ut
3361 2926 3414 2973 et
3441 2917 3538 2972 bc-

1937 3011 2247 3081 nignitatem
2281 3009 2372 3064 Dei
2401 3021 2451 3064 et
2479 3010 2726 3064 virtutem
2760 3010 2906 3079 prior
2947 3009 3052 3063 vita
3098 3009 3248 3063 Pauli
3284 3009 3538 3065 ostende-

1937 3103 2028 3168 rit,
2064 3112 2119 3157 et
2159 3117 2317 3171 quam
2365 3101 2672 3170 incorrupta
2711 3100 3029 3170 sinceraque
3067 3109 3248 3154 mente
3286 3100 3542 3170 praeditus

1939 3193 2053 3263 ipse
2081 3191 2270 3247 fuerit?
2300 3191 2442 3246 Sane
2466 3191 2679 3261 quidem
2702 3191 2769 3246 ad
2796 3191 3010 3246 Galatas
3027 3191 3269 3246 scribens
3294 3190 3395 3246 hoc
3418 3207 3543 3260 pro-

1940 3284 2074 3349 tulit,
2104 3291 2163 3337 ut
2193 3299 2250 3338 se
2282 3283 2556 3336 hominum
2590 3296 2752 3337 eausa
2788 3283 3008 3337 minime
3048 3283 3208 3337 fuisse
3238 3291 3499 3337 mutatum
3526 3325 3541 3349 ,

1937 3376 2030 3432 sed
2058 3375 2234 3430 divina
2254 3375 2446 3430 virtute
2470 3374 2632 3428 fuisse
2655 3388 2974 3428 conversum
3005 3374 3278 3444 probaret.
3314 3375 3374 3430 Si
3404 3377 3540 3428 enim

1938 3469 2224 3523 hominibus
2242 3510 2257 3534 ,
2291 3467 2460 3538 inquit
2486 3506 2502 3533 ,
2537 3465 2811 3536 placerem,
2841 3466 3028 3522 Christi
3056 3483 3227 3522 servus
3257 3483 3357 3520 non
3383 3482 3542 3520 essem

1939 3559 2083 3631 (Gal.
2114 3560 2167 3615 I.
2198 3559 2312 3629 10).
2347 3557 2495 3614 Unde
2520 3575 2647 3615 vero
2678 3558 2728 3613 id
2757 3567 2968 3613 constat
2996 3568 3046 3613 te
3073 3573 3178 3612 non
3221 3568 3279 3611 ut
3311 3557 3543 3612 homini-

1939 3657 2037 3712 bus
2069 3656 2329 3726 placeres,
2375 3653 2442 3709 ad
2494 3653 2926 3724 praedicationem
2973 3653 3138 3708 fuisse
3183 3653 3542 3708 conversum?

1938 3748 2189 3813 Audistis,
2231 3747 2439 3816 inquit,
2487 3746 2920 3800 conversationem
2963 3761 3128 3798 meam
3165 3745 3440 3815 aliquando
3487 3745 3542 3798 in

1935 3839 2228 3905 Judaismo,
2271 3839 2513 3910 quoniam
2553 3855 2713 3908 supra
2750 3838 2959 3892 modum
3001 3839 3331 3908 persequebar
3359 3839 3543 3894 Eccleo

1936 3932 2064 3985 siam
2091 3929 2208 3996 Dei,
2238 3939 2282 3983 et
2308 3929 2663 4000 expugnabam
2693 3944 2805 3984 eam
2837 3927 2941 3999 (Ib.
2971 3947 3017 3984 .
3047 3931 3156 4000 15).
3189 3930 3342 3998 Quod
3371 3933 3416 3984 si
3442 3931 3537 3986 Ito

1938 4025 2170 4078 minibns
2198 4023 2408 4092 placere
2429 4023 2719 4087 voluisset,
2753 4039 3088 4093 nequaquam
3121 4025 3183 4077 ad
3217 4025 3374 4079 fidem
3405 4041 3538 4079 con-

1937 4125 2123 4164 versus
2151 4107 2357 4163 fuisset.
2388 4107 2524 4175 Quid
2555 4108 2663 4161 ita?
2689 4108 2974 4164 Colebatur
2994 4125 3024 4160 a
3045 4109 3267 4174 ,
3293 4118 3346 4162 et
3371 4110 3538 4163 multa

1936 4203 2226 4258 securitate
2267 4201 2574 4266 fruebatur,
2619 4217 2681 4256 ac
2723 4216 2831 4270 prae
2860 4202 3070 4256 caeteris
3102 4203 3307 4257 honore
3342 4203 3542 4257 afcie-

1937 4295 2093 4349 batur
2120 4310 2133 4346 :
2167 4309 2273 4348 non
2301 4294 2460 4364 igitur
2486 4293 2552 4348 ad
2581 4294 2946 4363 apostolorum
2973 4293 3135 4347 vitam
3165 4302 3244 4348 tot
3269 4294 3539 4363 objectam

1939 4385 2188 4456 periculis
2225 4401 2285 4440 se
2325 4385 2720 4454 transtulisset,
2753 4401 2874 4456 qua;
2900 4386 3064 4440 multa
3094 4387 3369 4441 laborabat
3397 4389 3537 4442 in'a-

1936 4485 2041 4538 mia
2067 4525 2081 4550 ,
2111 4496 2230 4551 qua:
2263 4489 2339 4536 tot
2363 4482 2753 4537 calamitatibus
2781 4481 3112 4535 redundabat
3143 4498 3157 4534 :
3193 4483 3370 4552 itaque
3399 4484 3541 4552 quod

1937 4577 2084 4630 illum
2118 4575 2403 4638 honorem,
2437 4586 2542 4641 quo
2586 4570 2726 4640 apud
2763 4569 2981 4627 Iudaeos
3017 4571 3313 4640 fruebatur,
3346 4589 3542 4643 repen-

1937 4669 2043 4723 tina
2081 4668 2376 4722 mutatione
2405 4681 2467 4719 ac
2500 4665 2874 4732 conversione,
2902 4673 2955 4718 et
2989 4666 3148 4719 vitam
3178 4668 3413 4736 quietatn
3443 4668 3541 4723 de-

1935 4762 2186 4826 seruerit,
2215 4769 2269 4814 et
2295 4775 2414 4813 cum
2445 4758 2809 4828 apostolorum
2840 4757 2944 4811 vita
2971 4761 3416 4826 commutaverit,
3453 4763 3539 4816 in

1936 4855 2174 4908 numeris
2212 4851 2420 4918 objecta
2465 4850 2652 4904 mortis
2698 4837 3024 4920 generibus,
3071 4853 3362 4907 maximum
3408 4854 3538 4913 illud

1935 4954 2305 5017 argumentum
2349 4943 2446 4999 fuit
2489 4959 2595 4998 non
2630 4943 2702 4998 ob
2745 4943 3032 4997 humanam
3060 4944 3344 5014 quamdam
3376 4962 3538 5001 ocea-

1936 5040 2138 5094 sionem
2171 5036 2390 5091 Paulum
2417 5050 2538 5091 esse
2563 5050 2902 5090 conversum.
2933 5035 3220 5105 Propterea
3245 5051 3344 5092 nos
3372 5039 3538 5096 etiam

1937 5133 2169 5201 priorem
2215 5131 2330 5199 ejus
2372 5129 2530 5183 vitam
2579 5129 2632 5183 in
2679 5129 2915 5184 medium
2947 5127 3140 5185 afferre
3167 5131 3454 5197 voluimus,
3483 5144 3538 5188 et

1935 5223 2214 5278 ardentem
2239 5223 2411 5276 zelum
2435 5221 2550 5290 ejus
2570 5222 2876 5287 ostendere,
2907 5237 3014 5292 quo
3041 5223 3338 5278 Eeclesiam
3369 5240 3539 5293 oppu-

1934 5316 2129 5385 gnabat
2151 5356 2165 5379 ,
2199 5323 2256 5367 ut
2283 5328 2404 5366 eum
2433 5312 2551 5382 ejus
2581 5328 2678 5382 pro
2717 5313 2972 5369 Ecclesiae
3011 5314 3324 5371 defensione
3357 5333 3538 5385 promo

1938 5407 2253 5475 ptitudinem
2303 5405 2464 5460 animi
2507 5405 2742 5472 videris,
2789 5406 2956 5462 Deum
3003 5407 3228 5475 laudes,
3276 5412 3364 5480 qui
3415 5410 3540 5466 facit

1937 5500 2116 5553 omnia
2147 5508 2200 5552 et
2241 5497 2604 5553 transformat.
2641 5499 2927 5569 Propterea
2958 5501 3106 5556 Pauli
3137 5517 3351 5574 quoque
3377 5504 3539 5559 disci-

1935 5593 2091 5664 pulus
2131 5592 2412 5664 diligenter
2455 5595 2607 5648 nobis
2654 5609 2718 5649 ae.
2763 5595 3045 5664 perspicue
3073 5597 3248 5666 priora
3276 5598 3536 5665 narravit,

1937 5690 2010 5744 ita
2037 5688 2257 5744 dicens:
2290 5687 2480 5742 Saulus
2518 5697 2681 5742 autem
2715 5689 2883 5742 adhuc
2920 5691 3120 5760 spirans
3150 5692 3313 5745 minas
3353 5702 3397 5745 et
3429 5706 3540 5746 ca!-

1937 5783 2050 5835 dem
2075 5782 2127 5836 in
2156 5780 2431 5851 discipulos
2462 5779 2670 5837 Domini
2701 5781 2836 5854 (Act.
2866 5780 2920 5836 9.
2952 5783 3027 5855 l).
3059 5784 3134 5838 Ac
3162 5783 3353 5839 vellem
3380 5796 3528 5854 equi-
