4080 6406
523 305 626 360 ίὲῧ

523 419 646 471 dem
676 430 777 486 ego
806 429 1015 485 quoque
1055 412 1313 475 hodierno
1352 413 1437 468 die
1483 414 1797 483 prooemium
1836 412 2110 482 inchoare,

521 507 711 561 vellem
751 504 815 559 ad
856 504 1061 559 initium
1100 504 1421 558 narrationis
1446 504 1693 575 aggredi;
1723 503 1816 558 sed
1841 504 1997 558 video
2021 518 2113 573 pe-

525 598 674 666 lagus
698 594 961 664 quoddam
989 594 1373 649 sententiarum
1398 609 1463 648 ex
1490 595 1603 649 solo
1628 594 1844 648 nomine
1872 608 1932 649 se
1958 592 2111 648 nobis

522 687 832 741 obtrudere.
875 685 1056 755 Cogita
1098 699 1329 755 namque
1369 694 1620 755 quautam
1648 700 1679 739 e
1708 684 1929 754 vestigio
1957 682 2113 740 nobis

524 775 677 841 illud,
703 774 916 839 Saulus,
951 776 1301 844 quazstiouem
1330 783 1539 829 moveat
1568 793 1581 828 :
1608 774 1870 843 siquidem
1891 774 2035 829 aliud
2059 775 2111 829 in

520 868 760 937 epistolis
783 871 1017 939 positum
1048 883 1243 923 nomen
1266 867 1516 922 occurrit.
1567 864 1765 921 Paulus
1791 882 1962 921 servus
1986 864 2113 921 Iesu

518 958 729 1023 Christi,
756 970 963 1013 uocatus
997 959 1254 1029 apostolus
1293 957 1468 1028 (Rom.
1498 959 1546 1012 l.
1573 956 1667 1027 l):
1701 955 1900 1010 Paulus
1928 966 1976 1010 et
2007 955 2113 1012 So-

521 1050 721 1103 stlmtes
741 1064 761 1103 :
790 1048 985 1103 Paulus
1008 1058 1209 1103 vocatus
1235 1046 1495 1119 apostolus
1526 1048 1605 1117 (l.
1634 1046 1749 1102 Cor.
1784 1048 1833 1101 Ι.
1867 1045 1918 1118 1)
1944 1065 1957 1101 :
1980 1047 2114 1101 Ecce

522 1156 614 1211 ego
663 1139 860 1194 Paulus
902 1140 1016 1194 dico
1060 1140 1197 1194 vobis
1245 1138 1441 1211 (Galat.
1471 1138 1526 1193 5.
1562 1137 1639 1207 Ξ)
1674 1156 1686 1192 :
1717 1138 1828 1207 jam
1875 1152 2005 1193 vero
2057 1146 2115 1191 ut

520 1232 740 1301 Paulus,
769 1244 821 1288 et
850 1231 1044 1303 ubique
1070 1231 1264 1287 Paulus
1290 1231 1606 1301 appellatur,
1639 1244 1743 1284 non
1770 1237 1949 1285 autem
1979 1229 2115 1285 Sau-

518 1324 601 1378 lus
627 1324 839 1379 dicitur.
866 1321 976 1377 Cur
1002 1322 1160 1392 igitur
1181 1331 1337 1377 antea
1368 1321 1579 1387 Saulus,
1608 1330 1789 1391 postea
1817 1336 1944 1375 vero
1976 1321 2111 1376 Pau-

519 1412 604 1468 lus
633 1423 849 1469 vocatus
876 1414 992 1467 est?
1018 1412 1203 1483 Neque
1223 1427 1349 1467 vero
1371 1412 1601 1479 simplex
1630 1420 1713 1466 est
1736 1411 1824 1464 illa
1850 1412 2108 1481 quaestio:

516 1504 695 1558 statim
728 1504 871 1559 enim
912 1503 1101 1559 Petrus
1129 1503 1361 1558 accurrit
1392 1519 1405 1555 :
1438 1517 1559 1557 nam
1599 1512 1654 1557 et
1693 1502 1809 1571 ipse
1838 1512 1994 1556 antea
2023 1501 2109 1556 Si-

519 1609 642 1647 mon
672 1593 970 1661 dicebatur,
995 1602 1177 1664 postea
1195 1608 1322 1648 vero
1344 1592 1542 1663 Cephze
1569 1607 1765 1648 nomen
1795 1592 2002 1662 accepit
2025 1610 2037 1645 :
2059 1602 2112 1646 et

528 1684 771 1739 Zebedtei
800 1684 891 1739 filii
919 1684 1148 1740 Jacobus
1172 1691 1229 1740 et
1256 1683 1488 1738 Joannes
1518 1692 1720 1737 mutato
1748 1682 1965 1738 nomine
1990 1681 2111 1736 Filii

520 1778 739 1831 tonitrui
761 1786 885 1832 sunt
908 1776 1155 1847 appellati
1186 1774 1374 1848 (Marc.
1409 1777 1464 1831 3.
1491 1776 1578 1830 16.
1609 1777 1724 1846 l7).
1753 1774 1862 1830 Nec
1888 1775 1939 1830 in
1965 1774 2114 1831 Novo

515 1868 687 1922 solum
726 1868 1092 1935 Testamento,
1143 1868 1236 1925 sed
1285 1869 1444 1925 etiam
1494 1868 1547 1922 in
1590 1867 1774 1923 Veteri
1817 1868 2113 1944 reperimus

515 1959 786 2014 Abraham
817 1971 973 2016 antea
1000 1961 1201 2016 dictum
1230 1961 1429 2015 Abram
1454 2001 1469 2021 .
1502 1968 1686 2030 postea
1713 1960 2020 2025 Abraham;
2060 1968 2116 2014 et

514 2049 681 2106 Jaeob
723 2053 951 2120 primum
977 2051 1145 2107 Iacob
1170 2066 1291 2107 esse
1337 2052 1540 2106 dictum
1565 2092 1577 2110 .
1609 2050 1802 2105 deinde
1828 2050 2019 2115 Israel;
2060 2059 2114 2105 et

514 2140 727 2195 Sat-ram
779 2142 1008 2212 primum
1061 2140 1247 2197 Saram
1300 2154 1464 2207 esse,
1519 2139 1713 2194 deinde
1767 2139 1980 2195 Sarram
2018 2148 2114 2193 :et

1269 300 1327 356 S.
1368 299 1648 357 JOANNIS
1683 297 2154 354 CHRYSOSTOMI
2196 298 2519 355 ARCHIEP.
2559 297 3092 356 CONSTANTINOP.

3715 299 3819 356 ιιι

2222 412 2417 467 multas
2449 413 2601 467 nobis
2630 411 2744 468 hmo
2769 415 2990 468 mutatio
3014 414 3287 469 nominum
3312 415 3450 483 parit
3468 413 3818 483 quaestiones,

2221 518 2284 557 ac
2316 519 2522 571 vereor,
2553 521 2618 559 ne
2644 506 2822 561 multis
2851 506 3128 561 fluminum
3150 504 3353 569 ell‘usis,
3376 506 3589 561 ﬂuentis
3614 506 3825 563 doctri-

2222 608 2305 647 na:
2334 608 2639 651 sermonem
2670 595 2812 651 velut
2839 597 3061 651 obruam
3090 606 3144 651 et
3165 596 3440 652 suffoccm.
3466 595 3600 652 Nam
3627 614 3821 668 quem-

2222 684 2507 739 admodum
2538 686 2589 740 in
2615 702 2744 756 agro
2771 687 2992 743 humido
3032 698 3085 743 et
3124 689 3323 758 Irriguo
3354 689 3676 757 ubicumque
3700 690 3827 758 quis

2221 774 2373 840 fodit,
2399 776 2633 848 undique
2656 768 2829 832 fontes
2853 779 3151 834 scaturiunt
3173 797 3188 832 :
3212 780 3291 834 sic
3310 788 3363 833 et
3390 778 3441 833 in
3470 793 3600 846 agro
3623 778 3826 835 divinae

2222 866 2510 936 Scriptum
2534 908 2549 932 ,
2586 870 2909 939 ubicumque
2942 868 3299 937 reseraveris,
3331 869 3591 938 plurimos
3629 865 3829 923 ﬂuvios

2222 956 2427 1013 videbis
2456 972 2738 1028 erumpere
2770 977 2783 1013 :
2817 973 2975 1029 quam
3015 958 3085 1012 ob
3122 972 3336 1012 causam
3376 974 3442 1012 ne
3476 972 3666 1013 omnes
3702 957 3829 1011 illos

2222 1049 2378 1102 simul
2413 1050 2670 1103 hodierno
2694 1049 2781 1103 die
2809 1048 3075 1103 eﬂ'undam
3100 1090 3113 1113 ,
3142 1064 3249 1103 non
3284 1046 3628 1103 mediocriter
3654 1048 3824 1117 perti-

2222 1154 2423 1194 mesco.
2472 1140 2807 1209 Quapropter
2843 1140 3014 1193 rivum
3055 1139 3197 1194 hunc
3243 1149 3482 1194 nostrum
3527 1138 3821 1205 claudens,

2221 1232 2496 1287 caritatem
2530 1242 2762 1287 vestram
2790 1230 2856 1286 ad
2895 1246 3108 1286 sacrum
3140 1231 3340 1286 fontem
3372 1232 3657 1301 praesulum
3686 1232 3823 1287 isto-

2221 1338 2362 1386 rum,
2408 1326 2892 1394 magistrorumqne
2934 1324 3285 1380 transmittam
3327 1322 3605 1393 limpidum
3644 1324 3819 1389 illum,

2221 1413 2507 1482 potabilem
2542 1429 2604 1469 ac
2642 1415 2881 1487 dulcem,
2912 1415 3054 1484 quod
3085 1432 3150 1470 ex
3186 1415 3448 1485 spirituali
3479 1426 3626 1486 petra
3651 1416 3826 1471 fluen-

2221 1512 2332 1558 tum
2355 1514 2552 1560 manat.
2586 1504 2817 1561 Menkm
2842 1506 2999 1577 igitur
3018 1506 3083 1561 ad
3106 1506 3472 1577 excipiendam
3494 1506 3821 1575 doctrinam,

2221 1593 2287 1649 ad
2315 1596 2621 1666 spirituales
2657 1597 2842 1652 latices
2873 1596 3195 1653 hauriendos
3225 1612 3503 1667 paremus,
3546 1608 3603 1653 nt
3638 1598 3730 1652 ﬁat
3765 1600 3822 1654 in

2221 1686 2374 1741 nobis
2411 1687 2529 1742 fons
2564 1703 2715 1757 aqua:
2758 1687 2998 1743 salientis
3040 1689 3090 1741 in
3130 1688 3291 1742 vitam
3331 1699 3589 1744 aeternam
3619 1706 3632 1742 :
3659 1704 3821 1761 quam

2223 1793 2320 1833 uos
2344 1792 2530 1833 omnes
2558 1779 2802 1835 obtinere
2842 1782 3146 1851 contingat,
3181 1780 3350 1850 gratia
3392 1792 3448 1835 et
3492 1780 3825 1851 benignitate

2224 1870 2435 1924 Domini
2467 1871 2636 1925 nostri
2663 1871 2791 1927 .lcsu
2814 1871 3032 1935 Christi,
3056 1886 3154 1943 per
3178 1887 3336 1941 quem
3362 1882 3560 1926 etcum
3586 1887 3693 1943 quo
3722 1873 3826 1927 Pa-

2223 1962 2289 2015 tri
2314 1962 2505 2030 gloria,
2534 1962 2726 2027 honor,
2762 1964 3064 2035 impcrium,
3097 1979 3201 2018 una
3229 1977 3350 2018 cum
3381 1972 3567 2018 sancto
3592 1979 3654 2019 ac
3682 1964 3822 2019 vivi-

2222 2051 2325 2106 lico
2350 2052 2569 2122 Spiritu,
2596 2069 2735 2109 nunc
2764 2064 2819 2109 et
2846 2069 3078 2124 semper,
3099 2062 3153 2109 et
3181 2055 3233 2108 in
3264 2054 3456 2108 szecula
3479 2055 3819 2111 seculorum.

2221 2142 2410 2196 Amen.

514 2396 599 2438 ΔΙ)
644 2394 757 2438 EOS
802 2394 909 2445 QUI
956 2391 1552 2435 BEPBEHBNDEBANT
1596 2390 1732 2432 Ευιι
1762 2389 1841 2431 OB
1874 2387 2348 2431 PROLIXITATEM
2386 2390 2631 2446 EORUM,
2678 2393 2820 2442 OUE
2865 2395 3055 2437 DICTA
3101 2396 3421 2449 FUERANT,
3470 2397 3551 2438 ET
3588 2398 3668 2439 AD
3714 2396 3823 2440 nos

591 2496 700 2548 QUI
744 2494 1155 2538 BEEVITATEM
1200 2491 1528 2537 ORATIONIS
1572 2491 1754 2534 )EGRE
1783 2488 2155 2562 'FEREBANT,
2203 2488 2415 2540 DEQUE
2459 2491 2641 2534 SAULI
2687 2494 2767 2535 ΕΤ
2810 2494 2997 2537 PAULI
3030 2496 3527 2550 APPELLATIONB,
3580 2498 3661 2540 ET
3695 2499 3823 2542 εοιι

592 2594 826 2637 Paratus
871 2592 1043 2635 ιισιιο
1086 2592 1366 2641 νοωιιτυε
1411 2590 1509 2633 srr
1545 2591 1744 2643 ADAM,
1793 2589 1872 2632 ET
1902 2586 2073 2640 quon
2118 2588 2418 2631 DTILITEB
2449 2592 2522 2634 ac
2568 2593 2982 2652 rnvcruosn;
3030 2597 3239 2648 ATQUE
3284 2597 3346 2639 tv
3397 2597 3505 2640 eos
3549 2597 3657 2650 QUI
3690 2600 3823 2641 nn-

594 2694 750 2739 CENS
790 2693 1089 2737 FUERANT
1133 2692 1272 2735 ILLU
1282 2691 1529 2734 MINATI.

1820 2772 2510 2814 -ςοθοα--ι-

586 2928 637 2982 Ι.
668 2924 803 2994 Quid
829 2938 1011 2994 quaeso
1042 2921 1199 2977 nobis
1247 2919 1509 2989 agendum
1542 2925 1633 2975 est
1677 2918 1936 2973 hodierno
1978 2917 2104 2972 die?

516 3014 789 3086 Siquidem
814 3012 942 3068 dum
966 3010 1360 3067 multitudinem
1386 3020 1617 3065 vestram
1659 3024 1822 3066 cerno
1842 3048 1857 3074 ,
1901 3023 1969 3062 ne
1996 3008 2113 3062 lon-

514 3106 632 3176 gius
662 3118 966 3158 sermonem
1012 3101 1354 3170 protraham,
1402 3099 1743 3170 pertimesco.
1788 3097 1922 3153 Cum
1965 3098 2108 3153 enim

515 3196 827 3269 provehitur
849 3194 1062 3263 longius
1090 3192 1346 3247 doctrina:
1374 3204 1575 3254 sermo,
1606 3189 1762 3243 video
1798 3204 1892 3243 vos
1928 3189 1980 3243 in
2011 3203 2109 3242 an-

515 3289 719 3357 gustias
747 3286 994 3342 redactos
1020 3299 1116 3340 vos
1142 3285 1367 3338 invicem
1396 3282 1712 3337 conculcare
1735 3322 1751 3345 ,
1783 3290 1941 3351 atque
1974 3280 2112 3336 hanc

515 3396 581 3435 ex
614 3377 872 3450 angustiis
913 3375 1255 3431 afllietionem
1278 3415 1293 3439 ,
1345 3389 1450 3443 quo
1488 3374 1665 3427 minus
1706 3371 1989 3441 diligenter
2017 3386 2113 3424 an-

517 3471 697 3536 diatis,
725 3468 983 3540 impedire
1009 3485 1023 3521 :
1051 3465 1154 3522 nisi
1186 3467 1329 3521 enim
1361 3466 1572 3535 quietus
1598 3463 1665 3517 sit
1696 3478 1758 3517 ac
1796 3462 2112 3531 tranquillus

518 3554 730 3608 auditor
749 3594 765 3618 ,
794 3552 1015 3607 minime
1045 3559 1218 3623 potest
1243 3565 1366 3605 cum
1396 3548 1574 3603 studio
1602 3547 1670 3602 ad
1691 3562 1754 3601 ea
1782 3563 1901 3617 qua:
1925 3547 2113 3601 dicun-

520 3655 607 3701 tur
641 3643 938 3698 attendere.

591 3734 706 3788 Duo
734 3750 915 3804 genera
940 3732 1250 3787 auditarum.
1278 3761 1348 3772 --
1378 3731 1513 3787 Cum
1542 3731 1699 3803 igitur
1719 3729 2108 3785 multitudinem

520 3837 756 3879 vestram
781 3865 797 3890 ,
830 3834 886 3877 ιιι
915 3820 1055 3889 dixi,
1084 3822 1239 3878 video
1258 3864 1272 3887 ,
1310 3838 1377 3877 ne
1410 3822 1620 3893 longius
1651 3836 1954 3877 sermonem
1984 3836 2111 3890 pro-

520 3915 727 3969 traham
776 3916 1131 3984 pertimesco,
1186 3915 1279 3968 sed
1322 3913 1447 3968 dum
1496 3912 1838 3983 cupiditatem
1881 3920 2111 3967 vestram

520 4007 823 4070 considero,
854 4005 1149 4061 doctrinam
1180 4004 1496 4059 contrahere
1522 4004 1833 4059 reformido.
1863 4004 1997 4058 Nam
2022 4003 2112 4073 qui

518 4099 664 4163 sitit,
714 4097 815 4151 nisi
847 4098 993 4167 prius
1020 4096 1268 4166 poculum
1296 4096 1559 4166 repletum
1588 4095 1816 4162 viderit,
1860 4111 1929 4150 ne
1954 4095 2116 4150 labris

524 4188 739 4259 quidem
773 4188 1016 4243 lubenter
1045 4187 1171 4242 illud
1196 4186 1447 4243 admovet
1473 4227 1489 4252 ,
1530 4186 1624 4242 sed
1661 4190 1906 4257 quamvis
1944 4195 2114 4243 totum

523 4281 883 4336 exhausturos
908 4295 1014 4333 non
1042 4280 1145 4346 sit,
1175 4288 1344 4333 totum
1371 4280 1633 4349 repletum
1664 4294 1889 4335 cernere
1918 4294 2117 4335 concu-

524 4370 703 4442 piscit.
751 4367 1111 4437 Quamobrem
1139 4408 1155 4434 ,
1198 4384 1303 4439 quo
1332 4377 1490 4437 pacto
1518 4384 1603 4424 me
1646 4369 1699 4423 in
1731 4367 1830 4423 hac
1858 4370 2117 4425 concione

524 4476 713 4531 gerere
752 4460 977 4516 debeam
1001 4500 1017 4525 ,
1056 4459 1262 4529 ignoro.
1307 4458 1440 4514 Nam
1468 4469 1522 4515 et
1560 4458 1819 4516 brevitate
1852 4462 2117 4517 sermonis

526 4555 764 4611 laborem
793 4563 1030 4610 vestrum
1058 4554 1298 4611 minuere
1324 4555 1447 4609 volo
1469 4596 1485 4621 ,
1528 4563 1582 4610 et
1610 4555 1867 4609 orationis
1895 4557 2117 4627 prolixi-

528 4656 636 4702 tate
664 4657 895 4703 vestram
940 4645 1282 4715 cupiditatem
1329 4646 1568 4715 explere.
1623 4646 1786 4716 Atqui
1835 4656 2119 4716 utrumque

526 4740 752 4795 istorum
794 4752 1169 4809 saepenumero
1209 4738 1461 4807 praestiti,
1506 4752 1568 4793 ac
1595 4753 1663 4794 ne
1698 4738 1865 4793 semel
1906 4739 2118 4807 quidem

527 4831 729 4886 crimen
756 4829 935 4901 effugi.
976 4829 1100 4884 Scio
1130 4843 1217 4885 me
1246 4843 1485 4899 persaepe
1507 4868 1523 4896 ,
1564 4829 1693 4884 dum
1734 4830 1886 4883 vobis
1934 4844 2117 4900 parco,

530 4932 652 4978 ante
678 4921 838 4977 tinem
871 4922 1149 4991 abrupisse
1174 4934 1501 4985 sermonem,
1533 4928 1587 4975 et
1613 4922 1666 4975 in
1696 4936 1795 4976 nos
1823 4922 2123 4975 clamarunt

531 5014 601 5076 ii,
631 5029 858 5082 quorum
880 5013 1091 5068 animus
1128 5014 1310 5068 satiari
1349 5012 1569 5068 minime
1593 5022 1803 5083 potest,
1832 5014 1923 5085 qui
1954 5016 2121 5069 sacris

532 5103 779 5158 laticibus
818 5102 1034 5171 assidue
1060 5102 1306 5158 fruuntur
1330 5145 1347 5171 ,
1387 5102 1481 5160 sed
1508 5118 1796 5174 numquam
1823 5115 1997 5161 tamen
2023 5121 2120 5161 ex-

532 5193 781 5263 plentur,
828 5192 972 5248 Beati
1010 5194 1117 5259 illi,
1163 5196 1249 5265 qui
1289 5196 1544 5259 esuriunt,
1585 5204 1630 5249 ct
1662 5196 1837 5250 sitiunt
1868 5198 2123 5267 justitiam

533 5283 747 5353 (Matth.
783 5286 836 5341 5.
867 5285 965 5355 6),
1008 5294 1064 5340 et
1108 5284 1329 5341 istorum
1359 5286 1617 5341 adversos
1664 5285 1924 5341 clamores
1954 5289 2117 5358 perti-

538 5391 784 5432 mescens
811 5392 994 5433 rursus
1015 5377 1274 5433 doctrinae
1303 5394 1609 5434 sermonem
1642 5379 1873 5449 protraxi
1892 5381 2120 5449 longius,

536 5477 594 5523 et
620 5469 818 5524 idcirco
844 5468 896 5523 in
941 5469 1145 5525 crimen
1172 5469 1390 5526 incurri.
1437 5470 1569 5525 Nam
1596 5469 1683 5541 qui
1706 5470 1969 5525 sermonis
1998 5470 2124 5526 bre-

538 5560 703 5615 vitate
731 5563 1099 5627 delectantur,
1144 5569 1491 5617 occurrentcs
1516 5560 1777 5626 orabant,
1810 5570 1864 5615 ut
1890 5561 2126 5629 ipsorum

542 5654 833 5709 infirmitati
879 5668 1155 5724 parcerem
1180 5693 1199 5719 ,
1242 5664 1404 5725 atque
1447 5654 1723 5710 concionis
1766 5653 2125 5723 prolixitatem

541 5742 929 5801 contraherent.
976 5744 1109 5801 Dum
1154 5743 1310 5815 igitur
1347 5759 1443 5802 vos
1474 5743 1528 5801 in
1568 5744 1838 5818 angustias
1882 5744 2127 5803 redactos

2220 2914 2436 2969 intueor
2459 2958 2473 2983 ,
2530 2930 2835 2971 sermonem
2886 2918 3102 2972 silentio
3146 2935 3397 2976 coercere
3423 2921 3612 2977 studeo
3642 2940 3655 2976 :
3688 2921 3817 2976 dum

2217 3020 2345 3059 vero
2369 3021 2462 3059 vos
2498 3007 2754 3076 angustiis
2785 3022 2997 3077 pressos
3037 3010 3235 3064 idcirco
3265 3025 3371 3065 non
3403 3011 3689 3074 recedere,
3722 3010 3820 3066 sed

2218 3098 2284 3153 ad
2327 3100 2622 3169 longiorem
2652 3115 2867 3155 cursum
2914 3111 3125 3170 paratos
3153 3116 3276 3157 esse
3301 3143 3316 3169 ,
3356 3116 3552 3157 acuere
3586 3103 3833 3173 linguam

2220 3189 2489 3246 desidero.
2527 3192 2787 3261 Angustiw
2825 3193 2952 3246 mihi
2990 3203 3106 3246 sunt
3135 3194 3356 3263 undique
3381 3192 3542 3266 (Dan.
3578 3195 3665 3250 l5.
3692 3193 3815 3261 22).

2218 3281 2356 3349 Quid
2396 3282 2624 3336 faciam?
2655 3282 2789 3337 Nam
2826 3283 2871 3337 is
2900 3283 3117 3354 quidem
3140 3285 3231 3354 qui
3263 3285 3352 3338 uni
3381 3285 3600 3341 domino
3627 3286 3817 3351 servit,

2219 3374 2417 3444 unique
2470 3374 2750 3429 sententiae
2799 3375 3009 3446 cogitur
3057 3375 3344 3443 famulari,
3397 3378 3552 3433 facile
3600 3378 3825 3433 domino

2220 3474 2397 3535 potest
2439 3465 2689 3535 placere,
2742 3481 2916 3534 neque
2947 3480 2973 3518 a
3006 3466 3279 3534 proposito
3306 3466 3559 3521 aberrare
3591 3484 3605 3520 :
3637 3476 3689 3521 at
3721 3482 3824 3537 ego

2219 3555 2417 3609 tnultos
2447 3555 2618 3609 habeo
2645 3555 2891 3609 dominos
2912 3595 2926 3617 ,
2967 3554 3054 3623 qui
3082 3563 3231 3609 tanto
3258 3555 3466 3610 servire
3496 3556 3694 3625 populo
3719 3570 3819 3610 co-

2218 3660 2345 3717 gor,
2378 3645 2532 3716 cujus
2558 3645 2768 3701 diversa
2799 3653 2882 3700 est
2914 3646 3202 3700 sententia.
3238 3646 3361 3702 llam
3391 3656 3567 3701 autem
3594 3662 3701 3701 non
3733 3646 3819 3699 id-

2218 3738 2363 3791 circo
2393 3746 2517 3791 sunt
2541 3753 2569 3791 a
2612 3752 2699 3791 me
2736 3737 2874 3790 dicta
2896 3776 2912 3799 ,
2941 3736 3082 3805 quod
3110 3737 3424 3791 servitutem
3451 3752 3592 3807 :egre
3623 3736 3819 3803 feram,

2219 3829 2397 3893 absit,
2447 3842 2618 3897 neque
2669 3826 2813 3897 quod
2867 3834 3103 3881 vestrum
3150 3826 3418 3898 defugiam
3464 3827 3819 3883 dominatum.

2220 3918 2362 3973 Nihil
2390 3920 2529 3973 enim
2560 3917 2690 3971 mihi
2710 3928 2792 3972 est
2817 3916 2916 3972 hac
2937 3917 3193 3972 servitute
3219 3916 3679 3973 honorificentius.
3700 3917 3819 3973 Non

2224 4011 2293 4064 ita
2324 4010 2624 4065 diademate
2653 4024 2716 4063 ac
2745 4025 2977 4079 purpura
3005 4009 3264 4079 gloriatur
3290 4008 3608 4079 Imperator,
3635 4017 3692 4063 ut
3714 4024 3818 4080 ego

2222 4102 2459 4157 caritatis
2507 4112 2700 4155 vestra:
2746 4102 3063 4157 servitutem
3106 4101 3239 4155 mihi
3284 4100 3628 4156 honorificam
3658 4100 3823 4157 duco.

2221 4192 2494 4263 Siquidem
2527 4193 2602 4246 illi
2651 4207 2816 4263 regno
2856 4205 3002 4247 mors
3029 4191 3269 4246 succedit
3298 4209 3311 4244 :
3346 4190 3471 4245 huic
3495 4202 3674 4245 autem
3697 4206 3819 4246 ser-

2222 4287 2373 4340 vituti
2394 4328 2409 4353 ,
2441 4286 2486 4340 si
2519 4295 2663 4341 recte
2696 4292 2906 4354 peracta
2937 4282 3139 4351 fuerit,
3183 4298 3408 4354 regnum
3433 4284 3650 4345 caeleste
3679 4298 3822 4353 pra:-

2226 4386 2462 4446 paratum
2476 4385 2577 4431 est.
2602 4376 2796 4430 Beatus
2816 4375 2958 4430 enim
2977 4383 3057 4429 est
3080 4373 3277 4429 Fidelis
3294 4390 3488 4441 seruus,
3512 4383 3559 4427 et
3575 4374 3821 4443 prudens,

2224 4486 2370 4535 quem
2403 4468 2659 4538 constituit
2686 4468 2920 4522 dominus
2947 4469 3056 4537 ejus
3079 4509 3094 4533 ,
3123 4476 3176 4521 ut
3201 4448 3451 4523 couscriu’s
3489 4466 3593 4520 suis
3618 4465 3701 4521 det
3726 4468 3820 4520 tri-

2227 4560 2313 4613 tici
2332 4576 2637 4616 mensuram.
2682 4558 2843 4613 Amen
2871 4559 2984 4612 dico
3012 4559 3169 4622 vobis,
3194 4574 3348 4628 super
3375 4558 3546 4612 omnia
3574 4558 3706 4616 bona
3727 4572 3828 4613 sua

2226 4652 2488 4705 constituet
2523 4668 2637 4706 eum
2675 4649 2823 4719 (Luc.
2870 4650 2958 4704 12.
2990 4649 3078 4705 42.
3110 4649 3223 4719 44).
3282 4647 3442 4709 Vides
3486 4662 3721 4723 quantus
3759 4652 3835 4708 sit

2228 4742 2497 4798 servitutis
2528 4743 2684 4813 hujus
2724 4751 2994 4812 qnzestus,
3044 4741 3087 4796 si
3130 4741 3417 4816 diligenter
3459 4744 3603 4801 obita
3634 4745 3843 4803 fuerit?

2229 4834 2401 4904 Super
2429 4834 2606 4888 omnia
2632 4833 2833 4888 domini
2864 4835 3001 4889 bona
3027 4836 3325 4893 constituit.
3368 4836 3483 4891 Non
3511 4851 3641 4907 ergo
3673 4837 3835 4892 defu-

2228 4926 2316 4995 gio
2341 4927 2651 4981 servitutem
2678 4967 2692 4985 .
2722 4925 2916 4995 quippe
2946 4928 3182 4998 quicum
3215 4927 3382 4983 Paulo
3407 4928 3659 4982 serviam.
3695 4926 3826 4982 Nam

2230 5027 2285 5071 et
2318 5017 2407 5071 ille
2433 5016 2597 5072 dicit:
2634 5014 2755 5070 Non
2788 5021 3119 5088 nasmetipsos
3147 5020 3482 5089 praedicamus
3502 5060 3518 5083 ,
3556 5018 3649 5073 sed
3676 5018 3826 5073 Chri-

2230 5116 2361 5160 stum
2388 5107 2563 5161 desum
2591 5105 2866 5162 Dominum
2896 5124 2913 5162 :
2939 5125 3030 5163 nos
3078 5119 3244 5163 autem
3276 5125 3443 5163 servos
3484 5118 3672 5163 vestros
3713 5124 3823 5179 pro

2235 5208 2345 5269 pter
2385 5199 2563 5255 Iesum
2594 5200 2684 5271 (ἓ.
2718 5200 2836 5256 Cor.
2864 5201 2918 5255 4.
2951 5201 2983 5256 5
3002 5200 3041 5272 ).
3086 5201 3152 5256 Et
3178 5201 3303 5271 quid
3331 5201 3451 5256 dico
3478 5201 3745 5256 Paulum?
3774 5202 3825 5257 Si

2233 5289 2277 5345 is
2302 5291 2391 5363 qui
2420 5292 2475 5347 in
2516 5292 2687 5348 forma
2720 5292 2811 5347 Dei
2839 5300 2987 5358 erat,
3020 5293 3365 5365 semetipsum
3395 5293 3697 5347 exinanivit
3724 5291 3831 5348 fur-

2241 5403 2381 5440 mam
2401 5390 2543 5443 servi
2564 5386 2839 5455 accipiens
2863 5394 3082 5454 propter
3110 5399 3299 5439 servos
3320 5382 3579 5451 (Philipp.
3595 5382 3650 5437 2.
3671 5382 3723 5436 6.
3748 5384 3825 5452 7),

2244 5477 2367 5545 quid
2398 5490 2656 5546 magnum
2702 5484 2918 5545 praesto,
2954 5474 2999 5528 si
3032 5488 3133 5544 ego
3170 5488 3362 5528 servus
3396 5472 3518 5526 llam
3540 5474 3826 5528 conservis

2244 5568 2358 5639 ipse
2377 5584 2569 5623 servus
2591 5575 2812 5638 prepter
2830 5567 2934 5622 mei
2942 5565 3265 5638 psumiNon
3281 5581 3411 5635 ergo
3422 5564 3567 5634 quod
3592 5574 3825 5619 vestram

2245 5662 2562 5717 servitutem
2594 5663 2915 5727 detrectem,
2954 5662 3061 5718 ista
3094 5662 3237 5726 dixi,
3272 5660 3365 5715 sed
3404 5668 3461 5714 ut
3507 5660 3638 5715 mihi
3670 5660 3826 5715 venia

2247 5756 2426 5821 detur,
2463 5755 2508 5809 si
2547 5754 2689 5809 forte
2714 5754 2896 5809 minus
2919 5754 3331 5812 convenientem
3358 5750 3827 5823 omniumjudicio
