4080 6408
559 320 664 378 195

555 436 892 508 κατάλληλον
941 429 1279 504 παραθῶμαι
1328 430 1429 500 την
1475 425 1776 498 τράπεζαν.
1826 423 2042 508 Μᾶλλον
2085 417 2142 472 δέ

557 520 714 577 τοῦτο
743 505 1004 590 ποιήσατε
1031 513 1233 580 ὃλέγω
1264 509 1380 564 νῦν.
1421 510 1690 579 ’Υμεῖςόί
1739 507 1816 578 μὴ
1859 505 2146 590 δυνάμενοι

559 589 943 677 ἐμπλησθῆναι
976 613 1128 663 ποτε,
1153 593 1292 649 ἀλλά
1313 593 1610 656 πεινῶντες
1632 591 1735 677 καὶ
1757 589 2023 660 διψῶντες
2045 590 2148 658 τὴν

556 671 923 754 δίκαιοσύνην,
969 682 1065 734 καὶ
1104 696 1107 700 ·
1121 677 1348 751 μακρῶν
1384 674 1786 747 ἐπιθυμοῦντες
1821 673 2019 741 λόγων,
2060 671 2147 726 διά

557 771 656 840 τὴν
687 767 972 821 ἀσθένειαν
996 763 1105 817 τῶν
1126 757 1419 833 ’ὑμετέρων
1451 760 1696 829 ἀδελφῶν
1730 756 2031 829 ἀνάσχεσθε
2051 754 2148 840 τοῦ

560 839 826 921 συνήθους
856 847 1334 922 περικοπτομένην
1368 845 1569 916 μέτρου
1609 842 1722 896 τῶν
1748 842 1945 910 λόγων.
1978 839 2148 922 Πάλιν

558 939 715 1008 ὑμεῖς
743 938 792 989 οῖ
826 929 1193 1007 βραχυλογίας
1231 929 1465 1001 ἐρῶντες
1489 928 1586 982 καὶ
1611 925 1998 997 ἀσθενέστερον
2029 921 2148 1008 δια-

555 1005 835 1089 κείμενοι,
877 1018 966 1069 διὰ
1015 1016 1142 1077 τοὺς
1186 1010 1452 1080 ἀδελφοὺς
1494 1012 1622 1074 τούς
1679 1008 1982 1081 ὑμετέρους
2021 1005 2148 1089 τοὺς

482 1142 484 1146 τ
554 1087 720 1172 ἀκορέ
734 1119 889 1165 στους
921 1099 1118 1171 μικρὸν
1153 1099 1533 1168 καρτερὴσατε
1566 1095 1751 1156 πόνον,
1797 1091 2042 1163 ἀλλήλων
2077 1087 2148 1142 τά

559 1187 701 1257 βάρη
734 1183 1117 1255 βαστάζοντες,
1147 1181 1242 1234 καὶ
1269 1178 1448 1242 οὕτως
1473 1174 1910 1247 ἀναπληρώσατε
1937 1173 2148 1257 τονᾼνό-

558 1254 661 1338 μον
686 1254 781 1321 τοῦ
804 1265 1064 1336 Χριστοῦ.
1093 1265 1206 1333 Οὐχ
1233 1264 1398 1332 ὁρᾶτε
1422 1261 1551 1323 τοὺς
1567 1258 1972 1330 Ὀλυμπιακούς
1990 1254 2148 1326 ἀθλη-

553 1351 654 1416 τὰς
679 1354 758 1415 είς
787 1351 953 1422 μέσον
986 1347 1080 1401 τοῦ
1119 1346 1344 1417 θεάτρου
1371 1342 1520 1416 [109]
1553 1341 1817 1405 ἐστῶτας.
1845 1343 1901 1422 ἐν
1934 1357 2148 1411 μεσημ-

557 1435 687 1506 ϐρίᾳ
729 1415 873 1506 μέσῃ
921 1431 1175 1502 καθάπερ
1229 1415 1287 1483 ἐν
1338 1415 1554 1497 καμίνῳ
1594 1424 1673 1495 τῷ
1722 1415 2007 1494 σκάμματι
2055 1425 2148 1476 καὶ

557 1515 750 1588 γυμνῷ
775 1517 851 1587 τῷ
885 1514 1095 1586 σώματι
1125 1512 1225 1584 τὴν
1259 1513 1452 1565 ἀκτῖνα
1483 1508 1826 1580 δεχομένους,
1845 1507 2036 1577 ὥσπερ
2069 1524 2148 1560 τι·

560 1598 656 1661 νὰς
695 1599 1016 1671 ἀνδριάντας
1056 1595 1293 1668 χαλκοῦς
1327 1596 1420 1648 καὶ
1451 1594 1588 1665 ἡλίῳ
1627 1593 1721 1646 καὶ
1751 1589 2017 1663 κονιορτῷ
2052 1591 2148 1643 καὶ

556 1685 740 1750 πνίγει
771 1683 1136 1753 μαχομένους,
1156 1680 1244 1732 ινα
1260 1679 1359 1750 τὴν
1377 1676 1619 1730 τοσαῦτα
1646 1675 2148 1746 ταλαιπωρήσασαν

557 1765 799 1837 κεφαλὴν
839 1765 1058 1834 φύλλοις
1092 1763 1301 1834 δάφνης
1338 1760 1751 1830 ἀναδήσωνται;
1795 1758 1955 1829 Ὑμῖν
1988 1757 2045 1810 δέ
2086 1758 2147 1810 οὐ

559 1849 820 1917 στέφανος
863 1848 1102 1920 δάφνης,
1145 1847 1283 1900 ἀλλά
1327 1843 1591 1914 στέφανος
1630 1842 1977 1913 δικαιοσύνης
2017 1843 2150 1912 πρό-

558 1948 738 1985 κειται
781 1931 884 2001 τῆς
923 1931 1241 2003 ἀκροάσεως
1266 1930 1294 1981 6
1327 1927 1540 1999 μισθὸς,
1573 1926 1668 1979 καὶ
1700 1925 1821 1978 οὐδέ
1854 1925 2014 1995 μέχρι
2057 1939 2146 1992 με·

559 2014 838 2087 σημϐρίας
892 2013 1066 2085 μέσης
1119 2014 1263 2083 ὑμᾶς
1307 2011 1635 2080 κατέχομεν,
1684 2008 1799 2061 ἀλλ’
1839 2008 1934 2062 ἀπ’
1970 2008 2150 2060 αὐτῶν

555 2099 665 2152 τῶν
691 2098 993 2170 προοιμίων
1017 2097 1114 2167 τῆς
1137 2095 1410 2166 ὑμετέρας
1430 2093 1592 2146 ἕνεκα
1618 2091 1914 2163 ὀλιγωρίας
1940 2090 2151 2157 διαφίε-

561 2199 689 2252 μεν,
733 2181 813 2235 ἔτι
851 2181 946 2234 τοῦ
982 2181 1144 2252 ἀέρος
1181 2179 1335 2247 ὄντος
1383 2176 1765 2248 ψυχροτέρου,
1815 2175 1908 2228 καὶ
1943 2174 2006 2226 οὐ
2033 2173 2149 2227 δια-

557 2264 989 2336 θερμαινομένου
1042 2266 1163 2326 ταῖς
1212 2261 1320 2315 ἀπὸ
1362 2260 1468 2313 τῶν
1514 2260 1752 2312 ἀκτίνων
1811 2256 2031 2327 βολαῖς,
2085 2256 2146 2308 οὐ

558 2351 743 2417 γυμνῇ
774 2350 838 2417 τῇ
878 2345 1090 2415 κεφαλῇ
1126 2344 1443 2405 κελεύοντες
1475 2342 1619 2412 ὑμᾶς
1647 2341 1743 2411 τὴν
1776 2342 1968 2394 ἀκτῖνα
2001 2339 2149 2409 δέχεο

559 2429 706 2491 σθαι,
729 2428 845 2481 ἀλλ’
877 2429 985 2482 ὑπὸ
1012 2429 1102 2481 τὸν
1127 2427 1442 2498 θαυμαστὸν
1471 2424 1660 2478 τοῦτον
1690 2424 1896 2494 ἄγομεν
1929 2423 2146 2494 ὄροφον,

559 2512 654 2564 καὶ
677 2512 776 2583 τὴν
799 2512 908 2564 ἀπὸ
921 2514 1021 2578 τῆς
1041 2509 1238 2579 στέγης
1258 2508 1578 2579 παρέχομεν
1610 2506 1964 2583 παραμυθίαν
1987 2505 2152 2558 παντὶ

559 2581 748 2667 τρόπω
790 2593 1132 2657 ἐπινοοῦντες
1162 2595 1291 2663 ὑμῖν
1330 2592 1536 2656 ἀνεσιν,
1570 2581 1710 2643 ὥστε
1760 2589 2013 2658 γενέσθαι
2042 2589 2150 2642 τῶν

559 2679 870 2750 λεγομένων
902 2679 1128 2748 μόνιμον
1167 2678 1266 2745 τὴν
1303 2675 1586 2746 ἀκρόασιν.
1636 2673 1728 2744 Μὴ
1765 2673 1827 2742 δὴ
1864 2672 2150 2742 γενώμεθα

567 2760 946 2833 μαλακώτεροι
982 2759 1093 2813 τῶν
1120 2758 1350 2812 παιδίων
1376 2756 1485 2810 τῶν
1522 2757 1809 2828 ἡμετέρων
1830 2756 1936 2809 τῶν
1964 2758 2044 2819 είς
2071 2756 2150 2809 δι-

562 2845 860 2898 δασκαλεῖα
909 2840 1268 2915 βαδιζόντων·
1305 2844 1491 2894 ἐκεῖνα
1532 2840 1636 2909 πρὸ
1668 2839 1768 2909 τῆς
1800 2838 2150 2908 μεσημϐρίας

562 2931 626 2981 οὐ
647 2930 820 3000 τολμᾷ
844 2927 1199 2998 ἀναχωρῆσαι
1221 2925 1428 2987 οῐκαδε,
1460 2923 1575 2976 ἀλλ’
1607 2922 1730 2992 ἄρτι
1760 2920 1854 2975 τοῦ
1877 2922 2150 2989 γάλακτος

563 3010 1010 3071 ἀποσπασθέντα,
1045 3008 1170 3081 ἄρτι
1213 3008 1310 3079 τῆς
1346 3005 1518 3077 θηλῆς
1556 3006 1891 3068 ἀποστάντα,
1937 3004 2150 3057 οὐδέπω

562 3095 681 3148 οωέ
712 3094 878 3147 πέντε
904 3093 1041 3147 ἐτῶν
1071 3091 1287 3164 ἡλικίαν
1318 3091 1539 3159 ἄγοντα,
1564 3090 1621 3141 ἐν
1641 3085 1819 3158 νεαρῴ
1841 3087 1935 3140 καὶ
1956 3087 2151 3159 ἀπαλῴ

565 3177 782 3248 σώματι
814 3180 997 3230 πᾶσαν
1022 3175 1322 3246 καρτερίαν
1358 3172 1728 3226 ἐπιδείκνυται
1750 3189 1762 3201 ’
1802 3172 1904 3224 κᾶν
1937 3173 2146 3239 πνῖγος,

563 3261 665 3314 κᾶν
705 3260 878 3330 δίψος,
911 3260 1015 3314 κάν
1046 3257 1174 3313 ἀλλο
1198 3256 1376 3312 ὁτιοῦν
1412 3255 1741 3328 παρενοχλῇ,
1771 3255 1905 3325 πρὸς
1933 3271 2150 3325 μεσημη

557 3346 730 3415 δρίαν
765 3344 936 3414 μέσην
963 3342 1333 3413 διακαρτερεῖ,
1382 3340 1475 3393 καὶ
1526 3339 1950 3408 ταλαιπωρεῖται
1986 3339 2042 3392 ἐν
2071 3336 2149 3407 τῷ

564 3427 918 3496 διδασκαλείῳ
964 3424 1267 3495 καθήμενα.
1311 3424 1372 3475 Εἰ
1427 3423 1520 3476 καὶ
1563 3421 1766 3492 μηδένα
1813 3416 1905 3474 οὖν
1939 3421 2146 3490 ἕτερον,

565 3512 746 3563 ἐκεῖνα
783 3506 1153 3579 μιμησώμεθα
1196 3506 1263 3559 τὰ
1303 3505 1492 3560 παιδία
1547 3507 1707 3575 ἡμεῖς
1753 3507 1802 3556 οἱ
1856 3502 2048 3574 ἄνδρες
2100 3505 2149 3556 οἱ

565 3593 871 3660 φθάσαντες
915 3593 994 3654 είς
1048 3592 1245 3661 μέτρον
1275 3589 1511 3660 ἡλικίας.
1547 3590 1610 3641 El
1649 3587 1759 3658 γὰρ
1798 3588 1924 3648 τοὺς
1961 3586 2151 3654 λόγους

563 3677 690 3738 τοὺς
732 3676 860 3745 περὶ
895 3675 1097 3746 ἀρετῆς
1149 3673 1224 3744 μὴ
1257 3671 1565 3742 ἀνεχόμεθα
1606 3671 1846 3737 ἀκούειν,
1899 3671 1981 3733 τίς
2019 3673 2151 3742 ἡμῖν

573 3758 858 3815 πιστεῦσαι
885 3758 1195 3828 δυνήσεται,
1226 3757 1304 3810 ὅτι
1338 3757 1463 3818 τοὺς
1488 3755 1685 3818 πόνους
1713 3755 1840 3816 τοὺς
1864 3754 2001 3824 ὑπὲρ
2048 3755 2147 3824 τῆς

568 3842 771 3914 ἀρετῆς
821 3840 1235 3911 ὐπομενοῦμεν;
1287 3843 1336 3894 εί
1385 3839 1521 3910 πρὸς
1569 3838 1666 3910 τὴν
1706 3829 1972 3910 ἀκρόασιν
2010 3836 2151 3890 οῦτω

569 3928 828 3995 βάναυσοι
850 3966 864 3988 ,
898 3925 1059 3978 πόθεν
1085 3924 1263 3995 δῆλον,
1307 3925 1386 3976 ὅτι
1430 3922 1565 3992 πρὸς
1605 3921 1707 3992 τὴν
1740 3921 1942 3988 πρᾶξίν
1983 3922 2152 3992 ἐσμεν

569 4009 1014 4081 διεγηγερμένοι;
1058 4011 1104 4061 εί
1136 4009 1195 4060 τὸ
1224 4006 1594 4076 εὐκολώτερον
1621 4002 2148 4075 παραπεμψώμεθα,

569 4093 685 4156 πῶς
714 4095 772 4146 τὸ
800 4091 1201 4161 δυσκολώτερον
1229 4091 1486 4158 οἴσομεν;
1523 4088 1684 4140 Ἀλλὰ
1711 4087 1879 4158 πολλὴ
1910 4088 1942 4156 ἡ
1973 4103 2153 4139 στενο-

568 4178 764 4248 χωρία,
801 4176 970 4246 πολλὴ
1000 4177 1033 4246 ἡ
1068 4174 1178 4244 βία.
1225 4174 1364 4225 Ἀλλ’
1401 4173 1633 4226 ἄκουσον
1672 4172 1749 4224 ὅτι
1790 4170 2006 4240 βιασταὶ
2052 4171 2152 4240 ἀρ-

569 4260 802 4323 πάζουσι
835 4258 933 4328 τὴν
963 4257 1237 4326 βασιλείαν
1270 4255 1380 4306 τῶν
1432 4253 1706 4325 οὐρανῶν,
1745 4255 1824 4306 ὅτι
1859 4253 2016 4323 στενὴ
2059 4255 2152 4306 καὶ

570 4341 904 4411 τεθλιμμένη
929 4342 962 4409 ἡ
989 4340 1104 4402 ὁδὸς
1134 4341 1168 4409 ἡ
1200 4339 1489 4406 ἀπάγουσα
1538 4339 1616 4398 είς
1659 4336 1754 4404 τὴν
1788 4335 1953 4405 ζωήν.
1999 4336 2153 4389 Ἐπεὶ

571 4421 662 4477 οὖν
693 4423 881 4493 στενὴν
916 4424 1008 4476 καὶ
1023 4420 1392 4492 τεθλιμμένην
1416 4418 1532 4472 ὁδὸν
1557 4418 1868 4488 βαδίζομεν,
1893 4419 1982 4471 δεῖ
2003 4419 2150 4487 ἡμᾶς

572 4508 666 4562 καὶ
703 4506 930 4569 ἐαυτοῦς
966 4506 1316 4576 στενοχωρεῖν
1352 4502 1444 4556 καὶ
1467 4500 1691 4564 θλίϐειν,
1718 4502 1804 4553 ἵνα
1834 4500 2152 4571 δυνηθῶμεν

569 4589 840 4642 διοδεῦσαι
875 4590 975 4660 τὴν
1019 4587 1210 4658 στενὴν
1245 4587 1336 4638 καὶ
1377 4583 1746 4652 τεθλιμμένην
1779 4583 1914 4635 όδόν.
1960 4583 2016 4634 Ὀ
2045 4583 2153 4652 γὰρ

571 4672 928 4743 ἐμπλατύνων
972 4672 1183 4734 ἑαυτὸν,
1233 4672 1334 4722 οὐκ
1370 4669 1434 4723 ἂν
1459 4667 1600 4722 οὕτω
1641 4665 1838 4737 ῥᾳδίως
1870 4664 1966 4736 τὴν
2004 4667 2154 4718 ἐστε-

570 4756 820 4826 νωμένην
862 4755 980 4807 ὁδὸν
1023 4753 1342 4826 διαδράμοι,
1379 4751 1494 4805 ἀλλ’
1527 4753 1554 4804 6
1588 4750 1844 4819 συνέχων,
1900 4750 1992 4801 καὶ
2042 4749 2154 4800 θλί-

570 4843 701 4908 ϐων,
733 4842 827 4894 καὶ
857 4841 1080 4904 πιέζων.

645 4971 711 5041 β’.
740 4971 874 5024 Οὐδὲ
899 4970 1003 5042 γάρ
1027 4968 1284 5042 περὶτῶν
1310 4966 1579 5036 τυχόντων
1603 4964 1750 5017 ἐστὶν
1777 4962 1909 5033 ἡμῖν
1933 4960 1966 5031 ἡ
1995 4961 2156 5031 ζήτη-

572 5073 656 5119 σις
679 5056 938 5126 τήμερον,
966 5053 1080 5107 ἀλλ’
1101 5053 1244 5124 ὑπὲρ
1276 5051 1591 5120 ζητήματος
1615 5047 1714 5115 τὴν
1736 5045 1913 5114 ἀρχὴν
1937 5043 2035 5113 μὲν
2057 5042 2154 5095 λα-

573 5139 762 5200 ϐόντος
797 5138 943 5208 χθές,
968 5137 1068 5207 τὴν
1097 5137 1152 5190 δέ
1195 5135 1348 5188 λύσιν
1375 5133 1448 5204 μὴ
1484 5131 1743 5192 λαϐόντος
1778 5128 1867 5179 διὰ
1890 5128 1951 5179 τὸ
1987 5126 2155 5179 πολλὰ

573 5223 824 5289 γενέσθαι
862 5224 931 5275 τά
967 5220 1361 5292 προϐληθέντα.
1412 5216 1476 5270 Τί
1520 5215 1585 5285 δὴ
1641 5211 1797 5267 τοῦτό
1830 5213 1975 5273 ἐστι;
2021 5209 2158 5281 Περὶ

573 5305 676 5374 τῆς
703 5305 811 5358 τῶν
833 5305 1112 5376 ὀνομάτων
1140 5303 1344 5366 θέσεως
1369 5298 1691 5374 ἐζητοῦμεν,
1725 5295 1868 5364 ἆπερ
1921 5292 2156 5362 ἐπέθηκε

575 5392 685 5450 τοῖς
710 5387 885 5456 ἁγίοις
912 5375 938 5441 6
965 5388 1117 5451 Θεός.
1150 5385 1320 5439 Τοῦτο
1343 5385 1397 5438 δέ
1424 5384 1484 5436 τὸ
1507 5383 1742 5452 πρᾶγμα
1769 5378 1916 5429 δοκεῖ
1939 5375 2038 5444 μὲν
2071 5376 2158 5443 ψι-

574 5474 665 5526 λὸν
691 5468 852 5531 εἶναι,
884 5473 936 5524 εί
969 5487 1054 5533 τις
1093 5470 1347 5523 ἀκούσειε
1371 5485 1382 5497 ·
1422 5467 1589 5519 πολὺν
1615 5465 1672 5517 δέ
1704 5463 1817 5532 ἔχει
1861 5458 2154 5528 θησαυρὸν,

576 5559 629 5612 εί
650 5573 733 5618 τις
771 5548 908 5626 μετά
931 5553 1214 5623 ἀκριϐείας
1244 5552 1522 5623 προσέχοι.
1554 5550 1663 5602 Καὶ
1692 5546 1801 5616 γὰρ
1827 5547 1925 5613 τὴν
1965 5544 2157 5612 χρυσῖ-

577 5657 659 5694 τιν
692 5625 795 5708 γῆν
825 5638 922 5708 τὴν
954 5639 1010 5688 ἐν
1042 5638 1156 5698 τοῖς
1190 5636 1471 5705 μετάλλοις
1511 5633 1769 5702 κειμένην
1797 5629 1865 5708 οί-
1877 5627 1974 5696 μὲν
2001 5625 2157 5708 ἄπας

582 5740 664 5792 (μοι
696 5722 784 5776 καὶ
829 5705 1012 5784 ἁπλῶς
1042 5719 1275 5789 δρῶντες
1321 5719 1423 5787 γῆν
1471 5715 1784 5786 νομίζουσιν
1818 5705 1952 5762 εἶναι
1997 5705 2157 5778 μόνον

1272 325 1328 384 S.
1369 322 1649 382 JOANNIS
1690 323 2182 382 CHRYSOSTOMI
2223 319 2544 379 ARCHIEP.
2584 310 3134 373 CONSTANTlNOP.

3739 298 3841 354 126

2248 419 2432 490 ψιλὴν,
2479 421 2574 474 καὶ
2610 421 2765 475 οὐδὲν
2796 418 2956 474 πλέον
2990 418 3136 488 ἔχειν
3168 415 3268 485 τῆς
3300 411 3493 484 ἐτέρας
3515 430 3528 444 ·
3549 414 3600 464 bl
3632 412 3689 467 δέ
3720 416 3837 478 τοῖς

2247 511 2548 583 ὀφθαλμοῖς
2568 515 2668 584 τῆς
2689 512 2884 582 τέχνης
2911 507 3425 580 καταμανθάνοντες
3446 503 3596 556 ἴσασι
3618 504 3713 574 τῆς
3736 502 3843 573 γῆς

2246 604 2454 674 ταύτης
2475 601 2575 674 τὴν
2601 603 2909 671 εὐγένειαν,
2929 598 3122 669 καὶτῷ
3147 599 3284 669 πυρὶ
3310 595 3646 668 παραδόντες
3672 592 3840 666 αὐτῆς

2247 695 2347 764 τὴν
2382 694 2637 763 βάσανον,
2663 692 2883 747 ἃπασαν
2906 691 3075 761 αὐτῆς
3106 689 3508 742 ἐκκαλύπτουσι
3547 685 3646 756 τὴν
3675 684 3844 755 ὐπερ-

2248 786 2401 856 οχὴν.
2427 783 2587 838 Οῦτω
2631 783 2696 855 δὴ
2730 783 2825 838 καὶ
2864 783 2956 834 ἐπὶ
3002 780 3112 834 τῶν
3139 779 3305 834 θείων
3346 775 3609 849 Γραφῶν,
3639 775 3690 828 οἱ
3745 771 3841 843 μὲν

2249 879 2435 943 ἁπλῶς
2481 875 2630 948 [HO]
2673 873 3145 943 ἀναγινώσκοντες
3175 871 3243 924 τά
3286 869 3594 940 γράμματα
3615 907 3631 928 ,
3655 866 3841 937 γράμ-

2250 988 2398 1043 ματα
2419 968 2559 1023 εἶναι
2579 967 2864 1038 νομίζουσι
2892 965 3023 1034 ψιλά
3052 964 3147 1018 καὶ
3173 962 3284 1016 τῶν
3314 961 3489 1042 ἀλλων
3511 961 3676 1014 πλέον
3695 957 3842 1028 ἐχειν

2247 1062 2401 1116 οὐδέν
2421 1077 2436 1093 ο
2467 1062 2516 1113 οί
2551 1060 2607 1114 δὲ
2635 1061 2747 1123 τοῖς
2775 1059 2875 1127 τῆς
2907 1059 3146 1119 πίστεως
3175 1053 3474 1123 ὀφθαλμοῖς
3504 1051 3646 1105 αὐτά
3672 1065 3842 1104 κατα-

2253 1151 2640 1221 μανθάνοντες,
2673 1147 2924 1218 καθάπερ
2958 1148 3159 1200 ἐκεῖνοι
3186 1147 3297 1206 τοῖς
3322 1142 3420 1212 τῆς
3449 1142 3649 1212 τέχνης
3672 1138 3842 1212 ὀργά-

2249 1260 2383 1307 νοις,
2429 1243 2564 1313 πυρὶ
2605 1240 2700 1293 τοῦ
2731 1241 3051 1309 Πνεύματος
3095 1234 3483 1306 παραδιδόντες
3523 1231 3706 1284 αὐτῶν
3743 1229 3844 1300 την

2252 1334 2517 1400 ἐξέτασιν,
2551 1334 2768 1387 ἅπαντα
2793 1331 2884 1384 τὸν
2919 1329 3122 1401 χρυσὸν
3152 1327 3331 1383 αὐτῶν
3363 1325 3582 1395 δψονται
3618 1324 3839 1395 ῥαδίως,

2251 1423 2425 1478 Πόθεν
2451 1419 2543 1476 οὖν
2572 1425 2604 1494 ἡ
2647 1423 2790 1493 ἀρχὴ
2827 1422 2926 1492 τῆς
2953 1419 3238 1490 ζητήσεως
3259 1417 3520 1487 γέγονεν;
3561 1414 3699 1467 Οὐδὲ
3733 1412 3842 1484 γάρ

2252 1515 2438 1578 ἁπλῶς
2470 1515 2811 1583 ἐνεπέσαμεν
2844 1515 2922 1574 είς
2951 1512 3051 1582 τὴν
3081 1509 3467 1584 πραγματείαν
3493 1507 3722 1577 ταύτην,
3757 1505 3840 1557 ἴνα

2252 1608 2327 1676 μή
2358 1621 2442 1669 τις
2471 1602 2632 1675 ἡμῶν
2669 1602 2927 1673 ἀκαιρίαν
2963 1597 3351 1669 καταγινώσκῃ
3374 1614 3385 1627 ·
3417 1596 3534 1650 ἀλλ’
3557 1595 3840 1665 ἐπεθυμή·

2253 1713 2429 1767 σαμεν
2450 1697 2626 1748 εἰπεῖν
2653 1695 2722 1748 τὰ
2752 1693 2966 1747 Παύλου
3000 1688 3430 1763 κατορθώματα,
3451 1689 3564 1741 τῶν
3580 1687 3841 1758 Πράξεων

2250 1789 2358 1843 τῶν
2410 1786 2790 1842 ἀπστολικῶν
2849 1787 2980 1857 ὑμῖν
3039 1779 3647 1852 ὐπαναγινωσκομένων
3673 1818 3690 1841 ,
3752 1780 3843 1831 καὶ

2251 1880 2509 1952 ἡψάμεθα
2533 1879 2630 1933 τοῦ
2655 1877 2945 1951 προοιμίου
2971 1877 3072 1947 τῆς
3094 1875 3337 1946 ἱστορίας
3358 1889 3373 1904 ’
3392 1872 3642 1944 ηὐραμεν
3665 1870 3724 1924 δέ
3746 1869 3842 1937 τὴν

2250 1970 2425 2042 ἀρχὴν
2469 1969 2561 2023 τοῦ
2609 1969 2950 2041 διηγήματος
2990 1955 3164 2030 οὕτως
3210 1965 3437 2035 ἔχουσαν
3461 1979 3474 1993 ·
3511 1960 3754 2023 Σαῦλος
3777 1957 3842 2009 δὲ

2251 2063 2337 2115 ἔτι
2381 2059 2657 2129 ἐμπνέων
2697 2056 2955 2125 ἀπειλῆς
2990 2056 3085 2110 καὶ
3135 2056 3325 2124 φόνου
3359 2057 3446 2118 εὶς
3484 2051 3628 2116 τοὺς
3659 2052 3843 2119 μαθηε

2251 2153 2359 2219 τὰς
2386 2152 2492 2207 τοῦ
2523 2153 2766 2220 Κυρίου.
2789 2151 3006 2214 Εὐθέως
3035 2150 3181 2219 ὑμᾶς
3203 2147 3517 2219 διετάραξεν
3547 2147 3581 2214 ἡ
3607 2143 3703 2199 τοῦ
3729 2143 3840 2195 ὀνό-

2254 2263 2423 2316 ματος
2467 2244 2736 2314 ἐναλλαγή
2753 2261 2767 2276 ο
2815 2243 3142 2314 εὑρίσκομεν
3169 2239 3273 2309 γάρ
3293 2239 3349 2292 ἐν
3364 2233 3842 2302 ταῖςἘπιστολαῖς

2250 2338 2525 2400 άπάσαις,
2562 2337 2658 2390 καὶ
2694 2338 2754 2388 ἐν
2790 2338 2906 2397 τοῖς
2938 2332 3247 2406 προοιμίοις
3279 2329 3510 2390 ἐκείνοις
3541 2328 3606 2380 οὐ
3638 2324 3844 2378 Σαῦλον

2253 2429 2436 2487 αὐτὸν,
2478 2427 2614 2481 ἀλλά
2661 2425 2874 2479 Παῦλον
2905 2423 3261 2493 καλούμενον,
3296 2418 3578 2473 καὶτοῦτο
3606 2416 3712 2469 οὐκ
3755 2413 3848 2468 ἐτιί

2251 2521 2443 2574 τούτου
2494 2520 2681 2591 μόνου,
2715 2517 2850 2571 ἀλλά
2881 2517 2974 2569 καὶ
3005 2515 3098 2568 ἐπὶ
3153 2513 3361 2565 πολλῶν
3397 2511 3602 2581 ἐτέρων
3626 2508 3850 2576 γινόμε-

2252 2630 2359 2667 νον.
2399 2613 2507 2667 Καὶ
2538 2611 2647 2682 γὰρ
2691 2609 2786 2674 καὶ
2814 2611 2840 2661 ό
2876 2608 3082 2676 Πέτρος
3116 2607 3298 2676 Σίμων
3323 2602 3544 2669 ἐλέγετο
3585 2600 3696 2670 πρὸ
3725 2598 3852 2652 τού-

2250 2722 2345 2758 του
2368 2747 2382 2768 ,
2412 2705 2507 2758 καὶ
2532 2703 2599 2756 τά
2639 2703 2805 2755 τέκνα
2841 2697 3124 2752 Ζεϐεδαίου
3165 2695 3419 2758 Ἰάκωϐος
3457 2694 3554 2746 καὶ
3592 2691 3854 2758 Ἰωάννης

2252 2796 2373 2848 Υἱοὶ
2424 2794 2655 2865 βροντῆς
2695 2791 3202 2864 μετωνομάσθησαν
3240 2788 3493 2857 ὕστερον,
3540 2783 3637 2837 καὶ
3683 2784 3741 2835 ἐν
3784 2787 3852 2853 τῇ

2252 2887 2468 2956 Παλαιᾷ
2495 2885 2551 2938 δέ
2579 2885 2640 2937 τὸ
2680 2884 2799 2944 ἔθος
2830 2883 2961 2935 αὐτὸ
2994 2880 3152 2934 τοῦτο
3201 2879 3300 2932 ἴδοι
3339 2894 3424 2940 τις
3451 2876 3516 2930 ἂν
3565 2876 3652 2926 ἐπ’
3691 2873 3853 2926 ἐνίων

2254 2978 2537 3049 κρατῆσαν
2559 2992 2570 3005 ·
2599 2975 2694 3027 καὶ
2723 2972 2832 3042 γὰρ
2860 2974 2887 3024 6
2925 2969 3176 3040 Ἀϐραάμ
3200 2967 3468 3039 πρότερον
3508 2963 3728 3035 Ἀϐράμ
3757 2965 3851 3014 λε-

2253 3069 2483 3140 γόμενος
2515 3067 2654 3136 μετὰ
2698 3063 2871 3117 ταῦτα
2929 3061 3182 3130 Ἀϐραὰμ
3215 3057 3485 3120 ἐκαλεῖτο,
3533 3055 3627 3107 καὶ
3660 3054 3855 3125 Σάρρα

2255 3163 2360 3233 πρὸ
2405 3160 2594 3214 τούτου
2634 3159 2804 3229 Σάρα,
2851 3153 2990 3226 μετά
3015 3152 3072 3207 δὲ
3103 3150 3273 3205 ταῦτα
3302 3151 3490 3219 Σάρρα
3523 3147 3849 3217 ὠνομάσθη,

2254 3255 2347 3306 καὶ
2375 3253 2402 3304 ό
2446 3250 2638 3305 Ἰακὼϐ
2665 3251 2720 3302 δέ
2747 3247 2886 3320 μετά
2917 3245 3092 3298 ταῦτα
3130 3242 3349 3314 Ἰσραὴλ
3376 3239 3850 3312 προσηγορεύετο·

2252 3351 2452 3405 ἄτοπον
2487 3344 2580 3402 οὖν
2612 3345 2788 3409 ἔδοξεν
2809 3345 2945 3413 ἡμῖν
2977 3339 3114 3393 εἶναι
3143 3336 3400 3390 τοσοῦτον
3435 3335 3721 3406 ὀνομάτων
3753 3333 3852 3404 07;-

2255 3443 2455 3512 σαυρὸν
2485 3437 2870 3510 παραδραμεῖν
2915 3431 3122 3494 ἁπλῶς.
3162 3428 3334 3481 Τοῦτο
3379 3426 3437 3479 δὲ
3485 3426 3581 3479 καὶ
3623 3425 3716 3478 ἐπὶ
3747 3425 3850 3493 άρ-

2252 3537 2456 3606 χόντων
2487 3532 2592 3584 τῶν
2637 3528 2835 3594 ἔξωθεν
2863 3524 3160 3595 συμϐαῖνον
3189 3521 3342 3588 εὖροι
3370 3535 3454 3580 τις
3479 3517 3546 3572 ἄν
3570 3535 3581 3546 ·
3612 3517 3710 3570 καὶ
3740 3516 3853 3584 γὰρ

2254 3626 2346 3680 καὶ
2379 3623 2611 3684 ἐκείνοις
2659 3616 2880 3681 διπλοῦς
2909 3617 2937 3668 6
2969 3611 3362 3685 χρηματισμὸς
3394 3607 3504 3661 τῶν
3539 3607 3850 3676 ὀνομάτων.

2253 3720 2395 3788 Ὅρα
2438 3716 2528 3770 δέ·
2569 3710 2880 3776 Διεδέξατο
2905 3748 2920 3772 ,
2967 3705 3135 3777 φησὶ,
3175 3702 3283 3756 τόν
3315 3701 3554 3770 Φήλικα
3596 3700 3856 3768 Πόρτιος

2252 3808 2521 3877 Φῆστος·
2554 3807 2650 3860 καὶ
2683 3803 2843 3866 πάλιν
2863 3841 2878 3864 ,
2914 3797 3123 3865 Συγῆν
3150 3812 3240 3860 τις
3267 3791 3346 3857 τῷ
3377 3788 3705 3853 ἀνθυπάτῳ
3744 3805 3856 3841 κα-

2253 3900 2532 3969 λουμένῳ
2556 3894 2778 3964 Σεργίῳ
2805 3891 3027 3956 Παύλῳ
3046 3907 3059 3920 ·
3091 3888 3185 3940 καὶ
3213 3886 3242 3937 6
3270 3884 3360 3936 τὸν
3384 3880 3625 3953 Χριστὸν
3653 3879 3854 3942 ἐκδοὺς

2254 3995 2366 4056 τοῖς
2401 3988 2677 4050 Ἰουδαίοις
2717 3985 2942 4046 Πόντιος
2976 3980 3206 4041 Πιλάτος
3231 3976 3470 4044 ἐλέγετο.
3502 3973 3577 4027 Οὐ
3601 3975 3718 4035 τοῖς
3750 3971 3854 4041 ἄρ-

2253 4102 2406 4156 χουσι
2446 4082 2503 4136 δέ
2547 4079 2730 4151 μόνον,
2752 4074 2890 4131 ἀλλά
2922 4075 3017 4127 καὶ
3048 4075 3160 4133 τοῖς
3187 4065 3550 4140 στρατιώταις
3585 4063 3854 4124 πολλάκις

2251 4178 2415 4231 διπλᾶ
2447 4175 2516 4228 τά
2554 4171 2816 4240 ὀνόματα,
2867 4165 3097 4225 καὶτοῖς
3131 4161 3221 4213 τὸν
3261 4157 3534 4212 ἰδιωτικὸν
3562 4156 3845 4228 ἀνῃρημέο

2253 4285 2366 4330 νοις
2398 4266 2511 4337 βίον
2547 4262 2654 4316 ἀπὸ
2679 4258 2856 4321 αἰτίας
2901 4256 3045 4316 τινὸς
3091 4253 3186 4305 καὶ
3216 4249 3523 4311 ὑποθέσεως
3553 4246 3720 4317 διπλῆ
3754 4247 3853 4314 γέ-

2253 4378 2409 4432 γονεν
2441 4361 2474 4430 ἡ
2509 4351 2872 4430 προσηγορία.
2917 4349 3059 4402 Ἀλλ’
3101 4346 3242 4416 ὐπέρ
3279 4344 3378 4415 μὲν
3421 4341 3650 4396 ἐκείνων
3696 4341 3853 4396 οὐδὲν

2257 4460 2389 4530 ἡμῖν
2423 4453 2614 4524 ϐφελος
2643 4450 2827 4520 ζητεῖν
2854 4446 3018 4499 πόθεν
3049 4441 3224 4504 οὕτως
3254 4438 3568 4508 ἐκλήθησαν
3590 4455 3604 4470 ο
3637 4438 3768 4490 ὅταν
3792 4438 3854 4492 δὲ

2255 4554 2282 4605 ὀ
2315 4549 2447 4612 Θεὸς
2471 4543 2748 4617 ὀνομάζῃ,
2792 4541 2974 4593 πᾶσαν
3011 4531 3420 4589 ἐπιδείκνυσθαι
3461 4530 3700 4610 σπουδὴν
3742 4533 3854 4603 χρῇ

2255 4646 2331 4709 ώς
2358 4643 2539 4713 εὐρεῖν
2571 4638 2667 4708 τὴν
2704 4634 2903 4689 αἰτίαν.

2327 4756 2492 4811 Οὐδὲν
2520 4753 2629 4824 γὰρ
2654 4749 2837 4811 ἀπλῶς
2866 4743 2988 4799 οὐτε
3014 4741 3140 4812 είκῆ
3165 4740 3289 4795 οὐτε
3315 4740 3492 4793 ποιεῖν
3517 4736 3644 4792 οὐτε
3669 4738 3855 4808 λέγειν

2255 4853 2283 4904 ὁ
2316 4849 2446 4911 Θεὸς
2481 4844 2670 4899 εἴωθεν
2694 4885 2707 4907 ,
2748 4838 2862 4893 ἀλλ’
2897 4837 3132 4889 ἕκαστον
3167 4834 3306 4904 μετά
3336 4831 3438 4902 τῆς
3471 4831 3623 4902 αὐτῷ
3676 4849 3854 4902 προσ-

2254 4942 2494 5016 ηκούσης
2540 4937 2750 5006 σοφίας.
2783 4933 2849 4985 Τί
2884 4930 3081 5001 δήποτε
3108 4922 3202 4980 οὖν
3243 4925 3449 4986 Σαῦλος
3477 4923 3728 4992 ἐλέγετο,
3761 4925 3853 4978 ὅτε

2258 5037 2500 5096 ἐδίωκεν,
2535 5031 2629 5084 καὶ
2663 5027 2876 5087 Παῦλος
2925 5017 3355 5093 μετωνομάσθη,
3396 5018 3486 5069 ὅτε
3524 5017 3854 5085 ἐπίστευσες

2256 5124 2415 5187 Τινές
2466 5137 2628 5190 φασιν
2675 5118 2756 5168 δτι
2810 5111 2976 5183 ἡνίκα
3023 5107 3122 5179 μὲν
3157 5103 3406 5177 ἐθορύϐει
3450 5105 3544 5157 καὶ
3579 5105 3853 5176 ἐτάραττε

2257 5216 2352 5270 καὶ
2388 5212 2638 5282 συνέχεεν
2667 5208 2882 5260 ἅπαντα
2903 5244 2916 5268 ,
2949 5201 3042 5254 καὶ
3070 5198 3168 5271 τὴν
3215 5197 3546 5270 Ἐκκλησίαν
3595 5197 3852 5262 ἐσάλευε,

2261 5308 2460 5368 Σαῦλος
2498 5303 2731 5370 ἐλέγετο,
2761 5297 2828 5351 δι’
2858 5292 2990 5349 αὐτὸ
3021 5292 3179 5346 τοῦτο
3207 5291 3268 5344 τὸ
3305 5289 3558 5344 σαλεύειν
3587 5291 3690 5360 τὴν
3730 5292 3856 5344 Ἐκ-

2260 5399 2511 5471 κλησίαν,
2557 5394 2664 5448 ἀπὸ
2699 5391 2794 5444 τοῦ
2840 5387 3162 5459 πράγματος
3203 5381 3383 5437 λαϐὼν
3428 5382 3531 5453 τὴν
3571 5401 3854 5456 προσηγο-

2263 5494 2384 5567 ρίαν
2405 5507 2418 5522 ⁸
2456 5486 2642 5555 ἐπειδὴ
2667 5485 2724 5537 δέ
2753 5481 2966 5548 ἀπέστη
2998 5477 3097 5549 τῆς
3137 5477 3335 5547 μανίας
3364 5475 3582 5546 ἐκείνης
3618 5474 3714 5528 καὶ
3757 5476 3856 5546 τὴν

2261 5583 2504 5656 ταραχὴν
2532 5577 2784 5639 ἀπέθετο,
2813 5573 2907 5627 καὶ
2942 5570 3032 5623 τὸν
3057 5569 3289 5640 πόλεμον
3313 5567 3600 5632 κατέλυσε,
3631 5567 3731 5620 καὶ
3760 5567 3858 5621 τοῦ

2261 5679 2478 5735 διώκειν
2512 5669 2812 5734 ἐπαύσατο,
2844 5664 3006 5720 πάλιν
3036 5660 3245 5727 Παῦλος
3276 5659 3383 5713 ἀπὸ
3409 5659 3506 5713 τοῦ
3538 5657 3860 5715 παύσασθαι
