4080 6392
267 346 374 404 195

256 495 503 536 mensam
532 495 818 552 apponam.
871 476 970 533 Vel
1022 476 1200 547 potius
1245 472 1297 528 id
1338 473 1482 542 agite
1506 512 1521 535 ,
1552 469 1694 541 quod
1726 480 1868 523 nunc

255 575 458 629 dicam.
506 573 611 629 Vos
638 574 728 644 qui
758 557 1046 642 numquam
1084 565 1288 636 expleri
1320 562 1545 635 potestis
1567 604 1582 630 ,
1615 561 1711 617 sed
1738 574 1868 615 esu-

257 667 380 720 ritis
403 666 687 736 justitiam,
717 679 782 719 ac
805 662 986 728 sititis,
1028 660 1372 732 proiixosque
1401 667 1679 710 sermones
1703 667 1866 722 expe-

256 759 368 812 titis
397 800 412 823 ,
456 765 675 827 propter
714 755 935 811 fratrum
968 764 1271 808 veStrorum
1317 747 1742 804 imbecillitatem
1763 743 1866 798 ali-

252 851 383 919 quid
409 852 565 906 sinite
601 849 670 905 de
713 860 967 904 consueta
1005 847 1274 903 sermonis
1318 858 1570 900 mensura
1609 839 1864 898 resecari.

257 942 468 996 Rursus
499 955 599 996 vos
625 942 714 1011 qui
747 941 1062 995 brevitatem
1084 935 1344 993 orationis
1369 934 1653 1000 adamatis,
1687 940 1742 988 et
1765 931 1867 986 im-

261 1033 568 1086 becilliores
592 1014 743 1097 estis,
777 1031 944 1101 gratia
976 1029 1201 1083 fratrum
1231 1036 1556 1091 vestrorum,
1587 1024 1677 1096 qui
1704 1034 1866 1079 exsa-

256 1124 423 1176 turari
453 1138 557 1178 non
583 1131 826 1192 pessunt,
847 1121 1088 1176 laborem
1112 1121 1362 1190 exiguum
1391 1117 1640 1180 tolerate,
1662 1123 1863 1170 vestra-

255 1228 362 1282 que
391 1214 620 1268 invicem
653 1228 818 1267 onera
852 1222 1060 1282 portate
1081 1252 1098 1277 ,
1148 1220 1309 1280 atque
1337 1209 1409 1264 ita
1441 1207 1648 1264 Christi
1688 1207 1866 1275 legem

253 1305 547 1374 adimplete
584 1304 726 1376 (Gai.
768 1303 822 1359 6.
856 1303 935 1375 Ξ).
990 1301 1180 1358 Nonne
1220 1301 1415 1355 videtis
1459 1299 1868 1371 Olympicorum

257 1394 508 1449 ludorum
560 1394 789 1448 athletas
843 1394 1126 1457 in‘medio
1171 1402 1376 1447 stantes
1425 1390 1636 1445 theatro
1667 1390 1721 1444 in
1752 1390 1869 1460 ipso

256 1486 484 1542 meridie
517 1496 784 1555 tamquam
817 1485 868 1537 in
923 1484 1139 1539 fornace
1184 1483 1237 1536 in
1273 1481 1448 1536 stadio
1483 1495 1548 1535 ac
1576 1480 1720 1535 nudo
1745 1495 1865 1535 cor-

265 1583 404 1639 pore
431 1569 566 1624 solis
594 1569 781 1626 radios
808 1569 1144 1640 excipientes
1173 1569 1329 1639 quasi
1357 1574 1570 1623 statuas
1593 1564 1862 1636 quasdam

265 1667 530 1724 areas,“
553 1675 676 1715 cum
708 1660 844 1723 sole,
868 1660 1112 1729 pulvere,
1140 1666 1389 1728 aestuque
1412 1672 1678 1727 pugnare,
1708 1662 1766 1708 ut
1787 1661 1868 1707 tot

265 1751 530 1806 :erumnis
546 1761 800 1806 vexatum
825 1761 988 1821 caput
1019 1751 1159 1805 lauri
1189 1749 1335 1805 foliis
1359 1747 1678 1803 coronetur?
1697 1746 1863 1803 Vobis

265 1856 451 1900 autem
478 1858 586 1898 non
606 1845 792 1898 laurea
816 1858 1044 1907 corona,
1070 1843 1163 1898 sed
1181 1843 1412 1912 justltia:
1428 1855 1636 1895 corona
1660 1839 1714 1893 iu
1734 1853 1868 1909 prm-

266 1937 438 1990 mium
475 1935 776 1990 auditionis
814 1945 898 1990 est
931 1935 1235 2005 proposita,
1290 1949 1470 2004 neque
1502 1933 1570 1988 ad
1622 1931 1864 1987 medium

265 2043 444 2096 usque
478 2028 758 2083 meridiem
794 2042 889 2082 vos
927 2027 1260 2093 detinemus,
1297 2027 1392 2081 sed
1439 2026 1508 2080 ab
1535 2025 1672 2096 ipsis
1724 2025 1866 2081 lucis

263 2119 508 2173 exordiis
535 2134 634 2174 vos
662 2120 995 2176 dimittimus
1032 2131 1255 2191 pr0pter
1281 2126 1521 2174 vestram
1563 2116 1862 2190 ignaviam,

261 2211 392 2262 dum
435 2210 614 2265 adlmc
633 2226 725 2266 aer
743 2221 825 2283 est
843 2211 1094 2282 frigidus,
1115 2210 1422 2280 nequedum
1444 2210 1724 2264 radiorum
1744 2224 1864 2264 cre-

261 2300 380 2354 bris
399 2301 648 2368 jactibus
673 2303 1087 2358 concalefactus
1107 2320 1122 2370 ;
1142 2316 1252 2356 non
1275 2302 1456 2372 capite
1482 2300 1630 2355 nudo
1650 2315 1747 2356 vos
1770 2299 1863 2369 ju-

259 2392 455 2447 bemus
472 2394 605 2449 solis
623 2409 813 2450 aeStum
829 2397 1102 2465 excipere,
1123 2395 1217 2450 sed
1238 2396 1340 2450 sub
1357 2395 1618 2450 eximium
1637 2395 1864 2464 laquear

261 2484 410 2539 istud
435 2486 783 2549 deducimus,
811 2503 1018 2556 vosque
1053 2487 1182 2540 tecti
1212 2486 1412 2542 solatio
1439 2493 1494 2540 et
1514 2500 1863 2556 quocumque

259 2593 462 2646 genere
482 2577 851 2646 iucunditatis
876 2596 905 2632 a
931 2580 1092 2634 nobis
1112 2582 1422 2648 excogitato
1444 2593 1782 2640 recreamus,
1805 2586 1861 2630 ut

255 2684 344 2734 ea,
372 2686 492 2739 qua:
524 2672 671 2723 dicta
708 2669 936 2732 fuerint,
969 2670 1175 2725 diutius
1212 2677 1266 2724 et
1295 2669 1644 2728 conSIantius
1666 2669 1860 2724 audire

256 2762 506 2830 possitis.
533 2759 611 2816 Ne
636 2762 803 2831 igitur
834 2762 1080 2831 puerulis
1103 2762 1307 2815 nostris
1334 2761 1613 2815 molliores
1638 2760 1856 2824 fiamus,

253 2853 351 2920 qui
382 2852 604 2907 scholas
633 2851 987 2921 frequentant
1019 2871 1030 2905 :
1066 2853 1145 2906 illi
1178 2859 1305 2905 aute
1330 2851 1610 2906 meridiem
1635 2849 1856 2903 domum

255 2959 365 2999 non
387 2945 591 2998 audent
613 2944 813 3008 redire,
836 2944 929 2999 sed
962 2959 1068 2998 non
1090 2945 1161 2997 ita
1179 2944 1388 3014 pridem
1415 2958 1443 2994 a
1465 2943 1602 2996 lacte
1618 2941 1854 3011 depulsi,

250 3035 422 3105 paulo
450 3047 574 3089 ante
590 3036 768 3090 avulsi
798 3037 866 3088 ab
884 3035 1073 3098 ubere,
1095 3051 1218 3089 cum
1239 3033 1738 3102 nondumquinque
1758 3047 1859 3085 an-

254 3139 454 3177 norum
475 3131 688 3178 attatem
711 3123 1610 3192 attigerint,injuveniliactenero
1625 3136 1858 3191 corpore

248 3216 610 3269 tolerantiam
644 3232 865 3270 omnem
899 3232 1011 3286 prae
1033 3231 1093 3270 se
1125 3216 1306 3270 ferttnt
1339 3235 1350 3268 :
1381 3214 1637 3284 quamvis
1664 3221 1853 3277 aestus,

249 3310 508 3376 quamvis
537 3309 682 3372 sitis,
704 3308 960 3377 quamvis
984 3307 1132 3361 aliud
1151 3305 1371 3376 quidvis
1391 3306 1696 3362 molestiam
1723 3304 1857 3359 affe-

248 3408 360 3463 rat,
400 3400 468 3454 ad
494 3401 735 3455 medium
771 3415 948 3469 usque
979 3398 1262 3453 meridiem
1293 3399 1347 3452 in
1373 3398 1562 3453 schola
1598 3397 1854 3474 sedentes

249 3491 540 3546 tolerando
564 3506 624 3544 ac
651 3492 924 3562 patienter
947 3489 1173 3546 ferendo
1193 3499 1566 3560 perseverant.
1592 3489 1782 3559 Itaque
1808 3489 1853 3544 si

248 3583 463 3637 nullum
497 3583 686 3644 alium,
716 3583 982 3653 puerulos
1014 3582 1445 3641 illos.i'mitemur
1472 3598 1574 3636 nos
1606 3582 1730 3645 viri,
1759 3582 1853 3650 qui

245 3677 314 3728 ad
338 3677 545 3743 justam
567 3690 632 3729 ac
655 3675 952 3743 perfectam
978 3684 1196 3731 aetatem
1221 3677 1599 3746 pervenimus.
1623 3675 1680 3730 Si
1704 3678 1851 3731 enim

251 3766 540 3820 institutos
573 3767 641 3822 de
676 3768 884 3823 virtute
916 3784 1202 3824 sermones
1240 3769 1434 3823 audire
1470 3785 1580 3823 non
1609 3768 1852 3824 sustine-

249 3872 395 3919 mus,
419 3859 545 3924 quis
571 3858 733 3911 ttobin
750 3858 978 3914 credere
1009 3861 1213 3929 poterit
1235 3876 1336 3914 nos
1355 3860 1575 3915 labores
1595 3859 1854 3914 toleratu-

242 3962 338 4001 ros
362 3963 460 4016 pro
479 3949 676 4004 virtute
700 3951 1059 4004 subeundos?
1082 3951 1126 4006 si
1154 3950 1221 4004 ad
1250 3951 1583 4004 audiendum
1613 3949 1852 4004 illibera-

247 4039 333 4092 les
377 4043 514 4093 adeo
548 4040 724 4097 simus
758 4055 822 4095 ac
855 4041 1102 4106 sordidi,
1149 4044 1293 4097 unde
1328 4058 1428 4097 nos
1471 4042 1537 4096 ad
1572 4042 1842 4112 agendum

243 4136 612 4202 promptiores
635 4135 751 4190 fore
777 4137 1094 4192 constabit?
1115 4137 1158 4191 si
1178 4137 1322 4208 quod
1351 4137 1566 4192 facilius
1583 4146 1664 4192 est
1681 4137 1846 4191 omit-

247 4233 454 4287 tamus,
474 4227 753 4293 quomodo
775 4228 924 4297 quod
959 4228 1236 4284 difliciiius
1261 4239 1343 4284 est
1377 4229 1756 4299 perferemus?
1777 4231 1845 4282 At

239 4314 390 4368 enim
411 4315 594 4370 multa:
613 4325 741 4372 sunt
765 4318 865 4372 loci
891 4319 1182 4389 angustiae,
1201 4321 1371 4373 multa
1390 4319 1842 4383 violentia.Audi,

238 4419 398 4472 sane,
426 4407 570 4474 quod
597 4423 822 4479 regnum
847 4411 1114 4465 caelorum
1141 4412 1357 4481 rapiant
1378 4413 1598 4466 violenti
1623 4412 1840 4480 (Matth.

239 4494 330 4550 Il.
360 4495 468 4563 12),
496 4497 645 4566 quod
678 4507 836 4554 arcta
869 4503 941 4556 sit
971 4510 1024 4556 et
1055 4505 1411 4572 angustavia,
1447 4520 1568 4575 quae
1598 4506 1751 4559 ducit
1776 4506 1842 4559 ad

236 4587 408 4640 vitam
433 4585 654 4657 (Matth.
675 4588 851 4663 7.14).
870 4593 1103 4659 Quando
1129 4594 1296 4662 igitur
1319 4611 1415 4665 per
1443 4605 1649 4651 arctam
1674 4606 1728 4651 et
1755 4613 1848 4651 an-

235 4687 458 4748 gustant
484 4681 625 4733 viam
659 4683 993 4749 incedimus,
1017 4701 1118 4740 nos
1135 4687 1299 4740 etiam
1321 4697 1536 4756 oportet
1567 4705 1668 4744 nos
1695 4689 1844 4758 ipsos

234 4778 525 4826 coarctare
579 4780 633 4826 et
668 4778 1054 4845 comprimere,
1104 4786 1164 4832 ut
1204 4789 1411 4833 arctam
1448 4789 1502 4835 et
1549 4789 1841 4849 angustam

234 4860 516 4917 conﬁcere
553 4864 694 4916 viam
727 4857 1028 4934 possimus.
1060 4868 1192 4921 Nam
1220 4872 1312 4939 qui
1345 4873 1589 4941 seipsum
1616 4873 1838 4937 dilatat,

230 4968 348 5007 non
388 4953 461 5006 ita
521 4953 684 5010 facile
727 4957 865 5011 viam
909 4969 1204 5029 augustam
1253 4975 1560 5034 pet-curret,
1601 4965 1696 5020 sed
1742 4966 1836 5038 qui

226 5044 482 5112 scipsum
514 5046 758 5109 cohibet,
803 5051 1148 5120 comprimit,
1189 5059 1244 5106 et
1285 5056 1634 5122 constringit.

326 5126 384 5182 2.
433 5129 713 5186 Nominmn
765 5140 976 5192 mtttutio
1021 5143 1198 5210 quanti
1247 5144 1504 5212 facienda.
1560 5148 1850 5220 Scriptura

225 5233 398 5270 snt-rte
439 5223 693 5288 quomodo
742 5225 987 5294 legemftr.
1041 5262 1112 5272 —-
1167 5232 1353 5303 Neque
1401 5238 1542 5291 enim
1591 5239 1658 5294 de
1689 5244 1848 5298 rebus

228 5307 295 5360 tri
312 5309 537 5365 vialibus
563 5317 916 5383 «tumstiorietit
940 5319 1201 5379 habemus
1225 5324 1406 5391 hodie,
1434 5330 1528 5384 sed
1556 5331 1622 5386 de
1649 5349 1706 5388 re
1727 5351 1846 5398 auge

224 5413 314 5453 cae
327 5402 400 5469 pit
429 5405 639 5472 quidem
665 5406 713 5461 hc
734 5417 917 5466 sterno
950 5415 1038 5470 die
1080 5421 1328 5489 proponi,
1355 5437 1458 5476 non
1483 5427 1843 5494 potuitautcm

228 5493 436 5547 solutio
463 5499 775 5565 qumstionis
801 5504 1020 5573 afferri,
1055 5521 1276 5580 prOptcr
1316 5493 1501 5571 eorum
1547 5520 1846 5577 multitudi-

236 5598 525 5683 nea-igua:
554 5588 759 5646 fuerant
790 5595 839 5648 in
863 5597 1094 5653 medium
1116 5603 1339 5671 prolata.
1374 5606 1510 5673 Quid
1532 5610 1656 5665 illud
1685 5629 1845 5683 porro

233 5673 359 5728 est?
391 5676 464 5731 De
495 5683 770 5738 nominum
791 5686 1130 5757 impositione
1144 5699 1372 5764 quarstio
1386 5709 1520 5764 erat,
1554 5673 1844 5773 qum'Deus

233 5767 435 5824 sanctis
475 5770 755 5846 imposuit,
799 5778 903 5835 lies
929 5792 1105 5840 autem
1137 5787 1234 5842 ista
1261 5791 1434 5850 tenuis
1459 5767 1672 5856 videtur
1694 5814 1836 5870 esse,

1446 357 1535 414 ως
1577 350 1980 414 MUTATIONE
2018 347 2351 408 NOMINUM.
2393 350 2458 411 li.

3480 354 3581 417 iiii

1977 466 2020 519 si
2045 464 2164 535 quis
2194 464 2377 519 audiat
2407 481 2421 518 :
2452 464 2677 520 multum
2709 480 2838 522 vero
2872 468 3112 524 continet
3156 468 3467 527 thesaurum
3491 513 3507 539 ,
3538 475 3585 527 si

1974 561 2096 631 quis
2122 562 2409 633 diligenter
2435 561 2697 618 attendat.
2723 561 2857 619 Nam
2886 573 2941 619 et
2967 579 3188 620 auream
3217 574 3437 633 terram,
3463 581 3586 636 qum

1975 653 2030 706 in
2053 652 2255 716 fodinis
2285 653 2570 724 reperitur,
2603 653 2855 723 imperiti,
2887 664 2942 710 et
2970 655 3060 725 qui
3086 654 3416 726 negligenter
3437 658 3587 727 aspi.

1973 746 2151 812 ciunt,
2182 756 2382 803 terram
2406 746 2604 802 nudam
2626 747 2802 803 solum
2831 761 2953 804 esse
2981 757 3192 819 putant,
3233 764 3407 820 neque
3431 751 3591 820 quid.

1971 853 2134 908 quam
2183 839 2415 910 amplius
2459 839 2699 903 habere,
2749 855 2909 910 quam
2959 841 3121 896 aliam
3171 841 3416 911 quamvis
3450 860 3464 896 :
3498 845 3587 911 qui

1978 944 2110 985 vero
2128 930 2260 985 artis
2287 930 2459 987 oculis
2485 930 2630 987 illam
2661 931 3027 999 considerant,
3061 932 3215 988 istius
3247 944 3402 990 terrae
3434 933 3589 991 uehi.

1975 1022 2181 1077 litatem
2232 1034 2533 1092 noverunt,
2577 1033 2634 1080 et
2670 1025 2799 1080 dum
2839 1026 2986 1081 illam
3020 1027 3073 1081 in
3104 1027 3282 1098 ignem
3333 1026 3588 1097 injectam

1974 1115 2234 1184 probant,
2283 1131 2501 1172 omnem
2530 1117 2673 1172 illius
2708 1118 3075 1188 prtestantiam
3117 1118 3462 1189 patefaciunt.
3497 1118 3589 1173 Sic

1975 1206 2228 1261 nimirum
2274 1207 2328 1262 in
2368 1208 2538 1264 sacris
2565 1206 2859 1278 Scripturis
2884 1251 2899 1275 ,
2947 1209 3037 1283 qui
3082 1208 3377 1269 oscitanter
3403 1209 3588 1266 literas

1973 1296 2160 1368 legunt
2179 1340 2195 1364 ,
2245 1300 2418 1355 nudas
2447 1317 2568 1358 esse
2598 1302 2782 1358 literas
2821 1303 3152 1358 arbitrantur
3171 1344 3190 1369 ,
3220 1317 3322 1360 nec
3355 1303 3589 1374 amplius

1975 1389 2266 1461 quidquam
2316 1393 2370 1448 in
2401 1407 2460 1449 se
2502 1395 2781 1451 continere
2819 1411 2979 1467 quam
3025 1405 3250 1453 exteras
3283 1416 3296 1451 :
3341 1399 3430 1468 qui
3460 1414 3590 1455 vero

1976 1481 2100 1537 ﬁdei
2125 1484 2302 1540 oculis
2328 1485 2444 1542 illas
2465 1487 2832 1556 considerant,
2862 1490 3318 1560 quemadmodum
3351 1492 3424 1546 illi
3454 1493 3587 1548 artis

1975 1574 2369 1643 instrumentis,
2401 1579 2617 1634 illarum
2647 1582 3018 1657 probationem
3042 1584 3150 1652 igni
3176 1583 3412 1654 Spiritus
3441 1599 3590 1640 com-

1975 1668 2272 1737 mittentes,
2302 1679 2472 1727 totum
2501 1672 2711 1729 illarum
2735 1690 2923 1729 aurum
2949 1675 3108 1731 facile
3138 1687 3382 1735 eerneut.
3435 1675 3591 1741 Unde

1976 1759 2137 1829 igitur
2173 1763 2488 1832 qua-stionis
2533 1764 2742 1821 initium
2783 1773 2868 1821 est
2907 1766 3165 1822 ductum?
3220 1768 3405 1840 Neque
3445 1770 3590 1830 enim

1974 1861 2180 1909 temere
2225 1855 2279 1909 in
2326 1855 2467 1912 hanc
2509 1855 2954 1928 disceptationem
3000 1859 3324 1927 incidimus,
3371 1875 3441 1916 ne
3470 1862 3593 1931 quis

1975 1942 2367 2013 intempestivae
2408 1962 2508 2002 nos
2547 1949 2874 2004 curiositatis
2900 1949 3226 2005 condemnet
3257 1970 3270 2005 :
3299 1951 3392 2006 sed
3417 1994 3431 2015 .
3465 1966 3590 2012 cum

1975 2035 2270 2108 apostolica
2315 2036 2470 2107 vobis
2499 2047 2617 2092 acta
2648 2039 2987 2113 legerentur,
3036 2041 3188 2095 Pauli
3220 2043 3476 2112 praeclara
3508 2041 3590 2096 [τι-ν

1971 2126 2156 2180 einora
2186 2142 2409 2183 narrare
2435 2129 2785 2204 eupiebamus
2806 2171 2821 2198 ,
2862 2131 3083 2206 jamque
3125 2132 3366 2187 historia:
3396 2132 3591 2202 attige-

1974 2230 2156 2270 ramus
2210 2217 2493 2276 exordium
2520 2261 2534 2286 ,
2586 2229 2640 2275 et
2681 2221 2763 2276 bis
2790 2222 2968 2276 verbis
3003 2234 3323 2299 conceptum
3375 2223 3587 2283 initium

1973 2310 2297 2366 narrationis
2349 2312 2655 2368 invenimus
2690 2333 2702 2369 :
2737 2314 2932 2371 Saulus
2973 2328 3142 2370 autem
3172 2318 3342 2371 adhuc
3382 2319 3588 2387 spirans

1973 2400 2138 2454 minas
2167 2411 2213 2455 et
2233 2402 2422 2460 cedem
2451 2404 2502 2457 in
2534 2405 2812 2476 discipulos
2847 2407 3054 2461 Domini
3081 2409 3214 2477 (Act.
3249 2411 3303 2464 9.
3340 2410 3415 2479 I).
3444 2410 3589 2472 Con.

1974 2489 2124 2545 tinuo
2173 2493 2405 2548 turbavit
2450 2510 2550 2550 nos
2599 2495 2900 2557 immutatio
2953 2500 3233 2555 nominis:
3283 2502 3587 2561 invenimus

1971 2580 2117 2635 enim
2145 2582 2198 2636 in
2224 2585 2472 2640 oumibus
2500 2587 2746 2656 epistolis
2767 2630 2780 2654 ,
2810 2600 2865 2643 ct
2896 2591 2947 2647 in
2973 2592 3184 2647 illarum
3208 2594 3446 2652 exordiis
3475 2610 3586 2658 non

1971 2672 2190 2728 Saulum
2216 2691 2362 2744 emu,
2393 2679 2487 2733 sed
2511 2681 2734 2735 Paulum
2754 2684 3032 2756 appellari,
3061 2694 3115 2741 et
3140 2685 3243 2742 hoc
3267 2703 3372 2743 non
3406 2689 3460 2744 in
3481 2688 3584 2746 hoc

1971 2767 2118 2831 solo,
2155 2767 2248 2822 sed
2280 2777 2334 2823 et
2366 2769 2418 2822 iu
2453 2772 2637 2826 multis
2665 2773 2784 2829 aliis
2815 2776 3096 2832 accidisse.
3145 2778 3279 2833 Nam
3309 2789 3363 2835 et
3393 2780 3584 2842 Petrus

1971 2857 2158 2914 Simon
2185 2860 2464 2916 dicebatur
2485 2904 2498 2930 ,
2525 2873 2580 2918 et
2606 2865 2698 2918 filii
2729 2866 2978 2923 Zebedaei
3008 2868 3242 2926 iactibus
3267 2883 3320 2928 et
3347 2872 3586 2938 Joannes

1972 2949 2091 3004 Filii
2138 2953 2356 3007 tonitrui
2385 2964 2592 3014 mutato
2633 2957 2833 3014 deinde
2879 2961 3099 3017 nomine
3129 2977 3254 3019 sunt
3286 2967 3460 3023 vocati
3492 2979 3586 3030 :ct

1971 3040 2024 3095 in
2060 3041 2235 3096 Veteri
2268 3044 2615 3108 Testamento
2660 3048 2798 3108 hanc
2841 3054 3089 3115 eamdem
3132 3060 3584 3121 consuetudinem

1970 3131 2023 3187 in
2054 3133 2378 3204 quibusdam
2420 3137 2718 3195 obtinuisse
2746 3145 3130 3212 comperimus.
3171 3146 3304 3203 Nam
3332 3159 3386 3204 et
3414 3150 3584 3212 Abra.

1971 3221 2092 3276 ham
2122 3224 2269 3294 prius
2300 3227 2498 3281 Abram
2527 3231 2930 3300 appellabatur,
2975 3245 3028 3289 et
3056 3236 3218 3294 Sarra
3252 3240 3401 3310 prius
3427 3241 3580 3317 Sara,

1968 3314 2166 3371 deinde
2191 3316 2352 3372 Sarra
2376 3324 2650 3376 nominata
2673 3332 2787 3390 est,
2820 3335 2874 3380 et
2898 3325 3068 3384 Jacob
3097 3340 3282 3399 postea
3309 3333 3471 3390 Israel
3499 3314 3584 3392 est

1969 3418 2188 3463 vocatus
2217 3427 2228 3462 :
2262 3411 2554 3468 absurdum
2586 3414 2746 3485 igitur
2774 3418 2930 3474 nobis
2960 3429 3043 3476 est
3071 3423 3241 3478 visum
3262 3467 3278 3492 ,
3326 3429 3370 3481 si
3405 3437 3584 3485 tantus

1968 3514 1996 3551 a
2029 3500 2182 3555 nobis
2219 3500 2505 3558 thesaurus
2545 3507 2822 3562 nominum
2853 3519 3055 3566 temere
3098 3517 3484 3582 praeteriretur.
3527 3519 3584 3580 Id

1968 3605 2098 3644 vero
2142 3591 2194 3645 in
2235 3595 2563 3665 principibus
2592 3599 2754 3660 etiam
2786 3604 3136 3662 saecularibus
3176 3610 3397 3666 evenire
3433 3627 3582 3668 com-

1969 3683 2202 3752 perimus
2237 3703 2248 3738 :
2286 3687 2550 3756 siquidem
2601 3690 2677 3751 illi
2726 3692 2925 3763 duplex
2959 3712 3171 3768 quoque
3203 3718 3398 3764 nomen
3428 3721 3584 3761 assit-

1967 3783 2140 3827 munt.
2193 3773 2326 3831 Vide
2372 3788 2552 3836 autem
2589 3799 2600 3838 :
2631 3782 2919 3852 Successit,
2952 3791 3144 3859 inquit,
3173 3790 3338 3847 Felici
3361 3793 3580 3859 Porcius

1972 3861 2153 3916 Festus
2180 3866 2315 3935 (Act.
2341 3866 2431 3921 24.
2456 3867 2548 3939 27)
2581 3889 2593 3923 :
2625 3883 2678 3926 et
2708 3890 2913 3938 rursus,
2939 3876 3067 3931 Erat
3093 3883 3303 3952 quidam
3327 3902 3442 3939 cum
3469 3906 3582 3959 pro-

1967 3955 2194 4021 consule,
2237 3959 2325 4025 qui
2347 3961 2621 4015 vocabatur
2649 3962 2864 4035 Sergius
2892 3965 3091 4024 Paulus
3145 3971 3249 4041 (Ib.
3279 3977 3365 4031 15.
3395 3978 3452 4051 7)
3469 3955 3492 4046 i,
3523 3992 3580 4045 et

1965 4047 2054 4115 qui
2087 4045 2286 4103 Judteis
2327 4048 2599 4108 Christum
2636 4055 2892 4124 tradidit,
2941 4059 3167 4117 Pontius
3199 4064 3397 4125 Pilatus
3425 4045 3578 4125 ilice-

1966 4139 2141 4194 batur.
2170 4139 2355 4212 Neque
2386 4160 2514 4199 vero
2543 4148 2886 4218 principibus
2910 4160 3148 4222 tantum,
3183 4158 3279 4216 sed
3311 4169 3365 4213 et
3392 4162 3579 4217 militis

1964 4229 2066 4285 bus
2093 4246 2236 4303 saepe
2253 4233 2485 4306 duplicia
2507 4238 2725 4296 fuerunt
2753 4244 2992 4309 nomina,
3023 4255 3076 4300 et
3098 4246 3170 4308 illi
3199 4251 3287 4318 qui
3313 4253 3576 4320 privatam

1963 4323 2128 4379 vitam
2180 4325 2484 4397 elegerant,
2534 4332 2603 4387 ob
2643 4347 2860 4391 causam
2890 4340 3309 4396 etoccasionem
3342 4345 3576 4416 aliquam

1963 4415 2232 4484 duplicem
2287 4420 2462 4476 sortiti
2520 4433 2647 4478 sunt
2700 4427 3139 4496 appellationem.
3193 4434 3300 4489 Sed
3353 4415 3579 4496 deiillis

1962 4507 2178 4574 quidem
2211 4510 2367 4566 nobis
2403 4514 2535 4569 nihil
2579 4516 2822 4586 proderit
2851 4521 2898 4574 si
2941 4537 3246 4590 quaeramus
3269 4569 3282 4592 ,
3334 4530 3474 4585 unde
3505 4533 3576 4592 ita

1963 4596 2162 4655 fuerint
2209 4605 2461 4672 appellati
2497 4625 2510 4661 :
2553 4624 2675 4662 cum
2717 4625 2846 4664 vero
2890 4611 3033 4668 Deus
3083 4631 3278 4673 nomen
3328 4621 3573 4692 imponit,

1961 4691 2108 4744 omni
2157 4693 2337 4749 atudio
2386 4696 2805 4754 iucumbendum
2856 4711 2978 4769 est,
3036 4715 3092 4761 ut
3139 4723 3357 4773 causam
3411 4729 3573 4794 repe-

1961 4797 2181 4837 l'iilillIIS.

2031 4873 2173 4930 Deus
2209 4877 2338 4932 niln'l
2381 4883 2505 4952 facit
2539 4882 2752 4952 frustra.
2809 4885 2913 4941 Cur
2951 4887 3149 4946 Paulus
3185 4910 3367 4950 nomen
3407 4909 3575 4953 nth

1958 4969 2100 5022 rcrit.
2131 4999 2201 5010 -—
2226 4971 2409 5043 Neque
2428 4979 2575 5030 enim
2606 4987 2808 5034 temere
2836 4991 2926 5036 aut
2951 4983 3069 5039 sine
3089 5001 3248 5041 causa
3277 4989 3567 5062 quidquam

1958 5060 2039 5112 vel
2070 5059 2250 5118 facere
2279 5065 2422 5121 Deus
2445 5067 2529 5122 vel
2558 5068 2741 5126 dicere
2761 5076 3060 5143 consuevit,
3087 5078 3182 5133 sed
3209 5059 3566 5152 siiigulacuui

1959 5167 2043 5216 ea,
2074 5171 2195 5224 qua:
2237 5157 2336 5225 ipsi
2377 5161 2668 5227 convenit,
2711 5165 2997 5234 sapientia.
3048 5169 3156 5223 Cur
3182 5187 3311 5243 ergo
3353 5177 3566 5240 tandem

1956 5245 2149 5300 Saulus
2170 5246 2471 5316 dicebatur,
2506 5268 2628 5307 cum
2669 5270 3120 5330 persequeretur,
3150 5276 3202 5319 et
3227 5266 3421 5330 Paulus
3453 5288 3569 5325 mu.-

1958 5345 2066 5390 tato
2111 5340 2329 5396 nomine
2369 5343 2544 5398 dietus
2570 5357 2687 5413 est,
2730 5352 2946 5420 quando
2990 5356 3269 5412 credidit?
3313 5360 3567 5422 Nonnulli

1955 5429 2174 5497 dicunt,
2209 5435 2425 5503 quando
2466 5438 2756 5508 turbabat,
2805 5448 3264 5518 tumultuabatur,
3294 5465 3349 5509 et
3377 5458 3569 5512 misee-

1956 5525 2045 5579 bat
2092 5529 2268 5581 omnia
2295 5571 2309 5593 ,
2360 5530 2766 5605 Ecclesiamque
2793 5540 3136 5609 exagitabat,
3165 5545 3386 5608 Saulum
3416 5550 3566 5614 illum

1953 5615 2121 5673 fuisse
2150 5619 2373 5684 dictum.
2408 5632 2463 5677 et
2485 5624 2553 5679 ab
2577 5625 2675 5682 hac
2707 5629 2820 5698 ipsa
2863 5632 3118 5692 Ecclesia:
3150 5641 3430 5698 vexatione
3463 5660 3563 5696 no.~

1956 5725 2077 5764 men
2115 5727 2236 5768 esse
2257 5717 2504 5772 sortitum
2537 5737 2551 5773 :
2597 5730 2880 5793 postquam
2913 5737 3092 5784 autem
3119 5731 3188 5786 ab
3220 5733 3306 5787 illa
3338 5742 3568 5802 recessit

1961 5803 2196 5874 insania,
2252 5811 2541 5885 turbasque
2593 5815 2738 5873 ciere
2783 5834 2846 5876 ac
2893 5822 3092 5884 bellum
3137 5826 3337 5891 inferre
3378 5830 3561 5905 desiit,
