4080 6400
572 348 686 402 ἰΞἹ

575 473 762 515 rursus
791 458 1034 523 Paulum,
1066 469 1185 511 cum
1212 466 1431 521 pausam
1450 449 1687 517 fecisset,
1712 459 1916 503 mutato
1946 448 2162 503 nomine

575 552 777 607 dictum
803 566 923 607 esse
945 564 962 611 :
990 546 1082 603 sed
1110 533 1276 600 iutilis
1295 553 1354 600 et
1384 543 1516 599 l’alsa
1544 551 1627 597 est
1649 536 1763 596 htec
1788 542 1981 607 oratio,
2006 552 2165 618 atque

567 642 775 697 idcirco
798 656 829 696 a
858 652 943 695 me
974 637 1177 708 prolata
1208 637 1260 689 in
1293 634 1526 690 medium
1553 674 1567 699 ,
1601 648 1667 689 ne
1698 631 1836 687 forte
1863 632 2018 686 nudis
2043 632 2162 702 qui-

568 735 798 790 husdam
829 746 1107 787 causarum
1155 728 1582 801 expositionibus
1610 727 1785 797 decipi
1820 741 1915 783 vos
1954 726 2158 781 sinatis.

571 827 808 881 Primum
836 823 979 877 enim
1009 831 1260 891 parentes
1300 819 1403 876 hoc
1430 819 1507 873 illi
1538 833 1734 873 nomen
1766 818 2158 888 imposuerunt,

570 929 676 968 non
704 911 848 983 quod
876 911 1152 982 prophetae
1180 908 1393 979 quidam
1426 916 1608 961 essent
1632 946 1647 970 ,
1675 914 1731 961 et
1756 905 1898 976 quod
1926 904 2159 958 futurum

565 1013 684 1059 erat
709 1002 1082 1073 praeviderent.
1120 998 1320 1053 Deinde
1353 998 1395 1051 si
1424 1005 1705 1066 propterea
1732 995 1924 1050 Saulus
1947 993 2163 1049 diceba-

565 1106 671 1160 tnr,
703 1089 1274 1163 quoniam-Eeclesiam
1295 1088 1602 1158 exagitabat
1626 1096 1681 1140 et
1709 1085 1936 1141 vexabat
1958 1125 1973 1146 ,
2001 1098 2160 1154 opor-

566 1184 712 1238 lebat
739 1198 861 1238 eum
888 1223 903 1248 ,
930 1195 1051 1235 cum
1080 1180 1355 1248 exagitare
1389 1176 1637 1231 desiisset
1672 1176 1965 1230 Ecclesiam
1983 1216 1998 1239 ,
2026 1189 2159 1229 con-

566 1274 716 1328 tinuo
768 1286 961 1327 nomen
1014 1284 1225 1341 quoque
1277 1267 1551 1338 deponere
1601 1284 1615 1321 :
1654 1266 1764 1335 jam
1821 1282 1950 1320 vero
2006 1266 2183 1329 illum,

566 1366 813 1421 videmus
836 1404 852 1431 ,
892 1379 1013 1418 cum
1044 1362 1227 1416 turbas
1256 1362 1401 1416 ciere
1430 1359 1687 1414 adversus
1713 1358 2009 1413 Ecclesiam
2036 1371 2158 1411 ces-

565 1465 739 1521 saret,
778 1469 974 1510 nomen
1005 1452 1205 1507 idcirco
1232 1467 1335 1506 non
1363 1450 1677 1520 deposuisse
1703 1491 1717 1515 ,
1768 1464 1954 1504 verum
1983 1449 2159 1504 adhuc

566 1549 784 1605 Sunium
809 1563 930 1603 esse
955 1546 1298 1619 appellatum.
1329 1542 1406 1599 Ne
1440 1560 1567 1599 vero
1590 1544 1789 1616 putetis
1817 1542 1929 1597 htcc
1958 1542 2159 1598 ideirco

564 1660 595 1697 a
626 1658 709 1698 me
736 1643 839 1697 dici
862 1682 878 1707 ,
918 1650 975 1695 ut
1002 1654 1097 1694 vos
1126 1638 1545 1695 circumveniam
1568 1677 1583 1702 ,
1614 1654 1725 1692 rom
1756 1637 1924 1705 ipsam
1951 1635 2102 1691 vobis
2125 1650 2156 1689 a

564 1736 738 1807 capite
770 1733 1021 1789 narrabo.
1073 1730 1345 1803 Ejeeerunt
1366 1771 1381 1795 ,
1412 1731 1582 1799 inquit
1605 1728 1899 1796 Scriptura,
1930 1726 2157 1796 Stepha-

565 1842 705 1891 num,
733 1834 778 1878 et
797 1822 1092 1894 lapidabant
1108 1837 1241 1886 eum,
1262 1829 1311 1874 et
1337 1830 1479 1875 testes
1502 1820 1839 1890 deposuerunt
1867 1819 2158 1873 vestimenta

564 1934 657 1970 sua
682 1932 825 1970 secus
849 1915 999 1984 pedes
1018 1912 1370 1975 adolescentis,
1398 1910 1487 1979 qui
1507 1909 1776 1964 uocabatur
1798 1908 1990 1963 Saulus
2018 1907 2152 1977 (Act.

562 2011 614 2063 7.
651 2007 740 2080 57)
765 2026 780 2073 ;
808 2017 862 2063 et
888 2022 1104 2074 rursus,
1149 2004 1342 2060 Saulus
1368 2014 1534 2057 autem
1570 2011 1676 2056 erat
1707 2002 2020 2056 consentiens
2049 2001 2155 2055 neci

563 2100 672 2171 ejus
707 2098 865 2169 (Ibid.
892 2112 940 2152 υ.
972 2096 1097 2164 59);
1146 2104 1201 2150 et
1244 2094 1393 2159 alibi,
1424 2094 1617 2149 Saulus
1660 2102 1827 2147 autem
1870 2092 2157 2145 devaslabat

564 2188 848 2244 Ecclesium
870 2228 887 2254 ,
919 2204 1007 2257 per
1036 2186 1213 2239 domos
1242 2186 1437 2240 intrans
1457 2226 1473 2250 ,
1502 2194 1548 2238 et
1578 2184 1781 2237 trahens
1802 2184 1933 2238 viros
1958 2199 2018 2235 ac
2044 2199 2158 2235 mu-

561 2282 707 2337 lieres
738 2280 897 2353 (Ibid.
923 2280 974 2335 8.
1009 2278 1099 2350 5);
1126 2286 1181 2334 et
1203 2292 1384 2332 rursus
1405 2316 1420 2343 ,
1452 2276 1647 2332 Saulus
1667 2286 1834 2330 autem
1855 2276 2022 2328 adhuc
2050 2276 2155 2344 spi-

561 2388 681 2427 rans
708 2373 872 2425 minus
901 2387 958 2424 ac
981 2374 1169 2424 cautem
1194 2369 1245 2423 in
1286 2368 1564 2436 discipulos
1609 2366 1817 2424 Domini
1844 2365 1949 2437 (Ib.
1978 2366 2031 2421 9.
2061 2366 2151 2434 1);

562 2474 617 2521 ct
640 2478 825 2519 rursus
846 2505 862 2528 ,
911 2461 1112 2516 Audiuit
1139 2476 1307 2514 vocem
1333 2461 1575 2513 dicentem
1597 2458 1691 2511 sibi
1714 2500 1729 2523 ,
1762 2457 1941 2521 Saule,
1973 2456 2148 2521 Saule,

564 2559 686 2628 quid
724 2574 804 2611 me
829 2554 1135 2626 persequeris
1168 2552 1326 2623 (Ibid.
1352 2553 1405 2607 9.
1438 2552 1542 2620 4)?
1592 2555 1771 2619 Itaque
1801 2550 2036 2619 oportuit
2086 2563 2154 2604 ex

562 2652 663 2706 hor.
693 2660 933 2719 tempore
962 2656 1019 2702 ut
1058 2646 1204 2701 Sauli
1246 2660 1439 2700 nomen
1487 2643 1744 2715 abjiceret
1769 2684 1785 2709 ,
1833 2640 2095 2710 siquidem
2122 2656 2152 2695 a

561 2740 975 2811 persequutione
1013 2736 1332 2791 abstinebat.
1374 2734 1509 2788 Num
1559 2735 1716 2804 igitur
1740 2732 2023 2787 c0nl'estim
2055 2732 2151 2783 ah-

561 2831 723 2902 jecit?
741 2831 1105 2900 Nequaquam,
1126 2826 1285 2895 idque
1303 2841 1368 2881 ex
1396 2826 1458 2879 iis
1482 2841 1601 2895 qum
1622 2833 1933 2894 sequuntur,
1958 2822 2148 2892 liquet:

562 2921 990 2983 animadvertite,
1021 2933 1228 2988 quaeso.
1263 2916 1499 2972 Surrexit
1527 2914 1716 2969 Saulus
1738 2914 1800 2967 de
1819 2923 1975 2980 terra,
1999 2930 2152 2978 aper-

562 3015 725 3084 tisque
744 3012 901 3066 oculis
941 3010 1069 3063 nihil
1101 3008 1292 3062 uidebat
1318 3006 1422 3077 (Ib.
1452 3024 1499 3060 υ.
1523 3006 1617 3077 8);
1665 3016 1719 3060 et
1755 3020 1942 3060 rursus
1964 3046 1979 3071 ,
2010 3002 2154 3059 Dixit

560 3114 730 3159 autem
770 3103 981 3156 Anania
1012 3100 1261 3155 Dominus
1288 3114 1308 3155 :
1347 3098 1486 3151 Vade
1512 3098 1564 3152 in
1592 3099 1753 3151 vicum
1778 3137 1791 3161 ,
1822 3096 1910 3168 qui
1950 3106 2155 3149 vocatur

565 3197 781 3260 Rectus,
812 3204 857 3249 et
885 3193 1104 3248 inuenies
1122 3192 1177 3246 in
1198 3191 1348 3245 domo
1372 3188 1527 3244 ludas
1561 3188 1783 3244 Saulum
1811 3188 2015 3241 nomine
2044 3184 2149 3256 (Ib.

564 3304 613 3342 υ.
643 3288 701 3341 1|
740 3285 798 3356 );
827 3295 881 3340 et
908 3299 1094 3340 rursus
1115 3323 1130 3348 ,
1169 3279 1403 3335 Introivit
1427 3279 1655 3334 Ananias
1674 3320 1691 3347 ,
1723 3287 1768 3332 et
1802 3277 1930 3331 dixit
1951 3318 1964 3341 ,
1996 3275 2156 3332 Saule

563 3380 757 3449 frater,
791 3376 1036 3431 Dominus
1072 3375 1204 3428 misit
1238 3389 1350 3439 me,
1377 3373 1469 3443 qui
1503 3372 1739 3442 apparuit
1766 3368 1853 3422 tibi
1882 3369 1934 3421 in
1956 3369 2067 3433 via,
2099 3375 2153 3419 ut

565 3470 733 3524 videas
764 3466 869 3537 (Ib.
895 3484 941 3521 υ.
974 3466 1082 3535 17).
1136 3464 1337 3519 Deinde
1376 3464 1537 3531 cmpit
1581 3460 1905 3532 praedicare,
1942 3468 1996 3513 et
2020 3474 2156 3513 con-

550 3560 817 3615 .l'umlebat
840 3558 1052 3613 inda-os
1070 3599 1084 3622 ,
1118 3571 1217 3610 nec
1247 3566 1422 3610 tamen
1448 3555 1517 3608 ita
1540 3569 1732 3607 nomen
1760 3551 2024 3621 deposuit,
2058 3549 2155 3604 sed

564 3651 739 3706 adhuc
782 3649 975 3705 Saulus
1015 3646 1313 3703 dicebatur.
1361 3644 1511 3699 Notte
1544 3645 1723 3708 enim,
1767 3644 1973 3712 inquit,
2008 3644 2157 3714 facta

564 3749 679 3795 sunt
711 3738 873 3795 Saulo
892 3738 1092 3791 insidia:
1112 3732 1413 3790 Judccorum
1446 3732 1551 3798 (ib.
1598 3750 1644 3788 υ.
1672 3734 1789 3805 2s).
1821 3731 1957 3787 Num
1998 3732 2155 3803 igitur

567 3834 649 3887 his
677 3842 880 3887 tantum
909 3828 961 3884 in
991 3828 1164 3883 locis?
1212 3826 1587 3899 Nequaquam,
1617 3826 1746 3891 sed,
1775 3824 1938 3880 Facta
1973 3835 2045 3880 est
2075 3824 2156 3894 fa-

567 3944 692 3991 mes,
718 3924 883 3994 inquit
908 3967 921 3985 .
950 3933 996 3976 et
1024 3930 1394 3994 proposuerunt
1415 3920 1652 3991 discipuli
1674 3920 1869 3974 mittere
1894 3916 2157 3990 Jerosoly-

570 4038 701 4073 mam
727 4018 913 4072 sanctis
934 4017 988 4070 in
1007 4015 1355 4068 ministerium.
1379 4010 1628 4067 lliserunt
1650 4021 1816 4066 autem
1838 4028 1927 4081 per
1951 4026 2155 4068 nsanum

567 4108 815 4165 Romulia
841 4116 884 4161 et
919 4104 1065 4161 Sauli
1106 4101 1213 4172 (Ib.
1245 4104 1332 4158 Η.
1356 4102 1447 4156 29.
1477 4102 1590 4170 50).
1615 4101 1754 4156 Ecce
1777 4102 1977 4155 sanctis
2004 4101 2159 4155 minii

568 4210 736 4261 strat.
780 4210 834 4254 et
874 4195 1049 4251 adhuc
1077 4193 1268 4250 Saulus
1297 4181 1531 4247 dicitur:
1575 4201 1629 4246 et
1658 4201 1841 4263 postea
1887 4193 2158 4262 ingressus

566 4306 651 4350 est
674 4290 946 4348 Barnabas
972 4286 1307 4344 Antiochiam
1334 4328 1348 4352 ,
1390 4294 1445 4339 et
1469 4284 1656 4338 videns
1682 4284 1904 4355 gratiam
1933 4282 2023 4338 Dei
2049 4323 2065 4349 ,
2106 4292 2159 4338 et

572 4402 815 4457 magnam
838 4384 910 4439 ibi
931 4397 1051 4438 esse
1077 4379 1493 4444 multitudinem,
1520 4376 1787 4447 profectus
1806 4387 1889 4433 est
1908 4377 2154 4435 Tarsum.

571 4493 627 4537 ut
650 4486 918 4553 quaereret
944 4475 1162 4533 Saulum
1185 4472 1452 4544 (1b.,22et
1469 4472 1624 4543 sqq.).
1650 4471 1784 4525 Ecce
1811 4471 2005 4530 multos
2030 4485 2159 4525 con-

570 4572 766 4633 vomit,
804 4577 859 4624 et
882 4567 1076 4625 Saulus
1102 4565 1328 4629 dicitur;
1372 4572 1428 4619 et
1468 4578 1653 4618 rursus
1676 4604 1691 4629 ,
1726 4561 1920 4628 Erant,
1963 4562 2154 4633 inquit,

568 4660 849 4715 Antiochia:
885 4659 937 4712 in
977 4655 1205 4711 Ecclesia
1228 4697 1243 4722 ,
1289 4669 1403 4725 quas
1446 4653 1553 4708 illic
1592 4662 1738 4717 erat,
1784 4654 2041 4723 propheta:
2065 4693 2080 4719 ,
2108 4663 2158 4707 et

571 4756 799 4807 doctores
821 4795 835 4817 ,
869 4750 1091 4821 Symeon
1124 4747 1209 4817 qui
1246 4745 1516 4800 vocabatur
1540 4744 1723 4815 Niger,
1764 4754 1809 4797 et
1849 4744 2037 4801 Lucius
2066 4744 2157 4815 Cy.

574 4860 791 4908 remeas,
824 4852 868 4897 et
894 4843 1182 4904 Hanohen,
1210 4840 1295 4905 qui
1320 4849 1425 4893 erat
1460 4836 1679 4892 Herodis
1711 4837 1976 4891 tetrarclue
1998 4836 2159 4889 colla-

573 4911 797 5001 ct’aneus,
825 4944 871 4987 et
908 4931 1098 4987 Saulus
1126 4931 1233 5001 (Ib.
1270 4932 1353 4986 15.
1388 4930 1462 5000 l).
1496 4928 1635 4983 Ecce
1664 4938 1717 4983 et
1762 4929 1949 4984 doctor
1988 4927 2156 4983 factus

570 5036 688 5081 erat
707 5035 761 5081 et
784 5026 1062 5095 pr0pheta,
1080 5032 1134 5078 et
1153 5021 1326 5078 adhuc
1343 5020 1535 5077 Saulus
1550 5019 1840 5076 dicebatur.
1863 5020 1928 5073 Et
1948 5033 2154 5082 rursus,

577 5116 983 5171 Ministrantibus
1004 5126 1171 5168 autem
1187 5112 1290 5167 illis
1319 5111 1557 5177 Domino,
1583 5119 1627 5164 et
1638 5110 2009 5181 jejunantibus,
2029 5109 2158 5163 dixit

576 5210 801 5279 Spiritus
820 5192 1069 5262 sanctus):
1096 5206 1370 5276 Segregate
1400 5204 1522 5257 mihi
1549 5202 1837 5257 Barnabam
1866 5212 1910 5257 et
1940 5200 2157 5256 Saulnm

575 5302 679 5375 (Ib.
708 5318 755 5355 υ.
786 5301 867 5371 2).

644 5395 697 5448 5.
736 5392 885 5445 Pauli
932 5408 1111 5445 nomen
1159 5391 1241 5443 ubi
1295 5390 1512 5456 primum
1558 5387 1851 5441 occurrerit.
1898 5414 1968 5426 -
2019 5386 2157 5441 Ecce

567 5484 736 5541 etiam
775 5501 800 5534 ιι
848 5482 1043 5551 Spiritu
1084 5492 1271 5534 sancto
1313 5491 1660 5551 segregatur,
1705 5480 1930 5534 necdum
1980 5488 2153 5533 tamen

568 5593 767 5631 nomen
798 5575 1015 5645 deponit
1036 5616 1048 5638 ,
1078 5573 1170 5628 sed
1196 5574 1405 5642 quando
1433 5574 1575 5628 venit
1610 5572 1875 5627 Salamina
1897 5613 1911 5637 ,
1944 5571 2155 5640 quando

574 5683 783 5737 magum
806 5666 1024 5731 invenit,
1056 5676 1179 5719 ttmc
1207 5666 1280 5719 ait
1302 5665 1472 5720 Lucas
1488 5665 1551 5719 de
1584 5666 1672 5719 illo
1706 5683 1717 5717 :
1753 5663 1944 5718 Saulus
1964 5675 2153 5730 autem,

575 5761 721 5825 quiet
753 5756 946 5811 Paulus
977 5758 1215 5825 repletus
1236 5756 1432 5826 Spiritu
1460 5770 1631 5811 sancto
1654 5758 1703 5809 di
1717 5757 1779 5813 rit
1804 5756 1907 5826 (Ib.
1961 5756 2041 5809 13.
2072 5754 2145 5824 9).

1331 342 1388 395 S.
1428 338 1707 395 JOANNIS
1742 334 2217 393 Cllll’YSUSTOMl
2260 336 2577 394 ARCIIIEP.
2618 336 3157 395 CONSTANTlNOP.

3756 339 3864 391 128

2279 446 2412 504 llioc
2440 451 2750 506 mutationis
2797 452 3025 507 nominis
3064 450 3272 506 initium
3299 459 3384 508 est
3413 451 3634 512 factum.
3664 454 3762 510 tvo.
3780 468 3879 521 ign-

2273 548 2359 595 tur
2400 540 2791 611 defatigemur,
2840 543 2965 598 dum
3018 543 3280 599 rationem
3330 543 3468 600 hanc
3510 544 3875 615 impositionis

2273 634 2546 686 nominum
2574 634 2883 703 quaerimus.
2932 633 3207 703 Siquidem
3238 636 3511 688 nominum
3537 634 3782 689 inventio
3815 651 3871 689 tu

2269 722 2615 777 smcularibus
2664 739 2875 794 quoque
2930 725 3158 795 negotiis
3208 724 3316 777 vim
3373 724 3868 780 non-mediocrem

2267 812 2490 867 obtinet.
2524 812 2655 868 Nam
2684 825 2739 869 et
2769 829 3141 885 saepenumero
3159 813 3325 870 efﬁcit
3350 856 3366 882 ,
3398 824 3454 869 ut
3479 824 3604 885 post
3638 815 3869 869 multum

2268 912 2480 975 tempus
2526 906 2764 976 elapsum
2811 908 3054 963 homines
3097 922 3480 977 agnoscamus,
3524 917 3579 963 et
3611 908 3865 963 latentem

2262 1001 2636 1065 cognationem
2662 998 2909 1068 patefacit
2933 1000 3166 1054 inventio
3195 998 3493 1063 nominum,
3522 1011 3689 1071 atque
3715 1016 3869 1055 exor-

2268 1096 2348 1143 tas
2377 1089 2428 1141 in
2447 1088 2646 1156 judicio
2665 1089 3025 1145 dubitationes
3052 1090 3243 1153 solvit,
3273 1099 3328 1146 et
3359 1106 3563 1162 pugnas
3596 1092 3737 1145 tollit
3766 1133 3780 1155 ,
3816 1103 3868 1147 et

2266 1179 2460 1236 bellum
2504 1184 2794 1253 exstinguit
2830 1183 3066 1237 inventio
3108 1183 3417 1248 nominum,
3448 1198 3513 1237 ac
3537 1198 3684 1252 saepe
3723 1186 3869 1253 pacis

2267 1273 2509 1329 ineundae
2534 1275 2871 1329 occasionem
2902 1273 3234 1344 suppeditat.
3258 1273 3410 1342 Quod
3440 1274 3484 1327 si
3517 1274 3869 1329 stecularibus

2266 1364 2318 1419 in
2364 1364 2592 1435 negotiis
2639 1366 2875 1420 inventio
2926 1366 3202 1420 nominum
3232 1374 3436 1420 tantum
3477 1367 3657 1431 valet,
3697 1366 3871 1421 multo

2266 1458 2434 1527 magis
2456 1458 2507 1511 in
2534 1456 2916 1526 spiritualibus.
2948 1457 3052 1512 Sed
3073 1458 3219 1526 prius
3248 1471 3470 1512 necesse
3494 1467 3600 1525 est,
3633 1467 3693 1512 ut
3722 1458 3867 1528 ipsas

2261 1549 2585 1619 quaestiones
2609 1559 2856 1603 accurate
2883 1548 3269 1603 discernamns.

2338 1637 2563 1693 Nomina
2597 1642 2861 1693 immutata
2889 1640 2943 1693 in
2980 1637 3148 1692 Veteri
3187 1637 3505 1693 Testamento
3522 1656 3544 1705 ;
3572 1640 3694 1694 dum
3728 1656 3869 1709 qua-

2262 1731 2447 1784 stiones
2474 1730 2540 1784 de
2567 1732 2828 1784 nominum
2864 1730 3160 1783 mutatione.
3184 1758 3258 1775 σ-
3282 1729 3519 1784 Primum
3551 1745 3683 1801 ergo
3711 1747 3863 1801 qum-

2261 1822 2432 1884 ritur,
2464 1835 2564 1890 qua
2605 1819 2673 1875 de
2697 1834 2861 1875 causa
2900 1819 3218 1889 quibusdam
3259 1819 3458 1874 sanctis
3488 1819 3631 1875 Deus
3668 1836 3865 1876 nomen

2264 1912 2611 1981 imposuerit,
2646 1910 2961 1980 quibusdam
3001 1926 3108 1966 non
3139 1910 3470 1980 imposuerit.
3501 1910 3693 1981 Neque
3722 1912 3864 1966 enim

2261 2004 2509 2058 omnibus
2530 2003 2731 2057 sanctis
2753 2003 2963 2057 nomina
2988 2002 3242 2071 imposuit
3264 2002 3393 2071 ipse,
3420 2016 3593 2070 neque
3616 2001 3669 2054 in
3693 2000 3863 2067 Novo,

2262 2111 2435 2166 neque
2457 2096 2507 2149 in
2536 2095 2711 2149 Veteri
2736 2094 3109 2158 Testamento;
3140 2092 3390 2162 quodque
3412 2092 3465 2145 in
3488 2090 3642 2145 Novo
3662 2089 3863 2148 factum

2259 2196 2363 2251 est,
2388 2186 2438 2241 id
2461 2186 2621 2241 etiam
2647 2186 2701 2240 in
2729 2184 2928 2249 Veteri,
2954 2196 3010 2239 ut
3038 2199 3203 2238 unum
3230 2182 3506 2252 utriusque
3526 2181 3863 2237 Testamenti

2264 2277 2544 2332 Dominum
2572 2291 2692 2333 esse
2715 2290 3031 2345 cognoscas.
3063 2273 3245 2344 itaque
3274 2274 3325 2327 in
3353 2272 3501 2327 Novo
3529 2272 3753 2342 quidem
3784 2272 3869 2327 Si—

2260 2369 2404 2424 moni
2430 2368 2677 2441 Christus
2705 2368 2847 2422 Petri
2877 2381 3071 2421 nomen
3100 2364 3375 2436 imposuit,
3395 2372 3449 2417 et
3469 2363 3595 2419 liliis
3615 2362 3869 2421 Ζεὺωεὶ

2258 2460 2459 2516 Iacobo
2488 2470 2542 2514 et
2578 2458 2770 2514 Joanni
2804 2457 3064 2513 Filiorum
3095 2456 3346 2520 tonitrui,
3376 2454 3508 2510 solis
3536 2454 3656 2508 istis
3689 2471 3705 2508 :
3736 2454 3866 2510 reli-

2259 2567 2486 2622 quorum
2509 2560 2685 2606 autem
2714 2550 3099 2619 discipulorum
3125 2547 3350 2612 nemini,
3378 2547 3474 2602 sed
3497 2562 3625 2601 suas
3652 2547 3758 2601 illis
3777 2561 3867 2615 ap-

2262 2645 2577 2715 pellationes
2616 2643 2863 2712 reliquit,
2894 2658 3026 2715 quas
3073 2658 3103 2696 a
3149 2641 3410 2711 principio
3452 2650 3711 2710 parentes
3763 2641 3869 2699 illis

2259 2737 2651 2807 imposuerant;
2686 2738 2739 2789 in
2772 2718 2952 2790 li'eteri
2983 2745 3163 2791 autent
3194 2733 3499 2789 Abrahamo
3531 2749 3733 2789 nomen
3768 2734 3866 2788 im.—

2259 2830 2486 2881 mutavit
2516 2828 2656 2882 Deus
2684 2836 2740 2882 et
2764 2826 2930 2881 Jacob
2962 2845 2975 2880 :
3008 2840 3113 2880 non
3144 2827 3270 2881 item
3302 2824 3525 2893 Joseph,
3559 2840 3739 2894 neque
3767 2824 3869 2881 Sa-

2258 2919 2421 2975 mueli
2446 2959 2461 2983 ,
2496 2933 2670 2988 neque
2700 2919 2881 2973 Davidi
2909 2960 2924 2983 ,
2954 2933 3127 2987 neque
3159 2917 3325 2975 Heliae
3350 2958 3365 2982 ,
3399 2932 3574 2987 neque
3626 2918 3860 2985 Elismo,

2258 3025 2433 3081 neque
2453 3010 2665 3064 caneris
2693 3009 2992 3078 prophetis,
3021 3008 3114 3063 sed
3143 3017 3196 3062 ut
3225 3009 3431 3077 priores
3454 3008 3525 3061 illi
3549 3008 3869 3077 appellatio-

2260 3119 2354 3159 nes
2387 3104 2699 3168 retinerent,
2730 3102 2989 3170 permisit.
3024 3101 3147 3156 llaec
3170 3100 3384 3173 quidem
3413 3102 3584 3169 prima
3611 3109 3700 3155 est
3718 3116 3867 3171 qum.

2258 3195 2393 3261 stio,
2424 3208 2589 3265 quare
2628 3191 2947 3261 quibusdam
2975 3204 3043 3247 ex
3086 3192 3285 3245 sanctis
3325 3176 3602 3245 immutata
3635 3191 3744 3245 sint
3772 3206 3869 3245 no-

2260 3288 2425 3351 mina,
2464 3285 2782 3357 quibusdam
2819 3298 2924 3339 non
2970 3285 3095 3338 item
3126 3300 3139 3336 :
3169 3282 3402 3337 secunda
3425 3296 3556 3337 vero
3576 3294 3697 3352 post
3719 3283 3867 3340 illam

2259 3390 2361 3445 est,
2391 3396 2487 3433 cur
2508 3394 2573 3433 cx
2605 3378 2686 3431 his
2716 3377 3035 3446 quibusdam
3064 3376 3116 3428 in
3146 3373 3318 3428 media
3345 3382 3506 3428 :etate
3534 3383 3737 3428 mutata
3759 3374 3870 3430 sint

2261 3472 2499 3535 nomina,
2523 3468 2840 3537 quibusdam
2872 3467 2938 3521 ab
2967 3467 3140 3532 initio,
3159 3476 3320 3535 atque
3348 3474 3472 3520 ante
3497 3474 3697 3521 ortum.
3730 3465 3867 3520 Nam

2262 3563 2421 3617 Petro
2447 3560 2663 3630 quidem
2693 3567 2748 3614 et
2774 3557 2977 3630 Jacobo
3000 3566 3054 3612 et
3080 3556 3269 3612 Joanni
3300 3556 3353 3609 in
3382 3555 3556 3611 media
3584 3565 3743 3611 atate
3772 3572 3871 3609 no-

2261 3653 2402 3706 mina
2440 3651 2685 3706 Christus
2730 3648 3031 3703 immuta-vit
3075 3666 3089 3703 :
3126 3646 3315 3702 Ioanni
3359 3656 3538 3701 autem
3571 3646 3831 3716 Baptista:
3855 3690 3869 3707 .

2264 3744 2569 3815 priusquam
2603 3743 2763 3797 etiam
2786 3758 2851 3797 ex
2883 3750 3033 3797 utero
3058 3740 3245 3795 matris
3274 3738 3531 3809 prodiret.
3566 3736 3713 3792 Venit
3734 3742 3873 3794 enim

2261 3834 2470 3904 angelus
2510 3830 2717 3885 Domini
2742 3872 2755 3894 ,
2784 3842 2830 3885 et
2859 3831 2986 3884 dixit
3014 3847 3033 3885 :
3067 3828 3147 3884 Ne
3180 3830 3378 3895 timeas,
3419 3827 3676 3886 Zacharia
3706 3847 3724 3884 :
3752 3847 3873 3885 ecce

2257 3942 2392 3981 uxor
2418 3934 2506 3978 tua
2536 3921 2761 3978 Elisabet
2800 3924 2961 3993 pariet
2996 3924 3159 3992 ﬁlium
3183 3963 3198 3988 ,
3227 3931 3277 3977 et
3309 3920 3509 3977 vocalis
3541 3939 3727 3977 nomen
3756 3926 3873 3992 ejus

2261 4015 2515 4075 Joannem
2535 4012 2699 4087 (Luc.
2726 4016 2777 4069 1.
2810 4013 2929 4086 13).
2961 4014 3123 4071 Vides
3150 4013 3459 4086 impositum
3483 4014 3558 4068 illi
3584 4014 3751 4069 fuisse
3774 4031 3873 4070 no-

2263 4124 2408 4173 men,
2437 4119 2722 4177 antequam
2765 4106 3121 4163 nasceretur?
3152 4106 3266 4161 Hoc
3294 4115 3347 4162 et
3376 4106 3429 4161 in
3461 4104 3640 4161 Veteri
3673 4106 3872 4161 accidit

2264 4199 2627 4254 Testamento.
2652 4196 2721 4254 Ut
2747 4197 2893 4255 enim
2925 4197 2976 4251 in
3005 4196 3156 4251 Novo
3179 4196 3369 4252 Petrus
3394 4194 3612 4267 quidem
3632 4206 3689 4251 et
3708 4196 3873 4252 Jaco-

2264 4289 2364 4345 bus
2393 4299 2447 4343 et
2483 4289 2718 4344 Joannes
2748 4288 2801 4342 in
2834 4287 2974 4343 virili
3017 4295 3180 4343 artata
3226 4301 3424 4343 nomen
3469 4286 3614 4341 aliud
3642 4301 3873 4355 accepe-

2265 4390 2407 4447 runt,
2431 4393 2482 4436 et
2507 4380 2703 4451 duplici
2731 4382 2947 4437 nomine
2971 4390 3096 4435 sunt
3122 4381 3399 4450 appellati,
3420 4378 3663 4435 Joannes
3683 4390 3865 4435 autem

2266 4471 2500 4541 Baptista
2531 4486 2725 4526 nomen
2755 4472 2957 4541 accepit
2996 4480 3284 4542 antequam
3318 4475 3628 4526 nasceretur
3660 4489 3673 4523 :
3708 4472 3789 4527 sic
3816 4482 3875 4527 et

2265 4564 2318 4617 in
2352 4562 2527 4617 Veteri
2561 4564 2870 4618 Abraltamo
2895 4564 3110 4633 quidem
3139 4573 3194 4618 et
3219 4562 3387 4619 Jaeob
3416 4564 3469 4617 in
3502 4563 3676 4618 media
3709 4572 3873 4619 attate

2272 4672 2467 4711 nomen
2496 4666 2575 4712 est
2609 4656 2946 4711 immutatum
2974 4673 2988 4719 ;
3024 4671 3146 4710 nam
3178 4655 3267 4711 ille
3292 4656 3509 4726 quidem
3539 4656 3741 4710 Abram
3768 4672 3869 4709 vo-

2270 4748 2522 4814 cabatur,
2563 4756 2617 4802 et
2659 4747 2926 4801 Abraham
2966 4756 3185 4801 vocatus
3228 4755 3313 4801 est
3347 4764 3360 4801 :
3395 4746 3481 4801 hic
3524 4762 3651 4801 vero
3698 4746 3871 4803 Jaeob

2265 4841 2570 4903 vocabatur.
2602 4850 2655 4895 et
2682 4840 2843 4895 Israel
2871 4848 2953 4894 est
2966 4848 3215 4894 vocatus.
3249 4838 3399 4892 lsaac
3423 4846 3603 4891 autem
3628 4853 3747 4907 non
3771 4839 3872 4905 ita,

2265 4932 2359 4988 sed
2404 4944 2687 5001 antequam
2742 4940 2893 4999 partu
2944 4929 3233 4995 ederetur,
3277 4943 3474 4983 nomen
3524 4930 3759 4997 accepit;
3816 4938 3871 4983 et

2264 5025 2717 5096 quemadmodum
2750 5024 2857 5078 illic
2884 5024 3109 5093 angelus
3136 5021 3268 5076 dixit
3302 5040 3314 5075 :
3350 5020 3494 5076 Uxor
3524 5030 3612 5075 tua
3640 5022 3695 5073 in
3724 5031 3870 5075 utero

2264 5118 2527 5187 concipiet,
2559 5126 2606 5170 et
2636 5117 2797 5187 pariet
2824 5115 3009 5184 ﬁlium,
3040 5123 3088 5168 et
3120 5112 3319 5167 vocabis
3343 5128 3527 5166 nomen
3555 5114 3666 5183 ejus
3695 5110 3869 5166 Joan-

2266 5225 2377 5261 nem
2398 5223 2417 5261 :
2449 5210 2519 5261 ita
2551 5207 2637 5261 bic
2662 5222 2878 5277 quoque
2908 5206 3049 5262 Deus
3089 5205 3155 5260 ad
3203 5204 3472 5259 Abraham
3512 5204 3646 5258 dixit
3675 5223 3689 5258 :
3721 5202 3869 5259 Uxor

2266 5310 2352 5352 tua
2383 5298 2543 5370 Sarra
2583 5298 2745 5367 pariet
2788 5298 2950 5366 ﬁlium
2975 5339 2989 5361 ,
3031 5304 3078 5349 et
3121 5294 3320 5349 vocabis
3364 5310 3546 5348 nomen
3575 5294 3689 5364 ejus
3712 5292 3866 5348 Isaac

2265 5392 2436 5461 (Gen.
2471 5392 2557 5446 17.
2606 5390 2730 5460 19).
2766 5389 2881 5447 Una
2925 5391 3085 5460 igitur
3116 5388 3232 5443 haec
3275 5388 3502 5458 quaestio
3544 5397 3627 5440 est
3651 5426 3666 5449 ,
3698 5404 3864 5452 quare

2266 5482 2535 5536 nonnullis
2559 5489 2817 5534 mutatum
2836 5481 2903 5535 sit
2920 5496 3137 5542 nomen,
3166 5478 3437 5533 nonnullis
3457 5492 3582 5530 vero
3605 5473 3862 5528 minime:

2264 5574 2428 5628 altera
2460 5588 2587 5627 vero
2623 5571 2691 5626 ab
2734 5572 2817 5626 illa
2840 5612 2855 5634 ,
2886 5586 2983 5626 cur
3021 5569 3234 5625 tandem
3278 5568 3548 5622 nonnullis
3602 5568 3784 5622 inedio
3816 5585 3869 5621 in

2261 5667 2434 5721 aetatis
2458 5664 2687 5718 decursu
2710 5704 2723 5729 ,
2757 5662 3028 5717 nonnullis
3056 5661 3215 5714 etiam
3259 5670 3541 5727 antequam
3572 5672 3867 5716 nascere"-

2263 5766 2385 5819 tur;
2415 5754 2574 5825 idque
2604 5757 2653 5807 in
2686 5762 2909 5823 utroque
2939 5752 3301 5807 Testamento.
3332 5748 3439 5802 Nos
3468 5756 3645 5801 autem
3677 5754 3741 5800 ad
3773 5759 3873 5816 po.
