4080 6396
251 392 356 456 ηε.)

240 505 533 561 steriomm
562 504 708 574 prius
735 500 1143 574 aggrediamur;
1178 500 1256 556 sic
1284 501 1427 555 enim
1461 500 1605 569 prior
1634 512 1845 568 quoque

246 596 532 659 dilucidior
560 596 651 651 ﬁet
678 613 691 650 :
722 609 922 664 eosque
963 593 1052 663 Qui
1091 592 1159 647 ab
1200 591 1353 647 initio
1392 607 1586 646 nomen
1617 604 1847 659 accepe-

248 698 375 743 runt
393 688 691 751 videamus,
710 702 773 740 ac
798 684 1125 756 pedetentim
1144 683 1499 739 ascendentes
1521 680 1587 735 ad
1612 682 1846 751 printqu

250 777 523 834 hominem
538 778 851 851 veniamus,
874 775 959 831 cui
986 790 1016 830 a
1046 777 1155 830 Deo
1183 788 1379 829 nomen
1404 780 1488 828 est
1512 770 1844 840 impositum,

234 882 293 925 ut
330 870 400 925 ab
432 870 550 939 ipso
580 868 733 923 initio
761 867 1121 938 qumstionum
1151 865 1349 919 solutio
1374 864 1665 919 derivetur.

323 959 480 1015 Terra
504 961 643 1030 virgo
672 958 872 1028 Edam,
925 957 1149 1027 Virginis
1183 956 1365 1010 Matris
1393 957 1580 1026 ﬁgura.
1612 984 1685 995 —
1717 952 1849 1021 Quis

244 1067 378 1122 ergo
408 1052 557 1121 prius
592 1066 621 1104 a
666 1051 778 1105 Deo
820 1064 1014 1104 nomen
1055 1048 1302 1117 accepit?
1344 1047 1474 1116 Quis
1502 1062 1632 1100 vero
1668 1046 1807 1100 alius
1830 1085 1845 1109 ,

244 1159 409 1213 quam
430 1144 522 1214 qui
546 1143 749 1214 primus
774 1141 1034 1196 formatus
1056 1141 1175 1195 est?
1200 1138 1383 1209 Neque
1410 1139 1552 1193 enim
1577 1137 1714 1192 alius
1732 1145 1850 1190 erat

247 1233 435 1300 homo,
482 1234 570 1288 cui
640 1247 836 1288 nomen
894 1242 1073 1301 posset
1129 1231 1350 1301 imponi.
1402 1229 1633 1296 Qualem
1691 1227 1850 1297 igitur

246 1327 661 1395 appellationem
733 1325 983 1395 accepit?
1045 1324 1215 1379 Adam
1267 1338 1397 1378 voce
1450 1320 1712 1377 Hebraica
1763 1319 1849 1373 di-

244 1427 367 1469 ctus
408 1425 493 1471 est
543 1431 557 1467 :
613 1430 786 1485 neque
829 1417 973 1471 enim
1031 1415 1278 1471 Gnaeum
1336 1423 1419 1470 est
1459 1430 1693 1475 nomen,
1754 1413 1847 1469 sed

245 1505 301 1559 in
347 1505 589 1562 Graecam
635 1506 869 1577 linguam
912 1521 1125 1561 versum
1185 1505 1314 1560 nihil
1354 1506 1497 1560 aliud
1541 1504 1847 1575 signiﬁcat,

245 1612 411 1666 quam
454 1606 724 1653 terrenum
770 1613 783 1651 :
824 1598 1084 1667 siquidem
1128 1597 1297 1652 Edent
1345 1608 1539 1652 terram
1591 1596 1848 1666 virginem

247 1696 450 1753 sonat;
481 1688 603 1743 talis
660 1702 821 1758 porro
861 1688 957 1742 fuit
1012 1688 1162 1742 locus
1221 1688 1345 1752 ille,
1393 1688 1446 1740 in
1498 1701 1604 1757 quo
1634 1685 1848 1755 paradi-

245 1791 367 1832 sum
392 1776 534 1832 Deus
569 1777 845 1847 plantavit.
875 1777 1132 1831 Plantavit
1156 1779 1289 1831 enim
1321 1774 1481 1840 Deus,
1512 1776 1680 1845 inquit
1700 1775 1849 1830 Scri-

246 1878 402 1938 ptura
428 1911 444 1936 ,
479 1871 775 1939 paradisum
802 1872 854 1924 in
884 1869 1045 1924 Edent
1071 1870 1139 1922 ad
1168 1869 1424 1923 Orientem
1458 1866 1623 1938 (Gen.
1654 1868 1710 1922 ἓ.
1736 1866 1807 1931 8)
1833 1884 1848 1933 ;

246 1970 307 2016 ut
347 1963 615 2033 intelligas
658 1978 763 2017 non
811 1962 1167 2017 humanarum
1212 1977 1349 2032 opus
1390 1977 1644 2016 manuum
1685 1960 1852 2016 fuisse

246 2054 555 2125 paradisum
587 2073 601 2109 :
631 2054 894 2125 siquidem
920 2064 1059 2111 terra
1092 2055 1191 2109 fuit
1216 2056 1385 2126 virgo,
1410 2070 1529 2125 quas
1556 2070 1731 2124 neque
1751 2070 1849 2108 vo-

246 2162 450 2201 merem
481 2156 706 2215 experta
734 2156 851 2202 erat
874 2188 889 2213 ,
918 2164 1091 2219 neque
1118 2148 1269 2203 sulco
1298 2158 1537 2214 exarata,
1568 2148 1663 2204 sed
1690 2148 1851 2204 nullis

244 2236 605 2305 agricolarum
656 2237 905 2293 manibus
948 2238 1089 2293 culta
1132 2239 1250 2294 solo
1281 2241 1436 2308 jussu
1479 2238 1687 2309 plantas
1733 2238 1852 2293 illas

244 2330 598 2398 germinarat.
634 2328 922 2398 l‘rOpterea
964 2329 1133 2385 Edem
1166 2330 1310 2385 illam
1352 2330 1681 2400 appellavit,
1710 2330 1851 2400 quod

248 2430 448 2473 terram
480 2421 739 2491 virginent
770 2421 1054 2491 signiﬁcat.
1086 2422 1212 2478 llaec
1239 2422 1389 2492 virgo
1435 2422 1600 2492 ﬁgura
1632 2423 1853 2493 virginis

245 2510 390 2566 illius
422 2511 539 2565 luit.
566 2511 698 2565 Nam
729 2513 1183 2581 quemadmodum
1221 2523 1359 2569 terra
1394 2514 1491 2568 ista
1523 2515 1669 2569 nullo
1695 2530 1854 2570 exec-

248 2608 342 2668 pto
370 2601 577 2657 semine
613 2601 919 2673 paradisum
957 2602 1114 2657 nobis
1152 2604 1469 2672 germinavit
1506 2622 1519 2657 :
1562 2606 1641 2661 sic
1666 2614 1722 2660 et
1762 2605 1852 2660 illa

246 2692 396 2747 nullo
416 2693 515 2747 viri
538 2695 745 2749 semine
765 2702 1017 2762 suscepto
1038 2692 1309 2749 Christum
1332 2695 1487 2750 nobis
1506 2696 1848 2766 germinavit.

246 2783 474 2852 Quando
505 2784 665 2854 igitur
687 2784 830 2839 dicet
860 2785 952 2839 tibi
980 2783 1197 2839 Judzcus
1218 2826 1232 2849 ,
1264 2784 1546 2851 Quomodo
1574 2786 1727 2856 virgo
1757 2801 1853 2855 pe-

246 2873 426 2942 perit?
448 2873 537 2929 dic
558 2882 613 2928 tu
640 2874 715 2927 illi
742 2892 755 2926 :
780 2873 1063 2940 Quomodo
1087 2883 1225 2929 terra
1251 2876 1398 2944 virgo
1417 2876 1710 2945 stupendas
1732 2875 1853 2931 illas

245 2962 470 3017 arbores
511 2966 862 3033 geminavit?
892 2963 1165 3033 Siquidem
1208 2964 1430 3019 llebrma
1466 2969 1647 3034 lingua
1684 2965 1850 3019 Edem

246 3054 446 3109 dicitur
467 3062 607 3109 terra
631 3054 779 3125 virgo
808 3072 821 3107 :
851 3054 993 3123 quod
1019 3055 1064 3109 si
1092 3054 1252 3109 ﬁdem
1280 3054 1477 3110 habere
1498 3055 1619 3125 quis
1639 3064 1849 3123 renuat,

248 3144 490 3201 Hebraea:
510 3146 703 3215 lingua:
724 3147 925 3216 peritos
951 3146 1266 3215 interroget,
1290 3156 1345 3200 et
1368 3144 1505 3200 hanc
1527 3160 1705 3201 veram
1730 3161 1853 3201 esse

249 3236 483 3292 nominis
505 3237 671 3291 Edcm
703 3237 1195 3306 interpretationem
1220 3237 1535 3306 comperiet.
1567 3235 1684 3290 Non
1706 3236 1851 3292 enim

249 3329 504 3399 quoniam
526 3343 621 3383 eos
640 3328 965 3397 alloquimur
980 3328 1068 3398 qui
1093 3328 1325 3398 linguam
1350 3328 1493 3383 illam
1516 3344 1623 3383 non
1646 3336 1850 3395 tenent,

246 3421 453 3477 idcirco
467 3437 562 3475 vos
584 3422 745 3477 velim
768 3422 953 3476 fallere
985 3437 999 3473 :
1028 3420 1123 3476 sed
1140 3422 1191 3475 in
1208 3421 1258 3475 id
1282 3435 1447 3476 unum
1467 3421 1847 3489 incumbimus,

248 3523 301 3567 ut
328 3514 768 3585 inexpugnabiles
790 3529 886 3568 vos
908 3513 1220 3579 reddamus,
1245 3524 1299 3569 et
1323 3524 1591 3585 tamquam
1616 3530 1851 3584 prmsen-

249 3606 393 3660 tibus
422 3607 650 3662 inimicis
676 3607 765 3678 qui
798 3609 897 3661 ista
926 3616 1213 3672 noverunt,
1243 3607 1312 3661 ita
1345 3619 1537 3664 cuncta
1567 3609 1854 3679 diligenter

248 3696 684 3766 interpretamur.
714 3698 976 3765 Quoniam
1007 3699 1170 3769 igitur
1195 3715 1261 3753 ex
1288 3700 1450 3754 [idem
1480 3708 1620 3756 terra
1650 3702 1853 3771 virgine

249 3786 508 3843 formatus
533 3798 615 3843 est
645 3788 807 3843 homo
827 3830 844 3855 ,
878 3790 1034 3844 matri
1063 3790 1400 3861 cognominis
1430 3790 1600 3845 Adam
1632 3801 1853 3847 vocatus

248 3889 351 3935 cst.
374 3880 445 3935 Ita
472 3880 668 3935 faciunt
694 3881 941 3937 homines
967 3897 1202 3952 quoque,
1229 3883 1427 3937 liberos
1446 3883 1536 3952 qui
1561 3892 1853 3938 nascuntur

250 3986 395 4041 saepe
432 3972 739 4027 nominibus
777 3981 1010 4027 matrum
1054 3974 1322 4043 appellant
1352 3990 1365 4027 :
1400 3974 1472 4027 ita
1520 3974 1660 4029 Deus
1689 3974 1852 4030 etiam

250 4062 536 4116 formatum
559 4078 622 4117 ex
653 4072 791 4118 terra
822 4064 1114 4130 hominem,
1138 4063 1204 4119 de
1226 4063 1445 4120 nomine
1470 4065 1657 4120 matris
1682 4065 1853 4121 Adam

247 4154 402 4208 dixit.
439 4152 527 4206 Illa
552 4153 720 4208 Edem
742 4194 757 4219 ,
790 4152 876 4209 hic
906 4154 1099 4209 Adam.

321 4245 375 4300 4.
409 4244 514 4301 Sed
542 4261 664 4316 quae
691 4246 905 4301 tandem
948 4248 1073 4303 inde
1114 4247 1355 4303 dimanat
1396 4248 1635 4304 utilitas?
1668 4249 1853 4305 Homi-

250 4352 349 4391 nes
374 4337 516 4392 enim
544 4340 759 4413 nomine
789 4350 1017 4395 matrum
1042 4348 1240 4395 vocant
1262 4382 1276 4402 ,
1308 4342 1378 4396 ob
1406 4340 1664 4397 honorem
1694 4359 1853 4413 quem

249 4427 501 4484 deferunt
545 4412 840 4495 matribus,
889 4446 1007 4499 qua:
1056 4442 1381 4500 pepererunt
1428 4449 1440 4484 :
1491 4432 1631 4488 Deus
1674 4412 1854 4489 autem

250 4535 411 4589 quam
435 4521 504 4575 ob
530 4536 745 4576 causam
778 4524 994 4577 nomine
1020 4525 1209 4579 matris
1234 4526 1563 4594 appellavit?
1590 4526 1718 4596 quid
1742 4542 1857 4582 ma-

250 4613 339 4681 gni
364 4654 377 4677 ,
410 4614 491 4667 vel
520 4614 696 4684 exigui
730 4615 832 4671 hoc
861 4616 1069 4685 agendo
1099 4616 1398 4685 disposuit?
1428 4618 1569 4672 Nihil
1601 4620 1744 4674 enim
1778 4630 1857 4676 te-

253 4720 403 4760 mere
432 4714 524 4760 aut
553 4708 669 4761 sine
700 4716 859 4761 causa
903 4708 1049 4772 facit,
1082 4708 1176 4761 sed
1208 4709 1370 4763 multa
1402 4725 1525 4764 cum
1559 4712 1765 4766 ratione
1794 4726 1857 4767 ac

251 4798 559 4866 sapientia:
596 4800 791 4870 quippe
838 4799 999 4871 Cujus
1044 4802 1309 4871 sapientiae
1354 4820 1457 4857 non
1504 4814 1575 4858 est
1620 4820 1857 4859 numerus

243 4889 441 4961 (Psal.
470 4892 591 4945 us.
616 4891 707 4961 5).

325 4984 491 5037 Adam
511 4984 635 5054 quid
650 4996 789 5039 sonet
810 5002 828 5049 ;
846 4989 938 5041 cur
961 5005 991 5041 a
1023 4998 1155 5045 terra
1176 5006 1357 5044 nomen
1374 4990 1578 5043 Adami.
1596 5023 1666 5032 —
1686 4992 1854 5048 Edent

255 5085 393 5130 terra
416 5118 430 5141 ,
464 5076 698 5130 Adamus
728 5087 973 5133 terrenus
994 5121 1009 5144 ,
1043 5081 1327 5148 pulvereus
1350 5124 1364 5144 ,
1395 5096 1425 5136 c
1454 5091 1595 5137 terra
1621 5084 1851 5152 genitus.

256 5166 363 5221 Cur
385 5168 544 5238 igitur
570 5170 647 5223 sic
677 5172 823 5225 illmn
853 5174 1175 5241 appellavit?
1206 5174 1366 5229 Suam
1398 5176 1647 5230 nimirum
1680 5176 1753 5229 illi
1781 5177 1859 5232 vi-

257 5256 458 5313 litatem
491 5262 786 5315 naturalem
820 5262 921 5317 hoc
952 5266 1170 5319 nomine
1200 5266 1253 5318 in
1286 5266 1597 5320 memoriam
1630 5282 1856 5323 revoca-

258 5352 349 5415 vit,
369 5358 423 5405 et
447 5360 714 5420 tamquam
742 5353 795 5407 in
826 5370 968 5408 mreo
992 5356 1148 5425 cippo
1174 5356 1486 5411 substantia:
1502 5357 1854 5415 humilitatem

256 5444 519 5507 exaravit,
550 5456 603 5497 ut
634 5461 699 5499 ex
730 5446 961 5501 nowinis
988 5449 1067 5501 sui
1103 5449 1407 5518 magisterio
1435 5447 1749 5505 modestiam
1778 5450 1858 5505 di-

256 5546 386 5599 scat,
419 5553 591 5607 neque
620 5539 875 5608 majorem
902 5581 917 5604 ,
946 5557 1104 5610 quam
1133 5557 1229 5611 par
1255 5543 1320 5597 sit
1344 5584 1358 5606 ,
1383 5542 1450 5597 de
1476 5558 1567 5597 sua
1599 5542 1857 5613 dignitate

258 5617 560 5697 opinionem
577 5632 857 5699 concipiat.
893 5631 1021 5686 Nam
1051 5648 1147 5687 nos
1171 5635 1385 5699 quidem
1407 5646 1603 5693 terram
1623 5650 1720 5688 nos
1739 5652 1857 5690 esse

258 5719 423 5799 probe
454 5722 733 5784 novimus,
768 5720 927 5791 idque
970 5725 1121 5777 nobis
1164 5726 1273 5790 ipsa
1316 5740 1497 5778 rerum
1528 5724 1855 5794 experientia

257 5820 587 5884 commitam
620 5825 699 5871 est
731 5834 741 5868 :
774 5826 826 5870 at
858 5816 943 5872 ille
974 5818 1239 5873 nemiuem
1272 5828 1393 5875 ante
1426 5834 1481 5875 sc
1508 5820 1731 5889 viderat,
1763 5820 1850 5891 qui

1320 384 1411 443 DE
1452 380 1856 443 MUTATIONE
1888 382 2217 442 NOMINUM.
2260 382 2329 440 II.
3464 390 3564 446 150

1960 503 2191 552 mortem
2235 495 2495 564 obiisset,
2525 511 2699 568 neque
2745 497 2797 553 in
2840 499 3078 555 cinerem
3125 499 3397 556 redactum
3424 543 3438 565 .
3468 509 3564 559 sed

1958 586 2153 641 eximia
2183 586 2426 656 corporis
2458 587 2853 658 pulchritudine
2896 588 3164 659 pollebat,
3207 600 3263 647 et
3289 600 3573 664 tamquam.

1956 683 2132 730 statim
2157 676 2401 747 quaedam
2441 692 2602 733 aurea
2628 719 2643 742 ,
2672 693 2791 748 qua:
2822 694 3008 735 recens
3034 696 3065 734 e
3094 680 3405 737 conﬁatoria
3451 681 3561 739 for-

1960 780 2093 820 nace
2124 765 2411 836 prodiisset
2434 808 2450 831 ,
2483 768 2554 823 ita
2600 766 2853 837 fulgebat.
2888 769 2967 826 Ne
3012 771 3172 841 igitur
3200 780 3421 842 propter
3448 774 3565 828 esi.

1959 858 2121 912 miam
2153 859 2389 929 speciem
2430 860 2680 930 superbia
2712 860 2994 918 eﬁerrctur
3017 904 3031 929 ,
3063 864 3138 918 illi
3173 879 3368 920 nomen
3400 880 3567 936 oppo-

1959 950 2106 1016 suit,
2158 950 2311 1021 cujus
2358 952 2668 1021 magisterio
2718 952 3047 1009 sufﬁcienter
3088 954 3157 1009 ad
3207 955 3564 1013 humilitatem

1960 1041 2340 1096 informaretur
2367 1059 2381 1093 :
2413 1041 2679 1098 accedens
2704 1044 2846 1098 enim
2890 1044 3136 1100 diabolus
3162 1045 3229 1101 ad
3257 1047 3575 1117 superbiam.

1962 1133 2139 1188 verbis
2170 1132 2318 1187 illum
2363 1133 2474 1187 suis
2531 1130 2850 1190 incitaturus
2895 1145 3049 1201 erat,
3091 1151 3250 1207 eique
3290 1136 3563 1200 dicturus,

1961 1222 2122 1279 Eritis
2158 1224 2287 1278 sicut
2312 1226 2386 1279 dii
2416 1224 2572 1295 (Gen.
2605 1225 2659 1279 3.
2691 1226 2777 1296 5).
2810 1226 2881 1283 Ut
2910 1227 3070 1296 igitur
3100 1227 3333 1283 nominis
3371 1230 3455 1284 sui
3483 1245 3567 1285 rc-

1959 1316 2294 1381 cordaretur,
2322 1331 2351 1369 a
2378 1332 2484 1387 quo
2510 1325 2706 1371 terram
2735 1332 2795 1373 se
2820 1330 2941 1373 esse
2967 1317 3279 1384 docebatur,
3315 1334 3415 1375 nec
3444 1336 3563 1375 um-

1960 1422 2119 1477 quam
2150 1407 2410 1477 :rqualem
2441 1424 2500 1463 se
2544 1407 2653 1463 Deo
2678 1406 2916 1464 futurum
2946 1408 3217 1478 Opiniouis
3246 1427 3433 1467 errore
3464 1413 3565 1467 sibi

1961 1497 2207 1569 lingeret,
2242 1508 2526 1567 propterea
2553 1498 2941 1555 conscientiam
2971 1500 3090 1569 ejus
3118 1510 3478 1572 praeoccupat,
3512 1514 3567 1558 et

1962 1590 2196 1645 nominis
2225 1590 2467 1646 SUbsidIO
2502 1590 2788 1647 sufﬁcienti
2828 1607 2953 1648 eum
2999 1592 3260 1649 adversus
3287 1594 3507 1649 insidias
3534 1611 3567 1648 a

1960 1680 2224 1735 scelerato
2249 1679 2495 1736 dremone
2521 1681 2804 1737 struendas
2828 1684 3076 1738 cautione
3094 1686 3401 1753 praemunit,
3434 1685 3562 1740 dum

1960 1780 2017 1826 et
2056 1785 2168 1826 sua:
2205 1786 2327 1827 cum
2387 1780 2528 1828 terra
2577 1774 2911 1843 cognationis
2964 1775 3112 1830 illum
3164 1775 3459 1843 admonet,
3515 1786 3573 1831 et

1960 1876 2177 1918 omnem
2204 1863 2280 1919 illi
2311 1873 2515 1920 naturze
2537 1880 2649 1920 sum
2668 1863 3001 1921 nobilitatem
3023 1860 3283 1933 declarat,
3312 1865 3416 1923 hoc
3446 1882 3571 1939 pro-

1963 1952 2254 2022 pemodum
2279 1955 2355 2009 illi
2395 1956 2620 2012 dicens:
2650 1957 2705 2013 Si
2733 1957 2872 2013 forte
2901 1954 3097 2014 dixerit
3130 1957 3260 2024 tibi,
3295 1960 3403 2015 eris
3431 1960 3572 2017 sicut

1964 2045 2139 2113 Deus,
2196 2048 2432 2103 nominis
2460 2050 2533 2104 tui
2562 2050 2886 2119 recordare,
2915 2060 2969 2107 et
2997 2050 3286 2107 sufﬁcienti
3318 2052 3567 2108 admonio

1964 2138 2110 2193 tione
2134 2137 2436 2206 instrueris,
2470 2150 2527 2194 ut
2555 2156 2621 2196 ne
2646 2142 2931 2197 consilium
2959 2143 3232 2197 admittas.
3258 2143 3569 2201 Recordare

1963 2229 2153 2283 matris
2176 2270 2191 2293 ,
2220 2237 2274 2285 et
2312 2232 2648 2301 cognationis
2668 2248 2900 2301 agnosce
2926 2234 3183 2289 vilitatem
3207 2276 3222 2296 ,
3249 2250 3354 2288 non
3385 2245 3440 2290 ut
3470 2236 3569 2291 hu-

1963 2321 2246 2377 militatem
2272 2322 2450 2377 discas
2475 2364 2490 2388 ,
2538 2323 2633 2380 sed
2673 2338 2747 2380 ne
2767 2340 3019 2396 umquam
3052 2326 3305 2395 superbia
3339 2326 3572 2384 intume-

1960 2425 2103 2468 scas.
2136 2411 2424 2482 Propterea
2450 2414 2644 2469 Paulus
2660 2430 2873 2485 quoque
2898 2414 3113 2470 dicebat
3142 2435 3153 2468 :
3191 2414 3398 2470 Primus
3416 2418 3569 2472 homo

1962 2504 2026 2558 de
2046 2513 2181 2559 terra
2204 2515 2449 2560 terrenus.
2480 2505 2618 2572 Quid
2646 2506 2789 2560 cnim
2826 2506 2895 2561 sit
2927 2506 3098 2561 Adam
3127 2508 3284 2563 nobis
3310 2510 3573 2580 interpre-

1965 2604 2083 2650 tans
2110 2595 2287 2651 aiebat
2335 2597 2465 2651 illud
2496 2613 2511 2652 :
2544 2596 2621 2652 De
2658 2606 2795 2652 terra
2824 2607 3084 2663 terrenus,
3130 2601 3382 2654 secundus
3418 2602 3570 2655 homo

1962 2687 2074 2758 ipse
2102 2686 2353 2744 Dominus
2386 2688 2449 2741 de
2469 2688 2594 2743 caelo
2622 2689 2697 2761 (l.
2729 2688 2851 2745 Cor.
2888 2691 2973 2746 I5.
3002 2691 3119 2757 Π).
3170 2690 3277 2745 Sed
3311 2690 3573 2752 invadunt

1964 2793 2061 2831 nos
2091 2776 2328 2832 hzeretici
2350 2820 2364 2843 ,
2403 2794 2467 2833 ac
2493 2779 2681 2835 dicunt
2716 2799 2729 2834 :
2759 2780 2897 2836 Ecce
2937 2796 3154 2836 carnem
3182 2779 3433 2837 Christus
3463 2797 3570 2837 non

1962 2867 2286 2938 assumpsit:
2311 2870 2385 2922 ait
2411 2870 2555 2925 enim
2584 2870 2804 2937 Paulus,
2828 2871 3096 2927 Secundus
3123 2872 3295 2935 Itonia,
3320 2872 3575 2928 Dominus

1963 2959 2028 3011 de
2058 2961 2201 3013 calo.
2244 2960 2412 3014 Audis
2451 2962 2706 3017 secundus
2742 2963 2894 3017 homo
2916 3005 2930 3027 ,
2962 2972 3016 3018 et
3044 2963 3181 3020 dicis
3202 2980 3325 3019 eum
3352 2981 3572 3025 carnem

1963 3064 2069 3103 non
2099 3051 2499 3121 assumpsisse?
2524 3052 2655 3119 Quis
2701 3054 2859 3109 talem
2893 3069 3145 3124 umquam
3181 3055 3572 3126 impudentiam

1962 3140 2138 3194 vidit?
2179 3142 2299 3211 quis
2337 3141 2481 3197 enim
2526 3143 2689 3198 homo
2725 3159 2845 3199 esse
2873 3154 3070 3215 potest,
3100 3146 3188 3216 qui
3211 3161 3429 3201 carnem
3465 3163 3571 3201 non

1964 3232 2196 3290 habeat?
2230 3234 2432 3291 Idcirco
2475 3236 2618 3291 enim
2663 3246 2716 3291 et
2747 3235 3023 3293 hominem
3057 3246 3112 3293 et
3149 3237 3446 3295 secundum
3477 3239 3574 3293 hc-

1964 3325 2165 3381 minem
2195 3327 2506 3396 appellavit,
2538 3337 2594 3380 ut
2619 3343 2741 3383 cum
2771 3344 2835 3382 ex
2871 3343 3120 3391 numero,
3156 3338 3267 3383 tum
3294 3345 3366 3383 ex.
3385 3339 3573 3383 natura

1963 3420 2335 3488 cognationem
2373 3420 2491 3486 ejus
2528 3433 2810 3488 agnoscas.
2852 3417 2987 3485 Quis
3016 3418 3208 3491 igitur,
3243 3419 3446 3491 inquit,
3482 3435 3573 3475 se-

1963 3511 2169 3566 candus
2190 3519 2273 3565 est
2297 3510 2501 3565 homo?
2528 3508 2779 3565 Dominus
2800 3511 2865 3565 de
2889 3512 3034 3566 caelo.
3079 3514 3149 3567 At
3170 3514 3313 3568 enim
3342 3515 3573 3569 scanda-

1966 3602 2090 3656 lizat
2113 3618 2199 3657 me
2221 3602 2371 3657 locus
2392 3643 2406 3667 ,
2426 3602 2613 3672 'inquit
2634 3644 2649 3667 ,
2680 3611 2736 3657 et
2758 3602 2901 3672 quod
2928 3602 3136 3658 dicatur
3166 3604 3230 3658 de
3259 3606 3405 3659 creto.
3438 3606 3573 3661 Cum

1964 3696 2119 3751 audis
2142 3696 2373 3767 primum
2403 3697 2675 3751 hominem
2709 3695 2974 3752 Adamum
2997 3712 3119 3752 esse
3146 3697 3216 3754 de
3239 3708 3379 3752 terra
3404 3708 3574 3755 terre-

1964 3803 2128 3854 num,
2185 3788 2441 3857 numquid
2495 3802 2617 3843 esse
2672 3796 2984 3843 terrestrem
3031 3789 3207 3859 ipsum
3248 3788 3577 3845 arbitraris?

1965 3878 2223 3949 numquid
2272 3886 2544 3934 terrenum
2593 3894 2716 3933 esse
2764 3889 2969 3934 tantum
3016 3878 3339 3949 suSpicaris,
3396 3895 3573 3951 neque

1964 3972 2215 4027 virtutem
2265 3971 2550 4042 quamdam
2594 3973 2969 4041 incorpoream
3024 3971 3257 4037 habere,
3307 3971 3568 4037 animam,

1966 4062 2181 4132 inquam
2207 4102 2223 4127 ,
2272 4062 2496 4133 ejusque
2544 4062 2834 4117 naturam?
2883 4062 2949 4116 Et
2985 4064 3104 4133 quis
3145 4062 3248 4117 hoc
3292 4063 3477 4118 dicat?
3508 4064 3577 4119 Ut

1966 4154 2129 4227 igitur
2164 4171 2285 4211 cum
2328 4156 2397 4211 de
2439 4154 2646 4211 Adamo
2672 4156 2828 4211 audis
2867 4164 3141 4211 terrenum
3174 4155 3348 4225 ipsum
3382 4155 3573 4221 fuisse,

1967 4263 2074 4303 non
2120 4246 2434 4303 destitutum
2482 4249 2661 4303 anima
2703 4249 2869 4304 luisse
2907 4264 3103 4318 corpus
3132 4248 3421 4318 suspicaris
3454 4265 3469 4303 :
3504 4251 3574 4305 ita

1966 4353 2089 4394 cum
2119 4339 2273 4395 audis
2296 4381 2311 4403 ,
2342 4338 2589 4394 Dominus
2612 4341 2675 4393 de
2696 4341 2840 4404 ctelo,
2887 4340 2994 4395 noli
3023 4341 3447 4397 incarnationem
3484 4358 3576 4397 ne-

1966 4447 2125 4503 gare,
2163 4431 2309 4501 quod
2336 4432 2653 4503 adjiciatur,
2703 4432 2765 4485 de
2791 4433 2945 4490 cwlo.
2988 4433 3172 4504 Itaque
3197 4433 3308 4504 jam
3340 4435 3571 4505 primum

1968 4538 2163 4578 nomen
2193 4522 2479 4577 sufﬁcienti
2504 4522 2822 4579 defensione
2850 4524 3235 4579 communitum
3264 4533 3348 4579 est
3380 4542 3394 4579 :
3429 4526 3575 4580 Ada-

1967 4629 2089 4668 mus
2118 4615 2261 4669 enim
2312 4624 2535 4670 vocatus
2583 4624 2668 4670 est
2704 4614 2771 4669 de
2816 4615 3033 4671 nomine
3083 4616 3299 4681 matris,
3334 4633 3399 4671 ne
3432 4619 3573 4673 ultra

1970 4723 2129 4777 quam
2177 4710 2319 4765 vires
2349 4709 2468 4778 ejus
2492 4710 2697 4774 ferant,
2725 4708 2793 4763 de
2824 4724 2884 4764 se
2911 4708 3193 4779 magniﬁce
3242 4712 3469 4776 sentiat,
3523 4722 3579 4767 et

1967 4800 2164 4856 diaboli
2202 4801 2475 4855 fraudibus
2521 4801 2679 4856 nullis
2725 4802 2893 4870 possit
2923 4802 3239 4872 expugnari.
3292 4802 3572 4872 Siquidem

1968 4893 2145 4949 aiebat
2179 4911 2190 4946 :
2237 4892 2393 4948 Erilis
2413 4896 2540 4947 sicut
2562 4893 2654 4946 dii.
2689 4894 2803 4963 Age
2834 4909 2972 4949 nunc
2988 4894 3128 4963 quod
3162 4895 3427 4965 reliquum
3452 4907 3533 4951 cst
3557 4940 3569 4959 ,

1967 4988 2033 5042 ad
2061 4988 2287 5043 alterum
2319 4988 2542 5057 gradum
2570 4987 2830 5043 facientes
2850 5032 2865 5054 ,
2890 4990 2979 5058 qui
3010 4999 3134 5044 ante
3163 5000 3371 5057 partum
3398 4992 3572 5061 ipsum

1969 5093 1996 5132 a
2046 5080 2157 5134 Deo
2185 5095 2379 5134 nomen
2423 5094 2569 5150 arce;
2588 5079 2660 5145 it,
2708 5081 2864 5134 linem
2898 5080 3106 5135 dicendi
3141 5080 3417 5136 faciamus.
3446 5084 3578 5149 Quis

1970 5170 2128 5241 igitur
2160 5180 2280 5240 post
2322 5170 2586 5225 Adamum
2616 5187 2645 5225 a
2665 5171 2775 5225 Deo
2804 5186 2999 5226 nomen
3030 5173 3337 5242 priusquam
3381 5188 3576 5230 nasce-

1970 5271 2119 5317 retur
2148 5263 2393 5332 accepit?
2450 5263 2618 5318 Isaac.
2669 5261 2803 5317 Ecce
2840 5264 3021 5329 enim,
3068 5264 3273 5334 inquit,
3331 5283 3460 5321 uxor
3492 5277 3582 5321 (tm

1972 5354 2137 5410 Sarra
2167 5356 2416 5426 concipiet
2461 5358 2512 5409 in
2541 5366 2713 5422 utero,
2749 5367 2793 5410 et
2818 5360 2979 5425 pariet
3035 5359 3234 5427 filium,
3282 5371 3328 5412 et
3376 5362 3577 5415 vocabis

1971 5465 2152 5503 nomen
2189 5452 2300 5520 ejus
2328 5445 2481 5503 Isaac
2509 5448 2659 5520 (Cen.
2698 5451 2783 5504 ΓΙ.
2807 5450 2919 5519 l9).
2946 5450 3072 5503 Cum
3104 5460 3271 5505 autem
3304 5454 3575 5522 peperisset

1970 5561 2116 5600 eain.
2161 5545 2352 5598 vocavit
2384 5560 2563 5597 nomen
2603 5544 2711 5613 ejus
2755 5540 2905 5597 Isaac
2927 5586 2939 5610 ,
2993 5545 3166 5598 dicens
3198 5560 3215 5597 :
3248 5545 3425 5599 Risum
3457 5548 3575 5617 fecit

1970 5636 2095 5688 mihi
2120 5634 2254 5688 Deus
2276 5634 2379 5699 (Ib.
2400 5636 2550 5689 2L5.
2574 5632 2650 5706 6).
2672 5635 2847 5702 Quare
2866 5639 3029 5690 vero?
3058 5637 3183 5703 Quis
3207 5638 3357 5702 cnim,
3386 5638 3575 5706 inqitit,

1971 5728 2289 5780 amnmtiabit
2331 5726 2617 5791 Abraham,
2654 5728 2791 5797 quod
2831 5728 2992 5783 Sarra
3020 5729 3185 5793 [ilium
3234 5730 3379 5781 Iactet
3409 5729 3572 5797 (Ibid.

1976 5835 2018 5872 ιν.
2050 5821 2142 5892 7)“!
2174 5819 2267 5875 llic
2308 5819 2436 5875 mihi
2490 5818 2775 5891 diligenter
2821 5819 3081 5879 attendite
3106 5862 3119 5888 ,
3154 5829 3209 5874 ut
3249 5822 3575 5879 miraculum
