4080 6404
533 360 624 433 ist

523 487 770 544 videatis.
803 487 926 545 Non
950 489 1085 543 dixit
1108 528 1122 552 ,
1145 485 1287 555 quod
1338 482 1639 554 pepererit,
1671 479 1769 536 sed
1794 477 1936 551 quod
1968 479 2119 532 Iactet

526 571 826 652 puerulum.
858 580 990 636 Nam
1019 596 1098 634 ne-
1110 578 1247 634 forte
1270 578 1391 647 quis
1411 575 1808 646 supposititium
1840 569 2120 642 puerulum

523 664 887 736 existimaret,
933 669 1149 742 genuini
1201 677 1383 738 partus
1439 667 1599 722 [idem
1653 656 1917 719 faciebant
1972 661 2124 715 lactis

525 763 741 821 fontes:
773 765 951 833 itaque
980 760 1046 818 ex‘
1087 757 1459 816 recordatione
1498 757 1729 813 nominis
1755 757 1869 825 ipse
1909 766 2122 822 quoque

522 855 593 909 de
617 853 846 915 mirabin
882 848 1232 923 generatione
1260 851 1390 905 satis
1419 862 1686 919 superque
1735 844 2119 900 instruebatur.

522 945 812 1013 Propterea
841 941 971 998 dicit
1007 961 1020 997 :
1054 942 1234 997 Risum
1261 942 1376 1012 fecit
1403 940 1527 993 mihi
1549 936 1718 1002 Deus,
1749 935 2001 1008 quoniam
2036 937 2121 988 vi-

523 1035 649 1090 dere
674 1043 790 1088 erat
813 1034 1100 1088 mulierem
1129 1038 1407 1088 senectute
1434 1028 1730 1084 confectam
1753 1067 1768 1094 ,
1799 1041 1919 1096 quae
1944 1026 1996 1079 in
2023 1040 2120 1079 ca-

523 1126 653 1180 nitie
702 1125 938 1194 longmva
982 1125 1267 1178 lactentem
1315 1122 1593 1191 puerulum
1623 1119 1906 1174 educabat.
1936 1118 2119 1172 Atille

523 1218 663 1271 risus
694 1214 921 1286 gratiam
967 1213 1201 1268 divinam
1229 1215 1279 1267 in
1330 1225 1643 1266 memoriam
1691 1210 2013 1273 remeabat,
2066 1218 2120 1263 et

521 1308 765 1361 lactentis
814 1302 1101 1360 nutricatio
1154 1302 1397 1359 miraculi
1443 1301 1573 1357 editi
1615 1301 1775 1356 fidem
1830 1300 2059 1355 faciebat
2100 1317 2114 1353 :

523 1413 696 1462 neque
723 1389 866 1452 enim
895 1406 1100 1451 natura:
1148 1408 1285 1465 opus
1325 1393 1454 1449 illud
1484 1401 1639 1457 erat,
1687 1392 1778 1446 sed
1822 1400 1990 1446 totum
2022 1389 2121 1445 fuit

521 1488 701 1556 gratias
756 1486 1075 1559 prmelarum
1137 1483 1344 1539 facinus
1399 1483 1763 1539 tribuendum.
1826 1482 2117 1550 Pmpterea

518 1576 713 1632 Paulus
755 1591 968 1646 quoque
1009 1576 1164 1640 dicit,
1217 1574 1514 1630 Secundum
1575 1573 1727 1628 Isaac
1773 1573 2121 1643 promissionis

517 1667 614 1735 filii
668 1674 844 1721 sumus
893 1666 1036 1739 (Gal.
1082 1668 1136 1722 4.
1177 1668 1295 1736 28).
1347 1663 1479 1721 Nam
1513 1664 1962 1735 quemadmodum
2009 1664 2119 1720 illic

516 1758 840 1827 cperabatur
868 1759 1040 1826 gratia
1072 1776 1084 1812 :
1121 1759 1190 1811 ita
1222 1758 1310 1812 hic
1338 1772 1548 1827 quoque
1572 1755 1771 1826 prodiit
1799 1755 1889 1810 ille
1911 1770 1976 1810 ex
1998 1765 2116 1810 ute-

517 1865 578 1901 ro
601 1850 712 1918 jam
752 1848 944 1920 frigido
986 1859 1041 1904 et
1089 1849 1266 1904 efl‘eto.
1317 1847 1622 1903 Ascendisti
1667 1857 1722 1901 tu
1751 1856 1818 1902 ex
1850 1847 2001 1916 aquis
2027 1861 2120 1914 ge-

518 1941 638 1994 lidis
668 1959 682 1994 :
711 1940 850 2010 quod
880 1941 1041 2009 igitur
1065 1940 1139 1993 illi
1182 1938 1281 1994 fuit
1321 1950 1538 2005 uterus,
1565 1937 1658 1992 tibi
1703 1939 1972 1992 lavaCrum
2013 1935 2119 1991 fuit

514 2046 797 2101 aquarum.
850 2031 1008 2084 Vides
1057 2041 1242 2100 partus
1267 2028 1683 2099 cognationem?
1730 2028 1882 2083 vides
1931 2027 2118 2097 gratias

524 2119 911 2174 concordiam?
939 2119 1091 2173 vides
1119 2119 1314 2188 ubique
1358 2126 1604 2171 naturam
1649 2117 1803 2170 otiari
1823 2158 1837 2179 ,
1863 2125 1920 2170 et
1946 2125 2118 2170 totum

514 2210 612 2267 Dei
648 2213 896 2267 virtutem
927 2210 1180 2281 operari?
1219 2209 1423 2264 idcirco
1470 2207 1768 2264 Secundum
1813 2205 1967 2260 Isaac
1993 2223 2116 2274 pro-

511 2303 770 2356 missionis
798 2311 973 2357 sumus
1013 2300 1129 2369 ﬁlii.
1154 2301 1222 2354 At
1250 2297 1394 2354 enim
1434 2305 1540 2352 una
1570 2302 1737 2353 restat
1761 2293 1936 2350 adhuc
1964 2309 2111 2365 qure-

1173 2472 1213 2478 ...
1247 2469 1705 2477 "mw
1723 2469 2035 2478 α-Ψῌ

563 2470 764 2481 ...ο-ἠν·-

774 2470 1045 2479 __-——_--_
1101 2475 1134 2478 ...

1274 369 1332 428 s.
1359 363 1639 427 JOANNIS
1666 349 2143 424 cnn'szs'rout
2183 363 2506 422 ARCHIEP.
2534 347 3069 423 consumma

3717 371 3814 428 Ii"!

2229 476 2333 532 stio
2362 493 2376 529 :
2409 477 2544 532 dixit
2569 476 2637 532 de
2664 479 2817 534 nobis
2835 521 2850 542 ,
2877 479 3020 549 quod
3043 477 3166 534 Non
3191 495 3254 535 es
3280 481 3634 551 sanguiuilrus,
3665 499 3827 555 neque

2229 569 2292 620 ex
2317 567 2571 622 voluntate
2608 570 2777 622 carnis
2805 570 2976 624 simus
3004 569 3185 641 (Joan.
3221 571 3272 625 l.
3302 572 3415 644 l3).
3461 571 3583 640 Quo
3607 574 3820 629 tandem

2228 653 2427 724 pacto?
2473 656 2658 732 Ncgue
2689 657 2835 713 Isaac
2861 674 2928 714 ex
2963 662 3312 730 sanguinibns
3349 663 3446 718 fuit
3482 683 3498 716 :
3550 663 3824 720 Desierant

2224 747 2360 800 enim
2388 747 2564 803 Same
2582 749 2694 816 ﬁeri
2714 749 2977 804 muliebria
3001 752 3111 822 ejus
3135 738 3289 823 (Gen.
3321 753 3405 810 l8.
3428 755 3542 825 ll).
3573 756 3820 813 Oblurali

2226 846 2378 890 erant
2399 837 2550 892 lactis
2574 839 2748 893 fontes
2767 881 2783 905 ,
2814 842 3020 897 sublata
3046 852 3160 897 erat
3182 846 3547 914 generationis
3569 849 3818 916 materia,

2224 925 2429 981 inutilis
2474 936 2678 984 natura:
2721 940 2838 984 erat
2883 931 3134 1000 ofﬁcina,
3181 944 3399 1004 tumque
3447 937 3665 993 virtutis
3709 932 3822 994 sua

2226 1019 2367 1074 Deus
2393 1019 2668 1090 specimen
2715 1023 2903 1078 edidit.
2936 1023 3076 1081 Ecce
3126 1029 3500 1097 appellationis
3542 1029 3695 1086 Isaac
3721 1033 3819 1085 do-

2224 1110 2450 1167 ctrinam
2498 1113 2757 1170 habemus
2802 1118 3122 1174 absolutam.
3165 1120 3352 1176 Restat
3399 1125 3577 1186 enim.
3629 1133 3689 1180 ut
3753 1117 3819 1186 ad

2223 1203 2493 1258 Abraham
2513 1247 2528 1272 ,
2551 1216 2606 1261 et
2633 1207 2697 1261 ad
2728 1207 2868 1264 ﬁlios
2887 1209 3132 1265 Zebedazi
3153 1211 3480 1281 Petrumque
3499 1216 3780 1270 veniamus
3803 1233 3818 1269 :

2223 1292 2318 1346 Sed
2349 1301 2418 1349 ne
2440 1296 2592 1350 vobis
2621 1306 2818 1352 nostra:
2861 1299 3121 1355 orationis
3157 1300 3434 1370 prolixita's
3461 1303 3678 1359 taedium
3731 1321 3816 1376 pas

2222 1386 2353 1451 riat,
2418 1385 2485 1440 ad
2555 1389 2778 1443 alterum
2832 1405 3136 1449 sermonem
3209 1393 3312 1450 ἰείη
3367 1394 3716 1466 differemus,
3766 1409 3822 1457 et

2224 1476 2310 1534 hic
2377 1477 2538 1534 ﬁnem
2608 1479 2817 1536 dicendi
2892 1482 3146 1539 facientes
3217 1501 3314 1540 vos
3381 1486 3820 1559 cohortabimur,

2221 1569 2310 1638 qui
2352 1571 2644 1625 secundum
2689 1572 2835 1627 Isaac
2888 1575 2994 1628 nati
3045 1576 3206 1640 estis,
3239 1583 3299 1631 ut
3355 1581 3826 1638 mansuetudinem

2221 1658 2284 1712 ac
2342 1659 2662 1716 modestiam
2707 1663 2857 1718 Isaac
2918 1664 3237 1733 imitemini,
3287 1683 3614 1741 omnemque
3661 1675 3821 1730 aliam

2222 1751 2338 1820 ejus
2375 1752 2799 1824 philosophiam;
2856 1766 2912 1812 ut
2963 1759 3212 1828 precibus
3260 1760 3388 1831 justiti
3419 1762 3564 1820 illius
3619 1775 3677 1821 et
3724 1766 3823 1822 bo-

2221 1857 2338 1897 rum
2398 1847 2686 1914 prazsulum
2725 1850 2967 1905 onmium
3000 1851 3216 1922 adjutt,
3256 1855 3324 1909 ad
3360 1858 3536 1912 sinum
3589 1859 3823 1917 Abralm

2221 1934 2398 1988 cuncti
2429 1939 2709 2005 pervenire
2734 1942 3002 2010 possimus
3022 1984 3038 2011 ,
3066 1946 3231 2016 gratia
3261 1953 3316 2001 et
3342 1947 3672 2018 benignitate
3715 1951 3823 2009 Do-

2222 2022 2352 2078 mini
2397 2027 2566 2081 nostri
2619 2028 2746 2084 Jesu
2809 2030 3044 2096 Christi,
3101 2049 3199 2104 per
3239 2044 3400 2106 quem
3446 2047 3499 2093 et
3538 2054 3662 2095 cum
3711 2056 3824 2112 quo

2219 2115 2598 2191 Patrigloria,
2641 2122 2831 2189 honor,
2876 2127 3195 2197 imperium,
3240 2132 3508 2202 simulque
3532 2145 3725 2190 sancto
3767 2138 3825 2194 et

2220 2207 2431 2265 vivifioo
2459 2208 2705 2281 Spiritui,
2739 2221 2884 2272 nunc
2905 2223 2960 2272 et
2987 2230 3221 2290 semper,
3250 2232 3305 2276 et
3326 2222 3380 2278 in
3410 2225 3606 2281 mula
3645 2239 3827 2283 saecu-

2220 2297 2417 2357 lorum.
2442 2303 2634 2360 Amen.

538 2665 625 2713 ιι)
655 2670 770 2714 nos
802 2671 913 2724 QUI
954 2668 1142 2716 trstm
1187 2673 1783 2719 aerumnosum
1826 2675 1905 2719 on
1943 2673 2400 2720 raooeauonuu
2436 2655 2938 2728 raouxrra'rsu,
2967 2671 3141 2725 quon
3189 2668 3372 2714 υτιιε
3416 2666 3512 2715 srr
3546 2661 3796 2716 nuruu-

621 2767 975 2813 IIENSIONES
1003 2771 1188 2823 EQUO
1229 2771 1422 2817 ΔΝΙΜΟ
1456 2772 1702 2818 Ρειιιιεε
1737 2778 1815 2819 ΕΤ
1844 2776 1969 2820 CUR
2000 2778 2104 2819 PA!

2238 2775 2360 2816 NON
2394 2774 2621 2818 STATIM
2653 2773 2861 2826 ATQUE
2895 2773 3196 2816 οιιειηυιτ
3227 2772 3444 2816 NOMEN
3481 2771 3804 2815 HUTATUI.

621 2871 772 2925 usr,
829 2872 1115 2926 namque
1171 2875 1344 2927 QUOD
1391 2878 1515 2920 mox
1572 2879 1656 2921 ex
1715 2878 2170 2934 NECESSITATE,

2234 2878 2351 2920 seu
2410 2877 2496 2919 ex
2547 2877 2770 2920 unum
2825 2875 3202 2919 vowu'rm:
3255 2873 3458 2917 me“
3509 2873 3608 2916 δη·
3659 2863 3804 2917 ω

619 2965 926 3029 nurum,
973 2974 1052 3016 ετ
1097 2971 1156 3019 ta
1208 2974 1446 3020 meum
1497 2977 1726 3020 tLLun:
1775 2979 1994 3033 same,
2039 2977 2258 3032 smus,
2287 2975 2451 3029 QUID
2491 2975 2582 3020 ius
2625 2974 3054 3028 ruasaousnts
3100 2955 3273 3037 (Act.
3319 2957 3378 3016 9.
3424 2953 3499 3036 ιι)
3531 2958 3561 3016 τ

571 3283 622 3336 1.
650 3281 873 3346 Quinam
892 3295 1002 3333 vere
1020 3276 1752 3346 amici.—Repreheudcruitt
1780 3291 1876 3330 nos
1901 3273 2103 3333 amico-

501 3387 618 3428 rum
665 3369 913 3441 quidam,
943 3369 1083 3439 quod
1117 3367 1408 3437 prolixiora
1437 3380 1744 3420 sermonum
1775 3366 1922 3420 initia
1955 3365 2098 3422 face-

440 3483 442 3485 '
499 3477 679 3518 remus
708 3479 721 3513 :
770 3476 836 3514 an
860 3460 980 3529 jure
1022 3459 1106 3513 vel
1148 3458 1340 3527 injuria
1369 3456 1832 3525 reprehenderint,
1864 3467 1989 3513 tunc
2017 3459 2098 3514 in-

502 3554 771 3624 telligetis.
798 3567 917 3606 cum
948 3550 1127 3605 audita
1155 3548 1466 3604 defensione
1497 3557 1701 3612 ucstra,
1734 3551 1886 3619 quasi
1917 3552 1968 3606 in
2003 3567 2096 3621 pu-

497 3647 634 3700 blico
683 3643 930 3699 tribunali
973 3648 1292 3696 sententiam
1338 3639 1538 3693 feretis.
1587 3640 1700 3709 Ego
1746 3644 2099 3712 vero,prius-

495 3752 654 3806 quam
685 3734 737 3789 id
780 3734 1076 3797 ostendam,
1107 3733 1176 3787 ob
1210 3731 1684 3800 reprehensionem
1716 3732 1914 3800 gratias
1963 3732 2091 3801 ipsis

499 3827 676 3882 refero
708 3845 719 3878 :
760 3841 884 3880 nam
911 3842 975 3881 ex
1003 3826 1106 3880 mei
1135 3839 1260 3878 cura
1287 3832 1446 3893 atque
1475 3822 1670 3889 studio,
1715 3839 1819 3876 non
1859 3841 1922 3877 ex
1952 3826 2093 3880 malo

497 3922 677 3974 animo
703 3919 790 3972 illa
832 3916 1187 3987 proficiscitur
1212 3935 1225 3971 :
1255 3916 1485 3970 amicum
1514 3931 1660 3979 vero,
1689 3930 1791 3969 non
1818 3931 1937 3968 cum
1981 3917 2092 3971 Iau-

495 4011 588 4064 ‘dat
614 4009 796 4075 modo,
818 4009 912 4063 sed
937 4009 1097 4062 etiam
1119 4024 1239 4062 cum
1266 4007 1613 4076 reprehendit
1632 4016 1688 4063 et
1708 4011 1944 4077 corrigit,
1965 4015 2090 4064 tunc

499 4118 586 4156 me
605 4113 785 4154 amare
806 4098 1053 4153 dixerim.
1080 4098 1353 4167 Siquidem
1378 4098 1594 4152 laudare
1617 4099 1815 4163 omnia,
1842 4108 1949 4152 tum
1969 4114 2088 4169 qum

495 4195 653 4258 bene,
684 4203 793 4246 tum
840 4207 959 4261 qure
1004 4193 1141 4245 male
1172 4206 1232 4246 se
1278 4190 1494 4255 habent,
1531 4191 1583 4243 id
1631 4205 1735 4243 non
1786 4192 1963 4254 amici,
1993 4190 2087 4245 sed

495 4291 698 4346 fallacis
720 4304 783 4343 ac
808 4288 1064 4343 derisoris
1105 4298 1186 4344 est
1214 4305 1227 4341 :
1259 4297 1315 4340 at
1342 4279 1562 4342 laudare
1589 4287 1634 4341 si
1678 4287 1805 4357 quid
1855 4287 2001 4351 boni,
2029 4301 2092 4341 ac

497 4379 891 4452 reprehendere
939 4381 982 4433 si
1031 4379 1158 4452 quid
1209 4379 1409 4449 peccati
1469 4378 1800 4444 admittatur,
1860 4379 1911 4432 id
1963 4394 2092 4434 vero

495 4471 725 4527 amantis
766 4477 821 4525 et
863 4484 1045 4523 Curam
1089 4469 1332 4524 habentis
1385 4479 1484 4523 est.
1540 4471 1711 4540 Atque
1764 4480 1820 4523 ut
1873 4471 2091 4526 discatis

495 4562 635 4634 quod
663 4561 1124 4616 indiseriminatim
1151 4561 1329 4615 omnia
1352 4561 1568 4615 laudare
1590 4564 1644 4615 et
1664 4562 1958 4628 celebrare,
1982 4579 2089 4618 non

389 4676 400 4686 ’
495 4658 565 4710 sit
608 4656 789 4726 amici,
822 4654 915 4708 sed
944 4653 1264 4723 decipientis
1296 4669 1308 4706 :
1350 4650 1551 4721 Papule
1589 4669 1748 4714 meus,
1782 4654 1969 4722 inquit.
2000 4661 2089 4724 qui

495 4764 581 4800 vos
604 4748 770 4799 beatos
798 4745 993 4799 dicunt.
1029 4743 1126 4812 ipsi
1154 4760 1238 4796 vos
1268 4743 1545 4813 decipiunt,
1577 4753 1622 4797 et
1650 4745 1875 4797 semitam
1906 4745 2089 4812 pedum

496 4847 771 4890 vestrorum
797 4835 1066 4889 exturbant
1106 4831 1255 4905 (1εαὶ.
1285 4833 1338 4888 3.
1374 4833 1488 4906 12).
1519 4833 1677 4889 Certe
1718 4836 1990 4889 inimicum
2022 4854 2090 4892 ne

498 4928 802 4982 laudantem
829 4927 1045 4996 quidem
1083 4925 1341 4990 admitto;
1384 4927 1613 4980 amicum
1645 4941 1774 4980 vero
1802 4928 1964 4981 etiam
2008 4943 2091 4983 re-

499 5017 914 5089 prehendentem
947 5018 1245 5086 amplexor.
1281 5016 1373 5071 Ille
1397 5016 1496 5071 etsi
1521 5032 1606 5071 me
1628 5017 1986 5082 deosculetnr,
2011 5018 2092 5072 in-

499 5112 679 5166 suavis
706 5119 822 5176 est;
853 5110 940 5164 hic
983 5110 1084 5164 etsi
1131 5111 1397 5171 vulneret,
1441 5108 1721 5164 amabilis:
1762 5109 1904 5164 illius
1930 5120 2089 5163 oscu~

503 5200 613 5257 lum
645 5202 946 5269 sustiicione
974 5201 1188 5270 plenum
1210 5209 1310 5262 est,
1334 5200 1490 5268 hujus
1518 5201 1706 5255 vulnus
1731 5201 1952 5256 curandi
1981 5203 2088 5255 vim

500 5293 678 5348 habet.
713 5289 997 5362 Propterea
1023 5292 1151 5345 dicit
1173 5291 1385 5361 quidam
1410 5311 1421 5345 :
1449 5290 1710 5345 Fideliora
1739 5303 1856 5346 sunt
1881 5295 2090 5348 vulnera

499 5387 671 5450 amici,
716 5402 867 5452 quam
911 5397 1191 5453 spontanca
1235 5386 1407 5438 oscula
1453 5385 1644 5439 inimici
1673 5384 1850 5454 (Prov.
1882 5387 1969 5440 27.
2008 5389 2086 5457 6).

499 5475 636 5546 Quid
683 5477 855 5531 dicis?
894 5476 1125 5532 Vulnera
1179 5479 1376 5531 osculis
1431 5477 1683 5541 meliora,
1741 5477 1949 5547 inquit:
1983 5493 2087 5532 non

501 5569 672 5625 enim‘
701 5569 768 5623 ad
812 5580 1053 5623 naturam
1079 5586 1264 5628 eorum
1296 5588 1414 5640 quze
1445 5572 1596 5636 fiunt,
1631 5571 1725 5625 sed
1755 5572 1817 5625 ad
1847 5573 2087 5626 atl‘cctio-

563 5664 579 5692 ι
617 5668 726 5711 Haec
763 5661 833 5711 sic
867 5661 994 5711 forte
1017 5660 1194 5725 melius
1218 5661 1444 5725 legantur
1484 5677 1498 5713 :
1537 5667 1660 5725 Quid
1704 5663 1869 5714 dicis?
1891 5666 2088 5716 vulnera

504 5725 678 5776 osculis
700 5727 908 5781 meliora
929 5730 953 5779 ?
982 5723 1142 5780 ctiam,
1167 5723 1321 5785 inquit
1358 5738 1376 5774 :
1413 5739 1505 5775 non
1535 5723 1682 5786 enim,
1710 5733 1830 5785 etc.,
1871 5742 1981 5778 nam
2007 5730 2084 5780 hic

485 5782 662 5850 ll‘t‘pll‘s
681 5794 808 5855 apud
824 5789 1211 5855 Chrysosl'Jmunl
1235 5782 1470 5847 l'reqdens
1494 5792 1586 5838 eSt.

2137 3171 2192 3182 ...-

2209 3295 2551 3382 nenteorum
2580 3297 2669 3364 qui
2701 3297 2901 3353 faciunt
2924 3303 3161 3358 attendo.
3193 3305 3284 3360 Vis
3304 3303 3512 3366 discere
3532 3315 3816 3382 quomodo

2206 3375 2450 3436 fideliora
2493 3383 2600 3439 sint
2639 3388 2858 3444 vulnera
2884 3393 3066 3461 amici,
3094 3409 3253 3464 quam
3298 3375 3591 3469 Spontanea
3619 3409 3806 3462 oscula

2205 3474 2443 3530 inimici?
2476 3477 2759 3535 Dominum
2785 3484 3058 3540 osculatus
3088 3494 3170 3542 es't
3197 3488 3396 3556 Iudas;
3426 3493 3520 3548 sed
3556 3498 3804 3558 osculum

2201 3574 2319 3621 erat
2348 3569 2650 3636 proditione
2694 3574 2945 3642 plenum;
2977 3592 3038 3631 os
3066 3593 3298 3647 veneno,
3343 3584 3521 3654 lingua
3563 3591 3806 3658 nequitia

2201 3659 2510 3729 replebatur
2549 3659 2758 3736 (Matth.
2805 3665 2895 3720 26.
2947 3668 3063 3740 49).
3111 3670 3482 3730 Fornicarium
3512 3680 3656 3748 apud
3685 3679 3804 3736 Co-

2201 3749 2430 3805 rinthios
2454 3754 2750 3811 vulneravit
2779 3757 3012 3826 Paulus;
3044 3760 3139 3816 sed
3173 3763 3246 3818 illi
3286 3765 3510 3821 salutem
3536 3771 3804 3827 concilia-

2198 3840 2293 3894 vit.
2325 3841 2625 3912 Quomodo,
2660 3847 2891 3918 inquies,
2921 3851 3260 3908 vulneravit?
3287 3856 3499 3913 Satanas
3542 3861 3762 3919 tradens
3783 3884 3801 3920 :

2199 3930 2428 4000 Tradite,
2452 3936 2641 4005 inquit,
2672 3938 2967 4008 Itujusmo'di
2989 3953 3182 3998 solante
3208 3945 3261 4000 in
3305 3946 3562 4003 interitum
3603 3957 3800 4011 carnis.

2201 4023 2281 4116 ad
2311 4027 2480 4097 quid?
2504 4027 2573 4082 Ut
2611 4029 2817 4101 spiritus
2853 4033 3020 4087 salvus
3040 4035 3101 4088 sit
3131 4036 3182 4089 in
3209 4037 3292 4090 die
3315 4036 3526 4095 Domini
3545 4042 3670 4097 Jesu
3704 4045 3801 4116 (ί.

2198 4115 2316 4168 Cor.
2347 4118 2400 4172 5.
2432 4119 2530 4190 5).
2567 4120 2808 4175 Vidistin’
2844 4124 3069 4180 vulnera
3111 4127 3337 4184 salutis?
3380 4131 3613 4188 vidistin‘
3639 4115 3797 4192 oscu-

2198 4204 2307 4260 lum
2334 4207 2634 4277 proditione
2667 4212 2972 4280 repletum?
3009 4216 3099 4270 Sic
3140 4214 3403 4273 Fideliora
3427 4233 3546 4276 sunt
3584 4225 3804 4281 uulnera

2197 4300 2364 4364 amici,
2405 4317 2555 4368 quant
2604 4314 2884 4374 spontaneo
2935 4310 3109 4362 oscula
3156 4311 3369 4366 inimici.
3403 4313 3608 4370 Idmon
3654 4321 3800 4387 apud

2200 4389 2446 4448 homines
2478 4403 2704 4464 tantum,
2740 4399 2832 4452 sed
2861 4400 3020 4454 etiam
3049 4405 3188 4472 apud
3237 4405 3404 4459 Deum
3435 4419 3488 4460 et
3509 4411 3648 4480 apud
3675 4410 3800 4468 dia-

2200 4482 2380 4537 holum
2430 4487 2795 4554 exquiramus.
2838 4490 2931 4546 llle
2984 4493 3209 4560 amicus,
3250 4495 3338 4549 hic
3388 4497 3635 4554 inimicus
3676 4511 3796 4568 est;

2200 4574 2291 4627 ille
2330 4587 2571 4630 servator
2600 4587 2655 4633 et
2698 4591 2932 4647 curator,
2965 4583 3050 4638 hic
3098 4579 3469 4642 fraudulentus
3517 4599 3570 4644 et
3617 4592 3798 4648 inimi-

2196 4682 2311 4723 cus.
2357 4672 2453 4726 llic
2497 4675 2781 4744 aliquando
2825 4679 3094 4732 osculatus
3144 4690 3258 4743 est,
3314 4683 3402 4737 ille
3453 4684 3799 4742 vulneravit?

2195 4763 2475 4829 Quomodo
2530 4767 2616 4821 hic
2660 4768 2929 4822 osculatus
2983 4777 3103 4835 est,
3153 4770 3243 4825 ille
3289 4774 3628 4829 vulneravit?
3698 4777 3800 4834 Hic

2195 4856 2350 4922 dixit,
2388 4857 2543 4910 Eritis
2565 4858 2696 4911 sicut
2729 4859 2845 4924 dii;
2889 4860 2978 4914 ille
3007 4875 3153 4926 vero,
3181 4860 3336 4916 Terra
3361 4882 3433 4929 cs,
3457 4866 3577 4919 etin
3607 4881 3796 4936 terram

2195 4950 2454 5002 reverteris
2495 4949 2645 5022 (Gen.
2680 4951 2732 5004 5.
2766 4951 2818 5005 5.
2856 4961 2903 5004 et
2938 4951 3064 5023 19).
3098 4951 3229 5015 Uter
3257 4956 3428 5026 magis
3468 4957 3684 5027 profuit,
3724 4974 3795 5016 an

2197 5041 2305 5107 hic,
2333 5043 2422 5112 qui
2454 5043 2606 5105 dixit,
2641 5043 2800 5097 Erilis
2828 5044 3087 5101 sicut-dii:
3127 5059 3194 5098 an
3225 5047 3312 5102 ille
3340 5047 3429 5116 qui
3451 5049 3603 5112 dixit,
3637 5050 3796 5106 Terra

2195 5148 2269 5197 es,
2299 5142 2346 5185 et
2384 5135 2436 5185 in
2465 5142 2651 5186 terram
2687 5136 2948 5187 reverteris
2971 5135 2996 5185 ?
3039 5134 3136 5188 llic
3164 5146 3391 5190 mortem
3422 5138 3795 5199 interminatus

2197 5233 2299 5287 est,
2329 5226 2416 5300 ille
2439 5226 2894 5280 immortalitatem
2927 5226 3200 5296 promisit;
3231 5229 3323 5282 sed
3360 5234 3450 5300 qui
3475 5234 3795 5289 immortali-

2200 5326 2362 5372 tatem
2390 5295 2678 5387 .promisit,
2729 5336 2792 5374 ex
2844 5321 3091 5389 paradiso
3140 5323 3478 5378 exturbavit:
3524 5328 3614 5395 qui
3666 5343 3799 5384 vero

2198 5420 2424 5467 mortem
2454 5412 2832 5467 interminatus
2875 5424 2976 5480 est,
3010 5416 3062 5469 in
3102 5415 3291 5470 carlum
3350 5416 3570 5473 invexit.
3608 5419 3795 5476 Vidcu‘

2197 5503 2465 5567 quomodo
2485 5503 2750 5560 Fideliora
2770 5517 2885 5560 sunt
2917 5507 3127 5561 vulnera
3152 5510 3324 5574 amici,
3342 5527 3494 5579 quam
3517 5525 3797 5581 spontaneo

2198 5597 2370 5652 oscula
2395 5598 2629 5652 inimici?
2660 5599 2784 5654 ldeo
2807 5610 3090 5669 antequam
3115 5600 3164 5654 id
3195 5599 3654 5673 demonstrarcm,
3674 5622 3792 5675 gra-

2199 5689 2327 5743 tiam
2361 5689 2519 5744 rctuli
2549 5689 2635 5755 iis,
2666 5691 2755 5760 qui
2782 5707 2868 5745 mc
2897 5702 3148 5763 arguunt.
3174 5692 3253 5747 Illi
3282 5709 3511 5767 namque
3538 5695 3651 5750 sive
3674 5698 3797 5766 jure

2198 5783 2310 5839 sive
2337 5782 2529 5853 injuria
2557 5792 2799 5855 arguant,
2831 5799 2936 5840 non
2966 5787 3343 5854 exprobrandi,
3372 5788 3467 5843 sed
3493 5789 3793 5861 corrigendi
