4080 6396
257 415 362 480 133

261 537 444 591 anitno
485 529 536 585 id
562 533 756 600 agunt;
801 521 1000 576 inimici
1039 532 1192 578 vero,
1230 512 1440 570 etiamsi
1467 511 1590 576 jure
1617 516 1861 600 arguant,

263 643 370 681 non
414 597 756 690 corrigendi,
801 614 895 671 sed
941 606 1230 666 infamandi
1274 604 1457 660 animo
1500 609 1751 671 arguunt.
1803 597 1866 652 Ili

257 718 421 785 Igitur
450 714 576 769 dum
612 708 851 772 laudant,
886 703 938 760 id
963 700 1182 757 student
1211 706 1265 750 ιιι
1292 693 1570 750 meliorem
1595 690 1865 785 efficiant;

255 781 333 863 illi
376 820 543 872 vero,
587 797 798 855 etiamsi
840 794 1091 858 laudent,
1133 787 1482 844 nihilominus
1521 781 1867 852 supplantare

253 907 538 956 conantur.

339 983 814 1056 Reprehensionum
844 975 1148 1031 utititas.-
1167 969 1680 1056 Car-terumrquoquo
1707 959 1867 1056 modo

256 1047 610 1148 reprehensio
654 1067 894 1133 accidat,
955 1076 1205 1134 magnum
1250 1067 1401 1114 certe
1443 1055 1642 1109 bonum
1691 1058 1778 1105 est
1804 1047 1868 1148 ,εἰ

251 1139 376 1238 quis
401 1162 853 1236 reprehensiones
873 1155 1385 1220 criminationesque
1406 1148 1476 1202 ita
1505 1145 1645 1200 ferre
1674 1139 1865 1238 possit,

255 1233 312 1313 ut
361 1233 482 1314 noni
503 1261 872 1324 exasperetur.
909 1248 1012 1316 Qui
1055 1244 1198 1301 enim
1229 1243 1337 1297 odit
1370 1237 1764 1309 increpationes,
1793 1233 1870 1286 ait

255 1351 558 1421 Scriptum,
588 1345 836 1414 insipiens
865 1349 939 1396 est
973 1337 1156 1411 (Prov.
1193 1335 1284 1390 12.
1319 1333 1394 1402 1).
1427 1330 1543 1385 Non
1565 1328 1703 1421 dixit
1732 1325 1868 1379 tales

257 1441 345 1496 vel
379 1417 526 1494 tales
571 1435 988 1504 increpationes,
1039 1427 1136 1483 sed
1186 1431 1395 1480 tantum
1445 1417 1864 1489 increpationes.

257 1533 392 1588 Nam
437 1530 482 1585 si
506 1529 630 1598 jure
675 1532 866 1596 arguat
911 1523 1141 1583 amicus,
1192 1524 1473 1587 peccatum
1522 1509 1769 1579 corrige;
1819 1505 1864 1561 si

258 1625 466 1693 absque
510 1620 743 1681 ratione,
788 1612 945 1669 lauda
977 1612 1331 1673 voluntatem,
1373 1617 1595 1673 scopum
1622 1601 1866 1693 ejusap-

259 1688 451 1785 proba,
484 1708 738 1764 amicitim
768 1703 1000 1775 gratiam
1028 1699 1290 1755 confitere
1319 1711 1334 1750 :
1360 1710 1427 1750 ex
1455 1705 1648 1762 magno
1668 1688 1868 1759 quippe

257 1783 446 1860 amore
473 1799 745 1857 accusatio
771 1793 1147 1866 proficiscitur.
1182 1789 1260 1844 Ne
1299 1783 1718 1844 stomaebcmur,
1741 1793 1864 1834 cum

257 1895 550 1967 arguimur.
584 1890 641 1945 id
670 1887 962 1943 admodum
990 1883 1122 1938 utile
1165 1889 1250 1935 est
1294 1879 1419 1932 vita:
1468 1883 1688 1967 nostrai,
1719 1872 1765 1926 si
1790 1869 1868 1967 ab

258 1963 513 2043 omnibus
542 1982 656 2047 fiat,
685 1981 731 2036 si
762 1989 814 2035 et
861 1987 1147 2049 peccantes
1176 1985 1488 2041 arguamus,
1530 1976 1583 2021 et
1611 1965 1743 2020 dum
1790 1963 1869 2016 la-

259 2081 440 2136 bimur
467 2077 537 2132 ab
576 2075 697 2130 aliis
747 2071 897 2141 argui
950 2070 1183 2124 libenter
1225 2064 1502 2120 feramus:
1533 2061 1586 2114 in
1631 2054 1867 2129 peccatis

257 2171 403 2225 enim
437 2167 580 2222 idem
623 2170 752 2220 sunt
783 2158 1254 2231 reprehensiones,
1282 2152 1424 2224 quod
1474 2152 1526 2204 in
1555 2145 1868 2202 uulneribus

259 2256 535 2322 remedia;
566 2249 1018 2327 quemadmodum
1050 2248 1213 2320 igitur
1237 2245 1432 2300 stultus
1458 2251 1539 2298 est
1568 2241 1661 2310 qui
1701 2238 1864 2309 phar-

257 2367 410 2409 maca
462 2346 758 2419 rejieit,ita
798 2355 854 2400 et
896 2344 1116 2398 insanus
1165 2339 1231 2404 is,
1278 2337 1367 2408 qui
1417 2331 1867 2404 reprehensiones

259 2457 366 2498 non
418 2435 881 2495 admittitNerum
923 2432 1076 2487 nmlti
1125 2443 1271 2498 smpe
1300 2431 1710 2495 eanperantur,
1752 2419 1868 2472 lucc

257 2533 400 2605 apud
443 2547 502 2587 se
526 2531 825 2600 cogitantes
851 2534 907 2582 et
933 2525 1176 2579 dicentes
1207 2540 1221 2576 :
1251 2519 1525 2575 Hiitlccine
1566 2515 1733 2571 feram
1764 2525 1865 2580 ego

257 2626 473 2696 sapiens
502 2633 555 2679 et
599 2617 881 2692 prudens?
924 2617 1234 2687 ignorantes
1269 2626 1390 2667 esse
1431 2606 1562 2664 illud
1607 2614 1866 2661 extrema:

257 2695 546 2774 dementiae
571 2720 969 2783 argumentum.
1007 2706 1252 2762 Videbam
1282 2704 1450 2769 enim,
1481 2699 1674 2770 inquit,
1704 2695 1868 2752 hami-

257 2825 394 2875 nent,
422 2807 511 2877 qui
541 2805 636 2859 sibi
661 2802 921 2858 videbatur
965 2799 1190 2868 sapiens,
1213 2805 1259 2850 et
1304 2795 1552 2864 majorem
1592 2789 1682 2844 illo
1724 2801 1868 2855 spent

257 2901 408 2956 habet
447 2899 691 2968 insipiens
738 2895 922 2966 (Prov.
961 2894 1055 2949 26.
1097 2891 1209 2962 12).
1263 2892 1562 2959 Eapropter
1589 2895 1643 2941 et
1672 2882 1868 2939 Paulus

255 2992 389 3048 dicit
416 3008 432 3045 :
469 2987 552 3043 Ne
576 2990 687 3043 sitis
714 2987 984 3056 prudentes
1010 2983 1152 3053 apud
1189 2982 1519 3050 vosmetipsos
1563 2977 1741 3047 (Rom.
1776 2973 1865 3028 12.

260 3082 376 3154 16).
404 3080 558 3136 Licet
579 3079 722 3134 enim
756 3077 949 3130 mirum
978 3075 1030 3128 in
1062 3073 1279 3128 modum
1311 3071 1381 3126 sit
1420 3071 1636 3141 sapiens
1656 3076 1710 3122 et
1740 3083 1871 3140 per-

257 3171 464 3241 spicax,
495 3177 732 3223 attamen
772 3167 934 3219 homo
955 3181 1014 3218 es
1045 3172 1098 3217 et
1121 3161 1348 3217 consilio
1379 3175 1515 3230 opus
1546 3161 1732 3216 habes.
1762 3161 1868 3216 So-

260 3263 362 3317 lius
396 3260 540 3315 enim
581 3258 674 3313 Dei
703 3265 785 3311 est
815 3255 1013 3309 nullius
1042 3253 1304 3322 indigere,
1332 3261 1388 3306 et
1426 3252 1575 3306 nullo
1602 3267 1741 3321 opus
1770 3252 1867 3307 ha-

259 3355 391 3410 bere
421 3352 749 3409 consiliario.
781 3347 907 3402 ldeo
941 3347 1009 3402 de
1041 3347 1133 3399 illo
1154 3346 1271 3400 solo
1300 3345 1498 3398 dicitur
1524 3361 1536 3396 :
1571 3344 1697 3410 Quis
1735 3345 1869 3398 enim

259 3447 396 3500 novit
413 3460 615 3498 sensum
636 3439 962 3506 Domini,aut
978 3437 1088 3506 quis
1104 3437 1426 3490 consiliarius
1438 3437 1548 3503 eius
1568 3437 1663 3506 fuit
1689 3434 1864 3509 (Rom.

262 3539 347 3592 11.
379 3535 514 3605 54)¹ἰ
553 3536 621 3587 At
651 3547 749 3585 nos
781 3530 1029 3583 homines
1056 3537 1550 3597 quantumcumque
1570 3526 1865 3594 sapientes,

261 3626 535 3682 multoties
579 3633 758 3676 tamen
802 3635 991 3676 sumus
1038 3617 1462 3688 reprehensuone
1508 3616 1678 3687 digni,
1708 3628 1870 3686 atque

263 3721 388 3774 hinc
413 3727 634 3789 apparet
657 3725 861 3769 natura:
889 3722 1086 3766 nostr:c
1117 3711 1422 3765 infirmitas.
1456 3708 1576 3762 Non
1600 3709 1732 3763 enim
1761 3725 1870 3762 om-

263 3811 351 3864 nia
376 3825 483 3863 esse
527 3815 735 3876 possunt
761 3805 815 3857 in
843 3803 1131 3857 hominibus
1171 3799 1364 3869 (Eccli.
1397 3800 1480 3854 17.
1513 3797 1629 3869 29),
1677 3799 1867 3869 inquit.

262 3900 483 3967 Quare?
510 3899 646 3967 Quia
677 3897 817 3951 filius
846 3895 1079 3948 hominis
1107 3907 1212 3948 non
1244 3901 1330 3946 est
1360 3891 1697 3946 immortalis.
1729 3891 1868 3958 Quid

267 3992 496 4048 lucidius
523 3991 677 4045 sole?
709 3991 964 4043 Attamen
991 3997 1045 4041 et
1077 3986 1168 4040 ille
1196 3984 1399 4039 deficit.
1428 3984 1578 4040 Sicut
1606 3999 1736 4054 ergo
1767 3983 1868 4038 ful-

264 4083 443 4152 gidam
483 4082 626 4135 illam
661 4081 832 4135 lucem
859 4087 915 4134 et
941 4077 1314 4147 splendentem
1359 4076 1569 4130 radium
1612 4091 1865 4145 superve-

268 4178 481 4230 nientes
511 4173 750 4228 tenebra:
789 4171 1091 4241 obtegunt:
1126 4169 1196 4224 ita
1225 4180 1280 4223 et
1322 4168 1727 4238 intelligentiam
1779 4184 1855 4223 nov

268 4277 458 4332 stram,
491 4267 641 4334 quasi
689 4266 740 4318 in
789 4263 1014 4318 meridie
1064 4261 1356 4332 fulgentem
1407 4271 1461 4315 et
1509 4261 1844 4330 perspicuam

271 4354 724 4411 ineonsiderautia
763 4354 1034 4422 obrepens
1077 4368 1222 4421 saepe
1273 4353 1614 4406 tenebrosam
1661 4352 1839 4407 reddit

271 4447 573 4515 acciditque
613 4454 674 4500 ut
718 4446 939 4514 sapiens
964 4441 1287 4512 quandoque
1341 4458 1447 4496 non
1503 4442 1682 4497 videat
1731 4441 1874 4511 quod

271 4545 505 4608 oportet,
536 4545 590 4590 et
617 4537 662 4589 is
697 4536 787 4605 qui
824 4535 994 4589 nmlto
1025 4534 1100 4587 illi
1134 4533 1354 4586 inferior
1383 4541 1466 4587 est
1503 4532 1714 4586 acutius
1744 4531 1875 4586 illud

273 4630 582 4703 perspiciat.
613 4631 788 4698 Atque
840 4627 910 4681 ita
959 4643 1046 4682 res
1077 4643 1136 4682 se
1165 4626 1346 4692 habet,
1379 4635 1434 4681 ut
1463 4641 1635 4695 neque
1662 4628 1878 4696 sapiens

273 4737 334 4777 se
363 4720 608 4785 extollat,
651 4733 828 4789 neque
863 4718 1084 4773 inferior
1133 4717 1226 4772 illo
1268 4734 1390 4775 sese
1431 4717 1689 4772 n'iisernm
1735 4733 1876 4787 prac-

273 4814 436 4869 dicet.
486 4812 732 4882 Magnum
787 4811 989 4866 bonum
1035 4819 1157 4872 est,
1205 4809 1654 4878 reprehensiones
1697 4808 1874 4864 ferre:

277 4920 529 4975 magnum
559 4906 682 4958 item
716 4903 914 4956 bonum
947 4917 1104 4970 posse
1131 4899 1566 4969 reprehendere;
1612 4914 1734 4953 nam
1775 4899 1879 4954 hoc

273 4995 344 5050 ad
394 5010 578 5048 curam
613 4993 843 5063 proximi
889 4994 1120 5046 maxime
1164 4993 1416 5060 pertinet.
1467 4990 1619 5046 Nunc
1659 5006 1790 5046 vero
1833 4992 1876 5045 si

279 5086 555 5140 videamus
578 5085 850 5137 hominem
881 5083 1112 5137 tunicam
1131 5082 1370 5137 .solutam
1395 5093 1449 5136 et
1475 5098 1540 5138 ex
1570 5091 1879 5137 transverso

281 5179 607 5242 habentem,
661 5186 754 5230 aut
808 5177 952 5230 aliud
1009 5176 1380 5230 indumentum
1428 5177 1568 5230 male
1623 5177 1876 5244 positum,

281 5284 565 5323 nionemus
599 5278 652 5320 et
686 5265 1070 5328 emendantes;
1122 5268 1165 5319 si
1216 5283 1346 5320 vero
1394 5267 1670 5321 tidcamus
1718 5267 1879 5320 vitam

280 5363 396 5428 ejus
425 5361 762 5425 dissolutam,
800 5373 867 5413 ne
912 5359 1134 5412 verbum
1165 5359 1389 5428 quidem
1432 5356 1773 5427 proferimus.
1825 5357 1881 5412 Si

283 5457 558 5509 videamus
581 5455 741 5508 vitam
768 5455 884 5522 ejus
916 5452 1243 5514 indecorum,
1272 5452 1637 5521 proferimus:
1670 5451 1881 5506 tametsi

197 5581 214 5604 ,
281 5565 342 5597 ρςι
384 5563 502 5616 anc
531 5546 597 5598 ad
624 5557 796 5601 vestes
839 5547 1102 5614 pertinent
1142 5586 1157 5608 ,
1188 5546 1348 5598 risum
1390 5554 1628 5606 tantum,
1669 5560 1729 5598 ea
1754 5560 1884 5597 vero

284 5654 401 5702 igtur
443 5639 508 5691 ad
553 5639 827 5698 animam,
865 5635 1156 5704 perieulum
1196 5646 1242 5688 et
1290 5635 1604 5701 supplicium
1655 5636 1880 5702 pariant.

282 5731 412 5783 (Lnn'
446 5731 593 5782 vides
621 5728 838 5782 fratrem
885 5744 980 5797 por
1023 5727 1310 5796 praet-ipitia
1358 5728 1502 5788 ferri,
1537 5727 1601 5779 de
1644 5727 1747 5779 \ita
1779 5742 1883 5780 non

281 5834 585 5887 nutantem,
619 5836 718 5876 nec
751 5836 835 5885 eo,
879 5836 984 5891 quo
1017 5837 1148 5889 opus
1179 5829 1282 5883 est,
1309 5829 1657 5889 spculanlcnl,
1707 5835 1885 5874 nonne

901 399 992 460 DE
1022 395 1365 458 FERENDIS
1400 384 1841 458 REPREHENS.
1881 384 1972 446 ΕΤ
2015 383 2107 446 DE
2146 379 2408 446 ML'I'AT.
2450 376 2788 443 NOMINUM.
2834 379 2928 439 lll.

3486 381 3590 438 151

1981 521 2201 560 manum
2245 503 2514 575 porrigis?
2545 517 2776 558 uounea
2805 499 2959 570 lapsu
3006 498 3206 570 erigis?
3258 512 3438 554 nonne
3491 512 3579 555 2e-

1977 596 2271 666 prehendis
2295 606 2351 652 et
2379 595 2558 665 arguis
2583 594 2603 648 ?
2631 610 2700 649 an
2729 593 2895 664 pluris
2921 590 3054 647 facis
3074 606 3181 646 non
3213 592 3579 662 importumnu

1975 686 2145 741 videri
2177 686 2260 741 vel
2282 684 2578 749 offendere,
2609 699 2773 754 quam
2811 683 2930 751 eius
2948 682 3176 738 salutem
3202 683 3432 738 curare?
3475 682 3581 737 Ec-

1974 793 2134 848 quam
2167 776 2443 833 babiturus
2468 791 2530 832 es
2555 776 2692 846 apud
2723 776 2892 830 Deum
2929 774 3182 829 veniam?
3209 789 3370 845 quam
3397 773 3582 828 defen-

1973 870 2224 924 sionem?
2253 868 2369 924 Nou
2415 869 2613 923 audisti
2661 867 2790 938 quid
2821 867 3021 923 Judmis
3065 867 3208 923 Deus
3239 868 3581 939 praeceperit,

1976 969 2032 1015 ut
2062 976 2132 1016 ne
2171 959 2406 1016 errantia
2453 959 2792 1014 inimicorum
2834 963 3075 1029 jumenta
3120 957 3482 1027 despicerent,
3538 969 3592 1011 et

1974 1050 2122 1121 lapsa
2145 1066 2214 1106 ne
2244 1050 2584 1122 prmterirent
2611 1049 2812 1119 (Exod.
2837 1049 2929 1105 25.
2957 1050 3011 1104 4.
3039 1049 3095 1106 5.
3119 1059 3168 1104 et
3189 1049 3342 1104 Deut.
3371 1049 3462 1104 22.
3489 1051 3540 1121 l)
3565 1053 3587 1101 γ

1974 1141 2122 1196 Itane
2146 1141 2317 1196 Judrci
2363 1141 2591 1212 quidem
2609 1141 2869 1212 iubentur
2898 1143 3052 1196 bruta
3079 1141 3417 1196 inimicorum
3449 1158 3578 1196 suo-

1977 1250 2097 1289 rum
2131 1249 2238 1288 non
2266 1234 2565 1304 despicere,
2585 1249 2686 1289 nos
2712 1246 2842 1290 vero
2864 1234 3086 1289 fratrum
3113 1235 3324 1290 animas
3343 1236 3584 1305 quotidie

1973 1326 2344 1397 supplantatas
2364 1326 2760 1396 despiciemus?
2792 1325 3076 1394 Quomodo
3106 1325 3156 1380 id
3190 1342 3296 1378 non
3324 1335 3583 1381 extrema:

1972 1417 2306 1473 crudelitatis
2351 1427 2407 1472 et
2436 1416 2593 1472 ferini
2624 1417 2789 1473 animi
2837 1415 3017 1483 fuerit,
3049 1432 3156 1471 non
3187 1425 3393 1471 tantum
3438 1432 3582 1473 cur-.e

1955 1509 2284 1566 .hominibus
2329 1509 2665 1578 impendere,
2700 1519 2960 1580 quantum
3012 1510 3087 1564 illi
3126 1511 3424 1592 jumentis?
3469 1511 3585 1566 lloe

1973 1601 2154 1655 omnia
2185 1601 2473 1666 subvertit,
2503 1600 2607 1656 hoc
2639 1602 2804 1655 vitam
2835 1610 3075 1656 nostram
3105 1603 3405 1667 confundit,
3437 1604 3580 1673 quod

1973 1707 2075 1747 nec
2115 1693 2436 1762 reprehensi
2480 1707 2745 1762 generose
2794 1694 3050 1757 feramus,
3096 1709 3272 1763 neque
3318 1693 3453 1748 alios
3499 1711 3584 1750 re-

1972 1780 2314 1852 prehendere
2339 1781 2570 1836 velimus
2606 1799 2621 1834 :
2666 1781 2788 1836 ideo
2817 1782 2963 1837 enim
2991 1783 3202 1837 molesti
3224 1797 3432 1846 sumus,
3457 1800 3581 1839 cum

1972 1871 2269 1942 arguimus,
2302 1873 2426 1942 quia
2467 1886 2875 1941 exasperamur,
2905 1886 3029 1927 eum
3060 1874 3356 1943 arguimur.
3401 1874 3584 1930 Enim-

1973 1976 2103 2016 vero
2128 1962 2174 2016 si
2196 1965 2359 2016 sciret
2387 1960 2552 2016 frater
2579 1972 2722 2028 tuus,
2741 1975 2799 2016 se
2823 1962 2921 2018 abs
2951 1973 3002 2018 te
3031 1962 3308 2024 laudatum
3343 1964 3428 2029 iri,
3451 1965 3496 2019 si
3531 1977 3584 2021 te

1972 2060 2241 2122 argueret,
2259 2052 2622 2122 reprehensus
2634 2061 2686 2108 et
2708 2053 2824 2121 ipse
2851 2068 3031 2122 parent
3051 2054 3580 2123 rependeretvicent.

2043 2141 2099 2195 2.
2148 2143 2236 2197 \‘is
2262 2143 2404 2198 seire
2443 2151 2528 2209 te,
2561 2143 2773 2197 etiamsi
2818 2143 3110 2198 admodum
3143 2144 3379 2214 prudens
3407 2161 3579 2211 esses,

1972 2234 2183 2290 etiamsi
2208 2235 2503 2307 perfectus,
2521 2234 2735 2291 etiamsi
2758 2235 2823 2290 ad
2847 2250 3117 2291 summum
3143 2237 3352 2291 virtutis
3372 2240 3584 2307 apicem

1976 2327 2336 2396 pervenisses,
2367 2341 2505 2398 opus
2536 2336 2712 2382 tamen
2745 2327 3052 2382 habiturum
3090 2343 3212 2383 esse
3247 2330 3580 2394 consiliario,

1974 2427 2110 2474 eteo
2127 2420 2218 2488 qui
2245 2430 2296 2474 te
2321 2429 2571 2489 argueret
2599 2435 2664 2475 ac
2691 2420 3154 2490 reprehenderet?
3181 2423 3320 2475 Audi
3347 2432 3580 2479 veterem

1975 2510 2275 2566 historiam.
2318 2499 2461 2565 Nihil
2490 2510 2658 2583 Moysi
2693 2527 2788 2581 par
2827 2521 2944 2568 erat
2980 2531 2996 2567 :
3041 2512 3329 2582 siquidem,
3369 2514 3582 2569 Mitissi-

1974 2623 2089 2660 mus
2115 2613 2245 2672 erat,
2280 2605 2449 2676 inquit
2484 2607 2780 2678 Scriptura,
2810 2607 3036 2662 omnium
3082 2608 3344 2662 hominum
3392 2609 3582 2680 (Num.

1975 2695 2062 2752 12.
2095 2696 2174 2770 5),
2224 2698 2336 2752 Deo
2383 2698 2611 2764 atnicus,
2664 2708 2888 2754 externa
2942 2699 3277 2770 philosophia
3326 2702 3582 2769 imbutus,

1974 2789 2352 2859 spiritualique
2378 2792 2729 2860 intelligentia
2762 2793 2972 2862 plenus.
3008 2790 3259 2848 Eruditus
3287 2797 3430 2850 enim
3453 2805 3581 2860 erat,

1975 2881 2168 2951 inquit,
2197 2879 2405 2952 Moyses
2443 2885 2585 2936 omni
2627 2884 2877 2952 sapientia
2927 2883 3297 2956 {Egypliornm
3339 2887 3479 2956 (Act.
3528 2889 3582 2944 7.

1972 2971 2090 3042 22).
2121 2972 2286 3028 Vides
2325 2974 2670 3044 omnigenum
2712 2975 3112 3031 eruditionem?
3157 2978 3380 3045 Erah,ue
3407 2991 3583 3049 potens

1973 3080 2206 3117 sermone
2232 3073 2278 3117 et
2304 3065 2505 3117 virtute.
2538 3065 2734 3119 Verum
2763 3065 2886 3119 audi
2920 3066 3062 3121 aliud
3091 3084 3304 3137 quoque
3336 3072 3583 3124 testium-

1975 3155 2143 3210 nium.
2173 3155 2307 3210 Cum
2338 3156 2542 3221 multis,
2582 3157 2775 3226 inquit,
2809 3160 3086 3227 prophetis
3117 3172 3466 3218 conversatus
3503 3175 3585 3220 est

1978 3246 2155 3314 Deus;
2184 3249 2276 3303 sed
2307 3265 2427 3304 cum
2458 3251 2606 3306 nullo
2642 3253 2718 3306 sic
2749 3263 3097 3309 conversatus
3123 3267 3205 3310 est
3238 3275 3253 3312 :
3299 3274 3421 3312 nam
3459 3275 3583 3314 eum

1975 3342 2093 3396 aliis
2125 3356 2218 3411 per
2247 3342 2526 3409 :cuigmata
2551 3352 2606 3396 et
2632 3345 2862 3407 somnia,
2892 3361 3013 3399 enm
3057 3347 3240 3418 Moyse
3281 3365 3411 3403 νυιύ
3442 3349 3582 3406 facie

1975 3431 2042 3485 ad
2085 3431 2272 3486 faciem
2325 3430 2501 3500 (Deut.
2532 3433 2621 3487 ³54.
2676 3433 2788 3504 10).
2816 3433 2970 3500 Quod
3022 3437 3113 3491 illo
3158 3439 3330 3507 majus
3375 3441 3586 3498 virtutis

1975 3521 2095 3590 eius
2149 3522 2404 3577 indicium
2459 3526 2723 3593 requiras,
2777 3527 2992 3594 quando
3038 3543 3164 3583 omn
3188 3546 3278 3584 nm
3331 3532 3586 3587 Dominus

1976 3631 2195 3669 servum
2217 3615 2367 3684 quasi
2391 3617 2624 3670 amicum
2647 3618 2980 3688 alloquitur?
3019 3620 3143 3674 Erat
3174 3622 3352 3692 itaque
3373 3627 3586 3694 sapiens

1979 3715 2084 3760 tam
2139 3709 2444 3776 peregrina,
2493 3724 2653 3776 quam
2708 3710 3001 3767 domestica
3048 3713 3419 3780 institutione;
3472 3730 3588 3772 erat

1977 3806 2171 3866 potens
2216 3813 2470 3853 sermone
2499 3810 2554 3853 et
2585 3814 2771 3868 opere,
2803 3802 3106 3870 imperabat
3155 3804 3253 3873 ipsi
3300 3819 3585 3872 creatum,

1977 3887 2102 3958 quia
2147 3887 2353 3942 amicos
2383 3898 2500 3943 erat
2529 3888 2738 3943 Domini
2791 3903 3096 3957 creaturrc;
3150 3895 3335 3950 eduxit
3380 3908 3586 3953 tantum

1980 3979 2234 4048 populum
2290 3994 2357 4034 ex
2411 3978 2682 4051 Egypto;
2727 3997 2877 4037 mare
2924 3983 3138 4047 divisit,
3189 3997 3348 4053 atque
3394 4005 3586 4045 iterum

1978 4071 2257 4138 conjunxit
2310 4089 2322 4124 :
2384 4073 2673 4142 ridereque
2720 4084 2837 4128 erat
2883 4077 3210 4146 stupendum
3268 4084 3585 4137 miraenlnm

1981 4160 2175 4233 (Exod.
2206 4161 2297 4216 55.
2333 4160 2444 4235 11).
2477 4163 2628 4217 Tunc
2671 4166 2814 4218 enim
2849 4166 3078 4234 primum
3127 4170 3208 4223 sol
3240 4170 3372 4224 vidit
3414 4190 3580 4238 mare,

1982 4268 2090 4305 non
2119 4254 2314 4318 navali,
2338 4253 2432 4308 sed
2461 4255 2698 4322 pedestri
2742 4254 2938 4310 itinere
2966 4258 3180 4312 transiri
3212 4276 3225 4312 :
3257 4262 3587 4334 pelagusque

1984 4359 2090 4398 non
2119 4345 2286 4400 remis
2314 4354 2368 4400 et
2413 4346 2656 4415 navigiis,
2690 4346 2783 4401 sed
2824 4363 3087 4416 equorum
3139 4351 3362 4418 pedibus
3415 4365 3589 4412 trans-

1984 4435 2186 4490 fretari.
2222 4438 2472 4490 Attamen
2511 4437 2598 4491 ille
2625 4440 2862 4506 sapiens,
2900 4438 2987 4492 ille
3019 4449 3209 4507 potens
3248 4457 3501 4500 sermone
3539 4458 3592 4501 et

1983 4541 2168 4597 opere.
2197 4529 2402 4581 amicus
2452 4527 2568 4594 Dei,
2615 4530 2704 4598 qui
2746 4540 3007 4585 creaturae
3039 4532 3357 4601 imperabat,
3406 4547 3461 4591 et
3515 4548 3592 4595 tot

1985 4617 2243 4672 miracula
2272 4617 2534 4681 ediderat,
2565 4635 2671 4672 non
2703 4620 3080 4675 animadvertit
3106 4638 3242 4690 rem,
3274 4643 3432 4695 quam
3465 4631 3584 4698 ple-

1985 4712 2140 4779 rique
2187 4711 2497 4764 mortalium
2526 4710 2683 4765 facile
2734 4713 3096 4782 perspieiuut;
3140 4716 3235 4769 sed
3267 4733 3421 4773 socer
3469 4722 3588 4790 ejus

1987 4803 2248 4858 barbarus
2277 4815 2331 4858 et
2378 4805 2637 4859 obscurus
2667 4806 2829 4859 homo
2882 4806 2931 4860 id
2989 4808 3387 4878 animadvertit,
3436 4822 3490 4868 et
3534 4815 3586 4869 in

1987 4895 2222 4950 medium
2273 4897 2495 4966 protulit
2547 4899 2619 4963 id,
2672 4898 2814 4968 quod
2862 4901 2949 4955 ille
3007 4918 3111 4956 non
3161 4911 3583 4977 excogitaverat.

1985 4988 2122 5055 Quid
2154 4989 2312 5059 igitur
2334 4990 2462 5044 illud
2492 4992 2612 5046 est?
2641 4993 2856 5060 Audite,
2889 5004 2945 5048 ut
2983 4996 3201 5053 dissatis
3231 5017 3589 5074 unumquem-

1986 5097 2092 5149 que
2121 5081 2426 5135 cOnsiliario
2457 5083 2717 5154 indigere,
2747 5087 2957 5141 etiamsi
3011 5088 3172 5160 Moysi
3205 5093 3437 5148 conferri
3473 5112 3594 5164 pos-

1988 5177 2055 5227 sit
2093 5191 2106 5227 :
2156 5176 2428 5244 tnultaque
2453 5176 2764 5247 plerumque
2796 5196 2936 5239 esse.
2970 5197 3089 5254 qua:
3122 5186 3298 5254 magni
3324 5197 3376 5241 et
3417 5190 3587 5244 admi—

1991 5264 2186 5319 rabiles
2237 5269 2334 5320 viri
2383 5269 2649 5337 ignorant,
2684 5286 2804 5339 qua:
2857 5273 3054 5328 nullius
3087 5278 3240 5343 pretii
3284 5279 3592 5338 hominibus

1992 5367 2114 5410 uota
2171 5370 2314 5411 sunt.
2373 5360 2507 5413 Cum
2559 5361 2702 5415 enim
2755 5363 2966 5434 Moyses
3017 5381 3269 5435 egressus
3318 5382 3462 5426 esset
3526 5391 3591 5428 es

1993 5449 2251 5521 A'Igypto,
2288 5468 2336 5503 Ill
2366 5451 2686 5522 desertnqne
2713 5466 2916 5525 ageret.
2951 5457 3132 5512 aderat
3169 5465 3414 5517 universa
3445 5467 3594 5534 plebs

1992 5541 2056 5592 :ttl
2087 5551 2338 5595 sexcenta
2379 5543 2654 5598 hominum
2689 5548 2876 5611 millia,
2900 5550 3246 5619 Olllllilllllqﬂt‘,
3279 5555 3399 5608 lites
3427 5557 3595 5611 disce.

1993 5635 2366 5702 ptationesque
2390 5636 2475 5689 ille
2507 5637 2749 5691 solvebat
2781 5637 2974 5707 (Exod.
3016 5641 3122 5713 18).
3157 5645 3307 5708 Quod
3339 5647 3426 5699 ubi
3468 5649 3598 5703 vidit

1996 5740 2148 5777 socer
2187 5725 2301 5793 ejus
2339 5724 2550 5789 .lothor,
2585 5729 2745 5780 homo
2803 5731 3104 5799 imperitus,
3136 5736 3223 5803 qui
3283 5736 3334 5788 in
3378 5736 3597 5792 deserto

2004 5820 2164 5872 vitam
2211 5829 2412 5889 egclat,
2448 5834 2544 5875 uec
2580 5821 2752 5892 legum
2800 5823 3105 5893 poitliwque
3153 5831 3598 5886 consuetudinem
