4080 6442
458 393 559 450 i55

432 514 613 565 «illam
642 507 924 575 habuerat,
953 514 1017 573 et,
1030 505 1098 562 Id
1129 505 1242 561 haec
1279 505 1332 560 in
1360 503 1632 573 impietate
1668 508 1903 568 Vivebat,
1933 514 2041 570 quo

450 600 578 671 quid
629 602 834 658 certius
880 596 1199 667 insipientia:
1260 603 1674 666 argumentum!
1720 590 1861 647 Nihil
1898 590 2044 645 enim

453 694 743 765 gentilibus
779 699 862 747 est
908 688 1263 758 lnsipientius.
1299 686 1679 743 Verumtamen
1726 683 1815 740 ille
1854 682 2045 736 barba-

457 802 571 848 rus,
605 784 826 854 impius,
874 780 1157 849 insipiens,
1188 777 1376 832 videns
1425 777 1659 850 Moysem
1714 790 1820 829 non
1864 782 1923 827 ut
1951 787 2047 842 par

456 887 569 931 erat
609 889 792 944 agere,
837 872 1011 941 ipsum
1062 869 1444 941 reprehendit,
1492 867 1786 938 sapientem
1828 866 2044 936 inquam

457 968 628 1031 illum,
664 964 1004 1034 prudentem,
1041 963 1131 1016 Dei
1161 961 1415 1016 amicum.
1453 953 1698 1028 Dixitque
1730 958 1843 1011 illi:
1880 956 2050 1022 Quare

454 1059 530 1112 illi
573 1067 710 1112 stant
756 1072 930 1110 coram
974 1064 1021 1108 te
1064 1052 1262 1124 (Exod.
1299 1052 1385 1107 l8.
1422 1050 1550 1119 lli)?
1595 1059 1798 1104 etcum
1830 1061 2045 1102 causam

453 1150 749 1210 didicisset,
780 1148 897 1202 ait:
931 1146 1049 1200 Non
1079 1156 1212 1198 recte
1248 1154 1302 1197 tu
1349 1144 1477 1212 fucis
1520 1140 1626 1213 (Ib.
1662 1150 1711 1195 υ.
1746 1136 1857 1212 l7).
1906 1139 2050 1192 Con-

454 1242 634 1295 siiium
666 1250 788 1294 cum
820 1236 1185 1306 increpatione
1210 1234 1555 1303 conjunctnm
1582 1248 1597 1294 ;
1649 1240 1824 1298 neque
1872 1240 2048 1282 tamen

457 1333 548 1389 ille
577 1331 879 1401 indignatus
902 1337 1004 1391 est,
1029 1327 1123 1383 sed
1155 1326 1418 1395 patienter
1443 1323 1560 1377 tulit
1588 1322 1668 1375 vir
1698 1321 1787 1374 ille
1812 1320 2051 1388 sapiens,

458 1424 693 1494 prudens
712 1430 768 1476 et
798 1420 890 1476 Dei
916 1420 1141 1483 amicus,
1180 1417 1270 1487 qui
1317 1424 1395 1470 tot
1437 1412 1769 1486 myriadibus
1800 1418 2049 1481 prmerat.

460 1518 645 1587 Neque
671 1519 816 1571 enim
870 1527 1093 1583 parvum
1144 1510 1249 1565 hoc
1273 1519 1376 1574 est,
1403 1522 1433 1561 a
1484 1505 1716 1561 barbam
1742 1516 1798 1560 et
1842 1503 2053 1572 privato

460 1610 676 1665 homine
708 1606 933 1663 erudiri.
955 1603 1138 1673 Neque
1158 1601 1300 1658 edita
1340 1600 1613 1664 miracula,
1644 1609 1818 1668 neque
1843 1595 2052 1665 imperii

459 1699 772 1773 magnitudo
803 1698 1039 1752 animum
1066 1696 1186 1763 ejus
1210 1689 1543 1749 extollebant
1578 1706 1593 1743 :
1636 1702 1812 1759 neque
1856 1687 2056 1741 rubore

459 1790 888 1853 sulluudebatur,
919 1786 1061 1859 quod
1105 1784 1461 1856 praesentibus
1488 1780 1716 1837 subditis
1755 1779 2057 1856 corripere-

457 1895 582 1951 tur;
614 1882 709 1953 sed
736 1881 981 1950 cegitans
1006 1893 1088 1943 se,
1119 1877 1220 1930 etsi
1252 1876 1402 1946 signa
1430 1887 1619 1943 magna
1647 1870 1927 1935 edidisset,
1958 1870 2057 1922 hu-

460 1989 634 2030 mana:
663 1982 840 2025 tamen
849 1968 1185 2057 .participem
1218 1979 1339 2019 esse
1360 1972 1588 2029 naturis,
1608 1961 1692 2016 cui
1722 1959 1889 2014 multa
1914 1971 2057 2026 saepe

461 2068 641 2138 ignota
682 2071 829 2130 sunt,
851 2050 982 2116 'cnm
1027 2059 1289 2114 modestia
1320 2057 1603 2111 consilium
1648 2054 1877 2124 accepit.
1910 2050 2056 2107 Multi

460 2166 679 2220 contra,
725 2168 795 2209 ne
841 2153 1020 2206 alieno
1068 2149 1354 2205 videantur
1408 2147 1636 2202 consilio
1682 2156 1870 2215 egere,
1917 2156 2059 2212 sa-pe

462 2246 667 2304 malunt
714 2246 943 2300 illi“th
983 2242 1191 2299 eonsilii
1237 2255 1445 2302 carere,
1472 2254 1630 2309 quam
1675 2246 1923 2305 suscepta
1965 2234 2058 2288 ad-

463 2340 758 2395 monitione
808 2346 1085 2405 peccatum
1130 2331 1465 2388 emendare:
1497 2332 1607 2384 imo
1657 2328 1867 2383 malunt
1910 2326 2059 2396 igno-

466 2438 609 2494 rare,
638 2440 797 2497 quam
824 2425 1058 2487 discere,
1087 2422 1388 2478 nescientes
1436 2436 1542 2475 non
1573 2434 1694 2475 esse
1740 2418 1943 2472 crimen
1973 2415 2058 2469 di-

464 2534 639 2586 scere,
665 2520 758 2574 scd
789 2518 965 2588 potius
992 2517 1279 2586 ignorare;
1333 2528 1440 2568 non
1483 2511 1689 2575 doceri,
1734 2509 1831 2564 sed
1876 2510 1929 2561 in
1980 2507 2060 2561 in-

465 2613 619 2684 scitia
655 2610 885 2680 degere;
927 2622 1033 2661 non
1062 2606 1231 2677 argui,
1259 2604 1352 2660 sed
1385 2619 1603 2673 peccare
1651 2603 1767 2658 sine
1811 2600 2063 2655 emenda-

467 2706 635 2759 tione.
667 2700 872 2756 Accidit
897 2700 1041 2753 enim
1070 2699 1229 2753 etiam
1259 2696 1396 2765 apud
1440 2696 1757 2750 vilissimum
1791 2692 2061 2747 hominem

466 2792 669 2866 aliquid
698 2794 822 2848 boni
852 2790 1203 2862 deprehendi,
1230 2787 1375 2859 quod
1415 2788 1466 2842 in
1492 2788 1736 2856 sapiente
1766 2800 2065 2856 magnoque

471 2892 589 2947 viro
616 2891 933 2960 plerumque
960 2903 1065 2943 non
1108 2887 1400 2956 reperitur.
1432 2884 1585 2950 Quod
1616 2897 1736 2937 cum
1762 2880 2063 2951 perpende-

476 2996 560 3041 ret
591 2983 823 3055 Moyses,
855 2982 1002 3036 illum
1038 2979 1409 3033 consulentem
1438 2991 1592 3045 inquo
1632 2972 1831 3028 audivit
1859 2972 2061 3035 animo,

470 3090 524 3131 et
552 3077 823 3132 dicentem
856 3092 871 3128 :
920 3070 970 3127 F
969 3089 1030 3127 ac
1065 3072 1153 3125 tibi
1190 3070 1523 3135 titillettorios,
1556 3065 1886 3129 centenarias,
1914 3065 2064 3134 quin-

468 3168 826 3240 quagenarius,
849 3175 896 3219 et
926 3164 1253 3227 decuriones;
1289 3170 1335 3215 et
1364 3178 1441 3215 res
1472 3160 1725 3231 grauiores
1753 3156 1821 3209 ad
1856 3166 1903 3211 te
1932 3160 2067 3226 refe-

472 3270 611 3323 rant,
642 3258 849 3311 leviores
889 3263 1056 3308 antem
1089 3253 1185 3321 ipsi
1226 3252 1421 3306 solvant
1460 3248 1652 3320 (Exod.
1691 3248 1775 3303 18.
1816 3245 1906 3301 21.
1948 3244 2065 3316 9'2).

476 3350 569 3403 llis
595 3346 790 3400 auditis
812 3345 899 3401 ille
938 3359 1043 3398 non
1072 3342 1306 3405 erubuit,
1340 3356 1447 3395 non
1479 3338 1791 3410 pudefactus
1829 3347 1933 3401 est,
1960 3350 2065 3389 non

465 3458 476 3485 ι
502 3450 557 3495 δι
586 3440 850 3503 reveritus
878 3436 1123 3491 subditos
1151 3454 1164 3489 :
1209 3451 1315 3489 non
1343 3433 1478 3487 dixit
1512 3432 1648 3486 intra
1683 3445 1743 3485 se
1771 3447 1784 3483 :
1828 3428 1912 3484 Me
1939 3441 2071 3483 con-

476 3544 715 3589 temnent
737 3530 959 3593 subditi,
989 3529 1033 3583 si
1060 3529 1166 3584 dux
1192 3543 1314 3580 cum
1345 3527 1443 3580 situ
1473 3525 1540 3579 ab
1564 3525 1671 3579 alio
1709 3520 1833 3592 quid
1866 3520 2069 3575 facien-

475 3620 598 3678 dum
645 3624 716 3677 sit
759 3622 995 3676 didicero
1043 3638 1057 3673 :
1111 3620 1204 3673 sed
1242 3617 1654 3685 obtemperavit,
1694 3622 1748 3669 ct
1785 3612 2069 3668 consilium

480 3724 736 3785 sequutus
763 3724 867 3777 est,
915 3727 1087 3781 neque
1132 3718 1446 3779 praesentes,
1476 3722 1648 3777 neque
1698 3715 1819 3776 post
1867 3704 2071 3759 futuros

476 3808 728 3870 cinbuit;
780 3809 885 3859 imo
917 3814 1187 3873 tamquam
1218 3803 1602 3876 cohonestatus
1632 3798 1733 3853 bac
1753 3797 1927 3853 soceri
1952 3812 2073 3851 cor-

482 3899 745 3969 reptione,
778 3912 883 3950 non
932 3896 1093 3948 modo
1142 3893 1391 3948 homines
1443 3886 1581 3945 illos’
1604 3890 1695 3959 qui
1728 3900 1853 3943 tunc
1894 3897 2070 3955 cram,

480 3991 570 4045 rcd
607 3990 766 4043 etiam
801 4003 895 4041 eos
915 3986 1003 4055 qni
1030 3984 1096 4039 ad
1128 3984 1442 4039 hodiernum
1475 3995 1641 4052 usque
1667 3981 1807 4035 diem
1833 3978 2070 4044 fuerunt,

478 4095 533 4140 et
561 4083 651 4153 qui
695 4083 748 4135 in
777 4090 890 4135 toto
934 4080 1064 4134 orbe
1105 4077 1267 4131 futuri
1295 4086 1420 4129 sunt
1448 4091 1615 4143 usque
1658 4074 1721 4127 ad
1748 4074 1946 4128 Christi
1975 4071 2073 4125 ad-

481 4188 723 4241 ventum,
758 4175 926 4229 litcris
953 4173 1153 4237 docuit,
1179 4181 1233 4225 et
1261 4185 1319 4224 se
1353 4186 1457 4223 non
1501 4168 1739 4238 potuisse
1764 4165 1890 4235 quid
1936 4164 2076 4219 facto

482 4285 618 4340 opus
640 4276 784 4321 esset
812 4264 1015 4327 videre,
1038 4274 1091 4317 ct
1116 4264 1287 4316 soceri
1318 4259 1739 4315 admonitionem
1771 4257 2073 4325 amplexum

481 4376 622 4415 esse.
648 4358 758 4412 Nos
790 4373 921 4417 vero
962 4356 1006 4408 si
1042 4354 1120 4407 vel
1158 4370 1320 4406 unum
1352 4351 1627 4405 videamus
1652 4349 1919 4403 hominem
1948 4348 2073 4401 dum

483 4449 834 4504 emendainur
853 4456 907 4500 et
933 4444 1274 4512 corripimur,
1306 4442 1707 4502 eonturbamur,
1744 4438 2078 4507 obstupesci-

485 4556 622 4602 mus,
651 4548 703 4593 et
740 4538 810 4593 de
848 4538 952 4590 vita
995 4552 1093 4590 nos
1123 4534 1387 4589 excidisse
1431 4543 1694 4602 ptttamns.
1728 4532 1797 4585 At
1840 4531 1927 4585 ille
1967 4545 2072 4584 non

484 4631 647 4694 item;
691 4627 783 4682 sed
811 4642 931 4680 cum
975 4626 1184 4681 videret
1212 4634 1289 4679 tot
1321 4625 1484 4678 millia
1532 4623 1802 4677 hominum
1837 4638 2073 4692 przesen-

486 4724 652 4785 tium;
705 4722 810 4774 imo
842 4729 918 4773 tot
966 4718 1129 4772 millia
1182 4716 1481 4781 hominum,
1527 4716 1613 4785 qui
1648 4724 1773 4769 tunc
1820 4724 1991 4774 erant.
2022 4722 2077 4768 ct

484 4816 572 4883 qui
616 4824 729 4881 post
762 4812 971 4866 fuerunt
1006 4825 1100 4879 per
1129 4818 1294 4862 totum
1323 4808 1507 4862 orbem
1554 4823 1720 4877 usque
1745 4806 1809 4859 ad
1838 4822 2077 4875 prmsen-

489 4920 595 4962 tem
645 4905 807 4966 diem,
837 4919 940 4957 non
993 4902 1239 4964 erubuit;
1292 4900 1385 4954 sed
1432 4900 1680 4953 omnibus
1708 4899 1944 4968 quotidie
1986 4912 2078 4965 per

486 5001 665 5055 literas
696 4997 971 5051 denuntiat
1009 5012 1070 5049 ea
1114 5008 1361 5047 socerum
1395 4992 1615 5052 vidisse,
1649 5006 1768 5060 qua:
1812 4991 1925 5059 ipse
1972 5005 2076 5043 non

489 5088 959 5143 animadverterat.
982 5086 1090 5139 Cur
1120 5084 1219 5137 hoc
1245 5083 1388 5148 fecit,
1410 5094 1461 5136 et
1482 5098 1576 5136 cur
1601 5099 1711 5135 rem
1742 5084 1882 5134 illam
1909 5082 2079 5137 literis

488 5182 745 5235 tradidit?
790 5178 861 5233 Ut
890 5180 1043 5233 nobis
1074 5186 1261 5231 auctor
1289 5184 1450 5239 esset,
1487 5191 1552 5228 ne
1580 5176 1742 5228 altum
1785 5173 2074 5242 sapiamus,

489 5273 731 5342 quamvis
764 5269 1000 5323 omnium
1025 5268 1405 5337 sztpientissimi
1439 5266 1626 5327 simus,
1652 5281 1821 5334 neque
1849 5266 2078 5318 aliorum

488 5364 704 5418 eonStlia
729 5372 1155 5423 contemnamus,
1177 5360 1383 5413 etiamsi
1416 5358 1654 5410 omnium
1687 5358 1925 5411 vilissimi
1950 5360 2077 5412 sint.

490 5456 693 5526 Siquid
734 5455 923 5521 aliquis
953 5453 1117 5523 probe
1160 5451 1424 5515 consulat,
1453 5449 1551 5504 etsi
1603 5447 1830 5502 famulus
1871 5450 1958 5514 sit,
1990 5455 2082 5501 ad-

489 5547 839 5603 monitionem
885 5549 1099 5615 accipe;
1148 5546 1188 5598 si
1241 5544 1367 5613 qttid
1411 5542 1767 5611 perniciosum
1816 5543 2078 5611 quispiam

495 5642 573 5696 vel
604 5636 654 5696 in
691 5642 920 5694 maxima
947 5640 1202 5708 dignitate
1232 5638 1435 5706 positus
1462 5636 1726 5701 consulat,
1760 5638 2078 5689 scutenliatn

486 5732 740 5802 repudies
773 5751 785 5787 :
837 5748 941 5785 non
977 5732 1117 5783 enim
1144 5731 1371 5799 qualitas
1401 5745 1751 5799 personat-nm
1798 5730 2082 5782 consulen-

494 5825 649 5890 tium,
672 5828 762 5879 sed
788 5825 995 5878 consilii
1030 5832 1213 5877 natura
1254 5823 1539 5891 spectanda
1571 5838 1784 5892 semper
1815 5835 1911 5879 cst.
1953 5826 2078 5880 Illud

1993 5999 2029 6033 4

1164 387 1222 448 s.
1262 385 1541 446 JOANNIS
1577 376 2059 444 Cttttrsosrout
2101 381 2422 439 ARCHIEP.
2462 376 3003 446 CONSTANTINOP.

2156 500 2315 571 igitur
2336 501 2546 575 Moyses
2572 504 2697 560 fecit
2721 515 2777 560 ut
2805 521 2905 561 nos
2930 506 3151 564 doceret
3176 521 3282 564 non
3321 510 3753 572 erubescendum

2151 606 2272 647 esse
2300 608 2421 648 cum
2464 594 2855 665 redarguimur,
2888 597 3097 653 etiamsi
3129 599 3285 656 nobis
3324 601 3611 659 universus
3656 618 3752 673 po-

2152 681 2308 750 pulus
2337 683 2570 739 adesset.
2611 685 2745 741 Illud
2772 686 2914 741 enim
2942 702 3071 743 vere
3098 688 3218 744 laus
3241 698 3327 746 est
3348 706 3451 745 non
3482 693 3739 762 vulgaris.

2151 784 2526 843 supremmque
2569 774 2925 846 philosophia:
2963 779 3323 847 praiconium,
3364 783 3751 851 reprehensio-

2152 879 2276 919 nem
2303 880 2564 935 generose
2590 866 2757 923 ferre.
2786 869 2901 924 Non
2932 870 3072 925 enim
3115 871 3185 925 ita
3225 871 3417 928 Jotlior
3448 887 3593 935 nunc
3633 872 3752 927 lau-

2153 954 2345 1011 damus
2395 963 2451 1012 et
2496 957 2845 1025 admiramur,
2880 960 3021 1029 quod
3073 960 3290 1033 Moysen
3338 964 3662 1027 correxerit,
3700 971 3757 1018 ut

2152 1058 2398 1102 sanctum
2448 1048 2619 1115 illum,
2651 1049 2794 1120 quod
2845 1058 2922 1104 tot
2959 1052 3309 1119 prassentibus
3352 1053 3606 1123 redargui
3647 1068 3755 1108 non

2154 1145 2451 1209 erubuerit,
2481 1154 2535 1200 et
2583 1160 2697 1201 rem
2735 1156 2940 1217 gestam
2989 1147 3265 1202 memoria:
3315 1148 3617 1215 tradiderit,
3671 1150 3759 1204 his

2154 1236 2405 1291 omnibus
2437 1237 2831 1307 philosotihiam
2883 1252 3035 1293 suam
3080 1237 3395 1305 ostendens,
3439 1239 3760 1296 declaratusd-

2153 1344 2259 1399 que
2286 1340 2617 1401 quantopere
2662 1331 2877 1385 inanem
2925 1331 3205 1387 hominum
3250 1332 3476 1402 gloriam
3505 1342 3758 1389 eontem-

2156 1431 2331 1476 ιιειιοι.

2228 1515 2280 1569 5.
2315 1512 2420 1567 Cur
2455 1512 2838 1584 Chrysostomus
2885 1513 3038 1585 longa
3082 1515 3325 1584 proauita
3370 1515 3564 1571 ederet.
3590 1546 3664 1557 —
3690 1518 3762 1571 At

2160 1613 2261 1673 nos
2285 1603 2416 1659 dum
2439 1603 2507 1658 de
2534 1605 2917 1674 protemiorutn
2950 1607 3255 1674 prolixitate
3286 1621 3384 1662 nos
3411 1622 3760 1673 excusamns,

2160 1708 2350 1749 rursus
2376 1695 2547 1763 majus
2573 1696 2893 1764 prommimn
2927 1694 3187 1760 fecimus;
3215 1713 3400 1752 verum
3425 1712 3531 1751 non
3558 1708 3764 1755 temere

2161 1800 2334 1855 neque
2355 1785 2471 1839 sine
2493 1800 2650 1839 causa
2668 1803 2681 1839 :
2701 1800 2820 1839 nam
2838 1786 2907 1840 de
2925 1786 3084 1841 rebus
3100 1787 3348 1841 maximis
3363 1789 3766 1859 admodumque

2161 1879 2480 1933 necessariis
2516 1893 2612 1932 vos
2650 1878 3008 1947 alloquimur,
3056 1890 3111 1933 ut
3141 1878 3352 1935 fortiter
3380 1862 3611 1941 feratth
3639 1898 3765 1937 cum

2160 1972 2462 2043 arguimur;
2506 1979 2560 2027 et
2607 1980 2664 2026 ut
2704 1971 2953 2027 alacriter
2987 1986 3274 2042 arguamus
3301 1974 3767 2045 corripiamusque

2162 2080 2257 2120 eos
2283 2065 2373 2134 qui
2399 2072 2647 2137 peccant.
2679 2064 2875 2121 Verum
2902 2064 3013 2134 jam
3055 2079 3279 2120 necesse
3306 2076 3390 2119 est
3428 2074 3486 2119 ut
3521 2066 3591 2122 de
3635 2081 3765 2136 pro-

2163 2155 2372 2212 lixitate
2420 2171 2518 2211 nos
2556 2154 2936 2219 defendamus,
2979 2155 3432 2226 Ostenduntusque
3468 2171 3567 2210 cur
3606 2156 3767 2222 longa

2163 2248 2422 2303 faciamus
2469 2248 2751 2318 protemia.
2796 2246 2905 2302 Cur
2953 2262 3081 2316 ergo
3127 2246 3177 2301 id
3229 2246 3494 2302 facimus?
3538 2246 3769 2302 Tantam

2164 2340 2556 2395 multitudinem
2587 2339 2951 2410 alloquimur,
2997 2340 3142 2393 viros
3170 2339 3261 2410 qui
3292 2354 3489 2394 uxores
3538 2339 3766 2401 habent,

2164 2432 2252 2501 qui
2281 2430 2531 2484 domibus
2562 2441 2823 2499 praesunt,
2847 2428 3043 2485 diurno
3072 2444 3237 2500 opere
3264 2430 3427 2483 vitam
3460 2442 3680 2497 parant,
3718 2448 3769 2484 in

2165 2520 2515 2575 srecularibus
2542 2522 2764 2591 negotiis
2794 2530 2975 2591 agunt.
3020 2519 3206 2590 Neque
3248 2520 3374 2577 illud
3416 2531 3623 2575 tantum
3652 2537 3770 2576 mo-

2169 2612 2361 2666 lestum
2404 2620 2524 2677 est,
2569 2613 2708 2681 quod
2749 2620 3011 2680 perpetuo
3054 2622 3423 2682 occupentur,
3478 2613 3573 2667 sed
3627 2614 3774 2684 quod

2169 2702 2333 2757 semel
2362 2703 2413 2756 in
2443 2701 2779 2757 hebdomada
2813 2703 2958 2770 ipsos
3002 2701 3088 2756 hic
3129 2703 3483 2772 excipiamus.
3517 2704 3582 2760 Ut
3614 2705 3777 2775 igitur

2170 2795 2439 2850 intellectu
2471 2795 2637 2849 facilia
2665 2795 2951 2850 reddamus
2976 2810 3038 2850 ea
3068 2810 3188 2867 qum
3212 2796 3466 2863 dicimus,
3494 2800 3778 2868 prooemiis

2167 2886 2450 2941 clariorem
2490 2888 2745 2942 exhibere
2788 2886 3089 2943 doctrinam
3145 2888 3444 2943 studemus.
3497 2890 3589 2943 Ille
3628 2891 3779 2945 enim

2169 2979 2251 3031 cui
2282 2977 2410 3032 nihil
2442 2978 2584 3034 aliud
2613 2987 2695 3035 est
2723 2980 2944 3049 negotii,
2968 2995 3126 3048 quam
3157 2988 3216 3032 ut
3244 2994 3460 3049 semper
3481 2979 3781 3050 Scripturis

2168 3078 2343 3134 Vacet,
2374 3084 2481 3124 non
2510 3077 2631 3139 eget
2661 3070 2953 3138 protentiis,
2980 3084 3084 3123 non
3112 3080 3369 3139 apparatu
3390 3072 3598 3124 :statim
3630 3073 3779 3126 enim

2174 3159 2354 3211 audito
2374 3159 2617 3225 doctore,
2641 3159 2907 3213 dictorum
2939 3174 3154 3213 sensum
3179 3160 3401 3229 percipit
3427 3179 3441 3214 :
3466 3161 3510 3214 is
3533 3177 3663 3215 vero
3684 3163 3778 3231 qui

2175 3250 2402 3303 maxima
2437 3250 2691 3319 temporis
2723 3259 2875 3319 parte
2902 3249 3250 3304 szecularibus
3274 3252 3501 3319 negotiis
3530 3250 3781 3310 addictus

2173 3349 2294 3401 est.
2336 3350 2391 3395 et
2434 3342 2607 3395 rarius
2650 3341 2907 3409 brevique
2939 3350 3181 3409 tempore
3212 3339 3299 3395 hic
3328 3352 3639 3411 comparet,
3679 3344 3782 3399 nisi

2176 3433 2434 3502 precanda
2463 3432 2834 3501 maioremque
2855 3440 3168 3500 apparatum
3196 3433 3398 3494 audiat,
3423 3449 3543 3502 qua:
3570 3438 3785 3488 serino-

2176 3540 2297 3578 nem
2332 3541 2545 3593 semper
2576 3525 2873 3593 pra'eedant
2905 3535 2959 3577 et
3005 3524 3104 3593 ipsi
3138 3525 3277 3578 viam
3324 3538 3545 3594 parcnt,
3578 3526 3787 3595 absque

2178 3620 2327 3675 lucro
2351 3618 2597 3674 discedit.
2630 3618 2811 3688 Neque
2858 3619 2970 3672 hinc
3014 3634 3117 3672 una
3158 3618 3315 3672 nobis
3347 3632 3505 3672 causa
3539 3629 3623 3673 est
3662 3634 3788 3688 pro.

2181 3712 2402 3766 lixitatis
2427 3711 2830 3779 protemiorum,
2850 3710 2946 3765 scd
2972 3718 3027 3765 et
3051 3710 3153 3764 alia
3176 3726 3281 3764 non
3309 3712 3502 3764 minor.
3532 3711 3607 3763 Ex
3633 3719 3784 3764 tanta

2178 3806 2375 3872 quippe
2402 3802 2740 3856 multitudine
2767 3802 2853 3854 alii
2878 3799 3161 3867 accedunt,
3190 3800 3280 3855 alii
3310 3816 3454 3870 smpe
3484 3815 3592 3854 non
3619 3816 3785 3855 acce-

2178 3896 2331 3950 dunt.
2364 3895 2594 3949 Necesse
2631 3894 2808 3963 itaque
2846 3903 2929 3948 est
2970 3909 3066 3949 eos
3110 3894 3199 3963 qni
3243 3893 3506 3948 accedunt
3532 3893 3789 3948 laudibus

2180 4002 2406 4051 ornare,
2459 4000 2554 4040 eos
2585 4000 2713 4040 vero
2760 3985 2849 4054 qni
2897 3984 3093 4040 absunt
3133 3985 3569 4055 reprehendere:
3603 3997 3664 4040 ut
3709 3986 3788 4040 illi

2188 4078 2433 4143 laudibus
2495 4078 2845 4148 studiosiores
2902 4080 3164 4145 evadant,
3226 4080 3279 4134 bi
3330 4080 3790 4148 increpationibus

2182 4170 2461 4241 segnitiem
2514 4146 2732 4238 ponanit.
2777 4170 2895 4224 Alia
2945 4185 3158 4241 quoque
3206 4169 3361 4224 adest
3400 4146 3789 4238 promouentur

2186 4263 2496 4317 necessitas.
2544 4259 2935 4332 Argumentum
2984 4277 3129 4331 sa‘pe
3159 4262 3419 4330 prolixius
3451 4270 3746 4316 tractamus
3771 4302 3787 4328 ,

2183 4356 2323 4425 qttpd
2353 4370 2459 4409 non
2490 4369 2595 4408 uno
2622 4355 2709 4409 die
2746 4370 3028 4422 possumus
3059 4354 3125 4407 ad
3161 4357 3321 4408 linem
3354 4353 3622 4409 deducere
3643 4397 3658 4419 ,
3692 4354 3791 4409 sed

2183 4421 2501 4501 et.sccnnda
2533 4458 2585 4500 et
2628 4448 2781 4501 tertia
2822 4457 2877 4501 ct
2919 4455 3105 4517 quarta
3154 4461 3299 4515 saepe
3344 4462 3481 4515 Opus
3509 4455 3595 4501 est
3632 4447 3792 4501 nobis

2186 4540 2550 4609 expositione,
2588 4540 2652 4594 ad
2696 4556 2854 4593 unam
2896 4539 3249 4609 eamdemque
3279 4540 3393 4593 rbm
3430 4539 3789 4594 tractandam.

2187 4632 2501 4687 Necessario
2536 4631 2700 4701 igitur
2742 4630 2977 4686 secunda
3022 4631 3111 4685 die
3144 4631 3337 4700 prioris
3380 4629 3641 4686 doctrina:
3669 4631 3794 4685 linis

2186 4738 2267 4780 est
2310 4725 2668 4793 repetendus,
2714 4735 2773 4778 ut
2804 4726 2882 4777 ita
2922 4724 3041 4777 linis
3070 4740 3191 4779 cum
3224 4723 3480 4792 principio
3509 4723 3790 4778 coluerens

2186 4817 2466 4872 clariorem
2496 4818 2724 4871 auditori
2757 4817 3123 4872 narrationem
3156 4816 3343 4870 reddat
3373 4858 3388 4879 ,
3444 4832 3510 4870 ne
3539 4818 3655 4870 sine
3687 4818 3791 4869 ulla

2187 4910 2327 4963 serie
2354 4912 2521 4978 posita
2553 4912 2726 4964 oratio
2766 4908 3047 4963 obscurior
3077 4907 3284 4961 evadat.
3335 4906 3405 4961 Ut
3450 4923 3576 4960 vero
3612 4907 3794 4960 dist-as

2188 5004 2481 5059 orationem
2515 5004 2778 5072 prommio
2822 5010 3095 5055 carentem
3137 5000 3419 5056 arncmine
3461 4999 3790 5053 intellectura

2190 5095 2289 5157 iri,
2321 5109 2447 5148 ecce
2484 5096 2593 5162 jam
2640 5095 2754 5146 sine
2789 5092 3061 5160 promittiis
3091 5090 3445 5158 expcrimemi
3476 5103 3637 5142 eausa
3664 5104 3792 5141 ora-

2191 5189 2386 5240 tionem
2427 5186 2632 5239 ordior.
2677 5184 2971 5253 Respiciens
3011 5192 3177 5235 autem
3220 5180 3374 5234 Iesus
3418 5180 3547 5233 dixit
3576 5178 3700 5233 :Tu
3739 5196 3792 5233 es

2191 5278 2371 5333 Simon
2402 5279 2541 5346 ﬁlius
2574 5276 2733 5343 Jona,
2764 5287 2815 5329 tu
2847 5275 3097 5328 vocaberis
3126 5272 3343 5344 Cephea,
3372 5271 3510 5341 quod
3534 5282 3605 5325 est
3635 5273 3791 5324 inter—

2191 5377 2440 5436 pretatum
2480 5367 2664 5421 Petrus
2705 5368 2882 5435 (Joan.
2934 5368 2985 5418 1.
3018 5364 3133 5437 49).
3180 5364 3372 5419 Videte
3412 5378 3541 5417 num
3585 5362 3791 5416 dictum

2191 5462 2321 5517 illud
2355 5461 2695 5530 intelligatis?
2719 5478 2784 5515 an
2811 5461 2993 5515 sciatis
3017 5458 3479 5526 consequentiam,
3513 5463 3569 5511 et
3591 5472 3692 5525 qua
3722 5456 3793 5510 de

2191 5570 2349 5608 causa
2382 5554 2495 5608 limc
2522 5554 2659 5608 dicta
2693 5555 2833 5607 sint?
2864 5553 2985 5617 quia
3018 5566 3211 5619 nempe
3241 5550 3357 5603 sine
3385 5548 3648 5617 protentio
3675 5545 3790 5600 hzec

2193 5646 2407 5716 prouili,
2440 5645 2656 5714 perinde
2679 5661 2741 5700 ac
2762 5646 2804 5698 si
2826 5647 2945 5714 quis
2968 5642 3241 5697 hominem
3266 5640 3500 5711 undique
3516 5640 3790 5694 obtectum

2192 5736 2243 5790 in
2269 5737 2534 5789 theatrum
2559 5735 2806 5789 adducat.
2838 5739 2948 5804 Age
2974 5748 3102 5803 ergo
3130 5734 3300 5802 ipsum
3327 5734 3661 5802 detcgamns,
3682 5748 3791 5799 iam

2192 5828 2317 5883 dato
2350 5829 2627 5897 prommio.
2681 5829 2755 5883 Dc
2802 5828 2966 5883 Paulo
3007 5834 3183 5881 autem
3228 5841 3409 5880 sermo
3438 5824 3593 5879 nobis
3624 5836 3795 5888 nuper
