  <div class='ocr_page' id='page_1' title='image "/cluster/home/n/w/nwhite01/storage/ocr_20150623/51/ien.35556001660786/140.png"; bbox 0 0 4080 6402; ppageno 0'>
   <div class='ocr_carea' id='block_1_1' title="bbox 268 361 390 417">
    <p class='ocr_par' dir='ltr' id='par_1_1' title="bbox 268 361 390 417">
     <span class='ocr_line' id='line_1_1' title="bbox 268 361 390 417; baseline 0 -1"><span class='ocrx_word' id='word_1_1' title='bbox 268 361 390 417; x_wconf 64' lang='grc' dir='ltr'>είδῖ</span> 
     </span>
    </p>
   </div>
   <div class='ocr_carea' id='block_1_2' title="bbox 284 465 1880 545">
    <p class='ocr_par' dir='ltr' id='par_1_2' title="bbox 284 465 1880 545">
     <span class='ocr_line' id='line_1_2' title="bbox 284 465 1880 545; baseline -0.008 -16"><span class='ocrx_word' id='word_1_2' title='bbox 284 475 470 545; x_wconf 84' lang='grc' dir='ltr'>νόμων</span> <span class='ocrx_word' id='word_1_3' title='bbox 501 471 625 527; x_wconf 72' lang='grc' dir='ltr'>οὔτε</span> <span class='ocrx_word' id='word_1_4' title='bbox 654 470 928 534; x_wconf 71' lang='grc' dir='ltr'>πολιτείας</span> <span class='ocrx_word' id='word_1_5' title='bbox 959 473 1068 526; x_wconf 73' lang='grc' dir='ltr'>τινὶ</span> <span class='ocrx_word' id='word_1_6' title='bbox 1102 471 1438 540; x_wconf 77' lang='grc' dir='ltr'>κοινωνήσας</span> <span class='ocrx_word' id='word_1_7' title='bbox 1472 468 1624 531; x_wconf 74' lang='grc' dir='ltr'>ποτὲ,</span> <span class='ocrx_word' id='word_1_8' title='bbox 1673 467 1790 521; x_wconf 83' lang='grc' dir='ltr'>ἀλλ’</span> <span class='ocrx_word' id='word_1_9' title='bbox 1820 465 1880 518; x_wconf 83' lang='grc' dir='ltr'>ἐν</span> 
     </span>
    </p>
   </div>
   <div class='ocr_carea' id='block_1_3' title="bbox 282 548 1887 629">
    <p class='ocr_par' dir='ltr' id='par_1_3' title="bbox 282 548 1887 629">
     <span class='ocr_line' id='line_1_3' title="bbox 282 548 1887 629; baseline -0.004 -19"><span class='ocrx_word' id='word_1_10' title='bbox 282 556 516 629; x_wconf 71' lang='grc' dir='ltr'>ἀσεϐείᾳ</span> <span class='ocrx_word' id='word_1_11' title='bbox 548 555 678 622; x_wconf 80' lang='grc' dir='ltr'>ζῶν,</span> <span class='ocrx_word' id='word_1_12' title='bbox 711 548 774 608; x_wconf 75' lang='grc' dir='ltr'>οὗ</span> <span class='ocrx_word' id='word_1_13' title='bbox 805 556 858 608; x_wconf 85' lang='grc' dir='ltr'>τί</span> <span class='ocrx_word' id='word_1_14' title='bbox 891 555 1091 616; x_wconf 78' lang='grc' dir='ltr'>γένοιτ’</span> <span class='ocrx_word' id='word_1_15' title='bbox 1115 555 1182 609; x_wconf 82' lang='grc' dir='ltr'>ἂν</span> <span class='ocrx_word' id='word_1_16' title='bbox 1219 553 1406 626; x_wconf 76' lang='grc' dir='ltr'>μεῖζον</span> <span class='ocrx_word' id='word_1_17' title='bbox 1437 551 1626 614; x_wconf 80' lang='grc' dir='ltr'>ἀνοίας</span> <span class='ocrx_word' id='word_1_18' title='bbox 1674 550 1887 619; x_wconf 70' lang='grc' dir='ltr'>τεκμήη</span> 
     </span>
    </p>
   </div>
   <div class='ocr_carea' id='block_1_4' title="bbox 286 633 1888 714">
    <p class='ocr_par' dir='ltr' id='par_1_4' title="bbox 286 633 1888 714">
     <span class='ocr_line' id='line_1_4' title="bbox 286 633 1888 714; baseline -0.007 -18"><span class='ocrx_word' id='word_1_19' title='bbox 286 657 437 714; x_wconf 82' lang='grc' dir='ltr'>ριον;</span> <span class='ocrx_word' id='word_1_20' title='bbox 465 639 632 694; x_wconf 76' lang='grc' dir='ltr'>Οὐδὲν</span> <span class='ocrx_word' id='word_1_21' title='bbox 661 638 770 710; x_wconf 76' lang='grc' dir='ltr'>γὰρ</span> <span class='ocrx_word' id='word_1_22' title='bbox 817 639 1088 710; x_wconf 78' lang='grc' dir='ltr'>Ἐλλήνων</span> <span class='ocrx_word' id='word_1_23' title='bbox 1137 637 1516 709; x_wconf 89' lang='grc' dir='ltr'>ἀνοητότερον.</span> <span class='ocrx_word' id='word_1_24' title='bbox 1567 633 1705 686; x_wconf 79' lang='grc' dir='ltr'>Ἀλλ’</span> <span class='ocrx_word' id='word_1_25' title='bbox 1735 634 1888 702; x_wconf 84' lang='grc' dir='ltr'>ὅμως</span> 
     </span>
    </p>
   </div>
   <div class='ocr_carea' id='block_1_5' title="bbox 282 714 1885 797">
    <p class='ocr_par' dir='ltr' id='par_1_5' title="bbox 282 714 1885 797">
     <span class='ocr_line' id='line_1_5' title="bbox 282 714 1885 797; baseline -0.005 -22"><span class='ocrx_word' id='word_1_26' title='bbox 282 723 500 785; x_wconf 78' lang='grc' dir='ltr'>ἐκεῖνος</span> <span class='ocrx_word' id='word_1_27' title='bbox 604 719 897 792; x_wconf 80' lang='grc' dir='ltr'>βάρϐαρος,</span> <span class='ocrx_word' id='word_1_28' title='bbox 951 725 981 780; x_wconf 86' lang='lat'>6</span> <span class='ocrx_word' id='word_1_29' title='bbox 1031 721 1257 791; x_wconf 79' lang='grc' dir='ltr'>ἀσεϐὴς,</span> <span class='ocrx_word' id='word_1_30' title='bbox 1293 720 1322 771; x_wconf 99' lang='lat'>6</span> <span class='ocrx_word' id='word_1_31' title='bbox 1361 719 1612 787; x_wconf 89' lang='grc' dir='ltr'>ἀνόητος,</span> <span class='ocrx_word' id='word_1_32' title='bbox 1672 715 1795 769; x_wconf 86' lang='grc' dir='ltr'>ἰδὼν</span> <span class='ocrx_word' id='word_1_33' title='bbox 1824 714 1885 797; x_wconf 84' lang='grc' dir='ltr'>ού</span> 
     </span>
    </p>
   </div>
   <div class='ocr_carea' id='block_1_6' title="bbox 275 796 1888 876">
    <p class='ocr_par' dir='ltr' id='par_1_6' title="bbox 275 796 1888 876">
     <span class='ocr_line' id='line_1_6' title="bbox 275 796 1888 876; baseline -0.007 -15"><span class='ocrx_word' id='word_1_34' title='bbox 275 805 517 868; x_wconf 77' lang='grc' dir='ltr'>δεόντως</span> <span class='ocrx_word' id='word_1_35' title='bbox 545 796 708 858; x_wconf 80' lang='grc' dir='ltr'>αὐτὸν</span> <span class='ocrx_word' id='word_1_36' title='bbox 739 805 1020 867; x_wconf 79' lang='grc' dir='ltr'>ποιοῦντα,</span> <span class='ocrx_word' id='word_1_37' title='bbox 1049 803 1334 876; x_wconf 89' lang='grc' dir='ltr'>διώρθωσε</span> <span class='ocrx_word' id='word_1_38' title='bbox 1381 801 1474 855; x_wconf 82' lang='grc' dir='ltr'>τὸν</span> <span class='ocrx_word' id='word_1_39' title='bbox 1502 799 1768 862; x_wconf 83' lang='grc' dir='ltr'>Μωῦσέα,</span> <span class='ocrx_word' id='word_1_40' title='bbox 1794 796 1888 850; x_wconf 86' lang='grc' dir='ltr'>τδν</span> 
     </span>
    </p>
   </div>
   <div class='ocr_carea' id='block_1_7' title="bbox 286 879 1890 959">
    <p class='ocr_par' dir='ltr' id='par_1_7' title="bbox 286 879 1890 959">
     <span class='ocr_line' id='line_1_7' title="bbox 286 879 1890 959; baseline -0.007 -15"><span class='ocrx_word' id='word_1_41' title='bbox 286 890 456 959; x_wconf 76' lang='grc' dir='ltr'>σοφὸν</span> <span class='ocrx_word' id='word_1_42' title='bbox 507 889 602 941; x_wconf 73' lang='grc' dir='ltr'>καὶ</span> <span class='ocrx_word' id='word_1_43' title='bbox 636 888 858 942; x_wconf 75' lang='grc' dir='ltr'>συνετὸν</span> <span class='ocrx_word' id='word_1_44' title='bbox 891 888 986 950; x_wconf 73' lang='grc' dir='ltr'>καὶ</span> <span class='ocrx_word' id='word_1_45' title='bbox 1017 887 1110 940; x_wconf 88' lang='grc' dir='ltr'>τοῦ</span> <span class='ocrx_word' id='word_1_46' title='bbox 1167 886 1305 940; x_wconf 86' lang='grc' dir='ltr'>Θεοῦ</span> <span class='ocrx_word' id='word_1_47' title='bbox 1363 885 1537 955; x_wconf 92' lang='grc' dir='ltr'>φίλον.</span> <span class='ocrx_word' id='word_1_48' title='bbox 1575 882 1688 937; x_wconf 75' lang='grc' dir='ltr'>Καὶ</span> <span class='ocrx_word' id='word_1_49' title='bbox 1717 879 1890 934; x_wconf 85' lang='grc' dir='ltr'>εἰπὼν</span> 
     </span>
    </p>
   </div>
   <div class='ocr_carea' id='block_1_8' title="bbox 285 965 1890 1043">
    <p class='ocr_par' dir='ltr' id='par_1_8' title="bbox 285 965 1890 1043">
     <span class='ocr_line' id='line_1_8' title="bbox 285 965 1890 1043; baseline -0.006 -17"><span class='ocrx_word' id='word_1_50' title='bbox 285 974 431 1043; x_wconf 83' lang='grc' dir='ltr'>πρὸς</span> <span class='ocrx_word' id='word_1_51' title='bbox 465 973 646 1036; x_wconf 80' lang='grc' dir='ltr'>αὑτὸν,</span> <span class='ocrx_word' id='word_1_52' title='bbox 690 973 750 1026; x_wconf 81' lang='grc' dir='ltr'>Τί</span> <span class='ocrx_word' id='word_1_53' title='bbox 769 968 935 1026; x_wconf 81' lang='grc' dir='ltr'>οὗτοι</span> <span class='ocrx_word' id='word_1_54' title='bbox 962 971 1300 1037; x_wconf 75' lang='grc' dir='ltr'>ἑστήκασιν</span> <span class='ocrx_word' id='word_1_55' title='bbox 1335 969 1596 1024; x_wconf 74' lang='grc' dir='ltr'>ἐνώπιόν</span> <span class='ocrx_word' id='word_1_56' title='bbox 1617 981 1772 1030; x_wconf 71' lang='grc' dir='ltr'>σονς</span> <span class='ocrx_word' id='word_1_57' title='bbox 1795 965 1890 1018; x_wconf 79' lang='grc' dir='ltr'>καὶ</span> 
     </span>
    </p>
   </div>
   <div class='ocr_carea' id='block_1_9' title="bbox 289 1050 1892 1126">
    <p class='ocr_par' dir='ltr' id='par_1_9' title="bbox 289 1050 1892 1126">
     <span class='ocr_line' id='line_1_9' title="bbox 289 1050 1892 1126; baseline -0.003 -18"><span class='ocrx_word' id='word_1_58' title='bbox 289 1055 484 1126; x_wconf 85' lang='grc' dir='ltr'>μαθὼν</span> <span class='ocrx_word' id='word_1_59' title='bbox 503 1057 602 1125; x_wconf 80' lang='grc' dir='ltr'>τήν</span> <span class='ocrx_word' id='word_1_60' title='bbox 624 1056 805 1109; x_wconf 78' lang='grc' dir='ltr'>αἰτίαν</span> <span class='ocrx_word' id='word_1_61' title='bbox 821 1055 968 1123; x_wconf 89' lang='grc' dir='ltr'>λέγει</span> <span class='ocrx_word' id='word_1_62' title='bbox 989 1072 1003 1085; x_wconf 72' lang='grc' dir='ltr'>ο</span> <span class='ocrx_word' id='word_1_63' title='bbox 1040 1058 1161 1108; x_wconf 82' lang='grc' dir='ltr'>Οὐκ</span> <span class='ocrx_word' id='word_1_64' title='bbox 1187 1053 1377 1123; x_wconf 78' lang='grc' dir='ltr'>ὀρθῶς</span> <span class='ocrx_word' id='word_1_65' title='bbox 1392 1053 1475 1108; x_wconf 87' lang='grc' dir='ltr'>σὺ</span> <span class='ocrx_word' id='word_1_66' title='bbox 1491 1053 1669 1107; x_wconf 80' lang='grc' dir='ltr'>τοῦτο</span> <span class='ocrx_word' id='word_1_67' title='bbox 1689 1050 1892 1118; x_wconf 81' lang='grc' dir='ltr'>ἐποίη-</span> 
     </span>
    </p>
   </div>
   <div class='ocr_carea' id='block_1_10' title="bbox 278 1131 1891 1208">
    <p class='ocr_par' dir='ltr' id='par_1_10' title="bbox 278 1131 1891 1208">
     <span class='ocr_line' id='line_1_10' title="bbox 278 1131 1891 1208; baseline -0.006 -14"><span class='ocrx_word' id='word_1_68' title='bbox 278 1153 432 1204; x_wconf 84' lang='grc' dir='ltr'>σας,</span> <span class='ocrx_word' id='word_1_69' title='bbox 465 1138 617 1208; x_wconf 74' lang='grc' dir='ltr'>φησί.</span> <span class='ocrx_word' id='word_1_70' title='bbox 685 1139 822 1192; x_wconf 84' lang='grc' dir='ltr'>Μετ’</span> <span class='ocrx_word' id='word_1_71' title='bbox 847 1139 1222 1208; x_wconf 88' lang='grc' dir='ltr'>ἐπιτιμήσεως</span> <span class='ocrx_word' id='word_1_72' title='bbox 1245 1139 1278 1208; x_wconf 93' lang='grc' dir='ltr'>ή</span> <span class='ocrx_word' id='word_1_73' title='bbox 1305 1136 1616 1208; x_wconf 85' lang='grc' dir='ltr'>συμϐουλή·</span> <span class='ocrx_word' id='word_1_74' title='bbox 1647 1136 1741 1188; x_wconf 74' lang='grc' dir='ltr'>καὶ</span> <span class='ocrx_word' id='word_1_75' title='bbox 1764 1131 1891 1186; x_wconf 78' lang='grc' dir='ltr'>οὔτε</span> 
     </span>
    </p>
   </div>
   <div class='ocr_carea' id='block_1_11' title="bbox 286 1217 1893 1293">
    <p class='ocr_par' dir='ltr' id='par_1_11' title="bbox 286 1217 1893 1293">
     <span class='ocr_line' id='line_1_11' title="bbox 286 1217 1893 1293; baseline -0.004 -17"><span class='ocrx_word' id='word_1_76' title='bbox 286 1223 469 1286; x_wconf 79' lang='grc' dir='ltr'>οὕτως</span> <span class='ocrx_word' id='word_1_77' title='bbox 516 1223 780 1292; x_wconf 81' lang='grc' dir='ltr'>ήγρίανεν</span> <span class='ocrx_word' id='word_1_78' title='bbox 834 1224 1063 1285; x_wconf 83' lang='grc' dir='ltr'>ἐκεῖνος,</span> <span class='ocrx_word' id='word_1_79' title='bbox 1105 1222 1220 1274; x_wconf 78' lang='grc' dir='ltr'>ἀλλ’</span> <span class='ocrx_word' id='word_1_80' title='bbox 1252 1221 1501 1293; x_wconf 72' lang='grc' dir='ltr'>ἠνείχετο</span> <span class='ocrx_word' id='word_1_81' title='bbox 1555 1220 1585 1272; x_wconf 89' lang='lat'>6</span> <span class='ocrx_word' id='word_1_82' title='bbox 1646 1217 1827 1287; x_wconf 83' lang='grc' dir='ltr'>σοφὸς,</span> <span class='ocrx_word' id='word_1_83' title='bbox 1863 1219 1893 1270; x_wconf 88' lang='lat'>6</span> 
     </span>
    </p>
   </div>
   <div class='ocr_carea' id='block_1_12' title="bbox 289 1296 1892 1373">
    <p class='ocr_par' dir='ltr' id='par_1_12' title="bbox 289 1296 1892 1373">
     <span class='ocr_line' id='line_1_12' title="bbox 289 1296 1892 1373; baseline -0.003 -16"><span class='ocrx_word' id='word_1_84' title='bbox 289 1305 518 1370; x_wconf 79' lang='grc' dir='ltr'>συνετὸς</span> <span class='ocrx_word' id='word_1_85' title='bbox 547 1308 644 1359; x_wconf 73' lang='grc' dir='ltr'>καὶ</span> <span class='ocrx_word' id='word_1_86' title='bbox 695 1303 790 1358; x_wconf 88' lang='grc' dir='ltr'>τοῦ</span> <span class='ocrx_word' id='word_1_87' title='bbox 819 1304 954 1358; x_wconf 84' lang='grc' dir='ltr'>Θεοῦ</span> <span class='ocrx_word' id='word_1_88' title='bbox 1011 1305 1185 1373; x_wconf 84' lang='grc' dir='ltr'>φίλος,</span> <span class='ocrx_word' id='word_1_89' title='bbox 1228 1304 1524 1368; x_wconf 78' lang='grc' dir='ltr'>τοσαύταις</span> <span class='ocrx_word' id='word_1_90' title='bbox 1569 1296 1892 1371; x_wconf 85' lang='grc' dir='ltr'>ἐφεστηκὼς</span> 
     </span>
    </p>
   </div>
   <div class='ocr_carea' id='block_1_13' title="bbox 291 1383 1894 1459">
    <p class='ocr_par' dir='ltr' id='par_1_13' title="bbox 291 1383 1894 1459">
     <span class='ocr_line' id='line_1_13' title="bbox 291 1383 1894 1459; baseline -0.003 -19"><span class='ocrx_word' id='word_1_91' title='bbox 291 1389 580 1459; x_wconf 82' lang='grc' dir='ltr'>μυριάσιν.</span> <span class='ocrx_word' id='word_1_92' title='bbox 615 1387 750 1440; x_wconf 70' lang='grc' dir='ltr'>υύδέ</span> <span class='ocrx_word' id='word_1_93' title='bbox 783 1386 894 1457; x_wconf 88' lang='grc' dir='ltr'>γάρ</span> <span class='ocrx_word' id='word_1_94' title='bbox 921 1386 1082 1439; x_wconf 86' lang='grc' dir='ltr'>τοῦτο</span> <span class='ocrx_word' id='word_1_95' title='bbox 1114 1386 1336 1458; x_wconf 81' lang='grc' dir='ltr'>μικρὸν,</span> <span class='ocrx_word' id='word_1_96' title='bbox 1371 1386 1433 1438; x_wconf 81' lang='lat'>16</span> <span class='ocrx_word' id='word_1_97' title='bbox 1456 1385 1605 1456; x_wconf 85' lang='grc' dir='ltr'>παρά</span> <span class='ocrx_word' id='word_1_98' title='bbox 1634 1384 1728 1451; x_wconf 78' lang='grc' dir='ltr'>τοῦ</span> <span class='ocrx_word' id='word_1_99' title='bbox 1762 1383 1894 1454; x_wconf 81' lang='grc' dir='ltr'>βαρ-</span> 
     </span>
    </p>
   </div>
   <div class='ocr_carea' id='block_1_14' title="bbox 279 1467 1892 1544">
    <p class='ocr_par' dir='ltr' id='par_1_14' title="bbox 279 1467 1892 1544">
     <span class='ocr_line' id='line_1_14' title="bbox 279 1467 1892 1544; baseline -0.003 -20"><span class='ocrx_word' id='word_1_100' title='bbox 279 1471 466 1544; x_wconf 62' lang='grc' dir='ltr'>ϐάρου</span> <span class='ocrx_word' id='word_1_101' title='bbox 488 1471 584 1524; x_wconf 76' lang='grc' dir='ltr'>καὶ</span> <span class='ocrx_word' id='word_1_102' title='bbox 609 1470 820 1524; x_wconf 78' lang='grc' dir='ltr'>ἰδιώτου</span> <span class='ocrx_word' id='word_1_103' title='bbox 841 1469 1217 1524; x_wconf 86' lang='grc' dir='ltr'>παιδεύεσθαι.</span> <span class='ocrx_word' id='word_1_104' title='bbox 1249 1469 1358 1523; x_wconf 76' lang='grc' dir='ltr'>Καὶ</span> <span class='ocrx_word' id='word_1_105' title='bbox 1374 1468 1498 1522; x_wconf 74' lang='grc' dir='ltr'>οὕτε</span> <span class='ocrx_word' id='word_1_106' title='bbox 1523 1468 1592 1521; x_wconf 81' lang='grc' dir='ltr'>τὰ</span> <span class='ocrx_word' id='word_1_107' title='bbox 1614 1467 1892 1538; x_wconf 89' lang='grc' dir='ltr'>θαύματα,</span> 
     </span>
    </p>
   </div>
   <div class='ocr_carea' id='block_1_15' title="bbox 282 1550 1894 1630">
    <p class='ocr_par' dir='ltr' id='par_1_15' title="bbox 282 1550 1894 1630">
     <span class='ocr_line' id='line_1_15' title="bbox 282 1550 1894 1630; baseline -0.004 -21"><span class='ocrx_word' id='word_1_108' title='bbox 282 1555 442 1626; x_wconf 71' lang='grc' dir='ltr'>,ἅπερ</span> <span class='ocrx_word' id='word_1_109' title='bbox 474 1555 792 1630; x_wconf 82' lang='grc' dir='ltr'>εἰργάσατο,</span> <span class='ocrx_word' id='word_1_110' title='bbox 822 1553 948 1609; x_wconf 77' lang='grc' dir='ltr'>οὕτε</span> <span class='ocrx_word' id='word_1_111' title='bbox 997 1553 1059 1608; x_wconf 86' lang='lat'>16</span> <span class='ocrx_word' id='word_1_112' title='bbox 1092 1553 1324 1624; x_wconf 89' lang='grc' dir='ltr'>μέγεθος</span> <span class='ocrx_word' id='word_1_113' title='bbox 1367 1553 1468 1623; x_wconf 81' lang='grc' dir='ltr'>τῆς</span> <span class='ocrx_word' id='word_1_114' title='bbox 1512 1553 1690 1623; x_wconf 80' lang='grc' dir='ltr'>ἀρχῆς</span> <span class='ocrx_word' id='word_1_115' title='bbox 1729 1550 1894 1608; x_wconf 75' lang='grc' dir='ltr'>αὐτὸν</span> 
     </span>
    </p>
   </div>
   <div class='ocr_carea' id='block_1_16' title="bbox 288 1635 1894 1710">
    <p class='ocr_par' dir='ltr' id='par_1_16' title="bbox 288 1635 1894 1710">
     <span class='ocr_line' id='line_1_16' title="bbox 288 1635 1894 1710; baseline -0.002 -20"><span class='ocrx_word' id='word_1_116' title='bbox 288 1638 523 1709; x_wconf 82' lang='grc' dir='ltr'>ἐπῆρεν,</span> <span class='ocrx_word' id='word_1_117' title='bbox 549 1638 677 1694; x_wconf 79' lang='grc' dir='ltr'>οὕτε</span> <span class='ocrx_word' id='word_1_118' title='bbox 706 1639 766 1692; x_wconf 88' lang='lat'>16</span> <span class='ocrx_word' id='word_1_119' title='bbox 786 1638 1071 1710; x_wconf 73' lang='grc' dir='ltr'>παρόντων</span> <span class='ocrx_word' id='word_1_120' title='bbox 1098 1637 1208 1690; x_wconf 81' lang='grc' dir='ltr'>τῶν</span> <span class='ocrx_word' id='word_1_121' title='bbox 1241 1637 1502 1708; x_wconf 79' lang='grc' dir='ltr'>ὑπηκόων</span> <span class='ocrx_word' id='word_1_122' title='bbox 1525 1635 1894 1708; x_wconf 75' lang='grc' dir='ltr'>διορθοῦσθαι,</span> 
     </span>
    </p>
   </div>
   <div class='ocr_carea' id='block_1_17' title="bbox 289 1719 1897 1794">
    <p class='ocr_par' dir='ltr' id='par_1_17' title="bbox 289 1719 1897 1794">
     <span class='ocr_line' id='line_1_17' title="bbox 289 1719 1897 1794; baseline -0.003 -18"><span class='ocrx_word' id='word_1_123' title='bbox 289 1723 621 1794; x_wconf 70' lang='grc' dir='ltr'>ἐρυθριᾶσαι</span> <span class='ocrx_word' id='word_1_124' title='bbox 648 1723 934 1793; x_wconf 88' lang='grc' dir='ltr'>ἐποίησεν·</span> <span class='ocrx_word' id='word_1_125' title='bbox 976 1721 1091 1774; x_wconf 79' lang='grc' dir='ltr'>ἀλλ’</span> <span class='ocrx_word' id='word_1_126' title='bbox 1114 1721 1378 1792; x_wconf 74' lang='grc' dir='ltr'>ἐννοήσας</span> <span class='ocrx_word' id='word_1_127' title='bbox 1408 1721 1490 1774; x_wconf 84' lang='grc' dir='ltr'>ὅτι</span> <span class='ocrx_word' id='word_1_128' title='bbox 1520 1722 1569 1773; x_wconf 89' lang='grc' dir='ltr'>εἰ</span> <span class='ocrx_word' id='word_1_129' title='bbox 1602 1720 1697 1775; x_wconf 73' lang='grc' dir='ltr'>καὶ</span> <span class='ocrx_word' id='word_1_130' title='bbox 1726 1719 1897 1790; x_wconf 87' lang='grc' dir='ltr'>μεγά-</span> 
     </span>
    </p>
   </div>
   <div class='ocr_carea' id='block_1_18' title="bbox 289 1802 1898 1878">
    <p class='ocr_par' dir='ltr' id='par_1_18' title="bbox 289 1802 1898 1878">
     <span class='ocr_line' id='line_1_18' title="bbox 289 1802 1898 1878; baseline -0.002 -21"><span class='ocrx_word' id='word_1_131' title='bbox 289 1804 362 1858; x_wconf 88' lang='grc' dir='ltr'>λα</span> <span class='ocrx_word' id='word_1_132' title='bbox 397 1804 548 1875; x_wconf 83' lang='grc' dir='ltr'>αύτῷ</span> <span class='ocrx_word' id='word_1_133' title='bbox 573 1805 725 1878; x_wconf 80' lang='lat' dir='ltr'>[H9]</span> <span class='ocrx_word' id='word_1_134' title='bbox 755 1806 1042 1876; x_wconf 78' lang='grc' dir='ltr'>εἴργασται</span> <span class='ocrx_word' id='word_1_135' title='bbox 1074 1806 1301 1876; x_wconf 83' lang='grc' dir='ltr'>σημεῖα,</span> <span class='ocrx_word' id='word_1_136' title='bbox 1335 1803 1450 1856; x_wconf 84' lang='grc' dir='ltr'>ἀλλ’</span> <span class='ocrx_word' id='word_1_137' title='bbox 1496 1804 1648 1874; x_wconf 84' lang='grc' dir='ltr'>ὅμως</span> <span class='ocrx_word' id='word_1_138' title='bbox 1684 1802 1898 1869; x_wconf 43' lang='grc' dir='ltr'>ἀνθρωξ</span> 
     </span>
    </p>
   </div>
   <div class='ocr_carea' id='block_1_19' title="bbox 291 1891 1894 1965">
    <p class='ocr_par' dir='ltr' id='par_1_19' title="bbox 291 1891 1894 1965">
     <span class='ocr_line' id='line_1_19' title="bbox 291 1891 1894 1965; baseline -0.003 -18"><span class='ocrx_word' id='word_1_139' title='bbox 291 1895 458 1964; x_wconf 85' lang='grc' dir='ltr'>πίνης</span> <span class='ocrx_word' id='word_1_140' title='bbox 487 1895 704 1965; x_wconf 81' lang='grc' dir='ltr'>φύσεως</span> <span class='ocrx_word' id='word_1_141' title='bbox 728 1895 968 1964; x_wconf 78' lang='grc' dir='ltr'>μετέχει,</span> <span class='ocrx_word' id='word_1_142' title='bbox 997 1895 1062 1965; x_wconf 81' lang='grc' dir='ltr'>ήν</span> <span class='ocrx_word' id='word_1_143' title='bbox 1097 1893 1269 1946; x_wconf 84' lang='grc' dir='ltr'>πολλά</span> <span class='ocrx_word' id='word_1_144' title='bbox 1315 1891 1573 1950; x_wconf 78' lang='grc' dir='ltr'>λανθάνει</span> <span class='ocrx_word' id='word_1_145' title='bbox 1607 1891 1894 1954; x_wconf 83' lang='grc' dir='ltr'>πολλάκις,</span> 
     </span>
    </p>
   </div>
   <div class='ocr_carea' id='block_1_20' title="bbox 294 1973 1898 2048">
    <p class='ocr_par' dir='ltr' id='par_1_20' title="bbox 294 1973 1898 2048">
     <span class='ocr_line' id='line_1_20' title="bbox 294 1973 1898 2048; baseline -0.004 -16"><span class='ocrx_word' id='word_1_146' title='bbox 294 1980 420 2047; x_wconf 86' lang='grc' dir='ltr'>μετ’</span> <span class='ocrx_word' id='word_1_147' title='bbox 471 1979 774 2042; x_wconf 78' lang='grc' dir='ltr'>ἐπιεικείας</span> <span class='ocrx_word' id='word_1_148' title='bbox 807 1977 1028 2042; x_wconf 77' lang='grc' dir='ltr'>ἐδέξατο</span> <span class='ocrx_word' id='word_1_149' title='bbox 1060 1976 1158 2048; x_wconf 79' lang='grc' dir='ltr'>τὴν</span> <span class='ocrx_word' id='word_1_150' title='bbox 1215 1977 1549 2048; x_wconf 81' lang='grc' dir='ltr'>συμϐουλήν.</span> <span class='ocrx_word' id='word_1_151' title='bbox 1618 1973 1813 2028; x_wconf 69' lang='grc' dir='ltr'>Πολλοὶ</span> <span class='ocrx_word' id='word_1_152' title='bbox 1839 1973 1898 2026; x_wconf 80' lang='grc' dir='ltr'>δὲ</span> 
     </span>
    </p>
   </div>
   <div class='ocr_carea' id='block_1_21' title="bbox 291 2059 1897 2136">
    <p class='ocr_par' dir='ltr' id='par_1_21' title="bbox 291 2059 1897 2136">
     <span class='ocr_line' id='line_1_21' title="bbox 291 2059 1897 2136; baseline -0.006 -16"><span class='ocrx_word' id='word_1_153' title='bbox 291 2063 559 2127; x_wconf 74' lang='grc' dir='ltr'>πολλάκις</span> <span class='ocrx_word' id='word_1_154' title='bbox 606 2065 745 2136; x_wconf 82' lang='grc' dir='ltr'>ὑπὲρ</span> <span class='ocrx_word' id='word_1_155' title='bbox 795 2063 888 2117; x_wconf 91' lang='grc' dir='ltr'>τοῦ</span> <span class='ocrx_word' id='word_1_156' title='bbox 920 2064 996 2134; x_wconf 82' lang='grc' dir='ltr'>μὴ</span> <span class='ocrx_word' id='word_1_157' title='bbox 1044 2063 1281 2134; x_wconf 80' lang='grc' dir='ltr'>φανῆναι</span> <span class='ocrx_word' id='word_1_158' title='bbox 1307 2063 1550 2133; x_wconf 84' lang='grc' dir='ltr'>δεόμενοι</span> <span class='ocrx_word' id='word_1_159' title='bbox 1585 2059 1897 2134; x_wconf 85' lang='grc' dir='ltr'>συμϐουλῆς</span> 
     </span>
    </p>
   </div>
   <div class='ocr_carea' id='block_1_22' title="bbox 288 2146 1896 2220">
    <p class='ocr_par' dir='ltr' id='par_1_22' title="bbox 288 2146 1896 2220">
     <span class='ocr_line' id='line_1_22' title="bbox 288 2146 1896 2220; baseline -0.002 -19"><span class='ocrx_word' id='word_1_160' title='bbox 288 2148 395 2219; x_wconf 85' lang='grc' dir='ltr'>τῆς</span> <span class='ocrx_word' id='word_1_161' title='bbox 425 2150 554 2220; x_wconf 83' lang='grc' dir='ltr'>παρ’</span> <span class='ocrx_word' id='word_1_162' title='bbox 579 2148 804 2220; x_wconf 80' lang='grc' dir='ltr'>ἐτέρων,</span> <span class='ocrx_word' id='word_1_163' title='bbox 835 2148 1042 2202; x_wconf 69' lang='grc' dir='ltr'>εἵλοντο</span> <span class='ocrx_word' id='word_1_164' title='bbox 1067 2147 1360 2218; x_wconf 87' lang='grc' dir='ltr'>προδοῦναι</span> <span class='ocrx_word' id='word_1_165' title='bbox 1387 2148 1484 2218; x_wconf 77' lang='grc' dir='ltr'>τὴν</span> <span class='ocrx_word' id='word_1_166' title='bbox 1505 2147 1777 2216; x_wconf 78' lang='grc' dir='ltr'>ὠφέλειαν</span> <span class='ocrx_word' id='word_1_167' title='bbox 1800 2146 1896 2215; x_wconf 76' lang='grc' dir='ltr'>τὴν</span> 
     </span>
    </p>
   </div>
   <div class='ocr_carea' id='block_1_23' title="bbox 287 2228 1898 2311">
    <p class='ocr_par' dir='ltr' id='par_1_23' title="bbox 287 2228 1898 2311">
     <span class='ocr_line' id='line_1_23' title="bbox 287 2228 1898 2311; baseline -0.002 -26"><span class='ocrx_word' id='word_1_168' title='bbox 287 2233 403 2295; x_wconf 64' lang='grc' dir='ltr'>ἀπ’)</span> <span class='ocrx_word' id='word_1_169' title='bbox 431 2231 533 2303; x_wconf 82' lang='grc' dir='ltr'>τῆς</span> <span class='ocrx_word' id='word_1_170' title='bbox 563 2231 810 2303; x_wconf 81' lang='grc' dir='ltr'>γνώμης,</span> <span class='ocrx_word' id='word_1_171' title='bbox 827 2233 868 2311; x_wconf 66' lang='grc' dir='ltr'>ἢ</span> <span class='ocrx_word' id='word_1_172' title='bbox 889 2232 1173 2303; x_wconf 71' lang='grc' dir='ltr'>δεξάμενοι</span> <span class='ocrx_word' id='word_1_173' title='bbox 1196 2232 1296 2303; x_wconf 80' lang='grc' dir='ltr'>τήν</span> <span class='ocrx_word' id='word_1_174' title='bbox 1316 2231 1639 2302; x_wconf 82' lang='grc' dir='ltr'>παραίνεσιν</span> <span class='ocrx_word' id='word_1_175' title='bbox 1667 2228 1898 2299; x_wconf 79' lang='grc' dir='ltr'>διορθῶ-</span> 
     </span>
    </p>
   </div>
   <div class='ocr_carea' id='block_1_24' title="bbox 294 2313 1896 2389">
    <p class='ocr_par' dir='ltr' id='par_1_24' title="bbox 294 2313 1896 2389">
     <span class='ocr_line' id='line_1_24' title="bbox 294 2313 1896 2389; baseline -0.003 -19"><span class='ocrx_word' id='word_1_176' title='bbox 294 2333 390 2370; x_wconf 87' lang='grc' dir='ltr'>σαι</span> <span class='ocrx_word' id='word_1_177' title='bbox 419 2316 483 2370; x_wconf 88' lang='lat'>16</span> <span class='ocrx_word' id='word_1_178' title='bbox 504 2317 810 2388; x_wconf 80' lang='grc' dir='ltr'>ἁμάρτημα</span> <span class='ocrx_word' id='word_1_179' title='bbox 839 2334 852 2347; x_wconf 88' lang='grc'><strong>·</strong></span> <span class='ocrx_word' id='word_1_180' title='bbox 891 2317 1095 2387; x_wconf 77' lang='grc' dir='ltr'>μᾶλλον</span> <span class='ocrx_word' id='word_1_181' title='bbox 1135 2318 1354 2384; x_wconf 81' lang='grc' dir='ltr'>ἀγνοεῖν</span> <span class='ocrx_word' id='word_1_182' title='bbox 1387 2316 1420 2389; x_wconf 81' lang='grc' dir='ltr'>ἢ</span> <span class='ocrx_word' id='word_1_183' title='bbox 1455 2314 1649 2385; x_wconf 80' lang='grc' dir='ltr'>μαθεῖν</span> <span class='ocrx_word' id='word_1_184' title='bbox 1679 2313 1896 2366; x_wconf 83' lang='grc' dir='ltr'>κατεδέ-</span> 
     </span>
    </p>
   </div>
   <div class='ocr_carea' id='block_1_25' title="bbox 285 2396 1898 2471">
    <p class='ocr_par' dir='ltr' id='par_1_25' title="bbox 285 2396 1898 2471">
     <span class='ocr_line' id='line_1_25' title="bbox 285 2396 1898 2471; baseline -0.006 -12"><span class='ocrx_word' id='word_1_185' title='bbox 285 2399 477 2467; x_wconf 80' lang='grc' dir='ltr'>,ξαντο,</span> <span class='ocrx_word' id='word_1_186' title='bbox 517 2402 619 2455; x_wconf 80' lang='grc' dir='ltr'>οὐκ</span> <span class='ocrx_word' id='word_1_187' title='bbox 645 2401 849 2465; x_wconf 86' lang='grc' dir='ltr'>εἰδότες</span> <span class='ocrx_word' id='word_1_188' title='bbox 899 2402 982 2454; x_wconf 83' lang='grc' dir='ltr'>ὅτι</span> <span class='ocrx_word' id='word_1_189' title='bbox 1018 2401 1078 2454; x_wconf 83' lang='grc' dir='ltr'>ού</span> <span class='ocrx_word' id='word_1_190' title='bbox 1105 2401 1166 2454; x_wconf 88' lang='lat'>16</span> <span class='ocrx_word' id='word_1_191' title='bbox 1198 2399 1394 2471; x_wconf 86' lang='grc' dir='ltr'>μαθεῖν</span> <span class='ocrx_word' id='word_1_192' title='bbox 1434 2399 1689 2469; x_wconf 76' lang='grc' dir='ltr'>ἔγκλημα</span> <span class='ocrx_word' id='word_1_193' title='bbox 1713 2438 1728 2461; x_wconf 95' lang='grc'>,</span> <span class='ocrx_word' id='word_1_194' title='bbox 1761 2396 1898 2451; x_wconf 87' lang='grc' dir='ltr'>ἀλλὰ</span> 
     </span>
    </p>
   </div>
   <div class='ocr_carea' id='block_1_26' title="bbox 289 2483 1899 2557">
    <p class='ocr_par' dir='ltr' id='par_1_26' title="bbox 289 2483 1899 2557">
     <span class='ocr_line' id='line_1_26' title="bbox 289 2483 1899 2557; baseline -0.002 -19"><span class='ocrx_word' id='word_1_195' title='bbox 289 2484 359 2538; x_wconf 85' lang='lat'>16</span> <span class='ocrx_word' id='word_1_196' title='bbox 386 2486 601 2554; x_wconf 79' lang='grc' dir='ltr'>ἀγνοεῖν</span> <span class='ocrx_word' id='word_1_197' title='bbox 629 2484 938 2557; x_wconf 84' lang='grc' dir='ltr'>κατηγορία</span> <span class='ocrx_word' id='word_1_198' title='bbox 956 2501 970 2517; x_wconf 90' lang='grc'><strong>·</strong></span> <span class='ocrx_word' id='word_1_199' title='bbox 1007 2485 1068 2536; x_wconf 83' lang='grc' dir='ltr'>οὐ</span> <span class='ocrx_word' id='word_1_200' title='bbox 1100 2485 1160 2536; x_wconf 87' lang='lat'>16</span> <span class='ocrx_word' id='word_1_201' title='bbox 1187 2483 1560 2546; x_wconf 79' lang='grc' dir='ltr'>διδάσκεσθαι,</span> <span class='ocrx_word' id='word_1_202' title='bbox 1592 2483 1731 2536; x_wconf 84' lang='grc' dir='ltr'>ἀλλά</span> <span class='ocrx_word' id='word_1_203' title='bbox 1751 2483 1814 2534; x_wconf 90' lang='lat'>16</span> <span class='ocrx_word' id='word_1_204' title='bbox 1841 2483 1899 2534; x_wconf 86' lang='grc' dir='ltr'>ἐν</span> 
     </span>
    </p>
   </div>
   <div class='ocr_carea' id='block_1_27' title="bbox 291 2565 1900 2640">
    <p class='ocr_par' dir='ltr' id='par_1_27' title="bbox 291 2565 1900 2640">
     <span class='ocr_line' id='line_1_27' title="bbox 291 2565 1900 2640; baseline -0.002 -19"><span class='ocrx_word' id='word_1_205' title='bbox 291 2568 539 2640; x_wconf 78' lang='grc' dir='ltr'>ἀμαθείᾳ</span> <span class='ocrx_word' id='word_1_206' title='bbox 588 2565 758 2622; x_wconf 76' lang='grc' dir='ltr'>εἶναι·</span> <span class='ocrx_word' id='word_1_207' title='bbox 800 2569 860 2621; x_wconf 85' lang='grc' dir='ltr'>ού</span> <span class='ocrx_word' id='word_1_208' title='bbox 890 2569 952 2620; x_wconf 87' lang='grc' dir='ltr'>τὸ</span> <span class='ocrx_word' id='word_1_209' title='bbox 985 2567 1326 2638; x_wconf 73' lang='grc' dir='ltr'>ἐλέγχεσθαι,</span> <span class='ocrx_word' id='word_1_210' title='bbox 1358 2567 1499 2620; x_wconf 85' lang='grc' dir='ltr'>ἀλλά</span> <span class='ocrx_word' id='word_1_211' title='bbox 1552 2569 1613 2620; x_wconf 84' lang='lat'>16</span> <span class='ocrx_word' id='word_1_212' title='bbox 1644 2566 1900 2638; x_wconf 83' lang='grc' dir='ltr'>ἁμαρτά-</span> 
     </span>
    </p>
   </div>
   <div class='ocr_carea' id='block_1_28' title="bbox 293 2647 1900 2722">
    <p class='ocr_par' dir='ltr' id='par_1_28' title="bbox 293 2647 1900 2722">
     <span class='ocr_line' id='line_1_28' title="bbox 293 2647 1900 2722; baseline -0.002 -18"><span class='ocrx_word' id='word_1_213' title='bbox 293 2667 410 2704; x_wconf 90' lang='grc' dir='ltr'>νειν</span> <span class='ocrx_word' id='word_1_214' title='bbox 436 2651 762 2721; x_wconf 84' lang='grc' dir='ltr'>ἀδιόρθωτα.</span> <span class='ocrx_word' id='word_1_215' title='bbox 799 2652 957 2705; x_wconf 84' lang='grc' dir='ltr'>Ἔστι</span> <span class='ocrx_word' id='word_1_216' title='bbox 989 2651 1124 2722; x_wconf 85' lang='grc' dir='ltr'>γὰρ,</span> <span class='ocrx_word' id='word_1_217' title='bbox 1171 2650 1289 2708; x_wconf 78' lang='grc' dir='ltr'>ἔστι</span> <span class='ocrx_word' id='word_1_218' title='bbox 1313 2651 1406 2704; x_wconf 72' lang='grc' dir='ltr'>καὶ</span> <span class='ocrx_word' id='word_1_219' title='bbox 1439 2650 1591 2722; x_wconf 84' lang='grc' dir='ltr'>παρά</span> <span class='ocrx_word' id='word_1_220' title='bbox 1621 2647 1900 2720; x_wconf 80' lang='grc' dir='ltr'>ἀνθρώπῳ</span> 
     </span>
    </p>
   </div>
   <div class='ocr_carea' id='block_1_29' title="bbox 294 2733 1900 2810">
    <p class='ocr_par' dir='ltr' id='par_1_29' title="bbox 294 2733 1900 2810">
     <span class='ocr_line' id='line_1_29' title="bbox 294 2733 1900 2810; baseline -0.001 -23"><span class='ocrx_word' id='word_1_221' title='bbox 294 2733 485 2810; x_wconf 83' lang='grc' dir='ltr'>μικρῷ</span> <span class='ocrx_word' id='word_1_222' title='bbox 513 2735 606 2787; x_wconf 77' lang='grc' dir='ltr'>καὶ</span> <span class='ocrx_word' id='word_1_223' title='bbox 634 2734 847 2800; x_wconf 83' lang='grc' dir='ltr'>εύτελεῖ</span> <span class='ocrx_word' id='word_1_224' title='bbox 867 2735 1158 2806; x_wconf 82' lang='grc' dir='ltr'>εὑρεθῆναί</span> <span class='ocrx_word' id='word_1_225' title='bbox 1183 2752 1235 2788; x_wconf 93' lang='grc' dir='ltr'>τι</span> <span class='ocrx_word' id='word_1_226' title='bbox 1261 2736 1370 2788; x_wconf 85' lang='grc' dir='ltr'>τῶν</span> <span class='ocrx_word' id='word_1_227' title='bbox 1398 2735 1650 2798; x_wconf 84' lang='grc' dir='ltr'>δεόντων,</span> <span class='ocrx_word' id='word_1_228' title='bbox 1685 2734 1713 2786; x_wconf 79' lang='grc' dir='ltr'>ὃ</span> <span class='ocrx_word' id='word_1_229' title='bbox 1750 2734 1900 2802; x_wconf 83' lang='grc' dir='ltr'>παρά</span> 
     </span>
    </p>
   </div>
   <div class='ocr_carea' id='block_1_30' title="bbox 292 2816 1902 2891">
    <p class='ocr_par' dir='ltr' id='par_1_30' title="bbox 292 2816 1902 2891">
     <span class='ocr_line' id='line_1_30' title="bbox 292 2816 1902 2891; baseline -0.002 -20"><span class='ocrx_word' id='word_1_230' title='bbox 292 2816 377 2888; x_wconf 85' lang='grc' dir='ltr'>τῷ</span> <span class='ocrx_word' id='word_1_231' title='bbox 411 2817 562 2887; x_wconf 76' lang='grc' dir='ltr'>σοφῷ</span> <span class='ocrx_word' id='word_1_232' title='bbox 585 2819 679 2872; x_wconf 76' lang='grc' dir='ltr'>καὶ</span> <span class='ocrx_word' id='word_1_233' title='bbox 713 2819 936 2889; x_wconf 89' lang='grc' dir='ltr'>μεγάλῳ</span> <span class='ocrx_word' id='word_1_234' title='bbox 964 2819 1226 2882; x_wconf 83' lang='grc' dir='ltr'>πολλάκις</span> <span class='ocrx_word' id='word_1_235' title='bbox 1269 2820 1370 2888; x_wconf 90' lang='grc' dir='ltr'>ούχ</span> <span class='ocrx_word' id='word_1_236' title='bbox 1421 2818 1672 2891; x_wconf 81' lang='grc' dir='ltr'>εὓρηται.</span> <span class='ocrx_word' id='word_1_237' title='bbox 1721 2817 1902 2888; x_wconf 84' lang='grc' dir='ltr'>Ὅπερ</span> 
     </span>
    </p>
   </div>
   <div class='ocr_carea' id='block_1_31' title="bbox 292 2896 1902 2972">
    <p class='ocr_par' dir='ltr' id='par_1_31' title="bbox 292 2896 1902 2972">
     <span class='ocr_line' id='line_1_31' title="bbox 292 2896 1902 2972; baseline -0.002 -18"><span class='ocrx_word' id='word_1_238' title='bbox 292 2896 391 2958; x_wconf 83' lang='grc' dir='ltr'>οῦν</span> <span class='ocrx_word' id='word_1_239' title='bbox 411 2899 636 2953; x_wconf 82' lang='grc' dir='ltr'>συνιδὼν</span> <span class='ocrx_word' id='word_1_240' title='bbox 665 2901 692 2952; x_wconf 92' lang='lat'>6</span> <span class='ocrx_word' id='word_1_241' title='bbox 727 2901 974 2971; x_wconf 81' lang='grc' dir='ltr'>Μωῦσῆς</span> <span class='ocrx_word' id='word_1_242' title='bbox 1001 2902 1167 2972; x_wconf 83' lang='grc' dir='ltr'>ήκουε</span> <span class='ocrx_word' id='word_1_243' title='bbox 1205 2901 1346 2972; x_wconf 85' lang='grc' dir='ltr'>μετά</span> <span class='ocrx_word' id='word_1_244' title='bbox 1391 2902 1572 2972; x_wconf 89' lang='grc' dir='ltr'>πάσης</span> <span class='ocrx_word' id='word_1_245' title='bbox 1600 2899 1902 2962; x_wconf 74' lang='grc' dir='ltr'>ἐπιεικείας</span> 
     </span>
    </p>
   </div>
   <div class='ocr_carea' id='block_1_32' title="bbox 296 2982 1904 3054">
    <p class='ocr_par' dir='ltr' id='par_1_32' title="bbox 296 2982 1904 3054">
     <span class='ocr_line' id='line_1_32' title="bbox 296 2982 1904 3054; baseline -0.002 -16"><span class='ocrx_word' id='word_1_246' title='bbox 296 2982 512 3038; x_wconf 74' lang='grc' dir='ltr'>ἐκείνου</span> <span class='ocrx_word' id='word_1_247' title='bbox 542 2982 1026 3054; x_wconf 88' lang='grc' dir='ltr'>συμϐουλεύοντος,</span> <span class='ocrx_word' id='word_1_248' title='bbox 1059 2985 1156 3038; x_wconf 73' lang='grc' dir='ltr'>καὶ</span> <span class='ocrx_word' id='word_1_249' title='bbox 1183 2984 1438 3053; x_wconf 84' lang='grc' dir='ltr'>λέγοντος</span> <span class='ocrx_word' id='word_1_250' title='bbox 1465 2999 1479 3014; x_wconf 88' lang='grc'><strong>·</strong></span> <span class='ocrx_word' id='word_1_251' title='bbox 1511 2983 1783 3052; x_wconf 77' lang='grc' dir='ltr'>Ποίησον</span> <span class='ocrx_word' id='word_1_252' title='bbox 1802 2998 1904 3036; x_wconf 88' lang='grc' dir='ltr'>σοι</span> 
     </span>
    </p>
   </div>
   <div class='ocr_carea' id='block_1_33' title="bbox 293 3065 1900 3138">
    <p class='ocr_par' dir='ltr' id='par_1_33' title="bbox 293 3065 1900 3138">
     <span class='ocr_line' id='line_1_33' title="bbox 293 3065 1900 3138; baseline -0.002 -15"><span class='ocrx_word' id='word_1_253' title='bbox 293 3067 657 3138; x_wconf 72' lang='grc' dir='ltr'>χιλιάρχους</span> <span class='ocrx_word' id='word_1_254' title='bbox 676 3107 690 3132; x_wconf 85' lang='grc'>,</span> <span class='ocrx_word' id='word_1_255' title='bbox 732 3067 1218 3137; x_wconf 75' lang='grc' dir='ltr'>ἑκατοντάρχους</span> <span class='ocrx_word' id='word_1_256' title='bbox 1238 3108 1252 3132; x_wconf 91' lang='grc'>,</span> <span class='ocrx_word' id='word_1_257' title='bbox 1307 3065 1900 3135; x_wconf 78' lang='grc' dir='ltr'>πεντηκοντάρχους,</span> 
     </span>
    </p>
   </div>
   <div class='ocr_carea' id='block_1_34' title="bbox 295 3158 1906 3231">
    <p class='ocr_par' dir='ltr' id='par_1_34' title="bbox 295 3158 1906 3231">
     <span class='ocr_line' id='line_1_34' title="bbox 295 3158 1906 3231; baseline -0.003 -15"><span class='ocrx_word' id='word_1_258' title='bbox 295 3159 664 3231; x_wconf 78' lang='grc' dir='ltr'>δεκάρχους·</span> <span class='ocrx_word' id='word_1_259' title='bbox 696 3161 793 3214; x_wconf 77' lang='grc' dir='ltr'>καὶ</span> <span class='ocrx_word' id='word_1_260' title='bbox 823 3159 890 3214; x_wconf 82' lang='grc' dir='ltr'>τὸ</span> <span class='ocrx_word' id='word_1_261' title='bbox 904 3159 1074 3229; x_wconf 76' lang='grc' dir='ltr'>ῥῆμα</span> <span class='ocrx_word' id='word_1_262' title='bbox 1109 3158 1177 3213; x_wconf 83' lang='grc' dir='ltr'>τὸ</span> <span class='ocrx_word' id='word_1_263' title='bbox 1207 3159 1372 3228; x_wconf 77' lang='grc' dir='ltr'>βαρὺ</span> <span class='ocrx_word' id='word_1_264' title='bbox 1408 3159 1775 3214; x_wconf 81' lang='grc' dir='ltr'>ἀνοίσουσιν</span> <span class='ocrx_word' id='word_1_265' title='bbox 1805 3158 1906 3212; x_wconf 81' lang='grc' dir='ltr'>ὲπί</span> 
     </span>
    </p>
   </div>
   <div class='ocr_carea' id='block_1_35' title="bbox 293 3242 1907 3311">
    <p class='ocr_par' dir='ltr' id='par_1_35' title="bbox 293 3242 1907 3311">
     <span class='ocr_line' id='line_1_35' title="bbox 293 3242 1907 3311; baseline -0.002 -13"><span class='ocrx_word' id='word_1_266' title='bbox 293 3245 398 3310; x_wconf 78' lang='grc' dir='ltr'>σὲ,</span> <span class='ocrx_word' id='word_1_267' title='bbox 423 3244 491 3296; x_wconf 84' lang='grc' dir='ltr'>τὸ</span> <span class='ocrx_word' id='word_1_268' title='bbox 524 3243 594 3296; x_wconf 80' lang='grc' dir='ltr'>δὲ</span> <span class='ocrx_word' id='word_1_269' title='bbox 628 3243 864 3311; x_wconf 67' lang='grc' dir='ltr'>κοῦφον</span> <span class='ocrx_word' id='word_1_270' title='bbox 887 3242 1059 3296; x_wconf 86' lang='grc' dir='ltr'>αὺτοί</span> <span class='ocrx_word' id='word_1_271' title='bbox 1083 3242 1500 3298; x_wconf 74' lang='grc' dir='ltr'>διαλύσονται.</span> <span class='ocrx_word' id='word_1_272' title='bbox 1533 3244 1644 3297; x_wconf 73' lang='grc' dir='ltr'>Καὶ</span> <span class='ocrx_word' id='word_1_273' title='bbox 1661 3243 1907 3308; x_wconf 87' lang='grc' dir='ltr'>ἀκούσας</span> 
     </span>
    </p>
   </div>
   <div class='ocr_carea' id='block_1_36' title="bbox 297 3315 1910 3398">
    <p class='ocr_par' dir='ltr' id='par_1_36' title="bbox 297 3315 1910 3398">
     <span class='ocr_line' id='line_1_36' title="bbox 297 3315 1910 3398; baseline -0.002 -17"><span class='ocrx_word' id='word_1_274' title='bbox 297 3328 404 3381; x_wconf 82' lang='grc' dir='ltr'>οὐκ</span> <span class='ocrx_word' id='word_1_275' title='bbox 437 3315 703 3398; x_wconf 67' lang='grc' dir='ltr'>ᾐσχύνθη,</span> <span class='ocrx_word' id='word_1_276' title='bbox 733 3327 832 3378; x_wconf 80' lang='grc' dir='ltr'>οὐκ</span> <span class='ocrx_word' id='word_1_277' title='bbox 863 3325 1218 3397; x_wconf 78' lang='grc' dir='ltr'>ἠρυθρίασεν,</span> <span class='ocrx_word' id='word_1_278' title='bbox 1259 3327 1358 3380; x_wconf 76' lang='grc' dir='ltr'>οὐκ</span> <span class='ocrx_word' id='word_1_279' title='bbox 1394 3326 1597 3398; x_wconf 81' lang='grc' dir='ltr'>ῂδέσθη</span> <span class='ocrx_word' id='word_1_280' title='bbox 1658 3326 1784 3389; x_wconf 80' lang='grc' dir='ltr'>τοὺς</span> <span class='ocrx_word' id='word_1_281' title='bbox 1811 3327 1910 3378; x_wconf 88' lang='grc' dir='ltr'>ύπ-</span> 
     </span>
    </p>
   </div>
   <div class='ocr_carea' id='block_1_37' title="bbox 290 3402 1907 3484">
    <p class='ocr_par' dir='ltr' id='par_1_37' title="bbox 290 3402 1907 3484">
     <span class='ocr_line' id='line_1_37' title="bbox 290 3402 1907 3484; baseline -0.003 -19"><span class='ocrx_word' id='word_1_282' title='bbox 290 3412 528 3484; x_wconf 64' lang='grc' dir='ltr'>ληκόους,</span> <span class='ocrx_word' id='word_1_283' title='bbox 557 3411 661 3462; x_wconf 76' lang='grc' dir='ltr'>οὐκ</span> <span class='ocrx_word' id='word_1_284' title='bbox 692 3405 814 3462; x_wconf 74' lang='grc' dir='ltr'>εἷπε</span> <span class='ocrx_word' id='word_1_285' title='bbox 847 3402 985 3481; x_wconf 81' lang='grc' dir='ltr'>πρὸς</span> <span class='ocrx_word' id='word_1_286' title='bbox 1008 3409 1321 3477; x_wconf 78' lang='grc' dir='ltr'>ἐαυτὸν,δτι</span> <span class='ocrx_word' id='word_1_287' title='bbox 1337 3407 1794 3480; x_wconf 82' lang='grc' dir='ltr'>Καταγνώσονταί</span> <span class='ocrx_word' id='word_1_288' title='bbox 1803 3423 1907 3477; x_wconf 85' lang='grc' dir='ltr'>μου</span> 
     </span>
    </p>
   </div>
   <div class='ocr_carea' id='block_1_38' title="bbox 293 3492 1909 3566">
    <p class='ocr_par' dir='ltr' id='par_1_38' title="bbox 293 3492 1909 3566">
     <span class='ocr_line' id='line_1_38' title="bbox 293 3492 1909 3566; baseline -0.001 -17"><span class='ocrx_word' id='word_1_289' title='bbox 293 3496 354 3549; x_wconf 79' lang='grc' dir='ltr'>οἰ</span> <span class='ocrx_word' id='word_1_290' title='bbox 385 3495 702 3566; x_wconf 82' lang='grc' dir='ltr'>ἀρχόμενοι,</span> <span class='ocrx_word' id='word_1_291' title='bbox 744 3496 792 3547; x_wconf 85' lang='grc' dir='ltr'>εἰ</span> <span class='ocrx_word' id='word_1_292' title='bbox 821 3494 1006 3566; x_wconf 86' lang='grc' dir='ltr'>ἀρχων</span> <span class='ocrx_word' id='word_1_293' title='bbox 1039 3492 1115 3546; x_wconf 81' lang='grc' dir='ltr'>ὢν</span> <span class='ocrx_word' id='word_1_294' title='bbox 1164 3494 1292 3566; x_wconf 80' lang='grc' dir='ltr'>παρ’</span> <span class='ocrx_word' id='word_1_295' title='bbox 1321 3494 1514 3566; x_wconf 72' lang='grc' dir='ltr'>ἐτέρου</span> <span class='ocrx_word' id='word_1_296' title='bbox 1551 3493 1814 3566; x_wconf 87' lang='grc' dir='ltr'>μανθάνω</span> <span class='ocrx_word' id='word_1_297' title='bbox 1841 3492 1909 3547; x_wconf 79' lang='grc' dir='ltr'>τὰ</span> 
     </span>
    </p>
   </div>
   <div class='ocr_carea' id='block_1_39' title="bbox 300 3569 1910 3659">
    <p class='ocr_par' dir='ltr' id='par_1_39' title="bbox 300 3569 1910 3659">
     <span class='ocr_line' id='line_1_39' title="bbox 300 3569 1910 3659; baseline -0.001 -17"><span class='ocrx_word' id='word_1_298' title='bbox 300 3589 496 3642; x_wconf 79' lang='grc' dir='ltr'>δέοντα</span> <span class='ocrx_word' id='word_1_299' title='bbox 521 3604 536 3619; x_wconf 81' lang='grc'><em>’</em></span> <span class='ocrx_word' id='word_1_300' title='bbox 571 3586 712 3641; x_wconf 88' lang='grc' dir='ltr'>ἀλλά</span> <span class='ocrx_word' id='word_1_301' title='bbox 768 3569 865 3641; x_wconf 72' lang='grc' dir='ltr'>καῖ</span> <span class='ocrx_word' id='word_1_302' title='bbox 904 3586 1134 3658; x_wconf 81' lang='grc' dir='ltr'>ἐπείσθη</span> <span class='ocrx_word' id='word_1_303' title='bbox 1167 3588 1262 3641; x_wconf 82' lang='grc' dir='ltr'>καὶ</span> <span class='ocrx_word' id='word_1_304' title='bbox 1315 3588 1540 3658; x_wconf 88' lang='grc' dir='ltr'>ἐποίησε</span> <span class='ocrx_word' id='word_1_305' title='bbox 1576 3587 1639 3643; x_wconf 90' lang='lat'>16</span> <span class='ocrx_word' id='word_1_306' title='bbox 1669 3588 1910 3659; x_wconf 81' lang='grc' dir='ltr'>πρόστα-</span> 
     </span>
    </p>
   </div>
   <div class='ocr_carea' id='block_1_40' title="bbox 301 3671 1905 3744">
    <p class='ocr_par' dir='ltr' id='par_1_40' title="bbox 301 3671 1905 3744">
     <span class='ocr_line' id='line_1_40' title="bbox 301 3671 1905 3744; baseline 0 -20"><span class='ocrx_word' id='word_1_307' title='bbox 301 3688 444 3744; x_wconf 87' lang='grc' dir='ltr'>γμα,</span> <span class='ocrx_word' id='word_1_308' title='bbox 474 3672 580 3725; x_wconf 77' lang='grc' dir='ltr'>καὶ·</span> <span class='ocrx_word' id='word_1_309' title='bbox 601 3672 664 3726; x_wconf 87' lang='grc' dir='ltr'>ού</span> <span class='ocrx_word' id='word_1_310' title='bbox 697 3671 858 3741; x_wconf 87' lang='grc' dir='ltr'>μόνον</span> <span class='ocrx_word' id='word_1_311' title='bbox 908 3671 1154 3736; x_wconf 86' lang='grc' dir='ltr'>ἐκείνους</span> <span class='ocrx_word' id='word_1_312' title='bbox 1179 3672 1281 3725; x_wconf 87' lang='grc' dir='ltr'>ούκ</span> <span class='ocrx_word' id='word_1_313' title='bbox 1307 3671 1554 3742; x_wconf 71' lang='grc' dir='ltr'>ᾐσχύνθη</span> <span class='ocrx_word' id='word_1_314' title='bbox 1595 3673 1724 3734; x_wconf 78' lang='grc' dir='ltr'>τους</span> <span class='ocrx_word' id='word_1_315' title='bbox 1760 3671 1905 3735; x_wconf 86' lang='grc' dir='ltr'>τότε,</span> 
     </span>
    </p>
   </div>
   <div class='ocr_carea' id='block_1_41' title="bbox 304 3745 1908 3827">
    <p class='ocr_par' dir='ltr' id='par_1_41' title="bbox 304 3745 1908 3827">
     <span class='ocr_line' id='line_1_41' title="bbox 304 3745 1908 3827; baseline 0 -19"><span class='ocrx_word' id='word_1_316' title='bbox 304 3745 422 3808; x_wconf 75' lang='grc' dir='ltr'>ἀλλ’</span> <span class='ocrx_word' id='word_1_317' title='bbox 462 3755 584 3808; x_wconf 72' lang='grc' dir='ltr'>ούδέ</span> <span class='ocrx_word' id='word_1_318' title='bbox 645 3756 794 3827; x_wconf 81' lang='grc' dir='ltr'>ήμᾶς</span> <span class='ocrx_word' id='word_1_319' title='bbox 824 3757 952 3819; x_wconf 80' lang='grc' dir='ltr'>τοὺς</span> <span class='ocrx_word' id='word_1_320' title='bbox 996 3755 1138 3826; x_wconf 90' lang='grc' dir='ltr'>μετά</span> <span class='ocrx_word' id='word_1_321' title='bbox 1194 3754 1369 3817; x_wconf 88' lang='grc' dir='ltr'>ταῦτα</span> <span class='ocrx_word' id='word_1_322' title='bbox 1417 3754 1715 3827; x_wconf 75' lang='grc' dir='ltr'>ἐσομένους</span> <span class='ocrx_word' id='word_1_323' title='bbox 1741 3771 1754 3784; x_wconf 90' lang='grc'><strong>·</strong></span> <span class='ocrx_word' id='word_1_324' title='bbox 1791 3755 1908 3808; x_wconf 78' lang='grc' dir='ltr'>ἀλλ’</span> 
     </span>
    </p>
   </div>
   <div class='ocr_carea' id='block_1_42' title="bbox 303 3838 1908 3921">
    <p class='ocr_par' dir='ltr' id='par_1_42' title="bbox 303 3838 1908 3921">
     <span class='ocr_line' id='line_1_42' title="bbox 303 3838 1908 3921; baseline 0.001 -28"><span class='ocrx_word' id='word_1_325' title='bbox 303 3839 500 3911; x_wconf 81' lang='grc' dir='ltr'>ὥσπερ</span> <span class='ocrx_word' id='word_1_326' title='bbox 533 3838 1085 3912; x_wconf 75' lang='grc' dir='ltr'>ἐγκαλλωπιζόμενος</span> <span class='ocrx_word' id='word_1_327' title='bbox 1109 3843 1176 3921; x_wconf 68' lang='grc' dir='ltr'>τῇ</span> <span class='ocrx_word' id='word_1_328' title='bbox 1201 3839 1490 3912; x_wconf 83' lang='grc' dir='ltr'>διορθώσει</span> <span class='ocrx_word' id='word_1_329' title='bbox 1522 3838 1598 3912; x_wconf 71' lang='grc' dir='ltr'>τῇ</span> <span class='ocrx_word' id='word_1_330' title='bbox 1631 3841 1785 3912; x_wconf 70' lang='grc' dir='ltr'>παρὰ</span> <span class='ocrx_word' id='word_1_331' title='bbox 1813 3839 1908 3895; x_wconf 86' lang='grc' dir='ltr'>τοῦ</span> 
     </span>
    </p>
   </div>
   <div class='ocr_carea' id='block_1_43' title="bbox 277 3923 1907 4000">
    <p class='ocr_par' dir='ltr' id='par_1_43' title="bbox 277 3923 1907 4000">
     <span class='ocr_line' id='line_1_43' title="bbox 277 3923 1907 4000; baseline -0.003 -19"><span class='ocrx_word' id='word_1_332' title='bbox 277 3923 573 3997; x_wconf 83' lang='grc' dir='ltr'>-κηδεστοῦ</span> <span class='ocrx_word' id='word_1_333' title='bbox 607 3925 881 4000; x_wconf 79' lang='grc' dir='ltr'>γενομένῃ</span> <span class='ocrx_word' id='word_1_334' title='bbox 902 3967 916 3986; x_wconf 93' lang='grc'>,</span> <span class='ocrx_word' id='word_1_335' title='bbox 953 3925 1015 3978; x_wconf 89' lang='grc' dir='ltr'>ού</span> <span class='ocrx_word' id='word_1_336' title='bbox 1051 3928 1180 3989; x_wconf 81' lang='grc' dir='ltr'>τοὺς</span> <span class='ocrx_word' id='word_1_337' title='bbox 1215 3927 1336 3987; x_wconf 85' lang='grc' dir='ltr'>τότε</span> <span class='ocrx_word' id='word_1_338' title='bbox 1372 3925 1536 3996; x_wconf 90' lang='grc' dir='ltr'>μόνον</span> <span class='ocrx_word' id='word_1_339' title='bbox 1561 3923 1907 3996; x_wconf 83' lang='grc' dir='ltr'>ἀνθρώπους,</span> 
     </span>
    </p>
   </div>
   <div class='ocr_carea' id='block_1_44' title="bbox 307 4001 1907 4081">
    <p class='ocr_par' dir='ltr' id='par_1_44' title="bbox 307 4001 1907 4081">
     <span class='ocr_line' id='line_1_44' title="bbox 307 4001 1907 4081; baseline 0 -19"><span class='ocrx_word' id='word_1_340' title='bbox 307 4009 447 4063; x_wconf 86' lang='grc' dir='ltr'>ἀλλά</span> <span class='ocrx_word' id='word_1_341' title='bbox 480 4008 716 4073; x_wconf 70' lang='grc' dir='ltr'>καὶτοὺς</span> <span class='ocrx_word' id='word_1_342' title='bbox 746 4008 807 4075; x_wconf 83' lang='grc' dir='ltr'>ἐξ</span> <span class='ocrx_word' id='word_1_343' title='bbox 831 4001 1043 4062; x_wconf 83' lang='grc' dir='ltr'>ἐκείνου</span> <span class='ocrx_word' id='word_1_344' title='bbox 1078 4009 1241 4081; x_wconf 82' lang='grc' dir='ltr'>μέχρι</span> <span class='ocrx_word' id='word_1_345' title='bbox 1273 4010 1517 4080; x_wconf 75' lang='grc' dir='ltr'>σήμερον</span> <span class='ocrx_word' id='word_1_346' title='bbox 1551 4009 1907 4079; x_wconf 88' lang='grc' dir='ltr'>γενομένους,</span> 
     </span>
    </p>
   </div>
   <div class='ocr_carea' id='block_1_45' title="bbox 309 4089 1907 4166">
    <p class='ocr_par' dir='ltr' id='par_1_45' title="bbox 309 4089 1907 4166">
     <span class='ocr_line' id='line_1_45' title="bbox 309 4089 1907 4166; baseline 0 -18"><span class='ocrx_word' id='word_1_347' title='bbox 309 4093 405 4148; x_wconf 81' lang='grc' dir='ltr'>καὶ</span> <span class='ocrx_word' id='word_1_348' title='bbox 449 4093 576 4157; x_wconf 78' lang='grc' dir='ltr'>τοὺς</span> <span class='ocrx_word' id='word_1_349' title='bbox 632 4089 789 4157; x_wconf 84' lang='grc' dir='ltr'>αὖθις</span> <span class='ocrx_word' id='word_1_350' title='bbox 823 4093 1119 4165; x_wconf 76' lang='grc' dir='ltr'>ἐσομένους</span> <span class='ocrx_word' id='word_1_351' title='bbox 1168 4094 1332 4166; x_wconf 85' lang='grc' dir='ltr'>μέχρι</span> <span class='ocrx_word' id='word_1_352' title='bbox 1387 4095 1488 4164; x_wconf 87' lang='grc' dir='ltr'>τῆς</span> <span class='ocrx_word' id='word_1_353' title='bbox 1524 4093 1619 4148; x_wconf 90' lang='grc' dir='ltr'>τοῦ</span> <span class='ocrx_word' id='word_1_354' title='bbox 1663 4093 1907 4165; x_wconf 80' lang='grc' dir='ltr'>Χριστοῦ</span> 
     </span>
    </p>
   </div>
   <div class='ocr_carea' id='block_1_46' title="bbox 310 4186 1912 4258">
    <p class='ocr_par' dir='ltr' id='par_1_46' title="bbox 310 4186 1912 4258">
     <span class='ocr_line' id='line_1_46' title="bbox 310 4186 1912 4258; baseline 0 -18"><span class='ocrx_word' id='word_1_355' title='bbox 310 4186 622 4258; x_wconf 82' lang='grc' dir='ltr'>παρουσίας</span> <span class='ocrx_word' id='word_1_356' title='bbox 663 4187 806 4242; x_wconf 88' lang='grc' dir='ltr'>κατά</span> <span class='ocrx_word' id='word_1_357' title='bbox 861 4187 962 4258; x_wconf 82' lang='grc' dir='ltr'>τὴν</span> <span class='ocrx_word' id='word_1_358' title='bbox 1016 4187 1351 4256; x_wconf 85' lang='grc' dir='ltr'>οἰκουμένην</span> <span class='ocrx_word' id='word_1_359' title='bbox 1396 4187 1615 4241; x_wconf 74' lang='grc' dir='ltr'>ἃπασαν</span> <span class='ocrx_word' id='word_1_360' title='bbox 1670 4186 1760 4252; x_wconf 82' lang='grc' dir='ltr'>διὰ</span> <span class='ocrx_word' id='word_1_361' title='bbox 1803 4186 1912 4241; x_wconf 84' lang='grc' dir='ltr'>τῶν</span> 
     </span>
    </p>
   </div>
   <div class='ocr_carea' id='block_1_47' title="bbox 308 4271 1913 4342">
    <p class='ocr_par' dir='ltr' id='par_1_47' title="bbox 308 4271 1913 4342">
     <span class='ocr_line' id='line_1_47' title="bbox 308 4271 1913 4342; baseline -0.004 -10"><span class='ocrx_word' id='word_1_362' title='bbox 308 4271 660 4342; x_wconf 82' lang='grc' dir='ltr'>γραμμάτων</span> <span class='ocrx_word' id='word_1_363' title='bbox 695 4271 930 4338; x_wconf 82' lang='grc' dir='ltr'>ἐδίδαξε,</span> <span class='ocrx_word' id='word_1_364' title='bbox 975 4274 1074 4328; x_wconf 76' lang='grc' dir='ltr'>καὶ</span> <span class='ocrx_word' id='word_1_365' title='bbox 1104 4273 1189 4326; x_wconf 81' lang='grc' dir='ltr'>ὅτι</span> <span class='ocrx_word' id='word_1_366' title='bbox 1220 4273 1388 4336; x_wconf 82' lang='grc' dir='ltr'>αὐτὸς</span> <span class='ocrx_word' id='word_1_367' title='bbox 1431 4273 1495 4326; x_wconf 86' lang='lat'>16</span> <span class='ocrx_word' id='word_1_368' title='bbox 1523 4273 1645 4327; x_wconf 89' lang='grc' dir='ltr'>δέον</span> <span class='ocrx_word' id='word_1_369' title='bbox 1679 4272 1913 4326; x_wconf 89' lang='grc' dir='ltr'>συνιδεῖν</span> 
     </span>
    </p>
   </div>
   <div class='ocr_carea' id='block_1_48' title="bbox 310 4354 1915 4429">
    <p class='ocr_par' dir='ltr' id='par_1_48' title="bbox 310 4354 1915 4429">
     <span class='ocr_line' id='line_1_48' title="bbox 310 4354 1915 4429; baseline 0.002 -21"><span class='ocrx_word' id='word_1_370' title='bbox 310 4355 414 4408; x_wconf 85' lang='grc' dir='ltr'>οὐκ</span> <span class='ocrx_word' id='word_1_371' title='bbox 463 4354 725 4427; x_wconf 72' lang='grc' dir='ltr'>ἠδυνήθη,</span> <span class='ocrx_word' id='word_1_372' title='bbox 778 4356 874 4408; x_wconf 77' lang='grc' dir='ltr'>καὶ</span> <span class='ocrx_word' id='word_1_373' title='bbox 913 4356 996 4409; x_wconf 86' lang='grc' dir='ltr'>ὄτι</span> <span class='ocrx_word' id='word_1_374' title='bbox 1048 4357 1148 4427; x_wconf 80' lang='grc' dir='ltr'>τὴν</span> <span class='ocrx_word' id='word_1_375' title='bbox 1179 4356 1469 4428; x_wconf 76' lang='grc' dir='ltr'>διόρθωσιν</span> <span class='ocrx_word' id='word_1_376' title='bbox 1508 4357 1728 4422; x_wconf 77' lang='grc' dir='ltr'>ἐδέξατο</span> <span class='ocrx_word' id='word_1_377' title='bbox 1763 4356 1915 4429; x_wconf 82' lang='grc' dir='ltr'>παρᾶ</span> 
     </span>
    </p>
   </div>
   <div class='ocr_carea' id='block_1_49' title="bbox 309 4437 1914 4515">
    <p class='ocr_par' dir='ltr' id='par_1_49' title="bbox 309 4437 1914 4515">
     <span class='ocr_line' id='line_1_49' title="bbox 309 4437 1914 4515; baseline 0.002 -21"><span class='ocrx_word' id='word_1_378' title='bbox 309 4437 409 4494; x_wconf 80' lang='grc' dir='ltr'>τοῦ</span> <span class='ocrx_word' id='word_1_379' title='bbox 434 4437 720 4509; x_wconf 79' lang='grc' dir='ltr'>κηδεστοῦ.</span> <span class='ocrx_word' id='word_1_380' title='bbox 757 4439 950 4511; x_wconf 80' lang='grc' dir='ltr'>Ἡμεῖς</span> <span class='ocrx_word' id='word_1_381' title='bbox 981 4439 1060 4507; x_wconf 70' lang='grc' dir='ltr'>δὲ,</span> <span class='ocrx_word' id='word_1_382' title='bbox 1093 4439 1190 4495; x_wconf 78' lang='grc' dir='ltr'>ἐὰν</span> <span class='ocrx_word' id='word_1_383' title='bbox 1219 4440 1511 4513; x_wconf 76' lang='grc' dir='ltr'>ᾷνθρωπον</span> <span class='ocrx_word' id='word_1_384' title='bbox 1532 4443 1737 4515; x_wconf 72' lang='grc' dir='ltr'>ῖδωμεν</span> <span class='ocrx_word' id='word_1_385' title='bbox 1768 4459 1914 4514; x_wconf 85' lang='grc' dir='ltr'>παρ-</span> 
     </span>
    </p>
   </div>
   <div class='ocr_carea' id='block_1_50' title="bbox 309 4523 1916 4598">
    <p class='ocr_par' dir='ltr' id='par_1_50' title="bbox 309 4523 1916 4598">
     <span class='ocr_line' id='line_1_50' title="bbox 309 4523 1916 4598; baseline 0.002 -20"><span class='ocrx_word' id='word_1_386' title='bbox 309 4523 443 4578; x_wconf 81' lang='grc' dir='ltr'>όντα</span> <span class='ocrx_word' id='word_1_387' title='bbox 476 4523 854 4595; x_wconf 71' lang='grc' dir='ltr'>ἐλεγχομένων</span> <span class='ocrx_word' id='word_1_388' title='bbox 883 4523 1042 4596; x_wconf 81' lang='grc' dir='ltr'>ήμῶν</span> <span class='ocrx_word' id='word_1_389' title='bbox 1083 4525 1181 4578; x_wconf 76' lang='grc' dir='ltr'>καὶ</span> <span class='ocrx_word' id='word_1_390' title='bbox 1210 4525 1636 4598; x_wconf 80' lang='grc' dir='ltr'>διορθουμένων,</span> <span class='ocrx_word' id='word_1_391' title='bbox 1671 4526 1916 4595; x_wconf 82' lang='grc' dir='ltr'>ἰλιγγιῶ-</span> 
     </span>
    </p>
   </div>
   <div class='ocr_carea' id='block_1_51' title="bbox 315 4606 1916 4684">
    <p class='ocr_par' dir='ltr' id='par_1_51' title="bbox 315 4606 1916 4684">
     <span class='ocr_line' id='line_1_51' title="bbox 315 4606 1916 4684; baseline 0.003 -23"><span class='ocrx_word' id='word_1_392' title='bbox 315 4623 440 4678; x_wconf 87' lang='grc' dir='ltr'>μεν,</span> <span class='ocrx_word' id='word_1_393' title='bbox 471 4606 828 4684; x_wconf 72' lang='grc' dir='ltr'>ἐξιστάμεθα,</span> <span class='ocrx_word' id='word_1_394' title='bbox 859 4608 1158 4680; x_wconf 76' lang='grc' dir='ltr'>νομίζομεν</span> <span class='ocrx_word' id='word_1_395' title='bbox 1178 4611 1277 4681; x_wconf 77' lang='grc' dir='ltr'>τῆς</span> <span class='ocrx_word' id='word_1_396' title='bbox 1309 4609 1458 4681; x_wconf 73' lang='grc' dir='ltr'>ζωῆς</span> <span class='ocrx_word' id='word_1_397' title='bbox 1495 4611 1916 4666; x_wconf 78' lang='grc' dir='ltr'>ἐκπεπτωκέναι</span> 
     </span>
    </p>
   </div>
   <div class='ocr_carea' id='block_1_52' title="bbox 313 4687 1918 4767">
    <p class='ocr_par' dir='ltr' id='par_1_52' title="bbox 313 4687 1918 4767">
     <span class='ocr_line' id='line_1_52' title="bbox 313 4687 1918 4767; baseline 0.002 -23"><span class='ocrx_word' id='word_1_398' title='bbox 313 4687 518 4761; x_wconf 69' lang='grc' dir='ltr'>πάσης.</span> <span class='ocrx_word' id='word_1_399' title='bbox 583 4689 725 4743; x_wconf 88' lang='grc' dir='ltr'>Ἀλλ’</span> <span class='ocrx_word' id='word_1_400' title='bbox 776 4691 879 4748; x_wconf 79' lang='grc' dir='ltr'>οὐκ</span> <span class='ocrx_word' id='word_1_401' title='bbox 912 4693 1156 4757; x_wconf 79' lang='grc' dir='ltr'>ἐκεῖνος’</span> <span class='ocrx_word' id='word_1_402' title='bbox 1195 4693 1311 4747; x_wconf 77' lang='grc' dir='ltr'>ἀλλ’</span> <span class='ocrx_word' id='word_1_403' title='bbox 1339 4695 1487 4766; x_wconf 78' lang='grc' dir='ltr'>ὁρῶν</span> <span class='ocrx_word' id='word_1_404' title='bbox 1525 4695 1800 4758; x_wconf 76' lang='grc' dir='ltr'>τοσαύτας</span> <span class='ocrx_word' id='word_1_405' title='bbox 1835 4714 1918 4767; x_wconf 80' lang='grc' dir='ltr'>χιο</span> 
     </span>
    </p>
   </div>
   <div class='ocr_carea' id='block_1_53' title="bbox 310 4773 1918 4849">
    <p class='ocr_par' dir='ltr' id='par_1_53' title="bbox 310 4773 1918 4849">
     <span class='ocr_line' id='line_1_53' title="bbox 310 4773 1918 4849; baseline 0.003 -22"><span class='ocrx_word' id='word_1_406' title='bbox 310 4773 501 4838; x_wconf 89' lang='grc' dir='ltr'>λιάδας</span> <span class='ocrx_word' id='word_1_407' title='bbox 526 4773 812 4847; x_wconf 83' lang='grc' dir='ltr'>παρούσας</span> <span class='ocrx_word' id='word_1_408' title='bbox 841 4775 943 4830; x_wconf 82' lang='grc' dir='ltr'>οὐκ</span> <span class='ocrx_word' id='word_1_409' title='bbox 964 4775 1294 4848; x_wconf 73' lang='grc' dir='ltr'>ἠρυθρίασε,</span> <span class='ocrx_word' id='word_1_410' title='bbox 1325 4779 1526 4849; x_wconf 80' lang='grc' dir='ltr'>μᾶλλον</span> <span class='ocrx_word' id='word_1_411' title='bbox 1552 4779 1609 4832; x_wconf 80' lang='grc' dir='ltr'>δὲ</span> <span class='ocrx_word' id='word_1_412' title='bbox 1644 4779 1918 4843; x_wconf 86' lang='grc' dir='ltr'>τοσαύτας</span> 
     </span>
    </p>
   </div>
   <div class='ocr_carea' id='block_1_54' title="bbox 317 4858 1918 4934">
    <p class='ocr_par' dir='ltr' id='par_1_54' title="bbox 317 4858 1918 4934">
     <span class='ocr_line' id='line_1_54' title="bbox 317 4858 1918 4934; baseline 0.004 -25"><span class='ocrx_word' id='word_1_413' title='bbox 317 4858 588 4930; x_wconf 86' lang='grc' dir='ltr'>μυριάδας</span> <span class='ocrx_word' id='word_1_414' title='bbox 623 4859 768 4920; x_wconf 89' lang='grc' dir='ltr'>τότε,</span> <span class='ocrx_word' id='word_1_415' title='bbox 821 4859 922 4923; x_wconf 67' lang='grc' dir='ltr'>τὰς</span> <span class='ocrx_word' id='word_1_416' title='bbox 949 4861 1008 4926; x_wconf 79' lang='grc' dir='ltr'>ἐξ</span> <span class='ocrx_word' id='word_1_417' title='bbox 1039 4861 1250 4914; x_wconf 81' lang='grc' dir='ltr'>ἐκείνου</span> <span class='ocrx_word' id='word_1_418' title='bbox 1301 4863 1467 4934; x_wconf 84' lang='grc' dir='ltr'>μέχρι</span> <span class='ocrx_word' id='word_1_419' title='bbox 1504 4863 1601 4916; x_wconf 91' lang='grc' dir='ltr'>νῦν</span> <span class='ocrx_word' id='word_1_420' title='bbox 1641 4863 1784 4917; x_wconf 84' lang='grc' dir='ltr'>κατὰ</span> <span class='ocrx_word' id='word_1_421' title='bbox 1815 4863 1918 4933; x_wconf 81' lang='grc' dir='ltr'>τὴν</span> 
     </span>
    </p>
   </div>
   <div class='ocr_carea' id='block_1_55' title="bbox 314 4949 1918 5029">
    <p class='ocr_par' dir='ltr' id='par_1_55' title="bbox 314 4949 1918 5029">
     <span class='ocr_line' id='line_1_55' title="bbox 314 4949 1918 5029; baseline -0.002 -25"><span class='ocrx_word' id='word_1_422' title='bbox 314 4951 422 5021; x_wconf 80' lang='grc' dir='ltr'>γῆν</span> <span class='ocrx_word' id='word_1_423' title='bbox 451 4949 695 5015; x_wconf 72' lang='grc' dir='ltr'>ἃπασαν,</span> <span class='ocrx_word' id='word_1_424' title='bbox 735 4951 875 5004; x_wconf 88' lang='grc' dir='ltr'>ἀλλά</span> <span class='ocrx_word' id='word_1_425' title='bbox 906 4953 1171 5024; x_wconf 78' lang='grc' dir='ltr'>κηρύττει</span> <span class='ocrx_word' id='word_1_426' title='bbox 1196 4957 1331 5008; x_wconf 82' lang='grc' dir='ltr'>πᾶσι</span> <span class='ocrx_word' id='word_1_427' title='bbox 1365 4954 1486 5008; x_wconf 86' lang='grc' dir='ltr'>καθ’</span> <span class='ocrx_word' id='word_1_428' title='bbox 1511 4955 1752 5027; x_wconf 80' lang='grc' dir='ltr'>ἑκάστην</span> <span class='ocrx_word' id='word_1_429' title='bbox 1781 4959 1918 5029; x_wconf 73' lang='grc' dir='ltr'>ἡμέ-</span> 
     </span>
    </p>
   </div>
   <div class='ocr_carea' id='block_1_56' title="bbox 318 5034 1917 5108">
    <p class='ocr_par' dir='ltr' id='par_1_56' title="bbox 318 5034 1917 5108">
     <span class='ocr_line' id='line_1_56' title="bbox 318 5034 1917 5108; baseline 0.005 -20"><span class='ocrx_word' id='word_1_430' title='bbox 318 5052 421 5107; x_wconf 90' lang='grc' dir='ltr'>ραν</span> <span class='ocrx_word' id='word_1_431' title='bbox 449 5034 537 5089; x_wconf 76' lang='grc' dir='ltr'>διὰ</span> <span class='ocrx_word' id='word_1_432' title='bbox 568 5035 678 5088; x_wconf 81' lang='grc' dir='ltr'>τῶν</span> <span class='ocrx_word' id='word_1_433' title='bbox 707 5037 1078 5107; x_wconf 87' lang='grc' dir='ltr'>γραμμάτων,</span> <span class='ocrx_word' id='word_1_434' title='bbox 1107 5039 1190 5091; x_wconf 84' lang='grc' dir='ltr'>ὅτι</span> <span class='ocrx_word' id='word_1_435' title='bbox 1210 5039 1350 5108; x_wconf 84' lang='grc' dir='ltr'>ὅπερ</span> <span class='ocrx_word' id='word_1_436' title='bbox 1389 5041 1554 5104; x_wconf 76' lang='grc' dir='ltr'>αὐτὸς</span> <span class='ocrx_word' id='word_1_437' title='bbox 1590 5043 1650 5094; x_wconf 85' lang='grc' dir='ltr'>ού</span> <span class='ocrx_word' id='word_1_438' title='bbox 1686 5043 1917 5108; x_wconf 82' lang='grc' dir='ltr'>συνεῖδε,</span> 
     </span>
    </p>
   </div>
   <div class='ocr_carea' id='block_1_57' title="bbox 315 5117 1922 5189">
    <p class='ocr_par' dir='ltr' id='par_1_57' title="bbox 315 5117 1922 5189">
     <span class='ocr_line' id='line_1_57' title="bbox 315 5117 1922 5189; baseline 0.005 -18"><span class='ocrx_word' id='word_1_439' title='bbox 315 5117 477 5171; x_wconf 89' lang='grc' dir='ltr'>τοῦτο</span> <span class='ocrx_word' id='word_1_440' title='bbox 511 5120 539 5172; x_wconf 89' lang='lat'>6</span> <span class='ocrx_word' id='word_1_441' title='bbox 569 5119 840 5189; x_wconf 84' lang='grc' dir='ltr'>κηδεστής</span> <span class='ocrx_word' id='word_1_442' title='bbox 889 5120 1120 5176; x_wconf 88' lang='grc' dir='ltr'>συνεῖδε.</span> <span class='ocrx_word' id='word_1_443' title='bbox 1157 5122 1201 5174; x_wconf 90' lang='grc' dir='ltr'><strong>Τ</strong></span> <span class='ocrx_word' id='word_1_444' title='bbox 1207 5123 1315 5185; x_wconf 88' lang='grc' dir='ltr'>ίνος</span> <span class='ocrx_word' id='word_1_445' title='bbox 1365 5119 1459 5177; x_wconf 85' lang='grc' dir='ltr'>οῦν</span> <span class='ocrx_word' id='word_1_446' title='bbox 1521 5124 1708 5178; x_wconf 74' lang='grc' dir='ltr'>ἕνεκεν</span> <span class='ocrx_word' id='word_1_447' title='bbox 1763 5125 1922 5179; x_wconf 91' lang='grc' dir='ltr'>τοῦτο</span> 
     </span>
    </p>
   </div>
   <div class='ocr_carea' id='block_1_58' title="bbox 315 5201 1920 5280">
    <p class='ocr_par' dir='ltr' id='par_1_58' title="bbox 315 5201 1920 5280">
     <span class='ocr_line' id='line_1_58' title="bbox 315 5201 1920 5280; baseline 0.006 -25"><span class='ocrx_word' id='word_1_448' title='bbox 315 5201 561 5273; x_wconf 81' lang='grc' dir='ltr'>ἐποίησε,</span> <span class='ocrx_word' id='word_1_449' title='bbox 589 5202 684 5255; x_wconf 72' lang='grc' dir='ltr'>καὶ</span> <span class='ocrx_word' id='word_1_450' title='bbox 725 5205 913 5274; x_wconf 79' lang='grc' dir='ltr'>μνήμῃ</span> <span class='ocrx_word' id='word_1_451' title='bbox 947 5205 1235 5275; x_wconf 88' lang='grc' dir='ltr'>παρέδωκε</span> <span class='ocrx_word' id='word_1_452' title='bbox 1266 5206 1326 5259; x_wconf 91' lang='lat'>16</span> <span class='ocrx_word' id='word_1_453' title='bbox 1355 5209 1728 5280; x_wconf 84' lang='grc' dir='ltr'>γεγενημένον</span> <span class='ocrx_word' id='word_1_454' title='bbox 1756 5227 1768 5273; x_wconf 94' lang='grc'><strong>;</strong></span> <span class='ocrx_word' id='word_1_455' title='bbox 1801 5212 1920 5264; x_wconf 86' lang='grc' dir='ltr'>Ἵνα</span> 
     </span>
    </p>
   </div>
   <div class='ocr_carea' id='block_1_59' title="bbox 317 5286 1920 5363">
    <p class='ocr_par' dir='ltr' id='par_1_59' title="bbox 317 5286 1920 5363">
     <span class='ocr_line' id='line_1_59' title="bbox 317 5286 1920 5363; baseline 0.007 -27"><span class='ocrx_word' id='word_1_456' title='bbox 317 5287 467 5355; x_wconf 83' lang='grc' dir='ltr'>ήμᾶς</span> <span class='ocrx_word' id='word_1_457' title='bbox 495 5286 660 5356; x_wconf 78' lang='grc' dir='ltr'>πείσῃ</span> <span class='ocrx_word' id='word_1_458' title='bbox 700 5286 970 5356; x_wconf 82' lang='grc' dir='ltr'>μηδέποτε</span> <span class='ocrx_word' id='word_1_459' title='bbox 999 5290 1086 5354; x_wconf 85' lang='grc' dir='ltr'>ἐφ’</span> <span class='ocrx_word' id='word_1_460' title='bbox 1119 5290 1336 5354; x_wconf 80' lang='grc' dir='ltr'>ἑαυτοῖς</span> <span class='ocrx_word' id='word_1_461' title='bbox 1367 5294 1510 5360; x_wconf 86' lang='grc' dir='ltr'>μέγα</span> <span class='ocrx_word' id='word_1_462' title='bbox 1547 5297 1788 5363; x_wconf 79' lang='grc' dir='ltr'>φρονεῖν,</span> <span class='ocrx_word' id='word_1_463' title='bbox 1818 5295 1920 5348; x_wconf 79' lang='grc' dir='ltr'>κᾶν</span> 
     </span>
    </p>
   </div>
   <div class='ocr_carea' id='block_1_60' title="bbox 320 5363 1920 5450">
    <p class='ocr_par' dir='ltr' id='par_1_60' title="bbox 320 5363 1920 5450">
     <span class='ocr_line' id='line_1_60' title="bbox 320 5363 1920 5450; baseline 0.006 -28"><span class='ocrx_word' id='word_1_464' title='bbox 320 5369 576 5422; x_wconf 86' lang='grc' dir='ltr'>ἀπάντων</span> <span class='ocrx_word' id='word_1_465' title='bbox 611 5363 763 5439; x_wconf 77' lang='grc' dir='ltr'>ὦμεν</span> <span class='ocrx_word' id='word_1_466' title='bbox 793 5371 1117 5443; x_wconf 81' lang='grc' dir='ltr'>σοφώτεροι,</span> <span class='ocrx_word' id='word_1_467' title='bbox 1159 5373 1294 5444; x_wconf 84' lang='grc' dir='ltr'>μηδὲ</span> <span class='ocrx_word' id='word_1_468' title='bbox 1337 5376 1629 5446; x_wconf 74' lang='grc' dir='ltr'>ἀτιμάζειν</span> <span class='ocrx_word' id='word_1_469' title='bbox 1659 5378 1757 5442; x_wconf 78' lang='grc' dir='ltr'>τὰς</span> <span class='ocrx_word' id='word_1_470' title='bbox 1789 5377 1920 5450; x_wconf 72' lang='grc' dir='ltr'>παρ’</span> 
     </span>
    </p>
   </div>
   <div class='ocr_carea' id='block_1_61' title="bbox 321 5452 1919 5535">
    <p class='ocr_par' dir='ltr' id='par_1_61' title="bbox 321 5452 1919 5535">
     <span class='ocr_line' id='line_1_61' title="bbox 321 5452 1919 5535; baseline 0.009 -30"><span class='ocrx_word' id='word_1_471' title='bbox 321 5453 526 5523; x_wconf 84' lang='grc' dir='ltr'>ἐτέρων</span> <span class='ocrx_word' id='word_1_472' title='bbox 556 5454 912 5524; x_wconf 85' lang='grc' dir='ltr'>συμϐουλίας,</span> <span class='ocrx_word' id='word_1_473' title='bbox 943 5455 1046 5510; x_wconf 80' lang='grc' dir='ltr'>κᾶν</span> <span class='ocrx_word' id='word_1_474' title='bbox 1070 5458 1328 5512; x_wconf 82' lang='grc' dir='ltr'>ἁπάντων</span> <span class='ocrx_word' id='word_1_475' title='bbox 1355 5452 1490 5513; x_wconf 79' lang='grc' dir='ltr'>ὦσιν</span> <span class='ocrx_word' id='word_1_476' title='bbox 1524 5463 1919 5535; x_wconf 77' lang='grc' dir='ltr'>εὐτελέστεροι.</span> 
     </span>
    </p>
   </div>
   <div class='ocr_carea' id='block_1_62' title="bbox 322 5537 1924 5616">
    <p class='ocr_par' dir='ltr' id='par_1_62' title="bbox 322 5537 1924 5616">
     <span class='ocr_line' id='line_1_62' title="bbox 322 5537 1924 5616; baseline 0.005 -26"><span class='ocrx_word' id='word_1_477' title='bbox 322 5539 420 5592; x_wconf 78' lang='grc' dir='ltr'>Ἂν</span> <span class='ocrx_word' id='word_1_478' title='bbox 459 5537 577 5616; x_wconf 7' lang='grc' dir='ltr'>μὲν,</span> <span class='ocrx_word' id='word_1_479' title='bbox 603 5538 714 5608; x_wconf 87' lang='grc' dir='ltr'>γάρ</span> <span class='ocrx_word' id='word_1_480' title='bbox 742 5557 796 5592; x_wconf 90' lang='grc' dir='ltr'>τι</span> <span class='ocrx_word' id='word_1_481' title='bbox 851 5539 962 5593; x_wconf 84' lang='grc' dir='ltr'>τῶν</span> <span class='ocrx_word' id='word_1_482' title='bbox 989 5539 1222 5594; x_wconf 80' lang='grc' dir='ltr'>δεόντων</span> <span class='ocrx_word' id='word_1_483' title='bbox 1257 5543 1640 5616; x_wconf 84' lang='grc' dir='ltr'>συμϐουλεύσῃ</span> <span class='ocrx_word' id='word_1_484' title='bbox 1671 5563 1776 5610; x_wconf 89' lang='grc' dir='ltr'>τις,</span> <span class='ocrx_word' id='word_1_485' title='bbox 1819 5549 1924 5602; x_wconf 78' lang='grc' dir='ltr'>κᾶν</span> 
     </span>
    </p>
   </div>
   <div class='ocr_carea' id='block_1_63' title="bbox 320 5615 1924 5696">
    <p class='ocr_par' dir='ltr' id='par_1_63' title="bbox 320 5615 1924 5696">
     <span class='ocr_line' id='line_1_63' title="bbox 320 5615 1924 5696; baseline 0.005 -21"><span class='ocrx_word' id='word_1_486' title='bbox 320 5620 542 5692; x_wconf 85' lang='grc' dir='ltr'>οἰκέτης</span> <span class='ocrx_word' id='word_1_487' title='bbox 563 5615 619 5693; x_wconf 84' lang='grc' dir='ltr'>ᾗ,</span> <span class='ocrx_word' id='word_1_488' title='bbox 659 5621 811 5686; x_wconf 79' lang='grc' dir='ltr'>δέξαι</span> <span class='ocrx_word' id='word_1_489' title='bbox 843 5623 944 5694; x_wconf 74' lang='grc' dir='ltr'>τήν</span> <span class='ocrx_word' id='word_1_490' title='bbox 982 5625 1310 5696; x_wconf 87' lang='grc' dir='ltr'>παραίνεσιν</span> <span class='ocrx_word' id='word_1_491' title='bbox 1333 5641 1346 5654; x_wconf 83' lang='grc'><em>’</em></span> <span class='ocrx_word' id='word_1_492' title='bbox 1391 5627 1457 5680; x_wconf 81' lang='grc' dir='ltr'>ἂν</span> <span class='ocrx_word' id='word_1_493' title='bbox 1487 5628 1544 5681; x_wconf 79' lang='grc' dir='ltr'>δέ</span> <span class='ocrx_word' id='word_1_494' title='bbox 1585 5615 1639 5680; x_wconf 85' lang='grc' dir='ltr'>τι</span> <span class='ocrx_word' id='word_1_495' title='bbox 1665 5629 1774 5682; x_wconf 82' lang='grc' dir='ltr'>τῶν</span> <span class='ocrx_word' id='word_1_496' title='bbox 1807 5630 1924 5684; x_wconf 79' lang='grc' dir='ltr'>ὀλε-</span> 
     </span>
    </p>
   </div>
   <div class='ocr_carea' id='block_1_64' title="bbox 322 5705 1925 5784">
    <p class='ocr_par' dir='ltr' id='par_1_64' title="bbox 322 5705 1925 5784">
     <span class='ocr_line' id='line_1_64' title="bbox 322 5705 1925 5784; baseline 0.007 -28"><span class='ocrx_word' id='word_1_497' title='bbox 322 5705 514 5774; x_wconf 87' lang='grc' dir='ltr'>θρίων,</span> <span class='ocrx_word' id='word_1_498' title='bbox 543 5705 647 5759; x_wconf 83' lang='grc' dir='ltr'>κᾶν</span> <span class='ocrx_word' id='word_1_499' title='bbox 679 5708 736 5758; x_wconf 87' lang='grc' dir='ltr'>ἐν</span> <span class='ocrx_word' id='word_1_500' title='bbox 756 5707 1030 5778; x_wconf 76' lang='grc' dir='ltr'>ἀξιώματι</span> <span class='ocrx_word' id='word_1_501' title='bbox 1055 5712 1301 5780; x_wconf 78' lang='grc' dir='ltr'>τυγχάνῃ</span> <span class='ocrx_word' id='word_1_502' title='bbox 1333 5710 1596 5780; x_wconf 82' lang='grc' dir='ltr'>μεγίστῳ,</span> <span class='ocrx_word' id='word_1_503' title='bbox 1629 5713 1925 5784; x_wconf 72' lang='grc' dir='ltr'>παράπεμο</span> 
     </span>
    </p>
   </div>
   <div class='ocr_carea' id='block_1_65' title="bbox 322 5791 1924 5869">
    <p class='ocr_par' dir='ltr' id='par_1_65' title="bbox 322 5791 1924 5869">
     <span class='ocr_line' id='line_1_65' title="bbox 322 5791 1924 5869; baseline 0.006 -24"><span class='ocrx_word' id='word_1_504' title='bbox 322 5791 418 5864; x_wconf 61' lang='lat' dir='ltr'>qm</span> <span class='ocrx_word' id='word_1_505' title='bbox 444 5792 542 5864; x_wconf 76' lang='grc' dir='ltr'>τήν</span> <span class='ocrx_word' id='word_1_506' title='bbox 563 5791 790 5865; x_wconf 85' lang='grc' dir='ltr'>γνώμην</span> <span class='ocrx_word' id='word_1_507' title='bbox 815 5811 827 5822; x_wconf 90' lang='grc'><strong>·</strong></span> <span class='ocrx_word' id='word_1_508' title='bbox 863 5795 927 5847; x_wconf 80' lang='grc' dir='ltr'>ού</span> <span class='ocrx_word' id='word_1_509' title='bbox 963 5793 1074 5865; x_wconf 83' lang='grc' dir='ltr'>γὰρ</span> <span class='ocrx_word' id='word_1_510' title='bbox 1105 5797 1171 5865; x_wconf 76' lang='grc' dir='ltr'>τῇ</span> <span class='ocrx_word' id='word_1_511' title='bbox 1207 5796 1456 5867; x_wconf 79' lang='grc' dir='ltr'>ποιότητι</span> <span class='ocrx_word' id='word_1_512' title='bbox 1481 5799 1590 5851; x_wconf 82' lang='grc' dir='ltr'>τῶν</span> <span class='ocrx_word' id='word_1_513' title='bbox 1616 5799 1924 5869; x_wconf 80' lang='grc' dir='ltr'>προσώπων</span> 
     </span>
    </p>
   </div>
   <div class='ocr_carea' id='block_1_66' title="bbox 931 338 2965 422">
    <p class='ocr_par' dir='ltr' id='par_1_66' title="bbox 931 338 2965 422">
     <span class='ocr_line' id='line_1_66' title="bbox 931 338 2965 422; baseline -0.015 0"><span class='ocrx_word' id='word_1_514' title='bbox 931 369 1018 422; x_wconf 82' lang='lat' dir='ltr'>DE</span> <span class='ocrx_word' id='word_1_515' title='bbox 1057 358 1406 419; x_wconf 76' lang='lat' dir='ltr'>FERENMS</span> <span class='ocrx_word' id='word_1_516' title='bbox 1447 348 1882 410; x_wconf 73' lang='lat' dir='ltr'>REI’REIIENS.</span> <span class='ocrx_word' id='word_1_517' title='bbox 1917 349 2009 404; x_wconf 77' lang='lat' dir='ltr'>ET</span> <span class='ocrx_word' id='word_1_518' title='bbox 2048 347 2136 403; x_wconf 84' lang='lat' dir='ltr'>DE</span> <span class='ocrx_word' id='word_1_519' title='bbox 2177 344 2440 402; x_wconf 76' lang='lat' dir='ltr'>MUTAT.</span> <span class='ocrx_word' id='word_1_520' title='bbox 2484 340 2830 400; x_wconf 71' lang='lat' dir='ltr'>NOMINUM.</span> <span class='ocrx_word' id='word_1_521' title='bbox 2875 338 2965 396; x_wconf 80' lang='lat' dir='ltr'><strong>lll.</strong></span> 
     </span>
    </p>
   </div>
   <div class='ocr_carea' id='block_1_67' title="bbox 1985 461 3593 539">
    <p class='ocr_par' dir='ltr' id='par_1_67' title="bbox 1985 461 3593 539">
     <span class='ocr_line' id='line_1_67' title="bbox 1985 461 3593 539; baseline 0.004 -19"><span class='ocrx_word' id='word_1_522' title='bbox 1985 467 2098 522; x_wconf 82' lang='grc' dir='ltr'>τῶν</span> <span class='ocrx_word' id='word_1_523' title='bbox 2130 468 2637 539; x_wconf 81' lang='grc' dir='ltr'>συμϐουλευόντων,</span> <span class='ocrx_word' id='word_1_524' title='bbox 2675 468 2793 522; x_wconf 81' lang='grc' dir='ltr'>ἀλλ’</span> <span class='ocrx_word' id='word_1_525' title='bbox 2821 469 2961 538; x_wconf 77' lang='grc' dir='ltr'>αὐτῇ</span> <span class='ocrx_word' id='word_1_526' title='bbox 3025 467 3128 538; x_wconf 77' lang='grc' dir='ltr'>τῆς</span> <span class='ocrx_word' id='word_1_527' title='bbox 3183 461 3503 534; x_wconf 68' lang='grc' dir='ltr'>συμδουλῗςς</span> <span class='ocrx_word' id='word_1_528' title='bbox 3527 465 3593 534; x_wconf 66' lang='grc' dir='ltr'>τῇ</span> 
     </span>
    </p>
   </div>
   <div class='ocr_carea' id='block_1_68' title="bbox 1988 543 3589 624">
    <p class='ocr_par' dir='ltr' id='par_1_68' title="bbox 1988 543 3589 624">
     <span class='ocr_line' id='line_1_68' title="bbox 1988 543 3589 624; baseline -0.004 -21"><span class='ocrx_word' id='word_1_529' title='bbox 1988 548 2150 617; x_wconf 84' lang='grc' dir='ltr'>φύσει</span> <span class='ocrx_word' id='word_1_530' title='bbox 2181 551 2473 624; x_wconf 81' lang='grc' dir='ltr'>προσέχειν</span> <span class='ocrx_word' id='word_1_531' title='bbox 2507 552 2591 604; x_wconf 88' lang='grc' dir='ltr'>δεῖ</span> <span class='ocrx_word' id='word_1_532' title='bbox 2610 551 2914 622; x_wconf 86' lang='grc' dir='ltr'>πανταχοῦ.</span> <span class='ocrx_word' id='word_1_533' title='bbox 2951 552 3133 620; x_wconf 82' lang='grc' dir='ltr'>Ὅπερ</span> <span class='ocrx_word' id='word_1_534' title='bbox 3168 543 3262 601; x_wconf 78' lang='grc' dir='ltr'>οῦν</span> <span class='ocrx_word' id='word_1_535' title='bbox 3297 547 3392 599; x_wconf 67' lang='grc' dir='ltr'>καὶ</span> <span class='ocrx_word' id='word_1_536' title='bbox 3423 546 3589 598; x_wconf 61' lang='lat' dir='ltr'>Mum-</span> 
     </span>
    </p>
   </div>
   <div class='ocr_carea' id='block_1_69' title="bbox 1992 627 3596 705">
    <p class='ocr_par' dir='ltr' id='par_1_69' title="bbox 1992 627 3596 705">
     <span class='ocr_line' id='line_1_69' title="bbox 1992 627 3596 705; baseline -0.004 -21"><span class='ocrx_word' id='word_1_537' title='bbox 1992 631 2092 702; x_wconf 76' lang='grc' dir='ltr'>σῆς</span> <span class='ocrx_word' id='word_1_538' title='bbox 2118 634 2367 704; x_wconf 86' lang='grc' dir='ltr'>ἐποίησε,</span> <span class='ocrx_word' id='word_1_539' title='bbox 2396 633 2675 688; x_wconf 83' lang='grc' dir='ltr'>παιδεύων</span> <span class='ocrx_word' id='word_1_540' title='bbox 2702 635 2854 704; x_wconf 75' lang='grc' dir='ltr'>ἡμᾶς</span> <span class='ocrx_word' id='word_1_541' title='bbox 2885 633 2962 704; x_wconf 79' lang='grc' dir='ltr'>μὴ</span> <span class='ocrx_word' id='word_1_542' title='bbox 3005 633 3138 705; x_wconf 81' lang='grc' dir='ltr'>ἐρυθ</span> <span class='ocrx_word' id='word_1_543' title='bbox 3148 633 3271 702; x_wconf 78' lang='grc' dir='ltr'>ριᾷν</span> <span class='ocrx_word' id='word_1_544' title='bbox 3301 627 3596 698; x_wconf 83' lang='grc' dir='ltr'>ἐλεγχομέ-</span> 
     </span>
    </p>
   </div>
   <div class='ocr_carea' id='block_1_70' title="bbox 1990 713 3598 790">
    <p class='ocr_par' dir='ltr' id='par_1_70' title="bbox 1990 713 3598 790">
     <span class='ocr_line' id='line_1_70' title="bbox 1990 713 3598 790; baseline -0.004 -20"><span class='ocrx_word' id='word_1_545' title='bbox 1990 735 2136 781; x_wconf 88' lang='grc' dir='ltr'>νους,</span> <span class='ocrx_word' id='word_1_546' title='bbox 2195 719 2302 781; x_wconf 69' lang='grc' dir='ltr'>κᾶν</span> <span class='ocrx_word' id='word_1_547' title='bbox 2352 719 2650 790; x_wconf 76' lang='grc' dir='ltr'>ὁλόκληρος</span> <span class='ocrx_word' id='word_1_548' title='bbox 2680 721 2816 789; x_wconf 87' lang='grc' dir='ltr'>ήμῖν</span> <span class='ocrx_word' id='word_1_549' title='bbox 2847 719 3025 788; x_wconf 78' lang='grc' dir='ltr'>δῆμος</span> <span class='ocrx_word' id='word_1_550' title='bbox 3070 718 3238 788; x_wconf 79' lang='grc' dir='ltr'>παρῇ.</span> <span class='ocrx_word' id='word_1_551' title='bbox 3288 713 3598 782; x_wconf 67' lang='grc' dir='ltr'>Ἐγκώμεον</span> 
     </span>
    </p>
   </div>
   <div class='ocr_carea' id='block_1_71' title="bbox 1989 794 3600 872">
    <p class='ocr_par' dir='ltr' id='par_1_71' title="bbox 1989 794 3600 872">
     <span class='ocr_line' id='line_1_71' title="bbox 1989 794 3600 872; baseline -0.004 -18"><span class='ocrx_word' id='word_1_552' title='bbox 1989 802 2100 872; x_wconf 80' lang='grc' dir='ltr'>γὰρ</span> <span class='ocrx_word' id='word_1_553' title='bbox 2133 799 2294 854; x_wconf 87' lang='grc' dir='ltr'>τοῦτο</span> <span class='ocrx_word' id='word_1_554' title='bbox 2315 802 2578 872; x_wconf 82' lang='grc' dir='ltr'>μέγιστον</span> <span class='ocrx_word' id='word_1_555' title='bbox 2602 845 2616 868; x_wconf 91' lang='grc'>,</span> <span class='ocrx_word' id='word_1_556' title='bbox 2658 803 2754 855; x_wconf 71' lang='grc' dir='ltr'>καὶ</span> <span class='ocrx_word' id='word_1_557' title='bbox 2786 800 3010 864; x_wconf 77' lang='grc' dir='ltr'>ἔπαινος</span> <span class='ocrx_word' id='word_1_558' title='bbox 3051 800 3153 868; x_wconf 76' lang='grc' dir='ltr'>οὐχ</span> <span class='ocrx_word' id='word_1_559' title='bbox 3203 800 3230 851; x_wconf 88' lang='grc' dir='ltr'>ὁ</span> <span class='ocrx_word' id='word_1_560' title='bbox 3264 794 3466 866; x_wconf 82' lang='grc' dir='ltr'>τυχὼν,</span> <span class='ocrx_word' id='word_1_561' title='bbox 3502 795 3600 847; x_wconf 65' lang='grc' dir='ltr'>καὶ</span> 
     </span>
    </p>
   </div>
   <div class='ocr_carea' id='block_1_72' title="bbox 1992 880 3600 957">
    <p class='ocr_par' dir='ltr' id='par_1_72' title="bbox 1992 880 3600 957">
     <span class='ocr_line' id='line_1_72' title="bbox 1992 880 3600 957; baseline -0.005 -19"><span class='ocrx_word' id='word_1_562' title='bbox 1992 886 2315 956; x_wconf 72' lang='grc' dir='ltr'>φιλοσοφίας</span> <span class='ocrx_word' id='word_1_563' title='bbox 2342 887 2565 950; x_wconf 83' lang='grc' dir='ltr'>έπαινος</span> <span class='ocrx_word' id='word_1_564' title='bbox 2593 890 2693 957; x_wconf 81' lang='grc' dir='ltr'>τῆς</span> <span class='ocrx_word' id='word_1_565' title='bbox 2729 887 3014 946; x_wconf 73' lang='grc' dir='ltr'>ἀνωτάτω,</span> <span class='ocrx_word' id='word_1_566' title='bbox 3060 885 3124 936; x_wconf 85' lang='lat'>16</span> <span class='ocrx_word' id='word_1_567' title='bbox 3155 883 3345 953; x_wconf 81' lang='grc' dir='ltr'>φέρειν</span> <span class='ocrx_word' id='word_1_568' title='bbox 3376 880 3600 949; x_wconf 76' lang='grc' dir='ltr'>ἔλεγχον</span> 
     </span>
    </p>
   </div>
   <div class='ocr_carea' id='block_1_73' title="bbox 1991 962 3601 1042">
    <p class='ocr_par' dir='ltr' id='par_1_73' title="bbox 1991 962 3601 1042">
     <span class='ocr_line' id='line_1_73' title="bbox 1991 962 3601 1042; baseline -0.009 -16"><span class='ocrx_word' id='word_1_569' title='bbox 1991 973 2278 1040; x_wconf 87' lang='grc' dir='ltr'>γενναίως.</span> <span class='ocrx_word' id='word_1_570' title='bbox 2323 973 2436 1042; x_wconf 85' lang='grc' dir='ltr'>Ούχ</span> <span class='ocrx_word' id='word_1_571' title='bbox 2469 970 2615 1024; x_wconf 80' lang='grc' dir='ltr'>οὕτω</span> <span class='ocrx_word' id='word_1_572' title='bbox 2649 970 2760 1040; x_wconf 86' lang='grc' dir='ltr'>γὰρ</span> <span class='ocrx_word' id='word_1_573' title='bbox 2789 968 2883 1022; x_wconf 77' lang='grc' dir='ltr'>τὸν</span> <span class='ocrx_word' id='word_1_574' title='bbox 2926 965 3115 1038; x_wconf 80' lang='grc' dir='ltr'>’1οθὼρ</span> <span class='ocrx_word' id='word_1_575' title='bbox 3145 962 3480 1033; x_wconf 84' lang='grc' dir='ltr'>ἐπαινοῦμεν</span> <span class='ocrx_word' id='word_1_576' title='bbox 3507 963 3601 1013; x_wconf 61' lang='grc' dir='ltr'>καὶ</span> 
     </span>
    </p>
   </div>
   <div class='ocr_carea' id='block_1_74' title="bbox 1993 1045 3604 1126">
    <p class='ocr_par' dir='ltr' id='par_1_74' title="bbox 1993 1045 3604 1126">
     <span class='ocr_line' id='line_1_74' title="bbox 1993 1045 3604 1126; baseline -0.007 -18"><span class='ocrx_word' id='word_1_577' title='bbox 1993 1053 2352 1126; x_wconf 79' lang='grc' dir='ltr'>θαυμάζομεν</span> <span class='ocrx_word' id='word_1_578' title='bbox 2402 1055 2518 1119; x_wconf 89' lang='grc' dir='ltr'>νῦν,</span> <span class='ocrx_word' id='word_1_579' title='bbox 2583 1056 2665 1110; x_wconf 83' lang='grc' dir='ltr'>ὅτι</span> <span class='ocrx_word' id='word_1_580' title='bbox 2717 1054 2811 1106; x_wconf 73' lang='grc' dir='ltr'>τὸν</span> <span class='ocrx_word' id='word_1_581' title='bbox 2866 1052 3112 1107; x_wconf 83' lang='grc' dir='ltr'>Μωῦσέα</span> <span class='ocrx_word' id='word_1_582' title='bbox 3161 1045 3604 1119; x_wconf 78' lang='grc' dir='ltr'>διώρθωσεν,ὼς</span> 
     </span>
    </p>
   </div>
   <div class='ocr_carea' id='block_1_75' title="bbox 1993 1127 3598 1210">
    <p class='ocr_par' dir='ltr' id='par_1_75' title="bbox 1993 1127 3598 1210">
     <span class='ocr_line' id='line_1_75' title="bbox 1993 1127 3598 1210; baseline -0.004 -20"><span class='ocrx_word' id='word_1_583' title='bbox 1993 1137 2418 1210; x_wconf 82' lang='grc' dir='ltr'>ἐκπληττόμεθα</span> <span class='ocrx_word' id='word_1_584' title='bbox 2475 1138 2570 1191; x_wconf 78' lang='grc' dir='ltr'>τὸν</span> <span class='ocrx_word' id='word_1_585' title='bbox 2615 1138 2772 1206; x_wconf 83' lang='grc' dir='ltr'>ᾶγιον</span> <span class='ocrx_word' id='word_1_586' title='bbox 2806 1137 3039 1198; x_wconf 87' lang='grc' dir='ltr'>ἐκεῖνον,</span> <span class='ocrx_word' id='word_1_587' title='bbox 3066 1135 3151 1187; x_wconf 80' lang='grc' dir='ltr'>ὅτι</span> <span class='ocrx_word' id='word_1_588' title='bbox 3188 1131 3313 1186; x_wconf 78' lang='grc' dir='ltr'>οῦτε</span> <span class='ocrx_word' id='word_1_589' title='bbox 3349 1127 3598 1201; x_wconf 70' lang='grc' dir='ltr'>ᾐσχύνθη</span> 
     </span>
    </p>
   </div>
   <div class='ocr_carea' id='block_1_76' title="bbox 1991 1212 3604 1292">
    <p class='ocr_par' dir='ltr' id='par_1_76' title="bbox 1991 1212 3604 1292">
     <span class='ocr_line' id='line_1_76' title="bbox 1991 1212 3604 1292; baseline -0.007 -19"><span class='ocrx_word' id='word_1_590' title='bbox 1991 1220 2388 1292; x_wconf 68' lang='grc' dir='ltr'>διορθούμενος</span> <span class='ocrx_word' id='word_1_591' title='bbox 2404 1221 2678 1277; x_wconf 88' lang='grc' dir='ltr'>τοσούτων</span> <span class='ocrx_word' id='word_1_592' title='bbox 2707 1220 3014 1292; x_wconf 83' lang='grc' dir='ltr'>παρόντων,</span> <span class='ocrx_word' id='word_1_593' title='bbox 3043 1218 3141 1270; x_wconf 80' lang='grc' dir='ltr'>καὶ</span> <span class='ocrx_word' id='word_1_594' title='bbox 3191 1217 3381 1287; x_wconf 81' lang='grc' dir='ltr'>μνήμη</span> <span class='ocrx_word' id='word_1_595' title='bbox 3415 1212 3477 1264; x_wconf 87' lang='lat'>16</span> <span class='ocrx_word' id='word_1_596' title='bbox 3509 1225 3604 1279; x_wconf 85' lang='grc' dir='ltr'>γε-</span> 
     </span>
    </p>
   </div>
   <div class='ocr_carea' id='block_1_77' title="bbox 1995 1295 3605 1377">
    <p class='ocr_par' dir='ltr' id='par_1_77' title="bbox 1995 1295 3605 1377">
     <span class='ocr_line' id='line_1_77' title="bbox 1995 1295 3605 1377; baseline -0.007 -20"><span class='ocrx_word' id='word_1_597' title='bbox 1995 1305 2296 1377; x_wconf 87' lang='grc' dir='ltr'>γενημένον</span> <span class='ocrx_word' id='word_1_598' title='bbox 2329 1305 2642 1376; x_wconf 86' lang='grc' dir='ltr'>παρέδωκε,</span> <span class='ocrx_word' id='word_1_599' title='bbox 2683 1302 2774 1358; x_wconf 81' lang='grc' dir='ltr'>διὰ</span> <span class='ocrx_word' id='word_1_600' title='bbox 2805 1303 3027 1357; x_wconf 87' lang='grc' dir='ltr'>πάντων</span> <span class='ocrx_word' id='word_1_601' title='bbox 3056 1300 3157 1372; x_wconf 81' lang='grc' dir='ltr'>τήν</span> <span class='ocrx_word' id='word_1_602' title='bbox 3191 1297 3358 1353; x_wconf 78' lang='grc' dir='ltr'>αὑτοῦ</span> <span class='ocrx_word' id='word_1_603' title='bbox 3387 1295 3605 1377; x_wconf 72' lang='grc' dir='ltr'>φιλοσο-</span> 
     </span>
    </p>
   </div>
   <div class='ocr_carea' id='block_1_78' title="bbox 1997 1375 3604 1458">
    <p class='ocr_par' dir='ltr' id='par_1_78' title="bbox 1997 1375 3604 1458">
     <span class='ocr_line' id='line_1_78' title="bbox 1997 1375 3604 1458; baseline 0.003 -19"><span class='ocrx_word' id='word_1_604' title='bbox 1997 1375 2126 1457; x_wconf 84' lang='grc' dir='ltr'>φίαν</span> <span class='ocrx_word' id='word_1_605' title='bbox 2152 1387 2332 1452; x_wconf 84' lang='grc' dir='ltr'>δείξας</span> <span class='ocrx_word' id='word_1_606' title='bbox 2351 1430 2366 1452; x_wconf 95' lang='grc'>,</span> <span class='ocrx_word' id='word_1_607' title='bbox 2392 1375 2488 1441; x_wconf 80' lang='grc' dir='ltr'>καὶ</span> <span class='ocrx_word' id='word_1_608' title='bbox 2511 1389 2594 1441; x_wconf 82' lang='grc' dir='ltr'>ὅτι</span> <span class='ocrx_word' id='word_1_609' title='bbox 2627 1387 2767 1458; x_wconf 82' lang='grc' dir='ltr'>μετά</span> <span class='ocrx_word' id='word_1_610' title='bbox 2791 1383 2998 1454; x_wconf 81' lang='grc' dir='ltr'>πολλῆς</span> <span class='ocrx_word' id='word_1_611' title='bbox 3026 1383 3129 1455; x_wconf 78' lang='grc' dir='ltr'>τῆς</span> <span class='ocrx_word' id='word_1_612' title='bbox 3163 1379 3477 1452; x_wconf 73' lang='grc' dir='ltr'>ύπερῦολῆς</span> <span class='ocrx_word' id='word_1_613' title='bbox 3504 1375 3604 1445; x_wconf 69' lang='grc' dir='ltr'>τὴν</span> 
     </span>
    </p>
   </div>
   <div class='ocr_carea' id='block_1_79' title="bbox 1999 1468 3352 1542">
    <p class='ocr_par' dir='ltr' id='par_1_79' title="bbox 1999 1468 3352 1542">
     <span class='ocr_line' id='line_1_79' title="bbox 1999 1468 3352 1542; baseline -0.004 -16"><span class='ocrx_word' id='word_1_614' title='bbox 1999 1471 2151 1542; x_wconf 81' lang='grc' dir='ltr'>παρὰ</span> <span class='ocrx_word' id='word_1_615' title='bbox 2179 1471 2291 1526; x_wconf 82' lang='grc' dir='ltr'>τῶν</span> <span class='ocrx_word' id='word_1_616' title='bbox 2327 1471 2540 1526; x_wconf 83' lang='grc' dir='ltr'>πολλῶν</span> <span class='ocrx_word' id='word_1_617' title='bbox 2565 1469 2920 1542; x_wconf 79' lang='grc' dir='ltr'>κατεπάτησε</span> <span class='ocrx_word' id='word_1_618' title='bbox 2949 1468 3133 1534; x_wconf 84' lang='grc' dir='ltr'>δόξαν.</span> <span class='ocrx_word' id='word_1_619' title='bbox 3346 1495 3352 1500; x_wconf 84' lang='grc'><strong>-</strong></span> 
     </span>
    </p>
   </div>
   <div class='ocr_carea' id='block_1_80' title="bbox 2073 1589 3605 1673">
    <p class='ocr_par' dir='ltr' id='par_1_80' title="bbox 2073 1589 3605 1673">
     <span class='ocr_line' id='line_1_80' title="bbox 2073 1589 3605 1673; baseline -0.014 -13"><span class='ocrx_word' id='word_1_620' title='bbox 2073 1599 2227 1672; x_wconf 72' lang='grc'>[120]</span> <span class='ocrx_word' id='word_1_621' title='bbox 2243 1601 2310 1672; x_wconf 89' lang='grc' dir='ltr'>γ’.</span> <span class='ocrx_word' id='word_1_622' title='bbox 2340 1599 2505 1655; x_wconf 92' lang='grc' dir='ltr'>Ἀλλά</span> <span class='ocrx_word' id='word_1_623' title='bbox 2522 1599 2634 1673; x_wconf 79' lang='grc' dir='ltr'>γὰρ</span> <span class='ocrx_word' id='word_1_624' title='bbox 2658 1599 2801 1670; x_wconf 78' lang='grc' dir='ltr'>ὑπὲρ</span> <span class='ocrx_word' id='word_1_625' title='bbox 2818 1599 3122 1672; x_wconf 84' lang='grc' dir='ltr'>προοιμίων</span> <span class='ocrx_word' id='word_1_626' title='bbox 3147 1589 3605 1673; x_wconf 77' lang='grc' dir='ltr'>ἀπολογούμενοι,</span> 
     </span>
    </p>
   </div>
   <div class='ocr_carea' id='block_1_81' title="bbox 1999 1670 3610 1756">
    <p class='ocr_par' dir='ltr' id='par_1_81' title="bbox 1999 1670 3610 1756">
     <span class='ocr_line' id='line_1_81' title="bbox 1999 1670 3610 1756; baseline -0.003 -21"><span class='ocrx_word' id='word_1_627' title='bbox 1999 1670 2163 1737; x_wconf 82' lang='grc' dir='ltr'>πάλιν</span> <span class='ocrx_word' id='word_1_628' title='bbox 2197 1670 2385 1752; x_wconf 80' lang='grc' dir='ltr'>μεῖζον</span> <span class='ocrx_word' id='word_1_629' title='bbox 2417 1682 2480 1736; x_wconf 81' lang='lat'>16</span> <span class='ocrx_word' id='word_1_630' title='bbox 2527 1670 2818 1756; x_wconf 85' lang='grc' dir='ltr'>προοίμιον</span> <span class='ocrx_word' id='word_1_631' title='bbox 2867 1670 3266 1750; x_wconf 78' lang='grc' dir='ltr'>πεποιήκαμεν</span> <span class='ocrx_word' id='word_1_632' title='bbox 3294 1693 3310 1707; x_wconf 70' lang='grc'><strong><em>⁸</em></strong></span> <span class='ocrx_word' id='word_1_633' title='bbox 3356 1673 3473 1742; x_wconf 71' lang='grc' dir='ltr'>ἀλλ’</span> <span class='ocrx_word' id='word_1_634' title='bbox 3510 1670 3610 1756; x_wconf 73' lang='grc' dir='ltr'>οὐχ</span> 
     </span>
    </p>
   </div>
   <div class='ocr_carea' id='block_1_82' title="bbox 1996 1754 3611 1838">
    <p class='ocr_par' dir='ltr' id='par_1_82' title="bbox 1996 1754 3611 1838">
     <span class='ocr_line' id='line_1_82' title="bbox 1996 1754 3611 1838; baseline -0.007 -19"><span class='ocrx_word' id='word_1_635' title='bbox 1996 1767 2187 1830; x_wconf 75' lang='grc' dir='ltr'>ἀτελῶς</span> <span class='ocrx_word' id='word_1_636' title='bbox 2203 1767 2324 1820; x_wconf 76' lang='grc' dir='ltr'>οὐδὲ</span> <span class='ocrx_word' id='word_1_637' title='bbox 2350 1768 2493 1838; x_wconf 83' lang='grc' dir='ltr'>εἰκῆ,</span> <span class='ocrx_word' id='word_1_638' title='bbox 2519 1754 2638 1821; x_wconf 77' lang='grc' dir='ltr'>ἀλλ’</span> <span class='ocrx_word' id='word_1_639' title='bbox 2667 1767 2810 1838; x_wconf 81' lang='grc' dir='ltr'>ὑπὲρ</span> <span class='ocrx_word' id='word_1_640' title='bbox 2836 1767 2946 1820; x_wconf 83' lang='grc' dir='ltr'>τῶν</span> <span class='ocrx_word' id='word_1_641' title='bbox 2970 1764 3249 1837; x_wconf 78' lang='grc' dir='ltr'>μεγίστων</span> <span class='ocrx_word' id='word_1_642' title='bbox 3267 1761 3399 1831; x_wconf 80' lang='grc' dir='ltr'>ὑμῖν</span> <span class='ocrx_word' id='word_1_643' title='bbox 3432 1754 3611 1821; x_wconf 80' lang='grc' dir='ltr'>διαλε-</span> 
     </span>
    </p>
   </div>
   <div class='ocr_carea' id='block_1_83' title="bbox 1998 1842 3611 1928">
    <p class='ocr_par' dir='ltr' id='par_1_83' title="bbox 1998 1842 3611 1928">
     <span class='ocr_line' id='line_1_83' title="bbox 1998 1842 3611 1928; baseline -0.008 -24"><span class='ocrx_word' id='word_1_644' title='bbox 1998 1851 2223 1921; x_wconf 81' lang='grc' dir='ltr'>γόμενοι</span> <span class='ocrx_word' id='word_1_645' title='bbox 2241 1852 2336 1916; x_wconf 71' lang='grc' dir='ltr'>καὶ</span> <span class='ocrx_word' id='word_1_646' title='bbox 2359 1850 2838 1920; x_wconf 73' lang='grc' dir='ltr'>ἀναγκαιοτάτων,</span> <span class='ocrx_word' id='word_1_647' title='bbox 2857 1849 2945 1902; x_wconf 78' lang='grc' dir='ltr'>ἵνα</span> <span class='ocrx_word' id='word_1_648' title='bbox 2959 1847 3232 1928; x_wconf 78' lang='grc' dir='ltr'>γενναίως</span> <span class='ocrx_word' id='word_1_649' title='bbox 3255 1842 3611 1928; x_wconf 63' lang='grc' dir='ltr'>ἐλεγχόμενοι</span> 
     </span>
    </p>
   </div>
   <div class='ocr_carea' id='block_1_84' title="bbox 2001 1926 3614 2007">
    <p class='ocr_par' dir='ltr' id='par_1_84' title="bbox 2001 1926 3614 2007">
     <span class='ocr_line' id='line_1_84' title="bbox 2001 1926 3614 2007; baseline -0.022 0"><span class='ocrx_word' id='word_1_650' title='bbox 2001 1935 2280 2006; x_wconf 79' lang='grc' dir='ltr'>φέρωμεν,</span> <span class='ocrx_word' id='word_1_651' title='bbox 2315 1936 2404 1994; x_wconf 83' lang='grc' dir='ltr'>ἵνα</span> <span class='ocrx_word' id='word_1_652' title='bbox 2427 1934 2730 2007; x_wconf 82' lang='grc' dir='ltr'>προθύμως</span> <span class='ocrx_word' id='word_1_653' title='bbox 2754 1926 3071 2005; x_wconf 79' lang='grc' dir='ltr'>ἐλέγχωμεν</span> <span class='ocrx_word' id='word_1_654' title='bbox 3102 1932 3229 1993; x_wconf 69' lang='grc' dir='ltr'>τοὺς,</span> <span class='ocrx_word' id='word_1_655' title='bbox 3263 1926 3614 1999; x_wconf 70' lang='grc' dir='ltr'>ἁμαρτάνον-</span> 
     </span>
    </p>
   </div>
   <div class='ocr_carea' id='block_1_85' title="bbox 1997 2008 3614 2092">
    <p class='ocr_par' dir='ltr' id='par_1_85' title="bbox 1997 2008 3614 2092">
     <span class='ocr_line' id='line_1_85' title="bbox 1997 2008 3614 2092; baseline -0.007 -20"><span class='ocrx_word' id='word_1_656' title='bbox 1997 2037 2100 2083; x_wconf 86' lang='grc' dir='ltr'>τας</span> <span class='ocrx_word' id='word_1_657' title='bbox 2123 2022 2219 2074; x_wconf 78' lang='grc' dir='ltr'>καὶ</span> <span class='ocrx_word' id='word_1_658' title='bbox 2243 2021 2572 2092; x_wconf 85' lang='grc' dir='ltr'>διορθῶμεν.</span> <span class='ocrx_word' id='word_1_659' title='bbox 2594 2020 2842 2090; x_wconf 81' lang='grc' dir='ltr'>Ἀνάγκη</span> <span class='ocrx_word' id='word_1_660' title='bbox 2863 2020 2922 2074; x_wconf 78' lang='grc' dir='ltr'>δὲ</span> <span class='ocrx_word' id='word_1_661' title='bbox 2946 2018 3136 2072; x_wconf 74' lang='grc' dir='ltr'>λοιπὸν</span> <span class='ocrx_word' id='word_1_662' title='bbox 3156 2008 3614 2082; x_wconf 85' lang='grc' dir='ltr'>ἀπολογήσασθαι</span> 
     </span>
    </p>
   </div>
   <div class='ocr_carea' id='block_1_86' title="bbox 2001 2092 3634 2178">
    <p class='ocr_par' dir='ltr' id='par_1_86' title="bbox 2001 2092 3634 2178">
     <span class='ocr_line' id='line_1_86' title="bbox 2001 2092 3634 2178; baseline -0.007 -21"><span class='ocrx_word' id='word_1_663' title='bbox 2001 2103 2143 2174; x_wconf 74' lang='grc' dir='ltr'>ὑπὲρ</span> <span class='ocrx_word' id='word_1_664' title='bbox 2161 2103 2256 2159; x_wconf 90' lang='grc' dir='ltr'>τοῦ</span> <span class='ocrx_word' id='word_1_665' title='bbox 2278 2106 2510 2178; x_wconf 79' lang='grc' dir='ltr'>μήκους,</span> <span class='ocrx_word' id='word_1_666' title='bbox 2527 2105 2624 2159; x_wconf 77' lang='grc' dir='ltr'>καὶ</span> <span class='ocrx_word' id='word_1_667' title='bbox 2643 2107 2821 2158; x_wconf 85' lang='grc' dir='ltr'>εἰπεῖν</span> <span class='ocrx_word' id='word_1_668' title='bbox 2846 2104 2992 2164; x_wconf 89' lang='grc' dir='ltr'>τίνος</span> <span class='ocrx_word' id='word_1_669' title='bbox 3007 2103 3198 2156; x_wconf 65' lang='grc' dir='ltr'>ἕνεκεν</span> <span class='ocrx_word' id='word_1_670' title='bbox 3217 2097 3405 2171; x_wconf 85' lang='grc' dir='ltr'>μακρά</span> <span class='ocrx_word' id='word_1_671' title='bbox 3430 2092 3634 2178; x_wconf 79' lang='grc' dir='ltr'>ποιοῦ-’</span> 
     </span>
    </p>
   </div>
   <div class='ocr_carea' id='block_1_87' title="bbox 2001 2176 3616 2260">
    <p class='ocr_par' dir='ltr' id='par_1_87' title="bbox 2001 2176 3616 2260">
     <span class='ocr_line' id='line_1_87' title="bbox 2001 2176 3616 2260; baseline -0.011 -15"><span class='ocrx_word' id='word_1_672' title='bbox 2001 2205 2105 2257; x_wconf 84' lang='grc' dir='ltr'>μεν</span> <span class='ocrx_word' id='word_1_673' title='bbox 2144 2176 2434 2260; x_wconf 87' lang='grc' dir='ltr'>προοίμια.</span> <span class='ocrx_word' id='word_1_674' title='bbox 2473 2190 2634 2252; x_wconf 84' lang='grc' dir='ltr'>Τίνος</span> <span class='ocrx_word' id='word_1_675' title='bbox 2662 2185 2756 2242; x_wconf 83' lang='grc' dir='ltr'>οὖν</span> <span class='ocrx_word' id='word_1_676' title='bbox 2773 2187 2964 2241; x_wconf 80' lang='grc' dir='ltr'>ἐνεκεν</span> <span class='ocrx_word' id='word_1_677' title='bbox 2977 2185 3138 2240; x_wconf 87' lang='grc' dir='ltr'>τοῦτο</span> <span class='ocrx_word' id='word_1_678' title='bbox 3156 2183 3452 2252; x_wconf 86' lang='grc' dir='ltr'>ποιοῦμεν;</span> <span class='ocrx_word' id='word_1_679' title='bbox 3474 2176 3616 2248; x_wconf 83' lang='grc' dir='ltr'>Πλή-</span> 
     </span>
    </p>
   </div>
   <div class='ocr_carea' id='block_1_88' title="bbox 1999 2261 3616 2344">
    <p class='ocr_par' dir='ltr' id='par_1_88' title="bbox 1999 2261 3616 2344">
     <span class='ocr_line' id='line_1_88' title="bbox 1999 2261 3616 2344; baseline -0.003 -21"><span class='ocrx_word' id='word_1_680' title='bbox 1999 2269 2084 2324; x_wconf 89' lang='grc' dir='ltr'>θει</span> <span class='ocrx_word' id='word_1_681' title='bbox 2119 2271 2365 2344; x_wconf 86' lang='grc' dir='ltr'>τοσούτῳ</span> <span class='ocrx_word' id='word_1_682' title='bbox 2395 2270 2787 2344; x_wconf 88' lang='grc' dir='ltr'>διαλεγόμεθα,</span> <span class='ocrx_word' id='word_1_683' title='bbox 2817 2269 3130 2342; x_wconf 75' lang='grc' dir='ltr'>ἀνθρώποις</span> <span class='ocrx_word' id='word_1_684' title='bbox 3159 2268 3430 2335; x_wconf 81' lang='grc' dir='ltr'>γυναῖκας</span> <span class='ocrx_word' id='word_1_685' title='bbox 3460 2261 3616 2336; x_wconf 75' lang='grc' dir='ltr'>ἔχου-</span> 
     </span>
    </p>
   </div>
   <div class='ocr_carea' id='block_1_89' title="bbox 2002 2344 3614 2430">
    <p class='ocr_par' dir='ltr' id='par_1_89' title="bbox 2002 2344 3614 2430">
     <span class='ocr_line' id='line_1_89' title="bbox 2002 2344 3614 2430; baseline -0.002 -22"><span class='ocrx_word' id='word_1_686' title='bbox 2002 2373 2117 2420; x_wconf 91' lang='grc' dir='ltr'>σιν,</span> <span class='ocrx_word' id='word_1_687' title='bbox 2145 2356 2328 2419; x_wconf 85' lang='grc' dir='ltr'>οἰκίας</span> <span class='ocrx_word' id='word_1_688' title='bbox 2368 2356 2806 2430; x_wconf 83' lang='grc' dir='ltr'>προεστηκόσιν,</span> <span class='ocrx_word' id='word_1_689' title='bbox 2860 2358 2918 2410; x_wconf 84' lang='grc' dir='ltr'>ἐν</span> <span class='ocrx_word' id='word_1_690' title='bbox 2962 2353 3202 2426; x_wconf 66' lang='grc' dir='ltr'>ἐργασίᾳ.</span> <span class='ocrx_word' id='word_1_691' title='bbox 3261 2344 3614 2418; x_wconf 75' lang='grc' dir='ltr'>καθημερινῇ</span> 
     </span>
    </p>
   </div>
   <div class='ocr_carea' id='block_1_90' title="bbox 2001 2430 3618 2510">
    <p class='ocr_par' dir='ltr' id='par_1_90' title="bbox 2001 2430 3618 2510">
     <span class='ocr_line' id='line_1_90' title="bbox 2001 2430 3618 2510; baseline -0.007 -19"><span class='ocrx_word' id='word_1_692' title='bbox 2001 2438 2191 2504; x_wconf 76' lang='grc' dir='ltr'>ζῶσιν,</span> <span class='ocrx_word' id='word_1_693' title='bbox 2230 2442 2290 2492; x_wconf 83' lang='grc' dir='ltr'>ἐν</span> <span class='ocrx_word' id='word_1_694' title='bbox 2326 2439 2606 2509; x_wconf 82' lang='grc' dir='ltr'>βιωτικοῖς</span> <span class='ocrx_word' id='word_1_695' title='bbox 2641 2439 2959 2510; x_wconf 82' lang='grc' dir='ltr'>πράγμασι.</span> <span class='ocrx_word' id='word_1_696' title='bbox 3022 2435 3127 2504; x_wconf 68' lang='grc' dir='ltr'>Καὶ</span> <span class='ocrx_word' id='word_1_697' title='bbox 3158 2435 3221 2488; x_wconf 83' lang='grc' dir='ltr'>οὐ</span> <span class='ocrx_word' id='word_1_698' title='bbox 3256 2433 3418 2486; x_wconf 87' lang='grc' dir='ltr'>τοῦτο</span> <span class='ocrx_word' id='word_1_699' title='bbox 3455 2430 3618 2501; x_wconf 90' lang='grc' dir='ltr'>μόνον</span> 
     </span>
    </p>
   </div>
   <div class='ocr_carea' id='block_1_91' title="bbox 2000 2513 3616 2593">
    <p class='ocr_par' dir='ltr' id='par_1_91' title="bbox 2000 2513 3616 2593">
     <span class='ocr_line' id='line_1_91' title="bbox 2000 2513 3616 2593; baseline 0.001 -19"><span class='ocrx_word' id='word_1_700' title='bbox 2000 2524 2121 2587; x_wconf 77' lang='grc' dir='ltr'>ἐστὶ</span> <span class='ocrx_word' id='word_1_701' title='bbox 2142 2523 2204 2575; x_wconf 86' lang='lat'>16</span> <span class='ocrx_word' id='word_1_702' title='bbox 2236 2522 2535 2593; x_wconf 82' lang='grc' dir='ltr'>δυσχερὲς,</span> <span class='ocrx_word' id='word_1_703' title='bbox 2589 2523 2670 2575; x_wconf 81' lang='grc' dir='ltr'>ὅτι</span> <span class='ocrx_word' id='word_1_704' title='bbox 2725 2520 2994 2591; x_wconf 84' lang='grc' dir='ltr'>διηνεκῶς</span> <span class='ocrx_word' id='word_1_705' title='bbox 3031 2522 3170 2572; x_wconf 85' lang='grc' dir='ltr'>εἰσιν</span> <span class='ocrx_word' id='word_1_706' title='bbox 3226 2513 3616 2588; x_wconf 69' lang='grc' dir='ltr'>ήσχολημένοιν</span> 
     </span>
    </p>
   </div>
   <div class='ocr_carea' id='block_1_92' title="bbox 2003 2601 3621 2678">
    <p class='ocr_par' dir='ltr' id='par_1_92' title="bbox 2003 2601 3621 2678">
     <span class='ocr_line' id='line_1_92' title="bbox 2003 2601 3621 2678; baseline -0.003 -19"><span class='ocrx_word' id='word_1_707' title='bbox 2003 2606 2118 2659; x_wconf 86' lang='grc' dir='ltr'>ἀλλ’</span> <span class='ocrx_word' id='word_1_708' title='bbox 2135 2608 2218 2660; x_wconf 85' lang='grc' dir='ltr'>ὅτι</span> <span class='ocrx_word' id='word_1_709' title='bbox 2238 2610 2332 2660; x_wconf 76' lang='grc' dir='ltr'>καὶ</span> <span class='ocrx_word' id='word_1_710' title='bbox 2349 2607 2500 2674; x_wconf 75' lang='grc' dir='ltr'>άπαξ</span> <span class='ocrx_word' id='word_1_711' title='bbox 2519 2607 2621 2677; x_wconf 81' lang='grc' dir='ltr'>τῆς</span> <span class='ocrx_word' id='word_1_712' title='bbox 2641 2607 2942 2678; x_wconf 74' lang='grc' dir='ltr'>ἑϐδομάδος</span> <span class='ocrx_word' id='word_1_713' title='bbox 2964 2608 3164 2669; x_wconf 72' lang='grc' dir='ltr'>αὐτοὺς</span> <span class='ocrx_word' id='word_1_714' title='bbox 3201 2602 3441 2658; x_wconf 84' lang='grc' dir='ltr'>ἐνταῦθα</span> <span class='ocrx_word' id='word_1_715' title='bbox 3475 2601 3621 2670; x_wconf 86' lang='grc' dir='ltr'>λαμ-</span> 
     </span>
    </p>
   </div>
   <div class='ocr_carea' id='block_1_93' title="bbox 2002 2683 3620 2760">
    <p class='ocr_par' dir='ltr' id='par_1_93' title="bbox 2002 2683 3620 2760">
     <span class='ocr_line' id='line_1_93' title="bbox 2002 2683 3620 2760; baseline -0.004 -19"><span class='ocrx_word' id='word_1_716' title='bbox 2002 2689 2260 2760; x_wconf 87' lang='grc' dir='ltr'>ϐάνομεν.</span> <span class='ocrx_word' id='word_1_717' title='bbox 2294 2689 2624 2760; x_wconf 84' lang='grc' dir='ltr'>Βουλόμενοι</span> <span class='ocrx_word' id='word_1_718' title='bbox 2645 2690 2829 2744; x_wconf 89' lang='grc' dir='ltr'>τοίνυν</span> <span class='ocrx_word' id='word_1_719' title='bbox 2846 2691 2906 2743; x_wconf 80' lang='grc' dir='ltr'>εύ</span> <span class='ocrx_word' id='word_1_720' title='bbox 2916 2689 3158 2744; x_wconf 86' lang='grc' dir='ltr'>σύνοπτα</span> <span class='ocrx_word' id='word_1_721' title='bbox 3177 2683 3620 2749; x_wconf 77' lang='grc' dir='ltr'>κατασκευάζειν</span> 
     </span>
    </p>
   </div>
   <div class='ocr_carea' id='block_1_94' title="bbox 2001 2767 3621 2843">
    <p class='ocr_par' dir='ltr' id='par_1_94' title="bbox 2001 2767 3621 2843">
     <span class='ocr_line' id='line_1_94' title="bbox 2001 2767 3621 2843; baseline -0.005 -17"><span class='ocrx_word' id='word_1_722' title='bbox 2001 2773 2186 2836; x_wconf 78' lang='grc' dir='ltr'>αὐτοῖς</span> <span class='ocrx_word' id='word_1_723' title='bbox 2221 2772 2290 2826; x_wconf 89' lang='grc' dir='ltr'>τά</span> <span class='ocrx_word' id='word_1_724' title='bbox 2321 2771 2618 2843; x_wconf 90' lang='grc' dir='ltr'>λεγόμενα,</span> <span class='ocrx_word' id='word_1_725' title='bbox 2652 2773 2745 2826; x_wconf 73' lang='grc' dir='ltr'>διὰ</span> <span class='ocrx_word' id='word_1_726' title='bbox 2784 2773 2896 2827; x_wconf 83' lang='grc' dir='ltr'>τῶν</span> <span class='ocrx_word' id='word_1_727' title='bbox 2932 2772 3239 2842; x_wconf 86' lang='grc' dir='ltr'>προοιμίων</span> <span class='ocrx_word' id='word_1_728' title='bbox 3268 2767 3621 2839; x_wconf 79' lang='grc' dir='ltr'>σαφεστέραν</span> 
     </span>
    </p>
   </div>
   <div class='ocr_carea' id='block_1_95' title="bbox 2003 2851 3620 2932">
    <p class='ocr_par' dir='ltr' id='par_1_95' title="bbox 2003 2851 3620 2932">
     <span class='ocr_line' id='line_1_95' title="bbox 2003 2851 3620 2932; baseline -0.003 -23"><span class='ocrx_word' id='word_1_729' title='bbox 2003 2855 2232 2932; x_wconf 81' lang='grc' dir='ltr'>ποιῆσαι</span> <span class='ocrx_word' id='word_1_730' title='bbox 2267 2855 2368 2927; x_wconf 84' lang='grc' dir='ltr'>τὴν</span> <span class='ocrx_word' id='word_1_731' title='bbox 2425 2855 2778 2911; x_wconf 84' lang='grc' dir='ltr'>διδασκαλίαν</span> <span class='ocrx_word' id='word_1_732' title='bbox 2809 2855 3212 2927; x_wconf 77' lang='grc' dir='ltr'>σπουδάζομεν.</span> <span class='ocrx_word' id='word_1_733' title='bbox 3273 2854 3332 2907; x_wconf 81' lang='grc' dir='ltr'><strong>Ὀ</strong></span> <span class='ocrx_word' id='word_1_734' title='bbox 3371 2852 3472 2924; x_wconf 84' lang='grc' dir='ltr'>μὲν</span> <span class='ocrx_word' id='word_1_735' title='bbox 3511 2851 3620 2924; x_wconf 80' lang='grc' dir='ltr'>γὰρ</span> 
     </span>
    </p>
   </div>
   <div class='ocr_carea' id='block_1_96' title="bbox 2009 2936 3621 3011">
    <p class='ocr_par' dir='ltr' id='par_1_96' title="bbox 2009 2936 3621 3011">
     <span class='ocr_line' id='line_1_96' title="bbox 2009 2936 3621 3011; baseline -0.001 -21"><span class='ocrx_word' id='word_1_736' title='bbox 2009 2938 2176 3011; x_wconf 79' lang='grc' dir='ltr'>μηδὲν</span> <span class='ocrx_word' id='word_1_737' title='bbox 2205 2939 2369 3010; x_wconf 75' lang='grc' dir='ltr'>ἔργον</span> <span class='ocrx_word' id='word_1_738' title='bbox 2402 2938 2563 3008; x_wconf 78' lang='grc' dir='ltr'>έχων,</span> <span class='ocrx_word' id='word_1_739' title='bbox 2597 2939 2716 2992; x_wconf 83' lang='grc' dir='ltr'>ἀλλ’</span> <span class='ocrx_word' id='word_1_740' title='bbox 2755 2941 2844 2993; x_wconf 75' lang='grc' dir='ltr'>ἀεὶ</span> <span class='ocrx_word' id='word_1_741' title='bbox 2877 2943 3000 3002; x_wconf 83' lang='grc' dir='ltr'>ταῖς</span> <span class='ocrx_word' id='word_1_742' title='bbox 3042 2940 3293 3010; x_wconf 83' lang='grc' dir='ltr'>Γραφαῖς</span> <span class='ocrx_word' id='word_1_743' title='bbox 3329 2936 3621 3010; x_wconf 83' lang='grc' dir='ltr'>προσηλω-</span> 
     </span>
    </p>
   </div>
   <div class='ocr_carea' id='block_1_97' title="bbox 2007 3021 3620 3094">
    <p class='ocr_par' dir='ltr' id='par_1_97' title="bbox 2007 3021 3620 3094">
     <span class='ocr_line' id='line_1_97' title="bbox 2007 3021 3620 3094; baseline -0.002 -18"><span class='ocrx_word' id='word_1_744' title='bbox 2007 3021 2199 3092; x_wconf 78' lang='grc' dir='ltr'>μένος,</span> <span class='ocrx_word' id='word_1_745' title='bbox 2237 3023 2299 3076; x_wconf 83' lang='grc' dir='ltr'>ού</span> <span class='ocrx_word' id='word_1_746' title='bbox 2342 3022 2521 3076; x_wconf 80' lang='grc' dir='ltr'>δέεται</span> <span class='ocrx_word' id='word_1_747' title='bbox 2556 3023 2885 3094; x_wconf 89' lang='grc' dir='ltr'>προοιμίων,</span> <span class='ocrx_word' id='word_1_748' title='bbox 2918 3024 2979 3076; x_wconf 84' lang='grc' dir='ltr'>ού</span> <span class='ocrx_word' id='word_1_749' title='bbox 3024 3022 3198 3076; x_wconf 88' lang='grc' dir='ltr'>δεῖται</span> <span class='ocrx_word' id='word_1_750' title='bbox 3246 3022 3620 3091; x_wconf 76' lang='grc' dir='ltr'>κατασκευῆς,</span> 
     </span>
    </p>
   </div>
   <div class='ocr_carea' id='block_1_98' title="bbox 2005 3105 3626 3175">
    <p class='ocr_par' dir='ltr' id='par_1_98' title="bbox 2005 3105 3626 3175">
     <span class='ocr_line' id='line_1_98' title="bbox 2005 3105 3626 3175; baseline -0.003 -16"><span class='ocrx_word' id='word_1_751' title='bbox 2005 3105 2122 3159; x_wconf 86' lang='grc' dir='ltr'>ἀλλ’</span> <span class='ocrx_word' id='word_1_752' title='bbox 2165 3105 2408 3169; x_wconf 88' lang='grc' dir='ltr'>ἀκούσας</span> <span class='ocrx_word' id='word_1_753' title='bbox 2442 3105 2650 3171; x_wconf 75' lang='grc' dir='ltr'>εὐθέως</span> <span class='ocrx_word' id='word_1_754' title='bbox 2684 3105 2780 3160; x_wconf 88' lang='grc' dir='ltr'>τοῦ</span> <span class='ocrx_word' id='word_1_755' title='bbox 2834 3106 3122 3174; x_wconf 85' lang='grc' dir='ltr'>λέγοντος,</span> <span class='ocrx_word' id='word_1_756' title='bbox 3149 3106 3369 3175; x_wconf 84' lang='grc' dir='ltr'>δέχεται</span> <span class='ocrx_word' id='word_1_757' title='bbox 3397 3105 3508 3156; x_wconf 84' lang='grc' dir='ltr'>τῶν</span> <span class='ocrx_word' id='word_1_758' title='bbox 3538 3105 3626 3155; x_wconf 84' lang='grc' dir='ltr'>λε-</span> 
     </span>
    </p>
   </div>
   <div class='ocr_carea' id='block_1_99' title="bbox 2006 3187 3625 3262">
    <p class='ocr_par' dir='ltr' id='par_1_99' title="bbox 2006 3187 3625 3262">
     <span class='ocr_line' id='line_1_99' title="bbox 2006 3187 3625 3262; baseline -0.001 -21"><span class='ocrx_word' id='word_1_759' title='bbox 2006 3187 2258 3259; x_wconf 86' lang='grc' dir='ltr'>γομένων</span> <span class='ocrx_word' id='word_1_760' title='bbox 2295 3189 2396 3260; x_wconf 83' lang='grc' dir='ltr'>τήν</span> <span class='ocrx_word' id='word_1_761' title='bbox 2429 3188 2671 3244; x_wconf 89' lang='grc' dir='ltr'>διάνοιαν</span> <span class='ocrx_word' id='word_1_762' title='bbox 2697 3207 2710 3221; x_wconf 90' lang='grc'><strong>·</strong></span> <span class='ocrx_word' id='word_1_763' title='bbox 2750 3188 3044 3262; x_wconf 78' lang='grc' dir='ltr'>ἄνθρωπος</span> <span class='ocrx_word' id='word_1_764' title='bbox 3071 3189 3129 3243; x_wconf 75' lang='grc' dir='ltr'>δέ</span> <span class='ocrx_word' id='word_1_765' title='bbox 3167 3189 3260 3243; x_wconf 79' lang='grc' dir='ltr'>τδν</span> <span class='ocrx_word' id='word_1_766' title='bbox 3303 3189 3404 3260; x_wconf 82' lang='grc' dir='ltr'>μὲν</span> <span class='ocrx_word' id='word_1_767' title='bbox 3450 3188 3625 3241; x_wconf 88' lang='grc' dir='ltr'>πλείω</span> 
     </span>
    </p>
   </div>
   <div class='ocr_carea' id='block_1_100' title="bbox 2006 3272 3622 3346">
    <p class='ocr_par' dir='ltr' id='par_1_100' title="bbox 2006 3272 3622 3346">
     <span class='ocr_line' id='line_1_100' title="bbox 2006 3272 3622 3346; baseline 0.001 -20"><span class='ocrx_word' id='word_1_768' title='bbox 2006 3273 2203 3344; x_wconf 88' lang='grc' dir='ltr'>χρόνον</span> <span class='ocrx_word' id='word_1_769' title='bbox 2236 3273 2529 3344; x_wconf 87' lang='grc' dir='ltr'>πράγμασι</span> <span class='ocrx_word' id='word_1_770' title='bbox 2554 3273 2834 3344; x_wconf 81' lang='grc' dir='ltr'>βιωτικοῖς</span> <span class='ocrx_word' id='word_1_771' title='bbox 2860 3273 3314 3346; x_wconf 85' lang='grc' dir='ltr'>προσδεδεμένος,</span> <span class='ocrx_word' id='word_1_772' title='bbox 3348 3272 3532 3342; x_wconf 86' lang='grc' dir='ltr'>ὀλίγον</span> <span class='ocrx_word' id='word_1_773' title='bbox 3560 3273 3622 3327; x_wconf 67' lang='grc' dir='ltr'>δὲ</span> 
     </span>
    </p>
   </div>
   <div class='ocr_carea' id='block_1_101' title="bbox 2008 3357 3627 3431">
    <p class='ocr_par' dir='ltr' id='par_1_101' title="bbox 2008 3357 3627 3431">
     <span class='ocr_line' id='line_1_101' title="bbox 2008 3357 3627 3431; baseline -0.001 -20"><span class='ocrx_word' id='word_1_774' title='bbox 2008 3359 2102 3411; x_wconf 72' lang='grc' dir='ltr'>καὶ</span> <span class='ocrx_word' id='word_1_775' title='bbox 2145 3357 2320 3431; x_wconf 82' lang='grc' dir='ltr'>βραχὺ</span> <span class='ocrx_word' id='word_1_776' title='bbox 2351 3358 2592 3414; x_wconf 79' lang='grc' dir='ltr'>ἐνταῦθα</span> <span class='ocrx_word' id='word_1_777' title='bbox 2639 3358 3132 3428; x_wconf 75' lang='grc' dir='ltr'>παραγενόμενος,</span> <span class='ocrx_word' id='word_1_778' title='bbox 3177 3359 3244 3412; x_wconf 84' lang='grc' dir='ltr'>ἂν</span> <span class='ocrx_word' id='word_1_779' title='bbox 3303 3357 3379 3428; x_wconf 83' lang='grc' dir='ltr'>μὴ</span> <span class='ocrx_word' id='word_1_780' title='bbox 3435 3374 3627 3428; x_wconf 84' lang='grc' dir='ltr'>προοι-</span> 
     </span>
    </p>
   </div>
   <div class='ocr_carea' id='block_1_102' title="bbox 2013 3442 3629 3515">
    <p class='ocr_par' dir='ltr' id='par_1_102' title="bbox 2013 3442 3629 3515">
     <span class='ocr_line' id='line_1_102' title="bbox 2013 3442 3629 3515; baseline 0 -20"><span class='ocrx_word' id='word_1_781' title='bbox 2013 3442 2154 3513; x_wconf 89' lang='grc' dir='ltr'>μίων</span> <span class='ocrx_word' id='word_1_782' title='bbox 2180 3443 2392 3515; x_wconf 81' lang='grc' dir='ltr'>ἀκούσῃ</span> <span class='ocrx_word' id='word_1_783' title='bbox 2419 3445 2512 3496; x_wconf 79' lang='grc' dir='ltr'>καὶ</span> <span class='ocrx_word' id='word_1_784' title='bbox 2539 3444 2884 3513; x_wconf 75' lang='grc' dir='ltr'>κατασκευῆς</span> <span class='ocrx_word' id='word_1_785' title='bbox 2919 3443 3188 3508; x_wconf 87' lang='grc' dir='ltr'>πλείονος,</span> <span class='ocrx_word' id='word_1_786' title='bbox 3216 3443 3313 3496; x_wconf 75' lang='grc' dir='ltr'>καὶ</span> <span class='ocrx_word' id='word_1_787' title='bbox 3352 3443 3629 3513; x_wconf 77' lang='grc' dir='ltr'>πανταχό-</span> 
     </span>
    </p>
   </div>
   <div class='ocr_carea' id='block_1_103' title="bbox 2011 3525 3627 3598">
    <p class='ocr_par' dir='ltr' id='par_1_103' title="bbox 2011 3525 3627 3598">
     <span class='ocr_line' id='line_1_103' title="bbox 2011 3525 3627 3598; baseline 0 -19"><span class='ocrx_word' id='word_1_788' title='bbox 2011 3525 2105 3580; x_wconf 86' lang='grc' dir='ltr'>θεν</span> <span class='ocrx_word' id='word_1_789' title='bbox 2135 3527 2220 3598; x_wconf 85' lang='grc' dir='ltr'>ῖδῃ</span> <span class='ocrx_word' id='word_1_790' title='bbox 2255 3526 2754 3598; x_wconf 84' lang='grc' dir='ltr'>προοδοποιηθέντα</span> <span class='ocrx_word' id='word_1_791' title='bbox 2779 3525 2932 3597; x_wconf 80' lang='grc' dir='ltr'>αὐτῷ</span> <span class='ocrx_word' id='word_1_792' title='bbox 2953 3527 3045 3580; x_wconf 81' lang='grc' dir='ltr'>τὸν</span> <span class='ocrx_word' id='word_1_793' title='bbox 3084 3525 3267 3594; x_wconf 89' lang='grc' dir='ltr'>λόγον,</span> <span class='ocrx_word' id='word_1_794' title='bbox 3303 3525 3459 3580; x_wconf 71' lang='grc' dir='ltr'>οὐδὲν</span> <span class='ocrx_word' id='word_1_795' title='bbox 3489 3544 3627 3593; x_wconf 81' lang='grc' dir='ltr'>κερ⁹</span> 
     </span>
    </p>
   </div>
   <div class='ocr_carea' id='block_1_104' title="bbox 2009 3609 3625 3682">
    <p class='ocr_par' dir='ltr' id='par_1_104' title="bbox 2009 3609 3625 3682">
     <span class='ocr_line' id='line_1_104' title="bbox 2009 3609 3625 3682; baseline -0.001 -20"><span class='ocrx_word' id='word_1_796' title='bbox 2009 3609 2174 3673; x_wconf 83' lang='grc' dir='ltr'>δάνας</span> <span class='ocrx_word' id='word_1_797' title='bbox 2201 3611 2528 3682; x_wconf 82' lang='grc' dir='ltr'>ἀπέρχεται.</span> <span class='ocrx_word' id='word_1_798' title='bbox 2554 3613 2630 3665; x_wconf 81' lang='grc' dir='ltr'>Οὐ</span> <span class='ocrx_word' id='word_1_799' title='bbox 2653 3611 2816 3664; x_wconf 90' lang='grc' dir='ltr'>τοῦτο</span> <span class='ocrx_word' id='word_1_800' title='bbox 2839 3611 2897 3672; x_wconf 76' lang='grc' dir='ltr'>δὲ</span> <span class='ocrx_word' id='word_1_801' title='bbox 2927 3611 3089 3680; x_wconf 87' lang='grc' dir='ltr'>μόνον</span> <span class='ocrx_word' id='word_1_802' title='bbox 3117 3611 3250 3681; x_wconf 78' lang='grc' dir='ltr'>ἡμῖν</span> <span class='ocrx_word' id='word_1_803' title='bbox 3272 3612 3422 3664; x_wconf 82' lang='grc' dir='ltr'>ἐστιν</span> <span class='ocrx_word' id='word_1_804' title='bbox 3449 3609 3625 3663; x_wconf 82' lang='grc' dir='ltr'>αίτιον</span> 
     </span>
    </p>
   </div>
   <div class='ocr_carea' id='block_1_105' title="bbox 2009 3693 3625 3766">
    <p class='ocr_par' dir='ltr' id='par_1_105' title="bbox 2009 3693 3625 3766">
     <span class='ocr_line' id='line_1_105' title="bbox 2009 3693 3625 3766; baseline 0.001 -18"><span class='ocrx_word' id='word_1_805' title='bbox 2009 3693 2106 3748; x_wconf 89' lang='grc' dir='ltr'>τοῦ</span> <span class='ocrx_word' id='word_1_806' title='bbox 2127 3695 2333 3766; x_wconf 84' lang='grc' dir='ltr'>μήκους</span> <span class='ocrx_word' id='word_1_807' title='bbox 2355 3695 2466 3748; x_wconf 84' lang='grc' dir='ltr'>τῶν</span> <span class='ocrx_word' id='word_1_808' title='bbox 2488 3695 2818 3766; x_wconf 79' lang='grc' dir='ltr'>προοιμίων,</span> <span class='ocrx_word' id='word_1_809' title='bbox 2843 3695 2982 3748; x_wconf 87' lang='grc' dir='ltr'>άλλά</span> <span class='ocrx_word' id='word_1_810' title='bbox 3015 3695 3110 3749; x_wconf 73' lang='grc' dir='ltr'>καὶ</span> <span class='ocrx_word' id='word_1_811' title='bbox 3127 3696 3213 3748; x_wconf 81' lang='grc' dir='ltr'>Ξτε</span> <span class='ocrx_word' id='word_1_812' title='bbox 3223 3713 3316 3766; x_wconf 83' lang='grc' dir='ltr'>ρον</span> <span class='ocrx_word' id='word_1_813' title='bbox 3343 3697 3445 3750; x_wconf 86' lang='grc' dir='ltr'>ούκ</span> <span class='ocrx_word' id='word_1_814' title='bbox 3467 3697 3625 3751; x_wconf 76' lang='grc' dir='ltr'>ἐλατ-</span> 
     </span>
    </p>
   </div>
   <div class='ocr_carea' id='block_1_106' title="bbox 2009 3777 3626 3851">
    <p class='ocr_par' dir='ltr' id='par_1_106' title="bbox 2009 3777 3626 3851">
     <span class='ocr_line' id='line_1_106' title="bbox 2009 3777 3626 3851; baseline 0.002 -21"><span class='ocrx_word' id='word_1_815' title='bbox 2009 3795 2102 3831; x_wconf 87' lang='grc' dir='ltr'>τον</span> <span class='ocrx_word' id='word_1_816' title='bbox 2130 3778 2344 3832; x_wconf 91' lang='grc' dir='ltr'>τούτου.</span> <span class='ocrx_word' id='word_1_817' title='bbox 2389 3777 2512 3831; x_wconf 85' lang='grc' dir='ltr'>Τῶν</span> <span class='ocrx_word' id='word_1_818' title='bbox 2552 3782 2661 3850; x_wconf 85' lang='grc' dir='ltr'>γάρ</span> <span class='ocrx_word' id='word_1_819' title='bbox 2692 3779 2906 3834; x_wconf 87' lang='grc' dir='ltr'>πολλῶν</span> <span class='ocrx_word' id='word_1_820' title='bbox 2935 3777 3145 3833; x_wconf 88' lang='grc' dir='ltr'>τούτων</span> <span class='ocrx_word' id='word_1_821' title='bbox 3181 3781 3230 3833; x_wconf 92' lang='grc' dir='ltr'>οἰ</span> <span class='ocrx_word' id='word_1_822' title='bbox 3257 3781 3357 3851; x_wconf 81' lang='grc' dir='ltr'>μὲν</span> <span class='ocrx_word' id='word_1_823' title='bbox 3382 3782 3626 3851; x_wconf 77' lang='grc' dir='ltr'>παραγί-</span> 
     </span>
    </p>
   </div>
   <div class='ocr_carea' id='block_1_107' title="bbox 2011 3861 3624 3933">
    <p class='ocr_par' dir='ltr' id='par_1_107' title="bbox 2011 3861 3624 3933">
     <span class='ocr_line' id='line_1_107' title="bbox 2011 3861 3624 3933; baseline 0.001 -19"><span class='ocrx_word' id='word_1_824' title='bbox 2011 3877 2232 3925; x_wconf 92' lang='grc' dir='ltr'>νονται,</span> <span class='ocrx_word' id='word_1_825' title='bbox 2275 3864 2326 3915; x_wconf 89' lang='grc' dir='ltr'>οἰ</span> <span class='ocrx_word' id='word_1_826' title='bbox 2373 3861 2429 3914; x_wconf 78' lang='grc' dir='ltr'>δὲ</span> <span class='ocrx_word' id='word_1_827' title='bbox 2464 3862 2526 3914; x_wconf 88' lang='grc' dir='ltr'>ού</span> <span class='ocrx_word' id='word_1_828' title='bbox 2573 3863 2979 3933; x_wconf 86' lang='grc' dir='ltr'>παραγίνονται</span> <span class='ocrx_word' id='word_1_829' title='bbox 3026 3863 3313 3926; x_wconf 86' lang='grc' dir='ltr'>πολλάκις.</span> <span class='ocrx_word' id='word_1_830' title='bbox 3381 3865 3624 3930; x_wconf 80' lang='grc' dir='ltr'>Ἀνάγκη</span> 
     </span>
    </p>
   </div>
   <div class='ocr_carea' id='block_1_108' title="bbox 2011 3945 3627 4017">
    <p class='ocr_par' dir='ltr' id='par_1_108' title="bbox 2011 3945 3627 4017">
     <span class='ocr_line' id='line_1_108' title="bbox 2011 3945 3627 4017; baseline 0.002 -19"><span class='ocrx_word' id='word_1_831' title='bbox 2011 3946 2194 3998; x_wconf 88' lang='grc' dir='ltr'>τοίνυν</span> <span class='ocrx_word' id='word_1_832' title='bbox 2221 3945 2350 4008; x_wconf 77' lang='grc' dir='ltr'>τοὺς</span> <span class='ocrx_word' id='word_1_833' title='bbox 2387 3945 2486 4016; x_wconf 84' lang='grc' dir='ltr'>μὲν</span> <span class='ocrx_word' id='word_1_834' title='bbox 2515 3947 2999 4017; x_wconf 84' lang='grc' dir='ltr'>παραγενομένους</span> <span class='ocrx_word' id='word_1_835' title='bbox 3050 3948 3339 4001; x_wconf 84' lang='grc' dir='ltr'>ἐπαινέσαι</span> <span class='ocrx_word' id='word_1_836' title='bbox 3361 3986 3376 4008; x_wconf 88' lang='grc'>.</span> <span class='ocrx_word' id='word_1_837' title='bbox 3407 3950 3536 4013; x_wconf 73' lang='grc' dir='ltr'>τοὺς</span> <span class='ocrx_word' id='word_1_838' title='bbox 3567 3949 3627 4002; x_wconf 78' lang='grc' dir='ltr'>δὲ</span> 
     </span>
    </p>
   </div>
   <div class='ocr_carea' id='block_1_109' title="bbox 2017 4030 3628 4103">
    <p class='ocr_par' dir='ltr' id='par_1_109' title="bbox 2017 4030 3628 4103">
     <span class='ocr_line' id='line_1_109' title="bbox 2017 4030 3628 4103; baseline 0.002 -21"><span class='ocrx_word' id='word_1_839' title='bbox 2017 4031 2092 4100; x_wconf 84' lang='grc' dir='ltr'>μὴ</span> <span class='ocrx_word' id='word_1_840' title='bbox 2122 4030 2608 4102; x_wconf 81' lang='grc' dir='ltr'>παραγενομένους</span> <span class='ocrx_word' id='word_1_841' title='bbox 2644 4030 2990 4102; x_wconf 77' lang='grc' dir='ltr'>μέμψασθαι,</span> <span class='ocrx_word' id='word_1_842' title='bbox 3026 4030 3113 4086; x_wconf 82' lang='grc' dir='ltr'>ἵνα</span> <span class='ocrx_word' id='word_1_843' title='bbox 3146 4033 3344 4086; x_wconf 88' lang='grc' dir='ltr'>ἐκεῖνοι</span> <span class='ocrx_word' id='word_1_844' title='bbox 3383 4035 3483 4103; x_wconf 76' lang='grc' dir='ltr'>μὲν</span> <span class='ocrx_word' id='word_1_845' title='bbox 3514 4037 3628 4098; x_wconf 85' lang='grc' dir='ltr'>τοῖς</span> 
     </span>
    </p>
   </div>
   <div class='ocr_carea' id='block_1_110' title="bbox 2013 4108 3626 4186">
    <p class='ocr_par' dir='ltr' id='par_1_110' title="bbox 2013 4108 3626 4186">
     <span class='ocr_line' id='line_1_110' title="bbox 2013 4108 3626 4186; baseline 0.002 -20"><span class='ocrx_word' id='word_1_846' title='bbox 2013 4113 2260 4177; x_wconf 86' lang='grc' dir='ltr'>ἐπαίνοις</span> <span class='ocrx_word' id='word_1_847' title='bbox 2298 4114 2710 4186; x_wconf 88' lang='grc' dir='ltr'>σπουδαιότεροι</span> <span class='ocrx_word' id='word_1_848' title='bbox 2760 4114 3029 4183; x_wconf 79' lang='grc' dir='ltr'>γένωνται</span> <span class='ocrx_word' id='word_1_849' title='bbox 3058 4155 3072 4177; x_wconf 96' lang='grc'>,</span> <span class='ocrx_word' id='word_1_850' title='bbox 3112 4108 3262 4168; x_wconf 77' lang='grc' dir='ltr'>οὗτοι</span> <span class='ocrx_word' id='word_1_851' title='bbox 3305 4115 3362 4168; x_wconf 86' lang='grc' dir='ltr'>δέ</span> <span class='ocrx_word' id='word_1_852' title='bbox 3393 4116 3482 4168; x_wconf 85' lang='grc' dir='ltr'>διὰ</span> <span class='ocrx_word' id='word_1_853' title='bbox 3516 4117 3626 4183; x_wconf 79' lang='grc' dir='ltr'>τῶν</span> 
     </span>
    </p>
   </div>
   <div class='ocr_carea' id='block_1_111' title="bbox 2014 4197 3627 4271">
    <p class='ocr_par' dir='ltr' id='par_1_111' title="bbox 2014 4197 3627 4271">
     <span class='ocr_line' id='line_1_111' title="bbox 2014 4197 3627 4271; baseline 0.002 -19"><span class='ocrx_word' id='word_1_854' title='bbox 2014 4198 2384 4270; x_wconf 81' lang='grc' dir='ltr'>ἐγκλημάτων</span> <span class='ocrx_word' id='word_1_855' title='bbox 2438 4197 2540 4271; x_wconf 82' lang='grc' dir='ltr'>τὴν</span> <span class='ocrx_word' id='word_1_856' title='bbox 2594 4198 2873 4271; x_wconf 80' lang='grc' dir='ltr'>ρᾳθυμίαν</span> <span class='ocrx_word' id='word_1_857' title='bbox 2916 4197 3256 4253; x_wconf 83' lang='grc' dir='ltr'>ἀποθῶνται.</span> <span class='ocrx_word' id='word_1_858' title='bbox 3319 4199 3480 4252; x_wconf 80' lang='grc' dir='ltr'>Ἔστι</span> <span class='ocrx_word' id='word_1_859' title='bbox 3529 4204 3627 4257; x_wconf 79' lang='grc' dir='ltr'>καί</span> 
     </span>
    </p>
   </div>
   <div class='ocr_carea' id='block_1_112' title="bbox 2015 4281 3627 4357">
    <p class='ocr_par' dir='ltr' id='par_1_112' title="bbox 2015 4281 3627 4357">
     <span class='ocr_line' id='line_1_112' title="bbox 2015 4281 3627 4357; baseline 0.002 -21"><span class='ocrx_word' id='word_1_860' title='bbox 2015 4283 2180 4354; x_wconf 73' lang='grc' dir='ltr'>ἑτέρα</span> <span class='ocrx_word' id='word_1_861' title='bbox 2211 4283 2370 4355; x_wconf 89' lang='grc' dir='ltr'>χρεία</span> <span class='ocrx_word' id='word_1_862' title='bbox 2406 4283 2712 4355; x_wconf 84' lang='grc' dir='ltr'>προοιμίων</span> <span class='ocrx_word' id='word_1_863' title='bbox 2751 4283 2903 4353; x_wconf 85' lang='grc' dir='ltr'>ὑμῖν.</span> <span class='ocrx_word' id='word_1_864' title='bbox 2957 4281 3306 4346; x_wconf 81' lang='grc' dir='ltr'>’Υποθέσεως</span> <span class='ocrx_word' id='word_1_865' title='bbox 3333 4284 3627 4357; x_wconf 86' lang='grc' dir='ltr'>ἁπτόμεθα</span> 
     </span>
    </p>
   </div>
   <div class='ocr_carea' id='block_1_113' title="bbox 2018 4365 3631 4445">
    <p class='ocr_par' dir='ltr' id='par_1_113' title="bbox 2018 4365 3631 4445">
     <span class='ocr_line' id='line_1_113' title="bbox 2018 4365 3631 4445; baseline 0.001 -23"><span class='ocrx_word' id='word_1_866' title='bbox 2018 4370 2368 4439; x_wconf 82' lang='grc' dir='ltr'>μακροτέρας</span> <span class='ocrx_word' id='word_1_867' title='bbox 2420 4365 2706 4432; x_wconf 87' lang='grc' dir='ltr'>πολλάκις,</span> <span class='ocrx_word' id='word_1_868' title='bbox 2739 4367 2807 4438; x_wconf 74' lang='grc' dir='ltr'>ἢν</span> <span class='ocrx_word' id='word_1_869' title='bbox 2850 4366 2912 4419; x_wconf 80' lang='grc' dir='ltr'>ού</span> <span class='ocrx_word' id='word_1_870' title='bbox 2947 4366 3175 4420; x_wconf 80' lang='grc' dir='ltr'>δυνατὸν</span> <span class='ocrx_word' id='word_1_871' title='bbox 3205 4367 3265 4420; x_wconf 81' lang='grc' dir='ltr'>ἐν</span> <span class='ocrx_word' id='word_1_872' title='bbox 3302 4368 3490 4440; x_wconf 68' lang='grc' dir='ltr'>ἡμέρα</span> <span class='ocrx_word' id='word_1_873' title='bbox 3528 4373 3631 4445; x_wconf 70' lang='grc' dir='ltr'>μιᾷ</span> 
     </span>
    </p>
   </div>
   <div class='ocr_carea' id='block_1_114' title="bbox 2015 4449 3628 4524">
    <p class='ocr_par' dir='ltr' id='par_1_114' title="bbox 2015 4449 3628 4524">
     <span class='ocr_line' id='line_1_114' title="bbox 2015 4449 3628 4524; baseline 0.002 -19"><span class='ocrx_word' id='word_1_874' title='bbox 2015 4453 2155 4524; x_wconf 80' lang='grc' dir='ltr'>πρὸς</span> <span class='ocrx_word' id='word_1_875' title='bbox 2191 4452 2348 4517; x_wconf 88' lang='grc' dir='ltr'>τέλος</span> <span class='ocrx_word' id='word_1_876' title='bbox 2390 4451 2648 4520; x_wconf 83' lang='grc' dir='ltr'>ἀγαγεῖν,</span> <span class='ocrx_word' id='word_1_877' title='bbox 2701 4449 2840 4505; x_wconf 88' lang='grc' dir='ltr'>ἀλλά</span> <span class='ocrx_word' id='word_1_878' title='bbox 2893 4451 2989 4504; x_wconf 82' lang='grc' dir='ltr'>καὶ</span> <span class='ocrx_word' id='word_1_879' title='bbox 3039 4450 3306 4523; x_wconf 75' lang='grc' dir='ltr'>δευτέρας</span> <span class='ocrx_word' id='word_1_880' title='bbox 3349 4456 3444 4507; x_wconf 73' lang='grc' dir='ltr'>καὶ</span> <span class='ocrx_word' id='word_1_881' title='bbox 3501 4455 3628 4512; x_wconf 78' lang='grc' dir='ltr'>τοίο-</span> 
     </span>
    </p>
   </div>
   <div class='ocr_carea' id='block_1_115' title="bbox 2014 4533 3628 4613">
    <p class='ocr_par' dir='ltr' id='par_1_115' title="bbox 2014 4533 3628 4613">
     <span class='ocr_line' id='line_1_115' title="bbox 2014 4533 3628 4613; baseline 0.002 -23"><span class='ocrx_word' id='word_1_882' title='bbox 2014 4553 2118 4608; x_wconf 88' lang='grc' dir='ltr'>της</span> <span class='ocrx_word' id='word_1_883' title='bbox 2151 4537 2249 4590; x_wconf 75' lang='grc' dir='ltr'>καὶ</span> <span class='ocrx_word' id='word_1_884' title='bbox 2274 4536 2548 4608; x_wconf 87' lang='grc' dir='ltr'>τετάρτης</span> <span class='ocrx_word' id='word_1_885' title='bbox 2578 4535 2713 4606; x_wconf 89' lang='grc' dir='ltr'>ήμῖν</span> <span class='ocrx_word' id='word_1_886' title='bbox 2753 4533 2904 4588; x_wconf 71' lang='grc' dir='ltr'>ἔστιν</span> <span class='ocrx_word' id='word_1_887' title='bbox 2945 4536 3038 4613; x_wconf 82' lang='grc' dir='ltr'>ὅτε</span> <span class='ocrx_word' id='word_1_888' title='bbox 3065 4534 3385 4608; x_wconf 80' lang='grc' dir='ltr'>ἐξηγήσεως</span> <span class='ocrx_word' id='word_1_889' title='bbox 3418 4540 3499 4604; x_wconf 90' lang='grc' dir='ltr'>εἰς</span> <span class='ocrx_word' id='word_1_890' title='bbox 3529 4541 3628 4608; x_wconf 80' lang='grc' dir='ltr'>τὴν</span> 
     </span>
    </p>
   </div>
   <div class='ocr_carea' id='block_1_116' title="bbox 2017 4618 3630 4691">
    <p class='ocr_par' dir='ltr' id='par_1_116' title="bbox 2017 4618 3630 4691">
     <span class='ocr_line' id='line_1_116' title="bbox 2017 4618 3630 4691; baseline 0.002 -18"><span class='ocrx_word' id='word_1_891' title='bbox 2017 4619 2190 4691; x_wconf 77' lang='grc' dir='ltr'>αὐτὴν</span> <span class='ocrx_word' id='word_1_892' title='bbox 2249 4618 2442 4690; x_wconf 82' lang='grc' dir='ltr'>ἐδέησε</span> <span class='ocrx_word' id='word_1_893' title='bbox 2501 4619 2915 4690; x_wconf 84' lang='grc' dir='ltr'>πραγματείαν.</span> <span class='ocrx_word' id='word_1_894' title='bbox 2988 4619 3232 4689; x_wconf 80' lang='grc' dir='ltr'>Ἀνάγκη</span> <span class='ocrx_word' id='word_1_895' title='bbox 3291 4623 3478 4679; x_wconf 86' lang='grc' dir='ltr'>τοίνυν</span> <span class='ocrx_word' id='word_1_896' title='bbox 3536 4626 3630 4678; x_wconf 79' lang='grc' dir='ltr'>καὶ</span> 
     </span>
    </p>
   </div>
   <div class='ocr_carea' id='block_1_117' title="bbox 2017 4702 3634 4779">
    <p class='ocr_par' dir='ltr' id='par_1_117' title="bbox 2017 4702 3634 4779">
     <span class='ocr_line' id='line_1_117' title="bbox 2017 4702 3634 4779; baseline 0.003 -21"><span class='ocrx_word' id='word_1_897' title='bbox 2017 4702 2193 4778; x_wconf 75' lang='grc' dir='ltr'>ταύτῃ</span> <span class='ocrx_word' id='word_1_898' title='bbox 2216 4706 2283 4775; x_wconf 75' lang='grc' dir='ltr'>τῇ</span> <span class='ocrx_word' id='word_1_899' title='bbox 2319 4703 2552 4775; x_wconf 76' lang='grc' dir='ltr'>δευτέρᾳ</span> <span class='ocrx_word' id='word_1_900' title='bbox 2585 4703 2772 4775; x_wconf 79' lang='grc' dir='ltr'>ἡμέρᾳ</span> <span class='ocrx_word' id='word_1_901' title='bbox 2788 4703 2858 4758; x_wconf 84' lang='grc' dir='ltr'>τὰ</span> <span class='ocrx_word' id='word_1_902' title='bbox 2885 4704 3016 4775; x_wconf 88' lang='grc' dir='ltr'>τέλη</span> <span class='ocrx_word' id='word_1_903' title='bbox 3040 4706 3141 4775; x_wconf 86' lang='grc' dir='ltr'>τῆς</span> <span class='ocrx_word' id='word_1_904' title='bbox 3177 4706 3456 4779; x_wconf 84' lang='grc' dir='ltr'>προτέρας</span> <span class='ocrx_word' id='word_1_905' title='bbox 3486 4708 3634 4769; x_wconf 69' lang='grc' dir='ltr'>διδατ</span> 
     </span>
    </p>
   </div>
   <div class='ocr_carea' id='block_1_118' title="bbox 2021 4787 3632 4863">
    <p class='ocr_par' dir='ltr' id='par_1_118' title="bbox 2021 4787 3632 4863">
     <span class='ocr_line' id='line_1_118' title="bbox 2021 4787 3632 4863; baseline 0.003 -22"><span class='ocrx_word' id='word_1_906' title='bbox 2021 4788 2254 4851; x_wconf 90' lang='grc' dir='ltr'>σκαλίας</span> <span class='ocrx_word' id='word_1_907' title='bbox 2296 4787 2613 4853; x_wconf 82' lang='grc' dir='ltr'>ἀναλαϐεῖν,</span> <span class='ocrx_word' id='word_1_908' title='bbox 2650 4787 2719 4840; x_wconf 72' lang='grc' dir='ltr'>ἵν’</span> <span class='ocrx_word' id='word_1_909' title='bbox 2751 4791 2928 4850; x_wconf 78' lang='grc' dir='ltr'>οὕτως</span> <span class='ocrx_word' id='word_1_910' title='bbox 2985 4788 3257 4859; x_wconf 68' lang='grc' dir='ltr'>ἀρμοσθὲν</span> <span class='ocrx_word' id='word_1_911' title='bbox 3286 4793 3354 4861; x_wconf 79' lang='grc' dir='ltr'>τῇ</span> <span class='ocrx_word' id='word_1_912' title='bbox 3391 4793 3536 4863; x_wconf 84' lang='grc' dir='ltr'>ἀρχῇ</span> <span class='ocrx_word' id='word_1_913' title='bbox 3570 4794 3632 4846; x_wconf 88' lang='lat'>16</span> 
     </span>
    </p>
   </div>
   <div class='ocr_carea' id='block_1_119' title="bbox 2017 4871 3630 4947">
    <p class='ocr_par' dir='ltr' id='par_1_119' title="bbox 2017 4871 3630 4947">
     <span class='ocr_line' id='line_1_119' title="bbox 2017 4871 3630 4947; baseline 0.001 -21"><span class='ocrx_word' id='word_1_914' title='bbox 2017 4872 2192 4935; x_wconf 87' lang='grc' dir='ltr'>τέλος,</span> <span class='ocrx_word' id='word_1_915' title='bbox 2228 4871 2568 4943; x_wconf 85' lang='grc' dir='ltr'>σαφεστέραν</span> <span class='ocrx_word' id='word_1_916' title='bbox 2618 4873 2743 4942; x_wconf 84' lang='grc' dir='ltr'>ποιῇ</span> <span class='ocrx_word' id='word_1_917' title='bbox 2779 4874 2892 4935; x_wconf 78' lang='grc' dir='ltr'>τοῖς</span> <span class='ocrx_word' id='word_1_918' title='bbox 2927 4872 3166 4944; x_wconf 75' lang='grc' dir='ltr'>παροῦσι</span> <span class='ocrx_word' id='word_1_919' title='bbox 3201 4874 3302 4944; x_wconf 81' lang='grc' dir='ltr'>τήν</span> <span class='ocrx_word' id='word_1_920' title='bbox 3342 4875 3630 4947; x_wconf 80' lang='grc' dir='ltr'>ἐξήγησιν,</span> 
     </span>
    </p>
   </div>
   <div class='ocr_carea' id='block_1_120' title="bbox 2020 4953 3633 5030">
    <p class='ocr_par' dir='ltr' id='par_1_120' title="bbox 2020 4953 3633 5030">
     <span class='ocr_line' id='line_1_120' title="bbox 2020 4953 3633 5030; baseline -0.004 -21"><span class='ocrx_word' id='word_1_921' title='bbox 2020 4957 2114 5010; x_wconf 76' lang='grc' dir='ltr'>καὶ</span> <span class='ocrx_word' id='word_1_922' title='bbox 2149 4955 2224 5027; x_wconf 84' lang='grc' dir='ltr'>μὴ</span> <span class='ocrx_word' id='word_1_923' title='bbox 2250 4956 2351 5028; x_wconf 83' lang='grc' dir='ltr'>τῆς</span> <span class='ocrx_word' id='word_1_924' title='bbox 2376 4953 2701 5019; x_wconf 87' lang='grc' dir='ltr'>ἀκολουθίας</span> <span class='ocrx_word' id='word_1_925' title='bbox 2726 4956 3121 5028; x_wconf 73' lang='grc' dir='ltr'>ἀπηρτημένος</span> <span class='ocrx_word' id='word_1_926' title='bbox 3161 4959 3189 5011; x_wconf 87' lang='grc' dir='ltr'>ὁ</span> <span class='ocrx_word' id='word_1_927' title='bbox 3228 4958 3388 5027; x_wconf 81' lang='grc' dir='ltr'>λόγος</span> <span class='ocrx_word' id='word_1_928' title='bbox 3428 4962 3633 5030; x_wconf 75' lang='grc' dir='ltr'>ἀφανέ-</span> 
     </span>
    </p>
   </div>
   <div class='ocr_carea' id='block_1_121' title="bbox 2023 5035 3633 5117">
    <p class='ocr_par' dir='ltr' id='par_1_121' title="bbox 2023 5035 3633 5117">
     <span class='ocr_line' id='line_1_121' title="bbox 2023 5035 3633 5117; baseline 0.004 -24"><span class='ocrx_word' id='word_1_929' title='bbox 2023 5057 2214 5112; x_wconf 85' lang='grc' dir='ltr'>στερος</span> <span class='ocrx_word' id='word_1_930' title='bbox 2333 5041 2446 5102; x_wconf 86' lang='grc' dir='ltr'>τοῖς</span> <span class='ocrx_word' id='word_1_931' title='bbox 2481 5041 2804 5110; x_wconf 82' lang='grc' dir='ltr'>ἀκροαταῖς.</span> <span class='ocrx_word' id='word_1_932' title='bbox 2848 5039 2959 5092; x_wconf 76' lang='grc' dir='ltr'>Καὶ</span> <span class='ocrx_word' id='word_1_933' title='bbox 2989 5035 3076 5092; x_wconf 74' lang='grc' dir='ltr'>ἵνα</span> <span class='ocrx_word' id='word_1_934' title='bbox 3131 5041 3313 5114; x_wconf 77' lang='grc' dir='ltr'>μάθῃς</span> <span class='ocrx_word' id='word_1_935' title='bbox 3343 5043 3425 5096; x_wconf 82' lang='grc' dir='ltr'>δτι</span> <span class='ocrx_word' id='word_1_936' title='bbox 3462 5047 3633 5117; x_wconf 78' lang='grc' dir='ltr'>χωρὶς</span> 
     </span>
    </p>
   </div>
   <div class='ocr_carea' id='block_1_122' title="bbox 2022 5123 3631 5198">
    <p class='ocr_par' dir='ltr' id='par_1_122' title="bbox 2022 5123 3631 5198">
     <span class='ocr_line' id='line_1_122' title="bbox 2022 5123 3631 5198; baseline 0.004 -22"><span class='ocrx_word' id='word_1_937' title='bbox 2022 5124 2328 5196; x_wconf 88' lang='grc' dir='ltr'>προοιμίων</span> <span class='ocrx_word' id='word_1_938' title='bbox 2350 5125 2709 5194; x_wconf 78' lang='grc' dir='ltr'>εἰσαγόμενος</span> <span class='ocrx_word' id='word_1_939' title='bbox 2739 5123 2898 5191; x_wconf 84' lang='grc' dir='ltr'>λόγος</span> <span class='ocrx_word' id='word_1_940' title='bbox 2927 5123 3108 5177; x_wconf 71' lang='grc' dir='ltr'>ούδενὶ</span> <span class='ocrx_word' id='word_1_941' title='bbox 3141 5125 3420 5198; x_wconf 87' lang='grc' dir='ltr'>γνώριμος</span> <span class='ocrx_word' id='word_1_942' title='bbox 3450 5129 3631 5190; x_wconf 78' lang='grc' dir='ltr'>ἔσται,</span> 
     </span>
    </p>
   </div>
   <div class='ocr_carea' id='block_1_123' title="bbox 2026 5203 3632 5282">
    <p class='ocr_par' dir='ltr' id='par_1_123' title="bbox 2026 5203 3632 5282">
     <span class='ocr_line' id='line_1_123' title="bbox 2026 5203 3632 5282; baseline 0.002 -21"><span class='ocrx_word' id='word_1_943' title='bbox 2026 5207 2138 5262; x_wconf 81' lang='grc' dir='ltr'>ἰδοὺ</span> <span class='ocrx_word' id='word_1_944' title='bbox 2179 5209 2351 5278; x_wconf 73' lang='grc' dir='ltr'>χωρὶς</span> <span class='ocrx_word' id='word_1_945' title='bbox 2379 5209 2686 5278; x_wconf 83' lang='grc' dir='ltr'>προοιμίων</span> <span class='ocrx_word' id='word_1_946' title='bbox 2713 5206 2879 5262; x_wconf 79' lang='grc' dir='ltr'>αὐτὸν</span> <span class='ocrx_word' id='word_1_947' title='bbox 2905 5208 3117 5276; x_wconf 81' lang='grc' dir='ltr'>εἰσάγω</span> <span class='ocrx_word' id='word_1_948' title='bbox 3149 5208 3245 5262; x_wconf 90' lang='grc' dir='ltr'>νῦν</span> <span class='ocrx_word' id='word_1_949' title='bbox 3280 5203 3480 5282; x_wconf 81' lang='grc' dir='ltr'>πείρας</span> <span class='ocrx_word' id='word_1_950' title='bbox 3516 5212 3632 5264; x_wconf 73' lang='grc' dir='ltr'>ἐνε-</span> 
     </span>
    </p>
   </div>
   <div class='ocr_carea' id='block_1_124' title="bbox 2023 5289 3638 5361">
    <p class='ocr_par' dir='ltr' id='par_1_124' title="bbox 2023 5289 3638 5361">
     <span class='ocr_line' id='line_1_124' title="bbox 2023 5289 3638 5361; baseline 0.002 -15"><span class='ocrx_word' id='word_1_951' title='bbox 2023 5310 2140 5347; x_wconf 87' lang='grc' dir='ltr'>κεν.</span> <span class='ocrx_word' id='word_1_952' title='bbox 2193 5290 2537 5361; x_wconf 67' lang='grc' dir='ltr'>Ἐμϐλέψας</span> <span class='ocrx_word' id='word_1_953' title='bbox 2589 5289 2657 5344; x_wconf 82' lang='grc' dir='ltr'>δὲ</span> <span class='ocrx_word' id='word_1_954' title='bbox 2699 5289 2860 5354; x_wconf 83' lang='grc' dir='ltr'>αὐτῷ</span> <span class='ocrx_word' id='word_1_955' title='bbox 2905 5294 2937 5344; x_wconf 87' lang='lat' dir='ltr'>o&#39;</span> <span class='ocrx_word' id='word_1_956' title='bbox 2977 5293 3212 5360; x_wconf 84' lang='grc' dir='ltr'>Ἰησοῦς</span> <span class='ocrx_word' id='word_1_957' title='bbox 3255 5290 3423 5359; x_wconf 76' lang='grc' dir='ltr'>εἷπε,</span> <span class='ocrx_word' id='word_1_958' title='bbox 3461 5297 3546 5349; x_wconf 87' lang='grc' dir='ltr'>Σὺ</span> <span class='ocrx_word' id='word_1_959' title='bbox 3581 5293 3638 5350; x_wconf 78' lang='grc' dir='ltr'>εἶ</span> 
     </span>
    </p>
   </div>
   <div class='ocr_carea' id='block_1_125' title="bbox 2024 5373 3635 5450">
    <p class='ocr_par' dir='ltr' id='par_1_125' title="bbox 2024 5373 3635 5450">
     <span class='ocr_line' id='line_1_125' title="bbox 2024 5373 3635 5450; baseline 0.002 -20"><span class='ocrx_word' id='word_1_960' title='bbox 2024 5378 2224 5446; x_wconf 72' lang='grc' dir='ltr'>Σίμων</span> <span class='ocrx_word' id='word_1_961' title='bbox 2254 5377 2387 5442; x_wconf 77' lang='grc' dir='ltr'>υίὸς</span> <span class='ocrx_word' id='word_1_962' title='bbox 2437 5373 2617 5438; x_wconf 85' lang='grc' dir='ltr'>Ἰωνᾶ,</span> <span class='ocrx_word' id='word_1_963' title='bbox 2655 5376 2738 5429; x_wconf 87' lang='grc' dir='ltr'>σὺ</span> <span class='ocrx_word' id='word_1_964' title='bbox 2787 5377 3347 5447; x_wconf 59' lang='grc' dir='ltr'>κληθήσῃιιίηφᾶς,</span> <span class='ocrx_word' id='word_1_965' title='bbox 3375 5379 3406 5432; x_wconf 82' lang='grc' dir='ltr'><em>ὃ</em></span> <span class='ocrx_word' id='word_1_966' title='bbox 3453 5379 3635 5450; x_wconf 78' lang='grc' dir='ltr'>ἑρμη-</span> 
     </span>
    </p>
   </div>
   <div class='ocr_carea' id='block_1_126' title="bbox 2024 5461 3634 5538">
    <p class='ocr_par' dir='ltr' id='par_1_126' title="bbox 2024 5461 3634 5538">
     <span class='ocr_line' id='line_1_126' title="bbox 2024 5461 3634 5538; baseline 0.003 -24"><span class='ocrx_word' id='word_1_967' title='bbox 2024 5462 2261 5515; x_wconf 83' lang='grc' dir='ltr'>νεύεται</span> <span class='ocrx_word' id='word_1_968' title='bbox 2293 5461 2537 5529; x_wconf 80' lang='grc' dir='ltr'>Πέτρος.</span> <span class='ocrx_word' id='word_1_969' title='bbox 2583 5462 2803 5532; x_wconf 75' lang='grc' dir='ltr'>Ὁρᾶτε,</span> <span class='ocrx_word' id='word_1_970' title='bbox 2840 5463 2915 5533; x_wconf 83' lang='grc' dir='ltr'>μή</span> <span class='ocrx_word' id='word_1_971' title='bbox 2948 5463 3162 5516; x_wconf 90' lang='grc' dir='ltr'>συνίετε</span> <span class='ocrx_word' id='word_1_972' title='bbox 3203 5463 3265 5516; x_wconf 91' lang='lat'>16</span> <span class='ocrx_word' id='word_1_973' title='bbox 3297 5464 3526 5535; x_wconf 81' lang='grc' dir='ltr'>λεχθέν;</span> <span class='ocrx_word' id='word_1_974' title='bbox 3559 5466 3634 5538; x_wconf 79' lang='grc' dir='ltr'>μή</span> 
     </span>
    </p>
   </div>
   <div class='ocr_carea' id='block_1_127' title="bbox 2025 5545 3636 5628">
    <p class='ocr_par' dir='ltr' id='par_1_127' title="bbox 2025 5545 3636 5628">
     <span class='ocr_line' id='line_1_127' title="bbox 2025 5545 3636 5628; baseline 0.003 -31"><span class='ocrx_word' id='word_1_975' title='bbox 2025 5545 2142 5597; x_wconf 85' lang='grc' dir='ltr'>ῐστε</span> <span class='ocrx_word' id='word_1_976' title='bbox 2173 5545 2273 5615; x_wconf 76' lang='grc' dir='ltr'>τὴν</span> <span class='ocrx_word' id='word_1_977' title='bbox 2314 5545 2660 5624; x_wconf 58' lang='grc' dir='ltr'>ἀδιολουθίαν,</span> <span class='ocrx_word' id='word_1_978' title='bbox 2705 5547 2853 5610; x_wconf 90' lang='grc' dir='ltr'>τίνος</span> <span class='ocrx_word' id='word_1_979' title='bbox 2899 5547 3088 5602; x_wconf 73' lang='grc' dir='ltr'>ἕνεκεν</span> <span class='ocrx_word' id='word_1_980' title='bbox 3139 5550 3397 5619; x_wconf 83' lang='grc' dir='ltr'>είρηται;</span> <span class='ocrx_word' id='word_1_981' title='bbox 3443 5550 3636 5628; x_wconf 73' lang='grc' dir='ltr'>ἐπειδὴ</span> 
     </span>
    </p>
   </div>
   <div class='ocr_carea' id='block_1_128' title="bbox 2026 5631 3634 5708">
    <p class='ocr_par' dir='ltr' id='par_1_128' title="bbox 2026 5631 3634 5708">
     <span class='ocr_line' id='line_1_128' title="bbox 2026 5631 3634 5708; baseline 0.004 -24"><span class='ocrx_word' id='word_1_982' title='bbox 2026 5633 2198 5703; x_wconf 81' lang='grc' dir='ltr'>χωρίς</span> <span class='ocrx_word' id='word_1_983' title='bbox 2231 5634 2522 5702; x_wconf 85' lang='grc' dir='ltr'>προοιμίου</span> <span class='ocrx_word' id='word_1_984' title='bbox 2557 5634 2690 5688; x_wconf 85' lang='grc' dir='ltr'>αὐτὸ</span> <span class='ocrx_word' id='word_1_985' title='bbox 2739 5635 3060 5704; x_wconf 85' lang='grc' dir='ltr'>εἰσήγαγον,</span> <span class='ocrx_word' id='word_1_986' title='bbox 3107 5637 3308 5689; x_wconf 81' lang='grc' dir='ltr'>ταύτὸν</span> <span class='ocrx_word' id='word_1_987' title='bbox 3353 5631 3634 5708; x_wconf 79' lang='grc' dir='ltr'>ποιήσας,</span> 
     </span>
    </p>
   </div>
   <div class='ocr_carea' id='block_1_129' title="bbox 2027 5714 3639 5792">
    <p class='ocr_par' dir='ltr' id='par_1_129' title="bbox 2027 5714 3639 5792">
     <span class='ocr_line' id='line_1_129' title="bbox 2027 5714 3639 5792; baseline 0.004 -24"><span class='ocrx_word' id='word_1_988' title='bbox 2027 5714 2218 5786; x_wconf 76' lang='grc' dir='ltr'>ὥσπερ</span> <span class='ocrx_word' id='word_1_989' title='bbox 2247 5717 2312 5768; x_wconf 84' lang='grc' dir='ltr'>ἂν</span> <span class='ocrx_word' id='word_1_990' title='bbox 2351 5718 2403 5770; x_wconf 75' lang='grc' dir='ltr'>εἴ</span> <span class='ocrx_word' id='word_1_991' title='bbox 2441 5735 2526 5782; x_wconf 93' lang='grc' dir='ltr'>τις</span> <span class='ocrx_word' id='word_1_992' title='bbox 2562 5717 2852 5789; x_wconf 74' lang='grc' dir='ltr'>ἄνθρωπον</span> <span class='ocrx_word' id='word_1_993' title='bbox 2895 5719 3164 5774; x_wconf 84' lang='grc' dir='ltr'>πάντοθεν</span> <span class='ocrx_word' id='word_1_994' title='bbox 3207 5721 3524 5792; x_wconf 83' lang='grc' dir='ltr'>περιϐαλὼν</span> <span class='ocrx_word' id='word_1_995' title='bbox 3557 5725 3639 5786; x_wconf 85' lang='grc' dir='ltr'>εἰς</span> 
     </span>
    </p>
   </div>
   <div class='ocr_carea' id='block_1_130' title="bbox 2031 5800 3639 5877">
    <p class='ocr_par' dir='ltr' id='par_1_130' title="bbox 2031 5800 3639 5877">
     <span class='ocr_line' id='line_1_130' title="bbox 2031 5800 3639 5877; baseline 0.005 -24"><span class='ocrx_word' id='word_1_996' title='bbox 2031 5801 2088 5854; x_wconf 72' lang='lat'>16</span> <span class='ocrx_word' id='word_1_997' title='bbox 2129 5801 2354 5874; x_wconf 80' lang='grc' dir='ltr'>θέατρον</span> <span class='ocrx_word' id='word_1_998' title='bbox 2381 5804 2686 5872; x_wconf 76' lang='grc' dir='ltr'>εἰσαγάγοι.</span> <span class='ocrx_word' id='word_1_999' title='bbox 2715 5804 2854 5877; x_wconf 76' lang='grc' dir='ltr'>Φέρε</span> <span class='ocrx_word' id='word_1_1000' title='bbox 2885 5800 3004 5868; x_wconf 83' lang='grc' dir='ltr'>οὖν,</span> <span class='ocrx_word' id='word_1_1001' title='bbox 3038 5804 3207 5865; x_wconf 84' lang='grc' dir='ltr'>αύτδν</span> <span class='ocrx_word' id='word_1_1002' title='bbox 3245 5805 3434 5860; x_wconf 78' lang='grc' dir='ltr'>λοιπὸν</span> <span class='ocrx_word' id='word_1_1003' title='bbox 3465 5807 3639 5860; x_wconf 82' lang='grc' dir='ltr'>ἐκκα-</span> 
     </span>
    </p>
   </div>
  </div>
