4080 6414
271 342 388 402 137

267 464 430 515 erat.
465 455 680 526 quando
703 453 769 509 de
809 454 1116 511 nominibus
1141 449 1574 514 disserebamus,
1604 447 1886 528 quaereba-

263 561 508 615 musque
543 562 639 600 cur
679 544 966 614 aliquando
1006 545 1242 608 Saulus,
1295 553 1478 612 postea
1523 555 1652 594 vero
1696 539 1890 594 Paulus

271 648 510 692 vocatus
539 636 716 690 fuerit.
751 635 878 690 Inde
918 650 1046 689 vero
1079 633 1306 704 digressi
1339 646 1523 686 sumus
1553 630 1621 684 ad
1653 640 1887 683 veterem

271 725 587 792 historiam,
601 742 894 797 omnesque
911 729 999 796 qui
1020 725 1339 796 cognomina
1359 725 1655 778 habuerant
1673 724 1853 776 exatni
1868 752 1885 762 -

265 821 545 873 novimus.
592 817 802 872 Deinde
840 817 1114 872 Simonem
1146 815 1689 870 commemoravimus
1709 853 1724 876 ,
1756 829 1885 868 nec-

264 924 389 963 non
417 908 686 963 Christum
720 909 818 978 ipsi
847 907 1138 972 dicentem,
1171 905 1246 958 Tu
1273 923 1324 959 es
1348 904 1529 962 Simon
1555 905 1696 972 ﬁlius
1724 902 1883 968 Jona,

261 1009 328 1052 ιιι
379 999 635 1054 vocaberis
681 997 903 1067 Cepltas,
944 998 1082 1067 quod
1126 1005 1196 1050 est
1240 997 1622 1065 interpretatum
1674 993 1883 1050 Petrus.

271 1089 475 1143 Viden’
503 1105 609 1159 quo
636 1099 793 1158 pacto
820 1087 872 1142 id
902 1086 1042 1162 qno_d
1074 1085 1388 1140 difﬁcultate
1413 1085 1629 1162 plenum
1661 1086 1882 1140 videbao

261 1191 386 1248 tur,
410 1196 552 1235 nunc
572 1181 746 1234 notius
761 1179 1026 1234 evaserit?
1043 1176 1503 1245 Quemadmodum
1521 1176 1664 1230 enim
1687 1190 1884 1245 corpus

258 1275 486 1341 capite,
524 1273 682 1327 arbor
707 1271 918 1339 radice,
959 1282 1010 1325 et
1040 1270 1234 1324 flumen
1279 1269 1426 1324 fonte
1457 1269 1690 1337 indiget,
1721 1270 1798 1323 sic
1826 1277 1883 1323 et

260 1367 451 1418 oratio
479 1364 759 1432 prooemio.
792 1364 970 1432 Itaque
994 1376 1241 1427 cumgvos
1273 1363 1323 1415 in
1364 1361 1460 1416 via:
1504 1362 1714 1415 initium
1746 1376 1880 1414 con-

261 1456 644 1518 stituerimus,
692 1463 744 1508 et
788 1454 1228 1522 consequentiam
1288 1451 1720 1517 ostenderimus,
1767 1452 1879 1522 ja~n

263 1547 516 1602 historiae
545 1547 861 1617 prooemium
892 1555 1193 1617 tangamus.

347 1637 454 1692 Cur
485 1636 652 1691 Paulo
683 1655 866 1692 nomen
896 1639 958 1692 sit
990 1648 1256 1692 mutatum.
1300 1637 1404 1692 Cur
1435 1655 1535 1692 non
1564 1642 1735 1693 statim
1767 1647 1880 1709 post

263 1731 648 1786 conrersionem
676 1742 922 1784 mutatum
944 1732 990 1785 ei
1017 1748 1200 1784 nomen
1221 1733 1394 1800 fuerit.
1409 1761 1480 1770 --
1499 1729 1692 1786 Saulus
1711 1742 1880 1784 autent

261 1825 443 1877 adhuc
472 1825 676 1892 spirans
701 1825 956 1877 nu'narum
980 1833 1026 1877 et
1053 1824 1206 1878 (tedis
1240 1824 1292 1876 in
1336 1823 1615 1892 discipulos
1668 1819 1880 1874 Domini

264 1918 414 1989 (Art.
451 1917 505 1972 9.
549 1916 624 1988 l).
657 1916 712 1970 lu
729 1916 984 1985 Epistolis
1014 1916 1210 1971 Paulus
1241 1925 1497 1970 vocatur:
1521 1929 1619 1969 cur
1647 1929 1778 1984 ergo
1803 1914 1876 1969 illi

264 2027 468 2065 nomen
497 2010 722 2064 mutavit
747 2008 981 2079 Spiritus
1007 2008 1259 2064 sanctus?
1285 2005 1750 2075 Quemadmodum
1779 2006 1880 2062 he-

261 2118 384 2169 rus,
427 2111 608 2171 empto
630 2116 788 2156 servo
808 2141 821 2166 ,
853 2109 911 2154 ut
941 2101 1013 2154 illi
1047 2099 1270 2154 herilem
1299 2107 1617 2169 potestatem
1645 2098 1877 2168 indicet,

261 2195 385 2262 ejus
412 2210 608 2248 nomen
642 2201 811 2248 mutat
833 2212 851 2247 ξ
879 2193 948 2247 ita
974 2201 1030 2248 et
1058 2191 1290 2262 Spiritus
1322 2202 1541 2247 sanctus
1575 2202 1702 2247 tunc
1728 2191 1874 2246 fecit.

263 2285 348 2340 Ex
381 2285 686 2353 captivitate
722 2299 954 2354 namque
983 2283 1206 2339 Paulum
1245 2292 1562 2352 acceperat,
1607 2291 1663 2338 et
1706 2299 1878 2351 nuper

263 2379 358 2432 ille
395 2388 511 2431 erat
555 2377 644 2430 tali
694 2376 932 2429 dominio
981 2376 1270 2446 subjectus.
1331 2375 1454 2429 ldeo
1504 2375 1622 2444 ejus
1677 2391 1873 2429 nomen

261 2469 495 2524 mutavit
521 2509 534 2531 ,
581 2479 638 2521 ut
672 2467 794 2520 inde
839 2468 925 2523 ille
951 2468 1244 2522 dominium
1273 2467 1556 2522 edisceret.
1586 2466 1874 2522 Nominum

257 2561 464 2630 quippe
509 2559 779 2629 impOSitio
808 2557 1030 2612 dominii
1061 2569 1142 2612 est
1173 2567 1548 2627 argumentum
1574 2557 1749 2627 :quod
1785 2573 1878 2627 pa-

261 2652 372 2704 lam
403 2659 486 2704 est
532 2665 598 2704 ex
647 2651 710 2703 iis
740 2664 859 2718 qua:
903 2649 1143 2718 quotidie
1187 2656 1489 2718 geruntur,
1537 2648 1875 2704 manifestius

257 2751 444 2794 autem
478 2740 581 2795 erit
622 2755 686 2794 ex
730 2741 832 2802 iis,
873 2754 992 2807 qua:
1023 2740 1074 2792 in
1117 2738 1324 2792 Adamo
1368 2740 1492 2794 fecit
1536 2739 1696 2793 Deus.
1738 2737 1871 2794 Cum

255 2833 426 2887 vellet
469 2831 614 2886 enim
657 2831 801 2884 illum
842 2829 1077 2891 docere,
1126 2829 1267 2899 quod
1300 2831 1414 2898 ipse
1456 2843 1600 2884 esset
1628 2833 1870 2885 onmium

257 2923 514 2994 princeps
543 2932 597 2975 et
638 2921 888 2975 dominus
907 2961 923 2986 ,
956 2919 1181 2974 adduxit
1207 2913 1282 2973 'ad
1310 2936 1433 2975 eum
1460 2922 1640 2974 omnia
1666 2922 1872 2976 anima-

257 3015 328 3068 lia
347 3056 363 3080 ,
401 3011 468 3068 Ut
492 3014 680 3066 videret
706 3013 826 3081 quid
855 3023 1052 3065 vocaret
1082 3027 1140 3064 ea
1164 3011 1314 3080 (Gen.
1342 3011 1398 3064 2.
1433 3012 1547 3078 19),
1578 3012 1872 3068 ostendens

259 3107 543 3161 nominum
577 3105 974 3174 itnpositionem
1005 3104 1302 3159 dominium
1341 3104 1684 3160 conﬁrmare.
1715 3106 1868 3173 Quod

254 3199 301 3251 si
334 3197 512 3252 velitis
533 3198 602 3251 ita
633 3210 846 3265 quoque
875 3197 1013 3266 apud
1043 3196 1290 3250 homines
1316 3197 1514 3250 factum
1543 3196 1708 3252 fuisse
1734 3213 1867 3252 con-

255 3289 503 3356 Spicere,
536 3287 871 3356 discereque,
902 3288 952 3339 in
983 3302 1132 3341 more
1163 3287 1289 3340 olim
1324 3287 1636 3358 plerumque
1665 3289 1828 3343 fuisse
1848 3327 1867 3356 ,

257 3389 319 3432 nt
353 3379 526 3434 servis
569 3379 621 3432 in
653 3377 1019 3447 captivitatem
1053 3378 1297 3432 abductis
1334 3379 1551 3433 nomina
1589 3390 1865 3434 mutaren-

256 3483 348 3525 tur
368 3513 382 3538 ,
411 3469 592 3524 audite
618 3470 743 3539 quid
772 3468 958 3524 fecerit
986 3486 1080 3524 rex
1115 3470 1551 3540 Babyloniorum.
1581 3470 1713 3525 Nam
1742 3487 1864 3526 cum

258 3561 559 3630 accepisset
601 3577 665 3615 ex
713 3561 1020 3628 captivitate
1052 3562 1352 3626 Ananiam,
1402 3563 1652 3616 Azariam
1681 3571 1736 3617 et
1767 3562 1863 3615 lili-

256 3653 459 3709 sselem
486 3695 502 3720 ,
546 3668 651 3707 non
679 3653 896 3722 reliquit
927 3655 1006 3707 eis
1034 3654 1214 3722 priora
1246 3653 1464 3706 nomina
1486 3695 1501 3719 ,
1529 3652 1626 3707 sed
1653 3654 1865 3707 vocavit

252 3761 373 3810 eos,
391 3744 609 3811 Sedrac,
626 3744 787 3798 Misac
801 3753 856 3799 et
873 3747 910 3797 Α
921 3743 1192 3814 bdenago(
1206 3743 1406 3797 Daniel.
1429 3745 1478 3798 ί.
1499 3745 1551 3798 6.
1571 3743 1646 3816 7).
1666 3744 1862 3798 Verum

253 3849 672 3908 quienantcausa
687 3835 892 3889 fuitcur
909 3849 1012 3888 non
1031 3835 1210 3889 statim
1231 3834 1373 3889 Sauli
1394 3849 1588 3889 nomen
1609 3843 1860 3898 mutaret,

254 3928 350 3984 sed
379 3937 504 3998 post
531 3928 756 3983 multum
781 3928 1076 3996 temporis?
1099 3928 1234 3994 Quia
1269 3928 1314 3980 si
1349 3928 1528 3980 statim
1561 3935 1683 3996 post
1713 3926 1862 3981 Pauli

253 4019 668 4074 conversionem
697 4020 863 4088 ipsius
892 4033 1087 4072 nomen
1111 4026 1389 4081 mutasset,
1413 4019 1695 4073 conversio
1715 4019 1863 4073 Pauli

253 4109 323 4165 ad
357 4109 518 4164 fidem
568 4125 672 4164 non
709 4109 896 4164 fuisset
935 4108 1240 4164 manifesta.
1294 4109 1492 4164 Verum
1525 4110 1669 4179 quod
1702 4111 1754 4162 in
1789 4112 1864 4164 fa-

254 4202 417 4257 mulis
461 4217 558 4256 usu
610 4202 794 4257 venire
839 4201 1022 4269 solet,
1065 4201 1155 4271 qui
1199 4202 1241 4254 si
1291 4205 1469 4255 statim
1517 4210 1638 4271 post
1685 4201 1862 4272 fugam

252 4293 471 4348 nomina
517 4300 754 4359 mutent,
796 4291 995 4346 occulti
1044 4301 1294 4356 manent,
1341 4291 1574 4360 idipsum
1607 4293 1660 4345 in
1699 4292 1862 4346 Paulo

251 4384 596 4452 contigisset;
627 4383 671 4438 si
703 4397 829 4438 mox
854 4424 869 4450 ,
903 4393 960 4436 ut
989 4382 1194 4437 relictis
1221 4382 1421 4438 Judwis
1452 4383 1520 4437 ad
1553 4398 1654 4437 nos
1685 4385 1859 4450 venit,

251 4489 455 4529 nomen
486 4475 836 4540 mutavisset,
880 4490 1042 4529 nemo
1084 4475 1332 4529 scivisset
1373 4490 1496 4530 eum
1544 4475 1633 4544 qui
1682 4491 1864 4545 perse-

251 4575 453 4637 quutor
482 4574 620 4632 erat,
652 4580 774 4621 esse
801 4566 1184 4636 evangelistam
1205 4607 1220 4632 ,
1253 4576 1306 4620 et
1332 4565 1632 4635 apostolum
1663 4565 1860 4621 factum

250 4673 394 4715 esse.
428 4654 563 4713 Illud
590 4657 733 4712 enim
763 4657 979 4713 Judatos
1011 4657 1328 4724 Cohihebat,
1372 4657 1515 4727 quod
1555 4673 1714 4727 quem
1760 4659 1861 4713 do-

250 4734 458 4804 ctorem
492 4765 658 4820 penes
686 4765 746 4803 se
773 4749 1074 4804 habuerant
1099 4789 1112 4809 ,
1143 4759 1269 4803 tunc
1299 4747 1665 4804 adversarium
1698 4765 1862 4819 expc-

251 4842 510 4897 rirentnr.
555 4840 633 4897 Ne
671 4843 849 4910 itaque
879 4840 1054 4896 subita
1088 4841 1321 4894 nominis
1350 4841 1575 4894 mutatio
1603 4843 1860 4911 propositi

252 4933 608 4988 mutationem
655 4933 967 5004 obtegeret,
1021 4932 1190 4986 multo
1243 4930 1393 4986 illum
1447 4941 1690 5002 tempore
1739 4949 1860 4988 cum

255 5024 423 5096 priori
445 5023 662 5080 nomine
685 5025 904 5096 reliquit
921 5044 932 5078 :
948 5033 1005 5078 ut
1022 5035 1305 5095 postquam
1332 5038 1522 5079 omnes
1547 5024 1862 5081 didicissent

251 5132 376 5170 eum
401 5115 573 5186 ipsum
605 5129 744 5182 esse,
777 5117 873 5185 qui
901 5116 1195 5171 Ecclesium
1226 5124 1382 5170 antea
1415 5118 1859 5186 persequebatur,

255 5218 383 5265 tunc
434 5225 491 5265 re
531 5209 782 5264 omnibus
821 5217 1133 5278 comperta,
1181 5225 1378 5263 nomen
1427 5219 1744 5265 mutaretur.
1799 5212 1864 5266 Et

253 5301 396 5372 quod
429 5303 539 5372 ipsa
575 5317 697 5357 vera
727 5302 797 5355 sit
826 5317 1018 5363 causa.
1046 5301 1169 5354 audi
1198 5301 1371 5369 ipsum
1404 5301 1706 5356 dicentem:
1739 5300 1862 5356 Veni

252 5397 306 5448 in
348 5404 516 5463 partes
555 5393 725 5464 Syria:
752 5403 796 5448 et
824 5391 1016 5448 Cilicia:
1040 5407 1058 5446 :
1078 5407 1314 5459 eramque
1346 5393 1550 5461 ignotus
1592 5393 1726 5463 {acie
1757 5392 1861 5446 Ec-

253 5485 421 5542 rlesiis
449 5485 684 5551 Juda'te,
723 5501 838 5556 qua:
878 5486 931 5538 in
977 5483 1258 5539 Palwstina
1302 5495 1420 5538 sunt
1485 5485 1628 5557 (Gal.
1666 5486 1712 5538 Ι.
1741 5485 1858 5555 2|).

254 5578 406 5648 Quod
438 5580 482 5631 si
514 5577 772 5633 Ecclesiis
820 5576 1153 5643 PalmStinm,
1206 5576 1294 5630 ubi
1341 5576 1602 5645 degebat,
1651 5578 1861 5647 ignotus

253 5687 394 5740 erat,
423 5677 592 5729 multo
615 5675 782 5743 magis
809 5674 947 5728 aliis.
983 5671 1160 5739 Erant,
1195 5673 1399 5743 inquit,
1447 5675 1650 5742 ignotus
1692 5674 1826 5744 [acie
1846 5713 1860 5737 ,

255 5783 310 5825 at
338 5787 444 5826 non
475 5768 709 5825 nomine.
739 5766 918 5836 Quare
945 5768 1157 5838 ignotus
1182 5775 1295 5822 erat
1321 5765 1491 5822 facie?
1520 5764 1690 5821 Nemo
1715 5767 1857 5822 enim

922 338 1011 394 DE
1054 337 1396 394 FERENDIS
1430 331 1869 392 REPREIIENS.
1913 332 2002 389 ET
2044 332 2132 388 DE
2174 333 2437 392 MUTAT.
2479 332 2816 396 NOMINUM.
2864 341 2950 398 NI.

3503 345 3609 404 158

2000 463 2066 502 ex
2114 447 2359 504 fidelibus
2390 451 2471 505 vel
2516 454 3002 531 reSpieereipsum
3046 456 3313 522 audebat,
3357 473 3479 515 cum
3510 479 3610 518 nos

1997 551 2541 609 Oppugnaretnanta
2583 545 2766 609 caede,
2816 555 2966 600 tanto
3005 547 3185 604 furore
3231 550 3423 619 plenus
3470 565 3606 609 erat.

1995 628 2360 695 Quamobrem
2413 647 2604 687 omnes
2653 635 3000 703 resiliebant,
3057 654 3250 695 omnes
3293 639 3566 712 fugiebant

1994 721 2165 776 sicubi
2195 724 2577 779 adventantem
2613 726 2876 794 viderent,
2911 745 3086 801 neque
3117 734 3288 804 ipsum
3321 737 3404 790 vel
3431 740 3606 806 respi-

1992 825 2120 866 cere
2165 813 2437 867 audebant
2471 831 2485 868 :
2519 815 2589 868 ita
2641 832 2837 888 nempe
2881 818 3140 876 efferatus
3182 832 3370 878 contra
3422 825 3607 884 fideles

1996 910 2143 965 erat;
2179 903 2228 956 id
2260 919 2424 958 unum
2455 906 2775 971 audiebant,
2805 923 2930 964 cum
2958 912 3048 983 qui
3075 913 3205 967 olim
3235 921 3381 985 ipsos
3419 934 3606 986 persc-

1994 993 2279 1060 quebatur,
2313 1011 2455 1051 nunc
2485 999 2780 1066 praedicare
2806 1000 2990 1068 fidem,
3014 1020 3174 1074 quam
3203 1008 3330 1062 olitn
3359 1010 3607 1067 devasta-

1993 1080 2103 1136 bat.
2136 1083 2401 1150 Quoniam
2451 1086 2613 1156 igitur
2655 1089 2724 1143 de
2764 1090 2900 1147 facie
2940 1093 3113 1161 ipsum
3153 1111 3262 1150 non
3311 1112 3604 1167 noverant,

1992 1172 2086 1226 sed
2114 1189 2180 1227 ex
2209 1174 2392 1229 auditu
2424 1187 2663 1246 tantum,
2695 1182 2738 1234 si
2769 1197 2966 1237 nomen
2997 1186 3177 1240 statim
3207 1197 3499 1260 mutasset,
3535 1208 3607 1250 no

1992 1265 2026 1319 ii
2053 1268 2288 1337 quidem,
2316 1271 2405 1340 qui
2433 1273 2740 1333 audierant.
2765 1278 3142 1358 cognovissent
3165 1296 3312 1350 cum,
3333 1285 3421 1354 qui
3442 1284 3602 1342 ﬁdem

1991 1359 2432 1426 persequebatur,
2465 1378 2606 1419 nunc
2626 1366 2960 1435 evangelium
2987 1364 3300 1438 pra-dicare.
3336 1373 3602 1442 Quoniam

1988 1449 2131 1502 enim
2165 1452 2313 1521 prius
2344 1464 2604 1509 naverant
2633 1455 2806 1525 ipsum
2834 1460 3014 1514 vocari
3045 1460 3264 1517 Saulum
3292 1507 3307 1529 ,
3348 1467 3392 1520 si
3415 1469 3600 1522 statim

1988 1550 2198 1598 mutato
2240 1547 2463 1601 nomine
2512 1547 2710 1602 Paulus
2752 1549 2930 1606 dictus
2964 1552 3187 1620 fuisset,
3233 1557 3430 1614 deinde
3474 1577 3606 1619 vero

1987 1632 2204 1702 quidam
2233 1636 2363 1705 ipsis
2388 1641 2777 1708 renuntiasset,
2807 1642 3030 1699 Paulum
3057 1646 3147 1716 qui
3181 1652 3606 1722 persequebatur

1989 1725 2328 1797 Eeclesiam,
2373 1731 2486 1799 jam
2535 1735 2871 1803 evangelium
2905 1738 3231 1808 prtedicare,
3261 1732 3604 1812 ignei-asserit

1986 1832 2054 1871 an
2085 1818 2226 1873 idem
2261 1821 2375 1891 ipse
2406 1833 2584 1890 esset,
2617 1826 2740 1894 quia
2773 1827 2863 1882 ille
2892 1843 2997 1882 non
3030 1829 3257 1896 Paulus,
3283 1833 3378 1888 sed
3407 1835 3602 1892 Saulus

1988 1909 2299 1964 vocabatur.
2335 1911 2461 1966 Ideo
2489 1914 2636 1968 illum
2667 1916 2834 1970 multo
2863 1925 3108 1988 tempore
3137 1936 3259 1976 cum
3303 1925 3467 1992 priori
3501 1942 3603 1980 no-

1986 1999 2131 2055 mine
2161 2001 2392 2073 reliquit,
2421 2015 2476 2058 ut
2502 2007 2754 2062 omnibus
2778 2019 2924 2065 esset
2946 2011 3195 2070 ﬁdelibus
3222 2024 3404 2086 notus,
3431 2020 3598 2075 etiam

1986 2091 2070 2156 iis,
2105 2093 2194 2161 qui
2223 2095 2411 2163 procul
2435 2106 2608 2163 erant,
2640 2106 2696 2153 et
2719 2115 2824 2154 non
2856 2099 3031 2169 ipsum
3058 2103 3326 2160 viderant.

2055 2185 2109 2238 4.
2128 2184 2239 2238 Cur
2253 2203 2380 2257 ergo
2405 2203 2510 2243 non
2526 2191 2719 2245 statim
2740 2192 2858 2261 ejus
2877 2209 3070 2250 nomen
3089 2206 3350 2254 mutatum
3374 2201 3462 2268 sit,
3485 2202 3594 2272 jam

1983 2274 2114 2328 satis
2143 2275 2570 2333 demonstratum
2599 2291 2702 2335 est.
2735 2283 2926 2351 Opera:
2955 2287 3182 2354 pretium
3203 2288 3315 2357 jam
3353 2290 3507 2348 fuerit
3540 2304 3600 2350 ut

1983 2365 2194 2455 initium
2225 2371 2491 2425 sermonis
2523 2382 2850 2441 repetamus.
2876 2373 3072 2431 Saulus
3098 2389 3266 2434 autem
3291 2383 3464 2438 adhuc
3485 2387 3593 2455 spi—

1983 2465 2104 2503 rans
2124 2452 2378 2506 minarum
2396 2464 2440 2507 et
2472 2456 2625 2509 tardis
2650 2458 2704 2511 in
2729 2458 3009 2529 discipulos
3037 2461 3246 2519 Domini
3261 2466 3399 2534 (Act.
3432 2467 3486 2524 9.

1982 2540 2121 2607 Quid
2148 2543 2248 2596 sibi
2282 2547 2390 2598 vult
2418 2546 2581 2613 illud,
2624 2548 2839 2603 adhuc?
2866 2549 3003 2618 Quid
3037 2564 3192 2608 antea
3235 2554 3383 2624 fecit,
3430 2568 3485 2613 ut
3515 2540 3598 2614 di-

1979 2642 2100 2696 cat,
2128 2632 2336 2688 adhuc?
2385 2636 2519 2691 Nam
2566 2638 2718 2704 illud,
2767 2641 2957 2706 adhuc,
3005 2643 3074 2698 de
3107 2643 3324 2702 homine
3373 2648 3586 2712 dicitur.

1979 2723 2070 2793 qui
2099 2734 2260 2780 antea
2313 2728 2480 2782 multa
2531 2732 2669 2784 mala
2709 2730 2920 2788 fecerit.
2949 2735 3084 2802 Quid
3117 2752 3246 2808 ergo
3287 2739 3444 2796 fecit?
3481 2743 3594 2799 lino

1978 2817 2104 2886 quid
2127 2857 2143 2882 ,
2172 2834 2375 2887 qnmso,
2411 2836 2518 2876 non
2549 2823 2672 2877 mali
2703 2825 2867 2879 fecit?
2893 2826 3163 2898 Sanguine
3190 2832 3415 2902 replevit
3439 2834 3593 2890 Jero-

1977 2907 2206 2979 solytna,
2229 2908 2416 2964 ﬁdeles
2443 2913 2740 2980 interfecit,
2782 2915 3079 2972 Ecclesium
3102 2919 3434 2990 devastabat,
3461 2941 3594 2995 apo-

1977 3002 2146 3055 stolos
2176 3004 2615 3072 persequebatur.
2648 3006 2982 3077 Stephanum
3023 3011 3248 3073 occidit;
3285 3030 3390 3070 non
3436 3020 3592 3086 viris,

1979 3107 2085 3146 non
2137 3095 2452 3149 mulieribus
2485 3098 2758 3166 parcebat.
2808 3101 2948 3155 Audi
2989 3102 3313 3174 discipulum
3346 3129 3359 3161 :
3394 3109 3589 3166 Saulus

1976 3195 2143 3239 autem
2171 3188 2461 3243 deeastubat
2509 3189 2811 3255 Ecclesium,
2853 3194 2904 3246 in
2929 3195 3106 3250 domos
3134 3197 3445 3267 ingrediens,
3472 3212 3583 3256 tra-

1977 3279 2099 3331 hens
2129 3279 2263 3331 viros
2291 3289 2336 3332 et
2367 3281 2600 3333 mulieres
2628 3281 2763 3351 (Act.
2789 3283 2841 3336 ὃ.
2874 3283 2956 3353 5).
2984 3283 3100 3338 Non
3147 3287 3221 3340 illi
3254 3289 3427 3343 forum
3454 3292 3586 3346 satis

1973 3382 2122 3436 erat,
2154 3370 2248 3425 scd
2278 3372 2328 3424 in
2358 3370 2548 3425 domos
2581 3371 2846 3427 insiliebat
2881 3392 2893 3426 :
2931 3375 2997 3428 In
3038 3378 3215 3432 domos
3261 3381 3584 3449 ingrediens,

1975 3462 2071 3516 ait.
2103 3461 2286 3531 Neque
2313 3461 2476 3527 dixit,
2528 3461 2762 3527 ducens,
2811 3464 2895 3518 vel
2924 3466 3162 3522 evellens
3193 3468 3334 3523 viros
3361 3485 3424 3524 ac
3463 3487 3587 3526 mu-

1975 3553 2169 3617 lieres;
2203 3553 2296 3607 sed
2321 3594 2335 3618 ,
2387 3552 2615 3608 Tro/iens
2653 3555 2787 3608 uiros
2821 3572 2880 3608 ac
2921 3559 3196 3613 mulieres:
3221 3574 3282 3614 ac
3308 3561 3350 3613 si
3380 3562 3445 3616 de
3473 3563 3584 3619 fera

1975 3646 2289 3715 loqueretur
2315 3664 2328 3699 :
2380 3645 2608 3700 Tro/iens
2638 3647 2771 3702 uiros
2801 3665 2862 3700 ac
2889 3649 3162 3716 mulieres;
3187 3666 3293 3706 non
3327 3653 3472 3709 viros
3493 3671 3584 3710 so-

1975 3738 2121 3805 lum,
2149 3737 2245 3793 sed
2271 3739 2434 3793 etiam
2461 3739 2739 3794 mulieres.
2771 3738 2957 3810 Neque
2999 3752 3244 3797 naturam
3291 3747 3581 3802 revereba-

1974 3841 2079 3896 tur,
2115 3847 2287 3901 neque
2313 3847 2474 3884 sexus
2497 3831 2875 3896 miserebatur,
2910 3846 3087 3901 neque
3116 3833 3187 3888 ob
3214 3836 3580 3892 inﬁrmitatem

1974 3921 2334 3991 frangebatur.
2370 3921 2499 3975 Zelo
2543 3936 2809 3993 namque,
2859 3937 2964 3976 non
3011 3921 3192 3978 furore
3220 3937 3434 3994 tnntus,
3479 3928 3581 3984 hoc

1973 4015 2182 4083 agebat.
2213 4011 2338 4066 ldco
2359 4012 2527 4066 Judaai
2557 4013 2661 4067 hoc
2687 4013 2859 4082 ipsum
2886 4012 3178 4081 facientes,
3206 4017 3584 4074 criminatione

1972 4104 2147 4173 digni;
2183 4102 2270 4156 hic
2295 4112 2480 4156 contra
2514 4102 2566 4156 id
2591 4118 2756 4172 agens
2777 4143 2793 4169 ,
2825 4104 2978 4156 venia
3005 4102 3201 4173 dignus
3229 4115 3329 4159 est.
3367 4107 3578 4165 Etenim

1973 4196 2093 4251 illos
2123 4197 2298 4266 palam
2331 4205 2449 4250 erat
2471 4195 2692 4250 honoris
2721 4205 2774 4249 et
2805 4195 2978 4249 inanis
3004 4197 3146 4266 apud
3178 4199 3369 4269 vulgus
3394 4203 3583 4270 gloria:

1971 4303 2132 4343 causa
2174 4287 2302 4343 illud
2345 4303 2541 4358 agere;
2595 4286 2685 4341 hic
2727 4301 2857 4341 vero
2886 4301 3076 4353 secus,
3129 4289 3226 4344 sed
3287 4291 3404 4344 zelo
3455 4308 3583 4364 erga

1975 4382 2141 4436 Deum
2193 4390 2500 4450 permotus,
2559 4381 2658 4435 etsi
2729 4395 2839 4434 non
2912 4380 3208 4436 secundum
3274 4385 3607 4452 scientiam.‘

1972 4473 2335 4542 Quamobrem
2386 4472 2498 4539 illi,
2530 4472 2735 4527 relictis
2759 4472 3107 4542 mulieribus,
3133 4474 3278 4530 viros
3302 4477 3584 4549 impugna-

1974 4565 2120 4631 bant,
2161 4566 2284 4636 quia
2313 4567 2363 4619 in
2396 4565 2520 4618 illos
2548 4565 2776 4634 gloriam
2816 4579 2967 4620 suam
2995 4567 3253 4623 transisse
3282 4569 3533 4627 videbant
3564 4588 3580 4626 :

1974 4659 2060 4713 hic
2088 4669 2266 4712 autem
2291 4700 2306 4720 .
2359 4667 2546 4727 utpote
2572 4656 2688 4712 zelo
2727 4657 3073 4725 stimulante,
3126 4660 3407 4717 universos
3444 4664 3580 4718 ado-

1974 4749 2234 4804 riebatur.
2266 4749 2389 4802 Haec
2416 4763 2600 4802 secum
2632 4748 2810 4802 omnia
2846 4758 3102 4819 reputans
3134 4749 3330 4819 Lucas,
3362 4753 3580 4810 videns-

1971 4859 2077 4913 que
2107 4843 2256 4896 illutn
2311 4840 2548 4896 nondum
2582 4857 2704 4896 esse
2734 4841 2985 4895 satiatum
3012 4884 3028 4908 ,
3056 4841 3272 4898 dicebat
3314 4863 3327 4899 :
3386 4845 3585 4901 Saulus

1973 4943 2142 4987 autem
2191 4933 2361 4985 adhuc
2388 4933 2592 5001 spirans
2622 4932 2876 4986 minarum
2923 4943 2970 4985 et
3013 4934 3169 4988 aedis
3219 4935 3270 4987 in
3301 4935 3587 5006 discipulos

1976 5023 2204 5078 Domini.
2258 5021 2373 5078 Non
2404 5023 2617 5077 satiavit
2645 5038 2766 5076 eum
2796 5022 2972 5077 cmdes
3001 5022 3294 5094 Stephani,
3326 5040 3433 5080 non
3464 5028 3580 5097 ejnl

1974 5116 2208 5185 explevit
2235 5116 2473 5170 animum
2528 5115 2875 5185 persequulio
2904 5114 3194 5182 Ecclesiae;
3227 5118 3322 5173 sed
3350 5120 3583 5177 ulterius

1975 5211 2347 5280 procedebat:
2396 5225 2571 5278 neque
2621 5207 2832 5263 furendi
2889 5207 3049 5263 ﬁnem
3111 5210 3385 5268 faciebat:
3432 5216 3582 5270 zelus

1972 5304 2168 5372 quippe
2195 5310 2330 5356 erat.
2377 5299 2483 5355 Sed
2537 5315 2709 5369 nuper
2757 5316 3007 5355 reversus
3034 5316 3062 5354 a
3107 5303 3256 5358 catde
3283 5303 3538 5375 Stephani
3567 5349 3581 5370 .

1973 5397 2244 5467 apostolos
2290 5396 2748 5466 persequebatur;
2807 5394 3148 5465 idipsumque
3202 5395 3463 5465 faciebat,
3521 5415 3585 5456 ac

1973 5488 2016 5542 si
2072 5487 2193 5556 quis
2247 5486 2403 5555 lupus
2456 5486 2688 5540 smviens
2741 5486 2792 5539 in
2855 5485 2999 5540 ovile
3064 5485 3372 5557 ingressus,
3430 5499 3586 5559 rapto

1973 5595 2111 5650 agno
2135 5623 2149 5646 ,
2179 5595 2384 5650 oreque
2413 5580 2685 5651 discerpta
2705 5623 2718 5644 ,
2749 5595 2814 5633 cx
2869 5580 2969 5636 hoc
3011 5589 3166 5650 raptu
3198 5580 3427 5636 ferocior
3452 5599 3582 5636 eva-

1971 5670 2145 5726 deret.
2211 5671 2284 5725 lta
2339 5680 2392 5726 et
2421 5671 2617 5726 Paulus
2675 5671 3042 5740 apostolorum
3079 5672 3304 5724 chorum
3353 5671 3580 5736 invacit.

1973 5764 2204 5837 indeque
2236 5764 2409 5835 rapuit
2435 5779 2630 5835 agnum
2659 5761 2854 5818 Christi
2887 5760 3239 5832 Stephanum,
3265 5774 3438 5832 eoque
3467 5765 3582 5820 die»
