4080 6402
556 334 579 385 Ω
589 333 657 385 59

551 460 775 516 cct‘pto,
825 445 924 501 hac
952 444 1111 513 male.
1137 442 1365 498 ferocior
1415 444 1600 497 evasit.
1636 444 1924 513 Propterea
1979 445 2141 511 dicit,

549 525 738 600 adhuc.
771 536 1023 605 Quamvis
1050 533 1201 602 cujus
1224 534 1458 587 animum
1492 548 1595 587 non
1619 534 1934 604 explevisset
1966 534 2145 590 cmdes

551 629 1081 700 hujusmodi?qucm
1134 641 1239 680 non
1292 626 1552 696 placasset
1590 626 1939 680 mansuetudo
1988 626 2141 696 ejus,

548 724 638 794 qui
670 721 1048 785 occidebatur;
1082 720 1348 788 verbaque
1377 719 1527 788 ejus,
1558 720 1647 789 qui
1682 719 1943 789 lapidibus
1980 721 2142 775 obru-

545 820 634 866 tus
654 826 752 888 pro
775 806 1135 879 lapidantibus
1163 810 1243 864 sic
1286 808 1640 886 precabatur:
1669 808 1914 873 Domine,
1949 809 2139 879 inquit,

542 920 611 963 ne
637 903 966 968 statuas'illis
985 902 1079 956 hoc
1108 912 1372 974 peccatum
1396 900 1528 971 (Act.
1560 902 1612 954 7.
1646 899 1779 969 59)?
1806 901 1931 955 Ideo
1962 916 2144 971 perscy

544 1007 741 1064 quutor
767 994 939 1050 factus
963 1003 1045 1049 est
1062 993 1407 1064 evangelista.
1434 993 1563 1048 Nam
1591 994 1769 1049 statim
1796 1002 1917 1064 post
1938 993 2138 1048 caedem

548 1086 634 1141 hic
664 1093 956 1143 conversus
981 1094 1090 1149 est,
1126 1085 1264 1137 illius
1294 1099 1480 1140 vocem
1507 1084 1709 1139 audivit
1736 1085 1894 1139 Deus.
1931 1085 2139 1138 Etenim

549 1176 737 1247 dignus
762 1185 878 1229 erat
919 1174 1222 1244 Stephanus
1247 1174 1340 1244 qui
1371 1174 1647 1229 audiretur
1671 1183 1782 1229 tum
1812 1185 2029 1245 propter
2058 1175 2141 1236 fu-

544 1282 715 1325 turam
743 1267 891 1328 Pauli
919 1267 1169 1323 virtutem
1190 1307 1205 1331 ,
1239 1275 1349 1320 tum
1378 1275 1598 1337 propter
1628 1269 1895 1337 prOpriam
1923 1267 2138 1329 confes:-

541 1363 748 1417 sionem
784 1379 797 1415 :
830 1359 1079 1427 Domine,
1108 1376 1170 1414 ne
1196 1369 1394 1415 statuas
1435 1359 1547 1417 illis
1571 1360 1667 1413 hoc
1713 1372 1991 1428 peccatum.
2027 1364 2133 1415 Au-

541 1452 691 1508 diant
747 1453 837 1521 qui
890 1451 1135 1507 inimicos
1181 1450 1409 1513 habent,
1440 1452 1529 1522 qui
1564 1451 1754 1521 injuria
1806 1450 2132 1517 afficiuntur.

545 1548 656 1602 Etsi
698 1539 1147 1605 enim‘scxcenta
1191 1545 1374 1615 gravia
1418 1544 1669 1615 patiaris.
1719 1544 1955 1607 nondum
2004 1544 2135 1614 lapi-

541 1642 699 1697 datus
742 1656 839 1709 es,
880 1638 1326 1710 quemadmodum
1355 1637 1680 1707 Stephanus.
1740 1639 1803 1692 Et
1834 1637 1955 1693 vide
2000 1638 2127 1709 quid

540 1732 738 1788 factum
779 1734 867 1786 sit.
917 1732 1305 1787 Ohstrnebatur
1363 1730 1481 1786 fons
1522 1735 1713 1785 unicus
1757 1732 2045 1803 Stephani,
2080 1740 2135 1786 et

537 1822 878 1893 aperiebatur
904 1822 1061 1887 alius,
1094 1837 1160 1887 ex
1190 1836 1296 1889 quo
1327 1823 1605 1877 innumera
1636 1822 1922 1878 manabant
1953 1820 2131 1881 ﬂuuii-3

538 1932 630 1972 na.
661 1917 947 1986 Postquam
988 1915 1130 1969 enim
1174 1915 1321 1969 siluit
1362 1930 1425 1969 os
1469 1914 1761 1984 Stephani,
1789 1930 1913 1969 mox
1954 1914 2133 1968 sonuit

536 2007 662 2061 tuba
692 2005 864 2069 Pauli.
897 2004 988 2060 Sic
1014 2018 1301 2076 numquam
1349 2003 1491 2058 Deus
1529 2002 1855 2072 derelinquit
1878 2018 2044 2072 usque
2075 2003 2128 2058 in

537 2098 701 2155 finem
750 2097 818 2152 ad
846 2112 906 2153 se
948 2104 1262 2161 currentes,
1318 2095 1414 2149 sed
1468 2078 1607 2149 dena
1645 2094 1847 2163 praebet
1889 2094 2127 2162 majora,

535 2202 694 2259 quam
718 2187 785 2242 ab
814 2186 1042 2252 inimicis
1068 2184 1397 2239 auferantur.
1436 2182 1551 2237 Non
1580 2184 1721 2237 enim
1762 2182 1837 2236 illi
1874 2181 2034 2238 talem
2064 2184 2132 2235 ab

536 2280 774 2335 exacitu
822 2278 1096 2348 cjeeerunt
1130 2275 1388 2338 militem,
1429 2274 1639 2345 qualem
1693 2274 1746 2327 in
1794 2273 1909 2341 ejus
1953 2272 2129 2329 locum

536 2370 744 2427 induxit
769 2369 1036 2423 Christus.
1070 2366 1263 2421 Saulus
1279 2375 1449 2418 autent
1474 2364 1664 2417 adhuc.
1694 2361 1853 2417 Aliud
1877 2361 2127 2433 quiddam

535 2462 797 2533 signiﬁcat
828 2460 955 2514 illud
975 2501 991 2526 ,
1014 2459 1182 2513 adhuc
1202 2476 1219 2511 :
1250 2446 1530 2521 videlicet,
1554 2456 1704 2511 illum
1732 2454 1907 2508 adhuc
1938 2453 2125 2508 furen-

535 2564 666 2621 tem,
690 2554 864 2626 adhuc
894 2552 1263 2623 ferocissimum,
1283 2549 1458 2604 adhuc
1481 2549 1530 2603 vi
1562 2547 1757 2603 furoris
1780 2555 2125 2615 commotum,

534 2644 712 2699 adhuc
740 2643 885 2698 cwde
938 2642 1229 2705 ferventem
1259 2642 1475 2695 attraxit
1521 2640 1785 2694 Christus.
1818 2638 1935 2694 Non
1987 2640 2129 2693 enim

535 2737 864 2806 exSpectavit
891 2734 1065 2796 donec
1094 2742 1333 2789 cessaret
1374 2731 1633 2802 :rgritudo
1653 2772 1669 2797 ,
1701 2733 2132 2801 exstingueretur

535 2829 775 2891 morbus,
805 2826 1238 2896 mansuetiorque
1266 2825 1420 2879 fieret
1451 2824 1535 2884 ille
1566 2824 1644 2879 sic
1669 2824 1943 2883 elferatus.
1969 2832 2023 2879 et
2052 2823 2129 2879 sic

535 2920 681 2975 illum
722 2918 1014 2974 attraheret
1047 2934 1061 2971 :
1092 2931 1272 2972 verum
1296 2915 1347 2969 in
1374 2916 1489 2984 ipsa
1524 2914 1720 2969 furoris
1748 2916 1795 2968 vi
1825 2915 1997 2984 ipsum
2034 2928 2128 2975 ce,-

534 3011 634 3080 pit,
666 3020 722 3064 ut
752 3009 1059 3064 ostenderet
1096 3008 1389 3077 potentiam
1437 3020 1619 3071 suam,
1672 3005 1813 3074 quod
1853 3006 1907 3059 in
1954 3006 2131 3060 medio

536 3103 753 3168 furore,
787 3109 1046 3156 :estuante
1100 3100 1314 3163 animo,
1368 3105 1808 3168 persequutorem
1840 3098 2027 3152 vicerit
2068 3106 2124 3152 et

536 3193 827 3263 subegerit.
863 3192 1071 3247 Etenim
1099 3190 1364 3245 medicum
1385 3197 1510 3243 tunc
1540 3188 1889 3255 admiramur,
1919 3187 2132 3259 quando

538 3285 725 3340 febrim
754 3284 1165 3338 invalescentem
1209 3290 1262 3336 et
1288 3280 1654 3336 ferventemiu
1677 3296 1889 3335 summo
1922 3284 2131 3336 fervore

535 3376 874 3445 exstinguere
896 3386 948 3431 et
970 3374 1182 3445 penitus
1207 3374 1395 3428 sedare
1427 3382 1605 3443 potest
1632 3390 1645 3425 :
1677 3373 1819 3443 quod
1848 3378 1973 3429 etin
1993 3374 2131 3430 Pau-

535 3466 589 3520 lo
624 3464 826 3519 factum
848 3473 948 3520 est.
980 3464 1160 3534 lnipsa
1190 3464 1387 3535 quippe
1416 3461 1645 3517 flamma:
1668 3462 2002 3517 vehementia
2027 3480 2129 3518 vox

537 3557 769 3623 Domini,
797 3573 894 3612 ceu
922 3570 1013 3612 ros
1040 3570 1274 3624 superne
1309 3570 1561 3619 manans,
1615 3555 1787 3623 ipsum
1818 3555 2006 3609 morbo
2033 3570 2129 3624 pe-

535 3650 679 3705 nitus
700 3648 963 3703 liberavit.
993 3647 1186 3701 Saulus
1215 3656 1384 3699 autem
1436 3645 1607 3699 adhuc
1629 3646 1832 3714 spirans
1878 3646 2129 3698 utinarum

535 3750 582 3795 et
640 3740 793 3795 credis
840 3742 892 3793 in
944 3738 1225 3808 discipulos
1291 3738 1531 3802 Domini,
1580 3738 1779 3793 dimisit
1831 3739 2127 3793 multitudi-

536 3845 682 3895 nem,
710 3839 766 3885 et
790 3829 983 3884 deinde
1029 3829 1081 3882 in
1111 3828 1377 3896 principes
1409 3827 1663 3895 impetum
1688 3826 1832 3881 feeit.
1861 3828 2129 3895 Quematlo

528 3922 749 3995 modum
772 3922 920 3985 enim
945 3920 1015 3989 is,
1046 3920 1135 3989 qui
1165 3922 1413 3974 arborem
1437 3920 1551 3973 vult
1581 3922 1917 3997 exscindere,
1946 3922 2129 3979 dimire

528 4014 609 4077 sis
634 4013 799 4067 ramis
820 4054 834 4079 ,
870 4011 1104 4067 radicem
1133 4019 1281 4080 secat
1308 4029 1319 4062 :
1346 4012 1424 4063 sic
1454 4020 1507 4065 et
1535 4011 1623 4069 ille
1648 4011 1938 4080 discipulos
1965 4013 2129 4079 ador-

525 4115 620 4163 tus
645 4114 746 4169 est,
770 4104 911 4175 quod
940 4105 1175 4160 radicem
1200 4102 1599 4171 prredicationis
1620 4118 1863 4159 resecare
1886 4116 2122 4174 cuperet.

605 4196 861 4266 ﬂartyres
890 4196 1122 4263 palmites
1145 4212 1207 4249 ea:
1232 4193 1432 4249 Christo
1463 4212 1551 4248 ceu
1576 4196 1749 4258 radice
1789 4198 2119 4267 pullulatim.

527 4286 884 4347 Lonversionis
919 4283 1073 4345 Pauli
1098 4284 1298 4339 mortus.
1325 4314 1396 4325 —
1423 4284 1618 4340 Verum
1642 4303 1748 4341 non
1786 4299 1939 4343 erant
1965 4290 2129 4344 disci-

528 4350 641 4449 puli
664 4378 817 4451 radix
846 4376 1269 4447 prmdicationis,
1293 4377 1387 4432 sed
1421 4376 1803 4447 di~cipulorum
1842 4382 2121 4438 Dominus.

524 4454 889 4542 Quamobrem
921 4467 1132 4527 dicebat
1168 4468 1257 4522 ille
1289 4485 1301 4519 :
1336 4466 1448 4539 Ego
1471 4486 1582 4522 sum
1611 4470 1755 4535 vitis,
1785 4488 1871 4525 vos
1892 4474 2123 4541 palmites

532 4559 711 4631 (loco.
742 4560 827 4614 l5.
863 4558 943 4630 5).
978 4558 1071 4611 llla
1100 4573 1228 4612 vero
1271 4559 1419 4613 radix
1458 4560 1880 4634 inexpugnabilis
1907 4572 2008 4617 est.
2041 4562 2122 4618 ld-

523 4652 673 4726 rirco
696 4660 896 4721 quanto
920 4650 1100 4719 plures
1125 4652 1441 4718 rese-cubant
1474 4654 1717 4721 palmites
1734 4695 1749 4719 ,
1775 4664 1920 4707 tanto
1942 4655 2121 4729 plures

527 4754 583 4799 et
616 4746 846 4813 majores
890 4744 1078 4797 iterum
1128 4742 1477 4809 pullulabant.
1532 4745 1791 4815 Exsectus
1836 4746 2013 4817 itaque
2038 4757 2121 4802 est

525 4835 868 4904 Stephanus,
922 4843 975 4889 et
1029 4834 1305 4902 rullulavit
1343 4834 1555 4901 Paulus,
1600 4830 1664 4889 ac
1716 4850 1977 4907 quotquot
2025 4854 2120 4907 per

526 4928 747 4985 Paulum
770 4928 1131 4982 crediderunt.
1167 4926 1385 4981 Factum
1414 4938 1485 4981 est
1512 4940 1678 4982 autem
1702 4973 1714 4996 ,
1748 4932 1952 4999 inquit,
2004 4950 2119 4985 runt

524 5020 951 5090 appropinquaret
978 5018 1251 5082 Damasco,
1276 5020 1438 5072 subito
1455 5020 1785 5089 circuntfulsit
1808 5040 1920 5075 eum
1950 5023 2037 5075 lita:
2058 5024 2120 5077 de

524 5112 684 5165 uelo:
710 5120 755 5164 et
777 5110 962 5163 cadens
989 5111 1040 5163 in
1072 5121 1288 5177 terram,
1313 5112 1503 5164 audit-it
1522 5129 1687 5165 vocem
1710 5115 1952 5169 dicentem
1979 5116 2072 5169 sibi
2098 5133 2117 5171 :

525 5203 705 5269 Saule,
727 5202 907 5268 Saule,
927 5202 1049 5273 quid
1066 5218 1142 5256 me
1161 5205 1469 5273 persequeris
1501 5207 1634 5273 (Act.
1669 5204 1721 5260 9.
1756 5209 1807 5261 5.
1837 5208 1917 5277 έ)ἳ
1940 5209 2118 5276 Quare

523 5308 630 5347 non
650 5310 746 5348 vos
769 5296 913 5363 prius
928 5293 1087 5349 allata
1103 5304 1202 5358 est,
1222 5295 1316 5349 sed
1333 5299 1417 5349 lux
1439 5298 1581 5364 prius
1599 5298 2117 5356 eircumfnlsiteum?

526 5385 593 5439 Ut
615 5388 793 5455 quiete
820 5400 1003 5440 vocem
1025 5386 1252 5440 audiret.
1279 5386 1539 5452 Quoniam
1570 5392 1711 5443 enim
1742 5391 1785 5444 is
1813 5392 1899 5461 qui
1936 5408 2115 5455 animo

524 5474 805 5545 furoreque
856 5476 1040 5545 plenus
1097 5477 1328 5547 aliquam
1388 5495 1498 5533 rem
1562 5481 1822 5549 perficere
1870 5493 2111 5551 conatur,

522 5569 727 5622 etiamsi
778 5568 1044 5622 innumeri
1082 5580 1307 5633 vocent,
1359 5586 1463 5625 non
1511 5587 1571 5627 se
1620 5577 1923 5643 Convertit,
1972 5586 2114 5630 totus

522 5662 667 5729 operi
700 5662 935 5715 intentus
970 5678 983 5715 :
1020 5676 1088 5717 ne
1119 5662 1347 5731 idipsum
1378 5664 1427 5717 in
1458 5665 1619 5719 Paulo
1649 5668 1947 5733 accideret,
1984 5684 2115 5724 neve

524 5752 615 5811 ille
642 5762 910 5819 gesla'ttm
956 5768 1132 5807 rerum
1166 5752 1343 5809 furore
1372 5756 1551 5810 ebrius
1576 5772 1759 5817 vocem
1792 5776 1897 5823 non
1930 5758 2116 5815 adver-

1310 329 1366 383 S.
1408 328 1689 386 JO.\N.NlS
1711 328 2190 386 CllRYSOSTOfdl
2231 330 2552 395 ARCHIEP.
2592 339 3129 399 CUNSTANTINOP.

3749 351 3861 409 (ιδ

2258 457 2430 515 teret,
2461 461 2555 507 aut
2582 469 2686 509 non
2711 457 2939 522 audiret,
2968 460 3149 514 animo
3171 460 3288 530 ejus
3321 469 3433 517 toto
3461 462 3531 517 ad
3570 463 3859 520 devastan—

2250 539 2379 596 dum
2405 543 2611 599 intento
2643 564 2657 600 :
2682 550 2963 603 cxcwcatis
2988 558 3113 605 ante
3142 565 3239 620 per
3258 552 3432 609 lucem
3457 554 3631 609 oculis
3649 596 3664 619 ,
3700 555 3858 610 seda-

2252 638 2413 699 toque
2441 634 2654 698 animo,
2707 640 2970 695 exstincta
3002 642 3148 695 omni
3190 642 3387 699 mentis
3411 642 3858 719 perturbatione,

2252 720 2497 793 factaque
2540 726 2741 797 ingenti
2773 730 2935 785 animi
2963 732 3383 803 tranquillitate,
3419 750 3609 791 vocem
3634 729 3853 815 emisit,

2250 821 2307 866 ut
2336 812 2540 882 dejecta
2573 818 2720 871 omni
2766 822 3103 893 arrogantia,
3141 823 3321 879 sobria
3365 836 3547 881 mente
3575 825 3742 881 dictis
3768 812 3854 883 at-

2252 905 2516 962 tenderet.
2576 907 2766 977 Saute,
2826 914 3023 981 Saule,
3065 916 3189 985 quid
3219 932 3298 970 me
3341 919 3661 987 persequeris
3714 918 3851 991 (Act.

2249 993 2303 1047 9.
2336 996 2435 1066 4)?
2460 997 2631 1055 Verba
2661 1016 2768 1056 non
2801 1012 2905 1057 tam
2939 1008 3211 1074 arguentis
3234 1048 3248 1070 ,
3279 1023 3437 1077 quam
3467 1024 3593 1067 sese
3618 1026 3851 1082 purgan-

2247 1088 2318 1141 tis
2346 1098 2488 1144 sunt.
2524 1091 2657 1157 Quid
2687 1110 2766 1157 me
2811 1100 3163 1166 persequeris?
3214 1098 3269 1167 ln
3305 1115 3412 1171 quo
3438 1112 3532 1155 aut
3562 1118 3735 1171 parvo
3762 1114 3854 1173 aut

2247 1192 2441 1249 magno
2466 1195 2719 1245 accusare
2749 1200 2836 1240 me
2861 1189 3051 1255 potes?
3076 1189 3127 1247 in
3158 1204 3264 1259 quo
3292 1205 3323 1244 a
3354 1206 3441 1247 me
3462 1192 3629 1261 laesus
3660 1193 3805 1249 fuisti
3828 1199 3853 1249 τ

2244 1284 2311 1325 an
2343 1274 2487 1342 quod
2529 1287 2768 1332 mortuos
2799 1291 3005 1335 vosnos
3034 1282 3442 1339 suscitaverim?
3469 1302 3539 1340 an
3587 1288 3733 1357 quod
3770 1289 3848 1343 le-

2244 1376 2437 1433 prosos
2468 1366 2877 1427 mandaverint?
2904 1371 3045 1439 quod
3071 1371 3346 1441 daemones
3375 1373 3673 1445 fugaverim
3691 1376 3717 1430 ‘l
3744 1376 3849 1442 Sed

2244 1452 2365 1507 ideo
2389 1452 2615 1510 adorare
2659 1472 2744 1511 me
2764 1498 2779 1524 ,
2824 1473 2929 1513 non
2960 1462 3206 1531 persequi
3232 1466 3488 1533 oportuit.
3526 1465 3591 1522 Ut
3613 1482 3745 1522 vero
3768 1467 3850 1522 di.

2241 1556 2361 1606 scas
2383 1545 2533 1611 illud,
2565 1546 2703 1614 Quid
2731 1566 2809 1603 me
2838 1553 3189 1626 persequeris?
3210 1569 3330 1610 sese
3359 1558 3640 1627 purgantis
3669 1560 3847 1628 potius

2241 1650 2363 1692 esse
2392 1654 2405 1689 :
2435 1638 2557 1693 audi
2588 1642 2857 1709 quomodo
2877 1644 3036 1699 Pater
3060 1647 3177 1717 ejus
3202 1647 3391 1703 iisdem
3424 1652 3603 1706 verbis
3627 1651 3849 1724 Judzros

2241 1728 2561 1798 alloquatur.
2607 1731 3070 1801 Quemadmodum
3118 1738 3263 1794 enim
3310 1738 3400 1794 hic
3426 1740 3597 1817 dicit,
3643 1742 3842 1807 Scala.

2242 1818 2423 1884 Saule,
2452 1822 2574 1887 quid
2600 1840 2677 1879 me
2699 1829 3047 1899 persequeris?
3075 1829 3153 1884 sic
3176 1839 3230 1885 et
3254 1830 3346 1886 ille
3362 1830 3564 1888 Judwis
3587 1833 3797 1896 dicebat
3827 1852 3840 1881 τ

2242 1908 2448 1980 Papule
2470 1930 2607 1969 meus
2627 1958 2641 1982 ,
2673 1917 2795 1993 quid
2822 1918 2921 1987 feci
2970 1920 3057 1973 tibi
3080 1936 3100 1985 ;
3124 1931 3212 1975 aut
3251 1923 3303 1977 in
3336 1940 3434 1995 quo
3471 1926 3771 1981 contristari
3798 1936 3848 1984 to

2240 2000 2427 2072 (Mich.
2452 2002 2505 2057 ϐ.
2539 2005 2632 2075 3)?
2652 2006 2830 2075 Saule,
2865 2008 3045 2077 Saule,
3071 2013 3194 2082 quid
3222 2030 3298 2068 me
3326 2018 3677 2087 persequeris?
3704 2018 3846 2077 Ecce

2238 2094 2460 2164 supinus
2480 2094 2649 2164 jaecs.
2691 2114 2818 2154 ecce
2859 2101 2975 2157 sine
3018 2116 3206 2159 eatena
3243 2107 3489 2177 alligatus
3524 2126 3606 2165 es.
3636 2112 3843 2178 Quem-

2237 2181 2525 2238 admodum
2569 2186 2726 2257 igitur
2750 2190 2793 2243 si
2831 2190 2994 2255 herus
3034 2208 3251 2249 servum
3287 2212 3431 2268 saepe
3476 2201 3840 2271 transfugam.

2239 2274 2509 2343 multaque
2535 2289 2814 2347 operatum
2839 2282 2973 2342 mala
2993 2325 3007 2347 ,
3035 2285 3484 2355 comprehensum
3516 2299 3571 2345 et
3596 2293 3840 2359 vinctum

2236 2365 2315 2421 sic
2339 2368 2657 2438 alloquatur,
2687 2370 2825 2436 Ouid
2854 2375 2935 2429 vis
2957 2375 3051 2430 tibi
3084 2376 3272 2433 faciam
3295 2378 3465 2435 lecee
3486 2383 3597 2449 jam
3628 2383 3695 2437 ad
3720 2400 3842 2438 ma-

2238 2471 2339 2511 nus
2360 2461 2548 2513 venisti
2580 2478 2592 2513 :
2634 2463 2704 2514 ita
2734 2472 2789 2517 ct
2826 2464 3070 2521 Christus
3112 2468 3333 2524 Paulum
3361 2484 3671 2543 correptum
3716 2490 3845 2546 pro-

2237 2561 2593 2624 stratumque,
2636 2567 2956 2616 trementem
2999 2564 3185 2618 videns
3214 2581 3276 2621 ac
3306 2564 3684 2625 formidantem
3705 2614 3721 2639 ,
3755 2574 3842 2629 ni-

2237 2641 2417 2712 hilque
2458 2648 2632 2701 facere
2660 2650 2948 2717 valentem,
2975 2654 3053 2708 sic
3078 2655 3368 2728 alloquitur
3395 2676 3409 2713 :
3444 2658 3627 2724 Suule,
3655 2662 3838 2729 Saule,

2231 2733 2360 2802 quid
2406 2751 2485 2789 me
2528 2742 2880 2809 persequeris?
2937 2743 3205 2812 Quorsum
3264 2748 3352 2805 ille
3396 2747 3548 2805 furor
3603 2753 3845 2808 evadet?

2234 2834 2492 2895 qutonSum
2547 2830 2800 2886 insania?
2857 2850 3115 2909 quorsum
3168 2838 3317 2900 zelus
3379 2841 3844 2912 intempestivus?

2235 2930 2494 2986 quorsum
2532 2920 2740 2975 vincula
2783 2933 2837 2977 et
2876 2924 3262 2989 circuitiones?
3297 2945 3554 3001 quorsum
3578 2933 3844 3003 efferatus

2236 3006 2325 3071 ille
2350 3010 2599 3073 animus?
2621 3012 2740 3076 Jam
2773 3013 3061 3075 immobilis
3092 3021 3221 3082 eris.
3256 3036 3487 3093 eumque
3525 3040 3689 3095 quem
3722 3044 3847 3097 per-

2237 3102 2511 3171 sequeris,
2546 3120 2614 3159 ne
2639 3105 2823 3163 videre
2866 3108 3081 3177 quidem
3126 3114 3329 3181 poteris
3357 3131 3370 3167 :
3400 3126 3452 3170 et
3475 3118 3564 3186 qui
3613 3118 3844 3179 festinus

2240 3192 2472 3263 undique
2499 3196 2962 3254 circumcursabas
2984 3242 2999 3266 ,
3037 3216 3179 3256 nunc
3228 3204 3454 3261 ducente
3483 3223 3620 3277 opus
3651 3210 3841 3281 babes.

2239 3281 2361 3336 Ideo
2410 3299 2637 3355 namque
2680 3303 2821 3343 nunc
2874 3289 3006 3346 dicit
3050 3293 3137 3357 ei,
3189 3293 3325 3360 Quid
3353 3312 3433 3350 me
3481 3304 3847 3371 persequeris!

2236 3384 2295 3427 ut
2314 3374 2546 3445 disceret
2566 3378 2725 3432 etiam
2754 3380 3078 3453 prmcedeuti
3107 3392 3347 3455 tempore
3362 3387 3479 3457 ipso
3507 3392 3845 3449 concetlenze

2236 3466 2415 3521 omnia
2446 3468 2581 3523 facta
2600 3485 2755 3537 esse;
2787 3488 2961 3543 neque
2980 3474 3067 3530 illa
3093 3477 3415 3535 inﬁrmitatis
3440 3483 3603 3538 fuisse
3624 3525 3640 3549 ,
3669 3502 3845 3557 neque

2239 3557 2375 3625 hare,
2399 3575 2518 3629 quae
2535 3562 2646 3630 jam
2677 3564 2884 3629 tierent,
2915 3566 3247 3623 crudelitatis
3294 3586 3415 3627 esse
3440 3589 3454 3637 ;
3483 3574 3582 3630 sed
3611 3576 3701 3632 illa
3732 3581 3843 3634 cle-

2235 3653 2469 3718 mentiae,
2499 3651 2613 3708 hwc
2635 3655 3005 3724 providentiae.
3027 3659 3162 3726 Quid
3194 3661 3350 3731 igitur
3365 3663 3584 3739 Paulus.
3614 3667 3745 3736 Quis
3769 3688 3842 3739 es,

2240 3739 2451 3795 Domine
2488 3743 2622 3811 (Act.
2656 3746 2708 3799 9.
2736 3746 2830 3815 5)?
2861 3747 3018 3802 Novit
3044 3749 3338 3807 dominium
3384 3770 3449 3809 es
3486 3738 3848 3818 concessione

2236 3832 2324 3885 illa
2345 3873 2361 3896 ,
2394 3834 2640 3898 virtutem
2673 3852 2739 3890 ex
2792 3839 3032 3895 czecitatc
3063 3844 3312 3911 praesenti
3345 3863 3359 3898 :
3390 3846 3607 3904 demum
3651 3864 3850 3921 peten-

2236 3924 2361 3977 tiatn
2407 3924 2707 3980 confitetur.
2762 3928 2889 4005 Quis
2917 3946 2991 3999 es,
3032 3931 3287 3996 Domine?
3333 3935 3581 3993 Vidistin‘
3628 3952 3846 4011 gratum

2233 4017 2517 4070 animum?
2555 4008 2786 4074 vidistin"
2818 4033 3053 4079 mentem
3094 4026 3340 4083 libertate
3392 4008 3655 4100 plenam'l
3680 4020 3842 4091 ’νίύί-

2234 4110 2357 4161 stin'
2378 4112 2761 4170 conscientiam
2785 4117 3089 4173 sinceram?
3111 4120 3227 4175 Non
3260 4123 3550 4181 reluctatus
3574 4138 3660 4183 est
3683 4172 3699 4197 ,
3733 4149 3843 4187 non

2231 4202 2534 4269 contendit:
2563 4203 2655 4257 sed
2688 4208 2866 4261 statim
2901 4210 3181 4266 Dominum
3213 4216 3446 4284 agnovit.
3482 4217 3598 4273 Non
3641 4237 3843 4292 quem-

2232 4292 2518 4348 admodum
2545 4296 2749 4362 .ludaei,
2777 4315 2899 4355 cum
2945 4302 3193 4359 viderent
3243 4319 3486 4365 mortuos
3520 4315 3839 4382 suscitatus,

2230 4398 2402 4438 ca‘cos
2434 4386 2603 4440 visum
2620 4389 2972 4471 recipientes,
3010 4394 3255 4464 leprosos
3284 4401 3570 4458 mundatos
3589 4446 3604 4471 ,
3633 4406 3838 4464 nedum

2229 4477 2295 4529 ad
2320 4484 2590 4547 tantarum
2614 4495 2790 4536 rerum
2819 4486 3064 4553 opificem
3083 4503 3453 4559 aceurrereut,
3477 4495 3833 4556 seductorem

2230 4571 2390 4623 etiam
2438 4571 2585 4625 illum
2634 4576 2933 4641 vocabant,
2985 4594 3254 4650 omneque
3303 4582 3615 4643 insidiarum
3666 4606 3839 4660 genus

2230 4662 2562 4730 apparabant
2593 4678 2609 4719 :
2641 4682 2744 4721 non
2775 4668 2854 4724 sic
2878 4670 3059 4739 utique
3099 4672 3314 4739 Paulus,
3345 4677 3440 4732 sed
3467 4681 3645 4735 statim
3702 4698 3839 4743 con-

2227 4768 2416 4818 versus
2457 4765 2558 4811 est.
2611 4758 2747 4824 Quid
2798 4759 2959 4833 igitur
3002 4762 3284 4825 Christus?
3311 4765 3425 4838 Ego
3469 4787 3583 4825 sum
3637 4771 3835 4846 Iesus,

2227 4864 2371 4914 quem
2400 4860 2451 4900 tu
2484 4854 2792 4921 persequeris
2822 4853 3033 4926 (Ibid.).
3065 4856 3174 4911 Cur
3204 4874 3311 4913 non
3340 4861 3497 4931 dixit,
3550 4865 3668 4935 Ego
3710 4856 3835 4935 sum

2226 4937 2404 5005 Iesus,
2428 4940 2516 5009 qui
2548 4946 2837 5009 resnrrexi,
2870 4960 2970 5014 ego
3013 4962 3130 5001 sum
3162 4947 3341 5018 Iesus,
3366 4953 3459 5021 qui
3521 4954 3576 5009 in
3604 4956 3836 5019 dextera

2229 5029 2320 5083 Dei
2353 5031 2516 5085 sedeo
2536 5074 2551 5097 ,
2584 5034 2700 5095 sed,
2734 5033 2844 5105 Ego
2872 5052 2986 5090 sum
3011 5038 3185 5105 Iesus,
3223 5058 3371 5109 quem
3397 5053 3450 5098 tu
3480 5054 3794 5118 persequeris
3814 5054 3839 5106 .’

2227 5120 2295 5176 Ut
2324 5122 2440 5191 ejus
2472 5134 2706 5178 mentem
2761 5127 3116 5195 percelleret,
3170 5141 3225 5184 ut
3253 5132 3369 5203 ejus
3406 5136 3641 5193 animam
3683 5155 3837 5202 eum.

2226 5224 2501 5284 pungent.
2532 5217 2669 5273 Audi
2700 5219 2877 5288 itaque
2908 5220 3126 5275 Paulum
3153 5236 3272 5293 post
3300 5228 3524 5282 multum
3545 5236 3830 5302 temporis,

2224 5318 2344 5375 post
2400 5308 2677 5362 innumera
2735 5312 2989 5380 praeclare
3036 5327 3207 5384 gesta,
3254 5318 3355 5372 hoc
3392 5319 3777 5380 lamentantem
3815 5347 3829 5380 :

2224 5396 2337 5467 Ego
2356 5400 2512 5463 enim,
2541 5400 2729 5468 inquit,
2758 5418 2869 5455 sum
2914 5404 3153 5459 minimus
3182 5388 3528 5478 apostolorum
3548 5455 3566 5479 ,
3607 5418 3696 5486 qui
3728 5436 3831 5472 non

2221 5507 2335 5542 sum
2363 5491 2545 5560 dignus
2574 5495 2740 5547 vocari
2759 5497 3050 5564 apostolus,
3080 5500 3196 5569 quia
3227 5515 3553 5572 persequutus
3576 5523 3688 5561 sum
3725 5510 3829 5565 Ec-

2223 5582 2426 5633 clesium
2453 5585 2528 5650 (l.
2551 5584 2667 5637 Cor.
2691 5586 2777 5642 15.
2806 5586 2887 5656 9).
2913 5590 2967 5642 Si
2999 5594 3125 5645 vero
3146 5604 3263 5662 post
3292 5607 3544 5650 sexcenta
3571 5602 3830 5667 prmelare

2222 5682 2399 5738 gesta,
2446 5684 2564 5743 post
2598 5685 2801 5732 tantum
2851 5680 3090 5750 elapsum
3135 5696 3375 5753 tempus,
3432 5688 3534 5745 hoc
3579 5692 3825 5765 lugebat,

2226 5775 2418 5833 quanta
2447 5767 2733 5833 verisimile
2760 5778 2841 5826 est
2863 5771 3034 5843 ipsum
3058 5790 3179 5830 esse
3208 5791 3421 5847 passum
3444 5780 3536 5835 illo
3558 5792 3828 5861 tempore,
