4080 6402
229 351 332 410 I39

223 465 566 538 θρασύτερος
611 464 718 520 ὑπὸ
773 466 873 537 τῆς
924 467 1188 538 ἁρπαγῆς
1237 467 1476 536 ἐγένετο.
1533 466 1692 522 Οῦτω
1737 467 1833 521 καὶ

219 554 431 621 Σαῦλος
467 556 786 628 ἐπεπήδησε
828 555 906 627 τῷ
945 557 1093 629 χορῷ
1125 558 1236 611 τῶν
1283 556 1626 623 ἀποστόλων,
1671 556 1827 631 [125]

214 639 477 710 ἥρπασεν
507 641 722 693 ἐκεῖθεν
754 641 817 695 16
842 641 1031 712 ἀρνίον
1059 639 1157 694 τοῦ
1184 639 1450 712 Χριστοῦ,
1483 641 1575 694 16v
1613 641 1828 710 Στέφα-

216 738 314 775 νον
379 723 787 794 διεσπάραξεν,
831 725 1052 794 ἐγένετο
1101 724 1290 778 λοιπὸν
1331 726 1438 779 ὑπὸ
1471 725 1571 796 τῆς
1611 724 1831 795 σφαγῆς

211 805 429 876 ταύτης
470 807 830 880 θρασύτερος.
879 807 981 862 Διὰ
1021 807 1184 862 τοῦτό
1229 827 1417 880 φησιν,
1453 809 1596 862 Ἔτι.
1634 809 1830 863 Καίτοι

210 887 345 943 τίνα
381 892 482 943 οὐκ
507 890 573 944 ἂν
606 891 909 962 ἐνέπλησεν
941 893 970 946 6
999 893 1164 961 φόνος
1193 893 1404 955 ἐκεῖνος
1433 907 1447 956 ;
1481 891 1603 946 τίνα
1633 893 1734 945 οὐκ
1762 891 1829 946 ἀν

210 972 521 1043 κατῄδεσεν
543 975 577 1044 ή
615 975 892 1028 ἐπιείκεια
926 975 1020 1029 τοῦ
1053 975 1467 1045 σφαττομένου,
1499 975 1570 1030 τά
1599 977 1828 1047 ῥήματα

213 1055 364 1126 ἅπερ
386 1056 743 1128 λιθαζόμενος
771 1060 913 1131 ὑπὲρ
941 1061 1051 1113 τῶν
1084 1056 1420 1122 λιθαζόντων
1447 1056 1669 1128 ηὔχετο,
1708 1061 1828 1113 K15-

208 1156 327 1212 ριε,
365 1140 565 1209 λέγων,
591 1142 679 1212 μή
706 1144 954 1211 στήσῃς
978 1141 1188 1209 αὐτοῖς
1211 1141 1330 1210 τὴν
1359 1141 1658 1210 ἁμαρτίαν
1687 1143 1826 1196 ταύ-

209 1239 364 1290 την;
403 1225 504 1277 Διά
549 1225 710 1278 τοῦτο
755 1228 784 1280 6
829 1225 1069 1296 διώκτης
1115 1224 1520 1295 εύαγγελιστὴς
1571 1224 1820 1294 γέγονεν.

208 1305 439 1370 Εὐθέως
471 1308 580 1378 γὰρ
619 1307 760 1378 μετά
789 1309 880 1363 τὸν
903 1308 1065 1378 φόνον
1092 1300 1250 1372 0610;
1276 1306 1658 1377 μετεϐάλλετο,
1687 1306 1826 1361 ἐκεί·

203 1407 305 1444 νου
348 1394 451 1462 τῆς
487 1391 674 1462 φωνῆς
707 1392 944 1462 ἤκουσεν
985 1393 1014 1444 6
1059 1391 1214 1454 Θεός.
1254 1391 1364 1444 Καὶ
1406 1389 1518 1462 γὰρ
1555 1390 1706 1457 άξιος
1752 1386 1823 1463 ῆν

205 1472 511 1527 ἀκούεσθαι
542 1473 817 1542 Στέφανος
853 1475 951 1528 καὶ
976 1474 1066 1528 διά
1099 1473 1202 1545 τὴν
1229 1474 1434 1546 ἀρετὴν
1463 1473 1684 1528 Παύλου
1720 1474 1821 1546 τὴν

203 1556 518 1628 ἐσομένην,
581 1557 675 1610 καὶ
717 1556 808 1611 διὰ
851 1557 1061 1611 οἰκείαν
1099 1556 1420 1628 ὁμολογίαν,
1468 1558 1688 1626 Κύριε,
1729 1558 1818 1628 μὴ

200 1638 457 1709 στήσῃς
471 1639 680 1706 αὐτοῖς
706 1640 820 1709 τὴν
844 1639 1144 1710 ἁμαρτίαν
1164 1640 1414 1704 ταύτην.
1443 1637 1819 1694 Ἀκουέτωσαν

207 1721 326 1774 ὅσοι
363 1722 599 1794 ἐχθροὺς
629 1723 865 1794 ἐχουσιν,
893 1724 1010 1775 ὅσοι
1049 1720 1520 1777 πλεονεκτοῦνται.
1557 1722 1677 1777 Κάν
1709 1724 1820 1797 γάρ

206 1805 385 1878 μυρία
426 1806 610 1880 πάθῃς
645 1806 824 1872 δεινά,
870 1806 1085 1859 οὐδέπω
1123 1804 1420 1876 ἐλιθάσθης
1443 1848 1460 1874 ,
1503 1807 1758 1880 καθάπερ
1790 1811 1820 1862 6

204 1887 504 1957 Στέφανος.
545 1890 655 1942 Καὶ
703 1889 805 1961 ὅρα
857 1889 909 1941 τί
966 1888 1199 1957 γίνεται.
1262 1887 1658 1960 Ἑνεφράττετο
1719 1891 1820 1961 μία

205 1972 362 2043 πηγὴ
389 1975 422 2043 ή
459 1971 554 2025 106
585 1973 862 2042 Στεφάνου
884 2013 898 2037 ,
943 1973 1039 2025 καὶ
1080 1972 1332 2042 ήνοίγετο
1377 1973 1544 2046 ἐτέρα
1590 1973 1819 2046 μυρίους

202 2056 433 2124 ἀφιεῖσα
476 2055 777 2126 ποταμούς.
838 2055 1061 2127 Ἐπειδὴ
1106 2056 1216 2126 γάρ
1263 2057 1490 2128 ἐσίγησε
1523 2057 1587 2110 16
1641 2059 1819 2130 στόμα

202 2139 510 2208 Στεφάνου,
557 2140 765 2211 ῆχησεν
817 2138 1022 2203 εὐθέως
1061 2141 1094 2210 ή
1151 2139 1390 2209 σάλπιγξ
1434 2139 1530 2194 τοῦ
1577 2141 1812 2198 Παύλου.

201 2221 400 2286 Οὕτως
450 2221 713 2276 οὐδέποτε
764 2223 792 2274 6
831 2221 964 2285 Θεὸς
1012 2222 1095 2285 είς
1131 2221 1287 2287 τέλος
1339 2223 1815 2296 ἐγκαταλιμπάνει

199 2309 336 2369 τοὺς
363 2305 516 2376 αύτῷ
554 2299 1018 2380 προστρέχοντας,
1045 2305 1185 2360 ἀλλά
1222 2306 1451 2378 μείζονα
1476 2299 1558 2362 ὧν
1583 2309 1816 2363 ἀποστε-

202 2390 399 2459 ροῦσιν
454 2392 505 2444 οἱ
547 2390 737 2460 ἐχθροὶ
784 2390 1000 2443 δίδωσιν
1046 2390 1213 2453 αὐτὸς
1260 2389 1330 2442 τά
1380 2389 1551 2462 δῶρα.
1592 2392 1666 2444 Ού
1705 2393 1816 2464 γάρ

198 2473 453 2527 τοιοῦτον
493 2473 918 2539 ἐξέδαλοψάπο
981 2473 1083 2544 τῆς
1150 2473 1432 2542 φάλαγγος
1475 2473 1815 2546 στρατιώτην

199 2562 440 2621 ἐκεῖνοι,
493 2553 605 2612 οἷον
649 2558 1052 2628 ἀντεισήγαγεν
1101 2559 1130 2610 6
1171 2556 1430 2629 Χριστός.
1471 2555 1709 2623 Σαῦλος
1746 2558 1816 2610 δὲ

198 2643 316 2697 ἔτι.
366 2645 478 2697 Καὶ
516 2643 645 2697 ἀλλο
678 2661 731 2696 τι
776 2643 930 2716 δηλοῖ
980 2641 1064 2706 16,
1109 2643 1269 2706 Ἔτι,
1307 2641 1504 2695 τοῦτο’
1534 2637 1670 2706 οἷον,
1729 2641 1813 2696 ὅτι

199 2728 287 2781 ετι
342 2728 693 2798 μαινόμενον,
738 2726 819 2780 ἐτι
863 2727 1256 2798 ἀγριαίνοντα,
1294 2724 1375 2778 ἔτι
1428 2726 1487 2780 ἐν
1528 2726 1681 2796 ἀκμῇ
1716 2725 1812 2779 τοῦ

197 2811 379 2883 θυμοῦ
436 2809 602 2875 ὄντα,
661 2811 744 2866 ἐτι
795 2809 873 2881 τῷ
927 2811 1076 2881 φόνῳ
1134 2810 1329 2873 ζέοντα
1387 2810 1743 2863 ἐπεσπάσατο
1785 2811 1812 2862 6

198 2897 461 2969 Χριστός.
505 2896 642 2950 οὐδὲ
670 2895 781 2966 γὰρ
816 2894 1073 2963 ἀνέμεινε
1116 2893 1278 2964 λῆξαι
1329 2893 1391 2946 16
1427 2893 1677 2964 νόσημα,
1719 2895 1812 2947 καὶ

199 2979 501 3049 σϐεσθῆναι
553 2979 615 3031 τὸ
659 2977 868 3042 πάθος,
918 2977 1016 3029 καὶ
1066 2977 1373 3047 πραότερον
1415 2975 1674 3044 γενέσθαι
1719 2977 1812 3030 τὸν

195 3064 428 3137 ἄγριον,
461 3062 555 3116 καὶ
585 3060 761 3125 οὕτως
795 3061 1047 3113 εἵλκυσεν
1067 3075 1082 3089 °
1131 3058 1249 3112 ἀλλ’
1282 3061 1340 3111 ἐν
1366 3059 1505 3129 αὐτῇ
1540 3060 1608 3130 τῇ
1656 3059 1809 3130 ἀκμῇ

195 3146 303 3217 τῆς
339 3147 541 3218 μανίας
577 3145 740 3200 αὑτὸν
766 3142 1124 3216 ἐχειρώσατο,
1165 3142 1255 3196 ἵνα
1285 3141 1436 3214 δείξῃ
1472 3143 1572 3214 τὴν
1613 3141 1810 3195 ἐαυτοῦ

194 3233 460 3306 δύναμιν,
489 3235 571 3288 ὅτι
599 3235 658 3286 ἐν
685 3233 828 3305 μέσῃ
859 3235 924 3303 τῇ
964 3231 1196 3302 βακχείᾳ
1227 3231 1345 3283 τότε
1381 3229 1568 3301 ἐκείνῃ
1596 3229 1812 3294 ζέοντος

196 3318 283 3372 ἔτι
312 3319 409 3372 τοῦ
449 3316 623 3390 θυμοῦ
664 3319 862 3390 κρατεῖ
900 3318 996 3371 καὶ
1027 3315 1372 3387 περιγίνεται
1402 3312 1499 3366 τοῦ
1545 3313 1807 3370 διώκτου.

198 3404 316 3457 Καὶ
347 3401 459 3474 γάρ
503 3403 687 3473 ίατρὸν
721 3402 845 3454 τότε
893 3398 1252 3470 θαυμάζομεν
1281 3397 1541 3468 μάλιστα,
1570 3398 1698 3452 ὅταν
1727 3399 1815 3452 δυο

195 3485 339 3557 νηθῇ
370 3487 465 3538 τὸν
495 3484 733 3556 πυρετὸν
765 3483 1058 3554 αἰρόμενον
1101 3481 1197 3536 καὶ
1231 3483 1331 3552 τὴν
1373 3481 1549 3551 φλόγα
1587 3481 1684 3535 τοῦ
1721 3500 1812 3537 νο-

201 3575 450 3641 σήματος
499 3565 668 3623 οὖσαν
700 3569 759 3622 ἐν
789 3567 938 3640 ἀκρα
974 3567 1303 3637 σφοδρότητι
1345 3566 1685 3620 κατασσέσαι
1717 3569 1811 3620 καὶ

197 3653 492 3716 παντελῶς
525 3653 824 3722 ἀφανίσαιο
857 3652 885 3704 ὂ
917 3653 1013 3704 καὶ
1047 3651 1142 3703 ἐπὶ
1176 3650 1271 3704 τοῦ
1310 3650 1528 3703 Παύλου
1562 3650 1805 3718 γέγονεν.

211 3741 303 3793 Ἐν
343 3740 498 3810 ἀκμῇ
548 3737 658 3808 γάρ
705 3735 868 3791 αὑτὸν
912 3736 1044 3790 ὄντα
1081 3735 1183 3804 τῆς
1229 3733 1449 3804 φλογὸς,
1485 3733 1678 3806 ῶσπερ
1726 3751 1812 3798 τις

197 3824 396 3896 δρόσος
425 3820 634 3877 ἀνωθεν
664 3818 1082 3890 κατενεχθεῖσα,
1114 3820 1148 3890 ή
1182 3818 1338 3888 φωνὴ
1361 3816 1455 3871 τοῦ
1482 3817 1689 3888 Κυρίου
1715 3816 1810 3870 τοῦ

198 3909 510 3977 νοσήματος
541 3902 820 3974 ἀπήλλαξε
856 3901 1160 3964 παντελῶς.
1215 3899 1454 3966 Σαῦλος
1495 3899 1564 3952 δὲ
1593 3901 1682 3953 ἐτι
1711 3900 1812 3968 ἐμ·-

199 3989 405 4045 πνέων
431 3985 690 4054 ἀπειλῆς
729 3986 828 4040 καί
863 3985 1056 4055 φόνου
1100 3987 1188 4050 είς
1216 3983 1358 4049 τοὺς
1393 3982 1665 4052 μαθητὰς
1703 3981 1810 4036 τοῦ

202 4075 450 4143 Kvplov,
496 4072 680 4142 ἀφῆκε
718 4070 779 4124 16
812 4069 1022 4138 πλῆθος
1044 4109 1059 4134 ,
1095 4069 1191 4123 καὶ
1223 4070 1335 4130 τοῖς
1369 4067 1598 4138 ἄρχουσι
1623 4065 1810 4118 λοιπὸν

197 4157 475 4229 ἐπεπήδα.
508 4155 723 4225 Ὠσπερ
755 4153 864 4223 γὰρ
886 4156 914 4207 6
940 4153 1161 4224 δένδρον
1186 4150 1515 4223 βουλόμενος
1530 4151 1807 4218 ἐκτεμεῖν,

195 4243 328 4303 τοὺς
371 4239 600 4304 κλάδους
637 4239 817 4307 ἀφεὶς,
868 4235 1118 4291 κάτωθεν
1158 4235 1420 4290 ἐκκόπτει
1481 4234 1584 4302 τὴν
1629 4232 1807 4304 ῥίζαν,

196 4325 346 4379 οῦτω
379 4324 443 4395 δὴ
471 4323 568 4376 καὶ
597 4316 752 4384 οὗτος
787 4321 881 4374 ἐπὶ
902 4321 1029 4384 τοὺς
1065 4317 1316 4391 μαθητὰς
1341 4314 1496 4389 ἦλθε,
1520 4316 1619 4388 τὴν
1650 4316 1809 4388 ῥίζαν

197 4408 294 4463 τοῦ
339 4405 696 4479 κηρύγματος
729 4402 1055 4475 βουλόμενος
1093 4403 1326 4457 ἀνελεῖν.

273 4557 441 4614 Ἀλλά
471 4557 574 4611 οὐκ
600 4551 742 4628 ἦσαν
779 4553 927 4627 ῥίζαι
947 4550 1040 4606 τοῦ
1076 4549 1435 4623 κηρύγματος
1457 4549 1506 4602 οί
1544 4547 1806 4618 μαθηταὶ,

197 4645 318 4700 ἀλλ’
355 4647 383 4698 6
423 4642 535 4696 τῶν
584 4639 842 4712 μαθητῶν
877 4636 1172 4705 Δεσπότης.
1217 4632 1317 4686 Διά
1357 4632 1516 4685 τοῦτο
1561 4631 1657 4684 καὶ
1690 4631 1802 4683 ἐλε-

198 4745 326 4799 γενο
571 4727 688 4794 ειμι
727 4725 766 4792 ἡ
816 4721 1122 4792 ἄμπελος,
1170 4716 1342 4786 ὑμεῖς
1390 4715 1462 4769 τὰ
1504 4716 1804 4786 κλήματα.

211 4812 429 4883 Ἐκείνη
477 4811 534 4864 δὲ
580 4806 1029 4886 ἀκαταγώνιστος
1073 4806 1106 4875 ή
1163 4801 1308 4886 ῥίζα.
1355 4800 1454 4886 Διά
1497 4799 1658 4886 10610
1697 4801 1809 4886 ὅσω

198 4882 425 4953 πλείονα
452 4893 740 4962 ἐξέτεμνον
767 4882 1047 4960 κλήματα,
1065 4885 1307 4956 τοσούτῳ
1333 4885 1428 4938 καὶ
1457 4883 1676 4937 πλείονα
1714 4882 1810 4935 καὶ

200 4981 428 5054 μείζονα
457 4976 618 5032 πάλιν
646 4974 995 5030 ἐϐλάστανεν.
1021 4967 1325 5054 Ἐξετμήθη
1356 4965 1491 5054 γοῦν
1512 4966 1805 5054 Στέφανος,

199 5049 296 5122 καὶ
355 5062 728 5132 ἀνεϐλάστησε
785 5056 998 5122 Παῦλος
1057 5056 1152 5109 καὶ
1201 5054 1248 5106 οί
1301 5051 1392 5105 διὰ
1445 5049 1658 5104 Παύλου
1717 5066 1810 5106 πι-

201 5148 550 5210 στεύσαντες.
625 5131 893 5214 Ἐγένετο
939 5142 1038 5205 δὲ,
1090 5139 1291 5210 φησὶν,
1342 5133 1413 5188 ἐν
1451 5132 1531 5199 τῷ
1559 5131 1808 5203 ἐγγίζειν

203 5233 392 5288 αὐτὸν
417 5228 494 5299 τῇ
523 5225 846 5298 Δαμασκῷ,
890 5226 1185 5293 ἐξαίφνης
1216 5217 1675 5299 περιήστραψεν
1702 5217 1808 5299 a6-

200 5317 308 5370 τιέν
334 5297 568 5386 φῶς-Ἵέκ
602 5297 709 5365 τοῦ
746 5307 1034 5378 οὐρανοῦ,
1062 5305 1163 5360 καὶ
1193 5299 1528 5386 πεσὼνῗὲπί
1549 5297 1660 5366 τῆς
1680 5298 1807 5386 γῆς

201 5382 435 5471 ἤιούσε
474 5395 685 5467 φωνὴν
717 5394 1028 5462 λέγουσαν
1074 5388 1257 5455 αὐτῷ,
1315 5385 1535 5448 Σαῦλε,
1583 5382 1804 5471 Σαῦλε,

202 5467 260 5537 τί
284 5500 361 5554 με
398 5481 671 5548 ὅιώκειςς
729 5480 889 5542 Τίνος
927 5475 1114 5529 ἐνεκεν
1152 5474 1275 5543 οὐχὶ
1308 5471 1526 5543 πρῶτον
1561 5471 1594 5539 ή
1654 5467 1806 5554 φωνή

201 5551 440 5639 ἠνέχθη,
489 5565 626 5619 ἀλλά
673 5563 943 5636 πρότερον
998 5560 1114 5628 φῶς
1161 5556 1326 5612 αὐτὸν
1357 5551 1805 5639 περιήστραψενς

198 5633 332 5706 Ἵνα
363 5633 483 5718 μεθ’
519 5633 750 5719 ἡσυχίας
795 5645 1006 5716 ἀκούσῃ
1051 5643 1151 5713 τῆς
1179 5642 1385 5710 φωνῆς.
1441 5635 1662 5707 Ἐπειδὴ
1696 5633 1808 5706 γάρ

200 5745 228 5795 δ
255 5734 396 5807 πρός
421 5751 476 5786 τι
511 5733 746 5804 πρᾶγμα
783 5730 1085 5800 τεταμένος
1130 5727 1226 5780 καὶ
1252 5722 1426 5795 θυμοῦ
1461 5722 1674 5807 πλήρης
1706 5719 1806 5807 ὣῌν,

204 5803 312 5874 κᾶν
351 5803 860 5890 μυρίοιίκαλῶσιν,
911 5812 1012 5864 οὐκ
1053 5810 1481 5877 ἐπιστρέφεται,
1535 5804 1655 5866 ὅλος
1703 5803 1805 5870 τῆς

535 5921 804 5980 Ριπιοι.
854 5916 968 5974 Ga.
1015 5915 1118 5973 LI.

782 389 786 394 -
878 358 966 414 Im
1009 357 1352 414 FERENDIS
1406 353 1844 410 REPREHENS.
1884 355 1973 411 ΕΤ
2015 355 2104 410 DE
2134 354 2400 412 MUTAT.
2431 353 2780 412 NOMINUM.
2824 353 2915 411 111.

3444 353 3548 413 NO

1941 470 2314 541 προκειμένης
2342 468 2656 532 ὑποθέσεως
2687 467 2763 522 ῶν
2783 484 2797 498 ·
2845 467 2931 520 ἵνα
2969 465 3044 538 μὴ
3083 466 3178 521 καὶ
3205 467 3298 520 ἐπὶ
3327 468 3544 523 Παύλου

1937 554 2096 608 τοῦτο
2123 554 2371 625 γένηται,
2405 554 2501 607 καὶ
2532 551 2748 623 μεθύων
2773 555 2840 622 τῇ
2870 551 3040 623 μανία
3068 551 3178 606 τῶν
3203 548 3355 624 [12ιῖ
3381 567 3546 620 γεγε·

1935 638 2186 708 νημένων
2229 635 2672 708 παραπέμψηται
2718 635 2820 706 τὴν
2855 634 3062 705 φωνήν,
3096 633 3130 706 ἢ
3163 634 3296 705 μηδέ
3331 635 3542 706 ἀκούσῃ

1931 721 2033 792 τήν
2059 720 2257 792 ἀρχὴν,
2288 721 2387 792 τὴν
2416 719 2658 774 διάνοιαν
2683 718 2905 772 ἃπασαν
2942 717 3081 790 πρὸς
3112 719 3214 790 τὴν
3245 717 3543 788 λεηλασίαν

1931 803 2150 876 ἐκείνην
2185 805 2358 874 ἔχων,
2395 804 2664 874 πρότερον
2689 801 2780 855 διά
2805 801 2904 855 106
2935 801 3114 870 φωτὸς
3147 800 3413 872 πηρώσας
3442 800 3545 855 αὺ-

1929 885 2023 940 τοῦ
2051 889 2178 951 τοὺς
2215 887 2551 958 ὀφθαλμοὺς,
2578 887 2674 939 καὶ
2704 885 2798 938 16v
2833 884 3005 955 θυμὸν
3027 884 3414 948 καταστείλας,
3445 885 3543 938 καὶ

1932 969 2134 1033 σσέσας
2166 970 2383 1024 ἅπαντα
2429 971 2526 1040 τῆς
2563 969 2744 1039 ψυχῆς
2770 968 2864 1022 τὸν
2901 967 3156 1038 θόρυϐον,
3199 967 3296 1021 καὶ
3334 966 3542 1037 πολλὴν

1928 1053 1988 1105 ἐν
2017 1056 2082 1124 τῇ
2125 1053 2335 1125 διανοίᾳ
2378 1053 2622 1126 γαλήνην
2664 1053 2936 1123 ποιήσας,
2998 1050 3145 1104 οὕτω
3189 1051 3290 1123 τὴν
3352 1049 3541 1122 φωνὴν

1928 1136 2164 1207 ἀφῆκεν,
2215 1139 2304 1192 ῖνα
2350 1137 2772 1209 κατενεχθείσης
2809 1135 2912 1206 τῆς
2943 1134 3266 1200 ἀλαζονείας
3297 1133 3539 1207 σώφρονι

1925 1220 2005 1292 τῷ
2035 1221 2281 1292 λογισμῷ
2311 1222 2560 1294 προσέχῃ
2584 1223 2701 1285 τοῖς
2727 1219 3050 1290 λεγομένοις
3077 1217 3284 1274 λοιπόν.
3314 1217 3536 1284 Σαῦλε,

1926 1305 2155 1369 Σαῦλε,
2215 1305 2273 1358 τί
2308 1321 2386 1374 με
2432 1303 2702 1370 διώκειςς
2749 1303 2824 1357 Ού
2867 1301 3124 1356 τοσοῦτον
3175 1301 3540 1370 ἐγκαλοῦντός

1925 1389 2096 1454 ἐστιν,
2145 1389 2270 1441 ὅσον
2316 1388 2783 1459 ἀπολογουμένου.
2842 1388 2908 1440 Τί
2956 1403 3022 1457 με
3054 1385 3316 1450 διώκεις;
3349 1385 3415 1438 Τί
3449 1402 3540 1454 μι-

1924 1473 2058 1544 κρὸν
2089 1473 2122 1544 ἢ
2152 1473 2296 1546 μέγα
2329 1473 2584 1543 ἐγκαλεῖν
2620 1473 2761 1544 ἔχων
2792 1473 2950 1541 ἐμοίς
2989 1471 3042 1523 τί
3083 1472 3216 1541 παρ’
3249 1467 3384 1539 ἐμοῦ
3415 1468 3538 1538 ήδι-

1923 1559 2198 1629 κημένος;
2253 1560 2336 1612 ὅτι
2363 1559 2488 1621 τοὺς
2513 1557 2742 1627 νεκροὺς
2765 1556 2921 1626 ὑμῶν
2947 1555 3225 1626 ἀνέστησα
3247 1569 3262 1618 ;
3296 1554 3380 1606 δτι
3407 1554 3540 1615 τοὺς

1921 1641 2159 1713 λεπροὺς
2181 1643 2461 1715 ἐκάθηρα;
2487 1643 2570 1696 ὅτι
2594 1643 2722 1705 τοὺς
2753 1639 3018 1711 δαίμονας
3039 1638 3333 1709 ἀπήλασας
3371 1636 3537 1692 Ἀλλά

1920 1725 2010 1780 διὰ
2069 1726 2242 1780 ταῦτα
2277 1724 2707 1798 προσκυνεῖσθαί
2761 1741 2864 1794 με,
2923 1722 3047 1793 οὐχὶ
3069 1719 3366 1775 διώκεσθαι
3400 1720 3533 1776 εδει.

1921 1811 2034 1866 Καὶ
2070 1811 2158 1865 ῐνα
2187 1811 2388 1886 μάθῃς,
2421 1810 2503 1864 δτι
2537 1809 2619 1875 16,
2655 1807 2724 1863 Τί
2753 1824 2832 1878 με
2857 1805 3129 1873 διώκεις;
3161 1804 3536 1876 ἀπολογουμέ-

1920 1911 2012 1948 νου
2037 1894 2238 1966 μᾶλλόν
2258 1897 2429 1960 ἐστιν,
2443 1893 2677 1948 ἄκουσον
2694 1892 2812 1956 πῶς
2833 1892 2928 1944 καὶ
2949 1892 2978 1944 6
2991 1890 3182 1961 Πατὴρ
3201 1887 3369 1942 αὑτοῦ
3391 1888 3530 1960 πρὸς

1918 1977 2048 2042 τοὺς
2081 1977 2368 2042 Ἰουδαίους
2411 1977 2589 2046 τούτῳ
2616 1975 2884 2047 κέχρηται
2925 1973 3009 2043 τῷ
3054 1973 3281 2044 ῥήματι.
3315 1971 3528 2041 Ὠσπερ

1917 2060 2028 2132 γὰρ
2052 2055 2209 2125 0610;
2234 2061 2405 2130 λέγει,
2424 2061 2645 2126 Σαῦλε,
2665 2059 2884 2124 Σαῦλε,
2913 2058 2988 2112 τίς
2991 2073 3070 2127 με
3089 2055 3325 2122 διώκεις
3343 2071 3361 2120 ;
3383 2054 3531 2109 οὕτω

1919 2146 2172 2208 κάκεῖνος
2218 2146 2354 2217 πρὸς
2385 2146 2514 2208 τοὺς
2550 2143 2842 2207 Ἰουδαίους
2889 2140 3062 2210 φησί·
3118 2139 3278 2205 Λαός
3298 2155 3441 2208 μου,
3474 2138 3535 2191 τί

1917 2227 2183 2296 ἐποίησά
2216 2245 2338 2293 σοι,
2369 2230 2409 2298 ἢ
2434 2229 2492 2281 τί
2510 2227 2797 2295 ἐλύπησά
2827 2240 2934 2289 σε;
2969 2222 3192 2286 Σαῦλε,
3219 2221 3440 2288 Σαῦλε,
3473 2221 3532 2275 τί

1911 2329 1990 2381 με
2023 2313 2291 2380 διώκεις;
2339 2314 2472 2368 Ἰδοὺ
2495 2315 2676 2366 κεῖσαι
2711 2307 2946 2382 πρηνὴς,
2971 2306 3082 2359 ἰδοὺ
3110 2305 3323 2358 δέδεσαι
3358 2306 3530 2375 χωρὶς

1919 2396 2181 2460 ἁλύσεως.
2225 2398 2440 2466 Ὠσπερ
2476 2391 2571 2449 οὖν
2618 2395 2747 2447 ὅταν
2784 2390 3055 2460 δεσπότης
3092 2387 3317 2459 οἰκέτην
3355 2387 3529 2442 πολλά

1918 2479 2323 2550 περιφεύγοντα
2343 2479 2437 2533 καὶ
2462 2479 2633 2550 μυρία
2658 2474 3031 2547 ἐργαζόμενον
3048 2469 3399 2524 δεινάλασὼν
3420 2471 3531 2524 ὑπὸ

1917 2565 2130 2634 χεῖρας,
2158 2563 2254 2616 καὶ
2275 2563 2447 2632 δήσας
2472 2562 2624 2630 λέγοι
2653 2560 2794 2630 πρὸς
2822 2557 2988 2612 αὑτὸν
3015 2553 3411 2624 δεδεμένον,Τί
3440 2571 3525 2607 σοι

1918 2646 2099 2716 βούλει
2137 2648 2349 2716 ποιήσω
2392 2644 2522 2709 νῦν;
2578 2644 2687 2697 ἰδοὺ
2725 2641 2960 2710 γέγονας
2987 2639 3328 2709 ὑποχείριος·
3382 2635 3527 2691 οὕτω

1915 2731 2012 2783 καὶ
2049 2732 2078 2782 6
2098 2729 2335 2800 Χριστὸς
2365 2728 2457 2781 τὸν
2486 2726 2703 2780 Παῦλον
2727 2723 2911 2779 λαϐὼν
2932 2763 2946 2786 ,
2986 2722 3149 2793 ῥίψας
3183 2719 3400 2792 πρηνῆ,
3429 2721 3527 2774 καί

1913 2813 2060 2885 ὁρῶν
2089 2814 2360 2886 τρέμοντα
2405 2812 2499 2865 καὶ
2541 2809 2820 2865 δεδοικότα
2863 2807 2959 2861 καὶ
3001 2805 3156 2859 οὐδὲν
3187 2801 3526 2875 ἐργάζεσθαι

1913 2898 2239 2968 δυνάμενον,
2287 2896 2459 2968 φησί’
2506 2893 2736 2958 Σαῦλε,
2780 2891 3015 2954 Σαῦλε,
3044 2889 3102 2942 τί
3135 2905 3214 2957 με
3255 2886 3528 2952 διώκειςς

1915 2981 2027 3034 Ποῦ
2053 2977 2147 3034 οὖν
2192 2984 2220 3035 6
2264 2979 2432 3050 θυμὸς
2470 2981 2677 3041 ἐκεῖνος
2707 2975 2958 3046 οἴχεταις
3001 2971 3104 3026 ποῦ
3149 2970 3205 3025 δέ
3249 2973 3283 3043 ή
3322 2970 3524 3040 μανίας

1915 3065 2020 3116 ποῦ
2053 3064 2108 3117 δὲ
2132 3067 2160 3118 6
2200 3064 2359 3132 ζῆλος
2387 3063 2416 3114 6
2438 3062 2706 3132 άκαιρος;
2739 3058 2843 3112 ποῦ
2867 3056 2937 3109 τά
2958 3055 3134 3125 δεσμά
3164 3055 3260 3108 καὶ
3283 3056 3339 3107 al
3366 3070 3526 3125 περι-

1912 3147 2112 3220 δρομαί
2128 3167 2145 3216 ;
2191 3147 2296 3202 ποῦ
2327 3148 2384 3201 δέ
2419 3150 2452 3218 ὴ
2506 3145 2773 3217 ἀγριότης
2815 3142 3035 3212 ἐκείνη;
3080 3140 3361 3209 Ἀκίνητος
3421 3137 3523 3208 μέν

1913 3233 2013 3305 ἔσῃ
2039 3233 2154 3297 νῦν,
2186 3233 2283 3285 καὶ
2314 3231 2435 3285 ούδέ
2477 3230 2602 3283 ίδεῖν
2637 3227 2729 3281 τὸν
2762 3225 3095 3294 διωκόμενον
3125 3222 3353 3277 δύνασαι
3379 3239 3392 3253 ·
3426 3221 3526 3305 κα),

1914 3318 1944 3370 6
1976 3304 2224 3371 σπεύδων
2269 3316 2364 3369 καὶ
2409 3311 2688 3382 πανταχοῦ
2738 3309 3118 3381 περιτρέχων,
3171 3304 3523 3378 χειραγωγοῦ

1913 3400 2105 3473 χρείαν
2131 3399 2276 3469 ἐχεις
2305 3397 2423 3452 νῦν.
2457 3396 2555 3449 Διά
2581 3394 2694 3465 γὰρ
2719 3393 2879 3448 τοῦτο
2908 3392 3001 3446 καὶ
3035 3391 3130 3444 νῦν
3149 3407 3315 3461 φησιν
3347 3386 3523 3460 αὐτῷ,

1914 3489 1980 3542 Τί
2027 3506 2095 3560 με
2134 3488 2382 3550 διώκειςς
2437 3485 2524 3538 ἵνα
2559 3484 2707 3556 μάθῃ
2737 3483 2820 3535 ὅτι
2849 3483 2946 3534 καὶ
2984 3483 3042 3533 ἐν
3077 3479 3154 3549 τῷ
3185 3478 3293 3550 πρὸ
3325 3477 3522 3531 τούτου

1913 3579 2092 3650 χρόνῳ
2130 3575 2270 3630 ἐκὼν
2303 3573 2454 3644 αύτῷ
2489 3571 2815 3642 συνεχώρειο
2866 3570 2948 3622 ὅτι
2979 3568 3103 3622 οὔτε
3134 3569 3319 3620 ἐκεῖνα
3353 3565 3522 3619 ἀσθε-

1913 3669 2062 3731 νείας
2091 3664 2180 3739 ἦν,
2218 3664 2342 3718 οὔτε
2363 3663 2537 3718 ταῦτα
2561 3662 2867 3733 ὠμότητος,
2895 3659 3031 3712 ἀλλὰ
3052 3659 3147 3712 καὶ
3185 3658 3371 3711 ἐκεῖνα
3402 3656 3526 3726 φιλ-

1914 3757 2254 3829 ανθρωπίας,
2287 3755 2381 3808 καὶ
2407 3751 2581 3808 ταῦτα
2611 3749 2962 3820 κηδεμονίας.
2993 3748 3058 3801 Τί
3088 3744 3182 3799 οὖν
3216 3747 3244 3798 6
3275 3745 3523 3812 Παῦλος,

1920 3847 2014 3913 Τίς
2033 3842 2106 3910 εἴ,
2128 3846 2307 3913 Κύριε
2329 3860 2347 3906 ;
2387 3842 2636 3910 Ἐπέγνω
2661 3840 2760 3912 τήν
2781 3838 3102 3893 δεσποτείαν
3133 3835 3242 3891 ἀπὸ
3268 3835 3366 3905 τῆς
3394 3851 3526 3904 συγ-

1913 3936 2232 4007 χωρήσεως,
2269 3930 2440 4002 ἔμαθε
2485 3929 2582 4001 τὴν
2616 3927 2850 3996 δύναμιν
2891 3925 3003 3980 άπὸ
3031 3924 3131 3994 τῆς
3168 3923 3291 3976 τότε
3338 3923 3526 3996 πηρώο

1916 4041 2074 4088 σεως,
2102 4022 2356 4094 ὁμολογεῖ
2385 4019 2576 4072 λοιπὸν
2604 4016 2705 4087 τὴν
2750 4015 3026 4080 ἐξουσίαν.
3071 4014 3164 4079 Τίς
3195 4008 3270 4077 εἶ,
3297 4014 3478 4081 Κύριε
3503 4028 3524 4076 ;

1913 4108 2067 4176 Εἶδες
2110 4110 2291 4182 ψυχὴν
2340 4106 2696 4178 εὐγνώμονας
2751 4101 2892 4168 εἶδες
2921 4102 3160 4157 διάνοιαν
3205 4100 3523 4174 ἐλευθερίας

1912 4200 2224 4271 γέμουσανς
2280 4194 2420 4259 εἶδες
2470 4193 2710 4256 συνειδὸς
2747 4191 3076 4254 ἀδέκαστονς
3126 4190 3242 4242 Οὐκ
3279 4189 3524 4243 ἀντέτειο

1913 4306 2037 4355 νεν,
2102 4289 2202 4342 οὐκ
2247 4285 2692 4355 ἐφιλονείκησεν,
2761 4279 2878 4334 ἀλλ’
2924 4278 3067 4347 ἔγνω
3107 4277 3200 4331 16v
3242 4276 3526 4347 Δεσπότην

1912 4378 2135 4440 εὐθέως.
2181 4375 2256 4429 Οὐ
2305 4373 2560 4442 καθάπερ
2607 4369 2852 4424 Ἰουδαῖοι
2883 4367 3112 4439 νεκροὺς
3142 4364 3379 4437 ὁρῶντες
3423 4365 3530 4419 ἀν·-

1915 4466 2277 4535 ισταμένους,
2336 4461 2548 4533 πηροῦς
2613 4457 3060 4519 ἀναϐλέποντας,
3130 4453 3369 4525 λεπροὺς
3425 4469 3527 4507 κα-

1912 4555 2274 4626 θαιρομένους
2295 4595 2310 4617 ,
2343 4554 2403 4606 οὐ
2433 4551 2591 4623 μόνον
2616 4549 2678 4601 ού
2699 4547 3065 4618 προσέτρεχον
3089 4543 3169 4614 τῷ
3195 4542 3372 4597 ταῦτα
3397 4558 3526 4598 ποι-

1911 4643 2082 4707 οῦντι,
2127 4643 2264 4696 ἀλλά
2301 4641 2394 4694 καὶ
2449 4639 2649 4692 πλάνον
2689 4635 2853 4689 αὑτὸν
2896 4633 3128 4688 ἐκάλουν
3153 4672 3168 4694 ,
3215 4632 3311 4684 καὶ
3344 4631 3526 4685 πάντα

1910 4732 2112 4803 τρόπον
2143 4729 2438 4798 ἐπιϐουλῆς
2460 4725 2671 4780 ἐκίνουν
2692 4742 2704 4754 ·
2755 4723 2870 4776 ἀλλ’
2903 4724 3002 4792 οὐχ
3037 4723 3064 4774 6
3086 4718 3300 4784 Παῦλος
3324 4716 3521 4784 οὕτως,

1912 4817 2028 4872 ἀλλ’
2071 4816 2276 4879 εὐθέως
2323 4812 2653 4886 μετετίθετο.
2723 4809 2788 4863 Τί
2833 4806 2926 4863 οῦν
2977 4810 3004 4863 6
3044 4808 3315 4879 Χριστόςς
3382 4807 3525 4877 Ἐγώ

1911 4910 2030 4978 ειμι
2062 4906 2328 4974 Ἰησοῦς,
2379 4903 2452 4958 ὃν
2501 4903 2583 4956 σὺ
2624 4899 2877 4965 διώκεις.
2933 4898 3045 4952 Καὶ
3096 4897 3186 4952 διά
3224 4897 3280 4949 τί
3323 4896 3399 4968 μὴ
3444 4892 3526 4950 εἷ-

1913 5014 2049 5060 πεν,
2085 4992 2229 5062 Ἐγώ
2245 4990 2358 5058 εἰμι
2386 4989 2596 5062 Ἰησοῦς
2635 4991 2663 5042 6
2696 4986 2938 5052 ἀναστάς
2958 5027 2972 5048 ,
3020 4985 3132 5055 ἐγώ
3161 4987 3278 5056 εἰμι
3309 4985 3524 5054 Ἰησοῦς

1914 5087 1972 5140 ἐν
2006 5084 2158 5157 δεξιᾷ
2203 5082 2296 5136 τοῦ
2337 5079 2474 5135 Θεοῦ
2524 5079 2837 5150 καθήμενος
2857 5117 2871 5142 ,
2895 5075 3014 5130 ἀλλ’
3033 5116 3047 5140 ,
3093 5074 3241 5144 Ἐγώ
3262 5075 3380 5144 ειμι
3404 5074 3526 5140 ’1η⁴

1913 5175 2104 5241 σοῦς,
2140 5171 2212 5226 δν
2261 5170 2343 5224 σὺ
2385 5167 2658 5234 διώκειςς
2691 5167 2812 5221 ’Ίνα
2841 5164 3023 5236 πλήξῃ
3057 5161 3222 5218 αὑτοῦ
3263 5162 3363 5235 τὴν
3403 5160 3529 5216 διά-

1912 5280 2085 5329 νοιαν,
2117 5262 2206 5316 ἵνα
2234 5257 2512 5330 κατανύξῃ
2535 5255 2702 5310 αὐτοῦ
2737 5255 2836 5326 τὴν
2864 5253 3064 5324 ψυχήν.
3092 5252 3362 5305 ’Ἄκουσον
3387 5248 3523 5319 γοῦν

1913 5352 2130 5407 Παύλου
2169 5349 2309 5422 μετά
2351 5346 2580 5410 πολλοὺς
2620 5345 2746 5408 τοὺς
2793 5343 3020 5415 χρόνους
3055 5341 3149 5394 καὶ
3183 5338 3352 5410 μυρία
3389 5354 3524 5394 κατ-

1912 5441 2210 5514 ορθὼματα
2232 5439 2392 5493 τοῦτο
2417 5435 2743 5510 θρηνοῦντος
2763 5453 2776 5464 ·
2832 5431 2976 5500 Ἐγὼ
3002 5427 3113 5499 γάρ
3151 5432 3289 5498 ειμι,
3330 5427 3519 5514 φησὶν,

1912 5512 1954 5584 ὀὴ
1975 5529 2304 5596 ἐλάχιστος
2338 5524 2492 5598 [ηδ]
2545 5523 2792 5577 πάντων
2837 5518 2958 5573 τῶν
3005 5518 3405 5576 ἀποστόλων,
3450 5512 3520 5577 ὃς

1911 5623 2023 5672 οὐκ
2049 5617 2166 5688 είμὶ
2186 5617 2394 5680 ἱκανὸς
2415 5611 2730 5666 καλεῖσθαι
2749 5610 3116 5671 ἀπόστολος,
3132 5604 3281 5658 διότι
3301 5599 3520 5663 ἐδίωξα

1913 5706 2030 5773 τὴν
2067 5704 2462 5773 Ἐκκλησίαν.
2524 5699 2669 5755 Εἱδέ
2716 5700 2854 5768 μετὰ
2891 5695 3062 5768 μυρία
3115 5689 3520 5760 κατορθώματα

1913 5795 2009 5847 καὶ
2059 5792 2349 5853 τοσούτους
2393 5789 2621 5859 χρόνους
2665 5786 2822 5840 τοῦτο
2852 5782 3103 5844 ἐπένθει,
3158 5781 3211 5834 τί
3259 5777 3404 5843 είκδς
3449 5778 3519 5857 ἦν

3107 5889 3146 5949 9
