4080 6390
222 353 323 420 ιιι

223 482 349 526 cum
373 466 583 525 nullum
605 478 743 538 opus
770 465 972 523 bonum
1017 481 1184 538 penes
1210 481 1274 524 se
1299 464 1525 522 haberet
1544 506 1562 533 ,
1589 472 1647 521 et
1674 463 1835 520 illatte

226 560 663 634 mntionis
690 559 794 616 sibi
814 560 1063 617 conscius
1096 565 1277 628 «est,
1306 556 1435 615 dum
1466 558 1614 615 illam
1649 570 1838 614 vocem

222 651 437 708 audiret
448 653 475 707 τ

292 743 352 819 ετ
398 741 658 799 Probatur
697 740 927 800 Paulum
965 743 1120 800 libere
1144 743 1435 809 accessisse,
1466 759 1570 797 non
1616 746 1838 798 uecent-

218 842 446 892 talo.—
476 832 676 889 Verum
719 834 1003 907 insurgunt
1029 844 1220 890 contra
1266 850 1368 890 nos
1409 833 1628 905 quidam
1677 851 1693 889 :
1738 848 1837 889 vos

219 933 406 981 autem
433 939 504 982 ne
528 923 917 997 defatigemini,
944 935 1233 998 appetente
1260 926 1387 982 licet
1412 939 1637 991 vespera
1666 941 1682 979 :
1710 939 1836 979 nam

219 1027 325 1084 pro
365 1013 535 1071 Paulo
575 1013 867 1086 loquimur,
908 1032 1008 1088 pro
1035 1017 1237 1083 Paulo,
1272 1016 1364 1089 qui
1404 1030 1500 1088 per
1546 1014 1838 1071 triennium

224 1114 393 1161 nocte
416 1105 610 1177 dieque
638 1106 931 1179 discipulos
951 1106 1158 1165 docuit.
1188 1107 1475 1185 lnsurgunt
1520 1108 1702 1178 itaque
1724 1107 1838 1179 jam

220 1194 515 1252 adversum
542 1211 643 1253 nos
682 1198 884 1269 aliqui,
930 1207 987 1254 et
1014 1198 1205 1255 dicunt
1252 1218 1266 1252 :
1306 1200 1512 1271 Ecquid
1552 1199 1749 1255 mirum
1790 1199 1839 1254 si

222 1284 425 1343 Paulus
453 1288 777 1344 accesserit?
800 1304 923 1345 cum
969 1290 1116 1346 Deus
1142 1306 1331 1347 vocem
1361 1291 1507 1346 illam
1554 1290 1710 1363 quasi
1750 1290 1836 1346 fu-

217 1393 355 1434 nem
380 1377 449 1434 ad
469 1378 667 1435 collum
694 1381 813 1451 ejus
833 1382 1109 1452 injecerit,
1140 1393 1198 1438 et
1241 1382 1321 1439 sic
1346 1382 1497 1437 illum
1523 1381 1593 1438 ad
1619 1397 1681 1438 se
1724 1391 1836 1438 tra-

222 1468 390 1525 xerit.
422 1469 675 1525 Animum
704 1470 989 1542 diligenter
1025 1472 1299 1529 adhibete.
1340 1473 1556 1530 Etenim
1587 1473 1703 1530 bac
1752 1489 1843 1530 ar-

216 1560 432 1631 gutatio
454 1562 610 1618 nobis
626 1564 931 1620 communis
955 1575 1038 1620 est
1059 1580 1183 1621 cum
1208 1565 1494 1637 gentilibus
1520 1574 1576 1622 et
1600 1581 1724 1622 cum
1744 1566 1840 1622 Ju-

221 1651 381 1721 dteis,
421 1655 513 1724 qui
542 1655 932 1712 incredulitatis
955 1670 1070 1713 sua:
1097 1666 1466 1729 tegumentum
1492 1658 1547 1714 id
1582 1674 1703 1716 esse
1730 1675 1834 1731 pu-

226 1755 380 1813 tant,
413 1747 461 1802 si
489 1746 661 1803 virum
684 1749 889 1820 justum
921 1750 1202 1816 incusent,
1238 1750 1407 1823 ignari
1449 1766 1508 1807 se
1549 1751 1840 1822 dupliciter

220 1854 473 1910 peccare,
495 1849 552 1896 et
568 1841 712 1911 quod
726 1857 973 1898 errorem
991 1857 1145 1897 suum
1168 1858 1277 1898 non
1295 1843 1591 1913 deponant,
1612 1852 1667 1900 et
1694 1843 1838 1915 quod

216 1942 472 1989 sanctum
486 1933 577 1988 Dei
590 1934 853 2003 ejusmodi
866 1934 1333 1991 criminationibus
1351 1936 1420 1990 im
1426 1936 1837 2006 petant.Verum

220 2038 329 2078 nos
346 2024 437 2079 Dei
449 2025 621 2095 gratia
644 2025 780 2091 fulti,
795 2026 912 2097 ejus
926 2026 1296 2084 defensionem
1313 2030 1689 2100 suscipiemus.
1710 2032 1840 2098 Qua:

222 2116 391 2187 igitur
404 2118 680 2173 accusatio
705 2119 830 2174 est?
864 2119 947 2186 γε,
966 2120 1235 2191 inquiunt,
1260 2120 1406 2175 illum
1428 2123 1649 2176 attraxit
1672 2123 1835 2178 Deus.

220 2207 345 2274 Qua
374 2209 462 2277 vi,
485 2210 558 2264 mi
587 2209 786 2265 homo?
808 2210 1057 2282 Superne
1086 2213 1300 2268 vocavit
1330 2228 1476 2268 cum.
1504 2213 1696 2269 Credis
1718 2228 1839 2268 om—

223 2300 360 2354 nino
404 2299 548 2369 quod
576 2317 702 2355 eum
732 2317 966 2371 superne
994 2304 1310 2359 vocaverit?
1356 2304 1514 2374 Atqui
1548 2314 1599 2359 te
1626 2320 1840 2375 quoque

223 2391 395 2448 hodie
421 2402 579 2448 vocat
602 2408 699 2463 per
727 2394 870 2448 illam
914 2410 1100 2450 vocem
1121 2436 1137 2459 ,
1181 2405 1235 2450 et
1264 2405 1319 2451 tu
1363 2412 1472 2451 non
1502 2396 1838 2468 obsequeris.

233 2481 423 2538 Viden’
444 2498 551 2538 non
592 2483 760 2539 fuisse
786 2484 915 2540 illud
944 2487 1327 2542 necessitatis?
1355 2486 1489 2542 Nam
1517 2488 1560 2541 si
1603 2486 1843 2542 necessi-

225 2573 355 2627 tatis
383 2571 607 2643 fuisset,
636 2591 774 2646 opus
823 2586 939 2632 erat
970 2586 1107 2633 utet
1140 2588 1197 2632 tu
1224 2579 1495 2635 obedires.
1523 2580 1678 2648 Quod
1707 2581 1751 2635 si
1784 2588 1840 2635 tu

224 2678 340 2719 non
366 2665 587 2721 obedias
604 2707 621 2733 ,
647 2668 824 2737 palam
849 2677 932 2723 est
953 2683 1079 2725 eum
1104 2685 1170 2725 ex
1202 2671 1482 2726 voluntate
1513 2671 1836 2729 obedivisse.

230 2753 302 2809 Et
331 2763 389 2809 ut
416 2754 637 2812 discatis
662 2758 1003 2815 vocationem
1040 2760 1267 2815 multum
1311 2761 1379 2815 ad
1421 2761 1571 2816 Pauli
1610 2763 1839 2819 salutem

224 2846 560 2913 contulisse,
620 2848 1074 2918 quemadmodum
1112 2860 1168 2905 et
1197 2851 1264 2905 ad
1308 2852 1539 2907 aliorum
1594 2853 1834 2907 omnium

228 2936 510 2992 hominum
529 2980 545 3006 ,
571 2954 671 2994 nec
698 2951 875 2996 tamen
902 2942 1050 2997 illum
1083 2942 1238 2997 bonis
1264 2944 1517 3014 operibus
1537 2987 1553 3012 ,
1581 2954 1635 2999 et
1666 2945 1839 3000 laudi-

225 3029 352 3095 bus,
386 3045 505 3099 qua:
538 3032 728 3087 merito
758 3033 1051 3088 voluntatis
1085 3035 1457 3105 aequiruntur,
1493 3052 1722 3093 vacuum
1750 3054 1839 3093 re—

229 3120 484 3191 liquisse.
510 3139 687 3193 neque
718 3124 946 3180 liberum
988 3126 1109 3196 ejus
1137 3126 1421 3183 arbitrium
1452 3129 1838 3197 labefactasse,

226 3212 326 3268 sed
352 3212 608 3270 libentem
637 3230 760 3270 eum
793 3217 1009 3286 proprio
1035 3217 1194 3273 bona:
1237 3219 1527 3275 voluntatis
1568 3228 1717 3276 motu
1751 3235 1844 3276 ac-

230 3304 464 3360 cessisse
498 3323 510 3358 :
540 3307 647 3361 alio
676 3309 927 3378 exemplo
954 3310 1007 3364 id
1037 3311 1255 3380 planum
1290 3310 1505 3367 faciam.
1538 3314 1844 3371 Audierant

224 3395 401 3451 Judzei
430 3411 616 3453 vocem
645 3413 878 3469 superne
908 3400 1219 3472 loquentem
1240 3443 1255 3469 ,
1290 3418 1397 3458 non
1427 3404 1547 3459 Filii
1573 3446 1588 3471 ,
1617 3406 1713 3461 sed
1742 3406 1843 3462 Pa-

231 3487 330 3541 tris
356 3486 425 3541 de
454 3488 671 3544 Christo
692 3490 964 3561 loquentis
986 3493 1051 3546 ad
1086 3492 1338 3548 Jordanis
1366 3494 1565 3551 ﬂuenta
1592 3536 1606 3563 ,
1640 3496 1741 3550 Hic
1769 3506 1844 3552 est

238 3574 830 3649 Filiusmeusdilectus;
868 3584 1022 3637 atilli
1075 3584 1294 3652 dicunt,
1347 3585 1448 3640 Hic
1491 3597 1566 3642 est
1606 3588 1843 3642 seductor

228 3669 321 3723 ειιε
346 3669 563 3740 (Matth.
587 3673 639 3728 3.
686 3676 774 3728 l7.
807 3684 855 3729 et
879 3674 971 3729 ‘27.
1001 3678 1115 3745 65).
1141 3677 1329 3733 Viden'
1358 3680 1707 3735 manifestum
1735 3681 1845 3737 bel-

230 3761 385 3816 lum?
415 3764 590 3821 viden‘
625 3777 868 3835 apertam
921 3772 1195 3840 pugnam?
1232 3771 1408 3827 viden’
1438 3774 1635 3845 ubique
1684 3785 1843 3846 grato

226 3862 289 3908 et
320 3854 607 3939 benevolo
658 3860 841 3914 animo
882 3876 1005 3917 esse
1052 3878 1188 3931 opus
1214 3906 1228 3931 ,
1254 3866 1540 3937 animaque
1585 3870 1799 3925 sincera
1823 3913 1839 3937 ,

227 3960 408 4015 neque
434 3947 629 4004 affectu
673 3956 1079 4024 praroccupata?
1105 3956 1245 4011 Ecce
1272 3965 1327 4012 et
1352 3958 1459 4013 illic
1491 3975 1592 4015 vox
1615 4002 1630 4026 ,
1673 3971 1727 4017 et
1756 3964 1845 4018 hic

230 4051 335 4091 vox
371 4056 386 4092 :
430 4040 527 4093 sed
568 4040 657 4097 ille
688 4043 1114 4115 obtemperabat,
1150 4049 1201 4101 hi
1232 4054 1624 4122 repugnabant.
1657 4054 1843 4127 Neque

228 4139 442 4186 tantum
482 4148 585 4188 vox
612 4137 846 4203 auditur,
879 4139 973 4193 sed
1007 4140 1240 4210 Spiritus
1289 4143 1341 4198 in
1367 4146 1635 4203 columba:
1661 4152 1843 4219 specie

227 4222 462 4277 videtur.
495 4225 627 4280 Cum
659 4227 802 4283 enim
832 4229 1066 4287 Joannes
1088 4233 1385 4304 baptizaret
1403 4277 1417 4301 ,
1446 4236 1695 4295 Christus
1716 4256 1845 4296 vero

227 4314 616 4385 baptizaretur,
650 4335 719 4376 ne
745 4322 1035 4379 humanam
1060 4326 1282 4396 figuram
1305 4338 1633 4398 spectantes,
1670 4333 1844 4403 bapti-

226 4416 446 4463 xantem
490 4410 759 4479 baptizata
790 4416 1217 4483 praestantiorem
1256 4421 1664 4491 existimarent,
1697 4427 1845 4481 venit

224 4512 332 4553 vox
369 4514 490 4569 quae
511 4499 657 4556 hunc
693 4504 760 4557 ab
790 4505 880 4559 illo
910 4506 1286 4580 distingueret.
1321 4510 1389 4566 Et
1415 4515 1542 4584 quia
1574 4516 1839 4571 incertum

223 4604 349 4645 esse
365 4589 646 4647 videbatur
661 4593 729 4649 de
743 4610 975 4665 quonam
991 4613 1092 4653 vox
1113 4600 1199 4654 illa
1219 4604 1703 4673 loqueretur,venit
1720 4607 1841 4677 Spi-

226 4683 366 4737 ritus
396 4692 617 4739 sanctus
644 4686 696 4740 in
718 4688 899 4757 specie
926 4690 1190 4745 columba:
1212 4733 1227 4758 ,
1252 4696 1339 4763 qui
1370 4709 1555 4750 vocem
1580 4699 1631 4751 in
1679 4710 1841 4769 caput

221 4772 429 4829 Christi
470 4774 715 4831 duceret.
762 4778 1012 4837 Attamen
1058 4790 1113 4837 et
1140 4798 1237 4853 per
1268 4801 1454 4842 vocem
1489 4791 1838 4859 praedicavit,

222 4874 281 4919 et
311 4879 408 4935 per
435 4866 691 4936 Spiritum
734 4870 973 4926 ostendit
993 4914 1007 4935 ,
1037 4873 1384 4949 Joannesque
1428 4892 1614 4950 postea
1641 4884 1841 4939 clama-

222 4956 345 5021 bat,
400 4955 523 5010 Non
568 4975 681 5012 sum
706 4960 893 5031 dignus
915 5005 929 5027 ,
958 4966 1045 5035 qui
1081 4968 1355 5039 corrigiam
1383 4971 1577 5026 solvam
1634 4977 1837 5031 calcea-

225 5049 386 5105 mti
410 5050 523 5121 ejus
550 5051 706 5124 (Luc.
735 5056 790 5111 3.
822 5057 916 5129 l6)
943 5076 955 5110 :
986 5060 1151 5115 multa
1194 5079 1410 5135 quoque
1452 5069 1551 5123 alia
1585 5080 1690 5125 tam
1722 5089 1841 5129 ver—

220 5142 450 5210 borum,
482 5161 642 5216 quam
671 5161 894 5218 operum
928 5153 1235 5210 testimonia
1277 5171 1655 5230 accesserunt,
1690 5174 1745 5219 et
1770 5166 1837 5220 ad

222 5238 406 5291 omnia
425 5238 477 5292 in
498 5240 741 5295 caecitate
758 5256 1108 5313 manserunt;
1132 5248 1240 5303 imo
1256 5250 1502 5307 viderant
1523 5257 1723 5319 omnia,
1744 5259 1839 5314 sed

222 5344 403 5400 neque
421 5329 579 5387 dictis
599 5348 776 5403 neque
804 5334 957 5393 factis
982 5340 1281 5407 credidere,
1309 5345 1667 5414 prmjudicatm
1698 5350 1838 5419 vulgi

221 5422 498 5491 Opinionis
540 5424 745 5481 insania
778 5430 1015 5497 ipsorum
1050 5444 1286 5490 mentem
1315 5451 1633 5508 occupante.
1684 5441 1838 5511 Quod

222 5512 384 5565 etiam
409 5515 739 5585 evangelista
769 5518 899 5574 dicit
929 5538 941 5573 ε
985 5523 1185 5578 multos
1229 5542 1421 5597 nempe
1444 5528 1751 5585 Judmorum
1786 5535 1837 5588 in

223 5605 376 5659 illum
405 5607 734 5677 credidisse;
768 5614 859 5667 sed
885 5624 1030 5670 metu
1062 5618 1364 5690 principum
1391 5623 1564 5693 ipsum
1591 5627 1837 5683 confiteri

223 5714 331 5790 non
353 5714 513 5755 ausos
525 5715 666 5768 esse,
686 5719 753 5760 ne
766 5720 793 5758 a
809 5721 1079 5779 synagoga
1097 5712 1144 5780 ej
1153 5710 1421 5769 icerentur
1437 5715 1493 5785 (Ι
1499 5734 1595 5770 oon
1608 5760 1615 5770 .
1628 5721 1649 5775 t
1661 5718 1809 5790 2.42)
1822 5760 1836 5776 .

227 5786 344 5857 ipse
391 5804 521 5844 vero
564 5790 812 5853 Christus
856 5796 1067 5854 dicebat
1102 5820 1113 5856 :
1165 5802 1432 5869 Quomodo
1469 5811 1678 5879 potestis
1724 5786 1836 5867 cre-

918 351 1011 409 DE
1050 349 1393 411 FERENDIS
1429 344 1865 411 REPREHENS.
1909 341 2003 406 ΕΤ
2044 346 2134 408 DE
2163 349 2421 413 MUTAT.
2462 352 2800 417 NOMINUM.
2838 354 2929 415 lii.

3448 358 3552 415 ll!

1944 466 2095 533 dere,
2122 466 2210 538 qui
2233 468 2455 540 gloriam
2479 472 2543 525 ab
2568 472 2785 527 invicem
2808 470 3040 541 accipitis
3058 512 3074 539 ,
3106 480 3153 525 et
3178 470 3420 541 gloriam,
3444 488 3555 543 qua

1942 572 1975 611 a
2002 557 2115 614 solo
2140 553 2251 615 Deo
2273 571 2367 629 est,
2396 579 2495 616 non
2516 563 2743 633 quaeritis
2771 560 2952 633 (Joan.
2981 562 3035 618 5.
3062 561 3195 633 ﬂ)?
3225 561 3423 629 Verum
3445 578 3554 617 non

1943 649 2015 705 ita
2057 648 2293 718 Paulus;
2341 651 2436 707 sed
2460 666 2564 707 una
2596 653 2771 708 solum
2797 651 2980 707 audita
3031 666 3163 709 voce
3192 651 3341 723 ejus,
3391 667 3554 721 quem

1944 741 2035 798 itte
2065 745 2509 815 persequebatur,
2552 746 2731 801 statim
2775 736 3032 813 accurrit,
3076 747 3259 802 statim
3286 744 3553 811 obedivit,

1944 841 2002 889 et
2046 848 2295 905 magnam
2328 846 2436 903 prie
2462 851 2523 891 se
2550 837 2671 892 tulit
2699 837 3133 893 conversionem.
3171 836 3327 903 Quod
3368 837 3415 891 si
3466 835 3555 891 di-

1942 934 2155 980 ctorum
2199 926 2504 997 prolixitate
2553 943 2660 982 non
2684 927 3088 999 dei‘atigemini,
3130 927 3199 983 ad
3246 924 3392 982 aliud
3429 942 3558 998 pro-

1945 1018 2200 1089 pinquius
2237 1020 2545 1092 exemplum
2578 1034 2832 1091 propero.
2880 1020 3095 1077 Etenim
3140 1028 3195 1076 et
3238 1017 3435 1075 Filium
3468 1034 3560 1072 au-

1944 1113 2161 1169 dierunt
2182 1153 2197 1181 ,
2246 1120 2410 1183 atque
2440 1114 2511 1169 ita
2537 1113 2844 1181 audierunt,
2873 1121 2933 1169 ut
2957 1112 3159 1170 Paulus
3184 1113 3465 1181 audierat,
3502 1120 3561 1169 et

1944 1203 2105 1259 simili
2132 1202 2424 1260 audierunt
2451 1212 2716 1276 tempore,
2740 1214 2903 1276 atque
2936 1203 3158 1272 Paulus,
3182 1218 3357 1275 neque
3374 1211 3560 1259 tamen

1941 1297 2022 1352 sic
2044 1296 2412 1353 crediderunt.
2453 1296 2585 1351 Nam
2614 1297 2759 1353 sicut
2788 1294 2989 1352 Paulus
3009 1310 3136 1351 eam
3163 1294 3403 1362 fureret,
3435 1308 3559 1350 eum

1944 1388 2177 1445 ferocior
2203 1398 2379 1457 esset,
2420 1404 2543 1445 cum
2593 1389 2887 1460 discipulos
2938 1389 3313 1459 impugnaret,
3369 1401 3560 1443 vocem

1949 1480 2192 1549 audivit,
2236 1480 2309 1535 ita
2335 1487 2391 1535 et
2434 1478 2628 1536 Judaei.
2659 1478 2926 1546 Ubinam,
2958 1488 3014 1535 et
3042 1476 3298 1550 quando?
3346 1478 3563 1549 Egressi

1947 1580 2074 1627 sunt
2092 1581 2257 1627 noctu
2277 1587 2400 1627 cum
2429 1572 2632 1628 facibus
2658 1581 2713 1629 et
2738 1572 3081 1643 lampadibus
3107 1570 3174 1627 ad
3195 1571 3562 1642 comprehen-

1944 1664 2185 1721 dendum
2235 1666 2426 1731 illum;
2459 1664 2719 1736 putabant
2754 1666 2899 1720 enim
2930 1679 2991 1720 se
3038 1679 3247 1719 merum
3282 1662 3562 1718 hominem

1948 1757 2172 1812 adoriri.
2202 1756 2337 1813 Cum
2364 1757 2525 1828 igitur
2551 1771 2648 1812 eos
2673 1770 2828 1812 suam
2855 1754 3022 1811 vellet
3047 1754 3247 1811 docere
3278 1753 3562 1819 virtutem,

1943 1864 2114 1921 seque
2127 1849 2297 1906 Deum
2314 1863 2456 1916 esse,
2473 1849 2726 1921 ipsosque
2745 1858 2934 1904 contra
2962 1846 3236 1902 stimulum
3253 1844 3562 1911 calcitrare,

1946 1944 2080 2000 dicit
2097 1942 2201 1999 illis
2215 1942 2401 2010 ,Quem
2414 1944 2641 2013 quaeritis
2660 1938 2840 2012 (Joan.
2859 1942 2944 1997 l8.
2965 1940 3051 2012 4)?
3069 1939 3264 1996 Coram
3284 1955 3349 1995 eo
3367 1947 3423 1995 et
3438 1954 3566 2010 pro-

1945 2038 2091 2092 xime
2118 2036 2363 2103 stabant,
2393 2050 2568 2105 neque
2595 2032 2743 2091 illum
2775 2032 3066 2097 videbant;
3116 2046 3305 2086 verum
3335 2030 3383 2085 is
3402 2028 3520 2100 ipse
3544 2070 3562 2090 .

1945 2131 2035 2200 qui
2065 2130 2427 2199 qumrebatur,
2473 2128 2620 2198 ipsos
2654 2142 2817 2183 manu
2846 2126 3078 2183 ducebat
3107 2168 3122 2193 ,
3168 2134 3225 2179 ut
3252 2140 3313 2180 se
3352 2123 3566 2178 inveni-

1948 2229 2069 2275 rent
2093 2262 2108 2288 ,
2136 2228 2198 2275 ut
2218 2219 2530 2275 ediscerent
2559 2219 2737 2289 ipsum
2764 2233 2871 2272 non
2898 2218 3122 2271 invitum
3153 2215 3220 2270 ad
3250 2212 3560 2285 patiendum

1947 2313 2163 2376 venire,
2193 2321 2248 2366 et
2267 2352 2282 2378 ,
2325 2312 2371 2367 si
2399 2311 2514 2381 ipse
2543 2325 2653 2364 non
2691 2309 3051 2365 concessisset
3076 2350 3089 2374 ,
3119 2321 3409 2376 numquam
3439 2305 3561 2360 illos

1948 2420 2065 2463 rem
2089 2403 2429 2475 perfecturos
2457 2403 2644 2457 fuisse.
2676 2398 2961 2471 Quomodo
2986 2400 3131 2455 enim
3153 2440 3167 2462 ,
3192 2413 3312 2453 cum
3342 2413 3444 2453 nec
3482 2398 3563 2451 in-

1948 2500 2136 2555 venire
2186 2499 2334 2553 illum
2393 2504 2651 2566 possent,
2704 2494 2815 2549 imo
2852 2508 2921 2549 ne
2949 2492 3135 2548 videre
3163 2488 3383 2562 quidem
3421 2504 3564 2559 prte-

1948 2600 2157 2647 sentem
2179 2593 2202 2645 ?
2221 2590 2337 2646 Non
2363 2591 2524 2645 modo
2554 2599 2733 2644 autem
2764 2594 3086 2658 prtesentem
3119 2583 3301 2639 videre
3330 2597 3438 2637 non
3459 2597 3561 2651 po—

1949 2693 2199 2749 tuerunt,
2253 2682 2349 2738 sed
2374 2697 2499 2738 cum
2549 2679 2845 2736 sciscitanti
2892 2674 3320 2747 reSponderent,
3359 2689 3428 2730 ne
3482 2672 3563 2729 sic

1946 2776 2161 2846 quidem
2182 2775 2455 2838 sciebant,
2487 2771 2736 2844 quisnam
2762 2780 2891 2827 tunc
2917 2784 3157 2841 przesens
3182 2775 3326 2823 esset
3354 2785 3366 2821 :
3391 2780 3564 2836 usque

1947 2867 2086 2923 adeo
2113 2867 2298 2921 oculos
2338 2881 2523 2922 eorum
2551 2872 2939 2921 exeteeaverat.
2980 2858 3095 2916 lino
3125 2877 3194 2916 ne
3240 2859 3291 2914 id
3343 2858 3564 2929 quidem

1947 2965 2156 3014 tantum
2175 3000 2189 3024 ,
2215 2958 2309 3013 sed
2336 2959 2499 3013 etiam
2526 2971 2657 3013 voce
2680 2955 2802 3011 illos
2820 2954 3043 3025 supinos
3074 2954 3365 3023 prostravit
3395 2969 3408 3005 :
3435 2966 3563 3006 nam

1949 3062 2009 3106 ut
2043 3050 2218 3117 dixit,
2253 3051 2412 3115 Quem
2444 3051 2669 3119 quaeritis
2689 3049 2714 3100 .’
2744 3047 2993 3101 abierunt
3046 3059 3238 3099 omnes
3265 3052 3563 3099 retrorsum

1948 3143 2018 3199 ab
2048 3144 2149 3198 hac
2176 3158 2307 3198 voce
2340 3142 2500 3212 pulsi.
2528 3136 2995 3209 Quemadmodum
3024 3138 3169 3193 enim
3196 3151 3299 3191 vox
3337 3135 3563 3191 Paulum

1949 3236 2150 3307 dejecit
2183 3244 2239 3291 et
2268 3234 2624 3305 resupinavit,
2651 3233 2729 3287 sic
2758 3243 2809 3287 et
2837 3230 3088 3287 voxtillos
3111 3244 3299 3285 omnes
3321 3236 3570 3299 prostra-

1948 3328 2026 3386 vit
2056 3332 2275 3400 supiuos
2301 3346 2315 3395 ;
2349 3336 2405 3385 et
2433 3326 2890 3399 quemadmodum
2920 3322 3011 3379 ille
3039 3340 3144 3377 non
3174 3320 3389 3377 videbat
3414 3334 3562 3383 eum.

1948 3438 2110 3491 quem
2154 3421 2606 3491 persequebatur,
2638 3418 2709 3473 ita
2750 3427 2805 3474 et
2851 3416 2926 3472 illi
2967 3431 3072 3471 non
3103 3414 3357 3471 videbant
3399 3429 3563 3477 eum,

1951 3530 2110 3584 quem
2162 3512 2478 3583 quzerebant
2525 3531 2539 3578 ;
2596 3511 2734 3566 sicut
2785 3509 2874 3565 ille
2939 3519 3184 3578 tempore
3241 3506 3439 3562 furoris
3480 3508 3566 3559 sui

1950 3610 2252 3660 exeteea'tus
2294 3612 2412 3670 est,
2455 3604 2526 3658 ita
2567 3610 2621 3657 et
2657 3599 2735 3656 illi
2775 3610 3020 3670 tempore
3060 3598 3262 3653 furoris
3319 3598 3401 3651 sui
3442 3610 3571 3650 sunt

1951 3696 2227 3750 exe'ecati.
2264 3694 2476 3749 Etenim
2509 3694 2600 3749 ille
2626 3708 2750 3747 cum
2802 3692 2904 3746 iret
2950 3692 3187 3745 vinclum
3235 3688 3565 3759 discipulos,

1951 3798 2005 3842 et
2038 3786 2095 3841 hi
2118 3802 2239 3842 cum
2270 3786 2480 3840 exirent
2525 3786 2799 3855 alligatum
2852 3782 3125 3837 Christum
3152 3822 3167 3847 ,
3201 3780 3390 3834 eadem
3423 3780 3566 3849 passi

1951 3892 2098 3936 sunt.
2129 3880 2241 3936 Illic
2267 3880 2482 3935 vincula
2503 3922 2518 3947 ,
2564 3889 2617 3935 et
2644 3878 2733 3934 liic
2780 3893 2993 3949 quoque
3023 3875 3272 3939 vincula;
3309 3874 3415 3928 illic
3444 3889 3568 3944 per-

1952 3974 2199 4046 sequntio
2219 4018 2233 4041 ,
2264 3970 2351 4028 hic
2381 3974 2543 4028 etiam
2601 3971 2982 4042 persequutio,
3045 3967 3152 4023 illic
3182 3968 3395 4022 cmcitas
3416 4011 3431 4033 ,
3477 3966 3565 4020 hic

1954 4068 2082 4123 item
2111 4066 2357 4132 caecitas;
2391 4063 2501 4120 illic
2531 4080 2658 4131 vox,
2681 4062 2770 4117 hic
2790 4078 3004 4133 quoque
3030 4078 3134 4116 vox
3170 4078 3184 4116 :
3209 4058 3401 4115 similis
3425 4068 3572 4113 utro-

1953 4158 2113 4230 bique
2140 4158 2340 4214 Christi
2372 4158 2627 4227 potentia:
2671 4155 3096 4219 demonstratio,
3139 4154 3335 4207 similia
3380 4168 3563 4207 reme-

1952 4250 2086 4307 dia:
2146 4261 2204 4305 at
2244 4266 2350 4305 non
2402 4251 2595 4305 similis
2646 4248 2994 4313 emendatio;
3053 4247 3197 4301 inter
3238 4254 3567 4317 mgrotantes

1952 4345 2096 4399 enim
2124 4360 2377 4413 magnum
2410 4342 2722 4398 discrimen.
2755 4338 2893 4407 Quid
2920 4339 3064 4394 enim
3096 4339 3394 4409 stupidius,
3434 4340 3564 4410 quid

1953 4437 2213 4507 ingratius
2250 4437 2388 4490 illis?
2416 4435 2746 4491 Ceciderunt
2781 4444 3077 4489 retrorsum
3102 4476 3117 4500 ,
3149 4445 3204 4489 et
3234 4449 3420 4489 rursus
3444 4450 3569 4489 sur-

1952 4539 2242 4593 rexerant,
2291 4543 2479 4584 rursus
2522 4530 2860 4584 invaserunt.
2892 4529 3084 4583 Annon
3130 4527 3262 4597 ipsis
3300 4527 3566 4598 lapidibus

1954 4620 2380 4676 insensibiliores
2411 4629 2561 4675 erant
2584 4620 2605 4671 Ἰ
2636 4620 2705 4676 Ut
2729 4634 2860 4674 vero
2885 4618 3157 4674 discerent
3205 4618 3345 4673 hunc
3389 4619 3566 4690 ipsum

1951 4729 2103 4779 esse,
2149 4716 2237 4786 qui
2270 4714 2482 4769 dixerat
2509 4715 2648 4782 illis,
2693 4713 2857 4779 Quem
2884 4713 3149 4783 quivi-itis?
3194 4712 3423 4783 illosque
3474 4727 3567 4766 re-

1954 4819 2188 4863 trorsum
2218 4818 2580 4877 prostraverat
2608 4824 2761 4863 :cum
2786 4808 3182 4874 surrexissent,
3217 4806 3412 4862 iterum
3435 4805 3565 4861 dicit

1952 4902 2059 4956 illis
2082 4943 2097 4969 ,
2130 4900 2292 4967 Quem
2325 4900 2551 4970 quaeritis
2574 4900 2599 4952 1’
2655 4897 3003 4969 Respondent
3028 4899 3133 4963 illi,
3182 4896 3383 4953 lerunt.
3426 4896 3565 4951 Tum

1952 4994 2046 5049 ille
2074 5013 2088 5047 :
2119 4992 2241 5046 Diri
2264 4992 2401 5046 vobis
2422 5034 2436 5058 ,
2464 4996 2583 5060 quia
2604 5008 2698 5062 ego
2728 5007 2839 5045 sum
2864 4989 3046 5061 (Joan.
3074 4990 3163 5045 18.
3196 4989 3250 5062 6)
3273 5008 3287 5057 ;
3313 5005 3375 5045 ac
3406 4989 3450 5044 si
3479 4989 3564 5042 di-

1951 5091 2098 5142 ceret
2131 5103 2144 5138 :
2194 5083 2395 5139 Discite
2425 5100 2511 5139 me
2561 5100 2683 5139 eum
2720 5084 2896 5153 ipsum
2929 5098 3049 5139 esse
3071 5124 3086 5147 ,
3115 5083 3207 5153 qui
3251 5092 3409 5138 antea
3456 5080 3567 5135 dixi

1952 5174 2135 5241 vobis,
2177 5173 2341 5239 Quem
2372 5174 2595 5244 quwrilis
2615 5176 2640 5228 2
2683 5188 2888 5244 vosque
2915 5172 3204 5245 prostravi.
3249 5172 3450 5227 Verum
3482 5173 3569 5225 ni-

1953 5266 2027 5320 hil
2060 5264 2163 5320 hoe
2215 5266 2450 5335 profuit,
2501 5266 2596 5321 sed
2654 5266 2708 5320 in
2754 5267 2997 5321 excitate
3045 5272 3377 5320 manserunt.
3440 5261 3568 5316 Haec

1951 5359 2132 5412 omnia
2183 5359 2343 5413 simul
2391 5369 2445 5414 et
2484 5370 2736 5414 accurate
2786 5358 3104 5424 conferens,
3148 5356 3295 5411 disce
3340 5353 3565 5410 Paulum

1953 5466 2060 5503 non
2100 5467 2165 5504 ex
2222 5452 2543 5506 necessitate
2583 5451 2913 5517 accessisse,
2960 5450 3057 5505 sed
3086 5465 3151 5505 ex
3196 5449 3341 5504 bono
3381 5448 3566 5504 animo
3602 5458 3605 5461 '

1953 5544 2274 5614 sinceraque
2299 5545 2655 5600 conscientia.

2026 5634 2079 5688 6.
2133 5635 2248 5689 Atio
2297 5640 2527 5707 exemplo
2578 5635 2821 5705 probatur
2851 5634 3075 5690 Paulum
3119 5636 3271 5687 libere
3297 5633 3365 5686 ad
3411 5631 3566 5700 ﬁdem

1951 5728 2241 5781 accessisse.
2275 5725 2411 5780 Deus
2444 5744 2544 5781 non
2572 5730 2669 5781 vim
2698 5729 2852 5798 infert
2890 5729 3192 5789 nolentibus,
3232 5723 3321 5779 sed
3348 5725 3565 5778 volentes

1952 5818 2127 5873 trahit.
2159 5850 2223 5860 —-
2254 5818 2407 5888 Quod
2438 5821 2483 5876 si
2530 5821 2581 5876 id
2630 5820 2813 5877 feratis
2862 5823 3231 5893 patienterqnc
3282 5820 3520 5875 toleretis
3544 5860 3560 5887 ,
