4080 6402
541 339 667 396 ιω

554 449 701 507 aliud
746 451 904 526 longe
945 456 1299 525 opportunius
1344 459 1540 526 dicam,
1584 476 1695 534 quo
1743 464 2155 524 ineluctabiliter

554 543 961 603 demonstratur
978 548 1198 606 Paulum
1227 566 1332 607 non
1352 557 1761 613 estnecessitate
1780 559 1845 614 ad
1868 559 2152 617 Dominum

552 634 873 723 accessisse.
919 635 1078 694 Venit
1121 648 1304 708 postea
1346 641 1543 699 Paulus
1570 644 1910 704 ‘Salaminem
1950 649 2112 723 Cypri
2136 690 2153 717 ,

560 722 743 794 ibique
786 724 987 782 invenit
1033 743 1246 800 magum
1289 733 1576 803 quemdam
1640 735 1743 792 sibi
1801 722 2152 796 obsistentetu

557 817 704 887 apud
746 821 1121 890 proconsulem
1171 823 1439 896 Sergium.
1490 827 1689 883 Paulus
1745 846 1875 886 vero
1920 837 2155 903 repletus

557 908 759 980 Spiritu
783 918 969 966 sancto
997 912 1140 969 dixit
1179 915 1252 971 illi
1288 916 1376 973 βο
1404 918 1553 989 plene
1578 921 1719 975 omni
1757 922 1904 991 dolo,
1928 932 1978 979 et
2017 928 2159 982 omni

560 1002 797 1067 uersutia,
823 1002 904 1073 ﬁli
922 1003 1135 1074 diaboli,
1158 1024 1261 1063 non
1296 1008 1493 1067 desines
1512 1022 1793 1083 pervertere
1814 1015 1922 1072 aias
1946 1015 2157 1073 Domini

558 1100 722 1148 rectas
754 1092 891 1161 (Act.
923 1095 1012 1153 i3.
1046 1097 1135 1169 10)
1158 1097 1184 1154 τ
1211 1098 1336 1156 Haec
1374 1105 1774 1175 persequutoris
1802 1106 1965 1162 verba
2008 1120 2154 1167 sunt.

564 1182 795 1268 Gloriam
828 1185 1057 1245 Domino
1080 1191 1395 1259 referamus,
1417 1195 1507 1267 qui
1538 1196 1707 1268 ipsum
1728 1201 2010 1256 convertit.
2040 1204 2155 1258 An-

567 1282 646 1330 tea
682 1267 1011 1346 audiebatis,
1059 1282 1201 1352 quod
1244 1267 1571 1343 devastareti
1598 1288 1931 1361 Ecclesium,
1961 1291 2015 1347 in
2058 1292 2159 1349 do-

554 1366 684 1425 mos
712 1368 1036 1439 ingrediens,
1067 1368 1391 1447 trahensque
1413 1379 1559 1436 viros
1578 1395 1642 1437 ae
1668 1383 1919 1442 mulieres
1943 1385 2159 1457 abripe-

560 1468 643 1515 ret
669 1458 722 1516 in
753 1475 1047 1518 carcerem.
1083 1464 1268 1521 Videte
1292 1479 1487 1537 quanta
1518 1474 1641 1528 cum
1672 1472 1861 1530 fiducia
1889 1492 2029 1532 nunc
2060 1493 2156 1547 pro

559 1548 943 1618 praedicatione
986 1552 1234 1625 loquatur
1261 1574 1275 1610 :
1305 1556 1427 1615 Non
1472 1560 1689 1631 desines,
1722 1565 1919 1637 inquit,
1950 1583 2154 1639 perver-

562 1648 667 1695 tere
692 1641 800 1697 uias
824 1640 1039 1699 Domini
1062 1649 1272 1704 rectas?
1318 1650 1384 1705 Et
1422 1668 1556 1708 nunc
1593 1670 1705 1709 ecce
1742 1673 1921 1713 manus
1947 1659 2155 1715 Domini

560 1746 715 1797 super
738 1740 786 1788 te
810 1749 830 1789 :
857 1743 904 1789 et
928 1735 1027 1791 eris
1052 1748 1236 1807 circus,
1262 1749 1310 1795 et
1337 1758 1438 1797 non
1466 1744 1638 1801 uidens
1663 1762 1819 1816 usque
1844 1749 1914 1802 ad
1936 1760 2151 1819 tempus.

560 1819 706 1877 idem
733 1824 1027 1881 remedium
1056 1844 1212 1900 mago
1255 1830 1534 1903 imposuit,
1558 1837 1697 1906 quod
1724 1837 1823 1893 sibi
1854 1839 1952 1909 ipsi
1983 1841 2153 1896 visum

560 1914 867 1970 restituerat
894 1918 1038 1983 ;-sed
1083 1920 1175 1977 ille
1221 1925 1415 1979 mansit
1463 1925 1515 1979 in
1563 1927 1803 1984 caecitate
1835 1946 1847 1983 :
1880 1938 1940 1985 ut
1983 1930 2157 1988 discas

560 2008 671 2059 non
695 2007 1030 2064 vocationem
1070 2011 1232 2067 modo
1260 2012 1485 2071 Paulum
1530 2018 1839 2085 adduxisse,
1871 2020 1965 2077 sed
1994 2024 2153 2079 etiam

561 2093 680 2167 ejus
728 2098 1057 2169 propositum
1107 2103 1416 2161 voluntatis.
1462 2106 1595 2163 Nam
1641 2109 1684 2163 si
1712 2111 1923 2167 caecitas
1960 2114 2071 2169 sola
2103 2115 2155 2170 id

559 2184 849 2255 eﬂ’ecisset,
873 2190 926 2244 in
944 2206 1100 2263 mago
1118 2193 1281 2250 etiam
1303 2194 1374 2250 itii
1381 2210 1533 2267 psum
1556 2200 1774 2256 evenire
1794 2204 2151 2272 oportuisset:

559 2276 654 2331 sed
683 2293 789 2334 non
816 2280 885 2335 ita
913 2279 1109 2338 factum
1139 2295 1242 2342 est.
1275 2286 1473 2343 Verum
1498 2290 1586 2345 ille
1614 2291 1830 2362 quidem
1855 2305 2154 2352 excaecatus

549 2377 661 2433 est,
696 2372 984 2439 proconsul
1024 2384 1202 2431 autem
1247 2376 1436 2434 videns
1461 2378 1537 2449 id,
1582 2382 1724 2453 quod
1755 2381 1952 2439 factum
1996 2395 2149 2455 erat,

556 2459 804 2517 credidit.
837 2463 986 2519 Alius
1015 2466 1310 2523 remedium
1348 2470 1576 2542 accepit,
1605 2481 1661 2528 et
1691 2473 1831 2529 alius
1851 2475 2026 2531 visum
2069 2493 2153 2533 re—

547 2552 849 2622 cuperat-it.
882 2553 1069 2611 Videte
1113 2566 1369 2627 quantum
1412 2560 1613 2616 bonum
1652 2563 1720 2618 sit
1763 2562 1961 2634 probus
1989 2566 2151 2622 animi

552 2640 810 2711 aﬂ'cctus;
833 2653 1089 2716 quantum
1115 2662 1244 2703 vero
1258 2650 1457 2705 malum
1478 2652 1883 2724 inobsequentia
1903 2664 1955 2711 et
1975 2658 2161 2712 cordte

554 2731 804 2790 durities.
850 2734 1162 2793 Excmmtus
1190 2748 1275 2795 est
1300 2755 1485 2813 magus
1517 2759 1531 2798 :
1558 2752 1614 2799 et
1640 2744 1729 2799 ille
1755 2745 1886 2801 nihil
1916 2748 2153 2804 lucratus

556 2833 662 2893 cst,
694 2825 835 2896 quod
866 2827 1227 2899 inobsequens
1271 2829 1471 2900 fuerit;
1516 2837 1801 2904 proconsul
1845 2853 1972 2894 vero
2001 2839 2153 2895 Chri-

558 2922 699 2969 stum
744 2919 1014 2989 cognovit.
1044 2920 1197 2987 Quod
1241 2922 1401 2993 igitur
1430 2934 1623 2999 sponte
1668 2936 1724 2983 et
1768 2943 1833 2983 ex
1877 2930 2152 2999 proposito

554 3005 848 3063 voluntatis
880 3012 1169 3067 accesserit
1196 3012 1413 3081 Paulus,
1446 3014 1497 3069 id
1524 3018 1653 3072 satis
1673 3018 1782 3087 jam
1812 3018 2150 3075 demonstra.

555 3104 669 3152 tum
699 3108 800 3154 est.
833 3097 1040 3156 ldvero
1072 3088 1183 3171 jam
1211 3105 1351 3168 volo,
1380 3118 1475 3161 vos
1498 3105 1552 3161 id
1580 3106 1745 3177 probo
1770 3122 1948 3174 nosse,
1984 3108 2149 3164 Deum

547 3204 754 3262 nempe
779 3208 885 3249 non
914 3192 1023 3249 vim
1051 3194 1248 3252 inferre
1278 3196 1739 3265 nolentibus,-sed
1768 3200 2011 3256 volentes
2042 3210 2152 3256 tra-

558 3280 709 3336 here.
757 3280 883 3338 ldeo
936 3298 1167 3353 namque
1208 3284 1379 3340 dicit:
1414 3287 1581 3344 Nemo
1629 3291 1761 3344 venit
1804 3290 1874 3344 ad
1914 3308 2023 3359 me,
2054 3293 2153 3348 nisi

556 3372 720 3431 Pater
737 3392 877 3432 meus
892 3380 1101 3433 traxerit
1124 3396 1238 3434 eum
1264 3378 1440 3453 (Joan.
1468 3379 1523 3437 6.
1548 3379 1658 3452 μ).
1689 3380 1791 3450 Qui
1818 3397 1947 3439 vero
1969 3383 2149 3449 trahit,

558 3467 829 3524 volentem
856 3470 1037 3538 trahit,
1068 3470 1322 3544 humique
1337 3473 1604 3543 jacentem
1650 3488 1712 3529 ac
1735 3489 1950 3529 manum
1976 3476 2153 3546 porri-

555 3567 794 3627 gentem.
826 3561 891 3617 Et
917 3569 975 3617 ut
1009 3561 1229 3639 discetis
1270 3564 1442 3635 ipsum
1471 3564 1670 3621 nemini
1699 3566 1805 3620 vim
1837 3564 2001 3632 ferre,
2029 3574 2079 3622 et
2107 3567 2152 3621 si

557 3652 678 3722 ipso
707 3652 922 3709 volente
962 3667 1061 3709 nos
1104 3654 1360 3722 nolimus,
1387 3670 1507 3726 qua:
1535 3655 1604 3711 ad
1646 3656 1874 3713 salutem
1914 3666 2150 3713 nostram

557 3749 805 3811 spectant
830 3758 1045 3813 pessum
1071 3745 1188 3812 ire;
1216 3759 1327 3801 non
1356 3744 1497 3815 quod
1522 3748 1641 3816 ejus
1669 3747 1916 3802 voluntas
1942 3747 2153 3803 infirma

560 3833 652 3899 sit,
681 3834 777 3891 sed
806 3833 951 3906 quod
978 3836 1178 3892 nemini
1202 3838 1331 3893 velit
1356 3841 1735 3915 necessitatem
1751 3838 1955 3895 inferre
1978 3856 1991 3893 :
2014 3838 2155 3894 hanc

562 3939 677 3979 rem
700 3924 997 3995 disquirere
1033 3942 1258 3985 necesse
1302 3936 1404 3996 est,
1436 3930 1686 4000 quoniam
1729 3930 1882 3985 multi
1928 3944 2070 4000 saepe
2100 3929 2154 3984 in

563 4013 809 4085 segnitiei
833 4026 944 4071 sua:
970 4014 1249 4072 obtentum
1277 4016 1376 4073 hac
1403 4017 1539 4072 futili
1568 4026 1791 4074 utuntur
1809 4017 2152 4073 defensione:

563 4120 816 4179 saepeque
844 4108 1032 4163 moniti
1067 4118 1125 4163 ut
1150 4108 1593 4165 illuminationem
1623 4124 1721 4165 seu
1750 4110 2009 4179 baptisma
2035 4124 2155 4163 sus-

561 4199 782 4269 cipiant,
814 4200 938 4255 vita:
967 4201 1265 4257 institutum
1311 4202 1365 4257 in
1400 4201 1594 4256 melius
1632 4208 1980 4267 commutent,
2025 4200 2160 4254 alia-

1272 346 1330 403 s.
1368 346 2157 412 JOANNIS'CHRYSOSTOMI
2197 355 2519 416 ARClllEP.
2560 357 3097 422 CONSTANTINOP.

3752 364 3875 421 ηδ

2263 480 2435 529 tantes
2451 485 2504 530 et
2531 475 2854 548 refugientes
2877 478 2947 534 ita
2973 478 3303 551 respondent
3330 497 3342 535 :
3367 478 3423 537 Si
3450 478 3590 537 Deus
3608 479 3871 543 voluerit.

2262 570 2603 638 persuadebit
2644 572 2779 627 mihi
2815 580 2879 628 et
2917 581 3219 629 convertar.
3262 573 3408 633 Sane
3452 588 3558 631 non
3603 574 3873 630 criminor

2262 659 2404 726 illos,
2454 660 2549 716 sed
2594 660 2883 717 admodum
2934 663 3195 735 approbo,
3226 666 3371 736 quod
3420 666 3488 722 ad
3531 665 3869 721 voluntatem

2264 751 2356 808 Dei
2385 751 2723 824 confugiant;
2757 756 2852 811 sed
2880 756 3002 811 volo
3026 766 3187 825 utea,
3210 773 3334 829 qua:
3357 773 3522 829 penes
3547 759 3699 830 ipsos
3716 767 3870 827 sum,

2261 844 2509 913 aderam,
2537 855 2593 903 et
2634 848 2713 904 sic
2739 848 2939 916 dicant,
2970 850 3028 906 Si
3076 851 3216 907 Deus
3261 850 3513 909 voluerit.
3544 850 3683 907 Nam
3723 850 3771 907 si
3801 860 3870 906 1e

2262 953 2453 996 somno
2493 954 2559 996 ac
2585 941 2831 1013 segnitiei
2879 941 3105 1011 dedens,
3154 960 3261 1000 non
3290 944 3504 1017 coneris
3528 944 3673 1001 bona
3703 942 3870 999 edere

2262 1045 2447 1103 Opera,
2492 1032 2588 1088 sed
2635 1033 2730 1090 Dei
2775 1043 2979 1091 tantum
3028 1035 3352 1092 voluntatem
3395 1036 3686 1107 abieceris,
3722 1034 3867 1091 nihil

2263 1138 2471 1191 eonun,
2498 1120 2693 1198 quibus
2716 1141 2853 1198 opus
2876 1126 3061 1194 habes,
3079 1126 3396 1198 adipisceris
3410 1142 3688 1199 umquam.
3704 1126 3865 1192 Nam.

2263 1223 2322 1270 ut
2346 1214 2616 1285 diuisam,
2646 1218 2969 1274 necessitate
2993 1233 3058 1273 ac
3083 1218 3133 1273 vi
3165 1217 3435 1274 nemiuem
3465 1233 3722 1287 umquam
3748 1216 3866 1277 aliis

2262 1308 2341 1379 git
2364 1306 2508 1364 Deus
2534 1326 2548 1363 :
2577 1308 2671 1364 sed
2698 1312 2810 1364 vult
2834 1308 3050 1379 quidem
3077 1323 3266 1365 omnes
3291 1308 3470 1364 salvos
3500 1309 3639 1375 ﬁeri,
3665 1308 3867 1366 nemini

2263 1413 2395 1456 vero
2422 1401 2799 1456 necessitatem
2824 1400 3049 1468 inducit,
3077 1397 3528 1471 quemadmodum
3568 1408 3625 1457 et
3666 1399 3867 1456 Paulus

2262 1487 2393 1544 dicit
2425 1506 2440 1544 :
2472 1488 2574 1558 Qui
2596 1490 2701 1545 vult
2725 1506 2905 1545 omnes
2923 1491 3156 1546 homines
3179 1489 3345 1545 salvos
3374 1490 3507 1559 ﬁeri,
3535 1500 3595 1544 et
3612 1490 3686 1544 ad
3716 1491 3866 1562 egui-

2264 1574 2468 1636 tionetn
2486 1581 2711 1645 ueritatis
2735 1582 2902 1637 venire
2930 1582 3009 1650 (ι.
3038 1580 3175 1636 Tim.
3202 1580 3256 1636 Ω.
3286 1580 3366 1652 4).
3394 1579 3680 1649 Quomodo
3708 1582 3867 1653 igitur

2260 1686 2376 1727 non
2395 1686 2586 1729 omnes
2625 1671 2755 1728 salvi
2802 1671 2967 1736 ﬁunt,
3000 1672 3045 1727 si
3085 1672 3200 1728 vuft
3237 1686 3426 1728 omnes
3472 1673 3651 1728 salvos
3698 1671 3862 1728 ﬁeri?

2260 1764 2400 1831 Quia
2428 1780 2534 1821 non
2561 1765 2798 1821 omnium
2820 1764 3067 1821 voluntas
3097 1765 3223 1835 ejus
3246 1765 3575 1821 voluntatem
3602 1765 3864 1835 sequitur;

2263 1858 2357 1913 ille
2380 1873 2513 1915 vero
2539 1857 2739 1913 nemini
2784 1857 2891 1913 vim
2936 1856 3115 1913 infcrt.
3163 1844 3252 1913 Sic
3275 1866 3331 1912 et
3354 1856 3422 1911 ad
3448 1854 3751 1912 Jerusalem
3779 1854 3868 1912 di-

2261 1949 2336 2004 cit
2378 1966 2392 2004 :
2433 1946 2745 2014 Jerusalem,
2785 1945 3111 2014 Jmsalent,
3142 1947 3337 2017 quoties
3379 1945 3519 2000 uolui
3554 1961 3872 2016 congregare

2265 2041 2401 2110 ﬁlios
2438 2050 2570 2107 tuos,
2614 2050 2666 2094 et
2711 2038 2946 2094 noluistis
2992 2037 3143 2109 (Luc.
3176 2038 3264 2094 i3;
3312 2036 3449 2108 ΜΗ
3476 2035 3619 2105 Quid
3659 2035 3871 2106 igitur?

2264 2128 2401 2185 Ecce
2441 2130 2751 2201 relinquetur
2793 2130 2975 2184 domus
3018 2137 3181 2183 vestra
3227 2128 3424 2183 deserta
3465 2125 3589 2198 (η.
3635 2143 3685 2182 v.
3732 2126 3866 2197 55).

2263 2220 2451 2277 νεάδην
2477 2219 2619 2291 quod
2662 2220 2764 2277 etsi
2795 2220 2934 2275 Deus
2972 2219 3103 2275 velit
3141 2232 3239 2274 nos
3284 2217 3466 2273 salvos
3506 2215 3699 2284 ﬁcere
3721 2257 3738 2284 ,
3766 2229 3873 2271 nos

2260 2320 2437 2367 autem
2503 2311 2763 2368 accedere
2814 2312 3079 2378 noiimus,
3128 2311 3181 2365 in
3236 2310 3453 2365 interitu
3506 2310 3872 2364 maneamus?

2260 2402 2374 2459 Non
2396 2402 2539 2459 enim
2570 2404 2813 2471 invitum,
2834 2419 2943 2459 non
2963 2403 3258 2465 nolentem,
3282 2409 3344 2456 ut
3363 2415 3507 2470 saepe
3535 2408 3745 2470 repeto.
3770 2398 3869 2455 sed

2248 2494 2515 2551 libentem
2544 2502 2598 2550 et
2626 2494 2893 2551 volentem
2916 2493 3188 2548 hominem
3207 2500 3263 2547 ut
3290 2485 3683 2553 salvumJutﬁat
3722 2490 3871 2547 Deus

2260 2595 2479 2657 paratus
2507 2595 2609 2642 est.
2628 2586 2894 2642 Homines
2918 2585 3133 2657 quidem
3171 2583 3394 2640 famulis
3429 2582 3737 2639 volentibus
3767 2596 3869 2637 no-

2262 2676 2493 2732 lentibus
2521 2676 2786 2732 dominari
2815 2685 2871 2731 et
2912 2676 3179 2746 imperare
3204 2673 3421 2741 volunt,
3450 2687 3558 2728 non
3584 2671 3653 2727 ad
3681 2686 3869 2727 servo-

2260 2784 2380 2824 rum
2412 2770 2714 2833 utilitatem,
2746 2768 2841 2824 sed
2870 2767 2937 2823 ad
2962 2781 3115 2822 suam
3146 2766 3499 2836 respicientes
3532 2764 3713 2819 :Deus
3738 2778 3870 2818 vero

2256 2861 2350 2931 qui
2394 2862 2606 2915 nemine
2654 2859 2876 2930 indiget,
2906 2874 3028 2914 cum
3075 2858 3171 2914 tibi
3218 2857 3594 2914 demonstrare
3636 2855 3769 2912 velit
3807 2869 3871 2911 se

2260 2952 2402 3008 nulla
2447 2968 2624 3008 rerum
2673 2962 2978 3007 nostrarum
3025 2949 3386 3020 indigentem,
3417 2950 3733 3005 servitutem
3766 2963 3870 3003 no-

2259 3052 2425 3099 stram
2477 3051 2753 3113 expetere,
2810 3041 2906 3097 sed
2939 3040 3004 3095 ad
3056 3041 3339 3096 utilitatem
3391 3040 3566 3095 solum
3623 3046 3869 3095 nostum

2260 3136 2569 3205 respicere;
2599 3148 2663 3189 ac
2693 3149 2799 3188 non
2832 3133 2899 3187 ad
2925 3147 3080 3187 usum
3108 3145 3285 3197 suum,
3316 3128 3411 3186 sed
3438 3129 3505 3185 ad
3531 3129 3873 3185 emolumen-

2257 3235 2374 3281 tum
2404 3236 2643 3281 nostrum
2672 3240 2732 3281 se
2761 3225 2942 3279 omnia
2968 3223 3144 3280 facere
3173 3240 3186 3277 :
3217 3221 3320 3277 nisi
3360 3230 3554 3293 sponte
3581 3234 3649 3275 ac
3675 3220 3870 3277 volen-

2264 3324 2345 3372 tes
2373 3317 2701 3388 gmtiamquo
2746 3314 3020 3370 servitutis
3048 3314 3145 3383 ipsi
3176 3313 3462 3369 reddentes
3500 3311 3867 3377 accedamus,

2262 3410 2461 3466 invitos
2484 3424 2547 3464 ac
2572 3409 2877 3465 resilientes
2919 3421 3210 3477 numquam
3248 3406 3391 3477 cogit
3416 3420 3521 3460 nec
3558 3404 3607 3459 vi
3657 3402 3867 3475 adigit;

2262 3509 2323 3556 ut
2344 3499 2621 3565 ostendat,
2650 3513 2763 3555 non
2789 3513 2848 3555 se
2872 3499 3030 3554 nobis
3054 3496 3280 3568 gratiam
3318 3495 3611 3562 servitutis,
3643 3495 3741 3552 sed
3769 3510 3874 3551 una

2265 3592 2365 3662 ipsi
2392 3592 2615 3663 gratiam
2646 3590 2925 3646 habituros
2950 3604 3071 3645 esse
3100 3587 3345 3643 dominii.
3382 3587 3509 3642 liu-c
3534 3586 3714 3659 itaque
3743 3602 3871 3643 cum

2262 3683 2519 3749 sciamus,
2562 3681 2773 3737 Domini
2802 3679 3143 3736 clementiam
3184 3677 3611 3744 considerantes,
3642 3675 3870 3748 dignum

2263 3773 2381 3845 ejus
2410 3772 2759 3843 benignitate,
2790 3781 3049 3842 quantum
3079 3767 3304 3825 facultas
3345 3768 3469 3835 crit,
3498 3766 3874 3824 vitreinstitu-

2266 3876 2377 3919 tum
2407 3863 2776 3929 exhibuimus,
2808 3870 2867 3917 ut
2915 3870 2971 3917 et
3016 3874 3242 3931 regnum
3282 3858 3539 3915 canorum
3564 3871 3872 3929 causam»

2266 3970 2569 4027 πται-ξιιυο
2612 3969 2714 4010 nos
2753 3961 3031 4010 consortes
3082 3952 3195 4009 fieri
3241 3952 3548 4022 contingat,
3594 3951 3771 4021 gratia
3814 3956 3877 4006 et

2267 4046 2597 4100 humanitate
2642 4043 2855 4099 Domini
2886 4043 3055 4097 nostri
3079 4041 3205 4097 Jesu
3250 4040 3473 4107 Christi,
3500 4041 3588 4095 cui
3614 4039 3790 4111 gloria
3816 4048 3875 4094 et

2270 4137 2574 4209 imperium,
2608 4151 2713 4192 una
2739 4151 2861 4192 cum
2906 4136 3064 4190 Patre
3088 4142 3143 4188 ct
3180 4140 3367 4187 sancto
3389 4132 3617 4201 Spiritu,
3646 4146 3796 4187 nunc
3820 4141 3879 4188 ct

2269 4236 2503 4296 semper,
2528 4236 2591 4283 et
2618 4226 2671 4281 in
2698 4226 2891 4281 smcula
2923 4225 3262 4279 stnculomm.
3291 4223 3481 4277 Amen.

561 4305 669 4358 que
694 4289 887 4347 similia
916 4290 1054 4348 bona
1097 4306 1262 4361 opera
1305 4300 1682 4361 exsequantur,
1718 4300 1847 4346 tunc
1886 4291 1960 4345 illi
1992 4291 2157 4361 pigri-
2264 4303 2269 4307 ’

2035 4381 2498 4393 ._——-———_

1798 4425 2625 4511 REPREHENSIO

569 4582 815 4637 εῡιιωι,
846 4581 957 4636 QUI
999 4582 1296 4626 ΔΒΕΜΝΤ
1337 4582 1417 4626 ΔΒ
1462 4582 1784 4636 Εαοιεειλ,
1831 4581 1911 4623 ΕΤ
1954 4577 2361 4623 COBORTATIO
2405 4579 2489 4621 AD
2532 4576 2931 4629 PRESENTES,
3002 4575 3087 4621 UT
3130 4573 3349 4617 CUBADI
3392 4573 3654 4618 GBRANI'
3706 4574 3883 4625 ulr-

648 4680 831 4725 τιιωί
878 4683 894 4723 τ
942 4682 1024 4725 ΒΤ
1067 4682 1132 4725 IN
1177 4679 1551 4725 PROOEMIUM
1597 4678 1914 4723 EPISTOLE
1945 4680 2027 4722 ΔΙ)
2058 4678 2157 4722 COI

2265 4677 2465 4733 I‘HIOS,
2500 4677 2742 4720 rauws
2784 4673 3070 4719 vocares
3116 4656 3210 4737 (t.
3257 4655 3401 4718 Cor.
3448 4674 3493 4716 ι.
3525 4674 3547 4716 ι
3577 4654 3625 4738 ),
3666 4676 3750 4720 ιη·
3800 4676 3882 4718 ne

650 4783 1073 4828 ηῠωιριτιτις.

646 4940 697 4993 i.
743 4936 823 4992 De
867 4937 1122 5009 paucitate
1154 4936 1444 4991 auditorum
1485 4937 1743 5008 loquitur;
1772 4954 1917 4993 umor
1959 4939 2169 5009 propria

576 5031 696 5102 facit
737 5045 851 5102 qua!
884 5030 1195 5085 communia.
1246 5028 1598 5085 Tabernocula
1645 5038 1965 5103 peccatorum
1991 5031 2171 5085 domus

578 5124 805 5191 privarm.
834 5153 905 5164 —
928 5120 1062 5177 Cum
1090 5122 1156 5177 ad
1188 5131 1425 5178 vestram
1457 5123 1777 5193 paucitatem
1807 5123 1994 5179 oculos
2024 5136 2173 5180 meos

578 5225 856 5279 converto.
909 5222 964 5271 et
1007 5214 1246 5272 collectis
1294 5215 1349 5269 iu
1401 5215 1625 5287 singulis
1662 5228 1880 5285 gregem
1934 5226 2172 5271 nostrum

580 5306 843 5361 minorem
872 5304 987 5361 ﬁeri
1017 5320 1202 5372 cerno,
1253 5320 1459 5363 maereo
1492 5306 1651 5363 simul
1678 5316 1730 5361 et
1758 5305 1965 5376 gaudeo
1996 5324 2009 5360 :
2042 5323 2171 5378 gau-

584 5400 683 5454 deo
714 5397 926 5469 quidem
972 5409 1189 5470 propter
1216 5414 1346 5467 vos,
1376 5398 1468 5469 qui
1515 5398 1716 5454 adestis
1750 5417 1763 5454 :
1802 5414 2003 5456 mmrco
2050 5416 2176 5455 vero

587 5503 802 5563 prepter
832 5493 971 5557 illos,
1002 5493 1094 5564 qui
1135 5492 1350 5549 absunt.
1396 5492 1528 5549 Nam
1558 5508 1654 5547 vos
1691 5492 1906 5564 quidem
1933 5492 2179 5548 laudibus

586 5584 733 5655 digni
764 5584 917 5650 estis,
948 5583 1089 5653 quod
1118 5599 1219 5641 nec
1244 5583 1357 5654 ipsa
1383 5583 1623 5656 paucitas
1649 5584 2062 5654 negligentiores
2085 5599 2181 5640 vos

2142 4842 2296 4897 om

2298 4854 2538 4869 μ’

2280 4936 2460 4991 dinem
2510 4932 2775 4990 excitarit.
2808 4930 3095 5000 Propterea
3141 4929 3327 4985 beatos
3370 4944 3468 4986 vos
3516 4930 3791 5001 praedico,
3832 4940 3886 4987 et

2280 5027 2619 5085 aemulatione
2662 5025 2853 5098 dignos
2893 5038 3111 5091 censeo,
3140 5023 3283 5094 quod
3314 5021 3444 5077 nihil
3487 5021 3886 5085 vobisillorutu

2282 5118 2527 5176 nocuerit
2573 5117 2895 5189 negligentia
2927 5132 2941 5170 :
2974 5116 3205 5171 miseros
3248 5122 3427 5169 autem
3458 5114 3585 5173 illos
3609 5113 3888 5187 praedico,

2281 5220 2335 5268 et
2362 5210 2615 5283 lacrymis
2633 5222 2949 5280 prosequor,
2970 5204 3110 5277 quod
3129 5205 3257 5261 nihil
3285 5219 3380 5261 eos
3395 5204 3628 5262 studium
3646 5214 3885 5262 vestrum

2282 5303 2519 5374 petuerit
2562 5301 2834 5371 adjuvare.
2878 5298 2999 5353 Non
3045 5297 3188 5353 enim
3239 5296 3554 5368 prophetam
3601 5296 3890 5352 audierunt

2283 5397 2550 5452 dicentem
2587 5412 2600 5449 :
2634 5392 2785 5465 Elegi
2827 5392 3051 5463 abjectus
3094 5407 3200 5445 esse
3244 5390 3298 5445 in
3345 5389 3499 5445 domo
3545 5388 3640 5445 Dei
3685 5390 3889 5460 magis,

2284 5506 2437 5560 quam
2482 5486 2710 5543 habitare
2737 5487 2791 5539 in
2844 5483 3181 5540 tabernaculis
3225 5490 3545 5553 peccatorum
3576 5478 3750 5553 (Paul.
3799 5480 3889 5537 85.

2289 5584 2399 5651 ii).
2431 5578 2548 5636 Non
2573 5577 2727 5640 dixit,
2749 5577 2892 5649 Elogi
2918 5574 3163 5632 habitare
3184 5575 3235 5629 in
3255 5573 3419 5633 domo
3443 5573 3535 5629 Dei
3562 5572 3691 5638 mel,
3715 5586 3894 5639 neque

589 5673 920 5729 reddiderit:
952 5672 1025 5730 illi
1072 5688 1199 5730 vero
1236 5674 1547 5730 criminibus
1589 5684 1713 5729 sunt
1750 5674 1967 5731 obnoxii
1987 5714 2002 5740 ,
2046 5690 2183 5747 quos
2290 5673 2513 5741 versari,
2541 5686 2717 5743 neque
2741 5670 2946 5742 ingredi
2979 5686 2993 5724 :
3022 5668 3138 5733 sed,
3167 5665 3318 5736 Elegi
3340 5665 3562 5735 obiectus
3590 5680 3719 5720 esse.
3744 5664 3892 5720 Licet

592 5784 762 5838 neque
782 5768 1014 5824 studium
1041 5776 1274 5824 vestrum
1302 5766 1368 5821 ad
1390 5767 1646 5839 majorem
1673 5766 1836 5823 animi
1864 5768 2181 5839 promptitu~

2297 5767 2435 5821 inter
2465 5764 2681 5819 ultimos
2711 5776 2983 5829 numercr,
3018 5758 3139 5815 boni
3171 5758 3413 5826 consulo,
3446 5757 3545 5813 hac
3576 5772 3635 5814 re
3666 5770 3891 5815 conten—
