4080 6404
584 358 692 416 “5

577 476 762 548 θύρων
791 469 1045 542 ἐπιϐῆναι
1093 465 1434 548 καταξιωθῶ,
1476 465 1649 536 φησί·
1695 462 1964 548 μεγίστην
1993 455 2158 548 ἠγοῦ-

582 543 681 632 μαι
705 556 934 627 δωρεάν,
976 552 1077 606 κάν
1103 545 1172 620 με
1207 549 1316 632 τῶν
1356 548 1688 632 τελευταίων
1717 543 2048 632 Ῠάριθμήσειέ
2073 557 2158 632 τις

577 624 639 696 ἐν
666 639 744 710 τῷ
774 624 908 707 οἴκῳ
955 633 1052 690 τοῦ
1101 631 1236 686 Θεοῦ
1281 648 1405 703 μου.
1438 631 1544 684 Τὸν
1595 631 1772 684 κοινὸν
1825 624 2160 710 Δεσπότηνό

765 721 896 775 ίδιον
925 719 1162 772 ποιεῖται
1189 733 1200 748 ·
1229 716 1472 770 τοιοῦτον
1494 714 1605 786 γάρ
1632 717 1666 784 ἡ
1697 713 1908 782 ἀγάπη.
1954 712 2056 764 Ἐν
2081 707 2160 773 τῷ

576 806 724 872 οἵκφ
756 803 863 858 τοῦ
895 800 1044 856 Θεοῦ
1087 816 1228 870 μου.
1265 799 1324 853 ⁸0
1355 797 1526 868 φιλῶν
1562 798 1684 868 οὐχὶ
1723 797 1814 850 τὸν
1841 793 2164 863 φιλούμενον

580 884 744 958 μόνον
787 883 1050 955 ἐπιθυμεῖ
1090 883 1242 947 ἰδεῖν,
1294 880 1430 935 ἀλλά
1478 880 1571 934 καὶ
1618 879 1709 932 τὸν
1763 873 1910 930 οἷκον
1948 873 2161 928 ἐκείνου

579 971 762 1040 μόνον,
790 968 928 1024 ἀλλά
975 968 1070 1022 καὶ
1100 967 1192 1022 τὸν
1220 966 1467 1020 πυλῶνα·
1500 963 1620 1032 οὑχὶ
1669 962 1760 1015 τὸν
1798 959 2024 1013 πυλῶνα
2059 958 2160 1027 τῆς

574 1052 756 1116 οίκίας
791 1051 974 1123 μόνον,
1021 1049 1158 1104 ἀλλά
1199 1049 1295 1102 καὶ
1339 1048 1504 1101 αὑτὸν
1539 1045 1634 1098 τὸν
1670 1042 1944 1097 στενωπὸν
1975 1042 2070 1093 καὶ
2097 1040 2160 1092 τὸ

580 1133 823 1206 ἄμφοδον
843 1150 857 1165 ·
893 1135 989 1187 καὶ
1020 1134 1124 1187 κᾶν
1158 1133 1392 1203 ἰμάτιον,
1424 1128 1528 1182 κᾶν
1553 1127 1805 1198 ὑπόδημα
1833 1126 1917 1196 ἴδῃ
1952 1123 2045 1177 τοῦ
2072 1141 2160 1190 φι-

577 1217 862 1287 λουμένου,
914 1216 1077 1270 αὑτδν
1125 1215 1339 1284 νομίζει
1378 1214 1634 1283 παρεῖναι
1674 1210 1765 1263 τὸν
1811 1207 2156 1278 φιλούμενον.

577 1298 823 1352 Τοιοῦτοι
873 1293 1014 1368 ἦσαν
1064 1297 1114 1349 οἰ
1160 1296 1471 1365 προφῆται·
1518 1293 1706 1363 ἐπειδὴ
1755 1292 1847 1344 τὸν
1899 1290 2030 1343 Θεὸν
2062 1289 2160 1358 οὑχ

575 1378 764 1452 ἐώρων
791 1379 884 1434 τὸν
909 1378 1222 1450 ἀσώματον,
1252 1376 1439 1448 ἐώρων
1473 1377 1563 1429 τὸν
1613 1369 1781 1438 οἰκον,
1814 1383 1904 1426 και
1935 1369 2034 1439 ,διὰ
2063 1369 2160 1423 τοῦ

574 1464 726 1517 οτκου
769 1463 870 1534 τὴν
908 1462 1119 1517 ἐκείνου
1159 1457 1460 1532 παρουσίαν
1502 1457 1885 1527 ἐφαντάζοντο.
1928 1455 2163 1520 Ἑξελε-

577 1545 778 1617 ξάμην
809 1543 1340 1614 πῳαρῤιπηῖσθαι
1363 1541 1433 1596 ἐν
1469 1539 1550 1605 τῷ
1573 1540 1716 1604 οτκφ
1737 1538 1842 1593 τοῦ
1870 1536 2018 1592 Θεοῦ
2038 1554 2162 1606 μου

570 1628 834 1699 μᾶλλον,
878 1627 918 1696 ἢ
947 1627 1136 1681 οἰκεῖν
1157 1641 1234 1695 με
1258 1624 1327 1677 ἐν
1352 1620 1745 1691 σκηνώμασιν
1773 1617 2157 1690 ἁμαρτωλῶν.

577 1712 851 1776 Ἕκαστος
874 1711 1057 1774 τόπος,
1084 1709 1313 1762 ἕκαστον
1339 1705 1558 1778 χωρίον,
1587 1703 1722 1775 πρὸς
1744 1702 1846 1774 τὴν
1872 1701 2159 1773 σύγκρισιν

573 1792 670 1846 τοῦ
697 1791 849 1846 οίκου
882 1779 978 1845 τοῦ
1013 1788 1171 1854 Θεοῦ,
1205 1791 1468 1860 σκήνωμα
1500 1785 1842 1859 ἁμαρτωλῶν
1883 1787 2022 1848 ἐστι,
2053 1783 2160 1838 κάν

573 1875 925 1947 δικαστήριον
968 1874 1150 1944 εἴπῃς,
1187 1871 1289 1926 κᾶν
1325 1870 1728 1942 βουλευτήριον,
1756 1868 1862 1922 κᾶν
1893 1867 1993 1938 τὴν
2027 1867 2160 1920 ἐκά-

575 1977 705 2013 στου
734 1960 931 2012 οἰκίαν.
968 1957 1087 2012 Κάν
1114 1955 1224 2028 γάρ
1261 1955 1419 2026 εὐχαὶ
1446 1954 1703 2022 γίνωνται
1743 1953 1879 2015 ἐκεῖ,
1916 1950 2021 2004 κᾶν
2051 1951 2161 2003 ἰκε-

574 2043 789 2115 τηρίαι,
844 2042 960 2095 ἀλλ’
1006 2041 1221 2110 ἀνάγκη
1273 2038 1368 2092 καὶ
1401 2036 1737 2107 φιλονεικίας
1784 2033 2031 2103 γίνεσθαι
2066 2035 2160 2087 καὶ

577 2129 761 2198 μάχας
803 2127 897 2180 καὶ
928 2125 1219 2195 λοιδορίας,
1263 2121 1356 2198 καὶ
1397 2119 1686 2188 συλλόγους
1716 2119 1854 2190 ὑπὲρ
1888 2116 2159 2188 βιωτικῶν

577 2196 908 2280 φροντίδων·
941 2209 970 2261 6
997 2207 1055 2260 δέ
1077 2202 1224 2268 οἶκος
1253 2196 1408 2266 οὗτος
1439 2203 1645 2256 τούτων
1675 2199 1976 2272 καθαρεύει
2018 2198 2158 2252 πάν-

571 2309 683 2344 των
705 2306 720 2320 ·
751 2290 842 2345 διὰ
867 2290 1046 2356 τοῦτο,
1088 2290 1272 2342 ἐκεῖνα
1301 2286 1398 2357 μὲν
1433 2283 1768 2355 σκηνώματα
1796 2280 2157 2354 ἁμαρτωλῶν,

571 2370 727 2438 οὗτος
759 2375 815 2428 δέ
846 2369 995 2436 οἶκος
1029 2371 1126 2427 τοῦ
1165 2369 1302 2424 Θεοῦ
1326 2387 1339 2400 ·
1373 2368 1466 2423 καὶ
1508 2367 1760 2438 καθάπερ
1788 2367 1953 2437 λιμὴν
1998 2383 2161 2419 πνευ-

580 2457 767 2526 μάτων
791 2458 885 2511 καὶ
909 2457 1169 2526 κυμάτων
1196 2453 1615 2526 ἀπηλλαγμένος
1639 2451 1843 2521 πολλὴν
1866 2452 1978 2513 τοῖς
2004 2452 2158 2522 699.;-

574 2541 829 2609 ζομένοις
871 2541 1077 2602 πλοίοις
1117 2539 1351 2609 παρέχει
1396 2537 1492 2608 τὴν
1544 2536 1870 2606 ἀσφάλειαν,
1909 2533 2052 2588 οὕτω
2095 2534 2160 2606 δὴ

575 2624 670 2676 καὶ
717 2626 745 2677 6
792 2624 886 2677 τοῦ
931 2622 1066 2677 Θεοῦ
1101 2620 1268 2686 οἶκος,
1314 2621 1503 2693 ῶσπερ
1544 2621 1651 2675 ἀπό
1699 2638 1843 2684 τινος
1892 2619 2160 2691 χειμῶνος

572 2705 684 2758 τῶν
725 2705 925 2772 ἔξωθεν
968 2704 1310 2776 πραγμάτων
1341 2705 1466 2767 τοὺς
1507 2703 1773 2766 εἰσιόντας
1809 2701 2156 2772 ἐξαρπάζων,

578 2790 719 2859 μετά
764 2790 968 2859 πολλῆς
1016 2788 1243 2861 παρέχει
1277 2788 1376 2856 τῆς
1419 2787 1662 2857 γαλήνης
1714 2787 1807 2839 καὶ
1847 2786 1948 2855 τῆς
1977 2787 2156 2855 ἀσφα-

573 2874 725 2938 λείας
775 2875 1020 2936 ἑστάναι,
1075 2875 1169 2926 καὶ
1225 2871 1333 2925 τῶν
1377 2871 1537 2924 θείων
1585 2870 1888 2942 ἀκροᾶσθαι
1937 2869 2151 2938 λογίων.

574 2955 745 3009 Τοῦτο
763 2956 824 3009 τὸ
845 2955 1046 3028 χωρίον
1079 2953 1333 3017 ὑπόθεσίς
1359 2955 1507 3006 ἐστιν
1536 2954 1755 3025 ἀρετῆς,
1787 2952 2159 3007 διδασκαλεῖον

573 3037 923 3109 φιλοσοφίας·
951 3038 1051 3093 οὐκ
1078 3039 1134 3092 ὲν
1165 3038 1382 3105 συνάξει
1411 3037 1593 3109 μόνον,
1620 3038 1710 3092 ὅτε
1730 3037 1994 3107 ἀκρόασις
2023 3037 2160 3107 Γρα-

571 3122 692 3191 φῶν
727 3123 822 3176 καὶ⁵
852 3121 1168 3175 διδασκαλία
1198 3120 1566 3190 πνευματικὴ,
1600 3120 1692 3174 καὶ
1728 3119 2005 3191 συνέδριον
2045 3119 2158 3172 Ila.-

571 3207 748 3276 τέρων
773 3204 1066 3276 αἰδεσίμων
1083 3203 1248 3256 ·ἀλλά
1268 3202 1363 3256 καὶ
1379 3205 1436 3257 ἐν
1462 3204 1624 3257 παντὶ
1658 3203 1735 3274 τῷ
1763 3203 1938 3274 λοιπῷ
1959 3204 2154 3275 καιρῷ,

572 3288 797 3360 ἐπίϐηθι
841 3286 952 3342 τῶν
1007 3286 1301 3359 προθύρων
1343 3288 1523 3359 μόνον,
1559 3289 1651 3340 καλ¹
1696 3286 1898 3351 εὐθέως
1950 3287 2155 3341 ἀπέθου

570 3370 674 3434 τάς
701 3369 988 3440 φροντίδας
1013 3369 1114 3433 τάς
1150 3369 1427 3439 βιωτικάς.
1464 3368 1685 3443 Εξσελθε
1727 3367 1837 3421 τῶν
1866 3368 2156 3440 προθύρων

571 3452 727 3512 εἴσω,
752 3453 846 3506 καὶ
870 3451 1125 3524 καθάπερ
1151 3451 1294 3526 αὑρα
1320 3468 1402 3514 τις
1432 3450 1775 3522 πνευματικὴ
1807 3450 2154 3522 περιίσταταί

575 3551 671 3589 σου
705 3535 804 3606 τὴν
827 3535 1029 3607 ψυχήν.
1061 3533 1208 3605 Αὕτη
1239 3537 1271 3604 ἡ
1311 3533 1511 3604 ήσυχία
1536 3534 1617 3596 εἰς
1650 3534 1854 3605 φρίκην
1881 3533 2030 3603 ἀγει,
2061 3535 2155 3587 καὶ

573 3617 815 3671 διδάσκει
852 3618 1190 3687 φιλοσοφεῖν·
1222 3615 1470 3685 ἀνίστησι
1503 3614 1564 3668 τὸ
1606 3615 1882 3686 φρόνημα,
1919 3619 2012 3668 καὶ
2049 3618 2154 3676 ,οὑκ

574 3702 769 3770 ἀφίησι
803 3701 1114 3771 μεμνῆσθαι
1143 3699 1252 3753 τῶν
1291 3699 1594 3769 παρόντων,
1623 3697 1910 3768 μεθίστησί
1941 3717 1998 3753 σε
2048 3700 2161 3752 ἀπὸ

572 3785 676 3851 γῆς
711 3785 792 3846 εἰς
821 3784 913 3836 τὸν
949 3783 1198 3854 οὐρανόν.
1226 3782 1288 3835 Εἰ
1313 3781 1371 3834 δὲ
1397 3781 1567 3851 χωρὶς
1603 3779 1875 3845 συνάξεως
1901 3781 2155 3835 τοσοῦτον

572 3865 636 3919 τὸ
680 3865 870 3937 κέρδος
910 3865 1007 3936 τῆς
1049 3863 1283 3918 ἐνταῦθα
1336 3863 1838 3934 παρουσίας,·ὂταν
1876 3867 2156 3935 προφῆται

571 3947 840 4001 πάντοθεν
898 3947 1116 4018 βοῶσιν,
1167 3948 1294 4000 ὅταν
1339 3947 1626 4000 ἀπόστολοι
1669 3947 2152 4015 εὑαγγελίξωνται,

571 4031 703 4083 ὅταν
728 4029 760 4082 6
786 4029 1021 4101 Χριστὸς
1063 4031 1122 4082 ἐν
1153 4029 1300 4100 μέσῳ
1337 4030 1587 4100 είστήκη,
1621 4030 1748 4083 ὅταν
1792 4030 1980 4102 Πατὴρ
2020 4032 2155 4084 ἁπο-

568 4112 792 4183 δέχηται
827 4111 897 4165 τά
919 4112 1200 4183 γινόμενα,
1233 4113 1358 4165 ὅταν
1393 4109 1544 4183 [I50]
1581 4112 1807 4184 Πνεῦμα
1837 4114 1988 4181 ἅγιον
2017 4130 2155 4184 παρ-

569 4195 670 4265 έχῃ
712 4194 811 4265 τὴν
863 4194 1073 4247 οἰκείαν
1123 4192 1468 4260 ἀγαλλίασιν,
1518 4195 1692 4264 πόσης
1744 4197 1842 4264 μὲν
1890 4196 2155 4266 ὠφελείας

571 4276 976 4348 ἐμπλησθέντες
1017 4278 1064 4329 οἱ
1119 4278 1384 4346 παρόντες
1431 4278 1792 4349 ἀπέρχονταιί
1826 4280 1877 4332 οἰ
1923 4280 2156 4344 ἀπόντες

570 4360 629 4414 δὲ
660 4358 833 4430 πόσην
858 4358 1061 4429 ζημίαν
1095 4358 1491 4430 ὑπομένουσι·θί

658 4503 988 4575 Ἐϐουλόμην
1017 4503 1220 4558 εἰδέναι
1262 4503 1365 4556 ποῦ
1405 4503 1773 4575 διατρίϐουσιν
1808 4507 1856 4558 οἰ
1882 4506 1982 4576 τῆς
2038 4524 2154 4560 συν-

573 4594 752 4661 άξεως
778 4593 1384 4664 καταφρονήσαντες,τί
1403 4593 1664 4662 κατέσχεν
1691 4594 1908 4657 αὑτοὺς,
1936 4596 2031 4648 καὶ
2056 4597 2154 4665 τῆς

576 4681 726 4750 ἱερᾶς
755 4679 958 4749 ταύτης
984 4679 1263 4751 τραπέζης
1297 4680 1552 4750 ἀπήγαγε
1573 4721 1586 4744 ,
1622 4679 1750 4750 περὶ
1795 4681 1954 4733 τίνων
1988 4683 2020 4750 η
2046 4682 2154 4734 διά-

572 4767 736 4831 λεξις.
792 4767 1009 4821 Μᾶλλον
1055 4763 1260 4820 ἂιοῖδα
1296 4769 1508 4836 σαφῶς·
1543 4768 1574 4838 ἢ
1623 4769 1733 4839 γάρ
1776 4769 1902 4839 περὶ
1935 4769 2152 4822 ἀτόπων

572 4855 669 4908 καὶ
696 4856 1114 4923 καταγελάστων
1149 4855 1488 4925 πραγμάτων
1525 4855 1882 4923 διαλέγονται,
1913 4856 1946 4926 ἢ
1980 4855 2156 4924 βιωτι-

573 4945 697 5006 καῖς
727 4944 835 4996 εἰσι
878 4943 1288 5015 προσηλωμένοι
1336 4941 1614 5013 φροντίσιν
1639 4959 1652 4972 ·
1690 4943 2015 5014 ἀμφοτέρων
2039 4942 2095 4995 δὲ
2119 4944 2152 5014 ἡ

570 5030 821 5103 διατριϐὴ
862 5031 1192 5103 συγγνώμης
1224 5031 1614 5102 ἀπεστέρηται,
1655 5031 1750 5084 καὶ
1778 5030 1999 5084 κόλασιν
2039 5029 2152 5101 ἔχει

570 5119 672 5192 τὴν
705 5120 961 5191 ἐσχάτην.
988 5109 1250 5192 Καὶπερὶ
1281 5121 1378 5191 μὲν
1415 5119 1516 5188 τῆς
1539 5118 1812 5190 προτέρας
1840 5118 1961 5171 οὑδὲ
1991 5118 2152 5186 λόγου

571 5209 672 5271 δεῖ,
718 5207 842 5262 οὕτε
880 5209 1241 5274 ἀποδείξεως·
1271 5210 1353 5263 ὅτι
1394 5209 1451 5264 δέ
1503 5210 1597 5262 καὶ
1643 5211 1693 5262 οἰ
1746 5208 1813 5262 τά
1845 5209 1945 5278 τῆς
1977 5210 2154 5273 οἰκίας

572 5301 706 5368 ἡμῖν
758 5298 1151 5369 προϐαλόμενοι
1199 5300 1538 5372 πράγματα,
1587 5297 1682 5353 καὶ
1729 5297 1824 5370 τὴν
1880 5298 2152 5370 ἀφόρητον

571 5386 786 5439 ἐκεῖθεν
819 5387 1062 5457 ἀνάγκην
1099 5387 1368 5456 λέγοντες.
1403 5388 1521 5442 οὑδέ
1554 5381 1700 5441 οὗτοι
1737 5386 1990 5441 δύνανται
2030 5405 2155 5456 συγσ

564 5471 798 5544 ’γνώμης
831 5476 1032 5544 τυχεῖν,
1069 5475 1214 5542 ἀπαξ
1242 5477 1338 5547 τῆς
1372 5475 1662 5546 ἑϐδομάδος
1693 5474 1924 5528 ἐνταῦθα
1964 5476 2155 5529 καλού-

574 5577 746 5631 μενοι,
776 5562 870 5614 καὶ
894 5563 1016 5616 οὐδὲ
1051 5563 1172 5616 τότε
1215 5564 1530 5634 ἀνεχόμενοι
1558 5563 1626 5617 τά
1668 5564 2012 5634 πνευματικά
2044 5565 2153 5618 τῶν

572 5648 775 5716 γηΐνων
802 5650 1138 5722 προτιμῆσαι
1158 5651 1517 5721 πραγμάτων,
1540 5651 1650 5705 ἀπὸ
1673 5651 1785 5703 τῶν
1804 5652 2152 5721 Εὑαγγελίων

574 5735 747 5808 δῆλον.
774 5740 880 5794 Καὶ
904 5740 1008 5812 γὰρ
1041 5742 1088 5795 οἱ
1125 5741 1412 5813 κληθέντες
1439 5743 1528 5796 ἐπὶ
1559 5741 1650 5796 τὸν
1681 5743 1854 5814 γάμον
1884 5742 1975 5798 τὸν
1997 5760 2152 5798 πνευ-

1274 359 1328 416 S.
1370 357 1488 415 JOA
1497 355 1656 413 NNIS
1692 353 2153 413 CHRYSOSTOM

2258 353 2551 412 .luiﬂl'EP.
2592 348 3144 409 CONSTANTINOP.

3746 344 3863 404 £68

2263 462 2513 532 ματικδν,
2536 463 2740 530 ταύτας
2771 464 3166 538 προεϐάλλοντο
3204 465 3306 529 τὰς
3340 465 3714 539 προφά·σεις,ό
3751 465 3861 536 μιν

2257 551 2340 606 ὃτι
2376 552 2570 622 ζεῦγος
2605 555 2874 627 ὠνήσατο,
2907 557 2935 610 6
2965 555 3022 610 δι
3053 557 3136 610 δτι
3175 557 3346 628 ἀγρὸν
3373 556 3776 629 ἐπριάσατορςδ
3798 554 3860 607 δέ

2258 646 2341 699 δτι
2375 645 2595 719 νύμφην
2619 648 2878 718 ἠγάγετο,
2908 647 3023 701 ἀλλ’
3045 648 3421 720 ἐκολάσθησαν
3453 650 3625 719 ὅμως.
3661 647 3861 714 Ἀνατ-

2259 738 2412 790 καῖαι
2461 738 2560 808 μὲν
2607 739 2666 791 αἰ
2703 739 2909 792 αἰτίαι·
2951 737 3068 792 ἀλλ’
3093 738 3224 792 ὅταν
3266 740 3296 792 6
3332 738 3465 802 Θεὸς
3505 738 3674 808 καλῇ,
3716 737 3860 790 ἀπο-

2258 826 2446 896 λογίαν
2493 830 2592 883 οὑκ
2627 829 2841 901 έχουσι·
2883 828 3024 900 μετά
3051 828 3161 902 γάρ
3192 829 3286 883 τὸν
3330 829 3463 884 Θεὸν
3499 829 3632 900 ἡμῖν
3671 827 3857 882 πάντα

2259 920 2555 988 ἀναγκαῖα.
2605 920 2762 975 Μετά
2818 911 2924 993 τὴν
2955 922 3166 975 ἐκείνου
3219 921 3406 992 τιμὴν,
3442 920 3568 974 τότε
3602 919 3676 972 τὰ
3712 917 3857 975 ἄλλα

2261 1009 2582 1064 ἀπολαυέτω
2616 1011 2870 1082 σπουδῆς.
2898 1009 2994 1073 Τίς
3024 1009 3134 1080 γάρ
3158 1007 3396 1078 οἰκέτης,
3429 1007 3551 1060 είπέ
3578 1023 3692 1077 μοι,
3717 1008 3856 1078 πρὶν

2259 1102 2292 1172 ἦ
2326 1101 2422 1173 τὴν
2455 1101 2781 1173 δεσποτικὴν
2813 1100 3080 1172 πληρώση
3102 1099 3400 1164 διακονίαν,
3434 1097 3544 1151 τῶν
3575 1097 3720 1152 κατά
3750 1097 3855 1168 τὴν

2264 1191 2396 1247 ἰδίαν
2435 1194 2614 1247 οἰκίαν
2663 1192 3058 1263 ἐπιμελήσεταί
3089 1208 3252 1257 ποτε;
3285 1190 3408 1253 Πῶς
3444 1185 3540 1243 οὖν
3583 1189 3687 1242 οὑκ
3733 1205 3856 1243 ατο-

2261 1300 2363 1337 πον
2408 1286 2494 1338 ἐπ’
2541 1285 2813 1356 ἀνθρώπῳ
2846 1284 2964 1354 μὲν,
2992 1283 3124 1338 ένθα
3169 1283 3324 1353 ψιλὸν
3368 1283 3546 1352 δνομα
3586 1283 3621 1352 ἡ
3663 1281 3856 1335 δεσπο-

2259 1378 2400 1442 τεία,
2432 1378 2704 1449 τοσαύτην
2744 1381 2856 1442 τοῖς
2903 1377 3115 1448 κυρίοις
3153 1376 3414 1448 παρέχειν
3449 1376 3549 1448 τὴν
3584 1375 3723 1430 αἰδῶ
3756 1377 3855 1431 καὶ

2258 1469 2359 1540 τὴν
2391 1468 2656 1539 ὑπακοὴν,
2709 1469 2803 1522 τὸν
2854 1468 2912 1521 δὲ
2948 1468 3168 1539 ἀληθῶς
3214 1467 3522 1538 Δεσπότηνῇ
3547 1469 3650 1539 οὐχ
3692 1466 3856 1539 ἡμῶν

2263 1562 2445 1632 μόνον,
2479 1559 2617 1614 ἀλλά
2646 1560 2740 1614 καὶ
2770 1559 2878 1614 τῶν
2907 1559 3020 1614 ἀνω
3047 1560 3353 1630 δυνάμεων,
3390 1559 3529 1630 μηδὲ
3556 1561 3659 1631 τῆς
3682 1558 3856 1628 αὐτῆς

2259 1655 2372 1715 τοῖς
2402 1652 2697 1723 ἡμετέροις
2726 1651 3032 1715 συνδούλοις
3054 1651 3239 1718 ἀξιοῦν
3273 1650 3611 1723 θεραπείας;
3641 1649 3772 1703 Εἴθε
3787 1645 3857 1720 ἦν

2260 1742 2483 1797 δυνατὸν
2519 1743 2649 1814 ὑμῖν
2681 1743 2761 1807 είς
2806 1743 2866 1796 τὸ
2910 1741 3151 1807 συνειδὸς
3189 1741 3369 1796 αὐτῶν
3415 1740 3855 1812 εἰσεληλυθέναι,

2262 1835 2357 1889 καὶ⁵
2380 1834 2503 1887 τότε
2532 1833 2704 1887 εἴδετε
2736 1832 2802 1887 ἂν
2832 1832 3035 1897 καλῶς,
3062 1833 3247 1887 πόσων
3273 1831 3606 1905 τραυμάτων
3626 1830 3854 1901 ἔγεμον,

2260 1927 2391 1989 ὅσας
2433 1924 2675 1989 ἀκάνθας
2709 1922 2874 1995 εἰχον.
2929 1923 3201 1994 Καθάπερ
3229 1923 3340 1995 γάρ
3380 1924 3476 1994 γῆ,
3525 1921 3858 1993 γεωργικῶν

2260 2017 2361 2070 οὐκ
2414 2014 2769 2070 ἀπολαύουσα
2821 2014 3045 2087 χειρῶν,
3080 2014 3378 2086 χερσοῦται
3411 2013 3510 2067 καὶ
3556 2013 3857 2083 ὑλομανεῖ·

2258 2108 2402 2162 οὕτω
2437 2109 2532 2163 καὶ
2563 2107 2733 2186 ψιέχὴ,
2770 2106 3152 2178 πνευματικῆς
3184 2107 3284 2160 οὑκ
3318 2105 3676 2160 ἀπολαύουσα
3707 2105 3860 2159 διδα-

2261 2199 2509 2266 σκαλίας,
2550 2199 2794 2262 ἀκάνθας
2843 2200 2936 2253 καὶ
2980 2197 3266 2269 τριϐόλους
3301 2198 3605 2268 ἐκπέμπει.
3634 2195 3702 2248 Εἰ
3742 2195 3862 2266 γάρ

2259 2293 2420 2363 ἡμεῖς
2461 2293 2512 2344 οἰ
2553 2291 2675 2344 καθ’
2705 2291 2944 2361 ἑκάστην
2993 2291 3205 2362 ἡμέραν
3250 2289 3348 2360 τῆς
3396 2288 3507 2342 τῶν
3554 2286 3859 2359 προφητῶν

2260 2386 2353 2438 καὶ
2409 2383 2730 2438 ἀποστόλων
2759 2383 3080 2454 μετέχοντες
3129 2382 3473 2454 ἀκροάσεως,
3528 2378 3689 2451 μόλις
3721 2395 3860 2432 κατ-

2261 2475 2456 2546 έχομεν
2502 2475 2693 2546 θυμὸν,
2746 2474 2901 2545 μόλις
2944 2472 3274 2545 χαλινοῦμεν
3322 2472 3515 2544 ὀργὴν,
3569 2471 3727 2542 μόλις
3753 2488 3859 2525 κα-

2260 2567 2626 2639 ταστέλλομεν
2661 2565 2982 2638 ἐπιθυμίαν,
3011 2566 3164 2637 μόλις
3199 2565 3539 2635 ἐκϐάλλομεν
3586 2562 3861 2634 τηκεδόνα

2262 2660 2478 2728 φθόνου,
2513 2661 2756 2729 συνεχεῖς
2789 2659 3005 2729 ἐπῳδάς
3031 2658 3130 2722 τὰς
3155 2657 3264 2712 ἀπὸ
3282 2657 3392 2710 τῶν
3428 2656 3592 2710 θείων
3617 2656 3862 2727 Γραφῶν

2259 2751 2549 2822 ἐπᾴδοντες
2593 2752 2708 2813 τοῖς
2753 2747 3045 2820 ἡμετέροις
3092 2747 3313 2811 πάθεσι,
3348 2746 3502 2818 μόλις
3553 2746 3860 2801 καταστέλ-

2257 2841 2422 2912 λομεν
2474 2841 2543 2895 τὰ
2587 2841 2924 2910 ἀναίσχυντα
2978 2839 3176 2910 θηρία·
3225 2841 3424 2893 ἐκεῖνοι
3473 2839 3521 2892 οἰ
3578 2838 3858 2909 μηδέποτε

2256 2929 2462 3000 ταύτης
2507 2928 2870 2992 ἀπολαύοντες
2914 2928 3015 2998 τῆς
3053 2927 3317 3001 ἰατρείας,
3366 2929 3501 2999 μηδέ
3544 2929 3646 2999 τῆς
3700 2928 3859 2992 θείας

2258 3021 2627 3085 ὑπακούοντες
2685 3019 3042 3090 φιλοσοφίας,
3101 3019 3263 3072 ποίαν
3322 3020 3600 3091 σωτηρίας
3659 3021 3859 3074 ἐλπίδα

2259 3110 2492 3176 ἕξουσιν,
2535 3109 2657 3163 είπέ
2701 3127 2831 3180 μοι;
2871 3106 3204 3178 Ἐϐουλόμην
3231 3107 3494 3162 δύνασθαι
3528 3108 3702 3175 δεῖξαι
3739 3111 3860 3172 τοῖς

2261 3202 2550 3274 ὑμετέροις
2593 3201 2894 3273 ὀφθαλμοῖς
2931 3203 3032 3274 τὴν
3063 3203 3287 3257 ἐκείνων
3318 3202 3517 3273 ψυχὴν,
3546 3201 3640 3256 καὶ
3680 3201 3856 3255 εἰδετε

2259 3296 2325 3349 ἂν
2358 3295 2639 3366 ρυπῶσαν,
2681 3296 3001 3367 αὐχμῶσαν,
3049 3297 3520 3367 κατακεχυμένην,
3549 3297 3645 3350 καὶ
3689 3313 3854 3351 τετα-

2258 3385 2624 3455 πεινωμένην,
2679 3385 2776 3439 καὶ
2835 3387 3308 3458 ἀπαρρησίαστον.
3346 3385 3557 3455 Ὥσπερ
3618 3383 3734 3456 γάρ
3782 3383 3858 3437 τὰ

2259 3472 2555 3544 βαλανείων
2585 3476 2686 3528 ούκ
2725 3477 3071 3530 ἀπολαύοντα
3101 3475 3329 3546 σώματα
3362 3473 3575 3546 αὐχμοῦ
3623 3475 3722 3529 καὶ
3754 3474 3854 3547 ρύ-

2257 3583 2358 3618 που
2382 3565 2544 3635 γέμει
2571 3564 2766 3620 πολλοῦ
2783 3583 2797 3597 ·
2835 3566 2978 3621 οὑτω
3005 3567 3154 3637 καὶὴ
3181 3566 3349 3638 ψυχὴ,
3370 3565 3723 3629 διδασκαλίας
3747 3566 3852 3619 οὑκ

2256 3655 2605 3710 ἀπολαύουσα
2655 3661 3055 3730 πνευματικῆς,
3111 3658 3316 3728 πολλὴν
3357 3658 3466 3712 τῶν
3509 3659 3852 3731 ἁμαρτημά-

2257 3765 2363 3800 των
2411 3747 2525 3818 ἔχει
2577 3749 2968 3820 περικειμένην
3011 3750 3148 3822 αὑτῇ
3197 3751 3297 3822 τὴν
3346 3750 3558 3821 κηλῖδα.
3596 3753 3711 3805 Καὶ
3740 3751 3854 3824 γὰρ

2260 3839 2536 3909 βαλανείόν
2582 3843 2699 3894 ἐστι
2745 3841 2816 3894 τά
2854 3842 3091 3896 ἐνταῦθα
3133 3844 3528 3913 πνευματικὸν,
3566 3847 3640 3914 τῇ
3667 3845 3855 3918 θέρμῃ

2256 3930 2350 3984 τοῦ
2385 3931 2704 4002 Πνεύματος
2731 3932 2910 3985 πάντα
2954 3933 3277 4003 ἀκοσμῆχον
3314 3933 3485 4004 ῥύπον
3506 3951 3522 3967 ·
3561 3933 3768 4004 μᾶλλον
3795 3935 3854 3989 δὲ

2256 4024 2378 4093 οὐχὶ
2413 4022 2584 4093 ῥύπον
2610 4023 2931 4093 ἀποσμῆχον
2966 4023 3126 4092 μόνον
3156 4022 3217 4075 τὸ
3237 4023 3330 4075 τοῦ
3360 4023 3679 4094 Πνεύματος
3713 4025 3849 4096 πῦρ,

2259 4107 2393 4161 ἀλλά
2426 4111 2519 4162 καὶ
2561 4109 2756 4180 βαφήν.
2803 4109 2938 4163 Ἐὰν
2967 4109 3078 4178 γὰρ
3102 4104 3234 4174 ὦσι,
3268 4110 3452 4181 φησὶν,
3481 4113 3541 4164 αἱ
3567 4110 3854 4180 ἁμαρτίαι

2261 4200 2410 4273 [151]
2434 4201 2602 4271 ὑμῶν
2622 4203 2702 4269 ὠς
2725 4201 3068 4272 φοινικοῦν,
3098 4202 3178 4267 ὡς
3198 4202 3374 4270 χιόνα
3396 4201 3679 4256 λευκανῶ
3700 4220 3713 4230 ·
3749 4204 3852 4258 κᾶν

2262 4294 2400 4364 μετά
2444 4297 2543 4365 τῆς
2581 4295 2768 4366 αὑτῆς,
2805 4295 2992 4366 φησὶν,
3041 4294 3330 4364 ἀκριϐείας
3371 4295 3480 4348 τῶν
3517 4295 3853 4366 ἁμαρτημά-

2257 4402 2363 4438 των
2396 4388 2424 4438 ό
2458 4385 2628 4457 ῥύπος
2658 4386 2794 4458 δάκῃ
2821 4385 2921 4456 τῆς
2949 4387 3128 4457 ψυχῆς
3156 4386 3256 4457 τὴν
3280 4385 3488 4449 οὑσίαν,
3519 4385 3593 4448 ὡς
3621 4389 3703 4450 εἰς
3737 4387 3850 4453 ἕξιν

2260 4477 2438 4547 βαφῆς
2466 4477 2722 4548 ἀκίνητον
2753 4478 3114 4548 καταστῆναι,
3148 4479 3244 4532 καὶ
3267 4477 3442 4541 οὕτως
3473 4477 3583 4547 ἐγὼ
3612 4479 3852 4552 δύναμαι

2257 4573 2336 4634 εἰς
2365 4570 2462 4640 τὴν
2497 4571 2748 4624 ἐναντίαν
2776 4573 2944 4643 αὑτὴν
2975 4571 3318 4642 καταστῆσαι
3361 4571 3660 4642 ποιότητα·
3689 4575 3853 4645 ἀρκεῖ

2257 4661 2366 4733 γὰρ
2394 4661 2605 4725 νεῦσαι,
2643 4667 2736 4715 καὶ
2767 4663 2942 4716 πάντα
2983 4663 3304 4733 ἀφανίζεται
3335 4666 3404 4720 τά
3447 4667 3846 4737 ἁμαρτήματα.

2329 4763 2393 4833 β’.
2424 4764 2610 4818 Ταῦτα
2633 4765 2794 4834 λέγω,
2825 4769 2921 4838 οὑχ
2949 4767 3034 4820 ἵνα
3083 4769 3240 4839 ὑμεῖς
3261 4771 3530 4842 ἀκούσητε
3552 4773 3708 4825 ·ούόἐ
3741 4772 3850 4842 γάρ

2260 4853 2417 4922 ὑμεῖς
2447 4853 2621 4907 δεῖσθε
2648 4854 2755 4907 τῶν
2780 4856 3108 4927 φαρμάκων,
3136 4857 3225 4912 διά
3245 4859 3344 4930 τὴν
3370 4859 3463 4913 τοῦ
3487 4860 3628 4914 Θεοῦ
3662 4863 3843 4931 χάριν·

2258 4941 2372 4994 ἀλλ’
2410 4941 2497 4996 ἵνα
2541 4943 2737 4995 ἐκεῖνοι
2765 4943 2829 4995 δι’
2867 4945 3020 5013 ὑμῶν
3053 4945 3320 5014 μάθωσιν.
3353 4948 3415 5000 Εἰ
3460 4947 3518 4999 δέ
3571 4949 3848 5019 ἐδυνάμην

2258 5028 2456 5083 εἰδέναι
2484 5031 2609 5092 τοὺς
2638 5030 2834 5093 τόπους
2859 5033 2916 5083 ὲν
2948 5026 3028 5095 οἷς
3064 5033 3435 5102 συλλέγονται,
3468 5035 3568 5087 οὑκ
3598 5035 3666 5089 ἂν
3704 5037 3845 5104 ἡγώ-

2256 5115 2431 5188 χλησα
2459 5116 2556 5188 τὴν
2604 5117 2876 5188 ὑμετέραν
2923 5119 3174 5190 ἀγάπην·
3213 5119 3326 5174 ἀλλ’
3358 5122 3547 5192 ἐπειδὴ
3587 5123 3845 5178 ἀδύνατόν

2258 5225 2350 5280 μοι
2390 5207 2469 5260 ἐνὶ
2499 5207 2611 5259 ὄντι
2644 5207 2897 5259 τοσοῦτον
2929 5207 3124 5260 εἰδέναι
3159 5208 3353 5278 δῆμον,
3384 5209 3512 5279 ὑμῖν
3549 5212 3844 5280 ἐγχειρίζω

2255 5297 2362 5349 τῶν
2393 5294 2637 5364 ἀδελφῶν
2667 5295 2774 5348 τῶν
2804 5296 3086 5367 ὑμετέρων
3127 5297 3223 5365 τὴν
3273 5297 3605 5369 θεραπείαν·
3650 5301 3843 5367 ἐπιμε-

2255 5382 2492 5454 λήσασθε
2535 5382 2642 5434 τῶν
2699 5382 2940 5450 ἀδελφῶν
2992 5385 3100 5436 τῶν
3140 5385 3374 5448 οἰκείων,
3437 5386 3838 5450 ἐπισπάσασθε,

2255 5473 2544 5527 καλέσατε.
2590 5469 2719 5526 Οἶδα
2746 5475 2830 5526 ὅτι
2869 5473 3128 5537 πολλάκις
3158 5474 3316 5527 τοῦτο
3357 5476 3654 5545 ἐποιήσατε
3680 5492 3693 5505 ·
3727 5476 3839 5528 ἀλλ’

2254 5563 2404 5616 οὐδὲν
2458 5561 2517 5615 τὸ
2575 5562 2831 5626 πολλάκις
2887 5561 3045 5615 τοῦτο
3101 5563 3346 5632 ποιῆσαι,
3406 5563 3520 5616 ἀλλ’
3555 5565 3661 5626 ἕως
3718 5565 3838 5616 τότε

2254 5652 2500 5719 ποιῆσαι,
2549 5649 2654 5712 ἕως
2705 5649 2769 5702 ἂν
2827 5649 3052 5722 πείσητε
3102 5652 3194 5703 καὶ
3251 5649 3538 5720 ἐλκύσητε.
3575 5647 3707 5706 Οἶδα
3761 5653 3837 5705 ὅτι

2253 5740 2624 5813 ἠνωχλησατε,
2665 5742 2745 5794 ὅτι
2781 5743 3028 5811 φορτικοὶ
3073 5740 3329 5805 πολλάκις
3382 5739 3728 5812 ἐνομίσθη-ξε,
3759 5742 3840 5793 ὅτι
