  <div class='ocr_page' id='page_1' title='image "/cluster/home/n/w/nwhite01/storage/ocr_20150623/51/ien.35556001660786/150.png"; bbox 0 0 4080 6392; ppageno 0'>
   <div class='ocr_carea' id='block_1_1' title="bbox 237 340 342 408">
    <p class='ocr_par' dir='ltr' id='par_1_1' title="bbox 237 340 342 408">
     <span class='ocr_line' id='line_1_1' title="bbox 237 340 342 408; baseline 0.01 -1"><span class='ocrx_word' id='word_1_1' title='bbox 237 340 342 408; x_wconf 62' lang='grc' dir='ltr'><strong>τις</strong></span> 
     </span>
    </p>
   </div>
   <div class='ocr_carea' id='block_1_2' title="bbox 236 462 1841 538">
    <p class='ocr_par' dir='ltr' id='par_1_2' title="bbox 236 462 1841 538">
     <span class='ocr_line' id='line_1_2' title="bbox 236 462 1841 538; baseline -0.002 -13"><span class='ocrx_word' id='word_1_2' title='bbox 236 478 330 525; x_wconf 83' lang='lat' dir='ltr'><strong>tux</strong></span> <span class='ocrx_word' id='word_1_3' title='bbox 355 477 503 538; x_wconf 82' lang='lat' dir='ltr'><strong>sum,</strong></span> <span class='ocrx_word' id='word_1_4' title='bbox 528 467 576 525; x_wconf 88' lang='lat' dir='ltr'><strong>si</strong></span> <span class='ocrx_word' id='word_1_5' title='bbox 619 462 712 525; x_wconf 85' lang='lat' dir='ltr'><strong>vel</strong></span> <span class='ocrx_word' id='word_1_6' title='bbox 735 467 936 524; x_wconf 84' lang='lat' dir='ltr'><strong>intrare</strong></span> <span class='ocrx_word' id='word_1_7' title='bbox 963 466 1291 523; x_wconf 69' lang='lat' dir='ltr'><strong>vestibulum</strong></span> <span class='ocrx_word' id='word_1_8' title='bbox 1317 466 1449 522; x_wconf 87' lang='lat' dir='ltr'><strong>mihi</strong></span> <span class='ocrx_word' id='word_1_9' title='bbox 1475 464 1803 531; x_wconf 77' lang='lat' dir='ltr'><strong>concedatur</strong></span> <span class='ocrx_word' id='word_1_10' title='bbox 1822 505 1841 534; x_wconf 94' lang='lat'><strong>,</strong></span> 
     </span>
    </p>
   </div>
   <div class='ocr_carea' id='block_1_3' title="bbox 241 556 1844 629">
    <p class='ocr_par' dir='ltr' id='par_1_3' title="bbox 241 556 1844 629">
     <span class='ocr_line' id='line_1_3' title="bbox 241 556 1844 629; baseline -0.002 -16"><span class='ocrx_word' id='word_1_11' title='bbox 241 557 418 627; x_wconf 74' lang='lat' dir='ltr'><strong>tuqoit</strong></span> <span class='ocrx_word' id='word_1_12' title='bbox 442 575 462 624; x_wconf 85' lang='lat'><strong><em>;</em></strong></span> <span class='ocrx_word' id='word_1_13' title='bbox 486 558 665 629; x_wconf 88' lang='lat' dir='ltr'><strong>magni</strong></span> <span class='ocrx_word' id='word_1_14' title='bbox 693 556 939 613; x_wconf 83' lang='lat' dir='ltr'><strong>beneficii</strong></span> <span class='ocrx_word' id='word_1_15' title='bbox 967 556 1086 614; x_wconf 90' lang='lat' dir='ltr'><strong>loco</strong></span> <span class='ocrx_word' id='word_1_16' title='bbox 1112 556 1271 624; x_wconf 90' lang='lat' dir='ltr'><strong>duco,</strong></span> <span class='ocrx_word' id='word_1_17' title='bbox 1298 557 1344 611; x_wconf 94' lang='lat' dir='ltr'><strong>si</strong></span> <span class='ocrx_word' id='word_1_18' title='bbox 1373 556 1456 612; x_wconf 89' lang='lat' dir='ltr'><strong>vel</strong></span> <span class='ocrx_word' id='word_1_19' title='bbox 1481 556 1535 611; x_wconf 89' lang='lat' dir='ltr'><strong>in</strong></span> <span class='ocrx_word' id='word_1_20' title='bbox 1558 570 1844 612; x_wconf 83' lang='lat' dir='ltr'><strong>numerum</strong></span> 
     </span>
    </p>
   </div>
   <div class='ocr_carea' id='block_1_4' title="bbox 236 644 1844 721">
    <p class='ocr_par' dir='ltr' id='par_1_4' title="bbox 236 644 1844 721">
     <span class='ocr_line' id='line_1_4' title="bbox 236 644 1844 721; baseline -0.004 -16"><span class='ocrx_word' id='word_1_21' title='bbox 236 647 451 705; x_wconf 88' lang='lat' dir='ltr'><strong>rcl‘erar</strong></span> <span class='ocrx_word' id='word_1_22' title='bbox 496 655 891 721; x_wconf 84' lang='lat' dir='ltr'><strong>postremon</strong></span> <span class='ocrx_word' id='word_1_23' title='bbox 932 648 988 703; x_wconf 91' lang='lat' dir='ltr'><strong>in</strong></span> <span class='ocrx_word' id='word_1_24' title='bbox 1012 648 1175 703; x_wconf 90' lang='lat' dir='ltr'><strong>domo</strong></span> <span class='ocrx_word' id='word_1_25' title='bbox 1207 646 1300 702; x_wconf 91' lang='lat' dir='ltr'><strong>Dei</strong></span> <span class='ocrx_word' id='word_1_26' title='bbox 1330 646 1459 702; x_wconf 88' lang='lat' dir='ltr'><strong>mei.</strong></span> <span class='ocrx_word' id='word_1_27' title='bbox 1489 644 1844 701; x_wconf 82' lang='lat' dir='ltr'><strong>Communem</strong></span> 
     </span>
    </p>
   </div>
   <div class='ocr_carea' id='block_1_5' title="bbox 240 736 1844 812">
    <p class='ocr_par' dir='ltr' id='par_1_5' title="bbox 240 736 1844 812">
     <span class='ocr_line' id='line_1_5' title="bbox 240 736 1844 812; baseline -0.005 -14"><span class='ocrx_word' id='word_1_28' title='bbox 240 743 532 798; x_wconf 84' lang='lat' dir='ltr'><strong>Dominum</strong></span> <span class='ocrx_word' id='word_1_29' title='bbox 578 755 736 795; x_wconf 89' lang='lat' dir='ltr'><strong>amor</strong></span> <span class='ocrx_word' id='word_1_30' title='bbox 759 748 820 796; x_wconf 87' lang='lat' dir='ltr'><strong>ut</strong></span> <span class='ocrx_word' id='word_1_31' title='bbox 844 740 1124 812; x_wconf 89' lang='lat' dir='ltr'><strong>proprium</strong></span> <span class='ocrx_word' id='word_1_32' title='bbox 1147 739 1249 795; x_wconf 89' lang='lat' dir='ltr'><strong>sibi</strong></span> <span class='ocrx_word' id='word_1_33' title='bbox 1278 738 1511 795; x_wconf 87' lang='lat' dir='ltr'><strong>vindicat</strong></span> <span class='ocrx_word' id='word_1_34' title='bbox 1538 756 1553 793; x_wconf 87' lang='lat'><strong>:</strong></span> <span class='ocrx_word' id='word_1_35' title='bbox 1580 752 1645 794; x_wconf 87' lang='lat' dir='ltr'><strong>ea</strong></span> <span class='ocrx_word' id='word_1_36' title='bbox 1672 736 1844 808; x_wconf 88' lang='lat' dir='ltr'><strong>siqui-</strong></span> 
     </span>
    </p>
   </div>
   <div class='ocr_carea' id='block_1_6' title="bbox 241 817 1843 899">
    <p class='ocr_par' dir='ltr' id='par_1_6' title="bbox 241 817 1843 899">
     <span class='ocr_line' id='line_1_6' title="bbox 241 817 1843 899; baseline -0.003 -9"><span class='ocrx_word' id='word_1_37' title='bbox 241 832 371 890; x_wconf 85' lang='lat' dir='ltr'><strong>dcm</strong></span> <span class='ocrx_word' id='word_1_38' title='bbox 402 817 484 890; x_wconf 77' lang='lat' dir='ltr'><strong>vis</strong></span> <span class='ocrx_word' id='word_1_39' title='bbox 522 840 609 890; x_wconf 84' lang='lat' dir='ltr'><strong>est</strong></span> <span class='ocrx_word' id='word_1_40' title='bbox 633 833 896 889; x_wconf 86' lang='lat' dir='ltr'><strong>caritatis.</strong></span> <span class='ocrx_word' id='word_1_41' title='bbox 936 830 1005 887; x_wconf 82' lang='grc' dir='ltr'><strong>ιιι</strong></span> <span class='ocrx_word' id='word_1_42' title='bbox 1043 832 1197 887; x_wconf 77' lang='lat' dir='ltr'><strong>domo</strong></span> <span class='ocrx_word' id='word_1_43' title='bbox 1234 829 1332 887; x_wconf 79' lang='lat' dir='ltr'><strong>Dei</strong></span> <span class='ocrx_word' id='word_1_44' title='bbox 1374 832 1493 887; x_wconf 73' lang='lat' dir='ltr'><strong>mei.</strong></span> <span class='ocrx_word' id='word_1_45' title='bbox 1524 830 1628 899; x_wconf 92' lang='lat' dir='ltr'><strong>Qui</strong></span> <span class='ocrx_word' id='word_1_46' title='bbox 1663 837 1843 896; x_wconf 82' lang='lat' dir='ltr'><strong>amat,</strong></span> 
     </span>
    </p>
   </div>
   <div class='ocr_carea' id='block_1_7' title="bbox 236 920 1841 993">
    <p class='ocr_par' dir='ltr' id='par_1_7' title="bbox 236 920 1841 993">
     <span class='ocr_line' id='line_1_7' title="bbox 236 920 1841 993; baseline -0.002 -13"><span class='ocrx_word' id='word_1_47' title='bbox 236 938 351 980; x_wconf 83' lang='lat' dir='ltr'><strong>non</strong></span> <span class='ocrx_word' id='word_1_48' title='bbox 381 939 505 981; x_wconf 90' lang='lat' dir='ltr'><strong>eum</strong></span> <span class='ocrx_word' id='word_1_49' title='bbox 554 932 762 982; x_wconf 84' lang='lat' dir='ltr'><strong>tantum</strong></span> <span class='ocrx_word' id='word_1_50' title='bbox 812 922 996 979; x_wconf 86' lang='lat' dir='ltr'><strong>videre</strong></span> <span class='ocrx_word' id='word_1_51' title='bbox 1037 921 1310 979; x_wconf 86' lang='lat' dir='ltr'><strong>desiderat</strong></span> <span class='ocrx_word' id='word_1_52' title='bbox 1335 937 1497 993; x_wconf 91' lang='lat' dir='ltr'><strong>quem</strong></span> <span class='ocrx_word' id='word_1_53' title='bbox 1527 930 1693 989; x_wconf 90' lang='lat' dir='ltr'><strong>amat,</strong></span> <span class='ocrx_word' id='word_1_54' title='bbox 1744 920 1841 977; x_wconf 89' lang='lat' dir='ltr'><strong>sed</strong></span> 
     </span>
    </p>
   </div>
   <div class='ocr_carea' id='block_1_8' title="bbox 236 1012 1847 1088">
    <p class='ocr_par' dir='ltr' id='par_1_8' title="bbox 236 1012 1847 1088">
     <span class='ocr_line' id='line_1_8' title="bbox 236 1012 1847 1088; baseline -0.005 -13"><span class='ocrx_word' id='word_1_55' title='bbox 236 1016 332 1075; x_wconf 83' lang='lat' dir='ltr'><strong>vel</strong></span> <span class='ocrx_word' id='word_1_56' title='bbox 375 1017 546 1074; x_wconf 89' lang='lat' dir='ltr'><strong>solam</strong></span> <span class='ocrx_word' id='word_1_57' title='bbox 590 1016 711 1088; x_wconf 83' lang='lat' dir='ltr'><strong>ejus</strong></span> <span class='ocrx_word' id='word_1_58' title='bbox 750 1015 994 1082; x_wconf 90' lang='lat' dir='ltr'><strong>domum,</strong></span> <span class='ocrx_word' id='word_1_59' title='bbox 1043 1014 1142 1071; x_wconf 86' lang='lat' dir='ltr'><strong>sed</strong></span> <span class='ocrx_word' id='word_1_60' title='bbox 1184 1023 1240 1071; x_wconf 89' lang='lat' dir='ltr'><strong>et</strong></span> <span class='ocrx_word' id='word_1_61' title='bbox 1268 1012 1629 1080; x_wconf 71' lang='lat' dir='ltr'><strong>vestibulum;</strong></span> <span class='ocrx_word' id='word_1_62' title='bbox 1673 1028 1847 1083; x_wconf 88' lang='lat' dir='ltr'><strong>neque</strong></span> 
     </span>
    </p>
   </div>
   <div class='ocr_carea' id='block_1_9' title="bbox 239 1097 1848 1176">
    <p class='ocr_par' dir='ltr' id='par_1_9' title="bbox 239 1097 1848 1176">
     <span class='ocr_line' id='line_1_9' title="bbox 239 1097 1848 1176; baseline -0.005 -9"><span class='ocrx_word' id='word_1_63' title='bbox 239 1097 564 1167; x_wconf 73' lang='lat' dir='ltr'><strong>vestibulum</strong></span> <span class='ocrx_word' id='word_1_64' title='bbox 606 1117 811 1163; x_wconf 87' lang='lat' dir='ltr'><strong>tantum</strong></span> <span class='ocrx_word' id='word_1_65' title='bbox 852 1105 1076 1173; x_wconf 65' lang='lat' dir='ltr'><strong>mdium,</strong></span> <span class='ocrx_word' id='word_1_66' title='bbox 1123 1104 1220 1162; x_wconf 88' lang='lat' dir='ltr'><strong>sed</strong></span> <span class='ocrx_word' id='word_1_67' title='bbox 1269 1104 1353 1161; x_wconf 84' lang='lat' dir='ltr'><strong>vel</strong></span> <span class='ocrx_word' id='word_1_68' title='bbox 1378 1104 1718 1176; x_wconf 72' lang='lat' dir='ltr'><strong>angiportum</strong></span> <span class='ocrx_word' id='word_1_69' title='bbox 1762 1102 1848 1159; x_wconf 87' lang='lat' dir='ltr'><strong>vel</strong></span> 
     </span>
    </p>
   </div>
   <div class='ocr_carea' id='block_1_10' title="bbox 237 1192 1851 1267">
    <p class='ocr_par' dir='ltr' id='par_1_10' title="bbox 237 1192 1851 1267">
     <span class='ocr_line' id='line_1_10' title="bbox 237 1192 1851 1267; baseline -0.003 -13"><span class='ocrx_word' id='word_1_70' title='bbox 237 1196 444 1267; x_wconf 77' lang='lat' dir='ltr'><strong>vicum,</strong></span> <span class='ocrx_word' id='word_1_71' title='bbox 489 1208 542 1256; x_wconf 91' lang='lat' dir='ltr'><strong>et</strong></span> <span class='ocrx_word' id='word_1_72' title='bbox 585 1200 631 1256; x_wconf 92' lang='lat' dir='ltr'><strong>si</strong></span> <span class='ocrx_word' id='word_1_73' title='bbox 678 1198 762 1254; x_wconf 84' lang='lat' dir='ltr'><strong>vel</strong></span> <span class='ocrx_word' id='word_1_74' title='bbox 790 1206 1018 1262; x_wconf 88' lang='lat' dir='ltr'><strong>vestem,</strong></span> <span class='ocrx_word' id='word_1_75' title='bbox 1066 1196 1153 1253; x_wconf 86' lang='lat' dir='ltr'><strong>vel</strong></span> <span class='ocrx_word' id='word_1_76' title='bbox 1190 1196 1615 1251; x_wconf 78' lang='lat' dir='ltr'><strong>calceamentum</strong></span> <span class='ocrx_word' id='word_1_77' title='bbox 1654 1192 1851 1249; x_wconf 85' lang='lat' dir='ltr'><strong>viderit</strong></span> 
     </span>
    </p>
   </div>
   <div class='ocr_carea' id='block_1_11' title="bbox 235 1285 1849 1363">
    <p class='ocr_par' dir='ltr' id='par_1_11' title="bbox 235 1285 1849 1363">
     <span class='ocr_line' id='line_1_11' title="bbox 235 1285 1849 1363; baseline -0.004 -18"><span class='ocrx_word' id='word_1_78' title='bbox 235 1286 362 1363; x_wconf 79' lang='lat' dir='ltr'><strong>ejus</strong></span> <span class='ocrx_word' id='word_1_79' title='bbox 409 1304 570 1362; x_wconf 85' lang='lat' dir='ltr'><strong>quem</strong></span> <span class='ocrx_word' id='word_1_80' title='bbox 613 1297 779 1357; x_wconf 84' lang='lat' dir='ltr'><strong>amat,</strong></span> <span class='ocrx_word' id='word_1_81' title='bbox 806 1287 985 1359; x_wconf 89' lang='lat' dir='ltr'><strong>ipsum</strong></span> <span class='ocrx_word' id='word_1_82' title='bbox 1011 1301 1073 1343; x_wconf 90' lang='lat' dir='ltr'><strong>se</strong></span> <span class='ocrx_word' id='word_1_83' title='bbox 1120 1286 1305 1341; x_wconf 81' lang='lat' dir='ltr'><strong>videre</strong></span> <span class='ocrx_word' id='word_1_84' title='bbox 1343 1285 1636 1341; x_wconf 85' lang='lat' dir='ltr'><strong>arbitratur</strong></span> <span class='ocrx_word' id='word_1_85' title='bbox 1686 1298 1849 1355; x_wconf 83' lang='lat' dir='ltr'><strong>quem</strong></span> 
     </span>
    </p>
   </div>
   <div class='ocr_carea' id='block_1_12' title="bbox 236 1375 1849 1450">
    <p class='ocr_par' dir='ltr' id='par_1_12' title="bbox 236 1375 1849 1450">
     <span class='ocr_line' id='line_1_12' title="bbox 236 1375 1849 1450; baseline -0.006 -11"><span class='ocrx_word' id='word_1_86' title='bbox 236 1390 411 1439; x_wconf 86' lang='lat' dir='ltr'><strong>amat.</strong></span> <span class='ocrx_word' id='word_1_87' title='bbox 439 1381 532 1439; x_wconf 89' lang='lat' dir='ltr'><strong>Sic</strong></span> <span class='ocrx_word' id='word_1_88' title='bbox 557 1380 735 1437; x_wconf 65' lang='grc' dir='ltr'><strong>εποριὶ</strong></span> <span class='ocrx_word' id='word_1_89' title='bbox 774 1379 995 1437; x_wconf 87' lang='lat' dir='ltr'><strong>fuerunt</strong></span> <span class='ocrx_word' id='word_1_90' title='bbox 1035 1377 1309 1450; x_wconf 60' lang='lat' dir='ltr'><strong>prophetat</strong></span> <span class='ocrx_word' id='word_1_91' title='bbox 1339 1396 1354 1433; x_wconf 88' lang='lat'><strong>:</strong></span> <span class='ocrx_word' id='word_1_92' title='bbox 1383 1377 1636 1449; x_wconf 89' lang='lat' dir='ltr'><strong>quoniam</strong></span> <span class='ocrx_word' id='word_1_93' title='bbox 1679 1375 1849 1431; x_wconf 86' lang='lat' dir='ltr'><strong>Deum</strong></span> 
     </span>
    </p>
   </div>
   <div class='ocr_carea' id='block_1_13' title="bbox 238 1468 1852 1547">
    <p class='ocr_par' dir='ltr' id='par_1_13' title="bbox 238 1468 1852 1547">
     <span class='ocr_line' id='line_1_13' title="bbox 238 1468 1852 1547; baseline -0.007 -14"><span class='ocrx_word' id='word_1_94' title='bbox 238 1478 621 1547; x_wconf 78' lang='lat' dir='ltr'><strong>incorporeum</strong></span> <span class='ocrx_word' id='word_1_95' title='bbox 660 1488 767 1529; x_wconf 92' lang='lat' dir='ltr'><strong>non</strong></span> <span class='ocrx_word' id='word_1_96' title='bbox 798 1472 1069 1540; x_wconf 92' lang='lat' dir='ltr'><strong>videbant,</strong></span> <span class='ocrx_word' id='word_1_97' title='bbox 1099 1470 1321 1527; x_wconf 73' lang='lat' dir='ltr'><strong>domum</strong></span> <span class='ocrx_word' id='word_1_98' title='bbox 1363 1468 1639 1534; x_wconf 84' lang='lat' dir='ltr'><strong>videbant,</strong></span> <span class='ocrx_word' id='word_1_99' title='bbox 1671 1474 1726 1523; x_wconf 90' lang='lat' dir='ltr'><strong>et</strong></span> <span class='ocrx_word' id='word_1_100' title='bbox 1752 1480 1852 1537; x_wconf 87' lang='lat' dir='ltr'><strong>per</strong></span> 
     </span>
    </p>
   </div>
   <div class='ocr_carea' id='block_1_14' title="bbox 236 1557 1849 1637">
    <p class='ocr_par' dir='ltr' id='par_1_14' title="bbox 236 1557 1849 1637">
     <span class='ocr_line' id='line_1_14' title="bbox 236 1557 1849 1637; baseline -0.007 -13"><span class='ocrx_word' id='word_1_101' title='bbox 236 1564 466 1625; x_wconf 84' lang='lat' dir='ltr'><strong>domum</strong></span> <span class='ocrx_word' id='word_1_102' title='bbox 515 1571 840 1637; x_wconf 61' lang='lat' dir='ltr'><strong>praesentem</strong></span> <span class='ocrx_word' id='word_1_103' title='bbox 892 1562 1043 1618; x_wconf 88' lang='lat' dir='ltr'><strong>illum</strong></span> <span class='ocrx_word' id='word_1_104' title='bbox 1093 1575 1318 1618; x_wconf 87' lang='lat' dir='ltr'><strong>cernere</strong></span> <span class='ocrx_word' id='word_1_105' title='bbox 1359 1558 1461 1616; x_wconf 91' lang='lat' dir='ltr'><strong>sibi</strong></span> <span class='ocrx_word' id='word_1_106' title='bbox 1512 1557 1849 1614; x_wconf 88' lang='lat' dir='ltr'><strong>videbantur.</strong></span> 
     </span>
    </p>
   </div>
   <div class='ocr_carea' id='block_1_15' title="bbox 242 1646 1853 1732">
    <p class='ocr_par' dir='ltr' id='par_1_15' title="bbox 242 1646 1853 1732">
     <span class='ocr_line' id='line_1_15' title="bbox 242 1646 1853 1732; baseline -0.009 -17"><span class='ocrx_word' id='word_1_107' title='bbox 242 1652 395 1732; x_wconf 65' lang='lat' dir='ltr'><strong>Hegi</strong></span> <span class='ocrx_word' id='word_1_108' title='bbox 423 1657 648 1730; x_wconf 78' lang='lat' dir='ltr'><strong>abjertus</strong></span> <span class='ocrx_word' id='word_1_109' title='bbox 672 1672 782 1712; x_wconf 81' lang='lat' dir='ltr'><strong>esse</strong></span> <span class='ocrx_word' id='word_1_110' title='bbox 805 1656 857 1710; x_wconf 81' lang='lat' dir='ltr'><strong>in</strong></span> <span class='ocrx_word' id='word_1_111' title='bbox 887 1654 1040 1709; x_wconf 71' lang='lat' dir='ltr'><strong>domo</strong></span> <span class='ocrx_word' id='word_1_112' title='bbox 1067 1651 1167 1708; x_wconf 81' lang='lat' dir='ltr'><strong>Dei</strong></span> <span class='ocrx_word' id='word_1_113' title='bbox 1192 1652 1292 1707; x_wconf 79' lang='lat' dir='ltr'><strong>mei</strong></span> <span class='ocrx_word' id='word_1_114' title='bbox 1326 1650 1506 1723; x_wconf 78' lang='lat' dir='ltr'><strong>magis,</strong></span> <span class='ocrx_word' id='word_1_115' title='bbox 1532 1664 1684 1719; x_wconf 79' lang='lat' dir='ltr'><strong>quam</strong></span> <span class='ocrx_word' id='word_1_116' title='bbox 1707 1646 1853 1702; x_wconf 75' lang='lat' dir='ltr'><strong>habi-</strong></span> 
     </span>
    </p>
   </div>
   <div class='ocr_carea' id='block_1_16' title="bbox 241 1737 1853 1818">
    <p class='ocr_par' dir='ltr' id='par_1_16' title="bbox 241 1737 1853 1818">
     <span class='ocr_line' id='line_1_16' title="bbox 241 1737 1853 1818; baseline -0.008 -12"><span class='ocrx_word' id='word_1_117' title='bbox 241 1750 429 1807; x_wconf 73' lang='lat' dir='ltr'><strong>tarent</strong></span> <span class='ocrx_word' id='word_1_118' title='bbox 467 1746 806 1803; x_wconf 74' lang='lat' dir='ltr'><strong>tabernaculis</strong></span> <span class='ocrx_word' id='word_1_119' title='bbox 835 1755 1176 1818; x_wconf 72' lang='lat' dir='ltr'><strong>peccatorum.</strong></span> <span class='ocrx_word' id='word_1_120' title='bbox 1206 1742 1392 1813; x_wconf 89' lang='lat' dir='ltr'><strong>Quivis</strong></span> <span class='ocrx_word' id='word_1_121' title='bbox 1429 1741 1600 1808; x_wconf 88' lang='lat' dir='ltr'><strong>locus,</strong></span> <span class='ocrx_word' id='word_1_122' title='bbox 1626 1737 1853 1812; x_wconf 88' lang='lat' dir='ltr'><strong>quodvis</strong></span> 
     </span>
    </p>
   </div>
   <div class='ocr_carea' id='block_1_17' title="bbox 243 1834 1865 1916">
    <p class='ocr_par' dir='ltr' id='par_1_17' title="bbox 243 1834 1865 1916">
     <span class='ocr_line' id='line_1_17' title="bbox 243 1834 1865 1916; baseline -0.006 -16"><span class='ocrx_word' id='word_1_123' title='bbox 243 1841 479 1916; x_wconf 80' lang='lat' dir='ltr'><strong>spatium</strong></span> <span class='ocrx_word' id='word_1_124' title='bbox 506 1856 631 1898; x_wconf 87' lang='lat' dir='ltr'><strong>cum</strong></span> <span class='ocrx_word' id='word_1_125' title='bbox 657 1839 821 1896; x_wconf 90' lang='lat' dir='ltr'><strong>domo</strong></span> <span class='ocrx_word' id='word_1_126' title='bbox 839 1839 934 1896; x_wconf 91' lang='lat' dir='ltr'><strong>Dei</strong></span> <span class='ocrx_word' id='word_1_127' title='bbox 956 1844 1324 1908; x_wconf 54' lang='lat' dir='ltr'><strong>commntum</strong></span> <span class='ocrx_word' id='word_1_128' title='bbox 1346 1834 1749 1892; x_wconf 78' lang='lat' dir='ltr'><strong>tabernaculum</strong></span> <span class='ocrx_word' id='word_1_129' title='bbox 1766 1838 1865 1890; x_wconf 82' lang='lat' dir='ltr'><strong>est‘</strong></span> 
     </span>
    </p>
   </div>
   <div class='ocr_carea' id='block_1_18' title="bbox 242 1928 1855 2011">
    <p class='ocr_par' dir='ltr' id='par_1_18' title="bbox 242 1928 1855 2011">
     <span class='ocr_line' id='line_1_18' title="bbox 242 1928 1855 2011; baseline -0.007 -16"><span class='ocrx_word' id='word_1_130' title='bbox 242 1940 616 2011; x_wconf 83' lang='lat' dir='ltr'><strong>peccatorum.</strong></span> <span class='ocrx_word' id='word_1_131' title='bbox 654 1936 769 1993; x_wconf 83' lang='lat' dir='ltr'><strong>sive</strong></span> <span class='ocrx_word' id='word_1_132' title='bbox 807 1933 983 1991; x_wconf 85' lang='lat' dir='ltr'><strong>forum</strong></span> <span class='ocrx_word' id='word_1_133' title='bbox 1028 1933 1255 2001; x_wconf 80' lang='lat' dir='ltr'><strong>dixeris,</strong></span> <span class='ocrx_word' id='word_1_134' title='bbox 1304 1932 1419 1989; x_wconf 89' lang='lat' dir='ltr'><strong>sive</strong></span> <span class='ocrx_word' id='word_1_135' title='bbox 1467 1930 1695 1997; x_wconf 86' lang='lat' dir='ltr'><strong>curiam,</strong></span> <span class='ocrx_word' id='word_1_136' title='bbox 1741 1928 1855 1985; x_wconf 81' lang='lat' dir='ltr'><strong>sive</strong></span> 
     </span>
    </p>
   </div>
   <div class='ocr_carea' id='block_1_19' title="bbox 212 2022 1854 2102">
    <p class='ocr_par' dir='ltr' id='par_1_19' title="bbox 212 2022 1854 2102">
     <span class='ocr_line' id='line_1_19' title="bbox 212 2022 1854 2102; baseline -0.007 -14"><span class='ocrx_word' id='word_1_137' title='bbox 212 2032 467 2102; x_wconf 59' lang='lat' dir='ltr'><strong>domum</strong></span> <span class='ocrx_word' id='word_1_138' title='bbox 490 2029 850 2102; x_wconf 87' lang='lat' dir='ltr'><strong>singulorum.</strong></span> <span class='ocrx_word' id='word_1_139' title='bbox 874 2027 1023 2083; x_wconf 84' lang='lat' dir='ltr'><strong>Licet</strong></span> <span class='ocrx_word' id='word_1_140' title='bbox 1040 2027 1185 2083; x_wconf 89' lang='lat' dir='ltr'><strong>enim</strong></span> <span class='ocrx_word' id='word_1_141' title='bbox 1212 2040 1401 2097; x_wconf 81' lang='lat' dir='ltr'><strong>preces</strong></span> <span class='ocrx_word' id='word_1_142' title='bbox 1426 2024 1535 2080; x_wconf 91' lang='lat' dir='ltr'><strong>illic</strong></span> <span class='ocrx_word' id='word_1_143' title='bbox 1560 2022 1711 2088; x_wconf 78' lang='lat' dir='ltr'><strong>ﬂant,</strong></span> <span class='ocrx_word' id='word_1_144' title='bbox 1729 2022 1854 2079; x_wconf 90' lang='lat' dir='ltr'><strong>licet</strong></span> 
     </span>
    </p>
   </div>
   <div class='ocr_carea' id='block_1_20' title="bbox 241 2120 1856 2197">
    <p class='ocr_par' dir='ltr' id='par_1_20' title="bbox 241 2120 1856 2197">
     <span class='ocr_line' id='line_1_20' title="bbox 241 2120 1856 2197; baseline -0.005 -15"><span class='ocrx_word' id='word_1_145' title='bbox 241 2123 691 2197; x_wconf 88' lang='lat' dir='ltr'><strong>supplicationes,</strong></span> <span class='ocrx_word' id='word_1_146' title='bbox 724 2132 906 2178; x_wconf 90' lang='lat' dir='ltr'><strong>tamen</strong></span> <span class='ocrx_word' id='word_1_147' title='bbox 937 2121 1050 2177; x_wconf 90' lang='lat' dir='ltr'><strong>illic</strong></span> <span class='ocrx_word' id='word_1_148' title='bbox 1074 2120 1451 2177; x_wconf 87' lang='lat' dir='ltr'><strong>contentiones</strong></span> <span class='ocrx_word' id='word_1_149' title='bbox 1479 2127 1534 2175; x_wconf 91' lang='lat' dir='ltr'><strong>et</strong></span> <span class='ocrx_word' id='word_1_150' title='bbox 1568 2131 1775 2191; x_wconf 87' lang='lat' dir='ltr'><strong>pugnas</strong></span> <span class='ocrx_word' id='word_1_151' title='bbox 1799 2125 1856 2174; x_wconf 91' lang='lat' dir='ltr'><strong>et</strong></span> 
     </span>
    </p>
   </div>
   <div class='ocr_carea' id='block_1_21' title="bbox 242 2210 1856 2285">
    <p class='ocr_par' dir='ltr' id='par_1_21' title="bbox 242 2210 1856 2285">
     <span class='ocr_line' id='line_1_21' title="bbox 242 2210 1856 2285; baseline -0.004 -11"><span class='ocrx_word' id='word_1_152' title='bbox 242 2217 531 2284; x_wconf 83' lang='lat' dir='ltr'><strong>convicia,</strong></span> <span class='ocrx_word' id='word_1_153' title='bbox 579 2224 987 2285; x_wconf 75' lang='lat' dir='ltr'><strong>conventusque</strong></span> <span class='ocrx_word' id='word_1_154' title='bbox 1033 2212 1149 2269; x_wconf 86' lang='lat' dir='ltr'><strong>fieri</strong></span> <span class='ocrx_word' id='word_1_155' title='bbox 1206 2212 1275 2270; x_wconf 89' lang='lat' dir='ltr'><strong>de</strong></span> <span class='ocrx_word' id='word_1_156' title='bbox 1320 2211 1668 2277; x_wconf 70' lang='lat' dir='ltr'><strong>molaribus</strong></span> <span class='ocrx_word' id='word_1_157' title='bbox 1710 2210 1856 2267; x_wconf 86' lang='lat' dir='ltr'><strong>euris</strong></span> 
     </span>
    </p>
   </div>
   <div class='ocr_carea' id='block_1_22' title="bbox 246 2301 1853 2365">
    <p class='ocr_par' dir='ltr' id='par_1_22' title="bbox 246 2301 1853 2365">
     <span class='ocr_line' id='line_1_22' title="bbox 246 2301 1853 2365; baseline -0.005 0"><span class='ocrx_word' id='word_1_158' title='bbox 246 2322 477 2365; x_wconf 73' lang='lat' dir='ltr'><strong>necesse</strong></span> <span class='ocrx_word' id='word_1_159' title='bbox 501 2315 585 2363; x_wconf 89' lang='lat' dir='ltr'><strong>est</strong></span> <span class='ocrx_word' id='word_1_160' title='bbox 608 2325 621 2361; x_wconf 90' lang='lat'>:</span> <span class='ocrx_word' id='word_1_161' title='bbox 644 2316 698 2362; x_wconf 91' lang='lat' dir='ltr'><strong>at</strong></span> <span class='ocrx_word' id='word_1_162' title='bbox 723 2305 812 2361; x_wconf 88' lang='lat' dir='ltr'><strong>hic</strong></span> <span class='ocrx_word' id='word_1_163' title='bbox 831 2305 983 2361; x_wconf 88' lang='lat' dir='ltr'><strong>locus</strong></span> <span class='ocrx_word' id='word_1_164' title='bbox 997 2303 1066 2359; x_wconf 91' lang='lat' dir='ltr'><strong>ab</strong></span> <span class='ocrx_word' id='word_1_165' title='bbox 1093 2304 1175 2359; x_wconf 83' lang='lat' dir='ltr'><strong>his</strong></span> <span class='ocrx_word' id='word_1_166' title='bbox 1196 2303 1448 2359; x_wconf 89' lang='lat' dir='ltr'><strong>omnibus</strong></span> <span class='ocrx_word' id='word_1_167' title='bbox 1466 2311 1551 2358; x_wconf 87' lang='lat' dir='ltr'><strong>est</strong></span> <span class='ocrx_word' id='word_1_168' title='bbox 1569 2301 1853 2363; x_wconf 79' lang='lat' dir='ltr'><strong>immunis:</strong></span> 
     </span>
    </p>
   </div>
   <div class='ocr_carea' id='block_1_23' title="bbox 248 2393 1847 2472">
    <p class='ocr_par' dir='ltr' id='par_1_23' title="bbox 248 2393 1847 2472">
     <span class='ocr_line' id='line_1_23' title="bbox 248 2393 1847 2472; baseline -0.004 -16"><span class='ocrx_word' id='word_1_169' title='bbox 248 2407 537 2472; x_wconf 81' lang='lat' dir='ltr'><strong>prepterea</strong></span> <span class='ocrx_word' id='word_1_170' title='bbox 566 2406 913 2471; x_wconf 75' lang='lat' dir='ltr'><strong>peccatorum</strong></span> <span class='ocrx_word' id='word_1_171' title='bbox 942 2394 1158 2468; x_wconf 87' lang='lat' dir='ltr'><strong>quidem</strong></span> <span class='ocrx_word' id='word_1_172' title='bbox 1187 2395 1278 2451; x_wconf 89' lang='lat' dir='ltr'><strong>illa</strong></span> <span class='ocrx_word' id='word_1_173' title='bbox 1303 2404 1429 2452; x_wconf 85' lang='lat' dir='ltr'><strong>sunt</strong></span> <span class='ocrx_word' id='word_1_174' title='bbox 1470 2393 1805 2451; x_wconf 85' lang='lat' dir='ltr'><strong>tabernacula</strong></span> <span class='ocrx_word' id='word_1_175' title='bbox 1829 2436 1847 2463; x_wconf 98' lang='lat'><strong>,</strong></span> 
     </span>
    </p>
   </div>
   <div class='ocr_carea' id='block_1_24' title="bbox 247 2484 1853 2557">
    <p class='ocr_par' dir='ltr' id='par_1_24' title="bbox 247 2484 1853 2557">
     <span class='ocr_line' id='line_1_24' title="bbox 247 2484 1853 2557; baseline -0.007 -8"><span class='ocrx_word' id='word_1_176' title='bbox 247 2489 370 2549; x_wconf 59' lang='lat' dir='ltr'><strong>hac</strong></span> <span class='ocrx_word' id='word_1_177' title='bbox 394 2504 525 2547; x_wconf 87' lang='lat' dir='ltr'><strong>vero</strong></span> <span class='ocrx_word' id='word_1_178' title='bbox 553 2489 747 2545; x_wconf 90' lang='lat' dir='ltr'><strong>domus</strong></span> <span class='ocrx_word' id='word_1_179' title='bbox 773 2494 856 2543; x_wconf 86' lang='lat' dir='ltr'><strong>est</strong></span> <span class='ocrx_word' id='word_1_180' title='bbox 885 2486 980 2543; x_wconf 90' lang='lat' dir='ltr'><strong>Dei</strong></span> <span class='ocrx_word' id='word_1_181' title='bbox 1012 2504 1026 2541; x_wconf 91' lang='lat'><strong>:</strong></span> <span class='ocrx_word' id='word_1_182' title='bbox 1053 2494 1108 2543; x_wconf 86' lang='lat' dir='ltr'><strong>et</strong></span> <span class='ocrx_word' id='word_1_183' title='bbox 1135 2484 1586 2557; x_wconf 81' lang='lat' dir='ltr'><strong>quemadmodum</strong></span> <span class='ocrx_word' id='word_1_184' title='bbox 1618 2493 1803 2555; x_wconf 89' lang='lat' dir='ltr'><strong>portus</strong></span> <span class='ocrx_word' id='word_1_185' title='bbox 1820 2499 1853 2538; x_wconf 85' lang='lat' dir='ltr'><strong>a</strong></span> 
     </span>
    </p>
   </div>
   <div class='ocr_carea' id='block_1_25' title="bbox 244 2577 1860 2645">
    <p class='ocr_par' dir='ltr' id='par_1_25' title="bbox 244 2577 1860 2645">
     <span class='ocr_line' id='line_1_25' title="bbox 244 2577 1860 2645; baseline -0.007 -2"><span class='ocrx_word' id='word_1_186' title='bbox 244 2585 509 2645; x_wconf 77' lang='lat' dir='ltr'><strong>ventiset</strong></span> <span class='ocrx_word' id='word_1_187' title='bbox 534 2579 783 2640; x_wconf 81' lang='lat' dir='ltr'><strong>ﬂuctibus</strong></span> <span class='ocrx_word' id='word_1_188' title='bbox 819 2579 960 2636; x_wconf 91' lang='lat' dir='ltr'><strong>liber</strong></span> <span class='ocrx_word' id='word_1_189' title='bbox 995 2578 1219 2636; x_wconf 87' lang='lat' dir='ltr'><strong>multam</strong></span> <span class='ocrx_word' id='word_1_190' title='bbox 1248 2578 1474 2635; x_wconf 84' lang='lat' dir='ltr'><strong>navibus</strong></span> <span class='ocrx_word' id='word_1_191' title='bbox 1498 2578 1551 2633; x_wconf 88' lang='lat' dir='ltr'><strong>in</strong></span> <span class='ocrx_word' id='word_1_192' title='bbox 1581 2592 1650 2635; x_wconf 92' lang='lat' dir='ltr'><strong>eo</strong></span> <span class='ocrx_word' id='word_1_193' title='bbox 1673 2577 1860 2633; x_wconf 87' lang='lat' dir='ltr'><strong>statio-</strong></span> 
     </span>
    </p>
   </div>
   <div class='ocr_carea' id='block_1_26' title="bbox 248 2669 1860 2745">
    <p class='ocr_par' dir='ltr' id='par_1_26' title="bbox 248 2669 1860 2745">
     <span class='ocr_line' id='line_1_26' title="bbox 248 2669 1860 2745; baseline -0.004 -12"><span class='ocrx_word' id='word_1_194' title='bbox 248 2680 378 2733; x_wconf 85' lang='lat' dir='ltr'><strong>nem</strong></span> <span class='ocrx_word' id='word_1_195' title='bbox 403 2674 727 2745; x_wconf 89' lang='lat' dir='ltr'><strong>eligentibus</strong></span> <span class='ocrx_word' id='word_1_196' title='bbox 770 2670 977 2744; x_wconf 62' lang='lat' dir='ltr'><strong>praebet</strong></span> <span class='ocrx_word' id='word_1_197' title='bbox 1002 2671 1368 2736; x_wconf 80' lang='lat' dir='ltr'><strong>securitatem,</strong></span> <span class='ocrx_word' id='word_1_198' title='bbox 1395 2674 1475 2726; x_wconf 88' lang='lat' dir='ltr'><strong>sle</strong></span> <span class='ocrx_word' id='word_1_199' title='bbox 1519 2669 1772 2725; x_wconf 91' lang='lat' dir='ltr'><strong>nimirum</strong></span> <span class='ocrx_word' id='word_1_200' title='bbox 1802 2677 1860 2726; x_wconf 89' lang='lat' dir='ltr'><strong>et</strong></span> 
     </span>
    </p>
   </div>
   <div class='ocr_carea' id='block_1_27' title="bbox 251 2760 1860 2834">
    <p class='ocr_par' dir='ltr' id='par_1_27' title="bbox 251 2760 1860 2834">
     <span class='ocr_line' id='line_1_27' title="bbox 251 2760 1860 2834; baseline -0.006 -11"><span class='ocrx_word' id='word_1_201' title='bbox 251 2765 351 2823; x_wconf 75' lang='lat' dir='ltr'><strong>Dei</strong></span> <span class='ocrx_word' id='word_1_202' title='bbox 378 2763 573 2821; x_wconf 88' lang='lat' dir='ltr'><strong>domus</strong></span> <span class='ocrx_word' id='word_1_203' title='bbox 598 2774 868 2834; x_wconf 79' lang='lat' dir='ltr'><strong>tamquam</strong></span> <span class='ocrx_word' id='word_1_204' title='bbox 894 2761 963 2818; x_wconf 90' lang='lat' dir='ltr'><strong>ab</strong></span> <span class='ocrx_word' id='word_1_205' title='bbox 987 2769 1338 2818; x_wconf 73' lang='lat' dir='ltr'><strong>externorum</strong></span> <span class='ocrx_word' id='word_1_206' title='bbox 1364 2760 1701 2831; x_wconf 77' lang='lat' dir='ltr'><strong>negotiorum</strong></span> <span class='ocrx_word' id='word_1_207' title='bbox 1726 2768 1860 2814; x_wconf 86' lang='lat' dir='ltr'><strong>tem-</strong></span> 
     </span>
    </p>
   </div>
   <div class='ocr_carea' id='block_1_28' title="bbox 246 2850 1858 2930">
    <p class='ocr_par' dir='ltr' id='par_1_28' title="bbox 246 2850 1858 2930">
     <span class='ocr_line' id='line_1_28' title="bbox 246 2850 1858 2930; baseline -0.005 -17"><span class='ocrx_word' id='word_1_208' title='bbox 246 2864 464 2930; x_wconf 83' lang='lat' dir='ltr'><strong>pestate</strong></span> <span class='ocrx_word' id='word_1_209' title='bbox 501 2856 753 2924; x_wconf 85' lang='lat' dir='ltr'><strong>abreptos</strong></span> <span class='ocrx_word' id='word_1_210' title='bbox 779 2869 897 2922; x_wconf 85' lang='lat' dir='ltr'><strong>eos,</strong></span> <span class='ocrx_word' id='word_1_211' title='bbox 924 2853 1018 2923; x_wconf 86' lang='lat' dir='ltr'><strong>qui</strong></span> <span class='ocrx_word' id='word_1_212' title='bbox 1061 2852 1400 2919; x_wconf 82' lang='lat' dir='ltr'><strong>intraverint,</strong></span> <span class='ocrx_word' id='word_1_213' title='bbox 1430 2852 1481 2906; x_wconf 91' lang='lat' dir='ltr'><strong>in</strong></span> <span class='ocrx_word' id='word_1_214' title='bbox 1513 2850 1681 2906; x_wconf 85' lang='lat' dir='ltr'><strong>multa</strong></span> <span class='ocrx_word' id='word_1_215' title='bbox 1710 2852 1858 2907; x_wconf 82' lang='lat' dir='ltr'><strong>tran—</strong></span> 
     </span>
    </p>
   </div>
   <div class='ocr_carea' id='block_1_29' title="bbox 247 2943 1859 3022">
    <p class='ocr_par' dir='ltr' id='par_1_29' title="bbox 247 2943 1859 3022">
     <span class='ocr_line' id='line_1_29' title="bbox 247 2943 1859 3022; baseline -0.004 -17"><span class='ocrx_word' id='word_1_216' title='bbox 247 2948 516 3022; x_wconf 70' lang='lat' dir='ltr'><strong>quillitate</strong></span> <span class='ocrx_word' id='word_1_217' title='bbox 540 2948 772 3003; x_wconf 71' lang='lat' dir='ltr'><strong>coilocat</strong></span> <span class='ocrx_word' id='word_1_218' title='bbox 797 2954 854 3002; x_wconf 88' lang='lat' dir='ltr'><strong>et</strong></span> <span class='ocrx_word' id='word_1_219' title='bbox 876 2945 1188 3011; x_wconf 84' lang='lat' dir='ltr'><strong>securitate,</strong></span> <span class='ocrx_word' id='word_1_220' title='bbox 1210 2958 1594 3013; x_wconf 88' lang='lat' dir='ltr'><strong>sacrorumque</strong></span> <span class='ocrx_word' id='word_1_221' title='bbox 1613 2943 1859 3015; x_wconf 88' lang='lat' dir='ltr'><strong>eloquio-</strong></span> 
     </span>
    </p>
   </div>
   <div class='ocr_carea' id='block_1_30' title="bbox 232 3035 1864 3111">
    <p class='ocr_par' dir='ltr' id='par_1_30' title="bbox 232 3035 1864 3111">
     <span class='ocr_line' id='line_1_30' title="bbox 232 3035 1864 3111; baseline -0.006 -11"><span class='ocrx_word' id='word_1_222' title='bbox 232 3058 374 3100; x_wconf 43' lang='lat' dir='ltr'><strong>»rum</strong></span> <span class='ocrx_word' id='word_1_223' title='bbox 420 3041 709 3097; x_wconf 79' lang='lat' dir='ltr'><strong>auditionis</strong></span> <span class='ocrx_word' id='word_1_224' title='bbox 752 3039 1040 3111; x_wconf 85' lang='lat' dir='ltr'><strong>participes</strong></span> <span class='ocrx_word' id='word_1_225' title='bbox 1082 3036 1267 3094; x_wconf 85' lang='lat' dir='ltr'><strong>efficit.</strong></span> <span class='ocrx_word' id='word_1_226' title='bbox 1318 3036 1417 3093; x_wconf 84' lang='lat' dir='ltr'><strong>ilic</strong></span> <span class='ocrx_word' id='word_1_227' title='bbox 1459 3037 1609 3093; x_wconf 90' lang='lat' dir='ltr'><strong>locus</strong></span> <span class='ocrx_word' id='word_1_228' title='bbox 1647 3035 1864 3092; x_wconf 90' lang='lat' dir='ltr'><strong>virtutis</strong></span> 
     </span>
    </p>
   </div>
   <div class='ocr_carea' id='block_1_31' title="bbox 246 3127 1861 3204">
    <p class='ocr_par' dir='ltr' id='par_1_31' title="bbox 246 3127 1861 3204">
     <span class='ocr_line' id='line_1_31' title="bbox 246 3127 1861 3204; baseline -0.005 -12"><span class='ocrx_word' id='word_1_229' title='bbox 246 3144 338 3193; x_wconf 80' lang='lat' dir='ltr'><strong>est</strong></span> <span class='ocrx_word' id='word_1_230' title='bbox 370 3133 606 3200; x_wconf 80' lang='lat' dir='ltr'><strong>occasio,</strong></span> <span class='ocrx_word' id='word_1_231' title='bbox 652 3130 1007 3204; x_wconf 65' lang='lat' dir='ltr'><strong>philosophiae</strong></span> <span class='ocrx_word' id='word_1_232' title='bbox 1034 3129 1220 3186; x_wconf 84' lang='lat' dir='ltr'><strong>schola</strong></span> <span class='ocrx_word' id='word_1_233' title='bbox 1250 3148 1263 3184; x_wconf 89' lang='lat'><strong>:</strong></span> <span class='ocrx_word' id='word_1_234' title='bbox 1298 3144 1407 3185; x_wconf 89' lang='lat' dir='ltr'><strong>non</strong></span> <span class='ocrx_word' id='word_1_235' title='bbox 1433 3130 1486 3185; x_wconf 92' lang='lat' dir='ltr'><strong>in</strong></span> <span class='ocrx_word' id='word_1_236' title='bbox 1511 3127 1738 3185; x_wconf 89' lang='lat' dir='ltr'><strong>collecta</strong></span> <span class='ocrx_word' id='word_1_237' title='bbox 1768 3142 1861 3184; x_wconf 82' lang='lat' dir='ltr'><strong>so-</strong></span> 
     </span>
    </p>
   </div>
   <div class='ocr_carea' id='block_1_32' title="bbox 252 3218 1862 3293">
    <p class='ocr_par' dir='ltr' id='par_1_32' title="bbox 252 3218 1862 3293">
     <span class='ocr_line' id='line_1_32' title="bbox 252 3218 1862 3293; baseline -0.005 -10"><span class='ocrx_word' id='word_1_238' title='bbox 252 3227 394 3293; x_wconf 87' lang='lat' dir='ltr'><strong>lum,</strong></span> <span class='ocrx_word' id='word_1_239' title='bbox 423 3227 550 3281; x_wconf 90' lang='lat' dir='ltr'><strong>dum</strong></span> <span class='ocrx_word' id='word_1_240' title='bbox 595 3223 889 3293; x_wconf 73' lang='lat' dir='ltr'><strong>Scriptum</strong></span> <span class='ocrx_word' id='word_1_241' title='bbox 930 3236 1102 3278; x_wconf 72' lang='lat' dir='ltr'><strong>sacra:</strong></span> <span class='ocrx_word' id='word_1_242' title='bbox 1156 3220 1469 3287; x_wconf 82' lang='lat' dir='ltr'><strong>recitantur,</strong></span> <span class='ocrx_word' id='word_1_243' title='bbox 1520 3228 1577 3277; x_wconf 88' lang='lat' dir='ltr'><strong>et</strong></span> <span class='ocrx_word' id='word_1_244' title='bbox 1618 3218 1862 3276; x_wconf 84' lang='lat' dir='ltr'><strong>doctrina</strong></span> 
     </span>
    </p>
   </div>
   <div class='ocr_carea' id='block_1_33' title="bbox 249 3313 1863 3391">
    <p class='ocr_par' dir='ltr' id='par_1_33' title="bbox 249 3313 1863 3391">
     <span class='ocr_line' id='line_1_33' title="bbox 249 3313 1863 3391; baseline -0.006 -15"><span class='ocrx_word' id='word_1_245' title='bbox 249 3318 552 3391; x_wconf 84' lang='lat' dir='ltr'><strong>spiritualis</strong></span> <span class='ocrx_word' id='word_1_246' title='bbox 576 3316 883 3388; x_wconf 78' lang='lat' dir='ltr'><strong>porrigitur,</strong></span> <span class='ocrx_word' id='word_1_247' title='bbox 912 3330 976 3371; x_wconf 88' lang='lat' dir='ltr'><strong>ac</strong></span> <span class='ocrx_word' id='word_1_248' title='bbox 1004 3313 1435 3371; x_wconf 83' lang='lat' dir='ltr'><strong>venerandorum</strong></span> <span class='ocrx_word' id='word_1_249' title='bbox 1466 3321 1674 3385; x_wconf 86' lang='lat' dir='ltr'><strong>patrum</strong></span> <span class='ocrx_word' id='word_1_250' title='bbox 1700 3327 1863 3369; x_wconf 85' lang='lat' dir='ltr'><strong>sena-</strong></span> 
     </span>
    </p>
   </div>
   <div class='ocr_carea' id='block_1_34' title="bbox 255 3405 1863 3480">
    <p class='ocr_par' dir='ltr' id='par_1_34' title="bbox 255 3405 1863 3480">
     <span class='ocr_line' id='line_1_34' title="bbox 255 3405 1863 3480; baseline -0.003 -14"><span class='ocrx_word' id='word_1_251' title='bbox 255 3423 347 3467; x_wconf 89' lang='lat' dir='ltr'><strong>tus</strong></span> <span class='ocrx_word' id='word_1_252' title='bbox 372 3408 551 3465; x_wconf 87' lang='lat' dir='ltr'><strong>adstat</strong></span> <span class='ocrx_word' id='word_1_253' title='bbox 581 3427 595 3463; x_wconf 91' lang='lat'><strong>:</strong></span> <span class='ocrx_word' id='word_1_254' title='bbox 625 3408 723 3465; x_wconf 85' lang='lat' dir='ltr'><strong>sed</strong></span> <span class='ocrx_word' id='word_1_255' title='bbox 750 3408 941 3480; x_wconf 91' lang='lat' dir='ltr'><strong>quovis</strong></span> <span class='ocrx_word' id='word_1_256' title='bbox 963 3406 1126 3463; x_wconf 90' lang='lat' dir='ltr'><strong>etiam</strong></span> <span class='ocrx_word' id='word_1_257' title='bbox 1166 3405 1374 3478; x_wconf 89' lang='lat' dir='ltr'><strong>reliquo</strong></span> <span class='ocrx_word' id='word_1_258' title='bbox 1401 3414 1667 3478; x_wconf 88' lang='lat' dir='ltr'><strong>tempore,</strong></span> <span class='ocrx_word' id='word_1_259' title='bbox 1695 3406 1863 3462; x_wconf 84' lang='lat' dir='ltr'><strong>vesti-</strong></span> 
     </span>
    </p>
   </div>
   <div class='ocr_carea' id='block_1_35' title="bbox 252 3498 1863 3572">
    <p class='ocr_par' dir='ltr' id='par_1_35' title="bbox 252 3498 1863 3572">
     <span class='ocr_line' id='line_1_35' title="bbox 252 3498 1863 3572; baseline -0.002 -13"><span class='ocrx_word' id='word_1_260' title='bbox 252 3499 385 3559; x_wconf 78' lang='lat' dir='ltr'><strong>bula</strong></span> <span class='ocrx_word' id='word_1_261' title='bbox 414 3510 621 3557; x_wconf 89' lang='lat' dir='ltr'><strong>tantum</strong></span> <span class='ocrx_word' id='word_1_262' title='bbox 651 3499 954 3572; x_wconf 85' lang='lat' dir='ltr'><strong>ingredere,</strong></span> <span class='ocrx_word' id='word_1_263' title='bbox 987 3506 1100 3555; x_wconf 90' lang='lat' dir='ltr'><strong>tum</strong></span> <span class='ocrx_word' id='word_1_264' title='bbox 1131 3506 1186 3554; x_wconf 89' lang='lat' dir='ltr'><strong>ttt</strong></span> <span class='ocrx_word' id='word_1_265' title='bbox 1212 3498 1391 3555; x_wconf 91' lang='lat' dir='ltr'><strong>subito</strong></span> <span class='ocrx_word' id='word_1_266' title='bbox 1430 3498 1716 3555; x_wconf 64' lang='lat' dir='ltr'><strong>saeculares</strong></span> <span class='ocrx_word' id='word_1_267' title='bbox 1741 3512 1863 3555; x_wconf 87' lang='lat' dir='ltr'><strong>om-</strong></span> 
     </span>
    </p>
   </div>
   <div class='ocr_carea' id='block_1_36' title="bbox 255 3590 1865 3664">
    <p class='ocr_par' dir='ltr' id='par_1_36' title="bbox 255 3590 1865 3664">
     <span class='ocr_line' id='line_1_36' title="bbox 255 3590 1865 3664; baseline -0.004 -13"><span class='ocrx_word' id='word_1_268' title='bbox 255 3608 357 3651; x_wconf 87' lang='lat' dir='ltr'><strong>nes</strong></span> <span class='ocrx_word' id='word_1_269' title='bbox 392 3607 552 3650; x_wconf 82' lang='lat' dir='ltr'><strong>curas</strong></span> <span class='ocrx_word' id='word_1_270' title='bbox 580 3591 842 3664; x_wconf 83' lang='lat' dir='ltr'><strong>depones.</strong></span> <span class='ocrx_word' id='word_1_271' title='bbox 883 3590 1026 3647; x_wconf 88' lang='lat' dir='ltr'><strong>Intra</strong></span> <span class='ocrx_word' id='word_1_272' title='bbox 1052 3592 1106 3646; x_wconf 92' lang='lat' dir='ltr'><strong>in</strong></span> <span class='ocrx_word' id='word_1_273' title='bbox 1135 3590 1477 3657; x_wconf 84' lang='lat' dir='ltr'><strong>vestibulum,</strong></span> <span class='ocrx_word' id='word_1_274' title='bbox 1509 3600 1564 3647; x_wconf 92' lang='lat' dir='ltr'><strong>et</strong></span> <span class='ocrx_word' id='word_1_275' title='bbox 1593 3599 1865 3662; x_wconf 86' lang='lat' dir='ltr'><strong>tamquam</strong></span> 
     </span>
    </p>
   </div>
   <div class='ocr_carea' id='block_1_37' title="bbox 254 3680 1866 3756">
    <p class='ocr_par' dir='ltr' id='par_1_37' title="bbox 254 3680 1866 3756">
     <span class='ocr_line' id='line_1_37' title="bbox 254 3680 1866 3756; baseline -0.001 -15"><span class='ocrx_word' id='word_1_276' title='bbox 254 3700 390 3741; x_wconf 84' lang='lat' dir='ltr'><strong>aura</strong></span> <span class='ocrx_word' id='word_1_277' title='bbox 419 3684 665 3756; x_wconf 65' lang='lat' dir='ltr'><strong>quaedam</strong></span> <span class='ocrx_word' id='word_1_278' title='bbox 703 3680 998 3756; x_wconf 85' lang='lat' dir='ltr'><strong>spiritualis</strong></span> <span class='ocrx_word' id='word_1_279' title='bbox 1026 3684 1261 3740; x_wconf 88' lang='lat' dir='ltr'><strong>animam</strong></span> <span class='ocrx_word' id='word_1_280' title='bbox 1298 3693 1443 3740; x_wconf 87' lang='lat' dir='ltr'><strong>tuam</strong></span> <span class='ocrx_word' id='word_1_281' title='bbox 1471 3682 1693 3739; x_wconf 79' lang='lat' dir='ltr'><strong>amabit.</strong></span> <span class='ocrx_word' id='word_1_282' title='bbox 1737 3682 1866 3739; x_wconf 62' lang='lat' dir='ltr'><strong>Haec</strong></span> 
     </span>
    </p>
   </div>
   <div class='ocr_carea' id='block_1_38' title="bbox 257 3776 1862 3849">
    <p class='ocr_par' dir='ltr' id='par_1_38' title="bbox 257 3776 1862 3849">
     <span class='ocr_line' id='line_1_38' title="bbox 257 3776 1862 3849; baseline -0.001 -15"><span class='ocrx_word' id='word_1_283' title='bbox 257 3776 623 3849; x_wconf 83' lang='lat' dir='ltr'><strong>tranquillitas</strong></span> <span class='ocrx_word' id='word_1_284' title='bbox 650 3779 932 3833; x_wconf 89' lang='lat' dir='ltr'><strong>horrorem</strong></span> <span class='ocrx_word' id='word_1_285' title='bbox 962 3776 1172 3844; x_wconf 79' lang='lat' dir='ltr'><strong>incutit,</strong></span> <span class='ocrx_word' id='word_1_286' title='bbox 1194 3784 1249 3833; x_wconf 88' lang='lat' dir='ltr'><strong>et</strong></span> <span class='ocrx_word' id='word_1_287' title='bbox 1270 3776 1584 3848; x_wconf 88' lang='lat' dir='ltr'><strong>philosopha</strong></span> <span class='ocrx_word' id='word_1_288' title='bbox 1595 3777 1638 3831; x_wconf 91' lang='lat' dir='ltr'><strong>ri</strong></span> <span class='ocrx_word' id='word_1_289' title='bbox 1668 3776 1862 3833; x_wconf 87' lang='lat' dir='ltr'><strong>docet:</strong></span> 
     </span>
    </p>
   </div>
   <div class='ocr_carea' id='block_1_39' title="bbox 256 3867 1866 3941">
    <p class='ocr_par' dir='ltr' id='par_1_39' title="bbox 256 3867 1866 3941">
     <span class='ocr_line' id='line_1_39' title="bbox 256 3867 1866 3941; baseline -0.001 -14"><span class='ocrx_word' id='word_1_290' title='bbox 256 3880 499 3927; x_wconf 88' lang='lat' dir='ltr'><strong>mentem</strong></span> <span class='ocrx_word' id='word_1_291' title='bbox 535 3870 713 3941; x_wconf 85' lang='lat' dir='ltr'><strong>erigit,</strong></span> <span class='ocrx_word' id='word_1_292' title='bbox 747 3884 921 3940; x_wconf 89' lang='lat' dir='ltr'><strong>neque</strong></span> <span class='ocrx_word' id='word_1_293' title='bbox 964 3869 1093 3924; x_wconf 89' lang='lat' dir='ltr'><strong>sinit</strong></span> <span class='ocrx_word' id='word_1_294' title='bbox 1138 3868 1481 3939; x_wconf 68' lang='lat' dir='ltr'><strong>praesentium</strong></span> <span class='ocrx_word' id='word_1_295' title='bbox 1511 3867 1805 3935; x_wconf 88' lang='lat' dir='ltr'><strong>recordari,</strong></span> <span class='ocrx_word' id='word_1_296' title='bbox 1832 3884 1866 3925; x_wconf 91' lang='lat' dir='ltr'><strong>a</strong></span> 
     </span>
    </p>
   </div>
   <div class='ocr_carea' id='block_1_40' title="bbox 256 3959 1865 4031">
    <p class='ocr_par' dir='ltr' id='par_1_40' title="bbox 256 3959 1865 4031">
     <span class='ocr_line' id='line_1_40' title="bbox 256 3959 1865 4031; baseline -0.002 -11"><span class='ocrx_word' id='word_1_297' title='bbox 256 3974 405 4020; x_wconf 75' lang='lat' dir='ltr'><strong>terra</strong></span> <span class='ocrx_word' id='word_1_298' title='bbox 433 3963 498 4018; x_wconf 88' lang='lat' dir='ltr'><strong>in.</strong></span> <span class='ocrx_word' id='word_1_299' title='bbox 526 3962 719 4017; x_wconf 65' lang='lat' dir='ltr'><strong>calum</strong></span> <span class='ocrx_word' id='word_1_300' title='bbox 748 3970 801 4017; x_wconf 90' lang='lat' dir='ltr'><strong>te</strong></span> <span class='ocrx_word' id='word_1_301' title='bbox 845 3959 1117 4016; x_wconf 76' lang='lat' dir='ltr'><strong>transfert.</strong></span> <span class='ocrx_word' id='word_1_302' title='bbox 1146 3960 1307 4029; x_wconf 86' lang='lat' dir='ltr'><strong>Quod</strong></span> <span class='ocrx_word' id='word_1_303' title='bbox 1326 3960 1371 4015; x_wconf 91' lang='lat' dir='ltr'><strong>si</strong></span> <span class='ocrx_word' id='word_1_304' title='bbox 1410 3960 1613 4031; x_wconf 84' lang='lat' dir='ltr'><strong>absque</strong></span> <span class='ocrx_word' id='word_1_305' title='bbox 1640 3960 1865 4017; x_wconf 86' lang='lat' dir='ltr'><strong>collecta</strong></span> 
     </span>
    </p>
   </div>
   <div class='ocr_carea' id='block_1_41' title="bbox 252 4052 1868 4130">
    <p class='ocr_par' dir='ltr' id='par_1_41' title="bbox 252 4052 1868 4130">
     <span class='ocr_line' id='line_1_41' title="bbox 252 4052 1868 4130; baseline -0.002 -19"><span class='ocrx_word' id='word_1_306' title='bbox 252 4063 467 4117; x_wconf 85' lang='lat' dir='ltr'><strong>tantum</strong></span> <span class='ocrx_word' id='word_1_307' title='bbox 506 4064 770 4126; x_wconf 64' lang='lat' dir='ltr'><strong>questum</strong></span> <span class='ocrx_word' id='word_1_308' title='bbox 816 4052 966 4120; x_wconf 85' lang='lat' dir='ltr'><strong>facis,</strong></span> <span class='ocrx_word' id='word_1_309' title='bbox 1015 4052 1169 4123; x_wconf 90' lang='lat' dir='ltr'><strong>quod‘</strong></span> <span class='ocrx_word' id='word_1_310' title='bbox 1206 4052 1294 4107; x_wconf 89' lang='lat' dir='ltr'><strong>hic</strong></span> <span class='ocrx_word' id='word_1_311' title='bbox 1336 4052 1604 4130; x_wconf 75' lang='lat' dir='ltr'><strong>veneris,</strong></span> <span class='ocrx_word' id='word_1_312' title='bbox 1651 4053 1868 4124; x_wconf 86' lang='lat' dir='ltr'><strong>quando</strong></span> 
     </span>
    </p>
   </div>
   <div class='ocr_carea' id='block_1_42' title="bbox 254 4139 1869 4218">
    <p class='ocr_par' dir='ltr' id='par_1_42' title="bbox 254 4139 1869 4218">
     <span class='ocr_line' id='line_1_42' title="bbox 254 4139 1869 4218; baseline -0.002 -16"><span class='ocrx_word' id='word_1_313' title='bbox 254 4146 496 4218; x_wconf 89' lang='lat' dir='ltr'><strong>undique</strong></span> <span class='ocrx_word' id='word_1_314' title='bbox 525 4145 802 4217; x_wconf 64' lang='lat' dir='ltr'><strong>propheta:</strong></span> <span class='ocrx_word' id='word_1_315' title='bbox 843 4145 1099 4211; x_wconf 89' lang='lat' dir='ltr'><strong>clamant,</strong></span> <span class='ocrx_word' id='word_1_316' title='bbox 1132 4139 1347 4214; x_wconf 84' lang='lat' dir='ltr'><strong>quando</strong></span> <span class='ocrx_word' id='word_1_317' title='bbox 1370 4144 1598 4214; x_wconf 89' lang='lat' dir='ltr'><strong>apostoli</strong></span> <span class='ocrx_word' id='word_1_318' title='bbox 1639 4158 1869 4215; x_wconf 86' lang='lat' dir='ltr'><strong>evange-</strong></span> 
     </span>
    </p>
   </div>
   <div class='ocr_carea' id='block_1_43' title="bbox 254 4236 1867 4310">
    <p class='ocr_par' dir='ltr' id='par_1_43' title="bbox 254 4236 1867 4310">
     <span class='ocr_line' id='line_1_43' title="bbox 254 4236 1867 4310; baseline -0.002 -14"><span class='ocrx_word' id='word_1_319' title='bbox 254 4244 387 4297; x_wconf 85' lang='lat' dir='ltr'><strong>lium</strong></span> <span class='ocrx_word' id='word_1_320' title='bbox 409 4255 459 4310; x_wconf 81' lang='lat' dir='ltr'><strong>pt</strong></span> <span class='ocrx_word' id='word_1_321' title='bbox 473 4240 721 4307; x_wconf 71' lang='lat' dir='ltr'><strong>mdicant,</strong></span> <span class='ocrx_word' id='word_1_322' title='bbox 740 4237 955 4310; x_wconf 82' lang='lat' dir='ltr'><strong>quando</strong></span> <span class='ocrx_word' id='word_1_323' title='bbox 971 4248 1076 4294; x_wconf 86' lang='lat' dir='ltr'><strong>stat</strong></span> <span class='ocrx_word' id='word_1_324' title='bbox 1096 4237 1345 4294; x_wconf 80' lang='lat' dir='ltr'><strong>Christus</strong></span> <span class='ocrx_word' id='word_1_325' title='bbox 1358 4238 1411 4293; x_wconf 89' lang='lat' dir='ltr'><strong>in</strong></span> <span class='ocrx_word' id='word_1_326' title='bbox 1430 4236 1629 4303; x_wconf 90' lang='lat' dir='ltr'><strong>medio,</strong></span> <span class='ocrx_word' id='word_1_327' title='bbox 1652 4238 1867 4309; x_wconf 87' lang='lat' dir='ltr'><strong>quando</strong></span> 
     </span>
    </p>
   </div>
   <div class='ocr_carea' id='block_1_44' title="bbox 252 4327 1869 4407">
    <p class='ocr_par' dir='ltr' id='par_1_44' title="bbox 252 4327 1869 4407">
     <span class='ocr_line' id='line_1_44' title="bbox 252 4327 1869 4407; baseline -0.004 -19"><span class='ocrx_word' id='word_1_328' title='bbox 252 4346 381 4405; x_wconf 75' lang='lat' dir='ltr'><strong>qua:</strong></span> <span class='ocrx_word' id='word_1_329' title='bbox 410 4331 543 4387; x_wconf 89' lang='lat' dir='ltr'><strong>fiunt</strong></span> <span class='ocrx_word' id='word_1_330' title='bbox 571 4330 796 4407; x_wconf 71' lang='lat' dir='ltr'><strong>suscipit</strong></span> <span class='ocrx_word' id='word_1_331' title='bbox 827 4328 1005 4397; x_wconf 78' lang='lat' dir='ltr'><strong>Pater,</strong></span> <span class='ocrx_word' id='word_1_332' title='bbox 1037 4328 1254 4399; x_wconf 88' lang='lat' dir='ltr'><strong>quando</strong></span> <span class='ocrx_word' id='word_1_333' title='bbox 1296 4328 1535 4383; x_wconf 70' lang='lat' dir='ltr'><strong>lmtitiam</strong></span> <span class='ocrx_word' id='word_1_334' title='bbox 1569 4342 1722 4383; x_wconf 90' lang='lat' dir='ltr'><strong>suam</strong></span> <span class='ocrx_word' id='word_1_335' title='bbox 1747 4327 1869 4399; x_wconf 87' lang='lat' dir='ltr'><strong>Spi-</strong></span> 
     </span>
    </p>
   </div>
   <div class='ocr_carea' id='block_1_45' title="bbox 253 4419 1867 4495">
    <p class='ocr_par' dir='ltr' id='par_1_45' title="bbox 253 4419 1867 4495">
     <span class='ocr_line' id='line_1_45' title="bbox 253 4419 1867 4495; baseline -0.004 -14"><span class='ocrx_word' id='word_1_336' title='bbox 253 4427 395 4481; x_wconf 90' lang='lat' dir='ltr'><strong>ritus</strong></span> <span class='ocrx_word' id='word_1_337' title='bbox 421 4431 639 4477; x_wconf 89' lang='lat' dir='ltr'><strong>sanctus</strong></span> <span class='ocrx_word' id='word_1_338' title='bbox 666 4421 922 4495; x_wconf 83' lang='lat' dir='ltr'><strong>impertit,</strong></span> <span class='ocrx_word' id='word_1_339' title='bbox 956 4429 1153 4491; x_wconf 88' lang='lat' dir='ltr'><strong>quanta</strong></span> <span class='ocrx_word' id='word_1_340' title='bbox 1178 4420 1270 4491; x_wconf 92' lang='lat' dir='ltr'><strong>qui</strong></span> <span class='ocrx_word' id='word_1_341' title='bbox 1295 4419 1490 4475; x_wconf 83' lang='lat' dir='ltr'><strong>adsunt</strong></span> <span class='ocrx_word' id='word_1_342' title='bbox 1514 4420 1741 4475; x_wconf 87' lang='lat' dir='ltr'><strong>utilitate</strong></span> <span class='ocrx_word' id='word_1_343' title='bbox 1769 4433 1867 4474; x_wconf 85' lang='lat' dir='ltr'><strong>cu-</strong></span> 
     </span>
    </p>
   </div>
   <div class='ocr_carea' id='block_1_46' title="bbox 254 4512 1866 4586">
    <p class='ocr_par' dir='ltr' id='par_1_46' title="bbox 254 4512 1866 4586">
     <span class='ocr_line' id='line_1_46' title="bbox 254 4512 1866 4586; baseline -0.006 -11"><span class='ocrx_word' id='word_1_344' title='bbox 254 4515 445 4575; x_wconf 86' lang='lat' dir='ltr'><strong>mulati</strong></span> <span class='ocrx_word' id='word_1_345' title='bbox 461 4515 944 4586; x_wconf 88' lang='lat' dir='ltr'><strong>recedunt,quanto</strong></span> <span class='ocrx_word' id='word_1_346' title='bbox 964 4513 1162 4569; x_wconf 89' lang='lat' dir='ltr'><strong>damno</strong></span> <span class='ocrx_word' id='word_1_347' title='bbox 1180 4512 1487 4568; x_wconf 76' lang='lat' dir='ltr'><strong>afﬁciuntur</strong></span> <span class='ocrx_word' id='word_1_348' title='bbox 1510 4514 1599 4583; x_wconf 87' lang='lat' dir='ltr'><strong>qui</strong></span> <span class='ocrx_word' id='word_1_349' title='bbox 1626 4512 1866 4568; x_wconf 77' lang='lat' dir='ltr'><strong>absunt?</strong></span> 
     </span>
    </p>
   </div>
   <div class='ocr_carea' id='block_1_47' title="bbox 330 4605 1866 4678">
    <p class='ocr_par' dir='ltr' id='par_1_47' title="bbox 330 4605 1866 4678">
     <span class='ocr_line' id='line_1_47' title="bbox 330 4605 1866 4678; baseline -0.003 -14"><span class='ocrx_word' id='word_1_350' title='bbox 330 4609 430 4666; x_wconf 75' lang='lat' dir='ltr'><strong>Dei</strong></span> <span class='ocrx_word' id='word_1_351' title='bbox 470 4609 638 4664; x_wconf 68' lang='lat' dir='ltr'><strong>auus</strong></span> <span class='ocrx_word' id='word_1_352' title='bbox 682 4608 913 4663; x_wconf 77' lang='lat' dir='ltr'><strong>omnibus</strong></span> <span class='ocrx_word' id='word_1_353' title='bbox 960 4606 1108 4662; x_wconf 81' lang='lat' dir='ltr'><strong>rebus</strong></span> <span class='ocrx_word' id='word_1_354' title='bbox 1151 4606 1519 4678; x_wconf 70' lang='lat' dir='ltr'><strong>praferendus.</strong></span> <span class='ocrx_word' id='word_1_355' title='bbox 1562 4635 1635 4647; x_wconf 90' lang='lat'><strong>—-</strong></span> <span class='ocrx_word' id='word_1_356' title='bbox 1661 4605 1866 4662; x_wconf 78' lang='lat' dir='ltr'><strong>Vellem</strong></span> 
     </span>
    </p>
   </div>
   <div class='ocr_carea' id='block_1_48' title="bbox 252 4699 1869 4773">
    <p class='ocr_par' dir='ltr' id='par_1_48' title="bbox 252 4699 1869 4773">
     <span class='ocr_line' id='line_1_48' title="bbox 252 4699 1869 4773; baseline -0.004 -12"><span class='ocrx_word' id='word_1_357' title='bbox 252 4705 400 4761; x_wconf 84' lang='lat' dir='ltr'><strong>scire</strong></span> <span class='ocrx_word' id='word_1_358' title='bbox 422 4702 640 4759; x_wconf 88' lang='lat' dir='ltr'><strong>ubinam</strong></span> <span class='ocrx_word' id='word_1_359' title='bbox 673 4710 972 4768; x_wconf 86' lang='lat' dir='ltr'><strong>versentur,</strong></span> <span class='ocrx_word' id='word_1_360' title='bbox 1002 4700 1093 4773; x_wconf 90' lang='lat' dir='ltr'><strong>qui</strong></span> <span class='ocrx_word' id='word_1_361' title='bbox 1124 4700 1363 4757; x_wconf 69' lang='lat' dir='ltr'><strong>collecta:</strong></span> <span class='ocrx_word' id='word_1_362' title='bbox 1396 4699 1659 4755; x_wconf 89' lang='lat' dir='ltr'><strong>interesse</strong></span> <span class='ocrx_word' id='word_1_363' title='bbox 1684 4699 1869 4770; x_wconf 84' lang='lat' dir='ltr'><strong>negle—</strong></span> 
     </span>
    </p>
   </div>
   <div class='ocr_carea' id='block_1_49' title="bbox 257 4790 1867 4865">
    <p class='ocr_par' dir='ltr' id='par_1_49' title="bbox 257 4790 1867 4865">
     <span class='ocr_line' id='line_1_49' title="bbox 257 4790 1867 4865; baseline -0.004 -13"><span class='ocrx_word' id='word_1_364' title='bbox 257 4803 483 4863; x_wconf 85' lang='lat' dir='ltr'><strong>xerunt,</strong></span> <span class='ocrx_word' id='word_1_365' title='bbox 526 4794 656 4865; x_wconf 91' lang='lat' dir='ltr'><strong>quid</strong></span> <span class='ocrx_word' id='word_1_366' title='bbox 682 4808 779 4850; x_wconf 92' lang='lat' dir='ltr'><strong>eos</strong></span> <span class='ocrx_word' id='word_1_367' title='bbox 821 4792 1134 4858; x_wconf 89' lang='lat' dir='ltr'><strong>detinuerit,</strong></span> <span class='ocrx_word' id='word_1_368' title='bbox 1179 4802 1233 4848; x_wconf 92' lang='lat' dir='ltr'><strong>et</strong></span> <span class='ocrx_word' id='word_1_369' title='bbox 1263 4791 1333 4846; x_wconf 88' lang='lat' dir='ltr'><strong>ab</strong></span> <span class='ocrx_word' id='word_1_370' title='bbox 1370 4790 1473 4847; x_wconf 85' lang='lat' dir='ltr'><strong>hac</strong></span> <span class='ocrx_word' id='word_1_371' title='bbox 1497 4806 1651 4847; x_wconf 87' lang='lat' dir='ltr'><strong>sacra</strong></span> <span class='ocrx_word' id='word_1_372' title='bbox 1681 4805 1867 4845; x_wconf 87' lang='lat' dir='ltr'><strong>mensa</strong></span> 
     </span>
    </p>
   </div>
   <div class='ocr_carea' id='block_1_50' title="bbox 256 4882 1868 4958">
    <p class='ocr_par' dir='ltr' id='par_1_50' title="bbox 256 4882 1868 4958">
     <span class='ocr_line' id='line_1_50' title="bbox 256 4882 1868 4958; baseline -0.004 -13"><span class='ocrx_word' id='word_1_373' title='bbox 256 4886 549 4954; x_wconf 80' lang='lat' dir='ltr'><strong>revocarit,</strong></span> <span class='ocrx_word' id='word_1_374' title='bbox 579 4886 648 4941; x_wconf 89' lang='lat' dir='ltr'><strong>de</strong></span> <span class='ocrx_word' id='word_1_375' title='bbox 678 4886 874 4958; x_wconf 85' lang='lat' dir='ltr'><strong>quibus</strong></span> <span class='ocrx_word' id='word_1_376' title='bbox 904 4886 1044 4941; x_wconf 89' lang='lat' dir='ltr'><strong>inter</strong></span> <span class='ocrx_word' id='word_1_377' title='bbox 1072 4901 1130 4941; x_wconf 83' lang='lat' dir='ltr'><strong>se</strong></span> <span class='ocrx_word' id='word_1_378' title='bbox 1153 4883 1551 4955; x_wconf 86' lang='lat' dir='ltr'><strong>colloquantur.</strong></span> <span class='ocrx_word' id='word_1_379' title='bbox 1598 4882 1710 4938; x_wconf 83' lang='lat' dir='ltr'><strong>lino</strong></span> <span class='ocrx_word' id='word_1_380' title='bbox 1738 4898 1868 4938; x_wconf 84' lang='lat' dir='ltr'><strong>vero</strong></span> 
     </span>
    </p>
   </div>
   <div class='ocr_carea' id='block_1_51' title="bbox 251 4973 1869 5052">
    <p class='ocr_par' dir='ltr' id='par_1_51' title="bbox 251 4973 1869 5052">
     <span class='ocr_line' id='line_1_51' title="bbox 251 4973 1869 5052; baseline -0.002 -17"><span class='ocrx_word' id='word_1_381' title='bbox 251 4980 366 5052; x_wconf 88' lang='lat' dir='ltr'><strong>jam</strong></span> <span class='ocrx_word' id='word_1_382' title='bbox 402 4978 569 5051; x_wconf 90' lang='lat' dir='ltr'><strong>probe</strong></span> <span class='ocrx_word' id='word_1_383' title='bbox 611 4978 777 5045; x_wconf 89' lang='lat' dir='ltr'><strong>novi;</strong></span> <span class='ocrx_word' id='word_1_384' title='bbox 809 4986 901 5033; x_wconf 88' lang='lat' dir='ltr'><strong>aut</strong></span> <span class='ocrx_word' id='word_1_385' title='bbox 943 4975 1089 5032; x_wconf 84' lang='lat' dir='ltr'><strong>enim</strong></span> <span class='ocrx_word' id='word_1_386' title='bbox 1116 4976 1184 5033; x_wconf 93' lang='lat' dir='ltr'><strong>de</strong></span> <span class='ocrx_word' id='word_1_387' title='bbox 1231 4973 1479 5030; x_wconf 86' lang='lat' dir='ltr'><strong>absurdis</strong></span> <span class='ocrx_word' id='word_1_388' title='bbox 1524 4989 1587 5030; x_wconf 88' lang='lat' dir='ltr'><strong>ac</strong></span> <span class='ocrx_word' id='word_1_389' title='bbox 1629 4973 1869 5031; x_wconf 89' lang='lat' dir='ltr'><strong>ridiculis</strong></span> 
     </span>
    </p>
   </div>
   <div class='ocr_carea' id='block_1_52' title="bbox 256 5068 1866 5142">
    <p class='ocr_par' dir='ltr' id='par_1_52' title="bbox 256 5068 1866 5142">
     <span class='ocr_line' id='line_1_52' title="bbox 256 5068 1866 5142; baseline -0.002 -14"><span class='ocrx_word' id='word_1_390' title='bbox 256 5071 423 5128; x_wconf 89' lang='lat' dir='ltr'><strong>rebus</strong></span> <span class='ocrx_word' id='word_1_391' title='bbox 449 5070 852 5142; x_wconf 90' lang='lat' dir='ltr'><strong>colloquuntur,</strong></span> <span class='ocrx_word' id='word_1_392' title='bbox 878 5079 972 5127; x_wconf 90' lang='lat' dir='ltr'><strong>aut</strong></span> <span class='ocrx_word' id='word_1_393' title='bbox 998 5068 1352 5125; x_wconf 67' lang='lat' dir='ltr'><strong>stecularibus</strong></span> <span class='ocrx_word' id='word_1_394' title='bbox 1373 5068 1520 5125; x_wconf 88' lang='lat' dir='ltr'><strong>curis</strong></span> <span class='ocrx_word' id='word_1_395' title='bbox 1545 5068 1690 5123; x_wconf 83' lang='lat' dir='ltr'><strong>aﬂixi</strong></span> <span class='ocrx_word' id='word_1_396' title='bbox 1711 5077 1866 5125; x_wconf 85' lang='lat' dir='ltr'><strong>sunt:</strong></span> 
     </span>
    </p>
   </div>
   <div class='ocr_carea' id='block_1_53' title="bbox 255 5161 1868 5233">
    <p class='ocr_par' dir='ltr' id='par_1_53' title="bbox 255 5161 1868 5233">
     <span class='ocr_line' id='line_1_53' title="bbox 255 5161 1868 5233; baseline -0.003 -12"><span class='ocrx_word' id='word_1_397' title='bbox 255 5173 489 5233; x_wconf 87' lang='lat' dir='ltr'><strong>utraque</strong></span> <span class='ocrx_word' id='word_1_398' title='bbox 517 5178 679 5233; x_wconf 90' lang='lat' dir='ltr'><strong>porro</strong></span> <span class='ocrx_word' id='word_1_399' title='bbox 722 5162 875 5217; x_wconf 83' lang='lat' dir='ltr'><strong>venia</strong></span> <span class='ocrx_word' id='word_1_400' title='bbox 905 5161 1065 5233; x_wconf 90' lang='lat' dir='ltr'><strong>digna</strong></span> <span class='ocrx_word' id='word_1_401' title='bbox 1097 5176 1203 5218; x_wconf 87' lang='lat' dir='ltr'><strong>non</strong></span> <span class='ocrx_word' id='word_1_402' title='bbox 1230 5170 1314 5217; x_wconf 84' lang='lat' dir='ltr'><strong>est</strong></span> <span class='ocrx_word' id='word_1_403' title='bbox 1342 5161 1622 5230; x_wconf 82' lang='lat' dir='ltr'><strong>occupatio</strong></span> <span class='ocrx_word' id='word_1_404' title='bbox 1641 5201 1655 5227; x_wconf 89' lang='lat'><strong>,</strong></span> <span class='ocrx_word' id='word_1_405' title='bbox 1679 5170 1733 5216; x_wconf 89' lang='lat' dir='ltr'><strong>et</strong></span> <span class='ocrx_word' id='word_1_406' title='bbox 1768 5176 1868 5218; x_wconf 79' lang='lat' dir='ltr'><strong>ex-</strong></span> 
     </span>
    </p>
   </div>
   <div class='ocr_carea' id='block_1_54' title="bbox 258 5252 1866 5326">
    <p class='ocr_par' dir='ltr' id='par_1_54' title="bbox 258 5252 1866 5326">
     <span class='ocr_line' id='line_1_54' title="bbox 258 5252 1866 5326; baseline -0.001 -14"><span class='ocrx_word' id='word_1_407' title='bbox 258 5267 437 5312; x_wconf 87' lang='lat' dir='ltr'><strong>tremo</strong></span> <span class='ocrx_word' id='word_1_408' title='bbox 479 5254 745 5326; x_wconf 88' lang='lat' dir='ltr'><strong>supplicio</strong></span> <span class='ocrx_word' id='word_1_409' title='bbox 784 5264 868 5310; x_wconf 90' lang='lat' dir='ltr'><strong>est</strong></span> <span class='ocrx_word' id='word_1_410' title='bbox 912 5256 1166 5311; x_wconf 85' lang='lat' dir='ltr'><strong>obnoxia.</strong></span> <span class='ocrx_word' id='word_1_411' title='bbox 1218 5255 1298 5310; x_wconf 82' lang='lat' dir='ltr'><strong>Ac</strong></span> <span class='ocrx_word' id='word_1_412' title='bbox 1343 5252 1412 5310; x_wconf 84' lang='lat' dir='ltr'><strong>de</strong></span> <span class='ocrx_word' id='word_1_413' title='bbox 1440 5253 1607 5326; x_wconf 89' lang='lat' dir='ltr'><strong>priori</strong></span> <span class='ocrx_word' id='word_1_414' title='bbox 1652 5254 1866 5325; x_wconf 83' lang='lat' dir='ltr'><strong>quidem</strong></span> 
     </span>
    </p>
   </div>
   <div class='ocr_carea' id='block_1_55' title="bbox 259 5345 1867 5417">
    <p class='ocr_par' dir='ltr' id='par_1_55' title="bbox 259 5345 1867 5417">
     <span class='ocr_line' id='line_1_55' title="bbox 259 5345 1867 5417; baseline -0.001 -14"><span class='ocrx_word' id='word_1_415' title='bbox 259 5360 441 5417; x_wconf 82' lang='lat' dir='ltr'><strong>neque</strong></span> <span class='ocrx_word' id='word_1_416' title='bbox 485 5346 650 5401; x_wconf 88' lang='lat' dir='ltr'><strong>verba</strong></span> <span class='ocrx_word' id='word_1_417' title='bbox 682 5345 861 5403; x_wconf 88' lang='lat' dir='ltr'><strong>facere</strong></span> <span class='ocrx_word' id='word_1_418' title='bbox 900 5361 1037 5417; x_wconf 86' lang='lat' dir='ltr'><strong>opus</strong></span> <span class='ocrx_word' id='word_1_419' title='bbox 1083 5356 1187 5413; x_wconf 89' lang='lat' dir='ltr'><strong>est,</strong></span> <span class='ocrx_word' id='word_1_420' title='bbox 1234 5347 1316 5402; x_wconf 89' lang='lat' dir='ltr'><strong>vel</strong></span> <span class='ocrx_word' id='word_1_421' title='bbox 1355 5345 1867 5402; x_wconf 85' lang='lat' dir='ltr'><strong>demonstrationem</strong></span> 
     </span>
    </p>
   </div>
   <div class='ocr_carea' id='block_1_56' title="bbox 261 5437 1866 5510">
    <p class='ocr_par' dir='ltr' id='par_1_56' title="bbox 261 5437 1866 5510">
     <span class='ocr_line' id='line_1_56' title="bbox 261 5437 1866 5510; baseline -0.001 -17"><span class='ocrx_word' id='word_1_422' title='bbox 261 5440 462 5494; x_wconf 83' lang='lat' dir='ltr'><strong>afferre</strong></span> <span class='ocrx_word' id='word_1_423' title='bbox 495 5454 511 5498; x_wconf 86' lang='lat'><strong>:</strong></span> <span class='ocrx_word' id='word_1_424' title='bbox 541 5455 637 5496; x_wconf 88' lang='lat' dir='ltr'><strong>eos</strong></span> <span class='ocrx_word' id='word_1_425' title='bbox 663 5454 793 5495; x_wconf 89' lang='lat' dir='ltr'><strong>vero</strong></span> <span class='ocrx_word' id='word_1_426' title='bbox 821 5440 912 5510; x_wconf 92' lang='lat' dir='ltr'><strong>qui</strong></span> <span class='ocrx_word' id='word_1_427' title='bbox 942 5455 1030 5496; x_wconf 89' lang='lat' dir='ltr'><strong>res</strong></span> <span class='ocrx_word' id='word_1_428' title='bbox 1058 5438 1385 5497; x_wconf 83' lang='lat' dir='ltr'><strong>domesticas</strong></span> <span class='ocrx_word' id='word_1_429' title='bbox 1406 5439 1559 5494; x_wconf 88' lang='lat' dir='ltr'><strong>nobis</strong></span> <span class='ocrx_word' id='word_1_430' title='bbox 1586 5437 1866 5510; x_wconf 84' lang='lat' dir='ltr'><strong>objiciunt,</strong></span> 
     </span>
    </p>
   </div>
   <div class='ocr_carea' id='block_1_57' title="bbox 256 5528 1870 5603">
    <p class='ocr_par' dir='ltr' id='par_1_57' title="bbox 256 5528 1870 5603">
     <span class='ocr_line' id='line_1_57' title="bbox 256 5528 1870 5603; baseline -0.001 -16"><span class='ocrx_word' id='word_1_431' title='bbox 256 5540 317 5587; x_wconf 90' lang='lat' dir='ltr'><strong>et</strong></span> <span class='ocrx_word' id='word_1_432' title='bbox 345 5528 471 5585; x_wconf 89' lang='lat' dir='ltr'><strong>inde</strong></span> <span class='ocrx_word' id='word_1_433' title='bbox 487 5543 551 5586; x_wconf 84' lang='lat' dir='ltr'><strong>se</strong></span> <span class='ocrx_word' id='word_1_434' title='bbox 578 5530 900 5589; x_wconf 83' lang='lat' dir='ltr'><strong>intolerabili</strong></span> <span class='ocrx_word' id='word_1_435' title='bbox 920 5533 1094 5603; x_wconf 82' lang='lat' dir='ltr'><strong>urgeri</strong></span> <span class='ocrx_word' id='word_1_436' title='bbox 1122 5532 1443 5588; x_wconf 84' lang='lat' dir='ltr'><strong>necessitate</strong></span> <span class='ocrx_word' id='word_1_437' title='bbox 1469 5537 1777 5595; x_wconf 69' lang='lat' dir='ltr'><strong>causatttur,</strong></span> <span class='ocrx_word' id='word_1_438' title='bbox 1802 5546 1870 5586; x_wconf 91' lang='lat' dir='ltr'><strong>ne</strong></span> 
     </span>
    </p>
   </div>
   <div class='ocr_carea' id='block_1_58' title="bbox 259 5621 1868 5695">
    <p class='ocr_par' dir='ltr' id='par_1_58' title="bbox 259 5621 1868 5695">
     <span class='ocr_line' id='line_1_58' title="bbox 259 5621 1868 5695; baseline -0.001 -16"><span class='ocrx_word' id='word_1_439' title='bbox 259 5623 397 5679; x_wconf 84' lang='lat' dir='ltr'><strong>istos</strong></span> <span class='ocrx_word' id='word_1_440' title='bbox 424 5621 642 5694; x_wconf 85' lang='lat' dir='ltr'><strong>quidem</strong></span> <span class='ocrx_word' id='word_1_441' title='bbox 690 5626 901 5681; x_wconf 77' lang='lat' dir='ltr'><strong>veniam</strong></span> <span class='ocrx_word' id='word_1_442' title='bbox 946 5624 1191 5681; x_wconf 89' lang='lat' dir='ltr'><strong>obtinere</strong></span> <span class='ocrx_word' id='word_1_443' title='bbox 1239 5638 1419 5695; x_wconf 88' lang='lat' dir='ltr'><strong>posse,</strong></span> <span class='ocrx_word' id='word_1_444' title='bbox 1452 5638 1576 5679; x_wconf 88' lang='lat' dir='ltr'><strong>cum</strong></span> <span class='ocrx_word' id='word_1_445' title='bbox 1619 5622 1783 5677; x_wconf 87' lang='lat' dir='ltr'><strong>semel</strong></span> <span class='ocrx_word' id='word_1_446' title='bbox 1817 5622 1868 5677; x_wconf 91' lang='lat' dir='ltr'><strong>in</strong></span> 
     </span>
    </p>
   </div>
   <div class='ocr_carea' id='block_1_59' title="bbox 258 5714 1869 5789">
    <p class='ocr_par' dir='ltr' id='par_1_59' title="bbox 258 5714 1869 5789">
     <span class='ocr_line' id='line_1_59' title="bbox 258 5714 1869 5789; baseline -0.001 -17"><span class='ocrx_word' id='word_1_447' title='bbox 258 5714 601 5774; x_wconf 75' lang='lat' dir='ltr'><strong>hebdomade</strong></span> <span class='ocrx_word' id='word_1_448' title='bbox 628 5716 734 5773; x_wconf 87' lang='lat' dir='ltr'><strong>huc</strong></span> <span class='ocrx_word' id='word_1_449' title='bbox 763 5727 1042 5787; x_wconf 84' lang='lat' dir='ltr'><strong>vocentur,</strong></span> <span class='ocrx_word' id='word_1_450' title='bbox 1071 5734 1137 5775; x_wconf 86' lang='lat' dir='ltr'><strong>ac</strong></span> <span class='ocrx_word' id='word_1_451' title='bbox 1163 5734 1231 5775; x_wconf 91' lang='lat' dir='ltr'><strong>ne</strong></span> <span class='ocrx_word' id='word_1_452' title='bbox 1258 5728 1370 5775; x_wconf 88' lang='lat' dir='ltr'><strong>tum</strong></span> <span class='ocrx_word' id='word_1_453' title='bbox 1398 5717 1614 5789; x_wconf 89' lang='lat' dir='ltr'><strong>quidem</strong></span> <span class='ocrx_word' id='word_1_454' title='bbox 1640 5730 1730 5772; x_wconf 88' lang='lat' dir='ltr'><strong>res</strong></span> <span class='ocrx_word' id='word_1_455' title='bbox 1756 5715 1869 5787; x_wconf 86' lang='lat' dir='ltr'><strong>spi-</strong></span> 
     </span>
    </p>
   </div>
   <div class='ocr_carea' id='block_1_60' title="bbox 258 5807 1865 5882">
    <p class='ocr_par' dir='ltr' id='par_1_60' title="bbox 258 5807 1865 5882">
     <span class='ocr_line' id='line_1_60' title="bbox 258 5807 1865 5882; baseline -0.001 -15"><span class='ocrx_word' id='word_1_456' title='bbox 258 5808 486 5868; x_wconf 65' lang='lat' dir='ltr'><strong>fﬂualcs</strong></span> <span class='ocrx_word' id='word_1_457' title='bbox 526 5812 755 5869; x_wconf 80' lang='lat' dir='ltr'><strong>terrenis</strong></span> <span class='ocrx_word' id='word_1_458' title='bbox 800 5812 1066 5871; x_wconf 77' lang='lat' dir='ltr'><strong>anteferre</strong></span> <span class='ocrx_word' id='word_1_459' title='bbox 1116 5812 1423 5882; x_wconf 82' lang='lat' dir='ltr'><strong>dignentur,</strong></span> <span class='ocrx_word' id='word_1_460' title='bbox 1472 5827 1534 5865; x_wconf 77' lang='lat' dir='ltr'><strong>ex</strong></span> <span class='ocrx_word' id='word_1_461' title='bbox 1578 5807 1865 5880; x_wconf 75' lang='lat' dir='ltr'><strong>evangeliis</strong></span> 
     </span>
    </p>
   </div>
   <div class='ocr_carea' id='block_1_61' title="bbox 843 345 2947 421">
    <p class='ocr_par' dir='ltr' id='par_1_61' title="bbox 843 345 2947 421">
     <span class='ocr_line' id='line_1_61' title="bbox 843 345 2947 421; baseline 0 -14"><span class='ocrx_word' id='word_1_462' title='bbox 843 346 913 407; x_wconf 78' lang='lat' dir='ltr'><strong>IN</strong></span> <span class='ocrx_word' id='word_1_463' title='bbox 952 345 1181 421; x_wconf 81' lang='lat' dir='ltr'><strong>ILLUD,</strong></span> <span class='ocrx_word' id='word_1_464' title='bbox 1222 348 1501 411; x_wconf 72' lang='lat' dir='ltr'><strong>PAULUS</strong></span> <span class='ocrx_word' id='word_1_465' title='bbox 1536 348 1877 412; x_wconf 74' lang='lat' dir='ltr'><strong>VOCATUS.</strong></span> <span class='ocrx_word' id='word_1_466' title='bbox 1920 349 2014 409; x_wconf 81' lang='lat' dir='ltr'><strong>ET</strong></span> <span class='ocrx_word' id='word_1_467' title='bbox 2052 347 2146 409; x_wconf 78' lang='lat' dir='ltr'><strong>DE</strong></span> <span class='ocrx_word' id='word_1_468' title='bbox 2182 347 2442 409; x_wconf 75' lang='lat' dir='ltr'><strong>IUTA&#39;I&#39;.</strong></span> <span class='ocrx_word' id='word_1_469' title='bbox 2484 348 2815 410; x_wconf 70' lang='lat' dir='ltr'><strong>NOMINUM.</strong></span> <span class='ocrx_word' id='word_1_470' title='bbox 2857 348 2947 409; x_wconf 78' lang='lat' dir='ltr'><strong>iV.</strong></span> 
     </span>
    </p>
   </div>
   <div class='ocr_carea' id='block_1_62' title="bbox 3449 350 3553 410">
    <p class='ocr_par' dir='ltr' id='par_1_62' title="bbox 3449 350 3553 410">
     <span class='ocr_line' id='line_1_62' title="bbox 3449 350 3553 410; baseline -0.01 0"><span class='ocrx_word' id='word_1_471' title='bbox 3449 350 3553 410; x_wconf 75' lang='grc' dir='ltr'>ιιε</span> 
     </span>
    </p>
   </div>
   <div class='ocr_carea' id='block_1_63' title="bbox 1951 462 3556 539">
    <p class='ocr_par' dir='ltr' id='par_1_63' title="bbox 1951 462 3556 539">
     <span class='ocr_line' id='line_1_63' title="bbox 1951 462 3556 539; baseline 0 -17"><span class='ocrx_word' id='word_1_472' title='bbox 1951 472 2185 522; x_wconf 89' lang='lat' dir='ltr'><strong>constat.</strong></span> <span class='ocrx_word' id='word_1_473' title='bbox 2213 462 2347 521; x_wconf 74' lang='lat' dir='ltr'><strong>Nam</strong></span> <span class='ocrx_word' id='word_1_474' title='bbox 2368 472 2425 521; x_wconf 92' lang='lat' dir='ltr'><strong>et</strong></span> <span class='ocrx_word' id='word_1_475' title='bbox 2454 464 2530 520; x_wconf 90' lang='lat' dir='ltr'><strong>illi</strong></span> <span class='ocrx_word' id='word_1_476' title='bbox 2560 464 2650 536; x_wconf 89' lang='lat' dir='ltr'><strong>qui</strong></span> <span class='ocrx_word' id='word_1_477' title='bbox 2678 464 2747 521; x_wconf 91' lang='lat' dir='ltr'><strong>ad</strong></span> <span class='ocrx_word' id='word_1_478' title='bbox 2771 464 3076 537; x_wconf 85' lang='lat' dir='ltr'><strong>spirituales</strong></span> <span class='ocrx_word' id='word_1_479' title='bbox 3106 466 3316 539; x_wconf 69' lang='lat' dir='ltr'><strong>nuptias</strong></span> <span class='ocrx_word' id='word_1_480' title='bbox 3342 466 3556 523; x_wconf 79' lang='lat' dir='ltr'><strong>fuerant</strong></span> 
     </span>
    </p>
   </div>
   <div class='ocr_carea' id='block_1_64' title="bbox 1953 554 3558 628">
    <p class='ocr_par' dir='ltr' id='par_1_64' title="bbox 1953 554 3558 628">
     <span class='ocr_line' id='line_1_64' title="bbox 1953 554 3558 628; baseline 0.002 -18"><span class='ocrx_word' id='word_1_481' title='bbox 1953 554 2185 625; x_wconf 84' lang='lat' dir='ltr'><strong>invitati,</strong></span> <span class='ocrx_word' id='word_1_482' title='bbox 2206 554 2473 628; x_wconf 83' lang='lat' dir='ltr'><strong>ejusmodi</strong></span> <span class='ocrx_word' id='word_1_483' title='bbox 2493 558 2867 614; x_wconf 83' lang='lat' dir='ltr'><strong>excusationes</strong></span> <span class='ocrx_word' id='word_1_484' title='bbox 2892 555 3276 622; x_wconf 83' lang='lat' dir='ltr'><strong>obtendebant,</strong></span> <span class='ocrx_word' id='word_1_485' title='bbox 3299 554 3444 628; x_wconf 83' lang='lat' dir='ltr'><strong>quod</strong></span> <span class='ocrx_word' id='word_1_486' title='bbox 3469 556 3558 614; x_wconf 76' lang='lat' dir='ltr'><strong>bis</strong></span> 
     </span>
    </p>
   </div>
   <div class='ocr_carea' id='block_1_65' title="bbox 1952 648 3559 723">
    <p class='ocr_par' dir='ltr' id='par_1_65' title="bbox 1952 648 3559 723">
     <span class='ocr_line' id='line_1_65' title="bbox 1952 648 3559 723; baseline -0.001 -17"><span class='ocrx_word' id='word_1_487' title='bbox 1952 649 2175 723; x_wconf 79' lang='lat' dir='ltr'><strong>quidem</strong></span> <span class='ocrx_word' id='word_1_488' title='bbox 2191 649 2380 722; x_wconf 89' lang='lat' dir='ltr'><strong>jugum</strong></span> <span class='ocrx_word' id='word_1_489' title='bbox 2406 650 2651 719; x_wconf 85' lang='lat' dir='ltr'><strong>emisset,</strong></span> <span class='ocrx_word' id='word_1_490' title='bbox 2696 649 2789 707; x_wconf 90' lang='lat' dir='ltr'><strong>ille</strong></span> <span class='ocrx_word' id='word_1_491' title='bbox 2816 665 2947 707; x_wconf 85' lang='lat' dir='ltr'><strong>vero</strong></span> <span class='ocrx_word' id='word_1_492' title='bbox 2978 648 3237 721; x_wconf 70' lang='lat' dir='ltr'><strong>pra-dium</strong></span> <span class='ocrx_word' id='word_1_493' title='bbox 3272 648 3375 705; x_wconf 88' lang='lat' dir='ltr'><strong>sibi</strong></span> <span class='ocrx_word' id='word_1_494' title='bbox 3404 662 3559 705; x_wconf 79' lang='lat' dir='ltr'><strong>eom-</strong></span> 
     </span>
    </p>
   </div>
   <div class='ocr_carea' id='block_1_66' title="bbox 1951 728 3556 814">
    <p class='ocr_par' dir='ltr' id='par_1_66' title="bbox 1951 728 3556 814">
     <span class='ocr_line' id='line_1_66' title="bbox 1951 728 3556 814; baseline 0.001 -16"><span class='ocrx_word' id='word_1_495' title='bbox 1951 751 2217 814; x_wconf 78' lang='lat' dir='ltr'><strong>parasset,</strong></span> <span class='ocrx_word' id='word_1_496' title='bbox 2249 741 2339 799; x_wconf 86' lang='lat' dir='ltr'><strong>ille</strong></span> <span class='ocrx_word' id='word_1_497' title='bbox 2362 756 2615 813; x_wconf 87' lang='lat' dir='ltr'><strong>sponsam</strong></span> <span class='ocrx_word' id='word_1_498' title='bbox 2640 728 2882 799; x_wconf 78' lang='lat' dir='ltr'><strong>duxisset</strong></span> <span class='ocrx_word' id='word_1_499' title='bbox 2905 740 3061 813; x_wconf 74' lang='lat' dir='ltr'><strong>(Lac.</strong></span> <span class='ocrx_word' id='word_1_500' title='bbox 3090 742 3179 799; x_wconf 71' lang='lat' dir='ltr'><strong>lt.</strong></span> <span class='ocrx_word' id='word_1_501' title='bbox 3208 740 3435 813; x_wconf 62' lang='lat' dir='ltr'><strong>lI-QO);</strong></span> <span class='ocrx_word' id='word_1_502' title='bbox 3458 741 3556 799; x_wconf 86' lang='lat' dir='ltr'><strong>sed</strong></span> 
     </span>
    </p>
   </div>
   <div class='ocr_carea' id='block_1_67' title="bbox 1954 832 3558 907">
    <p class='ocr_par' dir='ltr' id='par_1_67' title="bbox 1954 832 3558 907">
     <span class='ocr_line' id='line_1_67' title="bbox 1954 832 3558 907; baseline -0.002 -16"><span class='ocrx_word' id='word_1_503' title='bbox 1954 833 2126 907; x_wconf 86' lang='lat' dir='ltr'><strong>puniti</strong></span> <span class='ocrx_word' id='word_1_504' title='bbox 2170 842 2299 891; x_wconf 89' lang='lat' dir='ltr'><strong>sunt</strong></span> <span class='ocrx_word' id='word_1_505' title='bbox 2350 844 2551 891; x_wconf 86' lang='lat' dir='ltr'><strong>tamen.</strong></span> <span class='ocrx_word' id='word_1_506' title='bbox 2607 833 2939 891; x_wconf 83' lang='lat' dir='ltr'><strong>Necessariae</strong></span> <span class='ocrx_word' id='word_1_507' title='bbox 3001 833 3222 902; x_wconf 89' lang='lat' dir='ltr'><strong>quidem</strong></span> <span class='ocrx_word' id='word_1_508' title='bbox 3273 841 3402 890; x_wconf 89' lang='lat' dir='ltr'><strong>sunt</strong></span> <span class='ocrx_word' id='word_1_509' title='bbox 3450 832 3558 888; x_wconf 62' lang='lat' dir='ltr'><strong>illa</strong></span> 
     </span>
    </p>
   </div>
   <div class='ocr_carea' id='block_1_68' title="bbox 1952 912 3561 993">
    <p class='ocr_par' dir='ltr' id='par_1_68' title="bbox 1952 912 3561 993">
     <span class='ocr_line' id='line_1_68' title="bbox 1952 912 3561 993; baseline -0.002 -11"><span class='ocrx_word' id='word_1_510' title='bbox 1952 941 2171 993; x_wconf 63' lang='lat' dir='ltr'><strong>causai;</strong></span> <span class='ocrx_word' id='word_1_511' title='bbox 2201 926 2300 983; x_wconf 84' lang='lat' dir='ltr'><strong>scd</strong></span> <span class='ocrx_word' id='word_1_512' title='bbox 2324 940 2449 982; x_wconf 90' lang='lat' dir='ltr'><strong>cum</strong></span> <span class='ocrx_word' id='word_1_513' title='bbox 2480 926 2623 983; x_wconf 90' lang='lat' dir='ltr'><strong>Deus</strong></span> <span class='ocrx_word' id='word_1_514' title='bbox 2650 924 2861 992; x_wconf 88' lang='lat' dir='ltr'><strong>invitat,</strong></span> <span class='ocrx_word' id='word_1_515' title='bbox 2894 925 3045 982; x_wconf 88' lang='lat' dir='ltr'><strong>nulla</strong></span> <span class='ocrx_word' id='word_1_516' title='bbox 3072 912 3561 982; x_wconf 84' lang='lat' dir='ltr'><strong>excusationesunt</strong></span> 
     </span>
    </p>
   </div>
   <div class='ocr_carea' id='block_1_69' title="bbox 1952 1012 3557 1089">
    <p class='ocr_par' dir='ltr' id='par_1_69' title="bbox 1952 1012 3557 1089">
     <span class='ocr_line' id='line_1_69' title="bbox 1952 1012 3557 1089; baseline -0.002 -16"><span class='ocrx_word' id='word_1_517' title='bbox 1952 1016 2132 1089; x_wconf 69' lang='lat' dir='ltr'><strong>digna</strong></span> <span class='ocrx_word' id='word_1_518' title='bbox 2161 1033 2178 1077; x_wconf 84' lang='lat'><strong>:</strong></span> <span class='ocrx_word' id='word_1_519' title='bbox 2210 1016 2325 1074; x_wconf 88' lang='lat' dir='ltr'><strong>Deo</strong></span> <span class='ocrx_word' id='word_1_520' title='bbox 2366 1031 2602 1088; x_wconf 89' lang='lat' dir='ltr'><strong>namque</strong></span> <span class='ocrx_word' id='word_1_521' title='bbox 2648 1017 2805 1073; x_wconf 86' lang='lat' dir='ltr'><strong>nobis</strong></span> <span class='ocrx_word' id='word_1_522' title='bbox 2846 1024 2974 1073; x_wconf 90' lang='lat' dir='ltr'><strong>stmt</strong></span> <span class='ocrx_word' id='word_1_523' title='bbox 3020 1016 3202 1073; x_wconf 87' lang='lat' dir='ltr'><strong>omnia</strong></span> <span class='ocrx_word' id='word_1_524' title='bbox 3248 1012 3557 1071; x_wconf 76' lang='lat' dir='ltr'><strong>necessaria</strong></span> 
     </span>
    </p>
   </div>
   <div class='ocr_carea' id='block_1_70' title="bbox 1953 1105 3557 1180">
    <p class='ocr_par' dir='ltr' id='par_1_70' title="bbox 1953 1105 3557 1180">
     <span class='ocr_line' id='line_1_70' title="bbox 1953 1105 3557 1180; baseline -0.002 -15"><span class='ocrx_word' id='word_1_525' title='bbox 1953 1107 2346 1180; x_wconf 85' lang='lat' dir='ltr'><strong>posthabeuda.</strong></span> <span class='ocrx_word' id='word_1_526' title='bbox 2376 1107 2481 1165; x_wconf 83' lang='lat' dir='ltr'><strong>Ubi</strong></span> <span class='ocrx_word' id='word_1_527' title='bbox 2508 1108 2629 1179; x_wconf 85' lang='lat' dir='ltr'><strong>ejus</strong></span> <span class='ocrx_word' id='word_1_528' title='bbox 2652 1106 2847 1165; x_wconf 77' lang='lat' dir='ltr'><strong>honori</strong></span> <span class='ocrx_word' id='word_1_529' title='bbox 2871 1106 3033 1164; x_wconf 87' lang='lat' dir='ltr'><strong>fuerit</strong></span> <span class='ocrx_word' id='word_1_530' title='bbox 3060 1105 3412 1174; x_wconf 82' lang='lat' dir='ltr'><strong>satisfactum,</strong></span> <span class='ocrx_word' id='word_1_531' title='bbox 3442 1113 3557 1163; x_wconf 88' lang='lat' dir='ltr'><strong>tum</strong></span> 
     </span>
    </p>
   </div>
   <div class='ocr_carea' id='block_1_71' title="bbox 1953 1189 3561 1271">
    <p class='ocr_par' dir='ltr' id='par_1_71' title="bbox 1953 1189 3561 1271">
     <span class='ocr_line' id='line_1_71' title="bbox 1953 1189 3561 1271; baseline -0.002 -15"><span class='ocrx_word' id='word_1_532' title='bbox 1953 1200 2009 1257; x_wconf 91' lang='lat' dir='ltr'><strong>in</strong></span> <span class='ocrx_word' id='word_1_533' title='bbox 2037 1200 2143 1257; x_wconf 88' lang='lat' dir='ltr'><strong>alia</strong></span> <span class='ocrx_word' id='word_1_534' title='bbox 2170 1199 2408 1257; x_wconf 90' lang='lat' dir='ltr'><strong>studium</strong></span> <span class='ocrx_word' id='word_1_535' title='bbox 2452 1197 2815 1271; x_wconf 87' lang='lat' dir='ltr'><strong>impendatur.</strong></span> <span class='ocrx_word' id='word_1_536' title='bbox 2854 1198 2989 1269; x_wconf 85' lang='lat' dir='ltr'><strong>Quis</strong></span> <span class='ocrx_word' id='word_1_537' title='bbox 3030 1198 3209 1265; x_wconf 87' lang='lat' dir='ltr'><strong>enim,</strong></span> <span class='ocrx_word' id='word_1_538' title='bbox 3239 1211 3447 1269; x_wconf 64' lang='lat' dir='ltr'><strong>quaso,</strong></span> <span class='ocrx_word' id='word_1_539' title='bbox 3477 1189 3561 1253; x_wconf 83' lang='lat' dir='ltr'><strong>fa-</strong></span> 
     </span>
    </p>
   </div>
   <div class='ocr_carea' id='block_1_72' title="bbox 1955 1287 3560 1362">
    <p class='ocr_par' dir='ltr' id='par_1_72' title="bbox 1955 1287 3560 1362">
     <span class='ocr_line' id='line_1_72' title="bbox 1955 1287 3560 1362; baseline -0.002 -14"><span class='ocrx_word' id='word_1_540' title='bbox 1955 1291 2155 1359; x_wconf 86' lang='lat' dir='ltr'><strong>mulus,</strong></span> <span class='ocrx_word' id='word_1_541' title='bbox 2170 1299 2460 1362; x_wconf 88' lang='lat' dir='ltr'><strong>antequam</strong></span> <span class='ocrx_word' id='word_1_542' title='bbox 2477 1290 2700 1349; x_wconf 88' lang='lat' dir='ltr'><strong>domino</strong></span> <span class='ocrx_word' id='word_1_543' title='bbox 2719 1290 2959 1349; x_wconf 89' lang='lat' dir='ltr'><strong>debitum</strong></span> <span class='ocrx_word' id='word_1_544' title='bbox 2978 1289 3279 1362; x_wconf 83' lang='lat' dir='ltr'><strong>expleverit</strong></span> <span class='ocrx_word' id='word_1_545' title='bbox 3306 1287 3560 1345; x_wconf 87' lang='lat' dir='ltr'><strong>ministe-</strong></span> 
     </span>
    </p>
   </div>
   <div class='ocr_carea' id='block_1_73' title="bbox 1953 1374 3560 1455">
    <p class='ocr_par' dir='ltr' id='par_1_73' title="bbox 1953 1374 3560 1455">
     <span class='ocr_line' id='line_1_73' title="bbox 1953 1374 3560 1455; baseline -0.004 -14"><span class='ocrx_word' id='word_1_546' title='bbox 1953 1385 2117 1452; x_wconf 89' lang='lat' dir='ltr'><strong>rium,</strong></span> <span class='ocrx_word' id='word_1_547' title='bbox 2143 1383 2329 1439; x_wconf 78' lang='lat' dir='ltr'><strong>domui</strong></span> <span class='ocrx_word' id='word_1_548' title='bbox 2349 1398 2464 1440; x_wconf 66' lang='lat' dir='ltr'><strong>sum</strong></span> <span class='ocrx_word' id='word_1_549' title='bbox 2497 1399 2753 1455; x_wconf 88' lang='lat' dir='ltr'><strong>umquam</strong></span> <span class='ocrx_word' id='word_1_550' title='bbox 2788 1374 3092 1455; x_wconf 85' lang='lat' dir='ltr'><strong>providebit</strong></span> <span class='ocrx_word' id='word_1_551' title='bbox 3110 1382 3136 1437; x_wconf 75' lang='lat'><strong>!</strong></span> <span class='ocrx_word' id='word_1_552' title='bbox 3157 1386 3242 1437; x_wconf 79' lang='lat' dir='ltr'><strong>An</strong></span> <span class='ocrx_word' id='word_1_553' title='bbox 3264 1395 3373 1437; x_wconf 88' lang='lat' dir='ltr'><strong>non</strong></span> <span class='ocrx_word' id='word_1_554' title='bbox 3397 1377 3560 1450; x_wconf 88' lang='lat' dir='ltr'><strong>igitur</strong></span> 
     </span>
    </p>
   </div>
   <div class='ocr_carea' id='block_1_74' title="bbox 1955 1472 3564 1543">
    <p class='ocr_par' dir='ltr' id='par_1_74' title="bbox 1955 1472 3564 1543">
     <span class='ocr_line' id='line_1_74' title="bbox 1955 1472 3564 1543; baseline -0.004 -12"><span class='ocrx_word' id='word_1_555' title='bbox 1955 1473 2250 1532; x_wconf 86' lang='lat' dir='ltr'><strong>absurdum</strong></span> <span class='ocrx_word' id='word_1_556' title='bbox 2280 1483 2365 1531; x_wconf 86' lang='lat' dir='ltr'><strong>est</strong></span> <span class='ocrx_word' id='word_1_557' title='bbox 2406 1474 2549 1531; x_wconf 89' lang='lat' dir='ltr'><strong>inter</strong></span> <span class='ocrx_word' id='word_1_558' title='bbox 2574 1473 2842 1543; x_wconf 87' lang='lat' dir='ltr'><strong>homines,</strong></span> <span class='ocrx_word' id='word_1_559' title='bbox 2874 1474 2965 1530; x_wconf 91' lang='lat' dir='ltr'><strong>ubi</strong></span> <span class='ocrx_word' id='word_1_560' title='bbox 3004 1472 3207 1530; x_wconf 85' lang='lat' dir='ltr'><strong>nudum</strong></span> <span class='ocrx_word' id='word_1_561' title='bbox 3250 1483 3448 1527; x_wconf 80' lang='lat' dir='ltr'><strong>nomen</strong></span> <span class='ocrx_word' id='word_1_562' title='bbox 3475 1477 3564 1525; x_wconf 87' lang='lat' dir='ltr'><strong>est</strong></span> 
     </span>
    </p>
   </div>
   <div class='ocr_carea' id='block_1_75' title="bbox 1956 1561 3562 1634">
    <p class='ocr_par' dir='ltr' id='par_1_75' title="bbox 1956 1561 3562 1634">
     <span class='ocr_line' id='line_1_75' title="bbox 1956 1561 3562 1634; baseline -0.004 -11"><span class='ocrx_word' id='word_1_563' title='bbox 1956 1565 2285 1634; x_wconf 86' lang='lat' dir='ltr'><strong>dominatus,</strong></span> <span class='ocrx_word' id='word_1_564' title='bbox 2314 1573 2519 1623; x_wconf 88' lang='lat' dir='ltr'><strong>tantam</strong></span> <span class='ocrx_word' id='word_1_565' title='bbox 2554 1564 2703 1623; x_wconf 86' lang='lat' dir='ltr'><strong>heris</strong></span> <span class='ocrx_word' id='word_1_566' title='bbox 2728 1565 3086 1622; x_wconf 87' lang='lat' dir='ltr'><strong>reverentiam</strong></span> <span class='ocrx_word' id='word_1_567' title='bbox 3112 1561 3371 1620; x_wconf 86' lang='lat' dir='ltr'><strong>exhibere</strong></span> <span class='ocrx_word' id='word_1_568' title='bbox 3392 1570 3562 1632; x_wconf 83' lang='lat' dir='ltr'><strong>atque</strong></span> 
     </span>
    </p>
   </div>
   <div class='ocr_carea' id='block_1_76' title="bbox 1956 1657 3687 1723">
    <p class='ocr_par' dir='ltr' id='par_1_76' title="bbox 1956 1657 3687 1723">
     <span class='ocr_line' id='line_1_76' title="bbox 1956 1657 3687 1723; baseline -0.003 -9"><span class='ocrx_word' id='word_1_569' title='bbox 1956 1657 2318 1714; x_wconf 87' lang='lat' dir='ltr'><strong>obedientiam</strong></span> <span class='ocrx_word' id='word_1_570' title='bbox 2351 1674 2369 1719; x_wconf 84' lang='lat'><strong>:</strong></span> <span class='ocrx_word' id='word_1_571' title='bbox 2398 1674 2588 1715; x_wconf 87' lang='lat' dir='ltr'><strong>verum</strong></span> <span class='ocrx_word' id='word_1_572' title='bbox 2615 1668 2796 1715; x_wconf 92' lang='lat' dir='ltr'><strong>autem</strong></span> <span class='ocrx_word' id='word_1_573' title='bbox 2825 1657 3136 1723; x_wconf 88' lang='lat' dir='ltr'><strong>Dominum,</strong></span> <span class='ocrx_word' id='word_1_574' title='bbox 3176 1668 3287 1713; x_wconf 83' lang='lat' dir='ltr'><strong>non</strong></span> <span class='ocrx_word' id='word_1_575' title='bbox 3315 1660 3560 1712; x_wconf 82' lang='lat' dir='ltr'><strong>nostrum</strong></span> <span class='ocrx_word' id='word_1_576' title='bbox 3684 1662 3687 1663; x_wconf 71' lang='lat'><strong><em>&#39;</em></strong></span> 
     </span>
    </p>
   </div>
   <div class='ocr_carea' id='block_1_77' title="bbox 1956 1747 3562 1821">
    <p class='ocr_par' dir='ltr' id='par_1_77' title="bbox 1956 1747 3562 1821">
     <span class='ocr_line' id='line_1_77' title="bbox 1956 1747 3562 1821; baseline -0.003 -15"><span class='ocrx_word' id='word_1_577' title='bbox 1956 1750 2133 1806; x_wconf 89' lang='lat' dir='ltr'><strong>solum</strong></span> <span class='ocrx_word' id='word_1_578' title='bbox 2147 1759 2172 1819; x_wconf 71' lang='grc'><strong>’;</strong></span> <span class='ocrx_word' id='word_1_579' title='bbox 2216 1749 2325 1806; x_wconf 81' lang='lat' dir='ltr'><strong>sed</strong></span> <span class='ocrx_word' id='word_1_580' title='bbox 2368 1763 2727 1821; x_wconf 87' lang='lat' dir='ltr'><strong>superuarum</strong></span> <span class='ocrx_word' id='word_1_581' title='bbox 2773 1749 2936 1806; x_wconf 85' lang='lat' dir='ltr'><strong>etiam</strong></span> <span class='ocrx_word' id='word_1_582' title='bbox 2996 1747 3290 1813; x_wconf 81' lang='lat' dir='ltr'><strong>virtutum,</strong></span> <span class='ocrx_word' id='word_1_583' title='bbox 3338 1758 3411 1802; x_wconf 90' lang='lat' dir='ltr'><strong>ne</strong></span> <span class='ocrx_word' id='word_1_584' title='bbox 3460 1759 3562 1801; x_wconf 87' lang='lat' dir='ltr'><strong>eo-</strong></span> 
     </span>
    </p>
   </div>
   <div class='ocr_carea' id='block_1_78' title="bbox 1956 1833 3563 1913">
    <p class='ocr_par' dir='ltr' id='par_1_78' title="bbox 1956 1833 3563 1913">
     <span class='ocr_line' id='line_1_78' title="bbox 1956 1833 3563 1913; baseline -0.006 -15"><span class='ocrx_word' id='word_1_585' title='bbox 1956 1841 2095 1898; x_wconf 77' lang='lat' dir='ltr'><strong>dem&quot;</strong></span> <span class='ocrx_word' id='word_1_586' title='bbox 2128 1842 2370 1913; x_wconf 87' lang='lat' dir='ltr'><strong>quidem,</strong></span> <span class='ocrx_word' id='word_1_587' title='bbox 2412 1858 2523 1913; x_wconf 92' lang='lat' dir='ltr'><strong>quo</strong></span> <span class='ocrx_word' id='word_1_588' title='bbox 2568 1854 2862 1898; x_wconf 88' lang='lat' dir='ltr'><strong>conservos</strong></span> <span class='ocrx_word' id='word_1_589' title='bbox 2908 1848 3151 1908; x_wconf 89' lang='lat' dir='ltr'><strong>nostros,</strong></span> <span class='ocrx_word' id='word_1_590' title='bbox 3187 1835 3339 1894; x_wconf 90' lang='lat' dir='ltr'><strong>cultu</strong></span> <span class='ocrx_word' id='word_1_591' title='bbox 3368 1843 3426 1891; x_wconf 90' lang='lat' dir='ltr'><strong>et</strong></span> <span class='ocrx_word' id='word_1_592' title='bbox 3463 1833 3563 1890; x_wconf 85' lang='lat' dir='ltr'><strong>ho-</strong></span> 
     </span>
    </p>
   </div>
   <div class='ocr_carea' id='block_1_79' title="bbox 1959 1926 3561 2005">
    <p class='ocr_par' dir='ltr' id='par_1_79' title="bbox 1959 1926 3561 2005">
     <span class='ocr_line' id='line_1_79' title="bbox 1959 1926 3561 2005; baseline -0.005 -16"><span class='ocrx_word' id='word_1_593' title='bbox 1959 1948 2096 1990; x_wconf 88' lang='lat' dir='ltr'><strong>nore</strong></span> <span class='ocrx_word' id='word_1_594' title='bbox 2118 1932 2328 2005; x_wconf 87' lang='lat' dir='ltr'><strong>dignari</strong></span> <span class='ocrx_word' id='word_1_595' title='bbox 2346 1932 2372 1986; x_wconf 82' lang='lat'><strong>?</strong></span> <span class='ocrx_word' id='word_1_596' title='bbox 2398 1932 2797 2005; x_wconf 81' lang='lat' dir='ltr'><strong>Atqueutinam</strong></span> <span class='ocrx_word' id='word_1_597' title='bbox 2813 1931 2931 1988; x_wconf 79' lang='lat' dir='ltr'><strong>fieri</strong></span> <span class='ocrx_word' id='word_1_598' title='bbox 2957 1937 3161 2002; x_wconf 78' lang='lat' dir='ltr'><strong>posset,</strong></span> <span class='ocrx_word' id='word_1_599' title='bbox 3187 1938 3248 1985; x_wconf 89' lang='lat' dir='ltr'><strong>ut</strong></span> <span class='ocrx_word' id='word_1_600' title='bbox 3269 1928 3323 1983; x_wconf 90' lang='lat' dir='ltr'><strong>iu</strong></span> <span class='ocrx_word' id='word_1_601' title='bbox 3344 1926 3561 1983; x_wconf 89' lang='lat' dir='ltr'><strong>illorum</strong></span> 
     </span>
    </p>
   </div>
   <div class='ocr_carea' id='block_1_80' title="bbox 1958 2017 3561 2097">
    <p class='ocr_par' dir='ltr' id='par_1_80' title="bbox 1958 2017 3561 2097">
     <span class='ocr_line' id='line_1_80' title="bbox 1958 2017 3561 2097; baseline -0.006 -15"><span class='ocrx_word' id='word_1_602' title='bbox 1958 2025 2349 2083; x_wconf 87' lang='lat' dir='ltr'><strong>conscientiam</strong></span> <span class='ocrx_word' id='word_1_603' title='bbox 2378 2025 2749 2097; x_wconf 87' lang='lat' dir='ltr'><strong>penetraretis,</strong></span> <span class='ocrx_word' id='word_1_604' title='bbox 2780 2032 2898 2079; x_wconf 89' lang='lat' dir='ltr'><strong>tum</strong></span> <span class='ocrx_word' id='word_1_605' title='bbox 2927 2036 3059 2080; x_wconf 87' lang='lat' dir='ltr'><strong>vero</strong></span> <span class='ocrx_word' id='word_1_606' title='bbox 3097 2020 3266 2093; x_wconf 86' lang='lat' dir='ltr'><strong>probe</strong></span> <span class='ocrx_word' id='word_1_607' title='bbox 3291 2017 3561 2089; x_wconf 79' lang='lat' dir='ltr'><strong>intellige-</strong></span> 
     </span>
    </p>
   </div>
   <div class='ocr_carea' id='block_1_81' title="bbox 1960 2106 3565 2188">
    <p class='ocr_par' dir='ltr' id='par_1_81' title="bbox 1960 2106 3565 2188">
     <span class='ocr_line' id='line_1_81' title="bbox 1960 2106 3565 2188; baseline -0.005 -15"><span class='ocrx_word' id='word_1_608' title='bbox 1960 2119 2113 2186; x_wconf 90' lang='lat' dir='ltr'><strong>retis,</strong></span> <span class='ocrx_word' id='word_1_609' title='bbox 2161 2126 2296 2188; x_wconf 90' lang='lat' dir='ltr'><strong>quot</strong></span> <span class='ocrx_word' id='word_1_610' title='bbox 2335 2116 2645 2174; x_wconf 84' lang='lat' dir='ltr'><strong>vulneribus</strong></span> <span class='ocrx_word' id='word_1_611' title='bbox 2672 2122 2963 2184; x_wconf 87' lang='lat' dir='ltr'><strong>scaterent,</strong></span> <span class='ocrx_word' id='word_1_612' title='bbox 2995 2123 3129 2185; x_wconf 90' lang='lat' dir='ltr'><strong>quot</strong></span> <span class='ocrx_word' id='word_1_613' title='bbox 3166 2110 3351 2183; x_wconf 82' lang='lat' dir='ltr'><strong>spinas</strong></span> <span class='ocrx_word' id='word_1_614' title='bbox 3396 2106 3565 2166; x_wconf 87' lang='lat' dir='ltr'><strong>habe-</strong></span> 
     </span>
    </p>
   </div>
   <div class='ocr_carea' id='block_1_82' title="bbox 1961 2204 3565 2283">
    <p class='ocr_par' dir='ltr' id='par_1_82' title="bbox 1961 2204 3565 2283">
     <span class='ocr_line' id='line_1_82' title="bbox 1961 2204 3565 2283; baseline -0.009 -12"><span class='ocrx_word' id='word_1_615' title='bbox 1961 2220 2104 2271; x_wconf 84' lang='lat' dir='ltr'><strong>rent.</strong></span> <span class='ocrx_word' id='word_1_616' title='bbox 2140 2211 2209 2270; x_wconf 89' lang='lat' dir='ltr'><strong>Ut</strong></span> <span class='ocrx_word' id='word_1_617' title='bbox 2247 2211 2393 2269; x_wconf 86' lang='lat' dir='ltr'><strong>enim</strong></span> <span class='ocrx_word' id='word_1_618' title='bbox 2434 2220 2602 2280; x_wconf 82' lang='lat' dir='ltr'><strong>terra,</strong></span> <span class='ocrx_word' id='word_1_619' title='bbox 2634 2226 2755 2283; x_wconf 65' lang='lat' dir='ltr'><strong>quae</strong></span> <span class='ocrx_word' id='word_1_620' title='bbox 2802 2207 3051 2265; x_wconf 88' lang='lat' dir='ltr'><strong>manibus</strong></span> <span class='ocrx_word' id='word_1_621' title='bbox 3091 2204 3446 2278; x_wconf 83' lang='lat' dir='ltr'><strong>agricolarum</strong></span> <span class='ocrx_word' id='word_1_622' title='bbox 3469 2216 3565 2259; x_wconf 90' lang='lat' dir='ltr'><strong>ex-</strong></span> 
     </span>
    </p>
   </div>
   <div class='ocr_carea' id='block_1_83' title="bbox 1959 2293 3566 2375">
    <p class='ocr_par' dir='ltr' id='par_1_83' title="bbox 1959 2293 3566 2375">
     <span class='ocr_line' id='line_1_83' title="bbox 1959 2293 3566 2375; baseline -0.009 -10"><span class='ocrx_word' id='word_1_623' title='bbox 1959 2308 2099 2366; x_wconf 91' lang='lat' dir='ltr'><strong>culta</strong></span> <span class='ocrx_word' id='word_1_624' title='bbox 2147 2322 2255 2364; x_wconf 91' lang='lat' dir='ltr'><strong>nou</strong></span> <span class='ocrx_word' id='word_1_625' title='bbox 2294 2315 2400 2374; x_wconf 87' lang='lat' dir='ltr'><strong>est,</strong></span> <span class='ocrx_word' id='word_1_626' title='bbox 2446 2304 2660 2363; x_wconf 86' lang='lat' dir='ltr'><strong>deserta</strong></span> <span class='ocrx_word' id='word_1_627' title='bbox 2706 2304 2765 2360; x_wconf 88' lang='lat' dir='ltr'><strong>lit</strong></span> <span class='ocrx_word' id='word_1_628' title='bbox 2807 2312 2863 2358; x_wconf 90' lang='lat' dir='ltr'><strong>et</strong></span> <span class='ocrx_word' id='word_1_629' title='bbox 2901 2300 3157 2375; x_wconf 84' lang='lat' dir='ltr'><strong>sylvescit</strong></span> <span class='ocrx_word' id='word_1_630' title='bbox 3190 2315 3204 2356; x_wconf 88' lang='lat'><strong>:</strong></span> <span class='ocrx_word' id='word_1_631' title='bbox 3236 2293 3378 2353; x_wconf 87' lang='lat' dir='ltr'><strong>haud</strong></span> <span class='ocrx_word' id='word_1_632' title='bbox 3404 2308 3566 2352; x_wconf 89' lang='lat' dir='ltr'><strong>secus</strong></span> 
     </span>
    </p>
   </div>
   <div class='ocr_carea' id='block_1_84' title="bbox 1960 2386 3567 2472">
    <p class='ocr_par' dir='ltr' id='par_1_84' title="bbox 1960 2386 3567 2472">
     <span class='ocr_line' id='line_1_84' title="bbox 1960 2386 3567 2472; baseline -0.011 -14"><span class='ocrx_word' id='word_1_633' title='bbox 1960 2402 2162 2470; x_wconf 86' lang='lat' dir='ltr'><strong>anima,</strong></span> <span class='ocrx_word' id='word_1_634' title='bbox 2189 2416 2311 2472; x_wconf 76' lang='lat' dir='ltr'><strong>qua:</strong></span> <span class='ocrx_word' id='word_1_635' title='bbox 2349 2396 2615 2471; x_wconf 88' lang='lat' dir='ltr'><strong>spirituali</strong></span> <span class='ocrx_word' id='word_1_636' title='bbox 2645 2395 2890 2453; x_wconf 88' lang='lat' dir='ltr'><strong>doctrina</strong></span> <span class='ocrx_word' id='word_1_637' title='bbox 2936 2408 3042 2450; x_wconf 90' lang='lat' dir='ltr'><strong>non</strong></span> <span class='ocrx_word' id='word_1_638' title='bbox 3074 2389 3352 2455; x_wconf 90' lang='lat' dir='ltr'><strong>imbuitur,</strong></span> <span class='ocrx_word' id='word_1_639' title='bbox 3381 2386 3567 2458; x_wconf 89' lang='lat' dir='ltr'><strong>spinas</strong></span> 
     </span>
    </p>
   </div>
   <div class='ocr_carea' id='block_1_85' title="bbox 1962 2476 3567 2561">
    <p class='ocr_par' dir='ltr' id='par_1_85' title="bbox 1962 2476 3567 2561">
     <span class='ocr_line' id='line_1_85' title="bbox 1962 2476 3567 2561; baseline -0.01 -12"><span class='ocrx_word' id='word_1_640' title='bbox 1962 2500 2018 2549; x_wconf 90' lang='lat' dir='ltr'><strong>et</strong></span> <span class='ocrx_word' id='word_1_641' title='bbox 2041 2489 2271 2547; x_wconf 85' lang='lat' dir='ltr'><strong>tribulos</strong></span> <span class='ocrx_word' id='word_1_642' title='bbox 2292 2487 2558 2561; x_wconf 87' lang='lat' dir='ltr'><strong>producit.</strong></span> <span class='ocrx_word' id='word_1_643' title='bbox 2586 2486 2645 2545; x_wconf 86' lang='lat' dir='ltr'><strong>Si</strong></span> <span class='ocrx_word' id='word_1_644' title='bbox 2660 2486 2806 2542; x_wconf 88' lang='lat' dir='ltr'><strong>enim</strong></span> <span class='ocrx_word' id='word_1_645' title='bbox 2832 2499 2933 2541; x_wconf 88' lang='lat' dir='ltr'><strong>nos</strong></span> <span class='ocrx_word' id='word_1_646' title='bbox 2954 2482 3042 2554; x_wconf 89' lang='lat' dir='ltr'><strong>qui</strong></span> <span class='ocrx_word' id='word_1_647' title='bbox 3064 2478 3305 2554; x_wconf 85' lang='lat' dir='ltr'><strong>quotidie</strong></span> <span class='ocrx_word' id='word_1_648' title='bbox 3331 2476 3567 2535; x_wconf 87' lang='lat' dir='ltr'><strong>lectione</strong></span> 
     </span>
    </p>
   </div>
   <div class='ocr_carea' id='block_1_86' title="bbox 1964 2570 3566 2657">
    <p class='ocr_par' dir='ltr' id='par_1_86' title="bbox 1964 2570 3566 2657">
     <span class='ocr_line' id='line_1_86' title="bbox 1964 2570 3566 2657; baseline -0.012 -16"><span class='ocrx_word' id='word_1_649' title='bbox 1964 2584 2348 2657; x_wconf 88' lang='lat' dir='ltr'><strong>prophetarum</strong></span> <span class='ocrx_word' id='word_1_650' title='bbox 2383 2581 2609 2638; x_wconf 90' lang='lat' dir='ltr'><strong>fruimur</strong></span> <span class='ocrx_word' id='word_1_651' title='bbox 2652 2588 2708 2636; x_wconf 91' lang='lat' dir='ltr'><strong>ct</strong></span> <span class='ocrx_word' id='word_1_652' title='bbox 2736 2577 3125 2650; x_wconf 86' lang='lat' dir='ltr'><strong>apostolorum,</strong></span> <span class='ocrx_word' id='word_1_653' title='bbox 3172 2571 3263 2627; x_wconf 82' lang='lat' dir='ltr'><strong>vix</strong></span> <span class='ocrx_word' id='word_1_654' title='bbox 3306 2570 3566 2639; x_wconf 87' lang='lat' dir='ltr'><strong>impetum</strong></span> 
     </span>
    </p>
   </div>
   <div class='ocr_carea' id='block_1_87' title="bbox 1962 2660 3569 2742">
    <p class='ocr_par' dir='ltr' id='par_1_87' title="bbox 1962 2660 3569 2742">
     <span class='ocr_line' id='line_1_87' title="bbox 1962 2660 3569 2742; baseline -0.011 -10"><span class='ocrx_word' id='word_1_655' title='bbox 1962 2676 2128 2732; x_wconf 90' lang='lat' dir='ltr'><strong>animi</strong></span> <span class='ocrx_word' id='word_1_656' title='bbox 2149 2674 2491 2742; x_wconf 88' lang='lat' dir='ltr'><strong>cohibcmus,</strong></span> <span class='ocrx_word' id='word_1_657' title='bbox 2517 2672 2608 2727; x_wconf 86' lang='lat' dir='ltr'><strong>vix</strong></span> <span class='ocrx_word' id='word_1_658' title='bbox 2623 2672 2757 2727; x_wconf 87' lang='lat' dir='ltr'><strong>iram</strong></span> <span class='ocrx_word' id='word_1_659' title='bbox 2788 2667 3087 2731; x_wconf 86' lang='lat' dir='ltr'><strong>frenamus,</strong></span> <span class='ocrx_word' id='word_1_660' title='bbox 3109 2665 3199 2719; x_wconf 86' lang='lat' dir='ltr'><strong>vix</strong></span> <span class='ocrx_word' id='word_1_661' title='bbox 3222 2660 3569 2732; x_wconf 84' lang='lat' dir='ltr'><strong>cupiditatem</strong></span> 
     </span>
    </p>
   </div>
   <div class='ocr_carea' id='block_1_88' title="bbox 1964 2750 3573 2838">
    <p class='ocr_par' dir='ltr' id='par_1_88' title="bbox 1964 2750 3573 2838">
     <span class='ocr_line' id='line_1_88' title="bbox 1964 2750 3573 2838; baseline -0.012 -14"><span class='ocrx_word' id='word_1_662' title='bbox 1964 2766 2328 2838; x_wconf 83' lang='lat' dir='ltr'><strong>reprimimus,</strong></span> <span class='ocrx_word' id='word_1_663' title='bbox 2358 2765 2449 2820; x_wconf 84' lang='lat' dir='ltr'><strong>vix</strong></span> <span class='ocrx_word' id='word_1_664' title='bbox 2484 2761 2701 2819; x_wconf 60' lang='lat' dir='ltr'><strong>invidiae</strong></span> <span class='ocrx_word' id='word_1_665' title='bbox 2745 2759 2921 2816; x_wconf 88' lang='lat' dir='ltr'><strong>tabem</strong></span> <span class='ocrx_word' id='word_1_666' title='bbox 2962 2754 3298 2828; x_wconf 87' lang='lat' dir='ltr'><strong>repellimus,</strong></span> <span class='ocrx_word' id='word_1_667' title='bbox 3329 2750 3458 2808; x_wconf 88' lang='lat' dir='ltr'><strong>licet</strong></span> <span class='ocrx_word' id='word_1_668' title='bbox 3484 2766 3573 2806; x_wconf 81' lang='lat' dir='ltr'><strong>as-</strong></span> 
     </span>
    </p>
   </div>
   <div class='ocr_carea' id='block_1_89' title="bbox 1964 2841 3573 2923">
    <p class='ocr_par' dir='ltr' id='par_1_89' title="bbox 1964 2841 3573 2923">
     <span class='ocr_line' id='line_1_89' title="bbox 1964 2841 3573 2923; baseline -0.013 -7"><span class='ocrx_word' id='word_1_669' title='bbox 1964 2859 2115 2916; x_wconf 88' lang='lat' dir='ltr'><strong>sidua</strong></span> <span class='ocrx_word' id='word_1_670' title='bbox 2143 2857 2383 2914; x_wconf 88' lang='lat' dir='ltr'><strong>carmina</strong></span> <span class='ocrx_word' id='word_1_671' title='bbox 2409 2870 2475 2912; x_wconf 90' lang='lat' dir='ltr'><strong>ex</strong></span> <span class='ocrx_word' id='word_1_672' title='bbox 2502 2853 2797 2923; x_wconf 88' lang='lat' dir='ltr'><strong>Scripturis</strong></span> <span class='ocrx_word' id='word_1_673' title='bbox 2827 2850 2994 2907; x_wconf 87' lang='lat' dir='ltr'><strong>sacris</strong></span> <span class='ocrx_word' id='word_1_674' title='bbox 3028 2847 3347 2919; x_wconf 83' lang='lat' dir='ltr'><strong>deprompta</strong></span> <span class='ocrx_word' id='word_1_675' title='bbox 3371 2841 3573 2899; x_wconf 85' lang='lat' dir='ltr'><strong>nostris</strong></span> 
     </span>
    </p>
   </div>
   <div class='ocr_carea' id='block_1_90' title="bbox 1968 2934 3576 3022">
    <p class='ocr_par' dir='ltr' id='par_1_90' title="bbox 1968 2934 3576 3022">
     <span class='ocr_line' id='line_1_90' title="bbox 1968 2934 3576 3022; baseline -0.012 -16"><span class='ocrx_word' id='word_1_676' title='bbox 1968 2949 2462 3022; x_wconf 87' lang='lat' dir='ltr'><strong>perturbationibus</strong></span> <span class='ocrx_word' id='word_1_677' title='bbox 2511 2948 2857 3009; x_wconf 89' lang='lat' dir='ltr'><strong>occinamus,</strong></span> <span class='ocrx_word' id='word_1_678' title='bbox 2913 2942 3000 2997; x_wconf 86' lang='lat' dir='ltr'><strong>vix</strong></span> <span class='ocrx_word' id='word_1_679' title='bbox 3051 2936 3391 3009; x_wconf 88' lang='lat' dir='ltr'><strong>impudentes</strong></span> <span class='ocrx_word' id='word_1_680' title='bbox 3440 2934 3576 2988; x_wconf 86' lang='lat' dir='ltr'><strong>istas</strong></span> 
     </span>
    </p>
   </div>
   <div class='ocr_carea' id='block_1_91' title="bbox 1966 3022 3575 3106">
    <p class='ocr_par' dir='ltr' id='par_1_91' title="bbox 1966 3022 3575 3106">
     <span class='ocr_line' id='line_1_91' title="bbox 1966 3022 3575 3106; baseline -0.014 -6"><span class='ocrx_word' id='word_1_681' title='bbox 1966 3042 2175 3100; x_wconf 85' lang='lat' dir='ltr'><strong>belluas</strong></span> <span class='ocrx_word' id='word_1_682' title='bbox 2205 3040 2522 3096; x_wconf 89' lang='lat' dir='ltr'><strong>cohibemus</strong></span> <span class='ocrx_word' id='word_1_683' title='bbox 2551 3056 2567 3095; x_wconf 89' lang='lat'><strong>:</strong></span> <span class='ocrx_word' id='word_1_684' title='bbox 2596 3037 2703 3093; x_wconf 83' lang='lat' dir='ltr'><strong>illis</strong></span> <span class='ocrx_word' id='word_1_685' title='bbox 2746 3036 2944 3106; x_wconf 84' lang='lat' dir='ltr'><strong>quibus</strong></span> <span class='ocrx_word' id='word_1_686' title='bbox 2969 3043 3263 3101; x_wconf 90' lang='lat' dir='ltr'><strong>numquam</strong></span> <span class='ocrx_word' id='word_1_687' title='bbox 3305 3022 3575 3099; x_wconf 84' lang='lat' dir='ltr'><strong>ejusmodi</strong></span> 
     </span>
    </p>
   </div>
   <div class='ocr_carea' id='block_1_92' title="bbox 1967 3115 3573 3197">
    <p class='ocr_par' dir='ltr' id='par_1_92' title="bbox 1967 3115 3573 3197">
     <span class='ocr_line' id='line_1_92' title="bbox 1967 3115 3573 3197; baseline -0.014 -6"><span class='ocrx_word' id='word_1_688' title='bbox 1967 3132 2319 3191; x_wconf 75' lang='lat' dir='ltr'><strong>cst‘adhibita</strong></span> <span class='ocrx_word' id='word_1_689' title='bbox 2345 3129 2637 3197; x_wconf 85' lang='lat' dir='ltr'><strong>medicina,</strong></span> <span class='ocrx_word' id='word_1_690' title='bbox 2687 3142 2863 3197; x_wconf 89' lang='lat' dir='ltr'><strong>neque</strong></span> <span class='ocrx_word' id='word_1_691' title='bbox 2906 3123 3144 3180; x_wconf 86' lang='lat' dir='ltr'><strong>divinam</strong></span> <span class='ocrx_word' id='word_1_692' title='bbox 3172 3115 3573 3191; x_wconf 86' lang='lat' dir='ltr'><strong>philosophiam</strong></span> 
     </span>
    </p>
   </div>
   <div class='ocr_carea' id='block_1_93' title="bbox 1966 3207 3575 3295">
    <p class='ocr_par' dir='ltr' id='par_1_93' title="bbox 1966 3207 3575 3295">
     <span class='ocr_line' id='line_1_93' title="bbox 1966 3207 3575 3295; baseline -0.014 -12"><span class='ocrx_word' id='word_1_693' title='bbox 1966 3225 2311 3292; x_wconf 89' lang='lat' dir='ltr'><strong>audiverunt,</strong></span> <span class='ocrx_word' id='word_1_694' title='bbox 2361 3238 2480 3295; x_wconf 75' lang='lat' dir='ltr'><strong>qua:</strong></span> <span class='ocrx_word' id='word_1_695' title='bbox 2524 3219 2733 3284; x_wconf 86' lang='lat' dir='ltr'><strong>salutis.</strong></span> <span class='ocrx_word' id='word_1_696' title='bbox 2783 3231 2990 3288; x_wconf 62' lang='lat' dir='ltr'><strong>quaeso,</strong></span> <span class='ocrx_word' id='word_1_697' title='bbox 3033 3228 3159 3287; x_wconf 90' lang='lat' dir='ltr'><strong>spes</strong></span> <span class='ocrx_word' id='word_1_698' title='bbox 3195 3218 3281 3267; x_wconf 90' lang='lat' dir='ltr'><strong>est</strong></span> <span class='ocrx_word' id='word_1_699' title='bbox 3320 3207 3575 3280; x_wconf 81' lang='lat' dir='ltr'><strong>reliqua?</strong></span> 
     </span>
    </p>
   </div>
   <div class='ocr_carea' id='block_1_94' title="bbox 1955 3300 3576 3376">
    <p class='ocr_par' dir='ltr' id='par_1_94' title="bbox 1955 3300 3576 3376">
     <span class='ocr_line' id='line_1_94' title="bbox 1955 3300 3576 3376; baseline -0.014 0"><span class='ocrx_word' id='word_1_700' title='bbox 1955 3319 2177 3376; x_wconf 77' lang='lat' dir='ltr'><strong>&#39;Velletn</strong></span> <span class='ocrx_word' id='word_1_701' title='bbox 2226 3316 2358 3373; x_wconf 88' lang='lat' dir='ltr'><strong>mihi</strong></span> <span class='ocrx_word' id='word_1_702' title='bbox 2401 3316 2586 3372; x_wconf 90' lang='lat' dir='ltr'><strong>liceret</strong></span> <span class='ocrx_word' id='word_1_703' title='bbox 2626 3312 2864 3368; x_wconf 89' lang='lat' dir='ltr'><strong>animam</strong></span> <span class='ocrx_word' id='word_1_704' title='bbox 2906 3308 3118 3364; x_wconf 91' lang='lat' dir='ltr'><strong>illorum</strong></span> <span class='ocrx_word' id='word_1_705' title='bbox 3162 3300 3336 3360; x_wconf 87' lang='lat' dir='ltr'><strong>oculis</strong></span> <span class='ocrx_word' id='word_1_706' title='bbox 3381 3300 3576 3356; x_wconf 83' lang='lat' dir='ltr'><strong>vestris</strong></span> 
     </span>
    </p>
   </div>
   <div class='ocr_carea' id='block_1_95' title="bbox 1969 3394 3577 3482">
    <p class='ocr_par' dir='ltr' id='par_1_95' title="bbox 1969 3394 3577 3482">
     <span class='ocr_line' id='line_1_95' title="bbox 1969 3394 3577 3482; baseline -0.012 -14"><span class='ocrx_word' id='word_1_707' title='bbox 1969 3412 2258 3482; x_wconf 87' lang='lat' dir='ltr'><strong>subjicere,</strong></span> <span class='ocrx_word' id='word_1_708' title='bbox 2287 3418 2400 3465; x_wconf 92' lang='lat' dir='ltr'><strong>tum</strong></span> <span class='ocrx_word' id='word_1_709' title='bbox 2426 3406 2571 3463; x_wconf 89' lang='lat' dir='ltr'><strong>illam</strong></span> <span class='ocrx_word' id='word_1_710' title='bbox 2595 3413 2648 3462; x_wconf 93' lang='lat' dir='ltr'><strong>et</strong></span> <span class='ocrx_word' id='word_1_711' title='bbox 2677 3400 2951 3460; x_wconf 83' lang='lat' dir='ltr'><strong>sordidam</strong></span> <span class='ocrx_word' id='word_1_712' title='bbox 2976 3407 3032 3457; x_wconf 88' lang='lat' dir='ltr'><strong>et</strong></span> <span class='ocrx_word' id='word_1_713' title='bbox 3058 3394 3421 3469; x_wconf 79' lang='lat' dir='ltr'><strong>squalentem,</strong></span> <span class='ocrx_word' id='word_1_714' title='bbox 3446 3405 3577 3449; x_wconf 83' lang='lat' dir='ltr'><strong>con-</strong></span> 
     </span>
    </p>
   </div>
   <div class='ocr_carea' id='block_1_96' title="bbox 1970 3484 3575 3571">
    <p class='ocr_par' dir='ltr' id='par_1_96' title="bbox 1970 3484 3575 3571">
     <span class='ocr_line' id='line_1_96' title="bbox 1970 3484 3575 3571; baseline -0.014 -12"><span class='ocrx_word' id='word_1_715' title='bbox 1970 3504 2144 3559; x_wconf 89' lang='lat' dir='ltr'><strong>fusam</strong></span> <span class='ocrx_word' id='word_1_716' title='bbox 2189 3510 2245 3559; x_wconf 90' lang='lat' dir='ltr'><strong>et</strong></span> <span class='ocrx_word' id='word_1_717' title='bbox 2283 3500 2546 3571; x_wconf 77' lang='lat' dir='ltr'><strong>abiectam</strong></span> <span class='ocrx_word' id='word_1_718' title='bbox 2592 3510 2657 3552; x_wconf 89' lang='lat' dir='ltr'><strong>ac</strong></span> <span class='ocrx_word' id='word_1_719' title='bbox 2697 3493 2905 3567; x_wconf 88' lang='lat' dir='ltr'><strong>pudore</strong></span> <span class='ocrx_word' id='word_1_720' title='bbox 2948 3489 3205 3547; x_wconf 79' lang='lat' dir='ltr'><strong>suffusum</strong></span> <span class='ocrx_word' id='word_1_721' title='bbox 3253 3484 3575 3542; x_wconf 90' lang='lat' dir='ltr'><strong>cerneretis.</strong></span> 
     </span>
    </p>
   </div>
   <div class='ocr_carea' id='block_1_97' title="bbox 1969 3582 3577 3665">
    <p class='ocr_par' dir='ltr' id='par_1_97' title="bbox 1969 3582 3577 3665">
     <span class='ocr_line' id='line_1_97' title="bbox 1969 3582 3577 3665; baseline -0.015 -14"><span class='ocrx_word' id='word_1_722' title='bbox 1969 3593 2105 3651; x_wconf 81' lang='lat' dir='ltr'><strong>Nam</strong></span> <span class='ocrx_word' id='word_1_723' title='bbox 2130 3588 2584 3665; x_wconf 88' lang='lat' dir='ltr'><strong>quemadmodum</strong></span> <span class='ocrx_word' id='word_1_724' title='bbox 2601 3602 2723 3659; x_wconf 71' lang='lat' dir='ltr'><strong>qua:</strong></span> <span class='ocrx_word' id='word_1_725' title='bbox 2747 3582 2954 3640; x_wconf 78' lang='lat' dir='ltr'><strong>balneis</strong></span> <span class='ocrx_word' id='word_1_726' title='bbox 2977 3595 3085 3637; x_wconf 91' lang='lat' dir='ltr'><strong>non</strong></span> <span class='ocrx_word' id='word_1_727' title='bbox 3107 3585 3330 3636; x_wconf 89' lang='lat' dir='ltr'><strong>utuntur</strong></span> <span class='ocrx_word' id='word_1_728' title='bbox 3345 3588 3577 3665; x_wconf 84' lang='lat' dir='ltr'><strong>corpora</strong></span> 
     </span>
    </p>
   </div>
   <div class='ocr_carea' id='block_1_98' title="bbox 1970 3663 3573 3757">
    <p class='ocr_par' dir='ltr' id='par_1_98' title="bbox 1970 3663 3573 3757">
     <span class='ocr_line' id='line_1_98' title="bbox 1970 3663 3573 3757; baseline -0.015 -16"><span class='ocrx_word' id='word_1_729' title='bbox 1970 3663 2222 3757; x_wconf 85' lang='lat' dir='ltr'><strong>squalore</strong></span> <span class='ocrx_word' id='word_1_730' title='bbox 2262 3698 2329 3739; x_wconf 89' lang='lat' dir='ltr'><strong>ac</strong></span> <span class='ocrx_word' id='word_1_731' title='bbox 2351 3680 2603 3739; x_wconf 85' lang='lat' dir='ltr'><strong>sordibus</strong></span> <span class='ocrx_word' id='word_1_732' title='bbox 2646 3677 2829 3734; x_wconf 90' lang='lat' dir='ltr'><strong>multis</strong></span> <span class='ocrx_word' id='word_1_733' title='bbox 2878 3680 3088 3732; x_wconf 84' lang='lat' dir='ltr'><strong>scatent</strong></span> <span class='ocrx_word' id='word_1_734' title='bbox 3117 3689 3132 3727; x_wconf 88' lang='lat'><strong>:</strong></span> <span class='ocrx_word' id='word_1_735' title='bbox 3164 3670 3237 3724; x_wconf 86' lang='lat' dir='ltr'><strong>ita</strong></span> <span class='ocrx_word' id='word_1_736' title='bbox 3266 3682 3388 3738; x_wconf 71' lang='lat' dir='ltr'><strong>quae</strong></span> <span class='ocrx_word' id='word_1_737' title='bbox 3413 3663 3573 3757; x_wconf 80' lang='lat' dir='ltr'><strong>spiri-</strong></span> 
     </span>
    </p>
   </div>
   <div class='ocr_carea' id='block_1_99' title="bbox 1975 3753 3579 3834">
    <p class='ocr_par' dir='ltr' id='par_1_99' title="bbox 1975 3753 3579 3834">
     <span class='ocr_line' id='line_1_99' title="bbox 1975 3753 3579 3834; baseline -0.015 0"><span class='ocrx_word' id='word_1_738' title='bbox 1975 3753 2106 3834; x_wconf 81' lang='lat' dir='ltr'><strong>tuali</strong></span> <span class='ocrx_word' id='word_1_739' title='bbox 2132 3773 2376 3833; x_wconf 88' lang='lat' dir='ltr'><strong>doctrina</strong></span> <span class='ocrx_word' id='word_1_740' title='bbox 2399 3770 2613 3829; x_wconf 89' lang='lat' dir='ltr'><strong>exculta</strong></span> <span class='ocrx_word' id='word_1_741' title='bbox 2642 3783 2751 3825; x_wconf 91' lang='lat' dir='ltr'><strong>non</strong></span> <span class='ocrx_word' id='word_1_742' title='bbox 2774 3775 2859 3824; x_wconf 90' lang='lat' dir='ltr'><strong>est</strong></span> <span class='ocrx_word' id='word_1_743' title='bbox 2884 3764 3084 3830; x_wconf 85' lang='lat' dir='ltr'><strong>anima,</strong></span> <span class='ocrx_word' id='word_1_744' title='bbox 3114 3759 3299 3816; x_wconf 90' lang='lat' dir='ltr'><strong>multis</strong></span> <span class='ocrx_word' id='word_1_745' title='bbox 3325 3753 3579 3814; x_wconf 86' lang='lat' dir='ltr'><strong>sordibus</strong></span> 
     </span>
    </p>
   </div>
   <div class='ocr_carea' id='block_1_100' title="bbox 1972 3846 3577 3942">
    <p class='ocr_par' dir='ltr' id='par_1_100' title="bbox 1972 3846 3577 3942">
     <span class='ocr_line' id='line_1_100' title="bbox 1972 3846 3577 3942; baseline -0.017 -14"><span class='ocrx_word' id='word_1_746' title='bbox 1972 3877 2314 3942; x_wconf 84' lang='lat' dir='ltr'><strong>peccatorum</strong></span> <span class='ocrx_word' id='word_1_747' title='bbox 2347 3875 2432 3923; x_wconf 84' lang='lat' dir='ltr'><strong>est</strong></span> <span class='ocrx_word' id='word_1_748' title='bbox 2458 3863 2653 3920; x_wconf 89' lang='lat' dir='ltr'><strong>obsita.</strong></span> <span class='ocrx_word' id='word_1_749' title='bbox 2686 3859 2827 3918; x_wconf 87' lang='lat' dir='ltr'><strong>Sunt</strong></span> <span class='ocrx_word' id='word_1_750' title='bbox 2852 3859 2996 3915; x_wconf 88' lang='lat' dir='ltr'><strong>enim</strong></span> <span class='ocrx_word' id='word_1_751' title='bbox 3027 3853 3278 3911; x_wconf 79' lang='lat' dir='ltr'><strong>balneum</strong></span> <span class='ocrx_word' id='word_1_752' title='bbox 3308 3846 3577 3942; x_wconf 79' lang='lat' dir='ltr'><strong>quoddam</strong></span> 
     </span>
    </p>
   </div>
   <div class='ocr_carea' id='block_1_101' title="bbox 1972 3937 3581 4033">
    <p class='ocr_par' dir='ltr' id='par_1_101' title="bbox 1972 3937 3581 4033">
     <span class='ocr_line' id='line_1_101' title="bbox 1972 3937 3581 4033; baseline -0.014 -16"><span class='ocrx_word' id='word_1_753' title='bbox 1972 3937 2250 4033; x_wconf 73' lang='lat' dir='ltr'><strong>spirituale</strong></span> <span class='ocrx_word' id='word_1_754' title='bbox 2277 3971 2399 4028; x_wconf 65' lang='lat' dir='ltr'><strong>qua</strong></span> <span class='ocrx_word' id='word_1_755' title='bbox 2425 3954 2513 4011; x_wconf 87' lang='lat' dir='ltr'><strong>hic</strong></span> <span class='ocrx_word' id='word_1_756' title='bbox 2541 3953 2699 4019; x_wconf 83' lang='lat' dir='ltr'><strong>fiunt,</strong></span> <span class='ocrx_word' id='word_1_757' title='bbox 2725 3948 2871 4022; x_wconf 91' lang='lat' dir='ltr'><strong>quod</strong></span> <span class='ocrx_word' id='word_1_758' title='bbox 2909 3947 3092 4003; x_wconf 89' lang='lat' dir='ltr'><strong>calore</strong></span> <span class='ocrx_word' id='word_1_759' title='bbox 3129 3944 3369 4033; x_wconf 86' lang='lat' dir='ltr'><strong>Spiritus</strong></span> <span class='ocrx_word' id='word_1_760' title='bbox 3387 3937 3581 3997; x_wconf 80' lang='lat' dir='ltr'><strong>sordes</strong></span> 
     </span>
    </p>
   </div>
   <div class='ocr_carea' id='block_1_102' title="bbox 1972 4032 3581 4120">
    <p class='ocr_par' dir='ltr' id='par_1_102' title="bbox 1972 4032 3581 4120">
     <span class='ocr_line' id='line_1_102' title="bbox 1972 4032 3581 4120; baseline -0.015 -11"><span class='ocrx_word' id='word_1_761' title='bbox 1972 4032 2163 4109; x_wconf 82' lang='lat' dir='ltr'><strong>omnes</strong></span> <span class='ocrx_word' id='word_1_762' title='bbox 2186 4048 2481 4120; x_wconf 84' lang='lat' dir='ltr'><strong>abstergit;</strong></span> <span class='ocrx_word' id='word_1_763' title='bbox 2504 4047 2615 4101; x_wconf 87' lang='lat' dir='ltr'><strong>imo</strong></span> <span class='ocrx_word' id='word_1_764' title='bbox 2639 4057 2769 4101; x_wconf 85' lang='lat' dir='ltr'><strong>vero</strong></span> <span class='ocrx_word' id='word_1_765' title='bbox 2789 4056 2897 4098; x_wconf 90' lang='lat' dir='ltr'><strong>non</strong></span> <span class='ocrx_word' id='word_1_766' title='bbox 2912 4038 3104 4105; x_wconf 86' lang='lat' dir='ltr'><strong>sordes</strong></span> <span class='ocrx_word' id='word_1_767' title='bbox 3124 4044 3332 4092; x_wconf 88' lang='lat' dir='ltr'><strong>tantum</strong></span> <span class='ocrx_word' id='word_1_768' title='bbox 3348 4032 3581 4105; x_wconf 83' lang='lat' dir='ltr'><strong>Spiritus</strong></span> 
     </span>
    </p>
   </div>
   <div class='ocr_carea' id='block_1_103' title="bbox 1973 4125 3573 4217">
    <p class='ocr_par' dir='ltr' id='par_1_103' title="bbox 1973 4125 3573 4217">
     <span class='ocr_line' id='line_1_103' title="bbox 1973 4125 3573 4217; baseline -0.016 -16"><span class='ocrx_word' id='word_1_769' title='bbox 1973 4146 2112 4217; x_wconf 86' lang='lat' dir='ltr'><strong>ignis</strong></span> <span class='ocrx_word' id='word_1_770' title='bbox 2139 4142 2419 4213; x_wconf 86' lang='lat' dir='ltr'><strong>abstergit,</strong></span> <span class='ocrx_word' id='word_1_771' title='bbox 2450 4136 2545 4194; x_wconf 86' lang='lat' dir='ltr'><strong>sed</strong></span> <span class='ocrx_word' id='word_1_772' title='bbox 2571 4138 2735 4193; x_wconf 90' lang='lat' dir='ltr'><strong>etiam</strong></span> <span class='ocrx_word' id='word_1_773' title='bbox 2787 4132 3047 4188; x_wconf 91' lang='lat' dir='ltr'><strong>colorem.</strong></span> <span class='ocrx_word' id='word_1_774' title='bbox 3080 4127 3141 4184; x_wconf 89' lang='lat' dir='ltr'><strong>Si</strong></span> <span class='ocrx_word' id='word_1_775' title='bbox 3166 4127 3300 4182; x_wconf 76' lang='lat' dir='ltr'><strong>enim</strong></span> <span class='ocrx_word' id='word_1_776' title='bbox 3342 4125 3535 4217; x_wconf 67' lang='lat' dir='ltr'><strong>fuerint</strong></span> <span class='ocrx_word' id='word_1_777' title='bbox 3559 4166 3573 4187; x_wconf 86' lang='lat'><strong>,</strong></span> 
     </span>
    </p>
   </div>
   <div class='ocr_carea' id='block_1_104' title="bbox 1974 4215 3582 4307">
    <p class='ocr_par' dir='ltr' id='par_1_104' title="bbox 1974 4215 3582 4307">
     <span class='ocr_line' id='line_1_104' title="bbox 1974 4215 3582 4307; baseline -0.015 -16"><span class='ocrx_word' id='word_1_778' title='bbox 1974 4215 2168 4307; x_wconf 83' lang='lat' dir='ltr'><strong>inquit,</strong></span> <span class='ocrx_word' id='word_1_779' title='bbox 2199 4242 2406 4306; x_wconf 80' lang='lat' dir='ltr'><strong>peccata</strong></span> <span class='ocrx_word' id='word_1_780' title='bbox 2430 4239 2593 4286; x_wconf 78' lang='lat' dir='ltr'><strong>uestra</strong></span> <span class='ocrx_word' id='word_1_781' title='bbox 2617 4229 2749 4284; x_wconf 78' lang='lat' dir='ltr'><strong>sicut</strong></span> <span class='ocrx_word' id='word_1_782' title='bbox 2777 4224 3115 4299; x_wconf 66' lang='lat' dir='ltr'><strong>putauimus,</strong></span> <span class='ocrx_word' id='word_1_783' title='bbox 3137 4220 3266 4276; x_wconf 74' lang='lat' dir='ltr'><strong>sicut</strong></span> <span class='ocrx_word' id='word_1_784' title='bbox 3299 4218 3464 4272; x_wconf 75' lang='lat' dir='ltr'><strong>niuem</strong></span> <span class='ocrx_word' id='word_1_785' title='bbox 3493 4215 3582 4268; x_wconf 76' lang='lat' dir='ltr'><strong>dr-</strong></span> 
     </span>
    </p>
   </div>
   <div class='ocr_carea' id='block_1_105' title="bbox 1972 4310 3582 4399">
    <p class='ocr_par' dir='ltr' id='par_1_105' title="bbox 1972 4310 3582 4399">
     <span class='ocr_line' id='line_1_105' title="bbox 1972 4310 3582 4399; baseline -0.014 -14"><span class='ocrx_word' id='word_1_786' title='bbox 1972 4328 2154 4384; x_wconf 81' lang='lat' dir='ltr'><strong>albabo</strong></span> <span class='ocrx_word' id='word_1_787' title='bbox 2174 4324 2331 4399; x_wconf 77' lang='lat' dir='ltr'><strong>(luti.</strong></span> <span class='ocrx_word' id='word_1_788' title='bbox 2351 4326 2401 4381; x_wconf 86' lang='lat' dir='ltr'><strong>l.</strong></span> <span class='ocrx_word' id='word_1_789' title='bbox 2423 4322 2514 4393; x_wconf 77' lang='grc'><strong>18)</strong></span> <span class='ocrx_word' id='word_1_790' title='bbox 2534 4339 2551 4391; x_wconf 88' lang='lat'><strong>;</strong></span> <span class='ocrx_word' id='word_1_791' title='bbox 2575 4320 2818 4394; x_wconf 86' lang='lat' dir='ltr'><strong>quamvis</strong></span> <span class='ocrx_word' id='word_1_792' title='bbox 2843 4334 2950 4374; x_wconf 90' lang='lat' dir='ltr'><strong>non</strong></span> <span class='ocrx_word' id='word_1_793' title='bbox 2965 4315 3143 4372; x_wconf 90' lang='lat' dir='ltr'><strong>minus</strong></span> <span class='ocrx_word' id='word_1_794' title='bbox 3162 4310 3424 4369; x_wconf 84' lang='lat' dir='ltr'><strong>tenaciter</strong></span> <span class='ocrx_word' id='word_1_795' title='bbox 3452 4322 3582 4378; x_wconf 85' lang='lat' dir='ltr'><strong>pec-</strong></span> 
     </span>
    </p>
   </div>
   <div class='ocr_carea' id='block_1_106' title="bbox 1973 4400 3582 4479">
    <p class='ocr_par' dir='ltr' id='par_1_106' title="bbox 1973 4400 3582 4479">
     <span class='ocr_line' id='line_1_106' title="bbox 1973 4400 3582 4479; baseline -0.016 0"><span class='ocrx_word' id='word_1_796' title='bbox 1973 4433 2215 4479; x_wconf 87' lang='lat' dir='ltr'><strong>catorum</strong></span> <span class='ocrx_word' id='word_1_797' title='bbox 2228 4418 2418 4475; x_wconf 88' lang='lat' dir='ltr'><strong>sordes</strong></span> <span class='ocrx_word' id='word_1_798' title='bbox 2427 4417 2621 4472; x_wconf 77' lang='lat' dir='ltr'><strong>anima:</strong></span> <span class='ocrx_word' id='word_1_799' title='bbox 2635 4421 2838 4470; x_wconf 74' lang='lat' dir='ltr'><strong>natura:</strong></span> <span class='ocrx_word' id='word_1_800' title='bbox 2849 4408 3270 4472; x_wconf 64' lang='lat' dir='ltr'><strong>adltteserinmc</strong></span> <span class='ocrx_word' id='word_1_801' title='bbox 3281 4404 3327 4458; x_wconf 87' lang='lat' dir='ltr'><strong>si</strong></span> <span class='ocrx_word' id='word_1_802' title='bbox 3341 4400 3582 4458; x_wconf 87' lang='lat' dir='ltr'><strong>colorem</strong></span> 
     </span>
    </p>
   </div>
   <div class='ocr_carea' id='block_1_107' title="bbox 1973 4499 3585 4570">
    <p class='ocr_par' dir='ltr' id='par_1_107' title="bbox 1973 4499 3585 4570">
     <span class='ocr_line' id='line_1_107' title="bbox 1973 4499 3585 4570; baseline -0.016 0"><span class='ocrx_word' id='word_1_803' title='bbox 1973 4529 2041 4570; x_wconf 88' lang='lat' dir='ltr'><strong>ex</strong></span> <span class='ocrx_word' id='word_1_804' title='bbox 2082 4512 2311 4568; x_wconf 85' lang='lat' dir='ltr'><strong>tinctura</strong></span> <span class='ocrx_word' id='word_1_805' title='bbox 2342 4507 2673 4567; x_wconf 87' lang='lat' dir='ltr'><strong>immobilem</strong></span> <span class='ocrx_word' id='word_1_806' title='bbox 2700 4503 3059 4561; x_wconf 79' lang='lat' dir='ltr'><strong>contraxisset</strong></span> <span class='ocrx_word' id='word_1_807' title='bbox 3083 4516 3097 4554; x_wconf 89' lang='lat'><strong>:</strong></span> <span class='ocrx_word' id='word_1_808' title='bbox 3127 4499 3200 4553; x_wconf 89' lang='lat' dir='ltr'><strong>ita</strong></span> <span class='ocrx_word' id='word_1_809' title='bbox 3228 4508 3449 4566; x_wconf 81' lang='lat' dir='ltr'><strong>possum</strong></span> <span class='ocrx_word' id='word_1_810' title='bbox 3483 4508 3585 4562; x_wconf 83' lang='lat' dir='ltr'><strong>ego</strong></span> 
     </span>
    </p>
   </div>
   <div class='ocr_carea' id='block_1_108' title="bbox 1973 4583 3584 4670">
    <p class='ocr_par' dir='ltr' id='par_1_108' title="bbox 1973 4583 3584 4670">
     <span class='ocr_line' id='line_1_108' title="bbox 1973 4583 3584 4670; baseline -0.015 -9"><span class='ocrx_word' id='word_1_811' title='bbox 1973 4606 2299 4661; x_wconf 88' lang='lat' dir='ltr'><strong>contrariam</strong></span> <span class='ocrx_word' id='word_1_812' title='bbox 2330 4603 2385 4657; x_wconf 92' lang='lat' dir='ltr'><strong>in</strong></span> <span class='ocrx_word' id='word_1_813' title='bbox 2409 4615 2529 4656; x_wconf 89' lang='lat' dir='ltr'><strong>eam</strong></span> <span class='ocrx_word' id='word_1_814' title='bbox 2550 4597 2861 4670; x_wconf 78' lang='lat' dir='ltr'><strong>qualitatem</strong></span> <span class='ocrx_word' id='word_1_815' title='bbox 2884 4593 3142 4649; x_wconf 74' lang='lat' dir='ltr'><strong>inducere</strong></span> <span class='ocrx_word' id='word_1_816' title='bbox 3171 4608 3183 4640; x_wconf 70' lang='grc' dir='ltr'><strong>ι</strong></span> <span class='ocrx_word' id='word_1_817' title='bbox 3212 4585 3413 4643; x_wconf 75' lang='lat' dir='ltr'><strong>sufﬁcit</strong></span> <span class='ocrx_word' id='word_1_818' title='bbox 3436 4583 3584 4641; x_wconf 85' lang='lat' dir='ltr'><strong>enim</strong></span> 
     </span>
    </p>
   </div>
   <div class='ocr_carea' id='block_1_109' title="bbox 1974 4681 3363 4758">
    <p class='ocr_par' dir='ltr' id='par_1_109' title="bbox 1974 4681 3363 4758">
     <span class='ocr_line' id='line_1_109' title="bbox 1974 4681 3363 4758; baseline -0.015 -3"><span class='ocrx_word' id='word_1_819' title='bbox 1974 4698 2125 4755; x_wconf 77' lang='lat' dir='ltr'><strong>solus</strong></span> <span class='ocrx_word' id='word_1_820' title='bbox 2148 4704 2310 4752; x_wconf 87' lang='lat' dir='ltr'><strong>nutus</strong></span> <span class='ocrx_word' id='word_1_821' title='bbox 2328 4707 2501 4758; x_wconf 85' lang='lat' dir='ltr'><strong>meus,</strong></span> <span class='ocrx_word' id='word_1_822' title='bbox 2526 4699 2585 4746; x_wconf 91' lang='lat' dir='ltr'><strong>ut</strong></span> <span class='ocrx_word' id='word_1_823' title='bbox 2614 4688 2793 4744; x_wconf 85' lang='lat' dir='ltr'><strong>omnia</strong></span> <span class='ocrx_word' id='word_1_824' title='bbox 2811 4694 3029 4757; x_wconf 85' lang='lat' dir='ltr'><strong>peccata</strong></span> <span class='ocrx_word' id='word_1_825' title='bbox 3060 4681 3363 4738; x_wconf 85' lang='lat' dir='ltr'><strong>deleantur.</strong></span> 
     </span>
    </p>
   </div>
   <div class='ocr_carea' id='block_1_110' title="bbox 2044 4773 3577 4859">
    <p class='ocr_par' dir='ltr' id='par_1_110' title="bbox 2044 4773 3577 4859">
     <span class='ocr_line' id='line_1_110' title="bbox 2044 4773 3577 4859; baseline -0.014 -15"><span class='ocrx_word' id='word_1_826' title='bbox 2044 4788 2100 4844; x_wconf 64' lang='grc' dir='ltr'><strong>Ξῖ</strong></span> <span class='ocrx_word' id='word_1_827' title='bbox 2133 4787 2223 4843; x_wconf 76' lang='lat' dir='ltr'><strong>De</strong></span> <span class='ocrx_word' id='word_1_828' title='bbox 2240 4786 2485 4859; x_wconf 81' lang='lat' dir='ltr'><strong>fratribus</strong></span> <span class='ocrx_word' id='word_1_829' title='bbox 2509 4782 2851 4839; x_wconf 20' lang='lat' dir='ltr'><strong>souiciti‘esss</strong></span> <span class='ocrx_word' id='word_1_830' title='bbox 2872 4775 3277 4845; x_wconf 55' lang='lat' dir='ltr'><strong>debentipsiur</strong></span> <span class='ocrx_word' id='word_1_831' title='bbox 3297 4773 3577 4827; x_wconf 78' lang='lat' dir='ltr'><strong>auditores.</strong></span> 
     </span>
    </p>
   </div>
   <div class='ocr_carea' id='block_1_111' title="bbox 1978 4865 3585 4944">
    <p class='ocr_par' dir='ltr' id='par_1_111' title="bbox 1978 4865 3585 4944">
     <span class='ocr_line' id='line_1_111' title="bbox 1978 4865 3585 4944; baseline -0.014 -6"><span class='ocrx_word' id='word_1_832' title='bbox 1978 4884 2101 4939; x_wconf 76' lang='lat' dir='ltr'><strong>Non</strong></span> <span class='ocrx_word' id='word_1_833' title='bbox 2127 4897 2297 4935; x_wconf 76' lang='lat' dir='ltr'><strong>rerum</strong></span> <span class='ocrx_word' id='word_1_834' title='bbox 2325 4880 2535 4944; x_wconf 73' lang='lat' dir='ltr'><strong>exitum,</strong></span> <span class='ocrx_word' id='word_1_835' title='bbox 2557 4876 2646 4932; x_wconf 83' lang='lat' dir='ltr'><strong>sed</strong></span> <span class='ocrx_word' id='word_1_836' title='bbox 2666 4872 2822 4928; x_wconf 84' lang='lat' dir='ltr'><strong>animi</strong></span> <span class='ocrx_word' id='word_1_837' title='bbox 2844 4868 3159 4943; x_wconf 77' lang='lat' dir='ltr'><strong>propositum</strong></span> <span class='ocrx_word' id='word_1_838' title='bbox 3186 4865 3326 4921; x_wconf 80' lang='lat' dir='ltr'><strong>Deus</strong></span> <span class='ocrx_word' id='word_1_839' title='bbox 3354 4871 3585 4935; x_wconf 76' lang='lat' dir='ltr'><strong>spectat;</strong></span> 
     </span>
    </p>
   </div>
   <div class='ocr_carea' id='block_1_112' title="bbox 1976 4956 3584 5047">
    <p class='ocr_par' dir='ltr' id='par_1_112' title="bbox 1976 4956 3584 5047">
     <span class='ocr_line' id='line_1_112' title="bbox 1976 4956 3584 5047; baseline -0.016 -12"><span class='ocrx_word' id='word_1_840' title='bbox 1976 4975 2285 5047; x_wconf 75' lang='lat' dir='ltr'><strong>Exemplum</strong></span> <span class='ocrx_word' id='word_1_841' title='bbox 2308 4974 2472 5028; x_wconf 67' lang='lat' dir='ltr'><strong>uidete</strong></span> <span class='ocrx_word' id='word_1_842' title='bbox 2487 4970 2701 5027; x_wconf 77' lang='lat' dir='ltr'><strong>orantis.</strong></span> <span class='ocrx_word' id='word_1_843' title='bbox 2724 4997 2797 5009; x_wconf 92' lang='lat'><strong>-—</strong></span> <span class='ocrx_word' id='word_1_844' title='bbox 2819 4964 2943 5020; x_wconf 70' lang='grc' dir='ltr'>ιιωιε</span> <span class='ocrx_word' id='word_1_845' title='bbox 2962 4977 2994 5017; x_wconf 93' lang='lat' dir='ltr'><strong>a</strong></span> <span class='ocrx_word' id='word_1_846' title='bbox 3022 4974 3245 5017; x_wconf 91' lang='lat' dir='ltr'><strong>me-non</strong></span> <span class='ocrx_word' id='word_1_847' title='bbox 3271 4974 3344 5014; x_wconf 87' lang='lat' dir='ltr'><strong>eo</strong></span> <span class='ocrx_word' id='word_1_848' title='bbox 3365 4958 3473 5011; x_wconf 87' lang='lat' dir='ltr'><strong>line</strong></span> <span class='ocrx_word' id='word_1_849' title='bbox 3498 4956 3584 5011; x_wconf 56' lang='lat' dir='ltr'><strong>dio</strong></span> 
     </span>
    </p>
   </div>
   <div class='ocr_carea' id='block_1_113' title="bbox 1975 5048 3581 5135">
    <p class='ocr_par' dir='ltr' id='par_1_113' title="bbox 1975 5048 3581 5135">
     <span class='ocr_line' id='line_1_113' title="bbox 1975 5048 3581 5135; baseline -0.017 -6"><span class='ocrx_word' id='word_1_850' title='bbox 1975 5078 2189 5135; x_wconf 87' lang='lat' dir='ltr'><strong>cuntur,</strong></span> <span class='ocrx_word' id='word_1_851' title='bbox 2222 5074 2283 5123; x_wconf 87' lang='lat' dir='ltr'><strong>ut</strong></span> <span class='ocrx_word' id='word_1_852' title='bbox 2310 5080 2405 5121; x_wconf 88' lang='lat' dir='ltr'><strong>vos</strong></span> <span class='ocrx_word' id='word_1_853' title='bbox 2424 5060 2652 5119; x_wconf 86' lang='lat' dir='ltr'><strong>audiatis</strong></span> <span class='ocrx_word' id='word_1_854' title='bbox 2676 5076 2689 5113; x_wconf 89' lang='lat'><strong>:</strong></span> <span class='ocrx_word' id='word_1_855' title='bbox 2723 5071 2898 5129; x_wconf 87' lang='lat' dir='ltr'><strong>neque</strong></span> <span class='ocrx_word' id='word_1_856' title='bbox 2927 5054 3072 5111; x_wconf 86' lang='lat' dir='ltr'><strong>enim</strong></span> <span class='ocrx_word' id='word_1_857' title='bbox 3098 5050 3183 5107; x_wconf 83' lang='lat' dir='ltr'><strong>vel</strong></span> <span class='ocrx_word' id='word_1_858' title='bbox 3208 5048 3581 5105; x_wconf 82' lang='lat' dir='ltr'><strong>medicamen-</strong></span> 
     </span>
    </p>
   </div>
   <div class='ocr_carea' id='block_1_114' title="bbox 1978 5139 3587 5234">
    <p class='ocr_par' dir='ltr' id='par_1_114' title="bbox 1978 5139 3587 5234">
     <span class='ocr_line' id='line_1_114' title="bbox 1978 5139 3587 5234; baseline -0.016 -14"><span class='ocrx_word' id='word_1_859' title='bbox 1978 5166 2046 5221; x_wconf 92' lang='lat' dir='ltr'><strong>tis</strong></span> <span class='ocrx_word' id='word_1_860' title='bbox 2076 5161 2325 5234; x_wconf 87' lang='lat' dir='ltr'><strong>indigetis</strong></span> <span class='ocrx_word' id='word_1_861' title='bbox 2346 5201 2361 5227; x_wconf 93' lang='lat'><strong>,</strong></span> <span class='ocrx_word' id='word_1_862' title='bbox 2391 5158 2462 5214; x_wconf 91' lang='lat' dir='ltr'><strong>ob</strong></span> <span class='ocrx_word' id='word_1_863' title='bbox 2491 5156 2585 5213; x_wconf 89' lang='lat' dir='ltr'><strong>Dei</strong></span> <span class='ocrx_word' id='word_1_864' title='bbox 2620 5152 3006 5223; x_wconf 86' lang='lat' dir='ltr'><strong>benignitatem</strong></span> <span class='ocrx_word' id='word_1_865' title='bbox 3030 5154 3086 5200; x_wconf 88' lang='lat' dir='ltr'><strong>et</strong></span> <span class='ocrx_word' id='word_1_866' title='bbox 3117 5145 3377 5215; x_wconf 85' lang='lat' dir='ltr'><strong>gratiam;</strong></span> <span class='ocrx_word' id='word_1_867' title='bbox 3410 5139 3506 5199; x_wconf 83' lang='lat' dir='ltr'><strong>sed</strong></span> <span class='ocrx_word' id='word_1_868' title='bbox 3529 5149 3587 5196; x_wconf 91' lang='lat' dir='ltr'><strong>ut</strong></span> 
     </span>
    </p>
   </div>
   <div class='ocr_carea' id='block_1_115' title="bbox 1977 5234 3582 5329">
    <p class='ocr_par' dir='ltr' id='par_1_115' title="bbox 1977 5234 3582 5329">
     <span class='ocr_line' id='line_1_115' title="bbox 1977 5234 3582 5329; baseline -0.017 -15"><span class='ocrx_word' id='word_1_869' title='bbox 1977 5260 2054 5316; x_wconf 90' lang='lat' dir='ltr'><strong>illi</strong></span> <span class='ocrx_word' id='word_1_870' title='bbox 2077 5272 2173 5329; x_wconf 90' lang='lat' dir='ltr'><strong>per</strong></span> <span class='ocrx_word' id='word_1_871' title='bbox 2198 5270 2294 5310; x_wconf 85' lang='lat' dir='ltr'><strong>vos</strong></span> <span class='ocrx_word' id='word_1_872' title='bbox 2323 5250 2640 5321; x_wconf 83' lang='lat' dir='ltr'><strong>intelligant.</strong></span> <span class='ocrx_word' id='word_1_873' title='bbox 2669 5244 2825 5315; x_wconf 87' lang='lat' dir='ltr'><strong>Quod</strong></span> <span class='ocrx_word' id='word_1_874' title='bbox 2850 5243 2895 5300; x_wconf 88' lang='lat' dir='ltr'><strong>si</strong></span> <span class='ocrx_word' id='word_1_875' title='bbox 2936 5244 3054 5299; x_wconf 88' lang='lat' dir='ltr'><strong>loca</strong></span> <span class='ocrx_word' id='word_1_876' title='bbox 3079 5240 3219 5296; x_wconf 90' lang='lat' dir='ltr'><strong>scire</strong></span> <span class='ocrx_word' id='word_1_877' title='bbox 3245 5234 3546 5329; x_wconf 78' lang='lat' dir='ltr'><strong>potuissem</strong></span> <span class='ocrx_word' id='word_1_878' title='bbox 3564 5274 3582 5300; x_wconf 92' lang='lat'><strong>,</strong></span> 
     </span>
    </p>
   </div>
   <div class='ocr_carea' id='block_1_116' title="bbox 1977 5327 3583 5421">
    <p class='ocr_par' dir='ltr' id='par_1_116' title="bbox 1977 5327 3583 5421">
     <span class='ocr_line' id='line_1_116' title="bbox 1977 5327 3583 5421; baseline -0.017 -14"><span class='ocrx_word' id='word_1_879' title='bbox 1977 5352 2029 5407; x_wconf 93' lang='lat' dir='ltr'><strong>in</strong></span> <span class='ocrx_word' id='word_1_880' title='bbox 2071 5327 2266 5421; x_wconf 85' lang='lat' dir='ltr'><strong>quibus</strong></span> <span class='ocrx_word' id='word_1_881' title='bbox 2293 5351 2708 5415; x_wconf 85' lang='lat' dir='ltr'><strong>congregantur,</strong></span> <span class='ocrx_word' id='word_1_882' title='bbox 2736 5348 3073 5407; x_wconf 82' lang='lat' dir='ltr'><strong>nequaquam</strong></span> <span class='ocrx_word' id='word_1_883' title='bbox 3099 5330 3401 5389; x_wconf 74' lang='lat' dir='ltr'><strong>molesuam</strong></span> <span class='ocrx_word' id='word_1_884' title='bbox 3440 5327 3583 5383; x_wconf 59' lang='lat' dir='ltr'><strong>cari-</strong></span> 
     </span>
    </p>
   </div>
   <div class='ocr_carea' id='block_1_117' title="bbox 1978 5419 3583 5498">
    <p class='ocr_par' dir='ltr' id='par_1_117' title="bbox 1978 5419 3583 5498">
     <span class='ocr_line' id='line_1_117' title="bbox 1978 5419 3583 5498; baseline -0.016 0"><span class='ocrx_word' id='word_1_885' title='bbox 1978 5419 2302 5498; x_wconf 13' lang='lat' dir='ltr'><strong>tatiﬁvestrte</strong></span> <span class='ocrx_word' id='word_1_886' title='bbox 2329 5435 2695 5492; x_wconf 84' lang='lat' dir='ltr'><strong>exhibuissem</strong></span> <span class='ocrx_word' id='word_1_887' title='bbox 2727 5446 2743 5484; x_wconf 90' lang='lat'><strong>:</strong></span> <span class='ocrx_word' id='word_1_888' title='bbox 2790 5428 2886 5485; x_wconf 87' lang='lat' dir='ltr'><strong>sed</strong></span> <span class='ocrx_word' id='word_1_889' title='bbox 2910 5424 3164 5497; x_wconf 88' lang='lat' dir='ltr'><strong>quoniam</strong></span> <span class='ocrx_word' id='word_1_890' title='bbox 3205 5420 3321 5476; x_wconf 87' lang='lat' dir='ltr'><strong>fieri</strong></span> <span class='ocrx_word' id='word_1_891' title='bbox 3360 5419 3583 5491; x_wconf 88' lang='lat' dir='ltr'><strong>nequit,</strong></span> 
     </span>
    </p>
   </div>
   <div class='ocr_carea' id='block_1_118' title="bbox 1979 5511 3584 5605">
    <p class='ocr_par' dir='ltr' id='par_1_118' title="bbox 1979 5511 3584 5605">
     <span class='ocr_line' id='line_1_118' title="bbox 1979 5511 3584 5605; baseline -0.016 -15"><span class='ocrx_word' id='word_1_892' title='bbox 1979 5547 2035 5590; x_wconf 91' lang='lat' dir='ltr'><strong>ut</strong></span> <span class='ocrx_word' id='word_1_893' title='bbox 2055 5548 2155 5605; x_wconf 80' lang='lat' dir='ltr'><strong>ego</strong></span> <span class='ocrx_word' id='word_1_894' title='bbox 2179 5532 2268 5602; x_wconf 91' lang='lat' dir='ltr'><strong>qui</strong></span> <span class='ocrx_word' id='word_1_895' title='bbox 2292 5543 2430 5585; x_wconf 89' lang='lat' dir='ltr'><strong>unus</strong></span> <span class='ocrx_word' id='word_1_896' title='bbox 2455 5542 2597 5591; x_wconf 91' lang='lat' dir='ltr'><strong>sum,</strong></span> <span class='ocrx_word' id='word_1_897' title='bbox 2620 5511 3380 5587; x_wconf 79' lang='lat' dir='ltr'><strong>tant-numerosumpopulum</strong></span> <span class='ocrx_word' id='word_1_898' title='bbox 3412 5524 3584 5565; x_wconf 87' lang='lat' dir='ltr'><strong>nove-</strong></span> 
     </span>
    </p>
   </div>
   <div class='ocr_carea' id='block_1_119' title="bbox 1979 5605 3587 5693">
    <p class='ocr_par' dir='ltr' id='par_1_119' title="bbox 1979 5605 3587 5693">
     <span class='ocr_line' id='line_1_119' title="bbox 1979 5605 3587 5693; baseline -0.018 -11"><span class='ocrx_word' id='word_1_899' title='bbox 1979 5627 2102 5693; x_wconf 90' lang='lat' dir='ltr'><strong>rim,</strong></span> <span class='ocrx_word' id='word_1_900' title='bbox 2132 5633 2325 5679; x_wconf 70' lang='lat' dir='ltr'><strong>vestrae</strong></span> <span class='ocrx_word' id='word_1_901' title='bbox 2352 5620 2473 5677; x_wconf 82' lang='lat' dir='ltr'><strong>fidei</strong></span> <span class='ocrx_word' id='word_1_902' title='bbox 2495 5618 2721 5675; x_wconf 89' lang='lat' dir='ltr'><strong>fratrum</strong></span> <span class='ocrx_word' id='word_1_903' title='bbox 2746 5622 3048 5670; x_wconf 87' lang='lat' dir='ltr'><strong>vestrorum</strong></span> <span class='ocrx_word' id='word_1_904' title='bbox 3076 5605 3413 5663; x_wconf 83' lang='lat' dir='ltr'><strong>curationem</strong></span> <span class='ocrx_word' id='word_1_905' title='bbox 3435 5615 3587 5693; x_wconf 84' lang='lat' dir='ltr'><strong>eom-</strong></span> 
     </span>
    </p>
   </div>
   <div class='ocr_carea' id='block_1_120' title="bbox 1980 5692 3589 5777">
    <p class='ocr_par' dir='ltr' id='par_1_120' title="bbox 1980 5692 3589 5777">
     <span class='ocr_line' id='line_1_120' title="bbox 1980 5692 3589 5777; baseline -0.017 -5"><span class='ocrx_word' id='word_1_906' title='bbox 1980 5692 2136 5772; x_wconf 86' lang='lat' dir='ltr'><strong>mitto</strong></span> <span class='ocrx_word' id='word_1_907' title='bbox 2165 5730 2180 5770; x_wconf 88' lang='lat'><strong>:</strong></span> <span class='ocrx_word' id='word_1_908' title='bbox 2204 5722 2379 5770; x_wconf 88' lang='lat' dir='ltr'><strong>estote</strong></span> <span class='ocrx_word' id='word_1_909' title='bbox 2400 5711 2469 5777; x_wconf 77' lang='lat' dir='ltr'><strong>de</strong></span> <span class='ocrx_word' id='word_1_910' title='bbox 2498 5708 2754 5766; x_wconf 83' lang='lat' dir='ltr'><strong>fratribus</strong></span> <span class='ocrx_word' id='word_1_911' title='bbox 2785 5702 2986 5762; x_wconf 77' lang='lat' dir='ltr'><strong>vestris</strong></span> <span class='ocrx_word' id='word_1_912' title='bbox 3010 5693 3233 5757; x_wconf 88' lang='lat' dir='ltr'><strong>solliciti</strong></span> <span class='ocrx_word' id='word_1_913' title='bbox 3253 5735 3270 5765; x_wconf 90' lang='lat'><strong>,</strong></span> <span class='ocrx_word' id='word_1_914' title='bbox 3305 5692 3589 5752; x_wconf 84' lang='lat' dir='ltr'><strong>conciliate</strong></span> 
     </span>
    </p>
   </div>
   <div class='ocr_carea' id='block_1_121' title="bbox 1982 5784 3595 5876">
    <p class='ocr_par' dir='ltr' id='par_1_121' title="bbox 1982 5784 3595 5876">
     <span class='ocr_line' id='line_1_121' title="bbox 1982 5784 3595 5876; baseline -0.011 -15"><span class='ocrx_word' id='word_1_915' title='bbox 1982 5805 2133 5864; x_wconf 77' lang='lat' dir='ltr'><strong>vobis</strong></span> <span class='ocrx_word' id='word_1_916' title='bbox 2163 5805 2302 5876; x_wconf 88' lang='lat' dir='ltr'><strong>illos,</strong></span> <span class='ocrx_word' id='word_1_917' title='bbox 2344 5804 2584 5863; x_wconf 79' lang='lat' dir='ltr'><strong>invitute.</strong></span> <span class='ocrx_word' id='word_1_918' title='bbox 2609 5799 2733 5858; x_wconf 85' lang='lat' dir='ltr'><strong>Scio</strong></span> <span class='ocrx_word' id='word_1_919' title='bbox 2777 5811 2871 5855; x_wconf 74' lang='lat' dir='ltr'><strong>vos</strong></span> <span class='ocrx_word' id='word_1_920' title='bbox 2907 5789 3049 5852; x_wconf 84' lang='lat' dir='ltr'><strong>istud</strong></span> <span class='ocrx_word' id='word_1_921' title='bbox 3096 5804 3336 5865; x_wconf 64' lang='lat' dir='ltr'><strong>persaepe</strong></span> <span class='ocrx_word' id='word_1_922' title='bbox 3362 5784 3595 5848; x_wconf 57' lang='lat' dir='ltr'><strong>fecit“.</strong></span> 
     </span>
    </p>
   </div>
  </div>
