4080 6404
443 391 447 395 -
542 359 647 416 H7

538 472 639 531 sed
669 470 802 527 nihil
822 480 903 526 est
933 469 1035 524 hoc
1062 479 1301 539 perstepe
1330 463 1542 531 fecisse,
1562 462 1663 518 nisi
1683 476 1750 518 eo
1776 474 1944 532 usque
1967 457 2133 514 facia—

542 565 655 633 tis,
686 562 860 637 quoad
892 557 1260 631 persuaseritis
1301 565 1357 610 et
1393 552 1708 610 allexeritls.
1742 551 1869 608 Seio
1908 565 2007 607 vos
2032 549 2135 604 im-

542 664 809 728 portunos
826 652 1011 717 fuisse,
1029 650 1143 707 scio
1158 649 1416 705 molestos
1438 660 1810 717 saepenumero
1828 644 1974 699 visos
1995 658 2137 710 esse,

541 750 689 823 quod
718 763 824 804 non
856 743 1228 817 persuaseritis
1256 760 1270 797 :
1313 742 1542 811 ideoque
1570 739 1985 812 negligentiores
2013 735 2141 791 red-

540 844 639 897 diti
663 840 831 906 estis;
871 837 968 893 sed
991 836 1301 892 consoletur
1326 848 1423 888 vos
1452 832 1670 897 Paulus,
1699 830 1791 901 qui
1820 829 1966 896 dicit,
1995 826 2143 882 Cari-

542 942 623 987 tas
643 931 815 988 omnia
840 937 1032 1004 sperat,
1060 926 1431 993 omittendis,
1452 926 1637 995 caritas
1656 938 1931 991 numquam
1955 920 2142 978 excidit

543 1024 623 1097 (ι.
654 1020 775 1079 Cor.
803 1021 898 1077 13.
920 1020 999 1092 7).
1037 1018 1121 1077 Tu
1144 1017 1285 1089 quod
1313 1017 1390 1072 tui
1415 1014 1655 1073 muneris
1680 1022 1764 1071 est
1799 1027 2094 1083 exsequere
2122 1029 2137 1066 :

544 1115 793 1188 quamvis
817 1114 1148 1171 curationem
1174 1112 1263 1168 ille
1291 1125 1399 1166 non
1427 1108 1696 1175 admittat,
1725 1115 1781 1163 tu
1808 1106 1949 1178 apud
1971 1106 2140 1163 Deum

545 1207 850 1265 mercedem
871 1206 1055 1261 habes.
1079 1204 1213 1259 Nam
1238 1203 1292 1258 in
1314 1212 1511 1257 terram
1535 1201 1751 1272 quidem
1783 1201 1828 1256 si
1858 1216 2045 1258 semen
2061 1202 2144 1273 je-

544 1298 707 1365 ceris,
730 1288 904 1367 necne
922 1296 1098 1366 spicas
1121 1292 1454 1365 produxerit,
1476 1292 1660 1348 vacuis
1686 1307 1907 1349 necesse
1926 1302 2009 1349 est
2036 1308 2143 1349 ma-

544 1390 705 1446 nibus
731 1387 855 1445 inde
878 1386 1126 1444 discedas
1158 1402 1175 1440 :
1217 1394 1273 1441 at
1297 1386 1351 1441 in
1376 1386 1561 1442 anima
1581 1400 1687 1442 non
1726 1387 1797 1441 ita
1826 1386 1885 1440 tit
1915 1401 1930 1438 :
1961 1385 2057 1441 sed
2084 1394 2141 1441 tu

541 1482 761 1556 quidem
795 1496 989 1552 sparge
1016 1480 1316 1537 doctrinam
1335 1521 1353 1547 ,
1383 1487 1439 1536 et
1464 1479 1590 1535 licet
1621 1478 1709 1534 illa
1739 1478 1897 1534 dictis
1920 1480 2025 1533 tuis
2048 1494 2141 1534 re-

544 1574 773 1640 stiterit,
805 1574 1066 1643 integram
1104 1572 1453 1628 nihilominus
1487 1570 1791 1626 mercedem
1820 1562 2008 1638 habes,
2039 1584 2143 1626 nec

544 1665 809 1723 minorem
833 1678 989 1735 quam
1016 1663 1060 1719 si
1088 1662 1278 1718 fuisset
1303 1673 1594 1732 persuasa:
1623 1675 1731 1715 non
1760 1661 1905 1716 enim
1936 1660 2142 1729 simpli-

545 1758 682 1813 citer
706 1768 887 1811 rerum
909 1755 1127 1820 exitum,
1160 1751 1257 1829 sed
1282 1751 1447 1806 animi
1476 1750 1807 1821 prapositum
1844 1763 2031 1807 eorum
2050 1750 2141 1821 qui

546 1846 812 1911 laborant,
838 1843 1064 1901 attendit
1087 1844 1248 1906 Deus.
1274 1842 1402 1898 dum
1425 1841 1646 1915 prmmia
1663 1842 1804 1905 solet
1828 1841 2138 1898 decernere.

547 1936 659 1993 Vos
685 1936 843 2007 igitur
872 1935 1079 2004 hortor,
1110 1943 1171 1991 ut
1201 1933 1345 2006 quod
1373 1934 1609 2002 faciunt,
1638 1936 1728 2004 qui
1754 1933 1946 1989 studiis
1985 1933 2139 1988 thea-

544 2037 754 2083 trorum
781 2027 1085 2094 insaniunt,
1116 2035 1171 2081 et
1208 2026 1261 2081 in
1288 2040 1549 2096 equorum
1579 2024 1996 2089 certaminibus,
2040 2024 2143 2079 hoc

545 2137 644 2177 vos
669 2135 882 2192 quoque
911 2118 1136 2175 faciatis.
1165 2118 1303 2185 Quid
1341 2118 1417 2173 illi
1458 2132 1619 2188 porro
1658 2114 1897 2171 faciunt?
1930 2116 2048 2172 Jam
2074 2115 2142 2171 ab

546 2212 661 2282 ipsa
704 2224 927 2280 vespera
954 2217 1185 2275 coeunt,
1222 2216 1280 2263 et
1320 2208 1645 2263 conveniunt
1678 2207 1819 2262 inter
1861 2221 1953 2273 se,
1995 2213 2049 2261 et
2073 2204 2140 2267 ad

544 2305 776 2359 aliorum
803 2303 991 2361 domos
1017 2302 1237 2358 veniunt
1260 2300 1359 2358 sub
1378 2316 1648 2367 auroram,
1672 2300 1882 2371 aliaque
1902 2302 2015 2355 loca
2037 2298 2138 2355 sibi

545 2394 856 2465 designant,
896 2402 957 2449 ut
980 2393 1139 2449 simul
1172 2392 1479 2464 congregati
1507 2392 1696 2463 majori
1723 2406 1844 2447 cum
1869 2391 2141 2460 voluptate

544 2484 613 2540 ad
640 2485 939 2542 satanicum
960 2484 1326 2555 spectaculum
1347 2483 1477 2539 illud
1503 2482 1851 2539 adscendant.
1876 2481 2140 2550 Quemad-

543 2576 764 2633 modum
807 2576 880 2635 illi
928 2578 1003 2632 rei
1042 2575 1199 2631 saluti
1238 2576 1431 2630 anima:
1477 2590 1590 2631 sua:
1619 2572 1794 2629 noxiae
1832 2573 2139 2645 diligentem

544 2682 765 2739 operam
788 2676 999 2734 navant,
1024 2682 1190 2738 seque
1218 2676 1401 2722 mutuo
1430 2666 1702 2722 deducunt
1739 2683 1755 2723 :
1794 2671 1867 2721 ita
1894 2680 1993 2720 vos
2019 2664 2141 2720 ani-

544 2774 651 2814 ma:
687 2765 881 2815 vestra:
922 2773 1106 2814 curam
1150 2758 1321 2829 gerite
1342 2798 1357 2824 ,
1381 2772 1589 2829 s'osque
1632 2758 1858 2813 invicem
1889 2765 2139 2813 servate:

544 2865 775 2921 eumque
802 2851 972 2905 futura
993 2852 1096 2905 erit
1119 2849 1364 2913 collecta,
1382 2849 1449 2905 ad
1471 2849 1617 2905 aedes
1644 2865 1804 2919 perge
1835 2850 1909 2904 tui
1935 2850 2136 2916 fratris,

543 2955 777 3010 eumque
806 2940 934 2996 foris
960 2955 1059 3010 pro
1086 2940 1351 2996 vestibulo
1373 2948 1646 3010 exspecta,
1672 2949 1834 3010 atque
1859 2939 2140 3012 egredien-

543 3037 653 3084 tem
673 3028 847 3085 retine
878 3047 893 3084 :
923 3029 1047 3086 licet
1083 3031 1151 3087 ab
1184 3031 1479 3087 innumeris
1506 3030 1917 3086 necessitatibus
1945 3045 2139 3101 urgea-

542 3131 650 3185 tur,
680 3136 748 3177 ne
773 3122 1071 3192 permittas,
1101 3138 1236 3178 neve
1260 3124 1406 3178 sinas
1430 3122 1691 3178 smculare
1716 3121 1932 3192 aliquod
1970 3137 2137 3191 nego-

546 3210 684 3266 tium
711 3211 945 3282 aggredi,
981 3214 1290 3284 priusquam
1319 3212 1387 3268 ad
1413 3214 1695 3269 ecclesiam
1723 3213 1874 3268 illum
1898 3212 2136 3269 adduxe-

543 3306 641 3370 ris,
668 3315 723 3360 et
749 3304 971 3376 integra:
995 3307 1235 3363 collecta:
1261 3307 1591 3377 persuaseris
1619 3308 1914 3363 interesse:
1946 3321 2136 3377 quam-

542 3396 627 3453 vis
645 3397 951 3464 contendat,
979 3400 1224 3469 quamvis
1248 3398 1597 3463 contradicat,
1626 3399 1869 3467 quamvis
1890 3397 2137 3453 innume-

542 3501 634 3542 ras
657 3488 1027 3542 excusationes
1052 3487 1328 3556 obtendat,
1361 3504 1429 3543 ne
1449 3488 1526 3544 illi
1547 3488 1755 3551 credas,
1788 3502 1889 3543 nec
1914 3489 2134 3559 acquie-

542 3593 682 3646 scas,
713 3578 810 3635 sed
846 3579 1031 3635 dicens
1077 3595 1141 3635 ac
1181 3579 1381 3637 docens
1411 3580 1525 3637 fore
1549 3621 1564 3647 ,
1598 3590 1656 3635 ut
1683 3589 1793 3635 tum
1825 3581 1903 3635 illi
1939 3590 2133 3637 caetera

543 3668 713 3739 magis
761 3667 933 3724 facilia
989 3679 1044 3725 et
1094 3671 1340 3740 expedita
1370 3670 1681 3738 reddantur,
1716 3684 1839 3726 cum
1890 3672 2133 3726 absoluta

542 3758 794 3824 collecta,
823 3768 1103 3830 postquam
1133 3761 1400 3830 particeps
1429 3776 1645 3830 precum
1682 3761 1870 3827 fuerit,
1896 3771 2134 3832 patrum-

540 3863 648 3918 que
666 3848 1064 3905 benedictioncs
1084 3852 1372 3920 acceperit,
1394 3850 1657 3922 deinceps
1668 3855 1733 3907 ad
1761 3853 1848 3907 illa
1877 3868 2133 3923 propera-

543 3940 648 4007 rit;
680 3948 838 4010 atque
864 3939 949 3995 his
974 3956 1039 3996 ae
1065 3942 1302 4011 pluribus
1325 3943 1443 3998 aliis
1470 3944 1646 4000 verbis
1674 3960 1795 3999 cum
1839 3945 2010 4013 ipsum
2038 3944 2133 4001 dc-

539 4032 809 4099 vinxeris,
839 4032 905 4087 ad
935 4047 1143 4089 sacram
1173 4035 1327 4090 istam
1366 4051 1605 4091 mensam
1632 4036 1912 4103 deducito,
1946 4046 2006 4092 ut
2033 4037 2131 4092 du-

539 4124 731 4195 plicem
760 4125 1065 4182 mercedem
1105 4126 1386 4193 obtineas,
1417 4144 1537 4184 cum
1588 4128 1660 4183 ob
1702 4138 1869 4193 tuum,
1922 4136 2032 4183 tum
2064 4130 2133 4185 ob

537 4214 682 4270 illius
714 4214 1021 4271 adventum.
1053 4215 1285 4272 Omnino
1312 4218 1358 4272 si
1399 4225 1604 4272 tantum
1634 4218 1792 4273 studii
1822 4227 2133 4290 tantumque

535 4305 825 4375 diligentia:
853 4306 920 4360 ad
946 4306 1064 4361 illos
1089 4307 1361 4363 venandos
1389 4318 1444 4363 et
1483 4308 1817 4376 alliciendos,
1846 4310 1937 4381 qui
1967 4310 2135 4379 negli-

535 4398 808 4467 gentiores
843 4407 988 4465 sunt,
1020 4398 1451 4468 adhibuerimus,
1490 4401 1717 4458 salutem
1758 4417 2129 4473 assequemur.

534 4489 884 4556 Quantumvis
922 4492 1069 4547 enim
1106 4492 1436 4563 negligentes
1472 4494 1614 4561 sint,
1663 4502 1719 4550 et
1757 4494 2127 4567 impudentes,

531 4587 593 4635 et
618 4580 935 4646 truculenti,
989 4582 1354 4639 assiduitatem
1400 4585 1657 4655 propositi
1686 4587 1850 4643 vestri
1874 4588 2123 4654 reveriti,

534 4669 751 4726 tandem
777 4686 809 4725 a
830 4671 1147 4743 negligentia
1175 4672 1455 4731 desistent.
1482 4674 1667 4746 Neque
1689 4677 1834 4732 enim
1860 4677 1955 4732 illo
1982 4677 2129 4749 judi-

530 4777 597 4818 ce
622 4761 712 4833 qni
752 4761 919 4817 Deum
948 4779 1056 4819 non
1081 4774 1323 4831 noverat,
1352 4782 1531 4838 neque
1558 4768 1803 4823 homines
1840 4768 2124 4825 revereba-

530 4861 638 4919 tur,
666 4854 971 4923 asperiores
984 4864 1129 4920 sunt,
1156 4858 1497 4927 quantumvis
1520 4858 1629 4914 sint
1648 4857 1767 4914 duri
1794 4875 1858 4915 se
1885 4862 2119 4933 stupidi:

526 4954 762 5001 attamen
795 4946 942 5001 illum
971 4948 1262 5015 crudelem,
1310 4966 1532 5019 stevum,
1572 4953 1833 5022 ferreum,
1862 4944 2124 5011 adaman-

526 5049 637 5095 tem
684 5037 834 5093 illum
877 5040 1036 5095 unius
1072 5037 1315 5096 mulieris
1343 5042 1517 5099 vidum
1553 5056 1808 5102 constans
1834 5045 2121 5102 assiduitas

520 5129 769 5185 exoravit
791 5128 954 5199 (Luc.
990 5132 1074 5187 18.
1119 5132 1294 5203 2-5).
1328 5132 1571 5202 Quanam
1601 5134 1762 5206 igitur
1786 5138 1944 5193 venia
1973 5137 2120 5210 digni

518 5223 747 5290 erimus,
776 5224 845 5292 si,
866 5238 989 5280 eum
1018 5226 1206 5283 mulier
1234 5226 1393 5282 vidua
1420 5228 1697 5285 crudelem
1732 5229 1966 5299 iudicem
1984 5274 1999 5296 ,
2025 5232 2116 5301 qui

519 5328 691 5384 neque
714 5314 880 5371 Deum
906 5315 1148 5384 timebat,
1170 5333 1271 5375 nec
1290 5318 1539 5376 homines
1563 5322 1936 5390 reverebatur,
1965 5324 2117 5379 infle-

515 5415 664 5463 ctere
691 5407 942 5479 potuerit,
972 5419 1028 5466 et
1052 5410 1120 5466 ad
1152 5411 1468 5468 beneficium
1506 5413 1889 5469 conferendum
1922 5417 2114 5486 impel-

517 5496 648 5561 lere,
683 5512 783 5553 nos
809 5497 1005 5564 fratres
1024 5508 1236 5558 nostros
1257 5504 1424 5559 multo
1448 5504 1543 5559 illo
1564 5505 1950 5563 tolerabiliores
1974 5510 2114 5563 mul-

1268 350 1325 407 Β.
1365 347 1645 408 ῘΟᾹΝΝῘΞ
1682 341 2155 405 CIIRYSOSTWI
2194 340 2516 403 ARClﬂEP.
2553 347 3092 406 CONSTANTINOP.

3736 350 3852 408 93.3

2247 456 2400 526 dero,
2436 461 2524 531 qui
2550 470 2829 534 mgrotant.
2859 462 3093 534 Singulis
3117 460 3306 518 diebus
3341 461 3465 543 illo!
3498 478 3716 543 (utero,
3745 465 3851 518 ἀοι

2244 562 2345 603 nec
2368 526 2529 618 opera
2559 526 2736 608 vestra
2767 553 2887 609 illos
2914 526 3202 609 inveniam.
3229 554 3275 609 Δ
3302 526 3457 610 vobis
3492 526 3656 610 e‘tiam
3696 526 3849 608 suni-

2244 653 2465 709 mepere
2498 644 2793 711 contendo,
2840 653 2899 700 ut
2924 645 3113 701 eodem
3134 660 3255 700 cum
3282 644 3448 699 animi
3474 643 3699 710 dolore,
3717 660 3850 701 cum

2244 745 2353 800 quo
2383 729 2498 786 hac
2523 747 2552 786 a
2580 748 2666 789 me
2697 750 2839 790 nunc
2868 735 3140 802 dicuntur,
3167 750 3289 789 cum
3314 733 3503 803 eodem
3532 733 3723 789 labore
3753 750 3850 788 ne-

2246 820 2589 892 gligentiores
2626 824 2956 896 disquiratis.
2984 826 3101 881 Non
3131 826 3276 882 enim
3307 825 3436 880 mihi
3467 834 3676 880 tantum
3700 864 3719 890 ,
3750 825 3851 879 sed

2245 921 2300 967 et
2328 911 2477 969 vobis
2501 912 2700 970 Paulus
2736 917 3020 988 praecepit,
3048 927 3108 972 ut
3134 918 3499 985 membrorum
3541 924 3851 972 vestrorum

2245 1016 2428 1058 curam
2457 1006 2681 1075 geratis.
2710 1005 3056 1062 Consolantiut'
3094 1009 3235 1063 enim
3257 1050 3273 1075 ,
3316 995 3521 1079 inquit,
3551 1009 3766 1063 invicem
3795 1009 3851 1062 in

2246 1094 2408 1149 verbis
2427 1095 2555 1161 istis,
2584 1097 2714 1152 sicut
2736 1109 2783 1153 et
2811 1098 2980 1168 facitis
3000 1114 3023 1152 :
3049 1108 3106 1162 et
3134 1102 3341 1167 rursus,
3380 1096 3668 1168 ﬁdi/ictuc
3684 1100 3850 1154 alter-

2247 1194 2418 1242 utrum
2439 1190 2485 1261 (l
2518 1189 2668 1245 Thes.
2698 1192 2752 1248 5.
2784 1191 2898 1264 ll).
2925 1190 3112 1263 Magna
3141 1192 3339 1262 quippe
3368 1206 3577 1246 merces
3604 1205 3701 1247 eos
3732 1205 3850 1247 ma-

2247 1287 2359 1343 net,
2384 1280 2474 1349 qui
2500 1279 2569 1336 de
2592 1280 2847 1338 fratribus
2874 1292 2996 1337 sunt
3026 1281 3265 1349 solliciti,
3294 1281 3698 1353 maximumque
3717 1297 3850 1352 sup-

2248 1369 2465 1441 plicium
2487 1371 2591 1426 illis
2612 1373 2877 1441 imminet,
2902 1373 2993 1444 qui
3022 1373 3248 1429 salutem
3279 1372 3490 1433 illorum
3506 1372 3732 1429 minime
3752 1388 3852 1428 cu-

2247 1472 2372 1518 rant
2399 1472 2455 1520 et
2477 1464 2770 1535 negligunt.

2316 1554 2369 1610 3.
2414 1554 2619 1610 Auditio
2657 1565 2745 1611 aut
2786 1555 2932 1610 lectio
2961 1555 3283 1627 Scriptura,
3314 1557 3423 1612 sine
3448 1558 3725 1623 intellectu,
3774 1555 3854 1613 πει

2246 1655 2500 1717 prosunt;
2530 1648 2955 1719 sommonefactio
2980 1648 3232 1702 dictorum
3264 1650 3516 1721 superius.
3548 1680 3621 1690 —
3647 1650 3856 1718 Quam-

2246 1738 2433 1793 obrem
2477 1737 2636 1794 valde
2663 1739 2877 1793 confido
2914 1739 3186 1812 credoque
3212 1756 3311 1797 vos
3346 1757 3409 1797 ea
3454 1757 3576 1813 quae
3612 1742 3851 1798 diximus

2247 1843 2449 1912 magnq
2480 1828 2609 1886 ‘cum
2657 1832 2820 1885 animi
2847 1832 3123 1887 alacritate
3167 1832 3500 1902 praestituros
3529 1852 3548 1887 :
3574 1848 3735 1904 quam
3778 1834 3854 1889 ob

2247 1931 2462 1977 causam
2492 1922 2577 1979 hic
2606 1923 2928 1979 adhortandi
2954 1923 3116 1980 linem
3154 1923 3357 1980 faciens
3377 1965 3393 1991 ,
3426 1924 3493 1979 ad
3524 1925 3673 1979 Pauli
3698 1942 3855 1981 men-

2249 2001 2362 2068 saiu
2390 2014 2656 2071 deducere
2697 2031 2794 2071 vos
2832 2016 3090 2071 conabor.
3140 2015 3333 2071 Paulus
3357 2026 3562 2071 vocatus
3587 2019 3854 2087 apostolus

2252 2108 2329 2180 (l.
2368 2107 2487 2163 Cor.
2512 2110 2563 2164 l.
2593 2110 2668 2179 l).
2695 2108 2820 2165 lltec
2844 2124 3217 2179 stupenumero
3243 2118 3298 2166 et
3325 2125 3355 2164 a
3382 2110 3536 2165 vobis
3562 2110 3767 2175 audita,
3794 2119 3855 2164 et

2246 2214 2276 2253 a
2292 2200 2448 2256 nobis
2462 2211 2588 2256 sunt
2606 2200 2743 2256 lecta
2764 2218 2779 2264 ;
2799 2201 2892 2257 sed
2911 2216 3015 2257 non
3033 2202 3209 2272 legere
3230 2206 3459 2268 tantum,
3474 2217 3659 2256 verum
3682 2202 3851 2257 etiam

2245 2289 2545 2362 intelligere
2563 2306 2683 2361 quae
2712 2292 2963 2347 dicuntur
2985 2289 3199 2362 oportet
3228 2310 3242 2346 :
3269 2292 3468 2362 alioqui
3502 2291 3709 2347 nullum
3750 2306 3856 2346 no—

2245 2382 2329 2441 bis
2353 2384 2561 2441 lucrum
2583 2400 2649 2441 ex
2679 2387 2910 2443 lectione
2930 2387 3216 2442 constabit.
3238 2384 3515 2458 Siquidem
3539 2384 3847 2441 thesaurus.

2245 2477 2290 2532 sl
2316 2492 2548 2547 superne
2585 2477 2843 2547 calcetur,
2873 2478 3086 2534 divitias
3115 2493 3223 2533 non
3264 2477 3537 2543 ostendit;
3581 2474 3678 2532 sed
3716 2475 3857 2532 επο-

2246 2566 2473 2623 diendus
2510 2578 2594 2623 est
2623 2570 2805 2639 prius,
2846 2578 2903 2625 et
2943 2578 3222 2640 postquam
3274 2568 3412 2625 infra
3452 2568 3853 2636 descenderis,

2246 2674 2459 2715 omnem
2490 2659 2686 2716 deinde
2710 2669 2970 2731 qumstum
3012 2661 3257 2717 invenies
3288 2678 3303 2716 :
3336 2661 3407 2716 ita
3448 2676 3664 2733 quoque
3706 2660 3766 2716 llt
3796 2661 3855 2718 in

2246 2753 2571 2824 Scripturis;
2602 2771 2707 2809 non
2734 2756 2845 2810 sola
2872 2754 3073 2810 sufﬁcit
3109 2755 3267 2810 lectio
3291 2755 3357 2810 ad
3399 2756 3710 2820 reconditos
3748 2755 3854 2810 bo-

2245 2860 2435 2901 norum
2467 2846 2748 2902 thesauros
2777 2848 3090 2904 iudicandos
3110 2892 3125 2917 ,
3151 2848 3253 2904 nisi
3277 2848 3601 2919 profundum
3637 2860 3855 2905 scrute‘

2243 2936 2339 2991 ris.
2358 2935 2414 2992 Si
2434 2936 2590 2992 lectio
2607 2938 2896 3004 sufficeret,
2914 2955 3019 2994 non
3034 2939 3255 2995 dixisset
3272 2940 3519 2995 eunucho
3536 2941 3817 3011 Philippus
3834 2962 3850 2997 :

2247 3024 2477 3083 Putasne
2504 3029 2743 3100 intelligis
2766 3046 2881 3101 qua:
2902 3031 3024 3101 legis
3048 3030 3185 3100 (Act.
3215 3032 3268 3087 8.
3292 3031 3429 3100 30)?
3452 3032 3508 3088 Si
3538 3033 3701 3087 lectio
3731 3030 3852 3087 suf-

2244 3117 2460 3185 ﬁceret,
2503 3121 2702 3177 Judaais
2744 3122 2986 3178 Christus
3032 3139 3143 3179 non
3187 3123 3411 3180 dixisset
3459 3143 3472 3179 :
3530 3124 3853 3181 Scr-memini

2245 3209 2541 3282 Scripturas
2566 3211 2746 3284 (Joan.
2773 3214 2827 3269 5.
2859 3213 2953 3285 39)
2982 3229 2999 3268 :
3026 3223 3081 3268 at
3107 3215 3152 3270 is
3178 3215 3266 3287 qui
3292 3224 3585 3281 scrutatur,
3621 3232 3730 3271 non
3758 3232 3850 3272 su-

2243 3302 2460 3370 perflcie
2482 3311 2637 3358 tenus
2651 3303 2911 3371 subsistit,
2927 3306 3019 3361 sed
3042 3305 3109 3361 ad
3134 3306 3452 3375 profundum
3476 3306 3652 3377 ipsum
3674 3314 3850 3379 usque

2241 3390 2536 3450 descendit.
2565 3393 2778 3450 Etenim
2806 3395 2858 3449 iu
2900 3396 3016 3466 ipso
3052 3396 3274 3453 exordio
3316 3399 3544 3454 multum
3584 3412 3848 3457 sensuum

2242 3482 2462 3555 pelagus
2487 3500 2671 3540 cerno.
2705 3488 2878 3557 Atque
2906 3488 2958 3542 in
2987 3487 3337 3545 saecularibus
3355 3489 3569 3561 quidem
3600 3492 3851 3561 epistolis

2241 3572 2589 3629 salutationes
2618 3589 2836 3645 quoquo
2858 3576 3022 3632 modo
3045 3577 3197 3644 liunt,
3225 3577 3401 3633 solum
3430 3578 3694 3636 honorem
3722 3583 3844 3638 eul-

2242 3671 2461 3735 tumqne
2488 3662 2829 3722 deferentes:
2858 3667 2945 3723 hic
2970 3683 3099 3724 vero
3124 3684 3231 3724 non
3250 3669 3341 3737 ita,
3368 3669 3463 3725 sed
3485 3671 3652 3726 multa
3677 3687 3845 3727 exor-

2238 3755 2385 3809 dium
2418 3756 2675 3826 sapientia
2706 3756 2991 3813 redundat.
3042 3758 3159 3814 Non
3199 3762 3343 3816 enim
3388 3761 3583 3815 Paulus
3621 3770 3705 3817 est
3750 3764 3849 3835 qui

2237 3844 2500 3917 loquitur,
2530 3847 2624 3903 sed
2649 3846 2739 3918 qui
2766 3848 2997 3904 animam
3024 3847 3141 3921 ejus
3184 3860 3363 3907 movet
3388 3851 3658 3908 Christus.
3690 3851 3846 3907 Pau-

2237 3938 2318 4006 lus
2345 3950 2568 3994 vocatus.
2602 3939 2716 3995 Hoc
2763 3956 2984 4009 nomen,
3020 3943 3235 4008 Paulus,
3277 3959 3442 3999 unum
3489 3945 3706 4016 quidem
3758 3955 3846 4003 est

2237 4031 2543 4102 nudumque
2573 4048 2769 4089 nomen
2802 4051 2816 4087 :
2849 4033 2948 4089 sed
2995 4042 3199 4089 tantum
3241 4051 3494 4091 sensuum
3528 4037 3840 4094 thesaurum

2238 4122 2398 4177 habet
2424 4123 2783 4192 reconditum,
2823 4135 3081 4195 quantum
3111 4126 3441 4196 experientia
3470 4129 3839 4199 comperistis.

2236 4212 2369 4267 Nam
2400 4214 2445 4268 si
2474 4215 2854 4281 recordamini,
2887 4215 2999 4271 tres
3028 4217 3265 4289 integros
3308 4218 3425 4274 dies
3460 4218 3530 4274 de
3576 4221 3694 4275 solo
3736 4220 3842 4278 hoc

2237 4306 2452 4360 nomine
2480 4304 2799 4363 disseruisse
2825 4322 2911 4363 me
2940 4308 3088 4363 scitis
3107 4350 3123 4376 ,
3155 4308 3283 4363 dum
3307 4322 3498 4364 causas
3543 4310 3798 4366 all‘errem
3818 4353 3837 4377 ,

2234 4396 2306 4451 ob
2334 4412 2465 4465 quas
2489 4414 2611 4453 cum
2650 4399 2845 4456 Saulus
2880 4408 3037 4456 antea
3066 4410 3374 4470 vocaretur,
3401 4401 3597 4457 Paulus
3641 4402 3840 4460 deinde

2234 4496 2454 4543 vocatus
2479 4497 2583 4555 est,
2606 4497 2659 4544 et
2680 4504 2785 4560 qua
2810 4488 2878 4546 de
2897 4505 3058 4547 causa
3087 4505 3193 4546 non
3216 4492 3394 4547 statim
3422 4492 3489 4546 ad
3514 4492 3676 4550 (idem
3703 4510 3835 4551 cono

2233 4593 2421 4634 versus
2449 4578 2587 4636 hanc
2627 4580 3038 4651 appellationem
3085 4582 3335 4653 accepit,
3372 4582 3469 4638 sed
3506 4584 3573 4639 ad
3606 4584 3834 4643 multum

2232 4680 2443 4741 tempus
2470 4686 2665 4726 nomen
2694 4672 2935 4739 retinuit,
2964 4673 3107 4743 quod
3136 4673 3213 4728 illi
3238 4688 3269 4729 a
3297 4674 3563 4746 principio
3581 4689 3835 4747 parentes

2232 4760 2642 4831 imposuerant:
2686 4762 3013 4833 multamque
3055 4762 3151 4819 Dei
3194 4764 3516 4835 sapientiam
3557 4775 3613 4821 et
3656 4769 3835 4838 provi-

2230 4853 2463 4908 dentiam
2505 4868 2572 4923 ex
2611 4869 2677 4909 eo
2718 4854 3201 4910 demonstravimus
3244 4871 3367 4913 cum
3408 4872 3539 4929 erga
3567 4873 3688 4925 nos,
3718 4869 3829 4915 tum

2229 4959 2354 5015 erga
2382 4953 2596 5001 sanctos
2636 4946 2756 5001 illos
2785 4944 3099 5003 exhibitam.
3143 4946 3275 5002 Nam
3305 4948 3351 5003 si
3380 4948 3565 5004 liberis
3587 4952 3703 5007 suis
3727 4950 3828 5006 ho-

2229 5038 2402 5093 mines
2422 5052 2527 5092 non
2557 5045 2761 5094 temere
2789 5053 2987 5094 nomen
3016 5040 3329 5109 imponunt,
3357 5040 3453 5097 sed
3481 5042 3563 5097 vel
3589 5057 3621 5097 a
3651 5054 3829 5113 patre,

2228 5130 2314 5186 vel
2336 5129 2405 5186 ab
2427 5145 2528 5185 avo
2547 5172 2563 5200 ,
2591 5124 2673 5187 \‘cl
2698 5146 2729 5186 a
2757 5129 3049 5201 majoribus
3074 5131 3285 5187 caeteris
3326 5133 3541 5188 nomina
3574 5146 3827 5192 mutuan-

2226 5233 2314 5279 tur
2344 5240 2358 5276 :
2390 5223 2558 5279 multo
2595 5224 2768 5296 magis
2802 5224 2946 5280 Deus
2983 5224 3154 5281 servis
3188 5226 3303 5281 suis
3328 5242 3435 5282 non
3482 5227 3602 5283 sine
3626 5244 3824 5297 causa,

2223 5332 2325 5373 nec
2350 5316 2467 5372 sine
2499 5319 2706 5373 ratione
2751 5317 2925 5389 aliqua
2970 5319 3361 5391 appellationes
3404 5321 3681 5391 imposuit,
3727 5324 3823 5379 sed

2224 5409 2412 5481 majori
2439 5426 2559 5465 cum
2575 5410 2781 5479 judicio
2801 5426 2863 5466 ac
2884 5412 3168 5492 sapientia.
3192 5408 3469 5481 Siquidem
3494 5412 3741 5469 homines
3768 5415 3818 5471 iu

2224 5502 2481 5557 honorem
2509 5502 2880 5559 defunctorum
2908 5544 2924 5571 ,
2973 5504 3057 5558 vel
3105 5502 3172 5559 ad
3203 5517 3357 5560 simul
3399 5503 3820 5561 consolationem

512 5596 674 5660 toque
702 5590 1059 5649 modestiores
1092 5594 1308 5652 allicere
1342 5612 1449 5652 non
1482 5598 1849 5668 potuerimus,
1880 5601 2006 5656 dum
2043 5602 2110 5657 ad
2219 5610 2593 5666 smpenumero
2621 5596 2929 5651 nominibus
2953 5607 3285 5652 mortuorum
3317 5594 3458 5651 ﬁlios
3485 5611 3613 5653 suos
3637 5597 3822 5667 appel-

510 5683 726 5753 propria
764 5682 882 5740 illos
907 5685 1190 5742 commoda
1214 5690 1540 5759 capessenda
1571 5690 1954 5765 cohortamur!
1982 5694 2108 5750 Hac
2220 5688 2352 5755 lant,
2394 5696 2755 5763 eoqueJiacto
2785 5703 2880 5759 per
2917 5688 3327 5760 appellationem
3357 5687 3651 5744 liberorum
3680 5688 3823 5743 sola-

507 5784 581 5824 tae
604 5793 646 5830 lc
681 5774 813 5838 dixi.
848 5790 1029 5838 neque
1046 5776 1227 5835 dicere
1252 5781 1497 5852 cessabo,
1519 5781 1694 5841 donec
1716 5799 1811 5840 eos
1837 5800 2001 5842 sanos
2021 5786 2101 5842 vi-

2222 5783 2354 5841 tium
2381 5780 2480 5837 sibi
2506 5780 2705 5838 doloris
2736 5778 3056 5853 excogitant,
3089 5796 3247 5853 quem
3274 5794 3340 5836 ex
3363 5779 3515 5845 obitu
3539 5779 3820 5838 defuncte-
