4080 6394
322 412 429 473 149

323 549 445 594 rum
469 530 833 597 conceperant
860 539 875 577 :
904 520 1050 578 Deus
1073 524 1254 572 autem
1284 507 1601 567 memoriam
1628 497 1840 597 virtutis
1869 508 1935 549 ac

321 590 621 685 doctrinam
645 590 927 689 tamquam
954 612 1010 668 in
1036 622 1179 666 area
1204 603 1454 661 columna
1490 599 1544 654 in
1573 590 1933 666 appellatione

396 806 541 866 Petri
566 818 748 861 nomen
768 798 897 872 quid
918 795 1169 867 designet.
1214 787 1599 857 Prwceptorum
1617 775 1824 879 nomine
1845 786 1935 826 ve-

314 900 575 957 neranda.
601 926 675 938 -—
702 893 924 953 Petrum
952 885 1169 959 quidem
1196 889 1345 939 certe
1368 893 1397 931 a
1428 876 1625 931 virtute
1665 876 1745 923 sic
1774 878 1940 921 voca—

317 996 413 1060 vit,
448 1000 505 1048 et
533 990 585 1045 in
614 987 733 1059 ejus
756 982 977 1040 nomine
1017 974 1287 1034 ﬁrmitatis
1322 969 1445 1024 ﬁdei
1479 969 1851 1036 argumentum
1880 963 1935 1010 et

319 1059 583 1140 indicium
631 1074 954 1139 collocavit,
996 1079 1056 1126 ut
1094 1061 1451 1139 appellatione
1493 1073 1627 1120 sua,
1676 1059 1934 1123 perpetua

318 1188 596 1249 tamquam
624 1171 879 1243 magistra
908 1162 1139 1237 quadam
1168 1152 1432 1228 ejusmodi
1461 1147 1770 1249 firmi-tatis,
1814 1148 1930 1249 um?

320 1276 407 1326 tur
433 1237 649 1340 ('Hatth.
681 1237 910 1331 16.18).
943 1256 1203 1312 Joannem
1244 1259 1461 1340 quoque
1496 1256 1560 1297 ac
1586 1237 1858 1340 _.lacobum
1879 1246 1931 1340 ‘a

321 1331 693 1431 magnitudine
722 1351 873 1409 vocis
898 1349 951 1403 in
979 1341 1260 1415 evangelio
1298 1331 1642 1431 praedicando
1669 1336 1929 1431 nota-vo-

319 1420 482 1508 cavit.
525 1448 636 1505 Sed
675 1462 743 1502 ne
781 1442 970 1500 eadem
1000 1450 1188 1495 rursus
1227 1425 1580 1488 memorando
1627 1420 1932 1478 molestiam

319 1542 495 1615 pariat
513 1539 687 1596 oratio
714 1543 919 1600 nostra,
944 1530 1027 1586 bis
1049 1526 1266 1585 omissis
1291 1521 1423 1578 illud
1444 1519 1643 1615 dicam,
1667 1516 1786 1615 ipsa

318 1604 529 1692 etorum
562 1631 780 1687 nomina
808 1624 1038 1683 seorsim
1063 1635 1278 1691 semper
1300 1613 1567 1687 religiosis
1596 1619 1650 1667 et
1677 1609 1779 1679 piis
1798 1604 1931 1661 viris

316 1726 669 1784 veneratione
706 1721 867 1791 digna
898 1732 1041 1783 esse,
1073 1730 1137 1771 ac
1166 1708 1539 1784 peccatoribus
1567 1698 1928 1761 formidanda.

317 1818 629 1877 Onesimum
658 1812 877 1885 quidem
916 1819 1087 1875 certe,
1119 1806 1209 1876 qui
1240 1802 1493 1874 fugitivus
1518 1806 1573 1854 et
1598 1796 1693 1898 fut;
1707 1793 1933 1850 exstite-

317 1920 423 1979 rat,
444 1917 499 1965 et
527 1907 595 1963 de
624 1903 853 1976 pecunia
882 1898 1041 1957 herili
1071 1894 1344 1969 quidpiam
1374 1894 1773 1979 intervenerat,
1804 1898 1930 1940 cum

316 1978 641 2070 suscepisset
664 1995 881 2058 Paulus,
910 2003 1141 2062 eumque
1168 1988 1525 2048 immutasset,
1550 1989 1710 2050 atque
1730 1978 1810 2070 ita
1838 1990 1930 2070 sa-

315 2096 425 2151 cris
463 2068 735 2164 mysteriis
776 2078 1075 2151 initiasset;
1110 2096 1234 2137 cum
1269 2077 1523 2147 deinceps
1551 2087 1676 2130 eum
1706 2068 1929 2164 domino

315 2199 417 2242 suo
441 2160 749 2240 redditurus
783 2188 949 2245 esset,
980 2176 1097 2231 htec
1123 2171 1191 2228 ad
1222 2170 1371 2226 illum
1415 2165 1624 2236 scripsit
1660 2179 1674 2216 :
1706 2160 1931 2231 Propter

315 2275 457 2346 quod
481 2273 695 2328 multum
718 2270 968 2341 ﬁduciam
993 2265 1183 2321 habens
1210 2264 1263 2317 in
1290 2259 1493 2317 Christo
1520 2251 1812 2346 imperandi
1837 2248 1928 2304 tibi

316 2344 454 2441 quod
479 2367 549 2422 ad
573 2382 679 2422 rem
712 2365 927 2437 pertinet
964 2368 1172 2433 propter
1200 2354 1485 2420 caritatem,
1508 2347 1672 2420 magis
1692 2344 1925 2446 obsecro,

316 2440 433 2516 ctuti
452 2459 550 2514 sim
570 2458 707 2521 talis,
734 2466 789 2509 ut
816 2453 1016 2509 Paulus
1038 2464 1213 2514 senex,
1242 2461 1376 2501 nunc
1401 2450 1571 2497 autem
1593 2450 1640 2494 et
1657 2440 1852 2492 uinctus
1872 2440 1927 2489 its

314 2551 518 2607 Christo
541 2548 669 2605 Iesu
694 2544 869 2619 (Phil.
888 2561 937 2601 υ.
964 2544 1020 2600 8.
1044 2538 1125 2615 9).
1152 2537 1315 2594 Vides
1335 2535 1483 2590 illum
1504 2530 1776 2587 addidisse
1804 2528 1925 2593 tria,

314 2640 530 2697 vincula
558 2647 778 2709 propter
791 2634 1089 2700 Christum,
1108 2626 1575 2687 conversationem
1598 2621 1669 2677 ob
1688 2627 1922 2709 atatem,

314 2740 371 2789 et
396 2706 631 2786 nominis
654 2706 1052 2783 reverentiam?
1076 2721 1209 2777 Nam
1231 2732 1354 2775 cum
1382 2729 1523 2771 unus
1541 2720 1686 2768 esset
1715 2708 1806 2780 qui
1830 2706 1929 2762 ob-

315 2820 566 2878 secrabat
587 2860 603 2887 ,
636 2818 901 2888 triplicem
931 2829 1053 2870 eum
1083 2809 1380 2868 conabatur
1422 2805 1638 2862 efficere
1658 2844 1674 2869 ,
1706 2800 1798 2871 qui
1830 2812 1927 2868 pro

314 2912 573 2970 Onesimo
616 2905 976 2980 supplicabat,
1008 2904 1279 2965 vinctum,
1312 2913 1521 2963 senem,
1552 2893 1803 2951 Paulum.
1840 2891 1928 2945 Vi-

312 3006 413 3062 des
440 3007 554 3075 ipsa
597 3000 824 3058 seorsim
855 2997 1074 3053 nomina
1105 2990 1409 3050 veneranda
1436 3003 1557 3046 esse
1584 2985 1831 3042 fidelibus
1864 2996 1928 3037 ac

314 3094 606 3169 religiosa?
630 3094 687 3149 Si
714 3094 860 3149 enim
881 3089 1063 3146 dilecti
1093 3086 1242 3143 ﬁlioli
1266 3098 1465 3140 nomen
1490 3086 1799 3149 usurpatum
1822 3090 1930 3169 ste-

314 3206 386 3261 pe
412 3168 499 3245 vel
528 3188 752 3243 invitum
782 3190 1059 3254 parentem
1090 3178 1159 3235 ad
1188 3174 1575 3233 conferendum
1606 3168 1927 3261 beneficium

318 3260 528 3339 inﬁexit
560 3279 631 3336 ob
656 3276 893 3334 nominis
917 3287 1158 3330 amorem
1178 3312 1194 3339 ,
1241 3270 1412 3325 multo
1442 3265 1613 3337 magis
1643 3265 1695 3319 in
1728 3260 1930 3316 sanctis

313 3378 368 3435 id
401 3377 602 3433 habere
629 3375 808 3430 locum
848 3371 1095 3429 decebat.
1127 3368 1296 3424 Porro
1332 3362 1687 3422 formidabilia
1715 3372 1931 3431 quoque

315 3468 690 3541 peccatoribus
717 3481 859 3532 esse,
892 3460 1348 3536 quemadmodum
1377 3457 1539 3529 pigris
1563 3452 1803 3526 puerulis
1831 3464 1930 3505 no-

315 3561 461 3618 mina
480 3560 881 3631 magistrorum,
913 3555 1038 3611 audi
1062 3568 1171 3625 quo
1190 3560 1346 3624 pacto
1368 3549 1564 3606 Paulus
1592 3544 1834 3604 scribens
1859 3542 1928 3597 ad

314 3653 536 3710 Galatas
563 3650 935 3708 subindicarit.
958 3647 1091 3704 Nam
1111 3645 1366 3719 quoniam
1389 3643 1456 3698 ad
1476 3641 1753 3698 Iudaicam
1780 3638 1930 3694 inﬁr-

315 3746 561 3802 mitatem
591 3744 957 3810 declinarant,
986 3749 1042 3797 et
1064 3740 1134 3796 de
1160 3741 1273 3810 ipsa
1317 3736 1422 3793 fide
1463 3733 1925 3808 periclitabantur,

314 3855 439 3894 eum
467 3838 585 3894 illos
606 3838 768 3893 vellet
792 3836 1001 3907 erigere
1024 3850 1088 3893 ac
1110 3833 1216 3889 illis
1238 3829 1581 3904 persuadere,
1606 3836 1665 3917 ut
1685 3826 1736 3880 in
1766 3840 1933 3881 evan-

315 3930 544 4001 gelicam
570 3928 873 4003 doctrinam
900 3926 1033 3983 nihil
1073 3926 1354 3982 Iudaicum
1378 3922 1822 3985 introducerent,
1858 3918 1930 3974 ita

318 4018 534 4090 scripsit
566 4035 579 4073 :
614 4016 751 4074 Ecce
779 4036 873 4090 ego
917 4018 1117 4073 Paulus
1152 4017 1266 4071 dico
1309 4015 1469 4082 vobis,
1496 4015 1738 4084 quoniam
1761 4012 1805 4067 si
1830 4010 1932 4066 cir—

319 4111 704 4179 cumcidamini,
736 4109 969 4167 Christus
1004 4110 1143 4164 vobis
1172 4109 1301 4163 nihil
1328 4107 1559 4178 proderit
1584 4104 1725 4177 (Gal.
1756 4105 1811 4161 5.
1846 4102 1929 4173 2).

322 4203 532 4271 Dixisti,
566 4202 681 4275 Ego
712 4216 732 4258 :
762 4217 860 4259 cur
882 4201 1137 4258 addidisti
1166 4199 1405 4256 nomen?
1434 4199 1571 4255 Num
1601 4197 1747 4253 enim
1776 4194 1929 4263 illud,

320 4294 456 4367 Ego,
479 4293 782 4351 sufﬁciebat
804 4292 873 4349 ad
896 4308 1019 4349 eum
1048 4290 1391 4348 indicandum
1414 4290 1506 4361 qui
1531 4289 1839 4346 scribebat?
1861 4287 1932 4343 Ut

320 4388 579 4445 nimirum
628 4387 805 4444 discas
860 4387 1033 4457 ipsum
1100 4385 1335 4441 nominis
1384 4383 1810 4439 additamentum
1864 4379 1932 4436 ad

319 4478 747 4536 commovendos
774 4478 1079 4533 auditorum
1124 4477 1335 4533 animos
1361 4475 1659 4538 suffecisse,
1690 4483 1933 4545 propter-

321 4586 384 4626 ea
409 4585 608 4626 nomen
633 4569 799 4636 addit,
832 4578 893 4625 ut
931 4570 1012 4625 eis
1041 4569 1358 4625 memoriam
1386 4568 1604 4623 refrieet
1632 4574 1933 4637 praecepto-

319 4663 415 4717 ris.
456 4661 604 4717 ldem
647 4677 862 4733 quoque
890 4661 1045 4717 nobis
1076 4661 1267 4716 accidit
1299 4679 1313 4715 :
1346 4675 1471 4715 cum
1502 4660 1645 4716 enim
1677 4657 1831 4713 nobis
1876 4657 1932 4713 in

320 4754 639 4809 memoriam
667 4753 837 4809 sancti
877 4762 1217 4819 revocantur,
1251 4752 1466 4809 tametsi
1502 4752 1707 4807 desidia
1749 4760 1933 4821 torpe-

318 4847 560 4914 scimus,
616 4845 949 4911 excitamur;
989 4846 1129 4900 'licet
1174 4852 1606 4905 contemnamus,
1642 4852 1930 4900 terremur.

322 4938 546 4994 Paulum
585 4938 801 5009 quidem
838 4947 986 4994 certe
1018 4938 1321 5008 apostolum
1370 4952 1494 4993 cum
1525 4937 1705 5003 audio,
1751 4938 1934 4993 animo

320 5031 536 5086 intueor
572 5029 757 5098 illum,
802 5031 894 5102 qui
930 5031 984 5086 in
1034 5030 1466 5087 tribulationibus
1508 5031 1845 5098 versabatur,
1878 5030 1932 5085 in

318 5124 604 5194 angustiis,
634 5122 688 5177 in
719 5123 911 5195 plagis,
942 5124 995 5178 in
1024 5123 1349 5190 carceribus,
1381 5125 1471 5195 qui
1515 5126 1673 5180 unius
1699 5124 1935 5181 dieiano-

321 5216 531 5286 ctisque
556 5213 732 5285 spatio
758 5214 812 5268 in
848 5213 1116 5284 profundo
1143 5218 1307 5271 maris
1334 5215 1452 5283 fuit,
1475 5217 1566 5287 qui
1592 5216 1811 5272 tertium
1840 5234 1931 5273 ra-

324 5316 446 5375 ptus
472 5307 525 5360 in
566 5306 759 5362 caelum
786 5306 905 5373 fuit,
938 5307 1028 5377 qui
1060 5308 1111 5362 in
1146 5308 1396 5377 paradiso
1424 5310 1586 5366 verba
1617 5310 1823 5366 audivit
1847 5326 1936 5367 ar-

322 5413 493 5466 cana,
530 5413 625 5453 vas
662 5400 1207 5467 electionis,Christi
1253 5402 1718 5473 paranymphum,
1765 5403 1857 5475 qui
1903 5419 1934 5459 a

322 5490 541 5546 Christo
580 5492 864 5548 anathema
890 5507 1013 5550 esse
1054 5508 1151 5563 pro
1180 5493 1435 5550 fratribus
1479 5495 1703 5566 aptavit.
1753 5495 1936 5565 Itaque

324 5595 597 5654 tamquam
626 5599 789 5639 aurea
818 5585 1061 5655 quaedam
1092 5596 1280 5643 catena
1311 5596 1456 5643 recte
1485 5588 1748 5645 factorum
1778 5590 1932 5646 turba

322 5692 447 5732 cum
470 5677 703 5733 nominis
742 5680 1001 5735 memoria
1042 5695 1163 5736 sese
1202 5680 1397 5753 ingerit
1425 5682 1618 5754 iis,qui
1648 5682 1935 5755 diligenter

324 5771 651 5827 attenderint
679 5788 692 5823 :
725 5787 900 5844 neque
930 5774 1200 5831 mediocre
1230 5776 1354 5833 inde
1380 5778 1587 5833 lucrum
1602 5779 1933 5850 decerpitur.

397 5864 453 5920 ὁ.
496 5862 572 5920 De
607 5862 844 5934 dictione,
885 5865 1132 5936 Vocatus,
1166 5872 1310 5940 agit;
1352 5872 1680 5929 salutationes
1705 5875 1931 5947 pra'mil-

904 404 973 464 IN
1012 400 1239 467 lLLUD,
1283 390 1561 456 PAULUS
1600 377 1923 444 VOC.\TUS

2037 371 2078 429 Τ
2122 371 2211 429 DE
2252 370 2515 430 MUTAT.
2557 370 2894 429 NOMINUM.
2938 369 3029 427 ιν.

3551 372 3652 430 150

2045 497 2222 542 tantur
2244 487 2493 560 epistolis.
2520 518 2594 530 —
2619 489 2993 546 Potuissemus
3037 489 3123 546 his
3169 490 3331 546 etiam
3379 492 3533 562 plura
3581 494 3654 548 de

2042 581 2264 636 nomine
2284 580 2510 637 dicere:
2539 580 2633 635 sed
2665 590 2723 636 ut
2761 581 3055 638 secundam
3102 597 3320 653 quoque
3357 582 3652 639 dictionem

2039 670 2367 742 attingamus
2392 712 2412 742 ,
2461 672 2552 729 hic
2588 671 2735 728 finita
2777 672 2847 728 de
2891 672 3112 730 nomine
3157 675 3652 746 contemplatione,

2039 769 2299 841 deinceps
2322 768 2551 842 gradum
2577 770 2643 827 ad
2668 772 2811 827 illam
2844 771 3122 829 faciemus.
3150 773 3218 831 Ut
3245 775 3391 831 enim
3429 791 3652 842 nomen,

2041 860 2270 931 Paulus,
2301 864 2532 921 multum
2557 862 2715 919 nobis
2753 864 2891 920 lucri
2918 868 3275 936 comparavit,
3322 871 3394 923 ita
3426 879 3480 924 et
3522 870 3655 925 illud

2048 953 2291 1020 Vocatus,
2315 955 2734 1025 siconvcnienti
2750 958 2931 1013 studio
2958 959 3191 1016 velimus
3212 960 3343 1016 illud
3362 961 3618 1031 indagare
3640 1004 3654 1027 ,

2039 1061 2149 1101 non
2196 1046 2392 1102 minori
2446 1046 2531 1102 vel
2580 1047 2743 1103 etiam
2790 1048 2980 1119 majori
3035 1065 3138 1106 nos
3191 1053 3657 1123 contemplatione

2038 1136 2352 1207 complebit.
2383 1138 2450 1193 Et
2468 1138 2927 1210 quemadmodum
2945 1141 2990 1197 si
3012 1142 3135 1213 quis
3164 1158 3231 1199 ex
3254 1144 3458 1198 mundo
3485 1159 3657 1199 aureo

2038 1231 2126 1286 vel
2152 1232 2302 1303 regio
2322 1231 2630 1291 diademate
2657 1234 2902 1305 lapillum
2936 1251 3102 1292 unum
3134 1237 3357 1305 eximat,
3386 1246 3443 1293 et
3458 1237 3656 1293 domos

2037 1323 2373 1391 splendidas,
2405 1333 2460 1380 et
2489 1340 2650 1396 agros
2671 1328 2849 1396 magni
2874 1328 3057 1398 pretii,
3087 1342 3150 1384 ac
3178 1329 3499 1387 famulorum
3528 1344 3655 1399 gre-

2035 1431 2132 1488 ges
2175 1416 2393 1488 aliaque
2432 1417 2601 1473 multo
2630 1418 2714 1473 his
2761 1421 2966 1490 majora
3008 1435 3259 1476 coemere
3287 1420 3516 1491 poterit,
3561 1422 3655 1477 illa

2036 1510 2330 1580 margarita
2354 1508 2635 1566 divendita
2664 1530 2678 1566 :
2708 1512 2779 1567 ita
2809 1527 3023 1584 quoque
3046 1511 3139 1569 ﬁet
3164 1513 3219 1568 in
3246 1513 3425 1569 verbis
3449 1513 3651 1571 sacris:

2036 1602 2083 1658 si
2110 1602 2269 1657 unius
2294 1601 2547 1660 dictionis
2568 1618 2789 1659 sensum
2816 1604 2952 1660 velis
2980 1605 3256 1673 evolvere,
3287 1605 3512 1659 multam
3542 1607 3655 1677 spi-

2036 1694 2243 1750 ritualis
2272 1694 2368 1751 tibi
2415 1705 2654 1766 quastus
2692 1697 2974 1752 materiam
3028 1695 3325 1767 praebebit;
3369 1712 3479 1752 non
3506 1696 3653 1767 quod

2036 1784 2228 1841 domos
2252 1792 2346 1841 aut
2371 1786 2639 1857 mancipia
2677 1787 2761 1843 vel
2794 1796 2950 1843 terra:
2971 1787 3161 1858 jugera
3209 1788 3303 1843 tibi
3350 1782 3655 1858 comparet,

2034 1878 2131 1934 sed
2152 1877 2298 1949 quod
2339 1878 2557 1949 pietatis
2603 1894 2668 1935 ac
2712 1878 3073 1951 philosOphia:
3108 1876 3425 1935 occasiones
3464 1879 3657 1935 afferat

2036 1984 2224 2027 eorum
2255 1971 2559 2040 animabus,
2583 1971 2674 2044 qui
2700 1974 2890 2030 attenti
2917 1989 2982 2029 ac
3006 1973 3179 2029 seduli
3215 1973 3436 2029 fuerint.
3474 1972 3652 2043 Ipsum

2036 2062 2200 2134 igitur
2228 2062 2380 2130 illud,
2424 2062 2669 2132 Vocatus,
2692 2064 2977 2120 considera
3008 2065 3080 2119 ad
3109 2073 3367 2135 quantam
3394 2064 3654 2136 spiritua-

2035 2153 2166 2209 lium
2198 2168 2379 2209 rerum
2407 2152 2689 2210 historiam
2714 2170 2815 2210 nos
2839 2153 3094 2209 deducat.
3124 2154 3283 2211 Prius
3308 2165 3490 2210 autem
3520 2154 3651 2210 illud

2033 2244 2352 2301 discendum
2400 2253 2505 2313 est,
2550 2246 2681 2319 quid
2726 2248 2796 2302 sit
2848 2248 2978 2303 illud
3024 2249 3226 2318 ipsum,
3289 2245 3527 2317 Vocatus,
3587 2264 3654 2305 ac

2034 2337 2233 2395 deinde
2252 2339 2625 2409 scrutandum,
2651 2356 2812 2413 quam
2843 2341 3061 2397 tandem
3088 2341 3158 2397 ob
3207 2357 3427 2397 causam
3455 2341 3522 2395 ad
3552 2342 3657 2397 Co.

2040 2433 2284 2491 rinthios
2316 2435 2500 2492 solum
2531 2446 2589 2493 et
2616 2436 2685 2491 ad
2718 2435 3004 2495 Romanos
3032 2435 3213 2509 (Rom.
3249 2439 3302 2493 l.
3332 2438 3407 2509 Ι),
3435 2455 3548 2495 non
3584 2438 3657 2494 ad

2044 2525 2222 2581 ullum
2240 2525 2409 2581 alium
2421 2528 2616 2585 literas
2632 2529 2857 2585 mittens
2876 2528 2953 2583 ita
2971 2529 3490 2602 scripserit.Neque
3502 2533 3654 2586 enim

2034 2616 2157 2672 sine
2186 2629 2349 2672 causa
2379 2618 2464 2674 vel
2495 2627 2701 2675 temere
2742 2618 2796 2673 id
2848 2618 2997 2674 facit.
3026 2617 3159 2674 Nam
3192 2618 3238 2674 si
3284 2633 3385 2674 nos
3411 2617 3658 2689 epistolis

2035 2721 2143 2763 non
2174 2715 2380 2765 temere
2410 2708 2794 2779 inscriptiones
2817 2709 3167 2781 pra-figimus,
3191 2708 3288 2765 sed
3332 2709 3381 2765 si
3416 2709 3485 2764 ad
3516 2708 3657 2765 infe-

2035 2799 2212 2856 riores
2256 2801 2443 2857 literas
2473 2802 2774 2870 mittamus,
2808 2802 2955 2858 Talis
2998 2802 3127 2869 tali,
3168 2802 3499 2867 scribimus;
3531 2817 3656 2857 cum

2034 2897 2216 2944 autem
2268 2891 2336 2946 ad
2366 2891 2626 2961 tequales,
2669 2894 2833 2949 etiam
2870 2892 3150 2949 dominum
3197 2892 3252 2948 in
3302 2892 3659 2962 inscriptione

2035 2996 2292 3037 vocamus
2322 2998 2471 3051 eum,
2496 2985 2585 3053 qui
2626 2986 2914 3054 epistolam
2955 2986 3179 3056 recipit;
3223 3000 3347 3041 cum
3389 3002 3519 3043 vero
3556 3001 3658 3042 no-

2035 3082 2205 3129 stram
2225 3073 2545 3143 dignitatem
2586 3075 2746 3147 longe
2773 3076 3043 3132 excedunt
3062 3120 3078 3145 ,
3122 3077 3226 3132 alia
3250 3093 3469 3149 quoque
3501 3078 3654 3149 plura

2034 3166 2320 3236 adjicimus
2350 3168 2591 3238 nomina,
2624 3184 2745 3240 quae
2779 3170 3040 3239 majorem
3064 3172 3271 3227 cultum
3309 3180 3364 3227 et
3390 3172 3655 3228 honorem

2036 3276 2148 3331 pra:
2175 3274 2235 3316 se
2267 3259 2462 3316 ferant.
2493 3260 2648 3329 Quod
2671 3262 2717 3317 si
2744 3278 2844 3319 nos
2871 3270 3072 3319 tantam
3099 3280 3285 3320 curam
3308 3264 3652 3332 adhibemus,

2036 3369 2212 3425 neque
2268 3354 2461 3410 eodem
2494 3354 2659 3411 modo
2708 3356 2777 3411 ad
2818 3371 3013 3413 omnes
3058 3358 3369 3426 scribimus,
3417 3358 3515 3415 sed
3557 3375 3657 3430 pro

2034 3447 2299 3502 varietate
2343 3461 2697 3517 personarum
2728 3462 2849 3519 quae
2878 3448 3063 3504 literas
3112 3451 3415 3521 recipiunt,
3448 3465 3655 3508 conve-

2035 3541 2251 3596 nientes
2272 3540 2664 3611 appellationes
2686 3541 3063 3612 praemittimus
3084 3559 3098 3597 :
3134 3544 3302 3597 multo
3319 3544 3492 3614 magis
3512 3543 3657 3600 Pau-

2037 3635 2121 3691 ltts
2148 3649 2259 3690 non
2307 3643 2532 3701 temere,
2564 3646 2656 3691 aut
2684 3636 2801 3692 sine
2820 3650 2983 3692 causa
3019 3636 3120 3694 hoc
3163 3637 3326 3692 modo
3345 3636 3414 3692 ad
3440 3636 3562 3705 hos,
3586 3637 3656 3694 ad

2036 3728 2157 3785 illos
2186 3728 2293 3784 alio
2330 3728 2491 3784 modo
2522 3728 2815 3796 scribebat,
2857 3728 2953 3785 sed
3004 3743 3126 3784 cum
3173 3729 3355 3800 aliqua
3386 3728 3656 3799 spirituali

2036 3820 2321 3891 sapientia.
2350 3808 2430 3877 Ac
2460 3821 2598 3875 nulli
2628 3820 2849 3891 quidem
2901 3820 3055 3877 alteri
3110 3820 3429 3876 mittentem
3469 3820 3657 3877 literas

2035 3922 2274 3967 vocatum
2302 3928 2425 3968 eum
2460 3912 2511 3967 in
2545 3913 2771 3969 exordio
2792 3913 3035 3983 epistola:
3058 3914 3299 3983 seipsum
3320 3911 3649 3984 appellasse,

2035 4004 2283 4061 decursis
2309 4006 2439 4076 ipsis
2468 4006 2823 4077 epistolarum
2876 4007 3043 4061 initiis
3086 4006 3300 4061 discere
3341 4020 3654 4077 possumus.

2036 4096 2147 4152 Cur
2199 4106 2382 4153 autem
2413 4097 2468 4161 id
2518 4107 2723 4169 ageret,
2775 4098 2892 4169 jam
2946 4105 3194 4153 nostrum
3241 4096 3561 4164 estdicere,
3608 4096 3657 4152 si

2036 4191 2187 4263 prius
2216 4190 2343 4261 quid
2370 4191 2461 4258 sit,
2504 4184 2712 4246 voc’atus
2736 4232 2752 4258 ,
2780 4189 3340 4246 demonstraverimus
3362 4229 3379 4254 ,
3415 4188 3658 4259 quidque

2036 4298 2138 4337 nos
2168 4297 2264 4353 per
2289 4282 2428 4337 hanc
2454 4282 2745 4338 dictionem
2775 4282 2975 4337 docere
3005 4281 3204 4337 Paulus
3223 4280 3477 4335 voluerit.
3510 4278 3651 4347 Quid

2036 4389 2167 4446 ergo
2196 4373 2396 4430 docere
2441 4389 2542 4429 nos
2567 4375 2681 4429 vult
2719 4373 2942 4439 Paulus,
2988 4387 3113 4428 cum
3151 4372 3389 4442 seipsum
3417 4380 3657 4425 vocatum

2036 4466 2313 4537 appellat?
2341 4465 2413 4523 Se
2440 4465 2696 4522 nimirum
2728 4466 2965 4537 priorem
2987 4465 3055 4520 ad
3083 4465 3371 4520 Dominum
3424 4479 3534 4519 non
3567 4478 3660 4518 acp

2037 4563 2309 4629 cessisse,
2370 4577 2559 4619 verum
2614 4571 2865 4618 vocatum
2915 4559 3272 4615 obedivisse:
3319 4574 3426 4613 non
3474 4558 3657 4629 ipsum

2037 4654 2358 4726 qumsivisse
2385 4663 2549 4724 atque
2579 4652 2878 4719 invenisse,
2907 4651 3005 4709 sed
3050 4666 3175 4708 cum
3214 4651 3545 4718 aberrasset,
3576 4650 3661 4705 in-

2038 4758 2257 4805 ventum
2275 4764 2397 4806 esse
2423 4768 2437 4803 :
2457 4764 2565 4804 non
2583 4748 2761 4818 ipsum
2785 4748 2853 4803 ad
2874 4747 3052 4803 lucem
3069 4746 3383 4817 respexisse
3399 4745 3656 4815 primum,

2039 4843 2136 4901 sed
2166 4844 2343 4901 lucem
2370 4843 2553 4899 radios
2573 4857 2705 4899 suos
2752 4843 2807 4897 in
2846 4841 2966 4914 ejus
2991 4840 3277 4912 palpebras
3306 4839 3574 4907 vibrasse,
3604 4846 3661 4894 et

2040 4937 2405 4994 exterioribus
2446 4937 2617 4993 oculis
2672 4936 2895 5003 orbato,
2946 4935 3234 4990 interiores
3295 4932 3492 4990 deinde
3538 4946 3661 4990 esse

2043 5041 2339 5087 rcseratos.
2371 5029 2507 5085 Cum
2540 5031 2701 5100 igitur
2740 5029 2941 5084 docere
2982 5042 3084 5083 nos
3126 5028 3324 5096 vellet,
3357 5042 3417 5083 se
3451 5027 3659 5081 nullum

2042 5142 2109 5180 ex
2140 5125 2255 5181 suis
2281 5134 2431 5181 recte
2481 5122 2640 5179 factis
2678 5122 2934 5179 omnibus
2988 5121 3202 5193 sibiipsi
3253 5123 3513 5187 tribuere,
3563 5119 3657 5176 sed

2042 5220 2155 5275 Deo
2180 5218 2271 5290 qui
2294 5217 2527 5284 vocavit,
2560 5217 2799 5289 seipsum
2847 5224 3080 5272 vocatum
3118 5215 3374 5286 appellat.
3406 5214 3539 5269 Nam
3570 5211 3662 5284 qui

2041 5310 2205 5367 stadii
2232 5309 2534 5366 mihifores
2578 5310 2813 5380 aperuit,
2862 5308 3059 5379 inquit,
3089 5317 3145 5363 et.
3192 5306 3527 5371 scammatis,
3572 5305 3662 5359 ille

2040 5418 2368 5459 coronarum
2391 5402 2556 5459 etiam
2596 5410 2680 5457 est
2706 5408 2895 5455 auctor
2920 5416 2933 5453 :
2962 5400 3053 5471 qui
3084 5396 3319 5469 praebuit
3362 5396 3577 5452 initium
3607 5404 3665 5451 et

2040 5500 2281 5555 radicem
2336 5494 2618 5568 plantavit,
2673 5494 2761 5550 hic
2807 5492 2941 5549 mihi
2982 5492 3275 5561 fructuum,
3326 5490 3419 5561 qui
3463 5486 3664 5545 deinde

2040 5590 2417 5661 germinarunt
2446 5629 2463 5656 ,
2505 5586 2825 5644 occasiones
2864 5584 3247 5656 suppeditavit.
3314 5582 3661 5652 QuaprOpter

2040 5683 2169 5738 alibi
2196 5696 2414 5753 quoque
2443 5696 2634 5736 rursus
2661 5696 2785 5737 cum
2812 5678 3062 5746 dixisset,
3094 5676 3225 5731 Plus
3242 5675 3473 5730 omnibus
3506 5673 3651 5729 labo-

2042 5779 2173 5846 ravi,
2204 5776 2505 5848 subiunxit,
2524 5774 2645 5831 Non
2668 5791 2759 5847 ego
2785 5783 2975 5842 autem,
3002 5771 3093 5828 sed
3117 5770 3307 5843 gratia,
3327 5785 3440 5840 qua:
3457 5782 3655 5822 mecum

2041 5884 2113 5934 est
2142 5872 2367 5949 (l._Cor.
2412 5870 2647 5947 15.10).
2703 5870 2887 5941 Itaque
2943 5884 3141 5925 nomen
3191 5859 3341 5936 illud,
3396 5863 3655 5931 Vocatus,
