4080 6394
452 366 554 422 liii

455 478 602 535 aliud
634 478 766 535 nihil
796 478 1016 544 indicat,
1047 476 1151 532 nisi
1195 476 1419 533 Paulum
1464 475 1597 533 nihil
1625 490 1694 532 ex
1738 476 1853 532 suis
1895 482 2043 532 recte

453 565 607 625 lactis
630 568 732 626 sibi
754 567 1023 640 proprium
1052 567 1323 635 arbitrari,
1353 567 1450 624 sed
1471 567 1652 624 omnia
1672 566 1902 624 Domino
1932 566 2043 623 Deo

455 658 714 716 tribuere.
742 657 893 725 Quod
923 656 1109 729 utique
1136 656 1379 715 Christus
1406 658 1705 730 discipulos
1725 673 1854 715 suos
1882 659 2043 715 doce-

454 747 545 803 bat
568 747 771 812 dicens,
794 748 913 803 Non
930 764 1016 803 vos
1037 749 1361 821 meeltgistis,
1389 750 1582 822 sedrgo
1606 750 1733 821 elegi
1756 766 1843 805 eos
1859 748 2042 820 (Joan.

453 838 541 892 15.
577 838 665 909 16)
686 854 700 903 ;
729 848 891 909 atque
908 840 1181 910 apostolus
1211 840 1348 895 istud
1376 841 1548 912 ipsum
1570 855 1756 896 rursus
1781 841 1834 895 in
1855 840 2043 897 eadem

453 927 632 984 innuit
673 929 919 1000 epistola,
970 947 1089 986 cum
1120 932 1235 986 ait:
1267 930 1413 986 Tunc
1466 948 1787 1004 cognoscam,
1843 930 1973 985 sicut
1997 938 2045 985 et

454 1020 687 1092 cognitus
713 1038 827 1077 sum
851 1020 929 1093 (1.
948 1020 1068 1078 Cor.
1092 1024 1179 1079 15.
1214 1023 1343 1096 1Ξ);
1375 1039 1517 1080 nunc
1542 1024 1704 1091 enim,
1725 1024 1915 1094 inquit,
1936 1040 2043 1079 non

455 1124 555 1182 rgo
584 1112 731 1182 prior
749 1113 996 1184 cognovi,
1027 1114 1121 1169 sed
1144 1115 1290 1184 prior
1314 1130 1431 1170 sum
1456 1116 1718 1185 cognitus.
1749 1114 1883 1169 Dum
1899 1114 2042 1169 enim

455 1212 867 1273 persequeretur
908 1212 964 1259 et
1007 1207 1353 1275 popularetur
1410 1208 1751 1275 Ecclesium,
1801 1207 2046 1263 Christus

455 1306 579 1348 eum
606 1293 815 1348 vocavit
842 1293 1051 1363 dicens,
1076 1293 1255 1363 δίκαιε,
1292 1296 1475 1365 Saule,
1494 1299 1617 1368 quid
1637 1316 1715 1353 nte
1734 1299 2046 1369 persequeris

453 1381 591 1450 (Act.
634 1382 689 1438 9.
741 1382 837 1455 ψ
890 1394 1177 1457 propterea
1231 1398 1465 1442 vocatum
1509 1390 1743 1459 seipsum
1788 1390 2043 1461 appellat.

452 1470 626 1540 Quam
650 1472 721 1529 ob
744 1488 960 1531 causam
990 1475 1057 1531 ad
1085 1474 1393 1533 Corinthios
1422 1478 1495 1533 ita
1526 1479 1835 1535 scribebat?
1855 1480 2047 1535 Corin-

453 1560 712 1619 tbnslnec
741 1564 1057 1636 metropolis
1080 1576 1162 1623 est
1190 1569 1429 1636 Achaiae,
1460 1584 1524 1625 ac
1551 1570 1917 1640 spiritnaiibns
1951 1571 2050 1627 do-

453 1652 538 1708 nis
562 1652 884 1721 abtmdabat,
914 1666 968 1713 et
995 1658 1186 1714 merito
1220 1674 1352 1716 sane
1378 1677 1393 1714 :
1416 1661 1679 1741 siquidgm
1696 1662 1868 1733 prima
1897 1662 2049 1718 Pauli

454 1742 624 1814 potita
669 1753 755 1800 est
791 1744 1005 1816 lingua;
1042 1755 1097 1803 et
1140 1749 1591 1820 quemadmodum
1639 1752 1762 1807 vitis
1813 1767 1933 1822 quae
1980 1753 2048 1807 ab

453 1833 661 1902 optimo
684 1849 749 1889 ac
772 1834 1013 1908 diligenti
1041 1840 1274 1909 agricola
1295 1842 1580 1911 excolitur,
1608 1844 1789 1899 multis
1814 1844 2050 1899 luxuriat

452 1920 616 1989 foliis,
650 1927 833 1982 multis
854 1928 1116 1986 fructibus
1140 1946 1355 2003 semper
1378 1942 1635 1990 oneratur
1665 1953 1679 1989 :
1706 1935 1777 1989 ita
1795 1936 2048 1991 nimirum

453 2022 510 2070 et
538 2015 666 2071 urbs
690 2017 776 2071 illa
808 2033 929 2073 cum
955 2028 1226 2092 tamquam
1256 2026 1517 2093 optimum
1560 2026 1851 2096 agricolam
1901 2026 2048 2082 Pauli

451 2103 754 2161 doctrinam
809 2108 980 2179 prima
1038 2119 1184 2167 esset
1227 2124 1469 2183 experta,
1524 2116 1748 2187 ejusque
1786 2116 2046 2186 sapientia

453 2194 615 2266 longo
643 2206 748 2253 tem
758 2213 887 2268 pore
912 2216 972 2256 se
1000 2201 1344 2271 oblectasset,
1369 2205 1522 2262 bonis
1533 2207 1783 2262 omnibus
1802 2207 2046 2274 ﬂorebat;

453 2300 630 2359 neque
649 2304 779 2345 vero
803 2291 1168 2362 spirituaiibus
1192 2304 1395 2351 tantum
1420 2293 1579 2354 donis
1606 2299 1927 2366 abundabat,
1951 2298 2049 2355 sed

453 2385 510 2431 et
536 2380 819 2436 commoda
848 2383 1123 2439 saecularia
1145 2383 1221 2440 illi
1252 2385 1453 2442 aﬂ'atim
1492 2389 1868 2459 suppetebant.
1911 2390 2045 2446 Nam

452 2474 509 2521 et
538 2468 774 2537 profante
799 2465 1118 2529 eruditionis
1140 2474 1421 2545 sapientia,
1449 2485 1503 2533 et
1522 2476 1747 2547 divitiis,
1770 2489 1825 2535 et
1851 2488 2049 2551 poten-

454 2558 526 2612 tia
552 2560 766 2616 caeteris
790 2559 1011 2619 urbibus
1035 2567 1413 2634 antecellebat.
1447 2570 1625 2638 Atque
1668 2568 1752 2625 his
1783 2571 1871 2625 illa
1898 2570 2051 2627 infla-

454 2648 636 2718 liatur,
667 2661 719 2707 et
747 2654 802 2707 in
829 2655 1134 2725 superbiam
1161 2658 1505 2727 cderebatur,
1537 2669 1592 2717 et
1620 2678 1714 2732 per
1743 2663 2047 2734 superbiam

454 2742 513 2798 in
539 2745 714 2799 varias
740 2756 916 2815 partes
942 2748 1112 2805 divisa
1141 2760 1244 2805 est.

528 2835 834 2908 Arrogantia
861 2839 1033 2907 mala;
1063 2838 1316 2896 Corinthii
1343 2844 1497 2913 primi
1521 2843 1681 2899 Pauli
1689 2846 1937 2901 .doctrina
1959 2864 2048 2902 ea:-

457 2928 602 2983 cttlti.
634 2926 866 2999 Profuna
887 2934 1135 3003 sapimtia
1156 2952 1258 2988 non
1284 2936 1478 3006 confert
1495 2936 1566 2991 ad
1588 2939 1848 3007 pietatem.
1871 2972 1943 2982 —
1970 2942 2048 2998 Ea

456 3016 658 3088 quippe
705 3029 893 3076 natura
952 3030 1039 3077 est
1095 3027 1418 3096 arrogantia:
1477 3045 1491 3081 :
1546 3031 1786 3088 caritatis
1834 3034 2049 3090 vincula

453 3107 741 3179 disrumpit
776 3121 831 3166 et
869 3115 1171 3182 proximum
1220 3118 1422 3185 avellit,
1454 3128 1509 3174 et
1532 3118 1697 3176 efﬁcit
1726 3134 1785 3178 ut
1822 3126 2051 3182 scorsim

453 3199 595 3271 apud
613 3217 672 3256 sc
696 3201 853 3274 degat
884 3206 949 3271 is,
980 3208 1070 3276 qni
1096 3208 1164 3262 ab
1190 3208 1276 3263 illa
1291 3221 1569 3283 correptus
1608 3214 1789 3272 fuerit.
1820 3219 1881 3274 Et
1913 3222 2053 3278 sicut

456 3292 657 3363 paries,
685 3296 776 3367 qui
809 3298 1138 3367 intumuerit,
1172 3302 1454 3360 tedilicium
1471 3306 1698 3365 destruit
1729 3312 1845 3367 :sic
1872 3314 2051 3370 anima

457 3381 642 3440 inﬂata
665 3386 805 3443 ferre
824 3403 931 3445 non
952 3399 1129 3460 potest
1154 3407 1361 3459 secum
1390 3397 1559 3453 altero
1584 3400 1827 3469 copulari
1860 3421 1874 3457 :
1908 3405 2051 3474 quod

455 3485 513 3532 et
532 3475 788 3533 Corintho
813 3487 923 3535 tum
958 3481 1138 3538 evenit
1174 3501 1188 3538 :
1232 3485 1375 3543 inter
1403 3503 1463 3544 se
1511 3487 1862 3560 dissidebant,
1910 3504 1965 3551 et
1998 3496 2053 3553 in

456 3568 656 3627 multas
684 3581 863 3641 partes
884 3572 1177 3632 Ecclesiam
1202 3577 1516 3637 dividebant
1554 3600 1568 3637 :
1598 3592 1761 3655 atque
1804 3586 2055 3644 innume-

454 3676 548 3719 ros
573 3662 677 3719 sibi
702 3664 838 3721 alios
862 3665 1114 3723 doctores
1138 3685 1260 3725 cum
1290 3672 1683 3742 praefecissem,
1714 3678 1767 3732 in
1799 3680 1976 3734 curias
1996 3690 2053 3736 et

456 3754 663 3809 classes
684 3754 951 3820 distributi
978 3758 1291 3829 dignitatem
1321 3762 1579 3820 Ecclesia:
1606 3764 2047 3837 pcssumdabant.

460 3842 702 3915 Dignitas
726 3846 869 3901 enim
895 3857 979 3903 est
1026 3846 1314 3919 Ecclesiae,
1342 3868 1464 3909 eum
1495 3854 1571 3910 illi
1613 3857 1703 3927 qui
1744 3863 2052 3932 congregati

456 3942 600 4001 sinit,
637 3938 837 4007 optime
863 3939 1081 3996 intcrsc
1119 3943 1463 3999 concordiam
1492 3961 1788 4019 pacemque
1831 3965 2055 4007 conscr-

458 4039 602 4085 vant.

528 4118 583 4178 5.
626 4115 752 4178 llaec
772 4132 952 4180 autem
979 4127 1160 4182 omnia
1192 4128 1341 4183 vobis
1356 4129 1778 4187 demonstranda
1816 4142 1961 4203 sunt,
2000 4146 2054 4191 et

453 4210 768 4270 Corinthios
786 4213 932 4271 Pauli
959 4215 1202 4272 doctrina
1224 4225 1336 4273 tum
1366 4222 1610 4277 excultos
1639 4221 1801 4279 luisse
1826 4226 2047 4296 primos,

455 4319 555 4359 eos
578 4302 735 4360 donis
784 4306 1150 4376 spiritualibus
1196 4307 1391 4366 divites
1441 4310 1627 4379 fuisse,
1660 4321 1714 4368 et
1756 4317 2053 4373 commodis

454 4394 806 4452 iuuenioribus
824 4399 1220 4469 antecelluisse,
1245 4411 1405 4473 atque
1433 4400 1632 4459 ideirco
1662 4404 1717 4460 in
1743 4406 2049 4477 superbiam

452 4484 627 4541 elatos
656 4503 685 4541 a
703 4502 762 4543 se
792 4486 1019 4545 invicem
1050 4504 1171 4547 esse
1192 4489 1449 4559 divulsos,
1477 4503 1532 4549 et
1558 4492 1657 4550 hos
1686 4495 1901 4567 quidem
1944 4496 2048 4567 his,

458 4576 579 4633 illos
599 4586 780 4635 autem
822 4578 927 4635 illis
969 4594 1093 4637 sese
1146 4580 1437 4640 addixisse.
1469 4584 1537 4641 Ut
1582 4586 1740 4657 igitur
1782 4586 2049 4661 intelligas

460 4670 664 4741 primos
689 4685 786 4726 eos
811 4670 1055 4729 doctrina
1083 4670 1233 4731 Pauli
1274 4673 1519 4733 excultos
1559 4675 1726 4735 fuisse
1743 4721 1761 4748 ,
1789 4679 1912 4735 audi
1943 4696 2050 4751 quo

461 4769 619 4833 pacto
642 4760 873 4832 idipsum
896 4762 1098 4822 iudicet
1126 4764 1321 4822 Paulus
1344 4784 1358 4822 :
1385 4764 1525 4822 Nam
1553 4769 1595 4823 si
1622 4769 1825 4838 multos,
1856 4770 2046 4843 inquit,

459 4852 768 4925 μυρίσασθαι
796 4851 1022 4911 habeatis
1041 4853 1096 4911 in
1116 4852 1337 4926 Christo,
1365 4860 1459 4915 sed
1500 4877 1602 4916 non
1646 4862 1832 4919 inultos
1858 4872 2048 4935 patres.

462 4940 604 5000 Nam
630 4946 685 5001 in
704 4941 905 5002 Christo
928 4943 1057 5005 Iesu
1076 4966 1167 5022 per
1198 4950 1510 5024 melinus
1530 4970 1622 5025 ego
1645 4970 1732 5009 vos
1760 4956 1915 5027 genui
1944 4955 1965 5027 (
1994 4958 2047 5013 1.

452 5036 575 5094 Cor.
600 5038 655 5105 1.
684 5038 774 5110 15)
803 5058 818 5095 :
848 5042 994 5111 atqui
1017 5038 1062 5098 is
1085 5042 1174 5113 qui
1201 5041 1387 5113 gignit,
1415 5045 1618 5115 primus
1640 5045 1692 5102 in
1718 5047 1892 5104 lucem
1922 5059 2053 5119 pro-

455 5132 609 5188 ducit
648 5133 794 5204 quod
846 5134 1085 5206 genitum
1130 5140 1233 5193 est.
1265 5132 1332 5191 Et
1378 5146 1603 5208 rursus,
1641 5131 1756 5212 Ego
1798 5138 2047 5212 plantaci,

458 5220 648 5298 Apollo
672 5227 855 5299 rigavit
880 5225 956 5302 (1.
985 5226 1103 5284 Cor.
1130 5226 1184 5285 3.
1212 5227 1268 5303 ϐ)
1301 5248 1317 5285 :
1346 5232 1634 5288 Ostendens
1659 5246 1690 5289 a
1723 5248 1783 5290 se
1819 5234 2051 5305 primum

452 5326 696 5388 sparsam
718 5333 839 5375 esse
863 5311 1183 5378 doctrinam.
1200 5321 1370 5378 Porro
1392 5321 1547 5378 donis
1570 5339 1665 5380 eos
1688 5324 2054 5397 spirituallbus

458 5408 792 5467 redundasse
817 5413 943 5471 inde
970 5424 1179 5470 constat
1210 5433 1223 5469 :
1258 5412 1462 5471 Gratias
1486 5433 1585 5489 ago
1616 5416 1724 5474 Deo
1748 5418 1811 5475 ob
1834 5420 2052 5491 gratiam

455 5500 573 5569 Dei,
604 5518 718 5572 qua
745 5502 867 5558 data
889 5513 963 5560 est
989 5506 1128 5561 vobis
1154 5506 1207 5561 in
1227 5505 1427 5562 Christo
1454 5506 1601 5571 Iesu.
1621 5509 1759 5581 quod
1790 5511 1845 5564 in
1873 5512 2044 5566 enmi-

458 5597 553 5648 bus
579 5590 758 5651 diuites
783 5595 907 5667 facti
935 5598 1056 5653 estis
1101 5599 1154 5653 in
1175 5597 1285 5666 illo,
1328 5599 1403 5655 ita
1432 5608 1485 5654 at
1513 5602 1643 5656 nihil
1678 5600 1817 5658 vobis
1842 5602 1969 5659 desit
1997 5605 2050 5659 in

459 5686 568 5741 ulla
591 5688 757 5760 gratia
788 5685 865 5761 (1.
896 5688 1015 5747 Car.
1046 5690 1099 5748 1.
1132 5692 1183 5747 4.
1215 5691 1293 5766 5).
1320 5687 1389 5749 Et
1404 5709 1536 5751 vero
1553 5693 1790 5767 profante
1817 5695 1937 5753 illos
1960 5713 2049 5753 sa-

462 5778 678 5844 pientia:
706 5777 869 5839 fuisse
890 5783 1192 5857 participes,
1220 5783 1349 5843 satis
1373 5786 1525 5845 nobis
1546 5786 1841 5846 declaravit
1868 5787 2050 5845 multis

1174 367 1232 422 S.
1271 363 1551 426 IOANNIS
1588 358 2083 421 CHRYSOSTOMI'
2107 360 2422 420 ARCIIIEP.
2460 362 2998 421 CONSTANTINOP.

2155 473 2258 528 illis
2288 474 2565 546 longisque
2596 475 2953 543 sermonibus,
2976 475 3169 547 quibus
3198 475 3589 547 in‘sapientiam
3608 479 3754 533 illam

2151 562 2447 619 invehitur.
2474 564 2611 621 Cum
2637 568 2783 623 enim
2810 567 2913 622 alia
2969 568 3023 623 in
3074 566 3301 636 epistola
3345 582 3454 623 non
3499 566 3658 623 facile
3698 568 3755 625 id

2152 654 2467 723 praestitisse
2508 659 2828 727 reperiatur,
2858 658 2946 714 hic
2997 658 3202 729 prolixa
3244 658 3366 715 illos
3408 660 3759 717 accusatione

2150 745 2444 800 insectatur
2474 763 2489 802 :
2522 763 2584 803 ac
2607 750 2802 804 merito
2822 764 2972 804 sane.
2993 748 3123 804 Nam
3158 749 3413 821 quoniam
3431 747 3560 805 hinc
3576 746 3767 805 tumor

2150 841 2392 893 etrastus
2416 849 2639 895 exortus
2662 850 2765 905 est,
2811 841 2919 896 illic
2962 844 3124 897 etiam
3175 843 3467 898 sectionem
3514 842 3759 897 admovit

2150 926 2229 981 sic
2257 925 2438 982 dicens
2467 944 2481 982 :
2512 926 2636 982 Non
2664 929 2799 985 enim
2825 930 2964 983 misit
2994 947 3074 984 me
3103 927 3339 986 Christus
3362 931 3641 1002 baptizare,
3667 932 3762 986 sed

2152 1017 2498 1088 cvangelisare
2527 1034 2546 1072 :
2578 1034 2677 1072 non
2707 1019 2760 1073 in
2781 1019 3033 1090 sapientia
3060 1021 3217 1088 verbi,
3261 1030 3314 1075 ut
3341 1037 3444 1076 non
3483 1030 3761 1076 concitetur

2151 1122 2280 1161 crux
2303 1107 2487 1164 Christi
2520 1111 2539 1181 (
2565 1111 2612 1164 1.
2638 1108 2757 1164 Cor.
2790 1111 2841 1164 1.
2870 1111 2935 1164 17
2960 1111 3000 1180 ).
3032 1104 3168 1166 Vide
3196 1125 3354 1181 quam
3394 1114 3598 1169 acriter
3628 1126 3755 1183 pro-

2152 1194 2330 1251 fartam
2359 1200 2679 1269 sapientiam
2722 1210 2957 1267 accuset,
3008 1199 3153 1272 quod
3179 1215 3285 1256 non
3313 1203 3476 1257 modo
3514 1203 3654 1263 nihil
3691 1203 3761 1257 ad

2152 1286 2407 1355 pietatem
2431 1288 2679 1346 conferre
2703 1290 2963 1356 videatur,
2995 1288 3089 1347 sed
3113 1292 3276 1347 e1iam
3306 1291 3760 1362 impedimentum

2151 1386 2205 1432 et
2232 1378 2564 1436 obstaculum
2591 1382 2702 1437 (lat.
2728 1381 2799 1440 Ut
2825 1384 2969 1439 enim
2994 1384 3246 1455 praeclara
3274 1399 3526 1455 corpora,
3555 1396 3613 1441 et
3642 1386 3763 1440 for-

2152 1470 2289 1523 mosi
2323 1471 2636 1543 pulchrique
2663 1473 2865 1541 vulsus,
2896 1475 2938 1530 si
2968 1476 3109 1544 quod
3136 1488 3355 1530 ornatus
3397 1476 3639 1531 exterius
3665 1476 3764 1531 ad-

2154 1562 2505 1617 ditamentum
2552 1563 2857 1632 admittant,
2908 1578 3023 1619 suas
3069 1565 3485 1635 pulchritudinis
3530 1566 3761 1636 gloriam

2154 1652 2420 1719 minuunt,
2454 1653 2598 1725 quod
2625 1652 2734 1709 fuci
2756 1663 2812 1711 et
2842 1655 3134 1726 pigmenta,
3172 1665 3226 1711 et
3254 1655 3461 1727 reliQua
3489 1656 3762 1726 ejusmodi

2154 1742 2418 1799 lenocinia
2464 1752 2520 1799 et
2562 1743 2787 1801 artificia
2828 1744 3015 1801 formae
3061 1744 3275 1802 laudem
3313 1744 3543 1801 divisam
3587 1744 3657 1801 ad
3699 1762 3765 1803 sc

2157 1834 2410 1889 trahantr.
2439 1836 2580 1905 quod
2607 1836 2652 1891 si
2682 1832 2816 1891 nihil
2842 1836 2923 1892 eis
2964 1835 3258 1903 addideris,
3300 1836 3763 1907 pulchritudinem

2156 1941 2341 1981 eorum
2367 1928 2535 1997 magis
2559 1928 2782 1999 detegis,
2808 1928 2935 1984 dum
2968 1929 3081 1983 sola
3108 1929 3279 1984 forma
3303 1928 3567 1994 decertat,
3599 1936 3655 1982 et
3678 1928 3767 1983 in-

2156 2026 2303 2087 tegra
2353 2018 2509 2075 laude
2537 2028 2592 2076 et
2621 2021 3092 2076 commendatione
3123 2020 3414 2091 perfruitur
3444 2038 3458 2074 :
3488 2019 3559 2074 ita
3603 2019 3662 2074 lit
3704 2020 3766 2074 in

2157 2109 2437 2179 religione,
2472 2123 2525 2167 et
2552 2112 2813 2182 spirituali
2845 2127 3043 2185 sponsa
3078 2130 3092 2167 :
3124 2113 3167 2168 si
3193 2112 3319 2182 quid
3357 2122 3642 2167 externum
3685 2110 3763 2165 illi

2154 2200 2430 2272 adjuugas,
2466 2204 2579 2259 sive
2612 2204 2842 2270 divitias,
2870 2206 2984 2259 sive
3006 2205 3331 2275 potentiam,
3350 2204 3465 2259 sive
3498 2203 3766 2258 eruditio-

2155 2294 2237 2347 nis
2262 2293 2388 2361 vim,
2424 2294 2651 2365 gloriam
2677 2296 2793 2367 ejus
2813 2296 3012 2366 perdis,
3038 2311 3135 2350 nec
3159 2296 3290 2351 sinis
3320 2306 3375 2350 ut
3402 2296 3612 2366 integra
3640 2295 3763 2350 laus

2154 2380 2272 2451 ejus
2297 2393 2577 2461 appareat,
2598 2386 2700 2440 sed
2734 2387 2787 2441 in
2814 2387 3008 2441 multas
3034 2397 3212 2456 partes
3258 2385 3375 2456 ejus
3417 2385 3647 2457 gloriam
3677 2386 3764 2441 dio

2149 2474 2289 2529 vidis
2315 2495 2327 2529 :
2356 2476 2438 2531 sin
2463 2492 2581 2532 eam
2610 2477 2778 2532 solam
2808 2477 2952 2532 sinas
2977 2477 3281 2547 simplicem
3302 2477 3609 2549 nudamque
3633 2492 3765 2532 cer-

2158 2572 2293 2629 tare,
2321 2568 2516 2621 amotis
2542 2568 2790 2622 omnibus
2840 2567 3000 2623 rebus
3052 2567 3332 2632 humanis,
3366 2578 3493 2625 tunc
3523 2570 3767 2625 maxime

2157 2656 2498 2724 pulchritudo
2519 2658 2637 2727 ejus
2661 2658 2837 2714 omnis
2878 2660 3176 2728 apparebit,
3203 2668 3329 2713 tunc
3359 2659 3559 2715 invicta
3591 2661 3766 2715 virtus

2154 2744 2272 2814 ejus
2296 2746 2546 2811 elucebit,
2579 2760 2703 2802 eum
2731 2763 2907 2819 neque
2936 2748 3136 2804 divitiis
3157 2748 3426 2821 indigens,
3456 2765 3633 2821 neque
3674 2766 3777 2807 sa-

2158 2834 2378 2904 pientis,
2404 2851 2575 2907 neque
2604 2838 2867 2908 petentia,
2890 2853 3065 2910 neque
3102 2839 3411 2905 nobilitate,
3437 2856 3613 2911 neque
3641 2842 3775 2898 alii:

2158 2928 2281 2982 ullis
2310 2928 2474 2984 rebus
2505 2931 2769 2996 humanis,
2795 2932 2975 2987 omnia
3000 2944 3253 3002 superare
3278 2930 3509 3001 potuerit
3536 2941 3591 2987 et
3624 2934 3761 2987 sub-

2159 3023 2323 3092 igere,
2348 3020 2476 3076 dum
2506 3037 2600 3092 per
2630 3022 2875 3079 homines
2904 3024 3058 3089 viles,
3093 3023 3354 3093 abjectos,
3376 3036 3598 3094 egenos,
3631 3040 3767 3094 pau-

2160 3130 2336 3184 peres,
2372 3113 2583 3181 idiotas,
2614 3114 2791 3183 impiis
2816 3115 3144 3181 oratoribus,
3180 3113 3533 3185 philosophis,
3569 3126 3775 3188 tyran-

2160 3207 2263 3270 nis,
2288 3216 2342 3261 et
2368 3209 2620 3262 universo
2650 3217 2912 3263 terrarum
2940 3208 3073 3261 orbe
3102 3208 3349 3277 superior
3374 3206 3572 3263 evadit.

2236 3296 2477 3351 Humana
2504 3298 2753 3368 sapientia
2782 3298 3131 3369 confunditur.
3156 3325 3228 3338 --
3249 3297 3537 3368 PrOpterca
3562 3298 3770 3357 Paulus

2160 3402 2370 3459 quoque
2398 3389 2611 3443 dicebat
2642 3405 2655 3441 :
2690 3386 2810 3441 Non
2840 3388 2951 3442 veni
2992 3404 3081 3457 per
3106 3386 3469 3442 sublimitatem
3511 3391 3770 3447 sermonis

2158 3480 2468 3534 annuntians
2498 3480 2635 3533 vobis
2653 3479 2995 3534 testimonium
3034 3477 3167 3552 Del(
3200 3479 3250 3532 l.
3275 3477 3396 3532 Cor.
3425 3480 3480 3534 2.
3512 3479 3537 3535 1
3573 3480 3593 3550 )
3622 3496 3635 3532 :
3664 3492 3721 3537 et
3739 3522 3757 3548 ,

2164 3568 2290 3635 Quae
2311 3570 2468 3624 stulta
2496 3577 2614 3624 sunt
2642 3569 2823 3623 mundi
2859 3569 3008 3640 elegit
3049 3564 3218 3635 Deus,
3259 3576 3318 3623 ut
3361 3570 3647 3642 confundat
3672 3588 3763 3626 sa-

2160 3665 2351 3734 pientes
2393 3666 2412 3734 (
2444 3664 2492 3718 1.
2518 3661 2637 3719 Cor.
2669 3661 2721 3718 l.
2752 3662 2822 3717 27
2852 3660 2896 3735 ).
2930 3662 3046 3718 Non
3088 3662 3407 3733 simpliciter
3446 3664 3604 3731 dixit,
3625 3664 3775 3732 Qut:

2157 3756 2317 3810 stulta
2342 3765 2485 3822 sunt,
2506 3754 2623 3821 sed,
2651 3752 2779 3820 Qut:
2792 3755 2947 3809 stulta
2963 3762 3082 3808 sunt
3103 3754 3317 3817 mandi;
3342 3765 3518 3825 neque
3532 3757 3771 3811 omnino

2158 3846 2324 3916 quod,
2358 3846 2485 3913 ρκω
2513 3845 2670 3899 stulta
2694 3854 2813 3899 sunt
2840 3844 3019 3899 mundi
3040 3884 3057 3912 ,
3087 3844 3198 3899 sint
3223 3846 3385 3899 etiam
3424 3845 3587 3900 stulta
3617 3847 3772 3919 apud

2161 3935 2330 3993 Deum
2367 3937 2497 3993 :scd
2527 3938 2680 3993 multi
2722 3949 2793 3994 ex
2836 3937 2945 3993 illis
2973 3937 3063 4008 qui
3096 3936 3346 3993 videntur
3366 3938 3453 3993 hic
3478 3950 3602 3995 esse
3629 3940 3763 3995 insi-

2161 4030 2389 4100 pientes,
2421 4026 2561 4097 apud
2593 4030 2761 4084 Deum
2792 4037 2917 4083 sunt
2944 4028 3195 4083 omnibus
3214 4027 3334 4082 aliis
3362 4028 3720 4097 sapientiores
3745 4049 3761 4085 :

2158 4121 2607 4192 quemadmodum
2633 4121 2883 4175 nimirum
2914 4119 3068 4174 multi
3104 4120 3196 4190 qui
3242 4130 3479 4191 egestate
3516 4121 3605 4177 hic
3636 4138 3767 4193 pre-

2161 4222 2414 4280 muntur,
2468 4212 2718 4267 omnibus
2757 4211 2898 4282 apud
2954 4212 3120 4267 Deum
3183 4220 3313 4268 sunt
3362 4213 3759 4283 opulentiores.

2158 4305 2600 4377 Quandoquidem
2623 4303 2860 4360 Lazarus
2900 4305 3065 4360 etiam
3088 4303 3174 4360 ille
3199 4314 3322 4360 cum
3364 4306 3605 4360 omnium
3630 4321 3762 4376 pau-

2161 4399 2425 4468 perrimus
2450 4405 2595 4452 esset
2619 4396 2671 4450 in
2698 4395 2921 4461 munde,
2950 4394 3248 4450 ditissimus
3276 4395 3519 4449 omnium
3558 4406 3676 4451 erat
3706 4398 3761 4452 in

2156 4490 2303 4545 ctelis
2328 4488 2481 4563 (Luc.
2507 4490 2597 4545 16.
2626 4488 2717 4545 20.
2746 4488 2906 4560 sqq.).
2941 4487 3231 4543 Stultitiam
3259 4486 3420 4558 igitur
3446 4487 3632 4542 mundi
3658 4502 3770 4559 ap-

2156 4581 2319 4654 pellat
2341 4595 2461 4648 eos,
2487 4581 2682 4652 quibus
2712 4580 2889 4651 lingua
2911 4592 3017 4634 non
3044 4586 3127 4632 est
3151 4577 3375 4645 diserta,
3402 4577 3492 4649 qui
3535 4577 3761 4648 profana

2156 4672 2417 4742 sapientia
2444 4686 2551 4726 non
2578 4679 2703 4726 sunt
2726 4668 2939 4735 imbuti,
2964 4666 3054 4738 qui
3070 4667 3377 4738 eloquentia
3399 4668 3620 4724 minime
3641 4670 3765 4741 pol-

2156 4765 2287 4821 lent.
2308 4764 2374 4819 Et
2392 4762 2492 4819 hos
2512 4761 2699 4835 Elegit,
2722 4761 2912 4833 inquit,
2928 4759 3086 4825 Deus,
3104 4767 3161 4814 ut
3178 4760 3432 4830 sapientes
3450 4761 3759 4833 confundat.

2155 4857 2275 4928 Quo
2300 4867 2431 4914 vero
2456 4864 2613 4929 pacto
2630 4895 2647 4924 ,
2679 4869 2863 4927 quaeso
2886 4897 2903 4923 ,
2936 4869 3033 4926 per
3057 4852 3172 4924 hos.
3195 4852 3274 4909 illi
3317 4852 3760 4912 confunduntur?

2158 4951 2448 5021 Peripsatu
2477 4959 2656 5005 rerum
2687 4946 3094 5017 experientiam.
3134 4945 3269 5002 Cum
3306 4946 3455 5003 enim
3484 4946 3625 5009 loris
3663 4961 3758 5002 se-

2159 5044 2375 5100 dentem
2418 5055 2484 5097 ac
2522 5040 2919 5097 mendicantem
2978 5039 3218 5106 viduam,
3272 5051 3337 5093 ac
3380 5050 3760 5109 strpcnumcro

2157 5134 2401 5205 corporis
2425 5131 2683 5190 membris
2707 5131 3005 5188 mutilatarn
3030 5128 3099 5186 de
3134 5129 3539 5187 immortalitate
3563 5130 3759 5185 anima:

2159 5224 2591 5299 interrogaveris,
2634 5222 2705 5279 de
2754 5221 3153 5280 resurrectione
3189 5234 3501 5293 corporum,
3532 5220 3601 5276 de
3627 5234 3759 5307 prof

2157 5316 2393 5376 videntis
2424 5316 2545 5385 Dei,
2572 5316 2642 5373 de
2666 5315 3021 5372 retributione
3050 5326 3147 5386 pro
3185 5314 3413 5381 meritis,
3445 5313 3515 5369 de
3544 5312 3757 5369 ratione

2158 5412 2270 5469 illic
2298 5408 2591 5476 reddenda,
2616 5407 2685 5465 de
2710 5406 2993 5464 tremendo
3011 5404 3235 5477 judicio,
3263 5404 3332 5459 de
3362 5405 3611 5475 repositis
3639 5405 3716 5459 eis
3736 5444 3753 5470 ,

2157 5506 2248 5577 qui
2275 5512 2422 5561 recte
2448 5517 2507 5561 se
2535 5501 2822 5573 gesserint,
2855 5499 3034 5567 bonis,
3056 5498 3125 5555 de
3148 5497 3427 5569 suppliciis
3456 5510 3578 5569 qua:
3628 5510 3752 5567 pec-

2158 5593 2431 5653 catoribus
2467 5595 2608 5651 Deus
2656 5592 3016 5650 comminatus
3048 5598 3153 5657 est,
3196 5590 3264 5645 de
3301 5587 3421 5643 aliis
3462 5588 3751 5643 omnibus:

2159 5702 2391 5768 cumque
2410 5687 2500 5745 illa
2532 5684 2687 5742 valde
2714 5689 2966 5741 secante
2990 5694 3181 5754 magna
3211 5693 3332 5737 cum
3355 5680 3546 5736 ﬁducia
3584 5688 3640 5733 et
3663 5692 3756 5735 se-

2164 5782 2392 5842 curitate
2414 5778 2789 5853 responderit;
2815 5772 3169 5848 philosophus
3207 5783 3385 5829 autem
3429 5780 3485 5829 et
3509 5768 3602 5843 qui
3634 5768 3756 5843 plu-
