4080 6400
286 357 394 417 153

284 474 485 532 rimum
506 487 662 531 coma
681 479 738 531 et
759 472 952 530 baculo
983 472 1264 544 gloriatur,
1287 479 1410 544 post
1439 471 1608 529 multa
1629 473 1894 546 longaque

285 568 458 640 spatia
481 581 815 635 sermonum,
843 577 967 639 post
988 567 1352 641 importunam
1382 567 1722 643 multamque
1759 585 1890 642 gar-

284 661 558 718 rulitatem
583 675 654 720 ne
677 659 890 717 hiscere
919 660 1141 732 quidem
1173 661 1432 732 potuerit,
1458 678 1642 735 neque
1675 661 1746 718 de
1776 663 1894 719 istis

285 752 456 810 verba
481 753 718 810 facturus
746 752 974 809 valuerit
999 768 1062 809 os
1087 751 1343 814 diducere
1366 763 1516 811 :tum
1539 753 1709 826 probe
1731 752 1892 808 intel-

283 845 441 913 liges,
465 856 572 913 quo
594 850 752 912 pacto
780 841 920 898 Deus
948 843 1152 915 elegerit
1188 842 1348 898 stulta
1377 844 1574 910 mundi,
1603 851 1658 897 ut
1683 843 1891 914 sapien-

284 943 359 986 tes
376 931 729 1005 confunderet.
759 931 896 990 Nam
920 949 1040 1004 qua:
1054 948 1165 1004 pra:
1181 935 1344 991 nimia
1367 935 1616 1008 superbia
1645 935 1893 1007 fatoque

278 1023 527 1094 reperire
555 1019 631 1078 illi
657 1023 880 1079 minime
923 1035 1234 1095 potuerunt,
1279 1035 1392 1082 tum
1437 1026 1580 1098 quod
1621 1027 1831 1096 seipsos
1859 1042 1891 1081 a

276 1113 568 1186 disciplina
580 1115 819 1186 Spiritus
839 1116 1224 1187 sejunsissent,
1255 1128 1364 1175 tum
1389 1119 1531 1190 quod
1555 1119 1736 1174 omnia
1759 1133 1892 1189 pro-

280 1205 419 1276 priis
467 1207 881 1278 cogitationibus
929 1210 1354 1273 commisissent,
1389 1210 1506 1266 hare
1555 1209 1789 1265 mendici
1836 1218 1892 1265 et

285 1295 479 1368 abiecti
508 1313 572 1353 ac
593 1297 833 1368 profante
861 1300 1182 1357 eruditionis
1210 1309 1461 1372 expertes
1490 1300 1671 1357 omnia
1696 1307 1889 1355 exacte

283 1388 608 1456 didicerunt,
631 1405 754 1446 cum
777 1404 810 1446 a
835 1391 1040 1449 caelesti
1063 1393 1342 1463 disciplina
1360 1391 1677 1462 penderent.
1703 1389 1891 1461 Neque

281 1495 416 1538 vero
444 1487 729 1538 contentus
750 1490 834 1539 est
862 1481 1056 1538 borum
1079 1491 1236 1539 tenus
1262 1483 1538 1554 profanam
1565 1483 1887 1553 sapientium

283 1572 555 1642 incusare,
583 1572 678 1629 sed
721 1584 778 1629 et
813 1574 920 1629 alia
956 1573 1115 1645 plura
1162 1575 1436 1645 subjungit
1457 1616 1473 1640 ,
1522 1575 1710 1630 dicens
1744 1593 1757 1628 :
1788 1573 1890 1628 Sa-

283 1662 476 1736 pientia
501 1667 653 1740 hujus
672 1668 848 1722 mundi
874 1667 1091 1722 stultitia
1114 1678 1192 1723 est
1217 1669 1358 1739 apud
1381 1667 1549 1723 Deum
1573 1669 1654 1741 (l.
1679 1667 1801 1725 Cor.
1829 1670 1885 1725 '5.

286 1756 402 1828 19);
419 1767 478 1818 et
497 1758 773 1814 auditores
803 1775 993 1816 rursus
1012 1760 1306 1816 adhortans
1332 1776 1453 1816 cum
1482 1771 1799 1831 contemptu
1825 1775 1889 1817 ac

279 1848 621 1905 vehementia
649 1849 860 1905 dicebat
883 1869 896 1906 :
923 1851 1118 1921 Siquis
1143 1851 1278 1906 enim
1301 1852 1518 1919 videtur,
1546 1853 1736 1923 inquit,
1757 1852 1891 1906 inter

279 1954 370 1995 eos
395 1941 596 2012 sapiens
625 1958 730 1996 esse
747 1942 802 1996 in
827 1942 923 1996 Itoe
961 1943 1174 2010 seculo,
1211 1943 1395 1996 stultus
1432 1943 1556 2012 ﬁat,
1597 1953 1653 1996 ut
1697 1944 1760 1996 sit
1804 1959 1891 1998 sa-

284 2031 430 2101 piens
453 2029 564 2102 (Ib.
588 2049 633 2086 υ.
670 2031 790 2104 18);
814 2042 868 2088 et
898 2048 1107 2101 rursus,
1138 2033 1403 2104 Scriptum
1433 2045 1526 2100 est,
1554 2033 1780 2088 Perdant
1804 2052 1888 2090 sa-

282 2122 528 2194 pientiam
555 2124 866 2193 sapientum,
897 2135 944 2180 et
993 2125 1318 2197 prudentiam
1367 2127 1672 2198 prudentum
1706 2144 1884 2199 repro-

279 2211 410 2268 babo
446 2214 524 2284 (1.
549 2213 669 2271 Cor.
696 2215 892 2285 1.19);
922 2225 976 2270 et
1006 2231 1214 2283 rursus,
1247 2217 1500 2272 Dominus
1530 2219 1666 2272 novit
1695 2219 1889 2288 cogita-

281 2305 445 2360 tiones
470 2306 750 2372 hominum,
774 2309 1014 2379 quoniam
1042 2325 1186 2364 arma
1204 2319 1320 2363 sunt
1350 2309 1426 2381 (1.
1457 2309 1576 2364 Cor.
1605 2310 1658 2364 5.
1691 2309 1810 2380 20).

354 2396 408 2450 6.
453 2398 528 2452 Ae
556 2398 816 2468 sapientia
844 2399 1058 2468 quidem
1087 2401 1340 2471 prmditos
1378 2399 1542 2455 fuisse
1571 2400 1882 2455 Corinthios

279 2501 348 2541 ex
392 2486 475 2540 his
510 2475 710 2557 liquet;
759 2503 852 2544 eos
883 2499 1060 2544 autem
1091 2491 1352 2560 Superbos
1395 2493 1553 2546 fuisse
1581 2502 1742 2561 atque
1772 2492 1889 2544 ani-

282 2579 386 2633 mis
414 2578 626 2634 intlatos
655 2594 722 2634 ex
765 2580 956 2635 eadem
993 2583 1218 2651 cpistola
1250 2583 1591 2636 manifestum
1621 2590 1723 2636 est.
1753 2582 1888 2637 Cum

280 2669 424 2724 enim
450 2671 654 2740 uspiam
677 2684 799 2724 eum
822 2672 911 2741 qui
942 2671 1237 2726 fornicatus
1263 2682 1396 2737 erat,
1429 2671 1887 2743 reprehendisset,

280 2759 481 2828 adjecit
533 2759 720 2815 dicens
751 2778 766 2814 :
796 2759 863 2814 Et
913 2778 1000 2814 vos
1057 2763 1225 2832 inflati
1275 2763 1394 2816 estis
1445 2764 1521 2834 tl.
1565 2763 1689 2819 Cor.
1718 2764 1772 2819 5.
1804 2763 1886 2834 2).

282 2850 451 2905 Porro
480 2865 589 2920 pra:
617 2851 779 2906 nimia
807 2853 1113 2922 arrogantia
1145 2853 1283 2907 inter
1308 2869 1366 2908 se
1393 2854 1512 2907 illos
1543 2855 1889 2909 contendisse

280 2956 345 2995 ac
368 2941 610 3010 jurgatos
658 2956 779 2996 esse
826 2957 1014 2997 rursus
1063 2943 1337 3008 indicavit,
1380 2960 1502 2998 cum
1548 2944 1684 2998 dixit
1714 2961 1729 2999 :
1759 2944 1887 2999 Cum

277 3033 412 3085 enim
439 3036 504 3086 sit
532 3032 661 3086 inter
679 3048 766 3087 vos
791 3036 1064 3099 contentio,
1094 3043 1140 3087 et
1164 3036 1325 3100 zelus,
1360 3045 1404 3088 et
1443 3035 1686 3101 dissidia,
1725 3053 1890 3091 nonne

277 3124 509 3178 carnales
529 3124 668 3190 estis,
686 3135 732 3179 et
750 3126 1029 3179 secundum
1049 3126 1305 3180 hominem
1318 3127 1587 3181 antbulntis
1604 3128 1654 3197 (1
1669 3165 1683 3179 .
1697 3127 1816 3182 Cor.
1832 3127 1886 3182 5.

276 3215 379 3284 3)?
406 3215 662 3281 Quisnam
690 3224 869 3271 autem
899 3215 999 3270 fuit
1039 3217 1402 3272 contentionis
1431 3218 1519 3272 ille
1565 3216 1799 3273 modus?
1831 3217 1886 3271 ln

278 3306 460 3360 varios
489 3321 549 3360 se
587 3314 828 3361 rectores
869 3320 933 3360 ac
967 3307 1234 3376 principes
1261 3306 1590 3372 dividebant,
1621 3316 1783 3378 atque
1809 3299 1890 3363 id-

278 3397 427 3452 circo
466 3396 595 3451 dicit
623 3415 639 3452 :
669 3395 784 3451 Hoc
832 3407 1000 3450 autem
1043 3398 1177 3463 dico,
1228 3399 1365 3469 quod
1412 3400 1755 3471 unusquisque
1801 3415 1888 3453 ae-

278 3498 444 3544 strunt
472 3488 615 3556 dicit,
664 3488 776 3560 Ego
829 3506 942 3544 sum
991 3489 1169 3558 Pauli,
1223 3507 1314 3561 ego
1354 3503 1521 3544 autem
1550 3492 1758 3561 Apollo,
1795 3509 1888 3562 ego

278 3594 397 3634 vero
424 3579 611 3650 Ceplue
641 3581 716 3652 (1.
751 3579 873 3635 Cor.
906 3583 958 3635 1.
1004 3581 1117 3652 12).
1156 3581 1284 3636 11ωο
1321 3590 1500 3636 autem
1542 3582 1752 3638 dicebat
1780 3598 1888 3637 non

279 3671 423 3741 quod
465 3671 628 3727 Paulo
665 3683 720 3727 et
750 3672 946 3742 Cephae
975 3680 1030 3728 et
1074 3669 1264 3742 Apollo
1305 3689 1363 3727 se
1392 3675 1768 3742 attribuerent,
1793 3674 1889 3730 sed

280 3759 366 3815 his
397 3761 703 3816 nominibus
731 3763 984 3832 obtegere
1013 3762 1185 3816 voluit
1221 3777 1336 3830 eos,
1361 3764 1450 3833 qui
1478 3764 1760 3820 seditionis
1788 3779 1884 3820 au-

278 3862 457 3907 ctores
478 3851 712 3919 fuerant,
743 3869 812 3908 ne
836 3855 881 3908 si
912 3869 1006 3909 eos
1028 3854 1414 3920 manifestaret,
1439 3855 1887 3912 contentiosiores

279 3954 441 4016 atque
481 3945 618 4000 adeo
643 3947 1069 4016 impudentiorcs
1092 3947 1364 4003 redderet.
1396 3947 1513 4003 Non
1541 3949 1685 4004 enim
1721 3949 1888 4006 Paulo

278 4047 335 4090 et
366 4036 526 4092 Petro
567 4046 622 4093 ct
653 4038 843 4108 Apollo
870 4039 1076 4110 seipsos
1115 4039 1234 4093 illos
1266 4041 1597 4107 attribuissc,
1645 4042 1737 4096 sed
1768 4041 1887 4097 aliis

279 4127 624 4198 quibusdam,
669 4145 736 4184 ex
765 4130 851 4185 his
877 4147 997 4202 qua:
1027 4143 1326 4203 sequuntur
1357 4133 1542 4203 liquet.
1582 4133 1715 4190 Cum
1743 4136 1885 4190 enim

280 4219 427 4291 ipsos
472 4228 692 4289 prepter
731 4221 833 4276 hoe
866 4221 1146 4278 dissidium
1188 4225 1523 4294 castigasset,
1566 4241 1753 4280 rursus
1790 4227 1888 4281 ad-

273 4311 453 4381 iunxit
477 4311 662 4368 dicens
687 4331 702 4367 :
723 4311 852 4367 Ha'c
880 4323 1065 4381 autem,
1099 4319 1304 4381 fratres,
1340 4317 1705 4387 transﬁgurari
1733 4319 1783 4372 in
1811 4336 1889 4373 me

280 4412 330 4456 et
359 4404 554 4474 Apollo
587 4415 798 4475 propter
837 4422 944 4473 vos,
997 4415 1053 4460 ut
1093 4408 1147 4462 in
1190 4410 1328 4462 vobis
1356 4409 1584 4477 discatis,
1632 4428 1696 4466 ne
1730 4429 1890 4483 supra

280 4513 434 4566 quam
468 4497 714 4569 scriptum
740 4508 813 4554 est
851 4501 1084 4570 sapiatis,
1121 4519 1184 4556 ne
1223 4519 1356 4556 unus
1395 4503 1640 4558 adversus
1669 4505 1889 4559 alterum

277 4591 488 4661 inﬂetur
518 4608 610 4661 pro
639 4593 744 4647 alio
774 4594 850 4664 (1.
883 4594 1002 4649 Cor.
1035 4596 1090 4651 4.
1121 4597 1196 4667 6).
1244 4597 1391 4651 Multi
1423 4599 1567 4653 cnim
1613 4614 1677 4654 ex
1713 4600 1887 4669 impe-

276 4683 396 4739 ritis
427 4698 549 4738 cum
582 4697 940 4755 nonpossent
970 4703 1036 4742 ex
1081 4689 1395 4745 domesticis
1435 4691 1640 4746 meritis
1683 4692 1885 4758 efferri,

274 4788 455 4844 neque
482 4777 756 4844 proximos
777 4777 1025 4832 insectari
1054 4793 1117 4833 ae
1140 4780 1406 4848 mordere,
1439 4796 1561 4835 cum
1594 4781 1694 4837 sibi
1721 4778 1915 4853 quos;

274 4865 400 4920 dam
442 4867 710 4937 principes
742 4884 805 4923 ac
833 4880 1074 4925 rectores
1107 4872 1494 4941 prmfecissent,
1529 4873 1743 4929 illorum
1775 4892 1890 4932 me-

277 4955 400 5011 ritis
437 4970 505 5011 ac
525 4959 814 5014 virtutibus
838 4959 906 5014 ad
938 4959 1134 5016 fastum
1161 4972 1215 5016 ct
1255 4963 1597 5019 insolentiam
1626 4965 1888 5023 adversus

275 5047 412 5102 alios
449 5047 756 5116 utebantur,
780 5060 836 5107 et
855 5068 920 5107 ex
942 5067 1152 5120 eorum,
1178 5070 1207 5108 a
1230 5056 1423 5125 quibus
1448 5057 1624 5112 edocti
1653 5058 1884 5127 fuerant,

277 5137 547 5208 sapientia
598 5143 938 5216 occasionem
990 5147 1311 5217 arrogantia:
1351 5148 1610 5203 adversus
1660 5160 1886 5207 carteros

277 5232 613 5302 arripiebant
638 5251 649 5286 :
675 5234 816 5302 quod
839 5237 1033 5290 summi
1055 5246 1110 5292 et
1138 5240 1310 5292 insani
1329 5239 1514 5309 glorise
1536 5243 1737 5296 amoris
1765 5244 1882 5309 luit,

280 5337 404 5377 cum
438 5325 473 5378 ii
499 5326 592 5396 qui
620 5328 848 5396 prepriis
874 5330 1080 5384 meritis
1107 5332 1322 5400 gloriari
1353 5349 1457 5386 non
1483 5343 1719 5402 possent,
1755 5334 1893 5390 alio-

280 5430 404 5470 rum
445 5420 764 5474 excellentia
805 5421 870 5474 ad
901 5422 1238 5477 insolentiam
1265 5434 1741 5496 contemptumque
1780 5428 1888 5482 fra-

281 5517 426 5564 trum
467 5509 837 5568 abuterentur.
882 5513 1146 5581 Quoniam
1188 5517 1346 5586 igitur
1388 5527 1440 5570 et
1487 5519 1539 5571 in
1581 5519 1888 5587 superbiam

284 5601 408 5657 elati
433 5614 607 5668 erant,
632 5617 683 5659 et
705 5616 843 5661 inter
866 5624 922 5661 se
945 5608 1295 5674 dissidebant,
1322 5623 1479 5680 atque
1501 5611 1553 5665 in
1577 5614 1746 5666 varias
1767 5627 1890 5682 par-

288 5708 370 5751 tes
398 5699 602 5768 seipsos
647 5699 962 5765 diviserant,
1003 5711 1057 5756 et
1106 5712 1323 5772 propter
1350 5704 1648 5758 doctrinam
1688 5705 1886 5775 gloria-

289 5788 507 5859 bantur,
540 5799 804 5864 tamquam
838 5794 1051 5864 propria
1074 5794 1214 5849 illam
1249 5795 1502 5850 industria
1538 5796 1634 5850 sibi
1664 5813 1881 5868 compa-

897 358 967 418 lN
1003 356 1230 429 lLLUD,
1271 355 1545 417 PAULUS
1581 356 1922 419 VOCA'I'US.
1965 358 2058 417 ET
2090 359 2182 417 DE
2223 359 2486 419 HUTAT.
2524 359 2860 420 NOMINUM.
2904 361 2994 419 IV.

2006 480 2239 538 rassent,
2269 488 2448 545 neque
2483 472 2702 529 etelitus
2745 487 2810 529 ac
2843 472 3024 530 divina
3073 485 3140 528 ex
3170 471 3342 544 gratia
3373 475 3614 530 veritatis

2003 563 2255 636 dogmata
2293 565 2644 637 recepissent,
2681 565 2868 620 volens
2906 578 3094 620 eorum
3126 571 3394 620 tumorem
3432 579 3497 619 ae
3530 563 3614 619 fa-

2005 663 2149 711 stum
2188 655 2512 726 reprimere,
2545 656 2727 712 statim
2754 670 2786 710 a
2813 653 3082 727 principio
3111 654 3349 726 seipsum
3379 665 3612 710 uocatum

2001 745 2313 817 appellavit,
2346 745 2451 803 hoc
2471 746 2866 818 prepemodum
2887 746 3076 802 dicens
3100 765 3115 803 :
3137 744 3196 802 Si
3217 760 3328 818 ego
3356 747 3615 817 magister

2002 837 2136 894 nihil
2188 854 2307 894 mea
2365 838 2629 895 industria
2673 838 2946 904 adinveni,
2981 851 3160 910 neque
3201 838 3351 909 prior
3390 837 3505 907 ipse
3548 837 3618 890 ad

2004 928 2172 985 Deum
2199 930 2429 998 accessi,
2465 929 2562 999 sed
2589 945 2712 986 cum
2744 939 2968 986 vocatus
3006 944 3206 994 essem,
3239 935 3353 985 tum
3391 927 3613 985 demum

2001 1018 2147 1076 dicto
2185 1020 2412 1078 audiens
2452 1021 2546 1087 fui,
2579 1019 2851 1092 quomodo
2877 1035 2975 1076 vos
3016 1018 3288 1091 discipuli,
3332 1019 3532 1091 quique
3582 1033 3612 1072 a

2000 1127 2090 1169 me
2121 1113 2374 1185 dogmata
2406 1109 2724 1185 "accepistis,
2769 1111 3053 1183 superbire
3099 1113 3345 1182 potestis,
3387 1110 3615 1183 perinde

1999 1205 2152 1275 quasi
2177 1205 2462 1260 adinventa
2491 1204 2609 1260 bznc
2633 1220 2662 1259 a
2689 1205 2840 1267 vobis
2870 1204 3138 1260 fuiss‘entl
3165 1203 3432 1271 Quocirca
3461 1204 3608 1274 prius

1998 1297 2160 1352 etiam
2189 1297 2401 1353 dicebat
2423 1296 2524 1352 illis
2552 1314 2566 1351 :
2596 1296 2722 1364 Quis
2752 1297 2885 1351 enim
2910 1305 2957 1351 te
2985 1295 3227 1350 discernit
3245 1296 3271 1349 2
3291 1295 3417 1367 quid
3441 1307 3615 1349 autent

2000 1389 2172 1454 habes,
2217 1388 2356 1458 quod
2401 1405 2503 1443 non
2551 1388 2830 1458 accepisti!
2879 1387 2940 1441 Si
2978 1397 3150 1441 autem
3190 1387 3448 1458 accepisti,
3486 1384 3610 1457 quid

1999 1477 2258 1550 gloriaris,
2282 1479 2428 1548 quasi
2460 1494 2559 1532 non
2588 1478 2846 1548 acceperis
2878 1478 2956 1547 (1.
2981 1474 3101 1532 Cor.
3133 1478 3188 1532 4.
3221 1475 3318 1548 7)?

2072 1568 2253 1623 Prima
2282 1572 2366 1624 lea:
2393 1570 2714 1624 humilitatis.
2734 1599 2807 1610 ——-
2827 1569 2973 1624 Nihil
2996 1570 3157 1640 igitur
3182 1568 3325 1624 aliud
3355 1577 3439 1624 est
3469 1568 3610 1623 iatud

1999 1661 2316 1716 vocabulum
2355 1660 2594 1726 Vocatus,
2628 1660 2729 1715 nisi
2761 1661 3048 1731 disciplina
3089 1659 3410 1715 humilitatis
3439 1669 3496 1716 et
3522 1659 3608 1715 fa-

1998 1761 2113 1806 stus
2152 1751 2430 1822 depressio
2466 1761 2520 1807 et
2546 1751 2725 1807 omnis
2755 1754 3078 1823 arrogantia:
3125 1753 3400 1822 repressio
3430 1771 3448 1807 :
3473 1751 3605 1807 nihil

1997 1840 2142 1895 enim
2183 1850 2266 1896 est
2303 1841 2444 1910 quod
2474 1858 2575 1897 nos
2606 1844 2677 1896 ita
2706 1844 2989 1897 continere
3033 1857 3096 1896 ac
3128 1843 3386 1898 cohibere
3414 1843 3604 1913 possit,

1997 1942 2056 1987 ut
2086 1931 2379 1996 humilitas,
2407 1941 2462 1989 et
2495 1932 2774 1988 moderate
2815 1948 2996 2003 agere,
3027 1948 3090 1988 ac
3124 1933 3430 1988 modestum
3460 1948 3607 1995 esse,

1996 2023 2234 2093 nihilque
2262 2024 2332 2079 de
2359 2038 2418 2078 se
2443 2039 2694 2094 magnum
2717 2025 2899 2078 animo
2930 2023 3153 2095 ﬁngere.
3182 2023 3336 2090 Quod
3367 2031 3422 2079 et
3448 2023 3608 2079 Chri-

1997 2122 2112 2168 stus
2130 2115 2431 2185 intelligens
2457 2129 2520 2170 ac
2545 2115 2878 2184 spiritualem
2903 2115 3047 2169 illam
3067 2115 3367 2168 doctrinam
3393 2113 3606 2169 tradere

1997 2203 2281 2275 incipiens,
2321 2221 2351 2259 a
2391 2205 2765 2260 cohortatione
2814 2205 2879 2258 ad
2929 2204 3287 2259 humilitatem
3326 2205 3472 2258 illam
3520 2204 3605 2257 in-

1997 2294 2238 2360 choavit,
2268 2303 2430 2365 atque
2457 2311 2518 2350 os
2557 2297 2809 2365 aperiens
2841 2296 3072 2365 pritnum
3114 2296 3236 2350 tulit
3263 2294 3400 2349 hanc
3428 2295 3602 2363 legem

1998 2388 2068 2442 ita
2107 2389 2292 2442 dicens
2323 2407 2333 2440 :
2362 2389 2507 2442 Beati
2534 2405 2781 2458 pauperes
2811 2389 2993 2459 spiritu
3019 2385 3320 2458 (Matth..5.
3358 2389 3438 2458 3).
3471 2387 3604 2441 Nam

1996 2479 2446 2549 quemadmodum
2495 2480 2539 2533 is
2584 2479 2676 2550 qui
2732 2494 2953 2550 magnas
2997 2488 3052 2533 et
3096 2479 3409 2548 magniﬁcas
3458 2477 3605 2532 aedes

1996 2570 2159 2625 fuerit
2184 2570 2566 2636 mdificaturus,
2590 2571 2917 2626 conveniens
2934 2570 3066 2638 jacit
3092 2568 3522 2633 fundamentum,
3549 2578 3606 2622 ut

1996 2677 2137 2728 eam,
2171 2679 2288 2733 qua:
2323 2674 2508 2731 postea
2541 2663 2869 2732 imponetur,
2897 2662 3094 2716 molem
3126 2662 3267 2715 ferre
3299 2661 3506 2730 possit:
3533 2661 3603 2715 ita

1998 2758 2252 2810 nimirum
2281 2757 2442 2811 etiam
2477 2755 2747 2822 Christus,
2780 2771 2904 2809 cum
2937 2755 3126 2823 ingens
3156 2753 3290 2807 illud
3315 2752 3602 2808 aedificium

1998 2846 2354 2917 philosophiae
2385 2845 2437 2900 in
2485 2845 2698 2899 illorum
2731 2845 3013 2899 animabus
3044 2843 3298 2913 erigeret,
3329 2852 3602 2914 tamquam

1998 2935 2427 3002 fundamentum,
2455 2945 2510 2991 et
2539 2937 2777 2991 carinam
2807 2945 2863 2991 et
2889 2936 3061 2990 basim
3093 2935 3303 2989 firmam
3332 2943 3386 2989 et
3412 2935 3608 2989 immo-

1995 3027 2182 3094 bilem,
2216 3027 2649 3088 cohortationcm
2704 3028 3021 3082 humilitatis
3061 3028 3212 3097 ponit
3254 3027 3437 3096 prius;
3480 3040 3603 3080 cum

1997 3119 2165 3188 probe
2187 3121 2417 3186 noverit,
2447 3130 2730 3189 postquam
2755 3119 2872 3173 lucc
2899 3119 2952 3172 in
2989 3118 3295 3172 auditorum
3322 3105 3607 3172 inentibus

1996 3210 2205 3266 radices
2243 3211 2437 3281 egerit,
2471 3209 2678 3280 reliqua
2715 3210 2897 3264 omnia
2924 3209 3182 3278 virtutum
3206 3223 3404 3278 genera
3433 3208 3603 3262 aediﬁ-

1995 3304 2106 3359 cari
2139 3313 2253 3358 tuto
2291 3319 2472 3373 posse.
2506 3303 2574 3358 Ut
2619 3304 2780 3369 igitur
2809 3303 2854 3358 si
2895 3303 3013 3357 haec
3043 3302 3295 3368 defuerit,
3328 3302 3454 3356 licet
3483 3301 3609 3356 reli-

1996 3410 2131 3465 quas
2160 3409 2350 3450 omnes
2375 3395 2602 3449 virtutes
2629 3395 2750 3464 quis
2770 3408 2936 3465 opere
2965 3393 3082 3463 ipso
3108 3393 3382 3457 exhibeat,
3407 3391 3607 3447 frustra

1995 3495 2051 3542 et
2076 3488 2347 3541 incassum
2375 3501 2438 3542 ac
2486 3487 2604 3541 sine
2634 3486 2746 3540 ullo
2776 3484 2951 3540 fructu
2992 3486 3204 3541 labores
3236 3485 3494 3554 suscepit,
3529 3483 3607 3537 illi

1998 3578 2314 3648 persimilis,
2370 3577 2461 3648 qui
2507 3577 2729 3631 domum
2780 3591 2933 3630 suam
2986 3590 3151 3646 super
3197 3590 3418 3629 arenam
3471 3590 3605 3628 eon-

1996 3672 2212 3739 struxit,
2246 3672 2335 3743 qui
2370 3669 2611 3725 laborem
2642 3670 2858 3739 quidem
2884 3667 3197 3732 exantlavit,
3229 3675 3490 3738 quzestum
3511 3681 3607 3720 au-

1998 3774 2108 3821 tem
2135 3766 2337 3820 nullmn
2364 3763 2512 3830 fecit,
2542 3771 2826 3834 prepterea
2863 3759 3004 3830 quod
3037 3758 3248 3814 ﬁrmum
3279 3758 3604 3814 fundamen-

1999 3863 2110 3909 tum
2160 3856 2380 3910 minime
2415 3855 2546 3924 jeeit
2589 3851 2805 3925 (Matth.
2859 3852 2912 3905 7.
2962 3851 3053 3905 26.
3085 3852 3222 3923 27):
3257 3851 3328 3905 ita
3367 3851 3609 3921 quiSquis

1996 3948 2202 4018 absque
2233 3947 2535 4001 humilitate
2565 3946 2780 4016 quidvis
2811 3945 2936 3998 boni
2964 3946 3190 4014 peragit,
3224 3946 3404 4000 omnia
3433 3944 3610 4015 perdit

1996 4056 2061 4096 ac
2082 4039 2328 4097 destruit.
2360 4039 2730 4094 Humilitatem
2759 4047 2938 4093 autem
2961 4036 3101 4102 dico,
3133 4052 3240 4093 non
3267 4052 3386 4093 eam
3407 4053 3527 4108 qua:
3550 4037 3604 4092 in

1997 4131 2195 4197 verbis,
2226 4145 2400 4201 neque
2425 4143 2546 4200 quae
2589 4130 2640 4183 in
2689 4128 2888 4199 lingua,
2915 4126 3012 4184 sed
3046 4142 3168 4198 quae
3212 4128 3264 4181 in
3311 4137 3516 4193 mente,
3548 4129 3604 4182 in

1998 4224 2198 4287 anima,
2244 4222 2297 4275 in
2341 4219 2671 4276 conscientia
2702 4219 2803 4274 sita
2839 4227 2942 4285 est,
2991 4233 3153 4288 quam
3198 4217 3344 4272 solus
3377 4233 3607 4274 cernere

1998 4316 2142 4372 Deus
2173 4324 2366 4386 potest.
2399 4312 2609 4370 Sufficit
2635 4328 2797 4366 unum
2825 4310 2965 4366 istud
2997 4310 3219 4380 bonum,
3251 4310 3298 4364 si
3316 4310 3401 4365 vel
3429 4310 3602 4365 solum

1999 4424 2374 4480 smpcnumero
2420 4415 2700 4477 appareat,
2744 4415 2802 4459 ut
2843 4404 3132 4475 propitium
3179 4404 3346 4458 Deum
3392 4403 3605 4458 reddat.

1999 4503 2175 4573 Atque
2216 4502 2319 4554 hoc
2349 4499 2665 4570 publicanus
2682 4497 2961 4552 ostendit:
2993 4497 3081 4567 qui
3125 4510 3246 4551 cum
3281 4495 3405 4551 boni
3437 4496 3601 4552 habe-

1998 4605 2080 4649 ret
2121 4593 2271 4654 nihil,
2314 4606 2489 4662 neque
2538 4600 2686 4645 recte
2727 4589 2880 4643 lactis
2926 4588 3149 4657 insignis
3191 4597 3374 4658 posset
3409 4587 3601 4654 videri,

1998 4701 2117 4742 eum
2151 4683 2493 4739 solummodo
2536 4682 2787 4746 dixisset,
2824 4678 3092 4748 Propitius
3119 4691 3224 4734 esto
3266 4680 3393 4733 milii
3423 4697 3601 4750 pecca-

1999 4778 2096 4832 tori
2128 4776 2279 4849 (Luc.
2309 4775 2396 4831 18.
2427 4774 2542 4846 15),
2576 4774 2755 4842 potius
2775 4786 2935 4842 quam
2961 4771 3605 4842 Pliarisznusjustifieatus

1999 4869 2298 4933 descendit,
2333 4867 2546 4921 tametsi
2589 4880 2697 4919 non
2739 4863 3056 4919 humilitatis
3098 4873 3253 4918 erant
3300 4865 3387 4918 illa
3416 4866 3603 4931 verba,

1997 4962 2092 5018 sed
2122 4960 2400 5016 modestia:
2434 4967 2487 5013 et
2517 4956 2786 5027 aequitatis
2819 4965 3045 5009 tantum.
3076 4955 3350 5025 Siquidem
3383 4955 3604 5009 humili-

2000 5054 2126 5108 tatis
2156 5060 2261 5115 est,
2292 5065 2413 5104 cum
2445 5049 2565 5118 quis
2612 5061 2925 5116 magnarum
2957 5060 2987 5100 a
3034 5061 3094 5100 se
3121 5055 3393 5115 gestarum
3422 5062 3602 5100 rerum

1998 5148 2249 5206 conscius
2294 5145 2426 5199 nihil
2454 5144 2523 5199 de
2569 5158 2628 5198 se
2660 5139 3003 5211 magnificum
3049 5140 3233 5193 animo
3261 5139 3412 5209 fingit
3441 5157 3454 5193 :
3481 5153 3601 5193 mo-

1996 5243 2168 5298 destia
2198 5253 2328 5293 vero
2357 5246 2412 5292 et
2430 5235 2675 5305 aequitas,
2704 5248 2827 5287 cum
2852 5232 2916 5295 is,
2940 5232 3029 5300 qui
3059 5239 3308 5300 peccator
3329 5240 3432 5295 est,
3461 5229 3602 5284 istud

2000 5335 2172 5405 ipsum
2198 5330 2416 5385 fatetur.
2440 5327 2592 5395 Quod
2623 5327 2667 5381 si
2700 5326 2765 5389 is,
2800 5324 2888 5395 qui
2922 5323 3053 5377 nihil
3082 5339 3111 5377 a
3142 5338 3202 5378 se
3232 5323 3358 5378 boni
3384 5333 3594 5394 gestum

1999 5435 2242 5488 noverat,
2272 5422 2526 5493 quoniam
2560 5419 2612 5474 id
2641 5418 2782 5489 quod
2813 5425 2930 5472 erat
2968 5414 3249 5471 confessus
3274 5426 3373 5479 est,
3402 5417 3472 5470 ita
3500 5416 3599 5470 sibi

1999 5518 2093 5574 Dei
2137 5514 2563 5572 benevolentiam
2605 5509 2948 5566 conciliavit:
2979 5517 3235 5578 quantam
3289 5507 3432 5577 apud
3472 5523 3596 5562 eum

1937 5616 1941 5620 ’
1997 5610 2245 5666 fiduciam
2297 5604 2618 5662 obtinebunt
2659 5603 2716 5671 ii,
2749 5600 2988 5670 quicum
3030 5597 3196 5652 multa
3236 5611 3333 5652 sua
3381 5607 3602 5668 possent

1996 5713 2424 5758 commemorare
2472 5695 2731 5768 praiclara
2783 5693 3039 5756 facinora,
3086 5688 3302 5745 illorum
3356 5689 3599 5742 omnium

2002 5794 2153 5850 obliti
2209 5805 2330 5850 sese
2387 5791 2438 5846 in
2497 5802 2780 5845 numerum
2821 5782 3105 5856 rejecerint
3162 5780 3602 5851 postremorum?
