4080 6406
398 300 415 317 .
466 353 572 410 155

458 489 621 563 Quod
649 490 832 561 utique
865 486 1061 545 l’aulus
1106 499 1319 556 quoque
1358 483 1483 539 fecit
1516 500 1530 537 :
1557 498 1680 539 cum
1709 483 1855 538 enim
1882 483 2060 553 justo-

465 598 585 638 rum
614 581 852 636 omnium
881 578 1083 648 primus
1108 584 1276 636 esset.
1316 575 1545 646 primum
1591 589 1651 630 se
1687 588 1809 630 esse
1846 574 2064 631 dicebat

462 680 807 744 peccatorum
840 668 928 740 '(l.
966 666 1099 722 Tim.
1128 668 1181 722 1.
1212 666 1339 737 15);
1387 680 1562 737 neque
1607 664 1818 720 dicebat
1862 665 2061 729 solum,

466 763 561 819 sed
606 768 661 817 et
684 760 958 826 credebat,
991 774 1112 814 cum
1139 774 1168 812 a
1218 766 1555 828 praeceptore
1585 756 1881 823 didicisset,
1914 765 2065 829 post-

466 868 625 923 quam
647 851 827 906 omnia
851 849 1154 915 fecerimus,
1180 848 1379 905 debere
1400 864 1499 903 nos
1520 863 1704 903 servos
1726 848 1939 904 inutiles
1965 863 2064 904 nos

465 958 661 998 vocare
688 941 840 1015 (Luc.
874 943 959 997 l7.
1000 943 1109 1010 10).
1141 941 1284 996 Istud
1313 951 1399 996 est
1426 941 1718 1007 humilitas,
1741 940 1906 994 istum
1938 940 2058 995 imi-

463 1034 655 1089 temini
701 1035 793 1105 qui
843 1044 988 1090 recte
1038 1034 1192 1088 factis
1239 1032 1477 1103 insignes
1521 1033 1672 1097 estis,
1712 1031 2060 1103 publicanum

464 1142 592 1182 vero
619 1142 715 1182 vos
744 1128 834 1197 qui
881 1136 1219 1197 peccatorum
1259 1124 1399 1194 pleni
1430 1123 1593 1179 estis:
1618 1131 1671 1177 et
1704 1123 2064 1177 contiteamur

461 1219 607 1289 quod
654 1234 865 1280 sumus,
905 1217 1269 1286 percutiamus
1300 1224 1505 1285 pectus,
1540 1224 1594 1269 et
1642 1214 1807 1269 menti
1860 1223 2062 1268 nostra:

461 1309 902 1379 persuadeamus,
939 1316 1000 1362 ut
1034 1306 1167 1361 nihil
1212 1321 1462 1377 magnum
1498 1305 1565 1361 de
1604 1320 1663 1361 se
1686 1305 1975 1375 concipiat.
2003 1304 2059 1360 Si

459 1402 603 1454 enim
645 1400 716 1455 ita
743 1398 1003 1453 fuerimus
1028 1397 1228 1464 aﬂ‘ecti,
1260 1396 1457 1453 sufficit
1487 1398 1589 1452 hoc
1620 1396 1774 1451 nobis
1812 1396 1879 1452 ad
1907 1396 2059 1451 ebla-

456 1493 656 1547 tionem
675 1502 730 1547 et
756 1490 1078 1547 sacrificium
1105 1507 1120 1544 :
1150 1493 1287 1546 sicut
1316 1500 1374 1547 et
1398 1488 1562 1546 David
1594 1489 1803 1545 dicebat
1832 1508 1845 1543 :
1879 1490 2059 1545 Sacri-

446 1581 630 1645 ﬁcium
660 1582 765 1638 Deo
791 1584 1000 1655 spiritus
1028 1584 1442 1646 contribulatus,’
1466 1599 1553 1635 cor
1580 1583 1853 1635 contritum
1879 1591 1927 1635 et
1963 1582 2061 1634 bu-

456 1678 709 1731 miliatum
738 1676 877 1732 Deus
907 1694 1008 1731 non
1034 1677 1274 1747 despiciet
1310 1674 1483 1747 (Psal.
1515 1674 1603 1730 50.
1637 1672 1747 1745 l9).
1783 1673 1898 1728 Non
1926 1674 2058 1729 sitn-

459 1770 671 1842 pliciter
708 1771 849 1825 disit
890 1772 1213 1824 Immilialum
1242 1811 1257 1835 ,
1304 1768 1398 1824 sed
1451 1778 1506 1824 et
1559 1771 1868 1837 contritum;
1908 1768 2054 1838 quod

454 1862 605 1915 enim
657 1872 741 1916 est
787 1863 1098 1927 contritum,
1147 1860 1486 1916 confractum
1533 1868 1658 1916 est:
1694 1874 1867 1929 neque
1913 1859 2060 1914 enim

457 1960 656 2019 potest,
703 1952 1051 2021 quantumvis
1091 1954 1291 2021 cupiat,
1341 1952 1540 2008 efferri.
1579 1952 1656 2008 ita
1702 1966 1801 2007 nos
1846 1966 2062 2021 quoque

458 2057 569 2096 non
592 2042 932 2099 buniilicmus
962 2054 1167 2100 tantum
1198 2046 1432 2100 animam
1462 2054 1725 2110 nostram,
1751 2044 1846 2100 sed
1875 2056 2060 2100 conte-

1194 350 1256 407 S.
1294 345 1573 405 JOANNIS
1611 345 2092 405 CIIRYSOSTOMI
2132 347 2458 407 ABCHI‘EP.
2496 351 3042 412 CONSTANTINOP.

2870 187 2913 223 φ

3682 364 3780 419 155

2170 498 2353 538 ramus
2398 484 2558 540 etiam
2604 495 2657 542 et
2703 502 3131 558 compungamus
3164 504 3178 543 :
3206 490 3511 554 conteritur
3558 503 3778 562 autem,

2170 577 2296 631 dum
2326 590 2545 632 suorum
2578 590 2837 649 perpetuo
2866 590 3216 650 peccatorum
3247 583 3585 640 recordatur.
3617 585 3672 640 Si
3708 588 3779 643 ita

2170 668 2313 723 illam
2350 669 2830 737 humiliaverinms,
2868 686 2935 727 ne
2980 672 3023 726 si
3052 674 3181 728 velit
3224 674 3442 744 quidem
3492 676 3546 729 in
3579 690 3769 745 super-

2170 761 2309 816 biam
2337 763 2465 833 erigi
2500 765 2716 832 poterit,
2745 765 2873 820 dum
2900 781 2929 819 a
2960 767 3287 824 Conscientia
3322 778 3590 839 tamquam
3619 768 3778 825 freno

2168 851 2399 923 quodam
2446 866 2716 923 correpta,
2764 872 2831 910 ne
2866 872 2931 910 se
2974 858 3170 928 erigat,
3217 860 3557 930 rcprimetur,
3603 869 3654 916 et
3705 861 3773 917 ad

2169 946 2488 1002 modestiam
2533 949 2850 1003 servandam
2895 950 2948 1003 in
2995 952 3243 1006 omnibus
3271 953 3647 1022 compelletur.
3693 953 3771 1008 lla

2170 1040 2465 1109 poterimus
2501 1048 2555 1095 et
2598 1041 2739 1111 apud
2789 1040 2957 1095 Deum
2992 1042 3219 1111 gratiam
3251 1043 3492 1100 invenire
3523 1062 3534 1098 :
3568 1045 3787 1113 Quanto“

2168 1131 2310 1187 enim
2350 1134 2516 1205 major
2550 1149 2623 1197 es,
2659 1133 2848 1204 inquit,
2894 1143 3036 1188 tanta
3080 1135 3241 1205 magis
3270 1136 3484 1205 teipsum
3533 1136 3771 1204 humilia,

2167 1232 2214 1275 ct
2242 1224 2462 1278 invenies
2494 1225 2716 1295 gratiam
2757 1224 2899 1293 apud
2937 1222 3103 1278 Deum
3132 1225 3317 1297 (Eccli.
3358 1228 3412 1281 3.
3446 1226 3562 1299 20).
3596 1230 3769 1286 Porro

2167 1316 2256 1385 qui
2284 1317 2506 1386 gratiam
2534 1315 2676 1386 apud
2707 1317 2870 1372 Deum
2903 1317 3191 1383 invenerit,
3241 1318 3374 1373 nihil
3415 1321 3613 1376 sentiet
3650 1338 3771 1377 mo~

2167 1407 2373 1473 les-tim,
2393 1407 2487 1463 sed
2519 1418 2573 1462 et
2603 1408 2655 1461 in
2689 1408 2789 1462 hac
2815 1410 2919 1463 vita
2949 1410 3146 1477 poterit
3174 1424 3295 1465 cum
3326 1410 3418 1465 Dei
3440 1412 3611 1481 gratia
3636 1428 3774 1468 cun-

2168 1506 2252 1551 cta
2288 1496 2375 1550 illa
2424 1497 2651 1551 adversa
2702 1496 2859 1553 facile
2897 1500 3248 1568 pertransire,
3293 1515 3357 1554 ac
3405 1501 3670 1571 repositas
3715 1502 3772 1559 in

2165 1586 2331 1641 altera
2364 1587 2468 1642 vita
2502 1588 2873 1657 peccatoribus
2916 1603 3104 1658 penas
3146 1590 3404 1660 effugere,
3437 1593 3775 1662 prmeedente

2168 1678 2363 1749 ubique
2404 1679 2573 1749 gratia
2604 1680 2718 1745 Dei,
2762 1690 2817 1735 et
2863 1681 3043 1735 omnia
3090 1682 3162 1734 illi
3193 1684 3422 1751 propitia
3466 1693 3520 1739 et
3558 1685 3769 1754 placida

2165 1772 2428 1827 reddente
2461 1789 2475 1826 :
2502 1788 2661 1841 quam
2690 1773 2893 1827 utinam
2924 1787 3115 1827 omnes
3140 1774 3388 1828 obtinere
3421 1777 3686 1844 possimus
3718 1777 3774 1832 in

2166 1861 2381 1917 Christo
2407 1862 2536 1917 Jesu
2568 1864 2796 1918 Domino
2845 1872 3055 1927 nostro,
3102 1879 3198 1933 per
3224 1879 3382 1935 quem
3411 1874 3467 1919 et
3505 1879 3629 1920 cum
3657 1882 3769 1937 quo
3857 1870 3866 1877 '

2172 1953 2315 2008 Patri
2344 1954 2538 2023 gloria,
2569 1969 2672 2008 una
2717 1970 2837 2009 cum
2868 1966 3055 2009 Sancto
3090 1954 3313 2025 Spiritu,
3348 1972 3488 2012 nunc
3515 1965 3574 2014 et
3614 1972 3769 2014 sem-

2169 2059 2287 2115 per,
2314 2054 2370 2100 et
2393 2046 2445 2099 in
2476 2046 2674 2100 szccula
2701 2045 3045 2101 smculorum.
3078 2046 3273 2101 Amen.

3334 2239 3393 2247 —--
3416 2236 3618 2247 ——.—o
3637 2234 3697 2243 δ’·

1923 2463 2286 2525 MONITUM

568 2642 784 2703 Nullam
815 2648 935 2705 haec
976 2648 1165 2704 concio
1196 2662 1309 2720 pm
1340 2664 1399 2704 se
1432 2647 1538 2704 fert
1572 2650 1829 2719 temporis
1866 2657 2072 2713 notam,
2103 2662 2211 2717 qua
2248 2645 2331 2701 vel
2359 2660 2535 2700 annus
2555 2643 2891 2714 deprehendi
2918 2643 3001 2699 vel
3027 2640 3329 2696 internosci
3354 2639 3533 2695 valeat
3558 2634 3748 2691 Antioo

496 2765 710 2820 chimne
772 2780 841 2820 an
874 2764 1347 2837 Constantinopoli
1378 2765 1560 2820 habita
1594 2764 1776 2823 fuerit.
1807 2766 2069 2819 Caeterum
2100 2778 2290 2818 omnes
2320 2762 2446 2833 styli
2476 2770 2617 2816 nota:
2654 2760 2743 2815 hic
2782 2760 3241 2831 Chrysostomum
3279 2764 3560 2811 auctorem
3608 2752 3757 2809 desi-

501 2880 706 2944 gnant;
741 2883 802 2928 ut
840 2875 1038 2929 mirum
1071 2875 1142 2931 sit
1174 2875 1353 2930 virum
1385 2874 1604 2929 doctum
1631 2884 1684 2930 et
1717 2887 2033 2930 accuratum
2070 2872 2447 2928 Hermantium
2490 2888 2611 2929 eam
2657 2873 2711 2926 in
2752 2870 2966 2935 νοθείας
3001 2870 3374 2941 suspicionem
3412 2880 3615 2923 vocare
3645 2881 3758 2921 non

504 2979 867 3052 dubitavisse,
899 3000 1062 3055 quem
1096 2984 1217 3039 ideo
1240 2984 1365 3054 jure
1394 2982 1589 3040 refellit
1612 2982 2014 3050 Tillemontius,
2046 2992 2101 3038 et
2128 2984 2251 3053 styli
2272 2983 2601 3053 proprietate
2631 2990 2915 3049 permotus
2940 2990 2994 3036 et
3020 2980 3265 3050 Catalogi
3293 2978 3598 3051 Augustani
3634 2991 3761 3048 per-

466 3202 683 3216 ’.η-ἣ

460 3290 527 3336 ΙΝ
571 3295 814 3339 υιετυιι
845 3298 1033 3340 ιιιυι)
1060 3298 1382 3353 Ανοετοιι,
1429 3297 1553 3340 NON
1584 3297 1788 3341 εοισιι
1819 3297 2060 3348 ΑυΤΕΜ,

2169 3288 2227 3335 ib
2270 3296 2351 3337 ET
2393 3294 2768 3338 GLORIAMUR
2811 3296 2875 3339 IN
2906 3296 3505 3355 TRIBULATIONIBUS,
3553 3300 3788 3344 SCIEN-

796 3397 908 3439 ΤΕΒ
936 3398 1106 3450 QUOD
1149 3398 1533 3440 ΤιιιΒυιΑνι-ιο
1577 3397 1966 3441 ΡΔΤῙΕΝΤΙΑΜ
2011 3395 2060 3437 Ol

2169 3394 2350 3437 iATUB
2388 3375 2405 3455 (
2440 3376 2619 3437 Rom.
2666 3377 2725 3437 5.
2760 3378 2875 3459 3),
2925 3398 3006 3440 ET
3049 3399 3326 3452 ιιειιρυΑ
3357 3381 3468 3461 (α).

1906 3520 2323 3575 «emacem

539 3646 593 3701 1.
634 3644 855 3700 Labores
887 3662 979 3715 pro
1009 3646 1191 3699 rirtnte
1211 3645 1478 3701 subeundi.
1509 3675 1582 3687 -—
1606 3646 1956 3701 Laboriosum
1980 3654 2062 3699 est

470 3737 685 3807 quidem
727 3737 977 3805 agricolae
1016 3737 1179 3792 boves
1214 3740 1462 3807 jungcre,
1503 3753 1777 3793 vomerem
1822 3737 2057 3800 trahere,

467 3827 677 3880 sulcum
703 3827 917 3891 «lucere,
950 3829 1152 3882 semina
1192 3844 1466 3900 spargere,
1502 3828 1923 3901 hyememferre,
1968 3829 2060 3884 fri-

468 3934 565 3988 gus
592 3918 839 3985 tolerare,
874 3919 1068 3975 fessam
1093 3921 1515 3986 circumducere,
1543 3921 1876 3992 ingruentem
1897 3936 2062 3991 aqua-

471 4026 587 4064 rum
622 4010 831 4081 cupiam
863 4026 891 4065 a
941 4015 1071 4068 satis
1101 4030 1306 4080 arcere,
1343 4014 1623 4070 fluminum
1656 4017 1798 4085 ripas
1841 4016 2061 4069 altiores

468 4100 712 4169 reddere,
763 4118 825 4158 ac
857 4118 950 4171 per
976 4104 1209 4159 medium
1240 4120 1426 4177 agrum
1470 4106 1845 4178 profundiores
1886 4106 2063 4159 SUlCt)S

466 4194 664 4249 ducere
693 4212 707 4249 :
741 4194 834 4251 sed
877 4198 990 4249 hmc
1032 4211 1279 4266 Operosa,
1308 4214 1534 4269 quaeque
1574 4199 1742 4253 multo
1773 4199 1955 4254 labore
1994 4198 2062 4252 il-

469 4286 579 4340 lum
603 4286 844 4356 fatigant,
874 4287 1007 4341 levia
1035 4287 1167 4343 fiunt
1208 4304 1271 4345 ac
1308 4288 1503 4357 facilia,
1536 4290 1663 4344 dum
1706 4306 1803 4361 spe
1830 4290 2063 4360 concipit

469 4388 706 4449 segetem
753 4387 1067 4435 vernantem
1114 4382 1368 4451 agricola,
1416 4383 1606 4440 falcem
1652 4393 1952 4451 csacutam,
1998 4399 2062 4440 ac

468 4472 727 4540 repletam
780 4472 1066 4541 manipulis
1108 4488 1287 4528 arcam
1324 4482 1375 4528 et
1419 4474 1593 4545 fruges
1638 4484 1895 4541 maturas,
1942 4492 2063 4546 qua:

472 4561 637 4615 multa
668 4576 791 4620 cum
837 4560 1019 4617 la-titia
1045 4562 1267 4639 domum
1290 4564 1621 4620 deferuntur.
1651 4566 1741 4622 Sic
1783 4575 1837 4623 et
1860 4568 2061 4639 guber-

471 4661 625 4708 nator
651 4654 809 4709 saevis
837 4652 1090 4709 audacter
1135 4670 1194 4709 se
1238 4636 1485 4712 fluctibus
1512 4658 1814 4723 committit,
1859 4636 2064 4728 tempe-

466 4756 658 4801 statem
704 4755 759 4802 et
787 4745 973 4802 furens
1004 4748 1217 4818 pelagus
1241 4763 1385 4818 ωερε
1412 4751 1727 4817 contemnit,
1767 4762 1954 4806 ventos
1981 4751 2065 4806 in-

468 4839 710 4905 stabiles,
739 4842 973 4895 marinas
1002 4842 1286 4912 procellas,
1318 4852 1372 4897 et
1393 4844 1574 4913 longas
1603 4846 2062 4916 peregrinationes

468 4932 608 4985 ferre
634 4932 799 4997 novit,
831 4947 952 4988 eum
980 4934 1219 4989 sarcinas
1256 4936 1511 4991 mercium
1540 4952 1721 4993 secum
1768 4947 1978 5009 reputat
2006 4948 2061 4994 et

457 5023 846 5092 negotiationis
873 5034 1079 5095 portus,
1110 5036 1165 5082 et
1194 5026 1485 5083 immensas
1524 5043 1653 5099 opes
1684 5031 1805 5087 inde
1839 5047 2059 5101 compa-

450 5132 472 5167 r
497 5114 665 5169 andas
688 5116 943 5172 intuetur.
973 5117 1080 5173 Nec
1100 5119 1256 5173 aliter
1284 5120 1437 5175 miles
1466 5118 1567 5175 fert
1594 5122 1832 5191 vulnera,
1856 5124 2062 5193 jacnla-

469 5221 587 5260 rum
614 5207 809 5263 nubem
824 5210 1039 5279 excipit,
1070 5212 1261 5265 famem
1292 5212 1506 5278 tolerat,
1538 5213 1719 5285 frigus,
1750 5218 1935 5287 longas
1966 5232 2061 5287 pe-

470 5300 876 5370 regrinationes,
931 5312 986 5357 ct
1034 5303 1087 5358 in
1137 5306 1250 5360 acie
1301 5306 1577 5361 subeunda
1635 5308 1888 5377 pericula,
1933 5310 2059 5364 dum

472 5404 694 5462 tropaea,
738 5393 1009 5459 victorias,
1065 5405 1119 5450 et
1165 5411 1393 5453 coronas
1430 5412 1612 5453 secum
1665 5408 1896 5470 reputat,
1939 5417 2059 5471 qua:

467 5486 590 5541 inde
623 5489 918 5557 pariuntur.
954 5491 1031 5543 Ad
1079 5490 1204 5559 quid
1253 5502 1429 5548 autem
1466 5492 1582 5549 hinc
1611 5474 2057 5550 commemoravi-

470 5596 607 5648 mus,
641 5591 733 5637 aut
767 5584 892 5653 quid
923 5584 1034 5638 lucc
1068 5588 1310 5657 exempla
1341 5588 1440 5642 sibi
1474 5588 1695 5643 volunt?
1740 5588 1875 5644 llinc
1905 5589 2059 5644 nimi-

470 5686 589 5726 rum
616 5675 953 5730 occasionem
998 5678 1233 5746 arripere
1269 5679 1465 5747 placuit
1506 5694 1599 5733 vos
1628 5679 1693 5733 ad
1734 5680 2055 5736 audiendum

530 5765 602 5820 (at
626 5764 795 5815 Collata
814 5780 921 5815 cum
942 5774 1045 5817 Mss.
1074 5770 1217 5829 Regio
1240 5771 1381 5827 2313.
1409 5769 1749 5823 etColbertino
1769 5773 1845 5823 l9.

2170 3640 2510 3703 cohortandi,
2542 3651 2701 3709 atque
2747 3642 2813 3695 ad
2858 3640 3072 3699 labores
3113 3660 3209 3714 pro
3236 3645 3431 3702 virtute
3470 3646 3783 3705 subeundos

2176 3733 2451 3788 incitandi.
2487 3733 2619 3788 Nam
2662 3735 2704 3787 si
2742 3747 2959 3805 propter
2996 3750 3147 3804 spem
3176 3736 3500 3805 futurorum,
3527 3740 3687 3812 idque
3718 3754 3782 3798 ut

2170 3839 2357 3878 eorum
2385 3826 2579 3894 aliquis
2608 3840 2673 3880 ea
2704 3826 2843 3881 bona
2874 3828 3131 3897 consequi
3154 3829 3341 3898 possit,
3377 3845 3497 3900 qua:
3518 3847 3640 3887 cum
3673 3833 3782 3889 hac

2170 3916 2278 3969 vita
2317 3916 2593 3980 liniuntur,
2644 3915 2761 3971 hac
2807 3917 2879 3971 illi
2926 3919 3211 3986 sustinent,
3260 3922 3430 3977 multo
3469 3925 3639 3993 magis
3680 3940 3783 3981 vos

2170 4016 2382 4076 oportet
2433 4008 2484 4060 in
2538 4008 2805 4064 audiendo
2844 4024 3213 4079 perseverare,
3273 4022 3331 4067 ut
3380 4016 3644 4085 Spirituali
3678 4016 3783 4072 do-

2170 4095 2340 4150 ctrina
2385 4097 2720 4167 imbuamini,
2762 4113 2824 4154 ac
2853 4115 2947 4170 pro
2974 4102 3079 4156 vita
3106 4113 3304 4158 :ctcrna
3350 4118 3579 4173 pugnam
3611 4122 3783 4175 gene-

2168 4201 2293 4241 rose
2337 4186 2668 4258 sudoresque
2716 4191 2969 4246 tolerare.
3010 4191 3145 4247 Nam
3178 4193 3395 4248 illorum
3436 4196 3651 4264 quidem
3686 4198 3778 4252 in-

2169 4288 2317 4335 certa
2347 4295 2469 4350 spes
2513 4290 2596 4336 est
2622 4296 2686 4337 ac
2717 4284 3059 4354 temporaria,
3093 4294 3148 4341 et
3188 4302 3333 4358 saepe
3359 4287 3486 4342 dum
3530 4290 3645 4344 sola
3675 4306 3777 4346 ex-

2171 4372 2503 4441 apectatione
2532 4373 2819 4443 laetantur,
2861 4376 3024 4431 vitam
3072 4376 3282 4443 finiunt,
3328 4393 3425 4448 spe
3454 4380 3672 4450 quidem
3715 4398 3779 4438 se

2169 4461 2522 4529 oblectantes,
2547 4464 2640 4519 sed
2666 4465 2825 4519 rebus
2848 4467 2978 4536 ipsis
3001 4468 3227 4523 necdum
3251 4472 3773 4542 appropinquantes,

2171 4556 2381 4610 tametsi
2414 4572 2608 4627 graves
2634 4559 2753 4613 illas
2778 4560 3123 4616 difficultates
3143 4562 3491 4617 exantlarint.
3522 4564 3776 4635 Exempli

2168 4661 2348 4712 causa,
2380 4660 2501 4718 post
2539 4651 2735 4703 multos
2764 4652 2886 4705 illos
2916 4652 3126 4707 labores
3175 4667 3237 4705 ac
3279 4652 3505 4709 sudores
3534 4657 3773 4725 agricola

2169 4754 2593 4809 nonnumquam,
2626 4740 2751 4794 dum
2778 4740 2963 4797 falcem
2994 4744 3225 4809 exacuit,
3256 4756 3311 4799 et
3338 4746 3405 4800 ad
3448 4761 3682 4802 messem
3712 4763 3774 4805 se

2168 4838 2468 4900 comparat,
2497 4831 2579 4885 vel
2606 4831 2844 4888 immissa
2876 4835 3129 4904 aerugine,
3161 4836 3241 4890 vel
3274 4836 3601 4893 locustarum
3634 4840 3773 4894 mul-

2171 4924 2418 4993 titudine,
2446 4926 2531 4981 vel
2560 4926 2842 4982 immodica
2872 4928 3049 4999 pluvia
3078 4930 3368 4998 incidente,
3400 4934 3604 4989 velalia
3627 4951 3763 5006 qua-

2169 5018 2311 5088 piam
2335 5018 2618 5090 importata
2639 5020 2945 5077 calamitate
2969 5037 3034 5077 ex
3058 5024 3197 5079 aeris
3225 5024 3564 5096 intemperie,
3590 5030 3774 5083 vacuis

2170 5113 2645 5168 manibusdomum
2674 5114 2981 5179 revertitur,
3011 5125 3291 5185 postquam
3316 5118 3528 5173 labores
3556 5119 3771 5189 quidem

2169 5206 2444 5273 sustinuit,
2476 5208 2569 5263 sed
2599 5210 2838 5278 speratis
2878 5207 3118 5279 frugibus
3148 5208 3365 5265 excidit.
3400 5210 3519 5265 Pari
3564 5212 3771 5267 ratione

2168 5300 2496 5370 gubernator
2548 5298 2675 5353 dum
2718 5299 2975 5353 mercium
3022 5301 3176 5371 capia
3226 5301 3458 5366 laetatur,
3517 5304 3769 5373 expansis

2170 5407 2361 5463 magna
2402 5408 2522 5447 cum
2550 5393 2822 5461 voluptate
2859 5392 2991 5449 velis
3018 5408 3139 5447 cum
3186 5394 3352 5448 multa
3400 5394 3566 5449 maria
3610 5395 3769 5449 fuerit

2168 5498 2441 5549 emensus,
2474 5484 2523 5536 in
2558 5485 2671 5552 ipso
2704 5498 2942 5553 persmpe
2970 5493 3153 5555 portus
3188 5486 3433 5556 ingressu
3461 5488 3545 5541 vel
3575 5502 3761 5542 occur-

2166 5586 2318 5633 rente
2336 5592 2469 5646 rupe
2498 5578 2579 5633 vel
2601 5580 2665 5632 ad
2687 5592 2875 5633 saxum
2906 5579 2956 5633 in
2987 5580 3121 5635 mari
3154 5581 3327 5635 latens
3354 5590 3447 5634 aut
3475 5580 3539 5634 ad
3573 5597 3770 5652 scopuo

2167 5672 2276 5724 lum
2305 5670 2535 5741 aliquem
2566 5671 2717 5725 allisa
2756 5671 2899 5738 navi,
2929 5686 2992 5727 ac
3031 5673 3307 5742 inopinato
3336 5674 3603 5741 ejusmodi
3635 5689 3769 5729 casu

2169 5765 2467 5836 perculsus,
2497 5766 2702 5821 cunctis
2731 5765 2996 5822 mercibus
3017 5766 3252 5835 amissis,
3294 5776 3413 5836 post
3441 5767 3649 5823 infinita
3684 5768 3771 5823 illa
