4080 6390
194 343 301 400 157

198 454 438 527 pericula
469 453 556 511 vis
584 453 733 507 salvo
763 466 992 522 corpore
1022 450 1195 506 nudus
1223 451 1421 508 evadit.
1446 451 1535 507 Sic
1562 460 1617 508 et
1652 452 1807 507 miles

193 556 479 617 postquam
510 544 806 600 innumeris
836 558 979 613 saepe
1001 543 1258 614 pugnavit
1287 544 1339 597 in
1366 544 1584 613 prtcliis,
1618 542 1804 597 adver-

192 639 369 693 sarios
397 638 611 709 repulit,
639 635 928 705 hostesque
967 634 1186 699 devicit,
1211 634 1340 691 dum
1372 636 1426 691 in
1473 636 1589 705 ipsa
1630 637 1806 690 victo-

191 731 289 783 ria:
317 727 718 796 exspectatione
747 734 1011 793 versatur,
1058 726 1221 781 nullis
1258 727 1472 797 penitus
1499 727 1804 781 commodis

190 836 258 876 ex
294 820 566 883 laboribus
596 818 960 889 periculisque
1005 818 1296 888 reportatis
1334 834 1365 872 e
1416 818 1521 871 vita
1552 817 1801 872 discedit.

190 914 262 969 At
291 911 554 982 ejusmodi
584 926 688 966 non
731 919 857 966 sunt
882 926 969 965 res
1010 920 1211 965 nostra:
1243 929 1257 965 :
1284 925 1408 981 spes
1460 911 1606 966 enim
1649 918 1808 963 teter-

193 1020 314 1070 nas,
344 1005 613 1067 immatas.
642 1012 697 1058 et
724 1002 903 1058 ﬁrmas
934 1002 1151 1066 habent,
1176 1018 1403 1073 quicque
1424 1018 1547 1057 cum
1578 1002 1679 1058 hac
1701 1002 1803 1053 vita

192 1097 422 1151 minime
454 1097 830 1160 terminantur,
877 1093 969 1149 sed
1001 1093 1068 1148 ad
1101 1094 1458 1149 immortalem
1489 1094 1807 1163 beatamque

192 1192 356 1246 vitam
389 1192 531 1246 illam
578 1207 643 1247 ac
672 1200 931 1263 perpetuo
958 1189 1271 1244 duraturam
1314 1186 1581 1261 spectant,
1613 1196 1668 1242 et
1696 1202 1803 1242 non

190 1282 358 1337 modo
390 1283 549 1337 nullis
574 1298 640 1337 ex
671 1283 814 1337 aeris
843 1281 1163 1351 intemperie
1190 1281 1272 1336 vel
1306 1280 1583 1351 inOpinato
1621 1296 1802 1334 rerum

185 1382 388 1429 eventu
412 1384 599 1444 patent
626 1374 952 1439 incursibus,
979 1372 1075 1428 sed
1103 1387 1202 1427 nec
1228 1374 1297 1427 ab
1325 1372 1436 1442 ipsa
1476 1383 1649 1427 morte
1677 1387 1803 1443 pos-

187 1478 323 1524 sunt
347 1468 536 1525 deleri.
568 1468 705 1536 Quin
733 1468 896 1522 etiam
937 1466 1065 1522 dum
1103 1467 1222 1521 sola
1264 1481 1360 1537 spe
1388 1466 1651 1531 fovemur,
1687 1468 1803 1535 ejus

190 1562 246 1615 in
275 1560 469 1632 quovis
493 1559 654 1613 etiam
690 1575 722 1613 e
750 1559 909 1629 vulgo
940 1557 1145 1613 fructus
1182 1558 1379 1622 elucet,
1412 1566 1467 1613 et
1490 1569 1685 1627 quanta
1722 1558 1798 1611 illi

189 1665 402 1707 merces
423 1650 703 1706 debeatur.
739 1650 1025 1720 Propterea
1060 1651 1246 1705 beatus
1274 1650 1435 1704 etiam
1472 1649 1667 1704 Paulus
1691 1650 1803 1703 (-la-

187 1741 374 1797 litabat
400 1741 582 1796 dicens
614 1759 627 1796 :
660 1741 779 1795 Non
824 1743 991 1795 solum
1017 1750 1207 1806 autem,
1245 1742 1334 1794 sed
1367 1750 1412 1794 et
1442 1742 1724 1811 gloriamur
1751 1741 1806 1793 in

186 1832 603 1887 tribulationibus
624 1832 800 1901 (Rom.
823 1833 876 1887 5.
895 1832 975 1903 3).
1006 1831 1102 1897 Ne,
1128 1846 1333 1902 quaesii,
1360 1832 1548 1888 leviter
1578 1845 1797 1902 praeter-

186 1939 403 1991 eamus,
434 1939 555 1994 qua:
584 1922 724 1978 dicta
752 1932 877 1978 sunt
902 1941 915 1977 :
940 1922 1035 1978 sed
1056 1924 1291 1993 quando,
1321 1924 1503 1978 nescio
1528 1939 1801 1993 quocasu,

186 2031 373 2070 sermo
428 2031 529 2071 nos
583 2032 770 2071 rursus
820 2016 885 2070 ad
941 2016 1184 2086 prteclatj
1231 2017 1609 2087 gubernatoris
1654 2017 1801 2071 Pauli

186 2117 405 2176 portum
433 2107 659 2177 appulit,
696 2108 748 2161 in
779 2108 935 2177 hujus
950 2108 1077 2162 dicti
1104 2108 1541 2163 consideratione
1571 2109 1802 2164 libenter

188 2199 563 2264 immorentur,
604 2199 783 2253 brevis
820 2199 1035 2269 quidem
1076 2200 1237 2264 illius,
1288 2200 1382 2254 sed
1425 2216 1454 2255 a
1486 2216 1592 2270 quo
1638 2201 1800 2255 multa

186 2291 527 2361 philosophia
577 2291 878 2347 erudimur.
927 2291 1065 2359 Quid
1113 2292 1329 2345 tandem
1376 2301 1457 2347 est
1501 2308 1630 2362 ergo
1660 2295 1799 2363 quod

182 2384 339 2449 dicit,
370 2393 425 2439 et
443 2384 570 2454 quid
595 2384 679 2439 his
705 2384 861 2440 nobis
889 2384 1089 2438 indicat
1122 2385 1323 2447 verbis,
1360 2383 1483 2439 Non
1512 2387 1677 2439 solum
1705 2402 1772 2439 an

183 2485 309 2540 tem,
342 2474 430 2528 sed
450 2482 503 2531 et
526 2474 810 2545 gloriamur
850 2473 904 2527 in
950 2473 1398 2528 tribulationibus?
1425 2474 1590 2528 Paulo
1618 2475 1794 2542 altius,

184 2567 234 2621 Ii
269 2566 462 2636 placet,
494 2566 757 2622 doctrina:
787 2580 1095 2621 sermonem
1136 2566 1433 2631 ordiamur,
1484 2576 1538 2620 et
1571 2566 1793 2620 multam

184 2658 315 2713 inde
342 2658 497 2713 nobis
529 2655 964 2728 perspicuitatem
998 2656 1297 2710 videbimus
1342 2672 1404 2711 ac
1443 2658 1548 2711 vim
1582 2666 1800 2711 senten-

187 2751 387 2805 tiarum
410 2763 713 2821 emergere.
758 2750 865 2805 Sed
898 2751 1168 2804 nemiuem
1201 2765 1398 2820 corpus
1428 2751 1479 2803 in
1512 2751 1795 2805 mollitiem

178 2857 249 2897 ac
302 2842 568 2913 pigritiam
621 2844 855 2896 resolvat
901 2860 914 2895 :
954 2842 1082 2911 quin
1136 2842 1312 2911 potius
1362 2853 1630 2911 tamquam
1676 2858 1796 2895 rore

180 2934 418 3005 quodam
468 2934 761 3004 Spiritualis
826 2932 1086 2987 doctrina:
1150 2932 1442 3001 cupiditate
1498 2944 1792 2986 recreetur.

181 3027 400 3081 Etenim
430 3026 497 3081 de
528 3026 874 3079 tribulatione
905 3025 1067 3079 verba
1119 3023 1364 3088 facimus,
1397 3024 1465 3078 de
1496 3023 1795 3092 cupiditate

182 3119 453 3173 bonorum
490 3127 838 3183 aeternorum,
884 3118 951 3171 de
984 3118 1256 3186 patientia,
1304 3117 1478 3186 deque
1524 3117 1789 3182 mercede,

181 3226 347 3281 quam
384 3210 457 3264 illi
483 3210 745 3274 obtinent,
780 3208 869 3279 qui
916 3209 1137 3263 minime
1180 3208 1357 3279 supini
1399 3218 1525 3262 sunt
1554 3224 1617 3263 ac
1646 3208 1791 3263 desi-

178 3302 301 3357 des.
334 3301 469 3367 Quid
495 3302 653 3372 igitur
674 3300 775 3354 sibi
804 3300 917 3354 vult
947 3301 1099 3365 illud,
1139 3299 1258 3353 Non
1284 3300 1449 3353 solum
1469 3302 1494 3354 1’
1521 3301 1620 3367 Qui
1648 3301 1791 3355 enim

182 3395 269 3448 his
302 3394 478 3449 verbis
521 3394 709 3459 utitur,
742 3392 809 3447 de
842 3392 1025 3447 multis
1054 3393 1172 3446 aliis
1219 3392 1374 3446 bouis
1407 3407 1465 3446 se
1506 3392 1788 3462 loquutum

178 3501 303 3541 esse
350 3486 568 3548 indicat,
616 3500 735 3554 qum
778 3482 1178 3553 praecesserint,
1232 3492 1284 3536 et
1328 3497 1447 3536 cum
1505 3483 1609 3536 illis
1652 3482 1790 3536 istud

176 3579 438 3647 adjicere,
494 3575 635 3645 quod
686 3591 748 3629 ex
807 3574 1153 3629 tribulatione
1205 3574 1443 3627 na~eitur
1474 3589 1486 3625 :
1520 3588 1681 3642 quam
1723 3572 1793 3625 ob

176 3683 401 3722 causam
434 3678 487 3721 et
511 3667 625 3736 ipse
648 3665 880 3730 dicebat,
918 3662 1044 3718 Non
1073 3664 1238 3717 solum
1282 3670 1470 3725 autem,
1502 3663 1591 3716 sed
1619 3672 1665 3715 ct
1690 3663 1793 3733 glo-

174 3760 378 3812 riamur
419 3759 475 3811 in
507 3757 940 3810 tribulationibus.
987 3754 1055 3810 Ut
1096 3765 1273 3808 autem
1307 3753 1623 3807 dilucidiora
1656 3755 1788 3807 ﬁant

178 3854 299 3907 haec
340 3852 521 3913 verba,
567 3865 665 3904 nos
708 3848 774 3903 ad
828 3849 1043 3903 brevem
1093 3848 1277 3901 horam
1330 3847 1611 3909 sustinete,
1661 3845 1787 3901 dum

178 3942 458 4016 prolixiori
500 3956 751 3996 sermone
779 3940 1079 3994 doctrinam
1124 3938 1464 4007 exponimus.

256 4034 543 4089 Adversarii
588 4032 706 4101 ﬁdei
773 4030 1077 4086 Christiana:
1144 4045 1297 4098 quam
1361 4029 1541 4091 multi;
1612 4045 1786 4099 perse-

175 4128 445 4197 quutiones
476 4126 628 4178 varia:
668 4123 810 4176 initio
852 4121 1248 4190 pra’diculionis.
1291 4119 1561 4173 lnducitur
1596 4118 1789 4175 Paulus

176 4221 244 4271 dc
273 4217 459 4288 futuris
494 4215 765 4271 disserens.
813 4214 914 4266 Cur
950 4212 1247 4283 ingemiscat
1271 4223 1528 4266 creatura.
1556 4241 1625 4250 —
1654 4212 1786 4267 Cum

174 4313 325 4367 enim
361 4309 695 4381 promulgata
740 4310 925 4362 luisset
965 4307 1033 4361 ab
1062 4307 1323 4375 apostolis
1352 4310 1664 4378 pra-.dicatio
1703 4309 1784 4364 di-

176 4410 325 4468 vina,
358 4416 411 4461 et
437 4407 626 4459 omnes
667 4403 814 4457 orbis
853 4411 1119 4455 terrarum
1165 4402 1347 4471 plagas
1378 4403 1654 4473 religionis
1682 4418 1789 4458 ser-

174 4513 396 4554 monem
442 4496 516 4551 illi
561 4504 803 4550 serentes
843 4494 1074 4559 obirent,
1117 4510 1358 4548 errorem
1400 4496 1660 4551 radicitus
1690 4512 1783 4550 ex-

174 4593 493 4660 stirparent,
537 4588 737 4658 patrias
778 4587 1061 4656 impiorum
1093 4587 1235 4657 leges
1265 4586 1653 4653 rescinderent,
1688 4587 1788 4641 ini—

172 4686 441 4755 quitatem
464 4696 681 4735 omnem
707 4679 1152 4744 exterminareut,
1182 4688 1379 4732 terram
1397 4690 1782 4750 expurgarent,

172 4787 339 4846 atque
366 4774 435 4828 ab
478 4771 637 4826 idolis
663 4770 905 4841 quidem,
949 4785 977 4823 a
1012 4770 1169 4835 fanis,
1215 4770 1499 4837 altaribus,
1547 4769 1697 4825 feriis
1724 4787 1787 4825 ac

172 4865 502 4923 ceremoniis
534 4863 659 4917 inde
698 4861 1045 4915 nascentibus
1077 4861 1283 4914 resilire
1302 4861 1585 4929 juberent;
1621 4878 1783 4916 unum

171 4970 381 5025 autem,
410 4966 464 5013 et
494 4956 666 5011 solum
693 4955 1070 5009 universorum
1107 4953 1271 5007 Deum
1307 4968 1621 5022 agnoscere,
1660 4970 1785 5024 spes

175 5054 387 5107 futuras
444 5056 791 5118 exspectare;
830 5044 1005 5115 deque
1036 5043 1216 5107 Patre,
1265 5042 1423 5106 Filio,
1469 5058 1533 5097 ac
1578 5044 1783 5114 Spiritu

172 5156 366 5199 saneto
400 5142 757 5199 dissererent,
791 5128 857 5190 de
904 5136 1302 5191 resurrectione
1330 5136 1779 5207 philosOpharen~

176 5249 288 5301 tur,
316 5251 379 5289 ac
408 5233 477 5288 de
532 5247 702 5302 regno
756 5231 1012 5284 cmlorum
1056 5230 1217 5282 verba
1267 5230 1508 5283 facerent
1540 5248 1553 5283 :
1584 5230 1784 5283 idcirco

176 5331 376 5385 bellum
397 5328 600 5382 exarsit
630 5340 813 5396 grave,
838 5324 1188 5392 omniumque
1206 5324 1585 5384 StEViSSitlllttlt,
1605 5324 1780 5376 omnia

172 5422 435 5486 tumultu,
488 5406 915 5489 perturbatibne,
965 5430 1028 5467 ac
1082 5414 1347 5469 seditione
1388 5414 1780 5477 redundabant,

173 5517 341 5571 urbes
370 5528 580 5573 omnes,
616 5509 798 5580 populi
849 5524 911 5561 ac
940 5506 1134 5559 domus
1165 5521 1377 5571 omnes,
1411 5507 1592 5560 omnis
1636 5509 1785 5577 regio

171 5612 293 5664 sive
321 5606 521 5661 inculta
550 5613 715 5667 (3550',
745 5602 857 5655 sive
895 5600 1111 5653 deserta
1142 5617 1151 5651 :
1183 5598 1324 5669 quod
1356 5600 1605 5653 nimirum
1640 5601 1780 5653 anti-

171 5718 299 5773 qure
338 5698 755 5754 consuetudines
802 5692 1277 5755 labefactarentur,
1327 5700 1382 5746 et
1417 5708 1539 5761 qua:
1580 5691 1780 5746 tamdiu

174 5795 506 5857 obtinuerat,
534 5788 820 5857 anticipata
844 5786 1026 5854 opinio
1050 5784 1466 5852 convelleretur,
1490 5798 1611 5838 cum
1643 5800 1776 5837 nova

1274 339 1362 397 DE
1389 336 1643 394 GLORIA
1687 336 1753 391 IN
1794 336 2444 398 TRIBULATIONlBUS.

3422 355 3525 410 458

1929 450 2185 523 dogmata
2217 454 2622 526 inveherentur,
2668 476 2790 532 qum
2828 478 2989 520 nemo
3016 480 3269 537 umquam
3309 470 3528 527 audive-

1919 551 2001 597 rat
2042 560 2055 597 :
2099 544 2359 602 adversus
2398 549 2499 604 ista
2545 553 2840 608 saiviebant
2882 570 3060 627 reges,
3113 558 3527 629 indignabantur

1920 635 2289 705 magistratus,
2321 641 2517 711 privati
2559 645 3050 714 tumultuabantur,
3080 648 3196 705 fora
3246 654 3523 722 perturba-

1919 724 2132 795 bantur,
2172 730 2457 787 tribunalia
2505 734 2936 805 roneitabantur,
2980 740 3388 811 stringebantur
3425 760 3523 800 en-

1917 831 2026 882 ses,
2059 834 2208 873 arma
2255 824 2610 891 parabantur,
2655 834 2711 881 et
2753 828 2901 899 leges
2944 833 3361 891 succensebant.
3396 836 3526 893 inde

1916 908 2206 979 supplicia,
2242 927 2438 982 preme,
2474 916 2762 988 niitnequc,
2787 935 2851 973 ac
2880 933 3073 977 cuncta
3099 928 3526 984 commoveban-

1918 1009 2023 1066 tur,
2056 1016 2177 1071 quae
2212 1005 2351 1059 inter
2391 1004 2639 1071 homines
2664 1012 2851 1079 gravia
2896 1023 3209 1070 censentur.
3256 1017 3524 1086 Quemad-

1917 1091 2134 1145 modum
2164 1106 2288 1147 cum
2323 1096 2516 1151 iratum
2544 1109 2629 1153 est
2670 1116 2839 1165 mare,
2882 1113 3044 1174 atque
3077 1104 3269 1162 infesta
3309 1110 3525 1165 naufra-

1912 1185 1997 1254 gia
2027 1186 2274 1256 parturit,
2310 1189 2480 1244 nihilo
2518 1191 2727 1246 meliori
2757 1204 2874 1249 erat
2914 1196 2966 1251 in
2994 1206 3138 1253 statu
3168 1201 3316 1257 orbis
3348 1211 3523 1260 terra-

1916 1292 2057 1345 rum,
2081 1294 2203 1333 cum
2238 1281 2511 1353 religionis
2536 1300 2696 1340 causa
2724 1295 2834 1345 tum
2864 1289 3032 1345 ﬁlium
3058 1301 3211 1362 pater
3227 1293 3519 1352 abdicaret.

1915 1383 1944 1420 a
1985 1383 2144 1424 socru
2194 1386 2361 1425 nurus
2416 1373 2722 1442 dissideret,
2766 1376 2961 1435 fratres
2996 1380 3391 1453 dividerentur,
3433 1387 3526 1443 do-

1915 1462 2044 1515 mini
2079 1462 2129 1517 in
2160 1462 2389 1519 famulos
2421 1466 2850 1537 indignarentur,
2896 1482 3083 1527 natura
3127 1476 3528 1545 quodammodo

1915 1554 1967 1608 in
1994 1555 2229 1627 seipsam
2272 1558 2538 1615 seditione
2567 1572 2837 1617 commota
2871 1564 3196 1637 insurgeret,
3240 1584 3341 1625 nec
3369 1572 3527 1628 civile

1916 1655 2143 1716 tantum,
2190 1649 2284 1704 sed
2324 1652 2525 1718 gentile
2554 1654 2823 1724 quoddam
2875 1657 3074 1712 bellum
3105 1658 3298 1716 domos
3338 1678 3528 1720 omnes

1915 1736 2253 1807 pervaderet.
2312 1741 2542 1796 Verbum
2587 1745 2732 1799 enim
2786 1747 2947 1817 gladii
2993 1750 3043 1803 in
3096 1766 3305 1807 morem
3357 1769 3525 1824 pene-

1915 1838 2081 1896 trans,
2117 1842 2173 1887 et
2198 1832 2341 1903 quod
2373 1836 2678 1890 morbidum
2709 1847 2827 1892 erat
2862 1855 2891 1892 a
2938 1855 3073 1896 sano
3100 1858 3373 1910 resecans,
3408 1863 3522 1902 ma—

1913 1937 2072 1992 gnam
2098 1923 2296 1994 ubique
2335 1926 2656 1983 seditionem
2702 1938 2754 1984 et
2783 1933 3186 1989 contentionem
3229 1938 3519 2006 excitabat,

1911 2022 1967 2066 et
1992 2013 2283 2081 efﬁciebat,
2338 2027 2393 2071 ut
2425 2018 2723 2076 innumerae
2768 2022 3004 2094 undique
3048 2027 3308 2083 adversus
3338 2030 3521 2088 ﬁdeles

1914 2103 2205 2160 inimicitiae
2233 2124 2530 2179 pugnmque
2576 2112 2939 2183 insurgerent.
2976 2117 3108 2173 lliuc
3141 2120 3325 2189 ﬁebat,
3361 2133 3419 2178 ιιι
3463 2126 3519 2180 iu

1910 2210 2185 2251 carcerem
2213 2199 2303 2252 alii
2328 2199 2769 2272 detruderentur,
2802 2206 2893 2260 alii
2922 2208 2989 2262 ad
3016 2209 3219 2279 judicia
3254 2229 3515 2283 raperen-

1912 2295 2015 2353 tur,
2045 2297 2099 2343 et
2120 2289 2187 2344 ad
2216 2292 2354 2346 viam
2377 2308 2499 2362 quae
2528 2295 2699 2350 tendit
2724 2297 2791 2353 ad
2824 2311 3055 2355 mortem
3092 2321 3105 2355 :
3136 2314 3297 2376 atque
3327 2308 3517 2363 borum

1909 2382 2124 2450 quidem
2174 2384 2795 2456 bona‘publicabautur,
2844 2392 2917 2447 illi
2950 2410 3077 2450 vero
3131 2407 3183 2451 et
3233 2401 3425 2469 patria,
3466 2413 3522 2458 et

1911 2475 2019 2529 vita
2050 2476 2161 2546 ipsa
2192 2492 2432 2550 perszepe
2464 2482 2831 2550 privabantur,
2865 2496 2918 2540 et
2948 2490 3095 2543 omni
3125 2506 3187 2545 ex
3221 2504 3372 2563 parte
3401 2511 3522 2551 cre-

1909 2566 2057 2621 brius
2086 2584 2247 2639 quam
2293 2570 2379 2625 nix
2412 2570 2647 2639 decidat,
2703 2576 2859 2631 malis
2901 2579 3290 2637 obsidelntntur
3329 2604 3341 2637 :
3378 2586 3518 2642 intus

1910 2672 2121 2724 pogme,
2154 2658 2285 2713 furis
2316 2662 2558 2727 timores,
2592 2664 2661 2719 ab
2691 2668 2900 2733 amicis,
2937 2669 3005 2723 ab
3031 2672 3241 2737 alienis,
3277 2674 3345 2730 ab
3387 2676 3518 2747 ipsis

1872 2759 1877 2764 ‘
1906 2751 1996 2819 qui
2040 2760 2248 2805 natura:
2280 2755 2683 2811 necessitudine
2712 2762 2984 2825 eonjuncti
3017 2774 3192 2818 erant.

1976 2842 2031 2895 ἓ.
2065 2842 2190 2898 Haec
2220 2844 2378 2915 igitur
2400 2862 2523 2901 cum
2550 2860 2797 2905 cerneret
2828 2852 3016 2908 beatus
3043 2854 3257 2917 Paulus,
3290 2858 3381 2914 ille
3409 2870 3518 2915 ter-

1907 2948 2085 2987 rarum
2114 2935 2259 2989 orbis
2288 2949 2619 3006 pra-ceptor,
2657 2950 2711 2995 et
2750 2944 3047 2999 ctelestium
3078 2946 3386 3017 dogtnatum
3416 2952 3517 3007 do-

1905 3030 2194 3089 ClOl',£l|lll
2228 3040 2315 3080 res
2342 3027 2555 3097 quidem
2586 3032 2827 3086 adversus
2860 3035 2910 3087 in
2942 3038 3188 3092 utanibus
3212 3052 3396 3097 essent
3424 3096 3431 3106 ,
3464 3054 3519 3099 et

1904 3122 2029 3167 ante
2058 3115 2243 3170 oculos
2271 3128 2635 3186 versarentur,
2665 3136 2752 3176 res
2789 3133 2968 3178 autem
3012 3142 3285 3197 prospera!
3327 3131 3381 3186 in
3421 3148 3517 3204 spe

1906 3213 2110 3259 tantum
2133 3216 2187 3260 et
2216 3208 2590 3276 promissione,
2622 3228 2868 3283 regnum,
2896 3216 3137 3287 inquam,
3163 3224 3438 3290 celerum,
3464 3238 3517 3281 et

1904 3300 2245 3367 resurrectio,
2275 3316 2338 3355 ac
2365 3301 2628 3359 bonorum
2659 3307 2870 3363 illorum
2901 3312 3134 3382 adoptio,
3170 3334 3289 3386 qua:
3317 3322 3517 3392 cogita—

1904 3391 2102 3444 tionem
2132 3406 2347 3447 onmem
2375 3410 2436 3449 ac
2462 3413 2769 3455 sermonem
2797 3403 3063 3459 excedunt
3094 3424 3106 3460 :
3140 3391 3512 3469 fornacesau-

1902 3492 2008 3537 tem
2033 3525 2045 3547 ,
2082 3486 2380 3554 sartagines
2404 3529 2418 3552 ,
2459 3488 2659 3558 gladii,
2694 3495 2949 3563 supplicia
2978 3539 2992 3561 ,
3039 3506 3429 3560 tormentorum
3463 3518 3515 3563 et

1901 3577 2152 3630 mortium
2174 3593 2371 3647 genera
2401 3581 2580 3635 omnia
2612 3599 2716 3638 non
2748 3600 2876 3655 spe,
2906 3589 3001 3644 sed
3030 3594 3357 3663 experientia
3390 3614 3513 3668 per-

1900 3668 2208 3736 ciperentur
2239 3688 2251 3723 :
2282 3671 2372 3740 qui
2414 3688 2541 3727 vero
2582 3675 2842 3733 adversus
2885 3680 3001 3735 haec
3039 3688 3218 3741 omnia
3260 3694 3512 3747 certaturi

1898 3770 2074 3825 erant,
2099 3776 2204 3816 nou
2230 3762 2298 3815 ita
2323 3762 2528 3832 pridem
2550 3766 2618 3819 ab
2635 3767 2912 3835 altaribus,
2938 3774 3006 3828 ab
3028 3775 3201 3843 idolis,
3227 3792 3257 3834 a
3280 3780 3509 3851 deliciis,

1898 3867 1927 3906 a
1957 3851 2164 3908 luxuria
2195 3864 2248 3909 et
2275 3854 2536 3913 ebrietate
2564 3859 2629 3913 ad
2664 3858 2822 3917 ﬁdem
2857 3866 3082 3923 traducti
3116 3868 3382 3939 fuissent,
3416 3891 3510 3932 ne-

1898 3961 2002 4015 que
2022 3944 2148 4000 dum
2176 3946 2240 4000 ad
2270 3948 2495 4004 sublime
2518 3951 2804 4024 quidquam
2831 3957 2899 4011 de
2926 3960 3030 4014 vita
3062 3972 3261 4018 aeterna
3288 3983 3508 4023 versan-

1898 4037 2026 4130 dum
2056 4037 2239 4095 animo
2266 4039 2553 4099 assuefacti
2578 4086 2592 4108 ,
2630 4045 2737 4101 sed
2758 4048 2919 4105 rebus
2949 4055 3304 4121 praesentibus
3331 4062 3509 4130 potius

1898 4128 2223 4185 inhmrerent
2252 4149 2263 4184 :
2295 4142 2348 4185 et
2376 4135 2665 4192 verisimile
2692 4150 2837 4195 esset
2868 4140 2984 4199 fore
3004 4186 3019 4210 ,
3053 4155 3111 4199 ut
3142 4150 3294 4203 multi
3320 4128 3508 4208 eorum

1898 4221 2243 4291 fatiscerent,
2273 4228 2619 4284 conciderent
2663 4232 2858 4287 animis
2880 4275 2896 4299 ,
2926 4250 2989 4291 ac
3015 4237 3309 4294 deﬁcerent
3338 4285 3355 4309 ,
3384 4260 3506 4299 eum

1896 4309 2119 4380 singulis
2138 4310 2327 4367 diebus
2350 4314 2763 4370 obsiderentur:
2790 4318 2908 4372 vide
2934 4320 3060 4390 quid
3095 4322 3183 4379 ille
3215 4324 3394 4390 faciat,
3418 4331 3508 4399 qui

1895 4416 2212 4457 areanorum
2246 4406 2514 4476 particeps
2541 4408 2836 4464 Caelestium
2864 4410 3078 4482 fuerat,
3107 4425 3161 4471 et
3187 4420 3507 4489 sapientiam

1896 4493 2045 4549 Pauli
2070 4495 2376 4551 considera.
2403 4498 2479 4555 De
2511 4498 2704 4555 futuris
2724 4503 2941 4559 assidue
2960 4505 3177 4563 disserit
3198 4512 3339 4580 apud
3366 4513 3508 4582 illos,

1897 4588 2048 4657 ponit
2068 4588 2137 4643 ob
2162 4591 2347 4645 oculos
2374 4593 2617 4661 prmmia.
2645 4609 2873 4650 coronas
2895 4600 3149 4664 ostendit,
3181 4603 3366 4661 incitat
3390 4623 3508 4676 eos,

1894 4688 1949 4733 et
1978 4694 2075 4750 Spe
2116 4680 2378 4736 bonorum
2420 4693 2743 4739 aeternorum
2778 4691 3109 4747 eonsolatur.
3151 4694 3289 4763 Quid
3327 4708 3507 4755 autem

1894 4772 2066 4828 dicit?
2097 4773 2461 4829 Existimnmus
2490 4779 2623 4831 enim
2648 4780 2788 4849 quod
2817 4799 2918 4837 non
2949 4796 3065 4839 sunt
3095 4792 3365 4862 condigne
3388 4812 3508 4865 pas-

1893 4866 2061 4919 siones
2093 4867 2183 4936 Ituj
2191 4884 2251 4921 us
2282 4870 2519 4938 temporis
2542 4870 2609 4923 ad
2634 4872 2860 4940 futuram
2891 4875 3111 4945 gloriam
3135 4922 3149 4945 ,
3173 4897 3289 4950 qua:
3313 4888 3500 4940 revela.

1893 4956 2028 5008 bitur
2057 4956 2110 5010 in
2137 4956 2281 5011 nobis
2310 4957 2329 5028 (
2349 4957 2501 5013 Rom.
2526 4961 2579 5015 8.
2606 4961 2738 5035 l8).
2764 4963 2899 5031 Quid
2929 4969 3073 5023 enim
3105 4972 3234 5026 mihi
3258 4975 3503 5042 vulnera,

1894 5045 2100 5117 inquit,
2129 5048 2321 5117 objicis
2341 5091 2356 5114 ,
2379 5051 2562 5105 altaria
2589 5093 2603 5117 ,
2636 5055 2939 5125 carniﬁces,
2967 5061 3251 5130 supplicia,
3284 5063 3504 5133 famem,

1894 5142 2349 5211 proscriptiones,
2392 5156 2758 5217 paupertatem
2784 5190 2801 5217 ,
2835 5151 3043 5206 vincula
3084 5163 3139 5208 et
3178 5158 3509 5229 compedes?

1892 5248 2245 5303 quaecumque
2269 5234 2503 5290 volueris
2526 5253 2785 5307 propone,
2810 5258 2930 5312 quae
2960 5244 3028 5298 ab
3058 5245 3366 5305 hominibus
3386 5268 3507 5323 gra-

1893 5327 1975 5380 via
2007 5339 2333 5394 censentur;
2368 5330 2496 5383 nihil
2527 5340 2703 5386 tamen
2732 5337 2969 5403 praemiis
2996 5338 3099 5392 illis
3119 5381 3133 5404 ,
3165 5345 3378 5397 coronis
3400 5386 3413 5409 ,
3448 5362 3505 5401 ac

1894 5418 2335 5473 retributionihus
2362 5418 2582 5491 dignum
2613 5438 3026 5482 commemoras.
3062 5429 3193 5483 Nam
3240 5433 3339 5487 ista
3384 5437 3501 5505 qui‘

1892 5509 2014 5563 dem
2048 5523 2153 5563 una
2182 5525 2302 5564 cum
2335 5510 2437 5566 hac
2464 5516 2571 5567 vita
2615 5513 2891 5583 ﬁniuntur,
2926 5519 3014 5572 illa
3048 5536 3176 5577 vero
3204 5522 3255 5577 in
3300 5524 3509 5581 inlinito

1893 5601 1983 5656 illo
2010 5617 2125 5656 atvo
2153 5601 2311 5656 ﬁnem
2346 5620 2451 5659 non
2486 5607 2682 5662 habent
2707 5626 2719 5662 :
2751 5610 2865 5663 lucc
2887 5617 3211 5681 temporaria
3233 5632 3352 5670 cum
3378 5619 3503 5684 sint,

1894 5703 2220 5762 praetereunt
2254 5714 2267 5749 :
2301 5694 2386 5749 illa
2418 5711 2539 5751 cum
2574 5698 2682 5753 sint
2714 5700 3057 5768 immortalia,
3094 5718 3352 5773 perpetuo
3383 5724 3505 5777 per-

1893 5795 2130 5839 manent.
2158 5785 2310 5852 Quod
2336 5787 2509 5858 ipsum
2534 5798 2586 5842 et
2621 5790 2727 5844 alio
2755 5790 2875 5845 loro
2895 5794 3238 5852 subindicans
3261 5798 3473 5855 dicebat
