4080 6414
576 331 679 385 159

576 439 642 497 Id
661 441 797 512 quod
818 442 870 496 in
901 439 1132 509 pra'srni
1155 446 1224 491 est
1250 443 1663 494 momentarium
1682 442 1730 486 et
1748 432 1851 486 leve
1874 426 2131 483 tribulatio
2144 455 2159 466 -

572 535 651 589 uis
678 532 773 605 (ἰ.
801 530 919 588 Cor.
952 532 1005 586 ι.
1035 528 1133 599 t7)
1170 545 1183 582 :
1211 529 1292 583 sic
1320 528 1615 598 quantitate
1639 522 1953 598 qualitatem
1983 521 2161 578 immi-

571 628 708 691 nuit,
736 633 793 680 et
820 622 1161 678 acerbitatem
1193 619 1397 689 mitigat
1423 620 1682 689 temporis
1707 615 1989 676 brevitate.
2021 612 2163 681 Quo-

570 717 713 771 niam
740 715 884 771 enim
911 713 1094 784 gravia
1138 721 1325 767 natura
1354 726 1449 765 sua
1476 721 1629 766 erant
1656 719 1712 764 et
1742 708 1967 762 molesta
1994 745 2010 770 ,
2042 720 2163 775 quae

570 818 679 861 tum
706 805 811 861 illis
838 803 1151 861 accidebant
1170 846 1183 866 ,
1214 802 1475 858 brevitate
1520 800 1817 855 molestiam
1864 797 2052 853 minuit
2081 797 2163 852 di-

564 912 694 952 cens
724 913 739 951 :
771 894 838 949 Id
871 896 1002 951 :nim
1038 895 1261 967 quodin
1300 892 1535 965 praesenti
1564 904 1633 945 est
1676 901 2077 945 momentoneuns
2113 897 2162 942 et

565 992 669 1043 leva
703 989 1042 1044 tribulationis
1079 998 1267 1043 nostra:
1290 1028 1306 1052 ,
1347 1003 1504 1056 supra
1543 984 1747 1039 modum
1776 985 1829 1037 in
1855 981 2160 1036 sublimitate

566 1090 813 1134 danunt
859 1078 1036 1149 gloria:
1070 1076 1268 1149 pondus
1310 1086 1549 1146 operatur
1583 1075 1636 1129 in
1675 1073 1816 1128 nobis
1836 1114 1850 1135 ,
1893 1088 1994 1126 non
2033 1088 2158 1125 con-

564 1169 922 1242 templantibus
942 1169 1086 1224 nobis
1114 1184 1227 1239 quc
1252 1167 1502 1233 uidentur,
1524 1164 1613 1219 sed
1637 1180 1750 1233 quc
1776 1180 1877 1218 non
1905 1163 2154 1217 sidentur.

566 1263 694 1327 Qua
724 1261 855 1316 enini
886 1261 1135 1324 ridentur,
1173 1258 1473 1329 temporalia
1513 1266 1631 1311 sunt
1655 1272 1675 1311 :
1696 1271 1813 1327 qua:
1846 1266 2015 1310 autem
2056 1272 2160 1310 non

562 1356 816 1422 ridentur,
856 1363 1045 1409 eterna
1082 1363 1201 1407 sunt
1232 1352 1249 1422 (
1276 1350 1329 1405 2.
1356 1351 1477 1407 Car.
1508 1350 1563 1406 6.
1599 1349 1687 1403 l7.
1720 1347 1844 1419 l8).
1878 1347 1946 1402 Et
1973 1362 2160 1402 rursus

564 1459 621 1505 ut
647 1447 717 1505 ad
749 1445 1175 1519 cognoscendam
1211 1445 1474 1501 bonorum
1515 1443 1658 1497 illius
1682 1442 1803 1496 vit:e
1832 1440 2155 1510 magnitudi-

562 1556 684 1597 nem
729 1540 850 1596 illus
895 1537 1189 1611 provehat.
1218 1546 1520 1593 creaturam
1562 1534 1729 1604 ipsam
1762 1531 1832 1586 ob
1873 1531 2157 1602 pnesentia

563 1632 701 1688 mala
731 1630 1002 1687 dolentem
1030 1637 1085 1685 ct
1109 1635 1515 1699 congementem
1542 1622 1826 1680 introducit
1851 1665 1867 1689 ,
1893 1636 1958 1677 ac
1981 1621 2156 1677 futura

561 1737 833 1797 tamquam
848 1721 1239 1794 valdejncuuda
1263 1718 1609 1775 vehementer
1621 1723 1916 1793 optantem,
1935 1714 2060 1770 dum
2076 1713 2158 1770 sie

560 1820 633 1873 ait
656 1836 670 1873 :
695 1817 895 1881 Etenim
909 1824 1139 1870 creatura
1154 1810 1496 1883 congemiscit,
1522 1818 1571 1865 et
1586 1808 1740 1862 simul
1760 1807 1977 1877 parturit
2002 1817 2156 1877 usque

559 1912 730 1966 adhuc
745 1912 925 1981 (Itoni.
947 1910 999 1967 8.
1022 1908 1096 1964 22
1111 1907 1153 1979 ).
1172 1907 1287 1976 Qua
1309 1906 1376 1961 de
1391 1920 1550 1960 causa
1568 1897 1733 1974 gemit
1749 1903 1772 1957 ?
1787 1917 1893 1973 qua
1908 1900 1975 1956 de
1994 1914 2155 1955 causa

561 2004 818 2075 parturit?
837 2004 971 2058 Dom
991 2001 1077 2057 illa
1107 1999 1356 2055 nimirum
1378 1995 1549 2051 futura
1568 1996 1703 2049 bona
1723 1991 2081 2064 pramtolatur,
2100 1998 2157 2047 et

564 2099 614 2153 in
643 2096 831 2153 melius
858 2094 1204 2151 mutationem
1231 2089 1516 2146 desident.
1555 2085 1692 2141 Nam
1720 2096 1766 2139 et
1786 2086 1933 2155 ipsa,
1961 2085 2151 2153 inquit,

555 2201 789 2245 crartura
808 2187 1101 2245 liberabitur
1116 2203 1149 2239 a
1172 2184 1408 2239 servitute
1430 2179 1786 2251 corruptionis,
1801 2178 1853 2231 iu
1874 2177 2151 2231 libertatem

556 2280 735 2351 gloria
763 2280 984 2351 ﬁliorum
1014 2278 1109 2331 Dei
1143 2279 1159 2347 (
1184 2274 1264 2330 Ib.
1296 2291 1343 2327 υ.
1370 2274 1434 2329 Si
1460 2271 1481 2343 )
1532 2270 1665 2327 Cum
1693 2285 1822 2326 vero
1850 2268 2003 2324 audis
2031 2283 2149 2323 eam

556 2386 773 2442 gemere
796 2387 858 2426 ac
881 2370 1143 2441 parturire
1162 2410 1178 2435 ,
1211 2367 1322 2423 noli
1348 2366 1551 2421 ratione
1581 2364 1854 2434 praeditam
1887 2363 2031 2417 illam
2057 2378 2147 2416 ar-

558 2461 764 2529 bitrari,
789 2461 882 2516 sed
909 2460 1105 2515 idioma
1125 2458 1412 2527 Scriptura:
1435 2455 1687 2525 intelligo.
1714 2452 1847 2509 Cum
1873 2453 2014 2508 enim
2038 2453 2150 2508 vult

557 2553 697 2608 Deus
735 2551 1040 2606 hominibus
1084 2564 1333 2620 niagnum
1374 2545 1573 2617 aliquid
1617 2560 1681 2601 ac
1716 2544 2010 2615 jucundum
2054 2559 2148 2612 per

555 2642 844 2714 prophetas
868 2641 1207 2707 aununtiare,
1238 2639 1380 2710 ipsas
1403 2638 1563 2693 etiam
1593 2652 1679 2692 res
1705 2636 2021 2691 inanimatas
2048 2637 2148 2690 lin-

551 2738 628 2808 git
656 2735 1058 2802 miraculorum,
1083 2748 1202 2805 quae
1230 2731 1385 2802 llunt,
1403 2727 1817 2801 magnitudinem
1848 2728 2142 2799 percipere,

552 2843 659 2884 non
696 2826 837 2898 quod
876 2840 1039 2882 sensu
1067 2822 1341 2897 proditam
1370 2836 1491 2877 esse
1530 2830 1829 2875 creaturam
1859 2818 2103 2874 dicamus
2124 2858 2142 2886 ,

550 2919 647 2976 sed
687 2926 747 2973 ut
786 2933 882 2990 per
910 2932 976 2974 ea
1004 2932 1125 2988 quat
1170 2913 1474 2970 hominibus
1498 2911 1761 2983 quadraut
1784 2953 1801 2977 ,
1833 2910 2143 2982 magnitudo

552 3009 931 3065 miraculorum
955 3005 1183 3079 exprimi
1214 3006 1402 3077 possit.
1432 3003 1544 3059 lloc
1573 3004 1822 3057 nimirum
1847 3012 1899 3056 et
1928 3017 2027 3058 nos
2052 3003 2140 3059 di-

549 3118 675 3160 cere
699 3101 936 3157 solemus
955 3140 974 3165 ,
1000 3114 1123 3154 cum
1154 3097 1483 3167 inopinatum
1507 3092 1634 3165 quid
1656 3091 1909 3148 acciderit
1934 3091 2140 3166 [psam

552 3192 739 3247 urbem
762 3204 882 3246 esse
906 3189 1275 3245 contristatam
1301 3228 1317 3252 ,
1346 3184 1520 3241 solum
1550 3185 1721 3255 ipsum
1748 3186 1995 3239 mmstius
2018 3200 2140 3241 esse

552 3280 842 3357 redditum]
868 3284 971 3352 (ιι),
998 3288 1053 3334 et
1073 3293 1197 3334 cmn
1224 3275 1293 3332 de
1321 3276 1479 3333 stevis
1516 3290 1578 3331 ac
1609 3274 1933 3330 terribilibus
1961 3289 2141 3331 sermo

550 3376 613 3431 tit
638 3374 941 3431 hominibus
968 3386 1033 3427 ac
1061 3370 1227 3425 ferina
1257 3374 1435 3423 mente
1464 3366 1702 3437 praeditis
1725 3408 1741 3432 ,
1772 3366 1840 3420 ita
1868 3366 1990 3437 quis
2020 3367 2137 3437 ple-

552 3482 775 3537 rumque
823 3462 1056 3535 loquitur
1088 3480 1102 3516 :
1139 3462 1257 3532 ipsa
1304 3458 1648 3516 fundamenta
1686 3459 1997 3525 concussit,
2038 3460 2137 3531 ipsi

550 3558 754 3632 lapides
780 3573 903 3614 eum
935 3557 1226 3612 timuerunt
1257 3572 1271 3608 :
1306 3568 1412 3607 non
1458 3553 1600 3623 quod
1645 3552 1789 3608 inme
1832 3551 2037 3620 lapides
2079 3568 2138 3609 re

550 3668 673 3707 vera
702 3648 999 3713 timuerint,
1028 3646 1121 3702 sed
1151 3655 1209 3700 ut
1234 3647 1497 3699 summam
1523 3642 1702 3699 cordis
1731 3643 1848 3714 ejus
1876 3641 2137 3699 feritatem

549 3752 605 3799 et
631 3741 865 3797 furorem
908 3738 1113 3809 possint
1138 3735 1459 3807 exprimere.
1514 3732 1645 3809 liae
1670 3733 1830 3790 etiam
1873 3733 1941 3789 de
1980 3749 2141 3789 causa

550 3832 806 3888 mirabilis
828 3808 1091 3903 propheta
1122 3825 1284 3883 David
1311 3840 1373 3881 ea
1394 3868 1409 3893 ,
1439 3840 1563 3898 qua:
1585 3808 1786 3879 Jtidaais
1810 3834 2137 3892 evenerant,

550 3924 687 3978 bona
713 3934 1162 3983 commemorans,
1186 3932 1416 3989 eamque
1440 3917 1788 3988 voluptatem,
1811 3931 1914 3986 qua
1943 3914 2140 3985 perfusi

547 4024 696 4069 erant
725 4053 742 4080 ,
772 4026 893 4067 cum
921 4009 1159 4083 Egypto
1185 4007 1398 4065 liberati
1438 4017 1562 4063 sunt
1585 4041 1604 4071 .
1632 4006 1879 4063 dicebat:
1908 4004 1976 4061 In
2003 4006 2141 4063 exitu

554 4103 715 4158 Israel
737 4103 800 4157 de
822 4099 1079 4172 £ggpto,
1106 4100 1286 4154 deum
1312 4096 1473 4153 Iacob
1496 4097 1559 4151 de
1574 4096 1768 4166 populo
1790 4095 2030 4163 barbaro,
2054 4095 2138 4166 fa-

546 4206 629 4249 eta
666 4204 738 4249 est
773 4193 964 4247 Judwa
999 4190 1335 4259 sanctiﬁcatio
1360 4190 1509 4261 q‘us,
1548 4186 1721 4242 Israel
1756 4196 1978 4257 potestas
2004 4188 2136 4255 eius.

551 4287 696 4340 Mars
731 4285 855 4339 uidit
893 4293 941 4337 et
969 4284 1133 4355 fugit,
1164 4279 1411 4336 Jordanis
1437 4296 1714 4335 caucasus
1737 4290 1809 4335 est
1834 4289 2135 4336 retrorsum.

549 4376 751 4432 Montes
787 4376 1162 4431 militaverunt
1202 4380 1258 4427 ut
1298 4373 1478 4427 arietes
1501 4413 1517 4435 ,
1555 4382 1609 4426 et
1643 4371 1805 4427 colles
1844 4372 1976 4428 sicut
2015 4374 2139 4446 agni

538 4468 730 4538 ovium,
753 4483 787 4522 a
811 4466 942 4537 faeie
959 4463 1167 4520 Domini
1195 4461 1375 4537 (Prol.
1406 4462 1529 4520 H3.
1559 4462 1696 4535 l4).
1723 4462 1837 4520 Hoc
1865 4480 1993 4521 vero
2020 4465 2139 4522 nul-

544 4560 629 4616 lus
654 4559 899 4616 evenisse
930 4572 1183 4627 umquam
1219 4554 1441 4612 audivit.
1473 4555 1607 4611 Nam
1642 4570 1802 4612 mare
1838 4556 2052 4627 quidem
2082 4566 2139 4613 et

541 4651 790 4708 Jordauis
820 4660 1113 4707 retrorsum
1142 4648 1234 4705 Dei
1257 4648 1411 4720 jussu
1435 4662 1693 4703 conversa
1720 4656 1849 4703 sunt
1879 4665 1893 4702 :
1925 4657 2119 4704 monte:

542 4754 721 4801 autem
746 4752 801 4802 et
828 4742 995 4799 colles
1021 4758 1127 4798 non
1151 4742 1585 4807 cxsultaverunt,
1615 4740 1741 4808 sed,
1774 4752 1978 4797 tuante
1998 4742 2131 4810 dixi,

540 4851 663 4891 cum
687 4849 951 4891 summam
972 4834 1297 4904 voluptatem
1321 4832 1479 4888 vellet
1498 4833 1820 4905 exprimere,
1837 4849 1901 4888 ac
1921 4834 2132 4889 relaxa-

542 4929 739 4985 tionem
770 4942 835 4983 ex
863 4925 1174 4998 ﬁgyptiaca
1206 4926 1486 4981 vexatione
1514 4941 1633 4993 qua:
1664 4925 1765 4981 illis
1793 4924 2129 4997 contigerat,

542 5037 629 5077 res
655 5022 816 5075 etiam
848 5021 1163 5075 inanimatas
1186 5018 1459 5075 exsultare
1487 5018 1718 5086 dicebat,
1748 5033 1812 5073 ac
1838 5018 2132 5089 tripudiare

533 5122 759 5185 propter
784 5126 845 5165 ea
887 5112 1024 5167 bona
1044 5153 1058 5175 ,
1090 5126 1211 5183 qu:c
1240 5110 1342 5166 illis
1372 5110 1700 5164 obvenerant
1732 5128 1746 5164 :
1780 5110 2129 5179 quemadmo-

534 5206 663 5257 dum
692 5220 814 5259 cum
843 5212 993 5259 triste
1020 5202 1288 5273 quidpiam
1324 5202 1568 5256 nuntiare
1594 5200 1837 5269 voluerit,
1864 5202 2005 5272 quod
2035 5218 2133 5259 no-

530 5305 645 5350 stra
682 5296 834 5351 nobis
860 5305 1072 5365 peccata
1100 5294 1426 5365 peperci-int,
1462 5292 1555 5357 ait,
1590 5290 1796 5364 Lugebit
1829 5294 2019 5360 vinum,
2051 5295 2131 5371 lu_-

536 5386 667 5455 gebit
690 5396 737 5439 et
763 5386 875 5441 uitis
902 5385 919 5454 (
944 5384 1120 5440 Hesai.
1152 5384 1239 5438 ‘2‘.
1270 5384 1342 5455 7)
1370 5401 1386 5438 :
1418 5393 1474 5439 et
1498 5384 1646 5451 alibi,
1684 5382 1788 5439 Via:
1817 5386 1943 5440 Sion
1960 5387 2131 5457 lugent

540 5475 765 5546 (Thren.
806 5476 1148 5545 t,t):sedet
1198 5474 1481 5546 larrymari
1522 5489 1611 5529 res
1647 5489 1807 5529 sensu
1851 5475 2130 5533 destitutis

536 5572 630 5636 ait,
659 5570 797 5625 Muri
820 5570 941 5635 ﬁlim
956 5569 1082 5625 Sion
1105 5569 1335 5623 deducite
1369 5569 1655 5639 lacrgntas(
1682 5567 1867 5624 Thren.
1891 5570 1945 5624 2.
1973 5571 2077 5640 i8)
2114 5590 2127 5627 :

602 5707 675 5768 (In
708 5716 823 5765 (me
846 5707 1036 5755 uncinis
1066 5705 1356 5755 clauduntur
1397 5706 1604 5757 deerant
1636 5706 1685 5753 in
1720 5704 1883 5765 aditis.
1918 5707 2008 5758 sed
2042 5709 2130 5759 ha-

539 5770 715 5818 bentu°
740 5771 790 5819 ia
817 5780 917 5818 res.
942 5778 993 5818 ct
1012 5782 1037 5818 a
1065 5775 1304 5820 Frontone
1325 5776 1497 5821 nmo
1520 5769 1647 5819 lecta
1664 5777 1797 5819 unt.

1322 321 1377 376 S.
1420 314 1700 377 JUANNIS
1735 308 2211 369 ιειιιιγδοδτυιιι
2254 310 2569 368 .\llClllEi‘.
2612 311 3148 369 αοκετικτικορ.

3767 310 3874 368 IG‘J

2277 420 2384 479 imo
2421 434 2477 480 et
2520 433 2716 482 terram
2762 427 2930 499 ipsam
2970 436 3026 483 et
3058 426 3298 483 iudicum
3338 427 3522 498 lugere
3549 427 3677 485 dicit
3710 439 3876 499 atque

2272 519 2477 575 ebriam
2503 536 2623 575 esse
2664 518 2895 587 tristitia,
2924 536 3029 575 non
3051 521 3193 592 quod
3218 520 3334 577 haec
3357 521 3623 579 elementa
3656 522 3710 579 id
3740 538 3872 579 scn-

2273 610 2438 678 tiant,
2485 611 2611 676 sed,
2642 623 2696 667 ut
2735 624 2860 667 ante
2882 611 3027 680 dixi,
3057 611 3437 682 prophetarum
3464 615 3846 686 unusquisque-

2268 703 2400 759 dum
2431 704 2667 760 indicare
2695 706 2807 762 vult
2832 706 3102 777 ingentem
3134 705 3396 763 honorum
3422 707 3872 780 magnitudinem,

2267 810 2387 865 quae
2436 795 2574 851 Deus
2621 797 2871 868 largitur,
2918 808 2974 852 et
3008 798 3390 869 suppliciorum
3421 841 3437 867 ,
3482 815 3604 871 quas
3648 810 3889 873 propter

2267 887 2471 943 scelera
2504 898 2686 946 nostra
2723 892 2877 947 nobis
2914 889 3242 963 intliguntur,
3276 892 3346 946 ita
3392 892 3628 965 loquitur
3656 910 3671 948 :
3704 910 3871 965 quam

2266 979 2337 1034 ob
2381 994 2598 1038 causam
2638 982 2823 1037 beatus
2864 982 3023 1038 etiam
3068 982 3264 1038 Paulus
3304 993 3607 1041 creaturam
3636 984 3871 1055 iugo-mi-

2264 1080 2503 1127 scentem
2530 1088 2595 1130 ac
2632 1072 2899 1131 dolentem
2928 1074 3244 1140 introducit,
3273 1082 3333 1130 ut
3358 1075 3449 1131 Dei
3476 1075 3741 1133 donorum
3775 1095 3870 1133 ex-

2267 1164 2497 1232 primere
2522 1165 2690 1235 possit
2728 1164 3145 1237 magnitudinem
3167 1210 3179 1233 ,
3201 1182 3323 1239 quae
3352 1182 3451 1222 nos
3482 1177 3602 1239 post
3624 1169 3763 1223 hanc
3794 1169 3871 1223 vi-

2266 1261 2373 1309 tam
2399 1255 2685 1327 excipient.

2335 1348 2388 1402 ὅ.
2424 1346 2725 1418 Magnitudo
2754 1366 2923 1405 rerum
2963 1367 3091 1422 quas
3132 1352 3306 1421 adepti
3332 1368 3537 1409 'smuus.
3566 1383 3639 1395 -—
3666 1353 3863 1411 Verum

2264 1439 2377 1495 lia-c
2401 1441 2581 1496 omnia
2609 1452 2735 1498 sunt
2760 1442 2814 1498 in
2844 1457 2939 1514 spe
2956 1484 2973 1511 ,
2998 1442 3142 1500 dicet
3169 1445 3434 1516 quispiam
3460 1462 3477 1501 :
3507 1447 3867 1517 pusillantmis

2260 1543 2438 1590 autem
2453 1550 2517 1591 ac
2534 1536 2698 1592 miser
2717 1536 2899 1605 homo,
2924 1552 3030 1592 non
3050 1538 3119 1593 ita
3139 1536 3345 1610 pridem
3375 1538 3445 1594 ab
3466 1539 3766 1597 idololatria
3794 1543 3862 1598 li-

2261 1625 2478 1682 beratus
2502 1667 2518 1691 ,
2552 1642 2728 1699 neque
2756 1627 2883 1684 duim
2914 1629 3089 1685 sciens
3118 1628 3188 1686 de
3215 1629 3376 1687 rebus
3405 1630 3597 1688 futuris
3625 1632 3863 1704 philoso-

2263 1716 2412 1786 phari
2439 1758 2451 1781 ,
2484 1733 2590 1773 non
2630 1716 2916 1773 admodum
2946 1718 3030 1775 bis
3059 1720 3400 1777 sermonibus
3428 1722 3735 1795 corrigitur.
3765 1724 3864 1781 sed

2263 1809 2315 1863 in
2345 1810 2592 1878 prmseuti
2622 1818 2864 1883 tempore
2890 1810 3313 1867 consolationem
3343 1812 3576 1885 aliquam
3603 1821 3753 1886 optat
3777 1816 3866 1873 in-

2262 1904 2465 1959 venire.
2496 1902 2701 1960 ideirco
2727 1902 2977 1959 nimirum
3004 1912 3070 1958 et-
3082 1904 3302 1974 sapiens
3329 1905 3416 1960 hic
3444 1905 3719 1977 magister,
3744 1907 3867 1963 cni-

2260 2010 2363 2064 qno
2387 2006 2511 2049 nota
2543 2004 2667 2050 sunt
2690 1995 2891 2061 omnia,
2926 2010 3030 2050 non
3061 1994 3221 2051 modo
3241 2012 3304 2051 ex
3334 1995 3489 2052 bonis
3516 1997 3705 2052 futuris
3722 2012 3861 2053 cnn-

2260 2088 2483 2153 sOlaIttl',
2514 2088 2611 2144 sed
2633 2103 2699 2145 ex
2725 2089 3077 2159 przcsentibus
3102 2091 3264 2145 etiam
3292 2090 3590 2147 commodis
3609 2090 3863 2147 coiiorta-

2258 2188 2365 2236 tur.
2398 2184 2473 2236 Ac
2503 2182 2733 2252 primum
2774 2183 2987 2253 quidem
3015 2198 3076 2236 ea
3098 2224 3112 2247 ,
3146 2198 3266 2253 qua:
3290 2183 3400 2249 jam
3431 2184 3547 2236 orbi
3590 2192 3859 2239 terrarum

2255 2270 2583 2327 obvenerant
2607 2314 2621 2333 .
2664 2272 2805 2329 bona
2832 2283 3219 2328 commemorat
3243 2315 3257 2336 ,
3288 2291 3407 2343 qua:
3445 2290 3553 2329 non
3596 2275 3648 2328 in
3679 2291 3774 2346 spe
3804 2286 3863 2331 et

2254 2378 2419 2435 exspe
2456 2364 2652 2419 talione
2693 2365 2793 2419 sita
2834 2375 2987 2421 erant
3010 2404 3026 2431 ,
3058 2365 3152 2421 sed
3180 2366 3371 2435 quibus
3401 2367 3574 2437 reipsa
3602 2366 3859 2422 inteban-

2257 2465 2342 2509 tur
2372 2474 2384 2508 :
2415 2472 2536 2526 qua:
2567 2456 2861 2511 futurorum
2886 2498 2899 2518 ,
2933 2467 2985 2512 et
3014 2473 3201 2513 eorum
3246 2474 3366 2528 qua:
3408 2468 3693 2526 sperantur
3738 2476 3859 2513 ina-

2256 2546 2396 2600 xima
2418 2557 2497 2601 est
2519 2554 2575 2601 et
2596 2546 2996 2603 evidentissima
3019 2547 3409 2602 demonstratio
3432 2566 3445 2603 :
3469 2562 3697 2617 eumque
3719 2548 3860 2605 liene

2256 2635 2471 2707 Iungunt
2496 2634 2565 2691 de
2592 2634 2697 2693 iide
2722 2650 3028 2691 sermonem
3053 2637 3330 2701 texuisset,
3354 2647 3515 2708 atque
3538 2638 3859 2706 patriarcha:

2253 2726 2523 2782 Abraham
2544 2726 2871 2782 mentimtem
2900 2724 3135 2791 iecisset,
3160 2728 3249 2797 qui
3281 2727 3406 2783 licet
3435 2729 3733 2786 reluctante
3762 2746 3856 2786 na-

2252 2827 2369 2875 tura
2407 2820 2643 2890 speravit
2673 2827 2853 2875 tamen
2890 2836 2949 2874 se
2978 2827 3185 2889 patrem
3216 2818 3456 2875 futurum
3478 2860 3495 2887 ,
3524 2824 3859 2893 exspectavit

2249 2917 2304 2965 et
2347 2907 2577 2965 credidit
2598 2952 2611 2973 ,
2643 2919 2973 2981 quapropter
3011 2920 3065 2965 et
3111 2912 3327 2966 tandem
3371 2909 3467 2966 fuit
3498 2931 3512 2969 :
3544 2912 3669 2968 inde
3696 2913 3856 2971 ducta

2249 3002 2532 3059 occasione
2554 3003 2883 3069 cohortatur,
2911 3010 2970 3057 ut
2994 3018 3281 3074 numquam
3300 3003 3367 3059 ad
3389 3004 3855 3063 ratiocinationmn

2254 3095 2615 3152 inﬁrmitatem
2639 3095 2971 3164 delabamur,
2993 3096 3087 3151 sed
3116 3098 3325 3152 animos
3351 3107 3565 3154 nostros
3594 3100 3856 3168 magnitu-

2249 3189 2374 3244 dine
2389 3188 2509 3244 tidei
2525 3189 2811 3259 erigamus,
2828 3188 3149 3249 attollamus.
3166 3198 3218 3245 et
3230 3188 3334 3245 alta
3351 3191 3620 3260 sapiamus
3636 3210 3643 3240 :
3658 3188 3856 3247 deinde

2250 3297 2429 3337 rcrmn
2448 3326 2463 3346 ,
2491 3297 2625 3354 quas
2652 3282 2830 3351 adepti
2855 3281 2964 3351 jam
2995 3296 3181 3336 sumus
3204 3324 3219 3347 ,
3256 3282 3486 3353 explicat
3516 3282 3851 3353 dignitatem.

2248 3372 2503 3441 Quaenam
2536 3373 2621 3428 illa
2647 3388 2806 3443 porro
2826 3382 2909 3428 est
2932 3372 2958 3426 ἳ
2981 3372 3133 3441 Quod
3165 3372 3415 3427 nimirum
3443 3371 3633 3428 Filium
3657 3388 3814 3429 suum
3833 3416 3849 3439 ,

2250 3467 2449 3537 inquit,
2481 3466 2811 3537 unigenitum
2830 3506 2847 3531 ,
2875 3464 3166 3536 genuinum
3187 3504 3204 3530 ,
3235 3463 3643 3519 dilectissiumm
3664 3505 3680 3527 ,
3711 3464 3855 3521 hunc

2251 3559 2390 3613 Deus
2419 3574 2517 3628 pro
2546 3557 2698 3613 nobis
2725 3554 3006 3612 sceleratis
3038 3553 3209 3610 servis
3241 3553 3430 3619 dedit,
3462 3564 3514 3609 et
3556 3554 3854 3611 innumeris

2250 3652 2482 3721 peccatis
2508 3658 2759 3720 gravatos
2781 3688 2797 3713 ,
2830 3647 3099 3718 tantisque
3126 3646 3441 3701 delictorum
3466 3646 3721 3701 oneribus
3748 3661 3853 3716 op-

2250 3757 2463 3811 pressos
2493 3757 2599 3795 non
2628 3755 2657 3795 a
2688 3739 2920 3812 peccatis
2946 3740 3121 3792 solmn
3150 3738 3433 3804 liberavit,
3466 3738 3561 3793 sed
3592 3748 3646 3794 et
3670 3737 3854 3809 justus

2248 3830 2423 3887 etl'ecit
2448 3874 2461 3893 ,
2491 3831 2621 3886 nihil
2648 3845 2816 3901 grave
2845 3828 3119 3898 imperans
3146 3838 3236 3882 aut
3264 3827 3585 3883 laboriosum
3615 3838 3707 3884 aut
3731 3846 3827 3885 mu

2247 3923 2476 3987 testum,
2522 3919 2619 3977 sed
2659 3920 2816 3976 tidem
2864 3934 2893 3973 a
2940 3918 3095 3973 nobis
3136 3927 3340 3973 tantum
3372 3919 3650 3987 requirens
3670 3919 3853 3989 instes

2244 4014 2497 4079 reddidit,
2527 4024 2741 4068 sanctos
2768 4011 2964 4077 eliccit,
2996 4012 3046 4066 in
3079 4009 3175 4066 Dei
3203 4010 3341 4066 ﬁlios
3366 4012 3660 4083 adoptavit,
3685 4012 3849 4070 hero-

2246 4105 2341 4160 dcs
2372 4103 2520 4175 regni
2553 4103 2781 4161 instituit
2807 4143 2823 4168 ,
2854 4101 3125 4173 Unigeniti
3154 4102 3450 4159 coheredes
3478 4104 3808 4162 nunntiavit
3829 4146 3848 4172 ,

2246 4195 2694 4250 resurrectionem
2726 4192 3007 4265 promisit,
3036 4207 3322 4262 corporum
3351 4193 3810 4265 incorruptionem
3829 4239 3847 4264 ,

2242 4287 2605 4343 conditionem
2633 4294 2689 4343 et
2713 4292 2914 4342 sortem
2944 4284 3190 4341 eamdem
3215 4300 3337 4341 cmn
3364 4287 3588 4357 angelis,
3613 4303 3736 4359 qua
3758 4304 3852 4345 ra-

2244 4381 2443 4435 tionem
2472 4394 2687 4433 omnem
2715 4393 2781 4434 ac
2813 4386 3050 4435 mentem
3084 4386 3412 4449 exsuperat,
3456 4375 3848 4437 habitationem

2245 4473 2299 4527 in
2324 4472 2471 4527 caelis
2491 4512 2507 4537 ,
2534 4474 2996 4527 conversationem
3025 4485 3148 4527 cum
3179 4471 3296 4540 ipso
3316 4511 3334 4537 ,
3363 4486 3428 4525 ac
3456 4471 3688 4542 Spiritus
3714 4489 3847 4529 sau-

2242 4567 2312 4621 cti
2343 4566 2575 4634 gratiam
2593 4564 2703 4634 jam
2730 4564 2855 4619 inde
2882 4564 3038 4618 nobis
3065 4562 3273 4627 eﬂudit,
3303 4579 3335 4619 a
3362 4562 3564 4620 diaboli
3593 4580 3694 4621 nos
3719 4582 3851 4637 pos-

2243 4659 2482 4713 sessione
2513 4657 2776 4717 liberat-it.
2809 4671 2907 4711 nos
2930 4672 2960 4711 a
2990 4656 3293 4711 da-monnm
3322 4658 3578 4714 servitute
3604 4659 3849 4716 vindica-

2244 4750 2337 4814 vit,
2367 4758 2643 4820 peccatum
2670 4748 2955 4814 destruxit,
2982 4747 3415 4805 maledictionem
3442 4750 3676 4813 sustulit,
3708 4752 3848 4807 infe-

2240 4858 2419 4898 rorum
2453 4851 2634 4911 portas
2660 4840 2925 4911 confregit
2946 4882 2962 4906 ,
2992 4839 3298 4910 paradisum
3328 4841 3533 4910 aperuit
3560 4883 3576 4908 ,
3608 4857 3715 4897 non
3745 4858 3852 4898 an-

2239 4937 2435 5003 gelum,
2468 4950 2575 4990 non
2602 4932 3006 5003 archangelum,
3037 4932 3130 4988 sed
3164 4935 3339 5003 ipsum
3367 4931 3710 5005 Unigenitum
3747 4953 3852 5007 pro

2240 5029 2409 5083 88lin
2440 5036 2619 5082 nostra
2648 5026 2813 5093 misit,
2843 5026 2983 5079 sicut
3007 5040 3103 5096 per
3132 5025 3449 5095 prophetam
3480 5027 3685 5099 inquit,
3721 5029 3852 5086 Non

2235 5120 2449 5189 legatus,
2480 5135 2640 5188 neque
2665 5119 2898 5189 angelos,
2926 5118 3015 5171 sed
3042 5117 3152 5187 ipse
3177 5116 3429 5174 Dominus
3453 5120 3620 5175 salvos
3648 5138 3741 5176 nos
3772 5124 3853 5191 fe-

2233 5212 2303 5263 cit
2333 5210 2536 5278 (Hesai.
2564 5212 2651 5265 63.
2678 5209 2755 5279 9).
2805 5209 2930 5263 llaec
2969 5224 3146 5264 nonne
3183 5212 3451 5264 sexcentis
3475 5211 3849 5277 splendidiora

2238 5311 2363 5357 sunt
2379 5300 2625 5357 coronis?
2647 5300 2787 5370 quod
2802 5300 3115 5355 sanctiﬁcati
3136 5316 3321 5355 sumus
3334 5301 3359 5357 τ
3372 5301 3515 5371 quod
3529 5301 3633 5371 just
3644 5303 3756 5358 ilict
3771 5304 3811 5358 ti
3829 5307 3855 5358 ?

2239 5391 2380 5461 quod
2422 5407 2513 5461 per
2542 5391 2744 5447 tidem?
2773 5391 2913 5462 quod
2957 5392 3235 5461 uuigenito
3265 5391 3359 5446 Dei
3389 5391 3527 5447 Filio
3558 5407 3654 5462 pro
3684 5395 3852 5447 nobis

2240 5485 2639 5540 descendente?
2669 5484 2807 5555 quod
2852 5484 3007 5539 Patre
3038 5483 3227 5538 Filium
3249 5499 3402 5539 suum
3429 5482 3850 5540 dilectissimum

2243 5588 2460 5651 preptcr
2488 5593 2584 5633 nos
2612 5578 2855 5634 tradente
2878 5577 2903 5631 'l
2927 5578 3069 5647 quod
3108 5578 3363 5648 Spiritum
3404 5589 3647 5632 ιειιιειιιιιι
3680 5593 3848 5635 acce-

2243 5671 2459 5742 pimus?
2484 5670 2626 5741 quod
2651 5686 2771 5725 cum
2802 5669 2947 5723 omni
2976 5668 3273 5725 facilitate?
3299 5669 3440 5739 quod
3468 5669 3684 5739 copiosa
3712 5686 3839 5741 gra-

2244 5764 2315 5820 tia
2350 5762 2601 5833 donoque
2641 5761 2791 5832 potiti
2834 5761 3059 5818 sumus?
3088 5759 3184 5817 llis
3229 5760 3406 5832 itaque
3446 5762 3602 5817 dictis
3630 5772 3841 5820 etcum
