4080 6396
261 311 357 366 l6!

257 424 445 496 paucis
469 423 647 479 verbis
675 423 854 477 omnia
879 421 1229 487 declarasset,
1264 434 1450 474 rursus
1477 429 1870 472 commemora-

261 518 409 573 tione
435 516 551 582 spei
580 531 886 571 sermonem
919 513 1111 569 linirit.
1142 512 1276 566 Cum
1305 509 1450 565 enim
1477 506 1702 566 dixisset
1724 547 1737 567 .
1763 502 1866 558 Ju-

260 607 468 674 rtiﬁceti
490 608 645 677 igitur
669 621 734 659 ea:
760 606 863 673 ﬁde
890 620 1066 674 pacem
1091 601 1333 656 habemus
1357 600 1425 652 ad
1456 598 1619 651 Deum
1648 613 1735 667 per
1761 595 1869 649 Do-

262 699 453 751 minum
482 709 707 751 nostrum
723 694 902 750 Iesum
929 695 1208 758 Christum,
1232 709 1323 763 per
1346 707 1497 763 quem
1523 697 1571 744 et
1599 688 1871 743 habuimus

259 802 521 841 accessum
552 803 642 855 per
670 787 824 855 ﬁdem
850 787 905 839 iit
929 786 1167 857 gratiam,
1200 784 1252 837 in
1280 798 1382 853 qua
1406 790 1620 844 uatum,
1649 778 1866 849 adjecit,

263 879 327 933 Et
347 880 633 950 gloriamur
646 880 697 933 in
714 895 804 947 spe
817 879 995 951 glorite
1010 877 1109 932 Dei
1123 875 1301 946 (Rom.
1324 876 1377 931 5.
1404 874 1455 930 l.
1477 873 1556 943 Ξ).
1583 872 1869 942 Postquam

261 973 422 1041 igitur
435 970 568 1025 dixit
589 972 778 1040 partim
796 986 914 1038 quae
926 970 1035 1038 jam
1048 975 1359 1028 evenerant.
1374 966 1565 1037 partim
1582 980 1701 1033 quze
1718 978 1874 1018 even-

260 1070 377 1116 tura
398 1071 556 1117 erant
579 1079 593 1116 :
622 1077 743 1115 nam
769 1060 915 1130 quod
934 1060 1203 1129 justilicati
1221 1057 1435 1129 quidem
1455 1070 1641 1111 sumus
1658 1095 1674 1120 ,
1695 1054 1867 1126 quod-

259 1170 365 1223 que
393 1166 490 1221 pro
518 1153 671 1207 nobis
696 1163 748 1206 et
767 1153 1073 1207 immolatus
1094 1163 1173 1205 est
1192 1150 1379 1216 Filius,
1405 1159 1457 1205 et
1474 1147 1616 1221 quod
1641 1163 1734 1218 per
1747 1163 1870 1202 eum

257 1259 536 1299 accessum
566 1244 633 1297 ad
665 1242 875 1298 Patrem
902 1242 1251 1301 obtinuimus.
1274 1240 1419 1311 quod
1446 1239 1670 1311 gratiam
1701 1245 1757 1293 et
1775 1236 1874 1292 do.

258 1351 387 1390 nnm
404 1334 586 1404 adepti
608 1348 813 1396 smnus,
827 1332 969 1403 quod
989 1349 1017 1387 a
1033 1334 1265 1402 peccatis
1283 1332 1492 1388 liberali
1505 1344 1714 1391 sumus.
1729 1328 1870 1400 quod

256 1426 324 1481 sd
356 1428 521 1482 Deum
550 1441 736 1495 pacem
763 1424 1041 1491 habemus,
1070 1434 1122 1480 et
1143 1422 1372 1493 Spiritus
1396 1422 1567 1479 sancti
1586 1422 1873 1493 participes

258 1518 477 1584 luimus,
503 1519 615 1573 bmc
639 1516 792 1573 exiis
809 1526 934 1571 sunt
955 1516 1199 1586 qumjam
1227 1525 1526 1572 evenerunt
1552 1532 1566 1569 :
1596 1528 1719 1585 qua
1744 1528 1879 1569 vero

256 1621 382 1667 sunt
404 1619 684 1677 eventura,
704 1611 873 1682 gloria
896 1611 1147 1665 nimirum
1170 1619 1255 1666 est
1278 1610 1369 1664 illa
1392 1608 1699 1672 ineffabilis,
1730 1607 1872 1679 quod

258 1708 433 1774 ipsum
458 1706 619 1757 etiam
646 1702 842 1773 adjecit
868 1702 1054 1757 dicens
1084 1718 1097 1755 :
1125 1699 1192 1755 In
1220 1718 1322 1763 qua
1350 1711 1564 1764 stamus,
1591 1709 1641 1755 et
1671 1701 1867 1771 gloria-

258 1813 373 1850 mur
412 1796 467 1850 in
505 1812 596 1860 sps
633 1793 817 1866 gloria:
858 1793 953 1848 Dei
986 1792 1177 1866 (Rom.
1211 1794 1265 1848 5.
1290 1793 1401 1862 2):
1435 1807 1597 1863 porro
1624 1805 1782 1861 spes,
1816 1798 1875 1845 ut

256 1896 386 1943 ante
414 1886 525 1940 dixi
546 1926 560 1951 ,
592 1884 660 1940 ad
694 1884 1088 1955 pusillanimem
1130 1883 1433 1939 auditorem
1475 1882 1788 1951 erigendum
1819 1890 1873 1936 et

254 1976 598 2032 excitandum
627 1990 734 2031 non
764 1973 1055 2029 admodum
1074 1982 1157 2030 est
1189 1973 1378 2028 idonea
1406 1991 1419 2027 :
1444 1972 1565 2027 vide
1589 1970 1718 2042 quid
1747 1986 1870 2025 rur-

256 2084 352 2123 sus
397 2067 591 2133 faciat,
636 2074 689 2122 et
729 2064 1087 2120 constantiam
1117 2064 1268 2119 Pauli
1296 2062 1577 2119 considera
1608 2077 1670 2116 ac
1700 2060 1874 2133 philo—

257 2160 536 2231 sophicam
567 2158 932 2214 mentem.'Ex
965 2158 1069 2212 illis
1094 2157 1238 2213 enim
1269 2157 1422 2227 ipsis,
1450 2172 1571 2227 qua:
1603 2154 1871 2211 tristitiam

258 2262 349 2306 aut
378 2250 835 2321 perturbationem
878 2250 1075 2305 all'erre
1102 2249 1420 2305 videbantur
1442 2290 1456 2313 ,
1484 2257 1540 2303 et
1568 2248 1870 2303 auditorem

262 2345 483 2399 turbare
502 2384 517 2405 ,
560 2359 626 2398 ex
671 2342 753 2397 bis
785 2341 1173 2398 consolationis
1198 2350 1252 2396 ct
1281 2339 1615 2410 gloriationis
1640 2353 1871 2395 coronas

260 2438 520 2494 contexit.
557 2436 650 2491 liis
678 2437 823 2489 enim
855 2435 1107 2488 omnibus
1132 2432 1465 2487 enumeratis
1492 2431 1749 2500 deinceps
1776 2430 1872 2483 ad-

254 2531 370 2598 jicit
394 2528 584 2583 dicens
618 2545 631 2579 :
676 2519 793 2581 Non
835 2525 1008 2579 solum
1052 2525 1168 2578 hmc
1206 2524 1330 2588 aio,
1371 2538 1492 2593 qua:
1535 2536 1676 2575 nunc
1718 2519 1870 2586 dixi,

257 2622 396 2691 quod
441 2620 691 2673 nimirum
732 2616 1051 2671 sanctificati
1090 2630 1315 2680 sumus,
1360 2613 1505 2685 quod
1546 2611 1824 2683 justilicati
1854 2652 1871 2679 ,

256 2710 399 2780 quod
434 2726 529 2780 per
552 2708 927 2780 Unigenitum,
952 2706 1096 2779 quod
1122 2706 1292 2777 gratia
1315 2706 1464 2775 potiti
1494 2719 1700 2768 sumus,
1728 2703 1872 2773 quod

260 2816 411 2871 pace,
439 2801 584 2871 quod
614 2800 780 2865 dono,
812 2798 955 2869 quod
986 2797 1304 2853 remissione
1331 2804 1699 2865 peccatorum,
1722 2793 1866 2863 quod

257 2891 749 2947 communicatione
788 2889 1019 2959 Spiritus
1059 2903 1169 2941 sani
1192 2891 1226 2941 ti
1250 2926 1264 2951 ,
1295 2885 1436 2955 quod
1467 2886 1614 2938 omni
1640 2900 1763 2939 cum
1796 2883 1873 2937 fa-

258 2985 495 3045 cilitate,
533 2981 675 3051 quod
716 2980 919 3049 absque
960 2978 1144 3033 labere
1169 3020 1186 3043 ,
1224 2978 1426 3046 absque
1466 2974 1699 3039 sudore,
1726 2974 1869 3043 quod

257 3076 371 3130 sola
404 3072 545 3137 fide,
574 3071 716 3141 quod
749 3070 941 3125 Filium
970 3069 1115 3124 misit
1141 3068 1468 3138 unigenitum
1495 3107 1511 3131 ,
1539 3065 1681 3135 quod
1710 3080 1873 3120 unum

258 3168 478 3238 quidem
512 3166 734 3234 largitus
760 3173 842 3217 est
864 3204 879 3229 ,
905 3164 1136 3217 alterum
1163 3177 1291 3215 vero
1320 3160 1599 3228 promisit,
1632 3158 1875 3213 inclfabi-

260 3260 364 3313 lem
390 3256 642 3326 gloriam,
670 3253 1154 3319 immortalitatem,
1190 3251 1646 3307 resurrectionem
1674 3265 1872 3319 corpo-

262 3367 378 3405 rum
406 3392 419 3417 ,
451 3349 819 3404 conditionem
846 3356 901 3401 et
929 3355 1130 3401 sortem
1163 3345 1461 3414 angelicam
1487 3384 1501 3406 ,
1528 3342 1875 3397 consuetudi-

265 3462 386 3500 nem
415 3459 541 3499 cum
570 3441 786 3495 Christo
809 3480 825 3504 ,
857 3438 1242 3493 habitationem
1276 3437 1327 3490 in
1358 3435 1505 3490 cmlis
1535 3452 1548 3486 ε
1585 3433 1702 3489 ιιςυο
1729 3433 1873 3489 enim

264 3539 445 3592 omnia
475 3534 652 3589 verbis
678 3533 780 3587 illis
802 3532 1115 3600 complexus
1136 3539 1240 3595 est,
1263 3528 1557 3583 Gloriamur
1576 3528 1628 3581 in
1653 3544 1743 3598 spe
1763 3528 1875 3599 glo-

264 3632 356 3683 rite
390 3627 484 3682 Dei
516 3626 533 3696 (
561 3626 709 3679 "om.
738 3625 791 3679 5.
825 3625 860 3675 2
883 3622 921 3691 ).

336 3719 480 3789 [pste
497 3718 787 3789 aﬂlictioues
810 3728 925 3768 sunt
957 3714 1146 3767 ltetitite
1170 3714 1483 3766 occasiones.
1518 3740 1589 3750 —
1614 3710 1730 3764 Non
1753 3710 1869 3764 haec

268 3815 425 3883 igitur
455 3812 627 3865 Solum
656 3810 800 3872 dicit,
833 3822 953 3877 qua:
990 3807 1353 3876 contigerunt,
1379 3813 1433 3858 et
1462 3820 1582 3873 qua:
1627 3811 1751 3857 sunt
1790 3802 1875 3855 fu-

270 3919 386 3959 tura
417 3922 431 3957 :
460 3902 553 3957 sed
583 3917 646 3957 ea
676 3915 888 3970 quoque
914 3899 1049 3968 ipsa,
1074 3913 1192 3967 quae
1215 3898 1353 3951 inter
1371 3896 1617 3949 homines
1643 3894 1865 3948 molesta

268 4004 574 4061 censentur,
623 3991 907 4048 tribunalia
956 3990 1241 4053 nimirum,
1293 4003 1579 4051 carceres,
1630 3995 1866 4050 mortes,

270 4088 462 4150 minas,
486 4083 703 4145 famem,
730 4091 1016 4147 tormenta,
1035 4080 1353 4149 sartagines,
1380 4084 1643 4139 l'oruaccs,
1667 4076 1874 4144 deprae-

266 4180 563 4239 dationem,
616 4176 775 4240 bella,
820 4174 1267 4244 oppugnationes,
1300 4184 1524 4240 pugnas,
1551 4168 1877 4233 seditiones,

267 4270 667 4333 contentiones,
697 4270 811 4321 ιιωο
853 4278 1066 4335 quoque
1108 4264 1272 4317 refert
1303 4263 1354 4315 in
1388 4275 1667 4313 nmnerum
1710 4258 1881 4312 dono-

273 4378 392 4417 rum
421 4376 485 4414 ac
515 4356 658 4414 recte
685 4358 968 4411 factorum.
1000 4353 1115 4408 Non
1153 4352 1295 4407 enim
1326 4352 1395 4404 ob
1418 4350 1504 4404 illa
1535 4350 1729 4415 solum,
1761 4364 1880 4418 qua:

270 4455 411 4508 dicta
458 4458 605 4516 sunt,
652 4447 939 4502 lactandum
985 4456 1068 4500 est
1103 4455 1262 4514 atque
1305 4441 1667 4511 gaudendum,
1699 4438 1794 4493 sed
1826 4438 1879 4492 in

274 4549 357 4600 bis
404 4546 566 4598 etiam
605 4539 969 4612 gloriandum,
1018 4548 1073 4591 ut
1114 4553 1237 4592 cum
1279 4537 1374 4597 ait,
1411 4534 1565 4588 Nunc
1607 4532 1803 4603 gaudeo
1829 4534 1882 4585 in

273 4637 593 4709 passionibus
641 4636 765 4688 meis
799 4650 891 4702 pro
936 4632 1093 4698 vobis,
1117 4641 1161 4685 el
1190 4631 1447 4699 adimpleo
1467 4646 1527 4682 ea
1550 4620 1665 4691 quia
1702 4629 1883 4681 desunt

274 4732 569 4802 passionum
596 4727 782 4782 Christi
807 4728 858 4779 in
884 4742 1035 4779 carne
1057 4740 1167 4777 mea
1195 4722 1331 4792 (Cal.
1359 4724 1409 4775 l.
1434 4722 1548 4791 24).
1578 4719 1735 4774 Vides
1764 4721 1880 4773 atii-

277 4839 417 4876 mam
446 4822 663 4883 fortem,
695 4830 929 4872 mentem
954 4817 1269 4877 sublimem,
1301 4815 1548 4882 spiritum
1600 4811 1881 4875 invictum,

274 4915 363 4984 qui
408 4928 516 4967 non
546 4909 619 4966 ob
647 4922 880 4964 coronas
923 4916 1125 4961 tantum
1176 4908 1455 4976 gloriatur,
1490 4904 1588 4959 sed
1624 4916 1678 4959 et
1707 4914 1882 4959 certa-

277 5007 511 5061 minibus
542 5004 670 5074 ipsis
699 5002 1035 5057 oblectatur?
1062 5017 1165 5054 non
1196 5001 1367 5054 solum
1398 5000 1467 5052 ob
1500 4997 1717 5066 praemia
1756 5013 1886 5067 gau-

274 5098 386 5157 det.
422 5096 518 5149 sed
543 5096 594 5149 in
624 5096 780 5148 luetis
810 5095 969 5147 etiam
999 5092 1228 5145 exsultat
1250 5092 1271 5144 ’ἐ
1305 5107 1409 5142 non
1460 5088 1619 5141 modo
1665 5097 1883 5156 propter

276 5189 661 5246 retributiones
683 5188 911 5251 laetatur,
930 5185 1024 5238 sed
1053 5192 1107 5237 cl.
1134 5187 1249 5252 ipso
1281 5181 1556 5252 pancratio
1583 5178 1887 5248 gloriatur?

278 5283 351 5337 Ne
379 5280 507 5334 mihi
546 5279 687 5333 enim
740 5292 960 5345 regnum
1003 5276 1257 5327 mulorum
1298 5284 1683 5334 commemora,
1716 5284 1889 5337 neque

277 5390 501 5430 coronas
520 5373 637 5425 illas
655 5367 1257 5427 inmiarcescibiles,nec
1278 5360 1618 5433 pr;einia..~.ed
1640 5375 1725 5413 res
1749 5361 1889 5430 ipsas

278 5475 593 5535 pne-sentes.
616 5464 665 5515 in
683 5460 877 5530 quibus
896 5459 1058 5511 multa
1079 5459 1213 5509 inest
1232 5456 1471 5517 al'llictio,
1489 5454 1638 5505 labor
1662 5493 1674 5513 ,
1696 5461 1751 5505 et
1784 5466 1891 5503 mo-

278 5558 430 5613 lestia
449 5555 675 5624 plurima
697 5568 707 5602 :
731 5551 846 5605 lucc
866 5549 1103 5618 proleriu
1123 5545 1382 5607 medium,
1417 5555 1471 5596 et
1500 5541 1785 5594 ostendere
1806 5556 1888 5608 po-

276 5664 392 5707 tem
415 5656 638 5715 propter
658 5647 756 5698 ista
786 5644 956 5697 multo
988 5641 1218 5709 amplius
1244 5654 1363 5693 esse
1384 5634 1739 5706 gloriandum.
1758 5631 1889 5686 Nam

272 5765 323 5800 ιη
346 5761 393 5814 pi
408 5742 581 5796 otanis
600 5736 812 5806 quidem
832 5734 1087 5805 agonibus
1103 5732 1336 5785 laborem
1358 5727 1551 5782 habent
1571 5723 1887 5789 certamina,

1339 306 1429 361 DE
1466 300 1723 359 GLORIA
1766 299 1830 355 IN
1870 298 2516 358 TlilBULA'l'lONIBUS.

3487 303 3589 357 (CQ

1978 424 2413 479 commeantem,
2442 416 2767 483 voluptatem
2796 412 2916 469 :bic
2941 429 3069 470 vero
3096 430 3201 470 non
3225 415 3328 483 ita;
3352 417 3445 473 sed
3464 432 3589 473 ante

1975 520 2205 561 coronas
2233 507 2347 575 ipsa
2382 507 2675 560 certamina
2713 507 2937 561 multam
2978 510 3322 562 occasionem
3357 507 3589 573 alfcrunt

1975 596 2259 668 gloriandi.
2284 597 2460 667 Atque
2477 607 2533 650 ut
2554 599 2667 651 haec
2690 597 2761 652 ita
2778 597 3049 653 scitabere
3068 598 3589 671 intelligatis,nnum-

1975 705 2245 762 quemque
2269 701 2577 745 sanctorum
2610 706 2703 759 per
2732 691 2973 762 singulas
3007 694 3389 761 generationes
3412 694 3588 749 consi—

1976 780 2180 846 derate,
2202 794 2260 836 ut
2280 782 2451 853 inquit
2474 783 2583 848 ille,
2619 782 2922 854 Exemplum
2945 786 3181 853 accipite,
3212 780 3419 855 fratres,
3447 787 3588 842 labo-

1977 872 2047 926 ris
2068 884 2112 926 et
2136 873 2411 943 patientior,
2444 874 2739 942 proplntas,
2768 874 2856 945 qui
2894 874 3093 943 loquuti
3134 886 3254 931 sunt
3300 875 3503 931 uerbum
3532 879 3588 934 in

1976 964 2183 1017 notitiae
2223 962 2432 1017 Domini
2462 963 2600 1033 (Jac.
2635 965 2828 1035 5.10).
2874 966 3181 1033 Quinetiam
3224 967 3309 1023 hic
3347 968 3461 1038 ipse
3498 972 3589 1039 qui

1979 1054 2135 1110 nobis
2157 1055 2259 1110 hoc
2282 1046 2559 1111 certamen
2583 1058 2880 1127 proposuit,
2911 1068 2965 1113 et
2996 1059 3099 1113 hoc
3127 1061 3408 1130 spirituale
3437 1062 3589 1117 tbea~

1979 1157 2118 1199 trum
2143 1150 2478 1214 convocavit,
2510 1149 2729 1216 Paulus,
2756 1150 2996 1221 inquam,
3028 1164 3311 1224 postquam
3340 1156 3589 1211 innume-

1979 1252 2065 1290 ras
2095 1238 2428 1308 singulorum
2450 1250 2760 1295 sanctorum
2790 1240 3109 1298 afﬂictiones
3139 1247 3426 1305 recensuit.
3457 1263 3595 1316 qua

1981 1346 2153 1398 neque
2180 1346 2324 1386 nunc
2360 1333 2606 1403 persequi
2640 1334 2977 1389 numerando
3005 1334 3162 1391 facile
3193 1337 3373 1402 fuerit,
3400 1338 3554 1408 ailjus

1978 1422 2048 1489 git
2078 1416 2265 1477 dicens
2290 1440 2305 1476 :
2328 1422 2650 1478 Circuierunt
2675 1424 2729 1478 in
2753 1424 2971 1488 melotis,
3000 1426 3053 1480 in
3081 1427 3299 1495 pellibus
3336 1432 3565 1499 caprinis

1978 1523 2176 1582 egentes
2194 1553 2210 1578 ,
2256 1514 2532 1583 angustiati
2556 1556 2571 1579 ,
2611 1516 2781 1585 amicti
2820 1532 2839 1569 :
2874 1516 3054 1585 quibus
3092 1518 3279 1589 dignus
3332 1537 3433 1575 non
3474 1532 3585 1576 erat

1981 1602 2201 1656 rotundus
2224 1604 2238 1633 ¹
2269 1601 2460 1670 (Hebr.
2494 1605 2579 1659 ll.
2610 1606 2701 1660 87.
2727 1606 2839 1676 58).
2878 1616 2933 1660 et
2974 1615 3154 1661 tamen
3207 1619 3427 1678 propter
3477 1610 3592 1667 Iuec

1978 1695 2158 1747 omnia
2197 1694 2535 1750 ltetabantur.
2568 1696 2680 1752 lloc
2728 1711 2857 1753 vero
2894 1712 3119 1754 cernere
3166 1701 3344 1770 quivis
3390 1713 3588 1771 lmtost,

1978 1786 2192 1856 quando
2231 1797 2349 1857 pUst
2373 1804 2670 1855 carcerem,
2698 1798 2754 1844 et
2784 1790 2976 1859 probra
2999 1791 3126 1845 caesi
3155 1790 3472 1847 verberibus
3493 1794 3589 1863 eji-

1979 1881 2257 1935 ciebantur
2289 1898 2304 1935 :
2334 1881 2461 1951 quid
2497 1883 2605 1935 ait?
2655 1881 2719 1935 Et
2760 1883 2839 1937 illi
2880 1884 3088 1953 quidem
3127 1883 3269 1938 ibant
3311 1887 3589 1956 gaudentes

1977 1989 2008 2025 ι
2029 1984 2301 2043 conspectu
2343 1975 2561 2037 consilii,
2593 1975 2833 2045 quoniam
2875 1964 3019 2046 digiti
3041 1976 3202 2029 habiti
3221 1987 3338 2031 sunt
3367 1994 3460 2048 pro
3489 1994 3585 2032 tto-

1980 2067 2114 2118 mine
2132 2063 2259 2119 Iesu
2290 2066 2649 2121 contumeliam
2675 2069 2783 2137 pati
2828 2066 2965 2133 (Act.
2997 2068 3055 2122 5.
3080 2069 3192 2137 41).

2050 2159 2103 2212 4.
2134 2155 2426 2228 Martyrum
2468 2158 2668 2229 egregia
2709 2159 3005 2213 certamina.
3040 2157 3241 2212 Paulus
3274 2160 3591 2217 demonibus

1977 2250 2215 2303 terribilis
2241 2249 2295 2303 in
2319 2241 2755 2320 uﬂlittionibus.—
2776 2250 2971 2304 Verum
3001 2253 3149 2305 enim
3191 2265 3320 2305 vero
3362 2253 3476 2306 hmc
3497 2269 3595 2307 no-

1977 2353 2088 2397 stra
2119 2342 2278 2396 etiam
2302 2351 2461 2396 aetate
2488 2342 2859 2412 contigerunt;
2887 2357 2949 2396 ac
2972 2343 3016 2396 si
3039 2342 3184 2405 velit,
3206 2342 3591 2411 aigitetquivis

1977 2450 2038 2487 ea
2061 2448 2181 2503 quin
2218 2432 2362 2497 dico,
2391 2432 2568 2501 qualia
2591 2442 2833 2502 tempore
2868 2434 3345 2503 persequutionum
3382 2434 3592 2489 accide-

1979 2527 2105 2578 rint.
2142 2524 2542 2595 lngrediebatur
2569 2525 2719 2595 virgo
2746 2534 2927 2579 tenera
2959 2536 3013 2579 et
3045 2524 3286 2595 innupta,
3308 2541 3429 2580 cera
3454 2542 3591 2595 qua-

1981 2618 2059 2671 \is
2087 2618 2301 2672 mollius
2348 2616 2550 2671 habens
2592 2631 2810 2685 corpus,
2844 2626 2954 2669 tum
2985 2616 3144 2670 aflixa
3176 2617 3407 2684 equuleo
3436 2616 3591 2671 dera-

1978 2710 2052 2763 sis
2083 2708 2339 2764 lateribus
2386 2706 2807 2777 perfodiebatur,
2836 2718 2891 2761 et
2918 2709 3180 2777 sanguine
3213 2716 3320 2760 tota
3374 2707 3585 2775 perfusa

1978 2810 2126 2865 erat;
2154 2809 2211 2855 at
2238 2802 2461 2870 perinde
2500 2800 2653 2869 quasi
2677 2814 2877 2870 sponsa
2908 2809 3054 2854 θμεει
3085 2800 3283 2869 potius,
3312 2809 3365 2853 et
3394 2800 3447 2853 in
3471 2799 3590 2853 tha-

1981 2893 2122 2944 lamo
2152 2891 2389 2955 sederet,
2421 2891 2491 2945 ita
2522 2891 2753 2947 libenter
2781 2905 2843 2945 ea
2876 2906 2996 2961 quae
3044 2890 3245 2945 fiebant
3274 2890 3345 2944 ob
3370 2905 3594 2961 regnum

1977 2985 2232 3038 caelorum
2283 2982 2604 3053 perferebat,
2631 2982 2683 3036 in
2732 2983 2863 3052 ipsis
2908 2982 3294 3036 certaminibus
3335 2996 3595 3037 coronam

1981 3079 2304 3150 percipiens.
2332 3077 2518 3147 Cogita
2549 3077 2707 3146 quale
2735 3078 3101 3145 spectaculum
3133 3088 3277 3131 esset
3306 3086 3592 3147 tyrannum

1977 3184 2203 3225 cernere
2241 3184 2363 3221 cum
2390 3169 2503 3222 suis
2541 3166 2890 3229 exercitibus,
2918 3182 3039 3221 cum
3081 3167 3400 3221 acumiuatls
3444 3168 3595 3221 etri-

1983 3262 2103 3325 bus,
2136 3276 2258 3315 cum
2290 3270 2366 3313 tot
2395 3260 2581 3325 armis,
2613 3274 2734 3328 quae
2762 3259 2833 3313 ab
2859 3274 2964 3313 una
2995 3258 3169 3328 puella
3216 3259 3592 3312 vincebantur.

1985 3353 2143 3408 Vides
2187 3357 2355 3422 ipsam
2395 3350 2583 3406 etiam'
2606 3348 2950 3404 alllictionem
2975 3364 3103 3402 eum
3129 3350 3358 3402 maxima
3393 3349 3594 3419 gloria-

1983 3448 2126 3502 tione
2154 3460 2275 3501 esse
2306 3444 2689 3513 conjunctam?
2719 3442 2823 3498 Vos
2850 3459 2982 3498 vero
3012 3442 3170 3497 nobis
3198 3451 3364 3497 testes
3403 3458 3593 3497 eorqu

1980 3543 2112 3596 estis
2137 3556 2259 3612 qum
2284 3540 2540 3594 diximus.
2572 3538 2706 3593 Cum
2730 3538 2873 3592 enim
2915 3536 3150 3591 nondum
3189 3536 3466 3591 mercedes
3495 3552 3593 3589 ne«

1980 3650 2083 3703 que
2114 3634 2329 3703 praemia
2354 3631 2656 3701 receperint
2687 3640 2973 3700 martyres,
3003 3644 3103 3685 nec
3129 3620 3509 3692 coronasised
3542 3630 3593 3683 in

1983 3725 2259 3795 pulverem
2290 3739 2353 3778 ac
2376 3725 2614 3779 cinerem
2664 3722 2911 3786 abierint,
2946 3737 3160 3777 summo
3201 3721 3379 3776 studio
3408 3722 3473 3775 ad
3495 3737 3592 3774 eo.

1982 3832 2099 3870 rum
2156 3815 2390 3869 honores
2437 3814 2811 3868 concurrimus
2836 3854 2851 3879 ,
2892 3828 2955 3866 ac
2998 3812 3267 3867 theatrum
3312 3813 3597 3881 spirituale

1982 3921 2361 3971 convocamus,
2392 3905 2626 3959 victores
2654 3920 2749 3958 eos
2780 3906 3172 3967 renuntiamus,
3196 3914 3250 3958 et
3274 3920 3598 3960 coronamus

1986 4009 2202 4069 propter
2229 3998 2471 4063 vulnera,
2522 3997 2858 4067 sanguinem,
2895 4004 3183 4060 tormenta,
3226 3998 3431 4067 plagas,
3462 3998 3598 4051 allii-

1982 4094 2189 4147 ctioues
2208 4092 2326 4146 illas
2342 4102 2395 4145 et
2416 4092 2688 4161 angustias
2720 4108 2734 4145 :
2767 4091 2844 4143 sic
2881 4090 2936 4143 lit
2968 4098 3025 4142 ut
3049 4098 3103 4143 et
3132 4090 3260 4158 ipsa:
3281 4088 3599 4143 afﬂictiottes

1984 4185 2359 4255 gloriationem
2388 4200 2540 4239 suam
2589 4184 2822 4237 habeant
2866 4182 2946 4235 vel
2989 4190 3113 4235 ante
3159 4182 3591 4236 retrilmtionem.

1985 4277 2168 4347 Cogita
2196 4285 2430 4345 quantus
2458 4276 2537 4328 vir
2581 4284 2721 4328 esset
2771 4284 2881 4327 tum
2925 4272 3184 4341 temporis
3228 4272 3446 4337 Paulus,
3470 4288 3593 4325 cum

1985 4385 2235 4424 carccrcs
2261 4369 2549 4432 habitaret,
2579 4376 2632 4421 et
2654 4365 2720 4419 ad
2748 4365 3034 4419 tribunalia
3076 4365 3401 4428 traheretur,
3442 4380 3601 4431 quam

1986 4461 2309 4529 conspicuus
2333 4499 2347 4523 ,
2389 4473 2548 4527 quam
2606 4457 2837 4511 celebris
2880 4466 2932 4510 et
2972 4455 3195 4508 illustris
3232 4455 3370 4521 apud
3409 4469 3600 4507 onines

1986 4563 2290 4623 appareret,
2321 4551 2589 4620 prarcipue
2635 4566 2762 4603 vero
2799 4547 2941 4617 apud
2991 4562 3106 4610 eos,
3140 4546 3390 4615 aquibus
3425 4561 3595 4613 oppu-

1987 4646 2247 4715 gnabatur
2278 4652 2331 4696 et
2362 4641 2569 4696 insidiis
2616 4638 2989 4708 appetebatur.
3017 4637 3120 4692 Sed
3152 4638 3278 4707 quid
3326 4652 3427 4705 ego
3470 4654 3593 4689 ωηο

1989 4737 2231 4805 spicuum
2265 4734 2571 4787 hominibus
2598 4748 2719 4785 eum
2759 4731 2920 4786 fuisse
2946 4731 3088 4792 dico,
3120 4728 3337 4798 qtiando
3364 4730 3445 4783 vel
3477 4731 3597 4799 ipsis

1990 4829 2324 4882 dte-monibus
2353 4837 2464 4879 tum
2498 4826 2665 4895 magis
2715 4823 2815 4877 fuit
2856 4822 3235 4887 formidabilis,
3268 4838 3391 4875 cum
3441 4823 3603 4891 virgis

1991 4920 2325 4975 eartlerctur‘!
2350 4919 2482 4973 Cum
2514 4932 2640 4971 vero
2666 4925 2810 4971 esset
2833 4917 2886 4970 in
2910 4915 3163 4977 vinculis,
3208 4930 3330 4968 eum
3383 4921 3601 4968 Ιι-ιιιΙΓιι-

1992 5013 2074 5081 gia
2122 5019 2430 5080 pateretur,
2475 5020 2585 5063 tum
2638 5008 2869 5061 maxima
2912 5006 3106 5061 edebat
3151 5006 3441 5068 miracula,
3496 5016 3607 5059 tum

1996 5105 2163 5174 magis
2210 5104 2549 5159 adversarius
2596 5112 2889 5171 potestates
2919 5099 3227 5168 superabat.
3256 5098 3391 5153 Cum
3441 5100 3600 5167 igitur

1996 5200 2160 5263 probe
2202 5206 2405 5259 nosset,
2456 5206 2715 5264 quantum
2742 5210 2806 5246 ex
2863 5193 2943 5246 bis
2986 5190 3369 5244 afﬂictionihm
3414 5192 3603 5243 auium:

1999 5290 2202 5340 lucrum
2253 5287 2553 5349 obveniret,
2595 5285 2807 5339 dicebat
2841 5300 2855 5340 :
2884 5282 3008 5337 Cum
3053 5282 3313 5348 iuﬁrmor,
3354 5291 3470 5334 tunc
3519 5301 3608 5350 po-

1996 5391 2103 5433 tens
2134 5396 2246 5433 sum
2278 5394 2293 5431 :
2323 5377 2519 5431 deinde
2550 5377 2696 5430 addit
2728 5393 2742 5428 :
2783 5374 2998 5444 Propter
3022 5374 3155 5441 quod
3198 5374 3372 5440 placeo
3401 5374 3523 5425 milii
3557 5373 3608 5423 in

1997 5472 2397 5539 infirmitatibus,
2445 5471 2497 5523 in
2542 5470 2878 5529 (Olllttiltttllb‘,
2914 5467 2963 5517 in
2992 5464 3392 5529 necessitatibus,
3424 5465 3473 5517 iu
3494 5480 3605 5533 per-

2065 5604 2078 5634 |
2110 5609 2209 5651 uss.
2241 5610 2364 5663 post,
2393 5599 2625 5664 caprinis.
2651 5598 2852 5664 addunt,
2880 5597 2927 5645 in
2954 5596 3287 5664 Stillltttlllllhltb'
3305 5603 3537 5664 errantes:
3566 5607 3607 5645 et

1999 5655 2255 5717 mmttiluts:
2274 5672 2317 5711 et
2344 5655 2578 5719 Corvi-itis,
2604 5670 2647 5711 et
2669 5670 2764 5710 tlllll
2782 5659 2822 5710 is
2848 5668 2983 5709 terra
3001 5694 3014 5718 ,
3037 5660 3179 5716 uulsi,
3204 5668 3408 5721 rgeutcs.
3432 5655 3600 5720 quibus

2009 5726 2182 5791 dignus
2208 5738 2300 5775 non
2325 5732 2425 5774 erat
2454 5725 2679 5773 orandus.
