4080 6400
538 309 646 373 ωδ

1278 310 1336 367 8.
1373 308 1655 366 JOANNIS
1688 306 2166 368 εειιιῐείλςτοιιι
2206 308 2521 367 nam.
2561 308 3099 369 (ὈΝΒΤΑΝΤΙΝΟΡ.

3726 310 3832 367 Ml

527 422 929 496 «potionibus,
968 424 1024 482 in
1060 422 1311 496 angustiis
1335 463 1351 490 ,
1391 431 1447 479 at
1484 422 1731 479 intrabit“
1771 425 1827 478 in
1851 438 1932 478 ista
1971 423 2131 479 sirtas
2240 437 2303 477 ac
2334 422 2495 478 variis
2522 422 2577 480 lu
2613 421 2823 479 deliciis
2849 423 3170 491 educantur,
3200 439 3319 495 quia
3366 424 3618 482 milibus
3661 428 3797 480 vesti
3814 455 3839 495 ο,

528 514 720 571 Christi
746 514 965 585 (2.60:.
981 514 1070 576 ιι.
1094 514 1182 571 l0.
1215 512 1295 585 9).
1319 512 1525 571 Idcirco
1539 524 1707 571 etiam
1732 529 1856 571 eum
1872 514 1940 570 ad
1960 529 2124 586 quoa-

525 608 651 662 dam
695 602 1231 666 Corinthi
1272 604 1552 677 degentes.
1601 614 1658 663 et
1686 604 1740 662 in
1768 622 1862 666 eos
1900 604 2122 662 invehe-

526 710 697 766 retur,
718 702 810 770 qut
826 696 898 753 de
923 697 1282 768 "magniﬁce
1305 697 1631 764 sentiebant,
1654 697 1789 753 alios
1816 711 1947 753 vero
1969 695 2122 752 dam-

527 791 748 853 nabunt.
772 786 1019 858 epistola:
1064 787 1293 844 formam
1337 789 1651 859 exprimens
1690 787 1869 855 labia,
1897 797 2119 844 coactu

527 889 611 935 est
624 893 844 935 suorum
863 886 1010 935 recte
1032 876 1296 935 laetorum
1317 879 1605 951 imaginem
1622 878 1936 951 depingere,
1958 879 2123 951 idque

528 986 634 1025 non
658 985 724 1024 es
752 970 937 1041 signis,
970 985 1077 1026 non
1118 985 1188 1027 ex
1223 970 1516 1037 miraculis,
1534 983 1640 1024 non
1664 983 1732 1026 es
1762 968 1989 1037 honore,
2012 985 2121 1028 non

524 1078 590 1120 es
623 1062 854 1129 deliciis,
901 1061 997 1118 sed
1037 1077 1103 1118 cx
1147 1060 1476 1126 carceribus,
1503 1076 1572 1118 ea
1591 1060 1831 1132 iudiciis,
1854 1076 1921 1117 es
1949 1060 2116 1131 fante,

524 1168 586 1206 ex
616 1152 811 1223 frigore
830 1168 932 1218 ,ex
974 1152 1149 1217 bellis,
1178 1165 1245 1207 ex
1269 1151 1499 1221 insidiis,
1528 1152 1791 1222 ejusmodi
1818 1152 1999 1209 verbis
2026 1168 2122 1210 eos

524 1245 807 1316 alloquens
848 1262 864 1299 :
905 1243 1131 1298 ministri
1184 1241 1375 1299 Christi
1416 1254 1568 1312 sunt,
1611 1254 1667 1299 at
1700 1245 1871 1300 minus
1917 1247 2121 1318 sapiens

530 1338 662 1401 dico,
694 1336 807 1407 plus
823 1352 936 1410 ego,
967 1347 1023 1393 et
1051 1336 1294 1394 indicans
1327 1338 1455 1394 illud
1501 1338 1654 1404 Plus,
1683 1349 1739 1395 et
1780 1340 1831 1396 in
1861 1355 1969 1412 quo
1986 1342 2120 1396 emi-

527 1438 700 1495 neret,
721 1427 914 1499 inquit,
946 1426 1013 1483 In
1040 1429 1296 1484 laboribus
1309 1431 1552 1501 «περιίδω,
1571 1431 1625 1486 iu
1661 1431 2120 1487 carceribasaban.

527 1521 750 1583 dantius,
782 1521 835 1575 iu
862 1523 1029 1593 plagis
1057 1539 1215 1591 supra
1238 1524 1547 1589 modumin
1579 1526 1819 1581 mortibus
1833 1529 2121 1598 frequenter

526 1614 612 1683 (Ξ.
627 1614 744 1668 Cor.
766 1615 856 1671 Η.
878 1614 1005 1684 23),
1023 1624 1078 1670 ct
1095 1632 1215 1686 qute
1235 1630 1531 1690 sequuntur
1557 1636 1569 1671 :
1603 1617 1662 1674 Si
1677 1618 1886 1689 gloriari
1900 1629 2115 1690 oportet,

527 1705 582 1759 in
602 1704 665 1759 iis
689 1722 801 1774 qua:
815 1706 1127 1775 infirmitatis
1142 1724 1267 1763 mea!
1284 1717 1401 1763 sunt
1412 1708 1747 1781 αἱρήσων-(2.
1760 1709 1879 1764 Cora
1896 1710 1982 1766 ll.
2000 1711 2119 1781 30).

593 1797 773 1853 Gloria
798 1798 1108 1867 voluptatem
1134 1798 1306 1866 alert.
1350 1798 1631 1855 Prcmium
1648 1803 1904 1872 justoruut
1943 1808 1995 1857 iu
2023 1805 2120 1858 hac

526 1890 648 1941 vita.
677 1886 935 1943 --V'ides
962 1903 1087 1943 eum
1117 1888 1172 1944 in
1223 1888 1309 1944 bis
1362 1891 1533 1946 multo
1576 1893 1807 1961 amplius
1861 1894 2116 1964 gloriari,

522 1995 681 2049 quam
704 1978 776 2035 ob
812 1979 1118 2050 splendidas
1144 1995 1375 2036 coronas
1418 1982 1518 2037 sibi
1550 1984 1762 2053 placere
1783 2027 1797 2049 ,
1849 1994 2010 2055 atque
2035 1985 2117 2041 id-

521 2073 667 2125 eirco
694 2071 906 2134 dicere,
960 2070 1081 2125 Non
1126 2072 1292 2126 solum
1318 2084 1509 2138 autem,
1550 2074 1639 2128 sed
1666 2086 1713 2128 et
1738 2077 2021 2147 gloriamur
2065 2079 2118 2132 iu

520 2163 978 2218 tribulatibuibus?
999 2163 1134 2230 Quid
1164 2172 1248 2219 est
1269 2173 1446 2219 autem
1502 2165 1629 2220 illud
1655 2205 1671 2232 ,
1729 2165 1851 2221 Non
1899 2171 2062 2223 solum
2093 2171 2118 2225 .’

526 2260 639 2313 Non
662 2256 855 2318 solum,
890 2256 1080 2325 inquit,
1113 2271 1219 2310 non
1238 2256 1474 2312 animum
1493 2258 1886 2327 despondentes
1909 2260 2112 2331 nillicti,

523 2346 779 2408 aerumnis
819 2349 1086 2416 oppressi,
1115 2347 1209 2403 sed
1240 2358 1507 2419 tamquam
1551 2350 1811 2420 majorem
1840 2351 1906 2405 ad
1940 2352 2110 2407 hono-

522 2454 633 2493 rem
658 2438 995 2510 gloriamque
1020 2441 1278 2510 provecti,
1308 2442 1603 2512 gloriamur
1618 2443 1791 2511 potius
1812 2445 1977 2510 obca,
1997 2460 2117 2516 quas

528 2530 683 2586 nobis
708 2533 1047 2601 contingunt,
1078 2532 1441 2589 incommoda.
1490 2533 1692 2590 Deinde
1720 2536 1970 2606 quoniam
2002 2553 2117 2591 ma-

526 2625 719 2678 simam
746 2626 873 2679 oriri
896 2626 1142 2695 gloriam,
1173 2625 1388 2681 laudem
1415 2636 1467 2681 et
1484 2626 1824 2696 jactationem
1855 2645 1922 2684 ex
1951 2630 2119 2685 tribu-

522 2715 808 2773 lationibus
830 2717 988 2784 dixit,
1019 2717 1243 2787 gloriatr
1274 2734 1404 2774 vero
1440 2730 1646 2774 certum
1675 2729 1759 2775 est
1790 2721 2111 2790 voluptatem

518 2810 741 2867 alferrc:
771 2812 857 2864 ubi
879 2811 1023 2867 enim
1051 2812 1296 2884 voluptas
1325 2822 1428 2879 est,
1458 2815 1680 2867 omnino
1704 2824 1787 2870 est
1815 2815 1975 2869 etiam
1992 2816 2111 2886 glo-

522 2902 597 2954 ria
622 2917 636 2953 :
670 2901 763 2955 ubi
792 2916 919 2955 vero
945 2901 1068 2955 talia
1091 2901 1283 2971 gloria,
1308 2902 1379 2957 ibi
1403 2902 1622 2957 omnino
1646 2912 1733 2958 est
1762 2903 1923 2959 etiam
1955 2905 2111 2959 volu-

521 3001 678 3061 ptas:
714 2999 995 3061 postquam
1018 2990 1179 3061 igitur
1206 2988 1369 3061 afﬂigi
1391 2991 1729 3061 Splendidum
1757 2993 1885 3063 quid
1905 3002 1961 3048 et
1985 2993 2111 3050 illu-

519 3091 778 3137 streesse
825 3081 1252 3148 demonstravit,
1298 3091 1356 3137 et
1396 3083 1729 3151 gloriationis
1774 3099 2113 3142 occasuonem

518 3170 733 3238 all’erre,
758 3172 923 3227 alium
939 3174 1059 3241 ejus
1076 3171 1330 3227 ell'ectum
1352 3174 1640 3229 maximum
1658 3185 1839 3231 narrat
1864 3174 2117 3232 fructum-

523 3279 627 3334 que
656 3280 925 3318 summum
950 3278 1015 3317 ac
1037 3263 1379 3334 stupendum.
1414 3264 1644 3331 Quisille
1663 3280 1825 3336 porro
1841 3268 1912 3323 sit
1929 3269 2111 3325 videa-

516 3370 654 3409 mus.
685 3355 914 3409 Scieutes
939 3354 1117 3425 igitur,
1139 3356 1340 3426 inquit,
1365 3356 1501 3426 quod
1529 3357 1788 3413 tribulatio
1818 3361 2111 3430 patiemini

514 3452 773 3512 operatur,
820 3445 1064 3514 patientia
1113 3455 1281 3499 autem
1333 3445 1696 3516 probationem,
1727 3450 1955 3519 probatio
1996 3467 2112 3507 vero

510 3550 689 3602 spem,
739 3550 852 3604 spes
892 3546 1061 3590 autem
1104 3552 1204 3591 non
1244 3539 1510 3607 confundit
1560 3540 1759 3610 (Rom.
1791 3543 1843 3596 5.
1893 3544 1928 3597 5
1958 3573 1981 3585 ο
2006 3545 2039 3599 5
2068 3548 2107 3614 ).

510 3623 647 3691 Quid
673 3634 776 3689 est,
810 3624 1037 3680 Scientes
1063 3628 1200 3698 quod
1235 3628 1493 3683 tribulatio
1548 3631 1846 3701 patientiam
1874 3633 1955 3703 (a)
1985 3649 2109 3703 ope-

515 3715 695 3769 ratur!
728 3714 878 3769 llunc
906 3719 1197 3773 maximum
1224 3719 1452 3775 fructum
1474 3719 1657 3785 habet,
1677 3724 1816 3793 quod
1838 3724 2107 3780 hominem

512 3802 769 3858 amictum
815 3806 1171 3864 robustiorem
1229 3810 1424 3867 reddit.
1474 3811 1608 3867 Nam
1658 3815 2109 3881 quemadmodum

508 3894 749 3960 arbores,
780 3912 899 3965 qua:
948 3900 1001 3953 in
1047 3899 1313 3955 umbrosis
1358 3916 1422 3957 ac
1468 3915 1753 3959 ventorum
1800 3908 2109 3975 expertibus

514 3983 892 4052 iocisaluntur,
920 4003 1042 4043 cum
1068 4000 1287 4045 externa
1306 3994 1485 4062 specie
1510 4010 1764 4065 prospere
1783 3999 2105 4067 germinent,

513 4073 701 4129 molles
720 4076 852 4131 liunt
875 4087 1036 4150 atque
1063 4078 1324 4151 iungosm,
1356 4090 1410 4136 et
1442 4082 1601 4139 facile
1648 4089 1841 4155 quovis
1892 4079 2106 4145 incursu

512 4169 811 4235 laeduntur;
842 4187 961 4242 qum
989 4186 1116 4227 vero
1159 4173 1211 4227 in
1249 4176 1477 4230 excelsis
1508 4179 1769 4232 montium
1819 4181 2108 4237 verticibus

513 4262 627 4315 sitm
654 4272 779 4316 sunt
803 4305 819 4329 ,
848 4279 876 4316 a
924 4266 1103 4319 multis
1134 4268 1448 4336 magnisque
1474 4270 1649 4323 ventis
1673 4269 1941 4340 agitantur
1962 4313 1978 4337 ,
2028 4274 2110 4328 in-

514 4353 828 4421 temperiem
856 4356 992 4408 aeris
1012 4356 1224 4411 assidue
1247 4356 1438 4423 ferunt,
1456 4362 1767 4429 gravissima
1787 4372 2107 4434 tempestate

515 4444 813 4511 pulsantur,
846 4455 895 4500 et
924 4447 1089 4501 multa
1122 4448 1244 4502 nive
1275 4448 1556 4517 feriuntur,
1587 4450 1731 4508 ferro
1773 4455 1963 4524 quovis
2012 4472 2101 4511 ro-

511 4536 779 4591 bnstiores
802 4535 1073 4590 evadunt:
1106 4538 1217 4607 pari
1251 4540 1457 4597 ratione
1478 4557 1727 4614 corpora,
1755 4560 1875 4615 quae
1924 4544 2104 4601 multis

570 4711 649 4773 (a)
684 4718 800 4775 tteg.
830 4718 982 4760 totum
1003 4712 1159 4763 relcrt
1178 4714 1305 4765 Pauli
1332 4714 1505 4767 loutm.

2233 514 2433 571 mentis
2460 525 2743 582 ornantur,
2774 530 2895 588 qua:
2919 515 3192 572 continuis
3215 515 3421 571 balneis
3447 525 3505 571 et
3542 518 3829 587 unguentis

2231 615 2476 673 utuntur,
2504 606 2794 664 acdiversi
2842 609 3061 679 generis
3111 608 3383 664 alimentis
3434 617 3631 679 praeter
3673 623 3828 662 usum

2228 697 2595 753 necessarium
2632 696 2863 755 delicate
2891 699 3176 765 fruuntur,
3227 713 3447 769 ixrot'stts
3490 697 3559 755 ad
3600 698 3827 755 sudet-ea

2230 786 2550 859 laboresque
2568 804 2671 859 pro
2690 789 2949 861 religione
2972 789 3284 847 subeundos
3313 789 3521 846 inutilia
3578 788 3822 845 reddun-

2228 885 2336 944 tur,
2364 879 2708 951 masintoque
2728 880 2991 951 supplicio
3014 890 3142 939 sunt
3167 879 3437 936 obowsia‘.
3462 880 3543 935 sie
3570 880 3829 935 nimirum

2225 977 2283 1024 et
2304 970 2520 1035 anim,
2547 985 2672 1041 quas
2696 972 3033 1027 miseriarum
3055 981 3334 1042 expertem
3381 970 3547 1027 vitam
3574 969 3782 1028 dicunt
3808 1011 3826 1034 ,

2225 1077 2347 1132 qua:
2365 1061 2583 1120 deliciis
2603 1062 2849 1126 afﬂuunt,
2880 1078 3002 1132 quas
3025 1063 3253 1119 libenter
3279 1061 3636 1132 pratentibus
3663 1063 3827 1118 rebus

2227 1163 2350 1208 sunt
2384 1152 2583 1209 dedita
2609 1192 2628 1221 ,
2676 1168 2741 1209 ac
2784 1154 2949 1209 vitam
2976 1152 3179 1209 doloris
3203 1162 3483 1224 expertem
3531 1152 3832 1225 pra-ferunt

2225 1241 2605 1300 afﬂictionibus
2644 1258 2744 1317 pro
2791 1259 2959 1316 regno
3007 1245 3269 1301 calorum
3315 1258 3466 1301 more
3514 1254 3822 1301 sanctor-tun

2224 1336 2464 1390 omnium
2488 1334 2809 1404 subeundis,
2835 1350 2960 1391 cera
2979 1335 3168 1406 quavis
3193 1335 3469 1392 molliores
3487 1344 3542 1391 et
3576 1334 3827 1392 lubet-ilo

2227 1425 2387 1481 liores
2414 1425 2637 1491 eﬂectte,
2674 1426 2781 1497 igni
2805 1426 3058 1497 pabulum
3075 1434 3413 1496 exponuntur
3436 1435 3677 1493 astet-no;
3703 1441 3826 1497 qtae

2227 1533 2355 1574 vero
2380 1518 2631 1589 periculis
2654 1560 2670 1585 ,
2705 1519 2981 1575 laboribus
3004 1530 3062 1575 et
3088 1520 3345 1574 aerumnis
3370 1518 3675 1577 alﬂictionia
3727 1521 3821 1576 Dei

2224 1625 2382 1666 causa
2407 1610 2699 1666 tolerandae
2723 1621 2849 1667 sunt
2872 1612 3157 1682 expositzn,
3202 1624 3366 1682 atque
3414 1612 3466 1667 ln
3519 1612 3649 1684 ipsis
3686 1628 3827 1668 euu-

2226 1703 2383 1765 tritte,
2414 1700 2559 1758 ferro
2587 1703 2706 1774 ipso
2735 1702 2816 1759 vel
2844 1703 3129 1759 adamante
3157 1702 3443 1758 solidiores
3472 1704 3605 1759 nunt
3642 1719 3708 1759 ac
3735 1720 3825 1775 ge-

2226 1794 2551 1857 nerosiores,
2582 1802 2638 1850 et
2667 1809 2734 1849 ex
2758 1809 2825 1849 eo
2852 1794 2994 1865 quod
3023 1795 3237 1850 assidue
3264 1804 3543 1859 vexentur,
3591 1794 3822 1866 inexpu-

2223 1884 2465 1953 gnabiles
2490 1884 2811 1940 adversariis
2832 1885 3151 1951 redduntur,
3179 1896 3234 1942 et
3250 1886 3508 1941 invictum
3530 1888 3821 1955 quemdam

2225 1977 2493 2045 patimtiu:
2512 1991 2575 2031 ac
2604 1977 2931 2033 fortitudinis
2952 1978 3190 2033 habitum
3220 1982 3523 2049 acquirunt.
3544 1980 3607 2035 Et
3633 1995 3822 2051 quein-

2222 2067 2509 2123 admodum
2538 2069 2597 2133 ii,
2631 2070 2869 2138 quicum
2920 2070 3152 2140 primum
3197 2072 3376 2126 navim
3423 2071 3817 2135 conscendunt,

2224 2166 2485 2213 nauseant
2514 2166 2568 2214 et
2592 2160 2784 2229 capitis
2820 2163 3081 2232 vertigine
3107 2161 3351 2217 laborant
3392 2162 3586 2216 turbati
3632 2177 3697 2219 ac
3740 2161 3821 2215 ia-

2223 2248 2382 2303 5tidio
2411 2251 2643 2329 correpti
2670 2268 2685 2303 ε
2714 2251 2805 2321 qui
2836 2267 2963 2306 vero
2996 2253 3161 2307 multa
3191 2252 3456 2322 longaque
3481 2253 3647 2307 maria
3692 2264 3821 2308 sunt

2217 2339 2447 2405 emensi,
2479 2340 2568 2411 qtti
2593 2342 2789 2396 millies
2831 2356 2890 2397 se
2936 2342 3188 2398 ﬂuctibus
3228 2342 3485 2398 audacter
3529 2344 3824 2399 contmise-

2221 2444 2363 2494 runt,
2393 2441 2446 2487 et
2467 2435 2655 2489 crebra
2676 2444 2801 2490 sunt
2826 2436 2965 2505 passi
3004 2436 3301 2505 naufragia,
3330 2436 3820 2507 peregrinationem

2220 2524 2484 2592 ejusmodi
2515 2524 2853 2580 conﬁdenter
2903 2526 3319 2595 aggrediuntur:
3351 2528 3429 2583 sic
3460 2528 3711 2582 nimirum
3762 2536 3823 2582 et

2220 2618 2421 2682 anima,
2453 2632 2573 2686 quae
2594 2616 2791 2673 multas
2818 2620 3074 2682 sustinuit
3105 2622 3429 2677 tontationes
3451 2661 3467 2686 ,
3517 2631 3570 2674 et
3595 2635 3820 2691 magnas

2221 2708 2441 2777 pertulit
2460 2707 2799 2778 afﬂictiones,
2828 2710 3106 2767 laboribus
3124 2710 3380 2782 deinceps
3407 2714 3731 2779 assuefacta,
3764 2723 3820 2768 et

2218 2802 2333 2873 sibi,
2349 2812 2664 2873 comparato
2688 2804 2873 2859 habitu
2899 2804 3191 2875 patientiae,
3215 2819 3321 2861 non
3352 2806 3583 2876 amplius
3605 2815 3689 2861 est
3704 2822 3825 2861 me-

2220 2893 2469 2961 ticulosa,
2509 2909 2608 2949 nec
2637 2896 2934 2952 terroribus
2982 2896 3247 2964 obnoxia,
3299 2912 3401 2954 nec
3447 2897 3823 2969 ingruentibus

2219 2985 2373 3039 malis
2401 2986 2647 3041 turbatur
2669 3004 2683 3039 :
2713 2986 2806 3041 sed
2823 2985 3039 3041 assidua
3051 3002 3231 3043 rerum
3246 3003 3367 3058 quas
3387 2988 3639 3043 accidunt
3660 3003 3825 3045 eser-

2219 3076 2492 3142 citatione,
2522 3091 2585 3131 ac
2610 3076 2873 3149 frequenti
2902 3090 3125 3133 casuum
3157 3079 3509 3135 meditatione
3539 3078 3817 3145 roborata,

2218 3179 2569 3236 quascumque
2595 3166 2877 3238 insurgunt
2903 3168 3241 3224 incommoda
3274 3169 3381 3225 fert
3401 3170 3671 3227 facillime.
3704 3170 3823 3229 lloc

2222 3256 2403 3325 itaque
2431 3257 2631 3325 peritus
2658 3257 2746 3313 ille
2772 3259 3004 3313 carlestis
3033 3261 3461 3315 conversationis
3489 3261 3821 3318 architectus

2219 3345 2461 3401 indicans
2490 3346 2739 3402 dicebat:
2770 3347 2891 3401 Non
2920 3348 3085 3403 solum
3108 3360 3300 3416 autem,
3332 3349 3423 3405 sed
3448 3360 3497 3405 et
3524 3352 3816 3423 gloriamur

2216 3437 2268 3491 in
2290 3438 2699 3510 tribulationibus
2726 3456 2745 3494 :
2774 3442 3028 3511 quoniam
3054 3452 3179 3498 ante
3206 3445 3354 3513 regni
3381 3458 3819 3516 coronarumque

2214 3526 2515 3583 calestium
2546 3527 2887 3601 adeptionem
2918 3534 3212 3588 maximum
3258 3533 3385 3588 hinc
3415 3536 3691 3605 praemium
3723 3552 3820 3591 re-

2218 3628 2491 3687 portamus
2514 3661 2530 3686 ,
2582 3620 2707 3676 dum
2752 3637 2850 3694 per
2874 3624 3120 3680 assiduas
3144 3623 3463 3681 afﬂictiones
3494 3627 3819 3684 tolerantior

2216 3713 2389 3766 anima
2421 3722 2603 3767 nostra
2631 3714 2895 3780 redditur,
2949 3724 3005 3770 et
3032 3716 3169 3771 ratio
3198 3716 3387 3773 fortior
3438 3718 3636 3775 evadit.
3688 3718 3819 3777 [Luc

2216 3804 2376 3873 igitur
2394 3805 2574 3859 omnia
2600 3822 2723 3861 cum
2748 3806 2900 3862 nobis
2924 3808 3195 3878 esplorata
3242 3809 3347 3864 sint
3371 3850 3390 3877 ,
3438 3810 3770 3865 dilectissimi
3800 3855 3817 3877 ,

2212 3909 2471 3965 generose
2515 3912 2866 3967 quaecumque
2908 3898 3157 3954 accidunt
3208 3900 3434 3957 adversa
3465 3904 3759 3958 toleremus
3797 3944 3817 3971 ,

2213 3984 2377 4054 quod,
2402 4000 2523 4039 cum
2546 3989 2614 4040 ita
2642 3988 2751 4042 Deo
2775 3989 2945 4043 visum
2971 3989 3151 4057 fuerit,
3182 3991 3247 4046 ad
3271 3993 3552 4049 utilitatem
3572 4002 3817 4050 nostram

2214 4076 2265 4130 id
2299 4076 2407 4140 ﬂat,
2442 4093 2619 4148 neque
2644 4095 2793 4149 spem
2824 4081 3161 4151 abjiciamns,
3192 4099 3292 4139 nec
3321 4085 3514 4140 animis
3558 4087 3818 4142 concida-

2214 4183 2352 4234 mus,
2378 4169 2730 4226 afllictionum
2755 4172 3109 4243 impressione
3142 4178 3413 4245 prostrati,
3461 4178 3555 4232 sed
3604 4178 3818 4234 fortiter

2214 4268 2419 4314 stantes
2446 4276 2547 4331 pro
2577 4263 2787 4317 collatis
2816 4264 2867 4318 in
2898 4278 2997 4319 nos
3025 4264 3303 4321 beneﬁciis
3331 4277 3589 4339 perpetuo
3614 4270 3815 4339 gratias

2218 4349 2327 4404 Deo
2352 4364 2593 4420 agamus,
2622 4364 2683 4408 ut
2706 4366 2759 4409 et
2786 4358 3140 4425 praesentibus
3170 4359 3412 4415 fruamur
3442 4361 3598 4416 bonis
3642 4372 3696 4417 et
3737 4362 3815 4417 fu-

2215 4449 2329 4495 tura
2359 4440 2498 4496 dona
2529 4459 2942 4516 consequamur,
2974 4452 3167 4519 gratia,
3197 4451 3561 4508 misericordia
3586 4492 3603 4516 ,
3630 4464 3683 4509 et
3714 4453 3815 4510 be-

2214 4531 2470 4600 nignitate
2498 4534 2706 4591 Domini
2738 4539 2905 4594 nostri
2934 4539 3059 4596 Jesu
3086 4540 3284 4597 Christi
3310 4583 3327 4609 ,
3353 4558 3475 4598 cum
3517 4559 3625 4616 quo
3665 4546 3815 4604 Patri

2211 4624 2379 4692 gloria
2400 4632 2459 4681 et
2480 4626 2785 4698 imperium,
2808 4631 3075 4703 simulque
3099 4644 3287 4689 sancto
3308 4650 3373 4689 ac
3406 4637 3619 4693 vivitico
3640 4638 3817 4707 Spiri-

2213 4714 2309 4781 tui,
2339 4730 2483 4773 nunc
2504 4728 2555 4774 et
2588 4734 2826 4791 semper,
2852 4730 2907 4778 et
2933 4723 2984 4779 in
3014 4724 3209 4780 saecula
3242 4726 3581 4782 sa'culorum.
3614 4729 3809 4787 Amen.
