4080 6466
3548 374 3649 428 166

3084 479 3615 508 ===9F==r==

358 378 477 435 165
1022 372 1093 429 ιΝ
1134 372 1363 441 ILLUD,
1410 372 1823 431 DIUGENTIB.
1874 372 2065 431 DEUH
2104 372 2321 428 OMNIA
2360 372 2562 429 COOP.
2605 371 2672 427 ΙΝ
2714 370 2974 427 BONUM.

2062 498 2465 508 _—_———

633 482 925 495 *α

2479 480 3255 507 ω

669 497 1005 508 —.——-————-——

1012 497 1306 515 4η-

844 630 1123 692 SCIMUS
1164 629 1424 692 AU’I‘EM
1467 630 1812 703 QUONIAM
1858 628 2395 692 DILIGENTIBUS
2433 628 2647 690 DEUM
2703 627 2977 702 OMNIA,
3024 644 3159 689 ETC.

360 776 736 848 usurpaverit.
763 773 818 831 ld
846 792 953 833 nou
982 793 1209 848 prorsus
1239 778 1491 833 absimile
1520 794 1651 834 vero
1686 780 1940 845 videtur;
1974 777 2069 834 sed
2104 792 2231 833 cum
2258 776 2691 848 Cbrysostomus
2724 775 3029 830 Antiochiae
3060 772 3379 844 frequenter
3408 772 3645 827 adversa

362 870 683 924 valetudine
731 868 1089 933 laboraverit,
1114 880 1175 926 ut
1217 886 1283 926 ex
1328 872 1517 927 multis
1561 873 1681 942 ejus
1723 874 1967 928 homiliis
2014 873 2286 944 arguitur,
2318 883 2372 928 et
2422 872 2665 942 alioquin
2696 871 2886 925 eadem
2938 870 2993 924 in
3033 868 3168 925 urbe
3198 867 3505 923 Antiochiae
3538 879 3647 919 non

362 965 537 1018 Ino-lo
569 963 859 1033 promotis.
891 962 986 1017 sed
1020 965 1187 1018 etiam
1227 965 1526 1020 conciones
1548 965 1814 1035 integras,
1846 973 2194 1030 retractatae,
2224 973 2279 1019 et
2322 978 2616 1035 parumper
2661 968 2935 1026 mutatas,
2966 956 3364 1015 intercurrente
3405 956 3649 1028 quodam

359 1070 640 1111 annorum
670 1055 872 1124 spatio,
897 1064 1140 1125 repetere
1170 1056 1365 1111 solitus
1390 1056 1481 1121 sit,
1513 1065 1572 1135 u_t
1600 1056 1713 1125 jam
1753 1070 1899 1126 sape
1939 1056 2218 1110 vidimus:
2254 1054 2387 1109 nihil
2435 1052 2609 1107 ofllcit
2640 1052 2963 1122 quominus,
3007 1051 3155 1121 quod
3210 1065 3356 1105 anno
3397 1048 3503 1104 387
3538 1050 3651 1101 An-

360 1145 589 1201 tiochia:
618 1147 948 1215 prommium
981 1146 1217 1213 dixerat,
1248 1147 1456 1217 aliquot
1475 1155 1663 1216 postea
1697 1147 1902 1217 elapsis
1930 1147 2111 1212 annis,
2138 1145 2332 1201 morbo
2368 1145 2559 1215 aliquo
2593 1146 2745 1213 (nam
2783 1140 3099 1212 frequenter
3131 1141 3469 1213 tgrotalvat)
3500 1139 3651 1196 leva-

358 1250 478 1305 tus,
509 1239 653 1295 idem
686 1240 867 1309 ipsum
896 1241 1085 1295 eadem
1114 1241 1168 1295 in
1201 1242 1337 1297 urbe
1362 1250 1656 1311 repeteret.
1682 1239 1863 1295 Potuit
1905 1240 2073 1309 igitur
2120 1237 2443 1302 Antiochiae,
2479 1238 2654 1306 potuit
2696 1243 2749 1291 et
2783 1232 3256 1306 Constantinopoli
3297 1233 3438 1290 hanc
3471 1232 3654 1290 homi-

362 1330 500 1386 liatu
533 1330 739 1386 habere
765 1348 779 1385 :
819 1332 875 1385 in
902 1340 1025 1386 utra
1060 1341 1244 1387 autem
1276 1331 1412 1388 urbe
1446 1332 1722 1398 habuerit,
1750 1346 1859 1386 non
1891 1330 1965 1385 ita
2008 1330 2167 1385 facile
2198 1339 2283 1385 est
2312 1327 2592 1399 augurari.

439 1422 825 1496 lnterpretatio
846 1424 1043 1481 Latina
1069 1436 1154 1482 est
1177 1424 1471 1482 Frontonis
1505 1427 1708 1483 Docui.

1907 1549 2294 1565 ——-—-——_—

888 1564 1124 1571 ‘,._f-—_-_..

2314 1546 2364 1557 οι-

340 1656 411 1697 13
459 1654 702 1698 ωοτωι
736 1654 924 1697 ιιιυυ
967 1654 1291 1710 Αροετου,
1345 1652 1568 1699 DCIII}!
1614 1649 1856 1703 AUTEI,
1885 1648 1924 1701 Ω

2039 1642 2175 1685 ιιΑκ
2220 1639 2669 1683 υιιιακκτιους
2728 1640 2905 1684 υιυκ
2965 1643 3168 1687 οωκιΑ
3200 1646 3664 1694 COOPEIANTUI

432 1757 492 1802 ts
522 1757 743 1801 nono!
788 1739 807 1819 (
838 1740 1016 1801 Rom.
1049 1737 1110 1800 8.
1142 1738 1223 1800 28
1246 1738 1292 1818 ),
1334 1755 1415 1797 ιτ
1442 1754 1524 1797 ne
1564 1746 1929 1800 mrtem-tt,
1988 1744 2067 1785 er
2111 1739 2421 1794 quamvis
2451 1738 2709 1785 Lucanis
2742 1742 2826 1783 ex
2854 1740 3433 1791 rntneu'rtomnus
3467 1748 3667 1794 oau—

429 1859 559 1902 τυι
604 1840 714 1921 (α).

1775 1944 2222 1986 ιγπηττπ-ση

417 2096 469 2151 t.
497 2095 843 2167 Cbrysostonii
878 2113 1027 2151 arnor
1068 2112 1189 2167 erga
1228 2112 1346 2151 suos
1388 2096 1665 2150 auditores.
1700 2092 1941 2149 Caritatis

333 2187 563 2241 debitum
584 2204 862 2259 umquam
897 2189 1129 2242 soluitur.
1158 2217 1228 2230 -—-
1256 2188 1421 2255 Quasi
1449 2187 1610 2257 longo
1636 2188 1844 2241 veniam
1876 2186 1941 2239 ad

337 2293 443 2333 vos
471 2280 770 2345 intervallo,
801 2281 879 2334 sic
904 2280 1158 2336 affectum
1200 2279 1463 2335 hodierno
1491 2281 1581 2335 die
1618 2296 1706 2335 me
1744 2279 1937 2334 sentio.

331 2370 673 2442 Quamquam
716 2374 859 2427 enim
908 2373 1071 2427 domo
1112 2373 1399 2427 conclusus
1442 2381 1662 2442 propter
1701 2371 1942 2438 corporis

332 2462 704 2519 infirmitatem
732 2464 1019 2520 manebam
1048 2482 1060 2516 :
1092 2473 1269 2519 tamen
1310 2464 1534 2535 perinde
1560 2463 1715 2533 quasi
1745 2463 1940 2517 alicubi

331 2550 526 2619 [mal
550 2566 581 2605 a
610 2561 786 2608 vestra
818 2554 1043 2608 caritate
1072 2554 1365 2609 translatus
1398 2552 1649 2624 degerem
1670 2594 1685 2620 ,
1713 2554 1791 2607 sic
1820 2553 1939 2607 ani-

330 2656 429 2697 mo
466 2640 765 2699 afticiebar.
794 2643 897 2713 Qui
927 2644 1074 2699 enim
1124 2643 1337 2699 sincere
1361 2642 1587 2713 diligere
1617 2643 1791 2707 novit,
1816 2657 1939 2697 cum

330 2732 391 2787 il
437 2747 787 2804 congressum
816 2735 1004 2791 venire
1048 2749 1153 2789 non
1194 2735 1351 2789 datur
1396 2736 1517 2804 ejus
1551 2750 1710 2805 quem
1741 2733 1939 2803 diligit,

326 2826 576 2898 quamvis
614 2826 861 2882 eamdem
908 2827 1098 2883 urbem
1133 2826 1361 2892 incolat,
1386 2842 1493 2881 non
1524 2826 1683 2882 aliter
1704 2826 1941 2881 afﬁcitur

328 2931 398 2973 ae
434 2917 480 2972 si
521 2918 575 2972 in
618 2918 791 2973 aliena
839 2919 1061 2989 regione
1091 2926 1418 2974 versaretur.
1456 2917 1569 2973 Hoc
1607 2926 1811 2971 norunt
1845 2918 1937 2988 qni

330 3024 462 3065 vere
506 3010 758 3082 diligunt.
804 3012 1073 3083 Ignoscite
1114 3012 1275 3081 igitur
1324 3011 1517 3075 nobis,
1569 3025 1753 3081 quaaso
1782 3026 1796 3061 :
1830 3024 1938 3065 non

327 3103 476 3157 enim
508 3118 575 3158 ex
617 3105 941 3175 negligentia
981 3113 1162 3159 nostra
1208 3104 1479 3172 separatio
1504 3104 1603 3158 ista
1630 3114 1808 3158 ortum
1837 3102 1938 3157 ha-

327 3192 466 3261 buit,
495 3194 591 3249 sed
625 3194 823 3249 silentii
862 3209 1081 3249 causam
1124 3193 1408 3249 infirmitas
1444 3194 1689 3263 corporis
1724 3193 1926 3249 attulit.

327 3288 408 3339 Ac
429 3300 525 3339 vos
546 3285 764 3354 quidem
793 3284 1028 3355 gaudere
1056 3299 1201 3341 nunc
1226 3299 1415 3339 omnes
1442 3285 1575 3343 scio.
1604 3283 1747 3354 quod
1774 3285 1933 3354 egri-

328 3375 567 3430 tudinem
598 3375 1011 3445 deposuerimus
1048 3392 1062 3429 :
1095 3391 1195 3446 ego
1233 3390 1362 3430 vero
1390 3374 1601 3445 gaudeo
1639 3390 1745 3428 non
1772 3374 1935 3428 modo

324 3467 470 3536 quod
497 3465 875 3537 aegritudinem
901 3464 1267 3535 deposuerim,
1297 3465 1392 3520 sed
1418 3465 1558 3534 quod
1581 3473 1794 3533 Optatos
1820 3465 1933 3519 vul-

326 3569 413 3612 tus
437 3568 649 3613 vestrm
687 3573 872 3613 rursus
916 3559 1111 3612 intueri
1159 3558 1384 3627 possim,
1418 3568 1473 3612 et
1502 3557 1727 3611 caritate
1752 3567 1929 3611 vestra

324 3650 620 3705 secundum
646 3651 811 3704 Deum
836 3650 1113 3704 obiectari.
1138 3648 1204 3703 Et
1224 3647 1679 3719 quemadmodum
1708 3648 1921 3717 plurimi

327 3740 592 3803 homines,
619 3755 742 3794 cum
772 3748 828 3794 et
870 3740 1059 3794 morbo
1106 3740 1307 3795 fuerint
1355 3740 1615 3801 recreati.
1642 3740 1849 3809 phialas
1874 3748 1931 3794 et

322 3830 537 3899 poeula,
566 3830 883 3900 gelidosque
916 3831 1104 3884 latices
1134 3840 1382 3901 quaerunt
1416 3848 1429 3884 :
1461 3831 1531 3884 ita
1564 3830 1692 3885 mihi
1736 3832 1921 3886 laetitia

321 3921 510 3990 quavis
546 3920 837 3989 jucundior
884 3920 1089 3975 exstitit
1134 3934 1457 3991 congressus
1507 3930 1703 3982 vester,
1731 3930 1781 3975 et
1825 3921 1928 3977 hoc

324 4013 454 4066 mihi
484 4013 729 4065 sanitatis
756 4013 975 4065 materia
1004 4011 1121 4076 fuit,
1144 4022 1198 4066 et
1220 4012 1431 4065 occasio
1458 4012 1659 4082 gaudii.
1688 4015 1800 4082 Age
1827 4014 1922 4081 igi-

326 4114 432 4175 tur,
452 4104 886 4177 quandoquidem
921 4104 1013 4163 Dei
1039 4104 1299 4164 benelleio
1320 4120 1418 4163 nos
1446 4108 1672 4163 invicem
1699 4122 1926 4178 recupe-

325 4199 582 4261 ravimus,
606 4198 847 4253 caritatis
876 4198 1029 4253 vobis
1054 4198 1295 4253 debitum
1337 4200 1730 4267 perstvlvamos,
1761 4198 1929 4267 siqui-

322 4288 446 4344 dem
494 4288 603 4342 ullo
652 4296 895 4356 tempore
942 4291 1109 4358 possit
1168 4288 1297 4343 illud
1353 4288 1605 4357 persolvi.
1642 4287 1755 4340 lloc
1779 4288 1924 4341 enim

324 4379 499 4434 solum
531 4366 769 4435 debitum
816 4378 975 4435 finem
1023 4380 1229 4442 nescit;
1261 4378 1354 4433 sed
1381 4388 1584 4449 quanto
1623 4378 1791 4448 magis
1818 4379 1930 4432 dis-

325 4471 568 4533 solvitur,
599 4479 749 4523 tauto
793 4469 960 4539 magis
1008 4470 1247 4525 debitum
1288 4478 1554 4539 augetur:
1594 4480 1648 4523 et
1670 4469 1927 4539 quemad-

326 4560 543 4615 modum
603 4561 654 4613 in
708 4575 768 4615 re
807 4560 1111 4629 pecuniaria
1173 4559 1456 4615 laudamus
1506 4574 1601 4614 eos
1657 4560 1746 4627 qui
1795 4558 1925 4613 nihil

323 4650 542 4715 debent,
568 4651 637 4703 ita
672 4650 756 4706 hic
782 4666 897 4714 eos,
926 4650 1018 4720 qui
1059 4651 1224 4704 multa
1259 4649 1479 4716 debent,
1510 4649 1700 4705 beatos
1730 4650 1924 4718 praedi-

323 4760 529 4798 camus.
564 4743 769 4798 idcirco
796 4744 1050 4812 magister
1076 4742 1221 4797 orbis
1262 4751 1523 4796 terrarum
1569 4741 1763 4795 Paulus
1788 4742 1925 4795 scri-

327 4835 457 4889 bens
486 4834 697 4888 dicebat
727 4849 742 4886 :
772 4832 982 4887 Nemini
1012 4834 1286 4903 quidquam
1319 4832 1561 4896 debeatis,
1592 4832 1689 4884 nisi
1721 4842 1773 4885 ut
1798 4833 1928 4885 iuvi-

322 4942 433 4980 σοι
478 4925 703 4996 diligatis
730 4924 907 4993 (Rom.
942 4925 1029 4977 l5.
1056 4924 1135 4993 8),
1169 4924 1310 4990 quod
1358 4924 1608 4976 nimirum
1656 4922 1782 4976 velit
1830 4938 1926 4977 nos

322 5018 423 5071 hoc
471 5015 709 5069 debitum
756 5024 813 5070 et
858 5028 1071 5082 semper
1117 5014 1349 5074 solvere,
1382 5022 1437 5066 et
1464 5028 1679 5082 semper
1704 5012 1920 5077 debere,

321 5130 422 5169 nec
460 5123 715 5178 umquam
766 5105 868 5160 hoc
899 5121 973 5159 tes
1012 5104 1244 5159 alienun)
1287 5103 1527 5165 solvere,
1557 5104 1730 5157 donec
1762 5104 1924 5156 vitam

321 5210 643 5270 praesentem
683 5198 1086 5254 absolverimus.
1126 5196 1193 5251 Ut
1237 5196 1396 5265 igitur
1426 5197 1682 5265 pecunias
1724 5194 1924 5249 debere

319 5308 483 5346 :rave
508 5306 573 5345 ac
604 5292 885 5343 molestum
917 5298 1020 5355 est,
1050 5288 1118 5342 ita
1152 5288 1389 5342 debitum
1432 5290 1531 5342 huc
1571 5304 1674 5342 non
1712 5303 1924 5357 semper

318 5381 523 5436 debere
555 5380 767 5434 crimini
811 5388 893 5434 est
933 5380 1246 5433 obnoxium.
1272 5381 1449 5448 Atque
1472 5388 1527 5431 ut
1559 5381 1659 5433 hoc
1690 5395 1756 5432 ua
1802 5395 1924 5433 esse

313 5485 637 5541 cognoscas,
658 5470 779 5525 audi
830 5470 1091 5525 mirabilis
1130 5471 1283 5525 istius
1309 5471 1547 5524 doctoris
1579 5472 1920 5539 sapientiam,

320 5578 431 5630 quo
474 5571 629 5631 pacto
669 5562 1094 5617 cohortationetn
1144 5561 1429 5616 induxerit.
1462 5559 1595 5614 Cum
1626 5562 1767 5613 enim
1799 5572 1924 5618 ante

320 5654 582 5718 dixisset,
632 5652 838 5707 Nemini
894 5654 1169 5723 quidquam
1212 5654 1453 5717 debeatis,
1501 5665 1613 5706 tum
1658 5654 1920 5721 adjunxit,

400 5851 475 5909 (τ)
503 5851 675 5903 Collat.
712 5866 822 5903 eum
851 5856 937 5902 iis.
962 5854 1120 5911 [legio
1150 5850 1284 5904 19η.

2070 2085 2183 2138 Nisi
2212 2097 2266 2139 sit
2300 2087 2511 2140 invicem
2535 2086 2784 2159 diligatis,
2811 2089 2961 2159 quasi
2993 2088 3093 2144 hoc
3121 2092 3267 2158 velit,
3297 2101 3353 2147 ut
3378 2109 3540 2150 omne
3567 2096 3656 2153 hic

2054 2176 2294 2230 debitum
2320 2176 2728 2249 dispungamus,
2758 2189 2815 2235 et
2838 2180 2939 2236 hoc
2964 2196 3040 2236 tes
3069 2182 3304 2238 alienum
3338 2197 3655 2257 perpetuum

2052 2282 2115 2322 ac
2156 2280 2457 2337 numquam
2490 2268 2803 2327 dissolubile
2849 2284 3175 2343 perseveret.
3223 2275 3335 2331 Hoc
3378 2280 3523 2334 enim
3571 2292 3656 2337 est

2054 2361 2322 2429 prtecipue
2346 2361 2489 2432 quod
2520 2364 2683 2418 vitam
2712 2374 2952 2421 nostram
2986 2368 3227 2423 continet
3247 2411 3262 2434 ,
3289 2381 3345 2426 et
3387 2374 3659 2429 cuttslriu-

2051 2452 2146 2522 git.
2178 2452 2404 2518 Quando
2430 2454 2609 2524 igitur,
2641 2467 2835 2525 quanta
2865 2470 2932 2511 ex
2965 2457 3065 2512 hoc
3089 2457 3273 2514 debito
3298 2472 3482 2518 manet
3508 2464 3656 2520 uti|i«
3752 2512 3755 2513 ν

2053 2552 2155 2606 tas,
2187 2543 2409 2607 scimus,
2450 2553 2505 2599 et
2538 2544 2667 2599 dum
2714 2546 3057 2615 persolvitur,
3091 2551 3260 2619 magis
3287 2552 3416 2607 illud
3448 2558 3653 2627 augeri,

2049 2646 2170 2704 age,
2196 2648 2294 2690 nos
2314 2650 2527 2706 quoque
2555 2635 2793 2691 debitum
2816 2677 2833 2701 ,
2859 2638 3004 2708 quod
3046 2656 3151 2693 non
3197 2656 3262 2696 ex
3305 2642 3494 2699 inertia
3516 2662 3654 2717 qua-

2050 2728 2214 2795 piam,
2244 2728 2327 2781 vel
2351 2727 2694 2798 improbitate
2720 2744 2785 2784 ac
2810 2730 2996 2785 fraude
3019 2732 3220 2800 aliqua,
3247 2734 3343 2789 sed
3364 2751 3428 2790 ex
3456 2749 3650 2793 eventu

2048 2814 2225 2871 morbi
2250 2819 2638 2885 contraximus,
2667 2820 2861 2887 hodie,
2888 2830 3147 2891 quantum
3190 2824 3241 2879 in
3289 2827 3445 2881 nobis
3484 2827 3649 2887 situm

2045 2908 2167 2972 erit,
2200 2908 2432 2963 reddere
2458 2908 2793 2977 studeamus,
2812 2920 2863 2966 et
2891 2912 3078 2983 paucis
3108 2924 3343 2970 vestram
3369 2919 3648 2975 caritatem

2045 2998 2379 3066 alloquentes
2417 3012 2794 3069 argumentum
2836 3004 3107 3059 sermonis
3130 3006 3199 3061 ab
3228 3006 3331 3062 hoc
3356 3005 3473 3078 ipso
3501 3011 3649 3067 orbis

2046 3100 2310 3147 terrarum
2345 3092 2569 3148 doctore
2594 3095 2853 3149 ducamus
2881 3114 2895 3149 :
2926 3105 2982 3151 et
3006 3113 3128 3167 qua;
3148 3099 3215 3154 ad
3251 3100 3524 3158 Romanos
3552 3103 3648 3157 ho-

2041 3184 2130 3239 die
2155 3184 2399 3240 scribens
2426 3184 2659 3249 dicebat,
2690 3186 2805 3241 inec
2842 3188 2894 3241 in
2924 3188 3159 3245 medium
3182 3191 3411 3247 adducta
3436 3209 3643 3265 expen-

2040 3275 2251 3340 damus,
2273 3290 2338 3331 ac
2363 3276 2527 3347 longo
2548 3276 2830 3332 intervallo
2850 3278 3185 3349 spiritualem
3212 3284 3422 3337 caritati
3453 3300 3644 3341 vestrm

2042 3383 2282 3422 mensam
2310 3368 2656 3423 instruamus.
2683 3369 2816 3438 Quae
2843 3384 2969 3426 vero
2992 3370 3128 3427 lecta
3157 3374 3286 3440 sint,
3307 3388 3490 3444 operm
3516 3392 3642 3447 pre-

2042 3460 2172 3515 tium
2215 3460 2376 3517 fuerit
2408 3462 2675 3527 iudicare,
2708 3470 2766 3517 ut
2788 3468 2855 3518 de
2885 3464 2949 3517 iis
2978 3479 3098 3535 quae
3127 3465 3268 3520 dicta
3296 3476 3423 3522 sunt
3456 3468 3641 3524 admo-

2040 3552 2155 3614 niti.
2186 3551 2397 3607 facilius
2417 3568 2539 3623 qua
2564 3568 2593 3607 a
2622 3554 2777 3608 nobis
2801 3554 3070 3621 dicentur,
3096 3561 3376 3626 percipere
3394 3560 3638 3616 valeatis.

2038 3645 2265 3713 Scimus,
2296 3646 2497 3716 inquit,
2525 3646 2765 3717 quoniam
2788 3647 3113 3718 diligentibus
3145 3648 3307 3702 Deum
3338 3655 3508 3706 omnia
3546 3669 3638 3705 co-

2035 3741 2569 3809 eperanturinbonum
2587 3738 2803 3808 (Rom.8
2828 3740 2941 3809 28).
2962 3741 3098 3809 Quid
3117 3742 3217 3796 sibi
3237 3743 3343 3796 vult
3363 3741 3465 3799 hoc
3478 3761 3643 3799 exor-

2034 3830 2181 3884 dium
2200 3830 2224 3883 ’ἒ
2251 3830 2393 3884 Nihil
2420 3831 2563 3886 enim
2595 3840 2799 3885 temere
2846 3841 2938 3884 aut
2980 3830 3172 3885 frustra
3222 3833 3457 3902 loquitur
3481 3834 3639 3889 beata

2037 3918 2151 3973 hiEC
2172 3921 2371 3985 anima,
2402 3920 2495 3974 sed
2523 3921 2895 3975 convenientia
2923 3936 3137 3991 semper
3161 3924 3386 3993 objectis
3417 3927 3637 3994 trgritu-

2034 4012 2250 4066 diuibus
2280 4012 2575 4080 spiritualia
2601 4012 2991 4066 medicamenta
3016 4015 3151 4068 ~solet
3177 4015 3450 4071 adhibere.

2112 4101 2529 4171 Persequutioues
2558 4102 2837 4156 Christiani
2879 4106 3162 4170 patiuntur.
3196 4136 3269 4147 —-
3294 4106 3430 4174 Quid
3474 4108 3635 4177 igitur

2032 4205 2111 4250 est
2139 4196 2239 4249 hoc
2280 4195 2421 4264 quod
2459 4195 2569 4248 ait?
2591 4195 3035 4266 Quandoquidem
3061 4199 3222 4251 multa
3250 4200 3484 4268 undique
3515 4212 3635 4255 ten-

2036 4287 2265 4340 taliones
2294 4301 2388 4340 eos
2416 4287 2868 4341 circntusidebaut
2888 4329 2902 4351 ,
2935 4300 3027 4356 qut
3072 4296 3182 4341 luttt
3210 4290 3537 4345 accedebant
3561 4294 3629 4347 ad

2036 4378 2217 4445 fidem,
2245 4388 2298 4433 et
2329 4378 2634 4448 frequentes
2660 4378 2729 4433 ab
2770 4381 2923 4431 hoste
2964 4379 3225 4433 maeliiuze
3264 4380 3631 4438 admoveban-

2036 4483 2140 4536 tur,
2170 4483 2223 4527 et
2244 4472 2513 4525 continua:
2547 4471 2907 4525 tendebantur
2943 4472 3149 4526 iusidi:e
3173 4512 3189 4537 ,
3233 4489 3403 4543 neque
3432 4478 3633 4544 pra-di.

2032 4566 2260 4620 eationis
2286 4565 2546 4633 evangelii
2566 4564 2859 4619 adversarii
2888 4564 3257 4631 quiescebant,
3286 4565 3382 4619 sed
3413 4568 3548 4619 alios
3578 4570 3629 4622 in

2032 4674 2304 4713 carcerem
2336 4657 2689 4727 conjiciebant
2704 4690 2718 4711 ς
2739 4656 2875 4711 alios
2889 4657 2941 4710 in
2956 4656 3212 4712 exsilium
3226 4654 3594 4725 mittebantur}
3613 4692 3629 4717 ,

2032 4750 2166 4803 alios
2198 4749 2249 4803 in
2280 4749 2383 4801 alia
2408 4745 2697 4816 praecipitia
2718 4746 2999 4801 trahebant
3022 4764 3032 4799 :
3056 4758 3339 4818 propterea
3364 4751 3629 4817 quemad—

2034 4842 2250 4894 modum
2278 4840 2514 4908 Optimus
2542 4839 2854 4907 imperator,
2884 4853 3006 4891 cum
3044 4840 3251 4891 hostem
3284 4838 3425 4893 videt
3447 4856 3630 4895 aerem

2035 4934 2360 4989 iracundiam
2390 4932 2705 5000 spirantem,
2739 4930 3064 4984 circumiens
3091 4944 3217 4985 suos
3246 4932 3445 4985 excitat
3478 4933 3633 4986 undi-

2031 5040 2156 5097 quc,
2188 5023 2521 5082 corroborat.
2553 5021 2788 5085 instruit,
2821 5022 3137 5075 audaciores
3164 5023 3372 5088 reddit,
3398 5024 3629 5078 alacrio-

2033 5134 2119 5171 res
2150 5117 2343 5179 eflicit,
2376 5123 2435 5168 ut
2479 5129 2668 5167 manus
2711 5122 2898 5167 contra
2942 5113 3311 5168 adversarium
3357 5117 3624 5177 attollant,

2033 5225 2130 5262 nec
2158 5209 2298 5262 illius
2324 5206 2661 5261 incursiones
2690 5203 3058 5270 rrformident,
3086 5205 3181 5259 sed
3208 5207 3389 5259 animo
3422 5206 3542 5260 forti
3572 5223 3633 5259 se

2033 5299 2105 5353 illi
2132 5308 2425 5368 Oppouant,
2475 5298 2647 5365 ipsum
2696 5296 2812 5364 ejus
2846 5295 3072 5361 vultum,
3104 5297 3147 5349 si
3177 5301 3401 5365 possint,
3437 5300 3629 5351 vulne—

2033 5404 2171 5453 rent,
2206 5406 2303 5445 nec
2338 5391 2408 5443 illi
2434 5390 2688 5444 resistere
2721 5388 3101 5455 pertimescant
3130 5405 3141 5438 ε
3174 5404 3280 5440 non
3321 5389 3476 5441 aliter
3503 5390 3619 5441 item

2032 5496 2115 5538 tus
2146 5484 2265 5549 iste,
2293 5482 2408 5537 inec
2438 5482 2613 5534 auium
2643 5482 2707 5533 ad
2755 5480 2946 5533 caelum
2994 5495 3161 5546 ιιδιμιθ
3199 5479 3466 5545 sublimis,
3501 5480 3629 5532 lide-

2032 5577 2157 5629 lium
2191 5576 2375 5627 volens
2421 5574 2628 5625 animos
2671 5571 2940 5632 excitare,
2973 5579 3027 5623 et
3076 5569 3222 5622 humi
3249 5574 3540 5635 jaceutcm.
3572 5582 3627 5623 nt

2033 5669 2099 5719 ita
2133 5667 2304 5718 diram
2329 5710 2341 5727 ,
2390 5666 2439 5717 1”
2470 5681 2599 5716 .rum
2634 5666 3011 5733 cogitationem
3044 5664 3249 5730 erigere
3285 5664 3525 5724 studens,
3555 5666 3623 5717 ita

2032 5760 2209 5812 dicere
2249 5758 2479 5825 occufpit
2510 5775 2521 5809 :
2557 5757 2759 5811 Scimus
2804 5766 2972 5808 autem
3013 5755 3253 5825 quoniam
3307 5755 3631 5823 diligentibus

403 5916 473 5977 ιο)
505 5915 646 5965 ilum;
670 5922 831 5967 locum
857 5909 1087 5967 secundis
1116 5918 1248 5968 curis
1273 5918 1559 5967 retractavit
1591 5912 1759 5963 hianti.
1792 5912 1911 5963 Vide
1952 5911 2094 5973 ltujm
2121 5912 2237 5959 totni
2267 5911 2487 5969 Fuerat,
2515 5912 2609 5961 col.
2643 5909 2713 5959 lt.
