4080 6474
392 392 494 447 lli?

386 513 550 569 Deum
564 511 736 566 omnia
758 506 1091 582 cooperantur
1113 503 1167 556 in
1193 488 1379 556 bonum
1403 498 1576 582 (Rom.
1604 491 1787 567 8.28).
1818 492 1975 582 Vides

384 603 722 665 prudentiam
762 579 1147 669 apostolicam?
1175 591 1291 648 Non
1318 579 1633 656 disit,’Scio
1651 628 1669 652 ,
1694 585 1787 642 sed
1810 625 1827 653 ,
1851 581 1944 639 Sci
1955 612 1974 623 -

386 672 520 760 mus,
549 705 607 749 ut
648 693 797 762 ipsa
822 687 889 743 ad
913 700 1194 742 assensum
1226 681 1571 755 pnebendum
1599 676 1827 733 onuioni
1858 674 1973 745 pel-

384 787 591 850 liccret,
616 777 761 853 quod
788 775 1135 849 diligentibus
1173 774 1343 830 Deum
1386 771 1569 827 omnia
1606 776 1973 836 cooperantur

385 878 439 944 iu
482 873 712 930 bonum.
742 867 1170 933 .Animadverte,
1209 878 1373 935 quam
1429 867 1679 917 accurato
1730 858 1978 927 loquatur

385 956 680 1036 apostolus.
722 956 840 1018 Non
891 960 1059 1025 dixit,
1088 958 1191 1027 Qui
1249 955 1416 1011 Deum
1465 950 1725 1021 diligunt,
1772 945 1979 1002 evitant

384 1057 546 1123 ntala,
574 1054 870 1110 liberantur
884 1066 916 1106 a
937 1047 1350 1110 tentatiunibus;
1380 1042 1499 1109 sed,
1519 1041 1745 1102 Scimus,
1772 1037 1967 1110 inquit,

386 1148 493 1205 hoc
512 1156 618 1211 est,
649 1154 966 1216 peremtum
995 1140 1154 1195 nobis
1179 1147 1294 1199 est,
1315 1135 1578 1190 certiores
1613 1130 1737 1187 facti
1765 1143 1975 1193 sumus,

383 1241 502 1312 ipsa
530 1252 712 1296 rerum
738 1232 1067 1306 experientia
1092 1230 1268 1286 edocti
1296 1224 1789 1284 demonstrationes
1812 1234 1977 1277 acce-

383 1334 561 1401 pimus
589 1348 604 1383 :
634 1327 838 1384 Seianus
873 1324 1112 1395 quoidam
1147 1319 1469 1392 diligentibus
1496 1315 1658 1373 Deam
1680 1314 1853 1370 omnia
1885 1329 1978 1368 eo-

381 1430 657 1493 θρασειᾶν
680 1418 733 1472 in
758 1416 965 1471 bonum.

452 1510 511 1565 ε.
552 1508 827 1563 Verborum
858 1503 1087 1575 Apostoli
1112 1511 1301 1573 quanta
1332 1500 1425 1555 vis.
1460 1497 1764 1553 Macedones
1789 1494 1980 1565 ingrati

385 1606 445 1659 in,
475 1601 760 1672 apostolos.
794 1597 898 1655 Cur
936 1598 1126 1667 eiectus
1168 1595 1368 1649 damon
1411 1592 1583 1663 fuerit.
1613 1618 1687 1632 —
1713 1588 1978 1656 Quantam

386 1696 513 1751 huic
544 1692 694 1750 brevi
733 1690 957 1749 dictioni
985 1690 1091 1745 vim
1140 1687 1319 1743 inesse
1365 1682 1734 1739 arbitramini!
1764 1680 1975 1745 Omnia,

388 1787 579 1857 inquit,
610 1793 951 1854 cooperantur
992 1780 1289 1836 inbonnm.
1322 1775 1439 1833 Noli
1476 1775 1620 1831 enim
1652 1774 1782 1828 mihi
1815 1772 1977 1843 hujus

386 1881 510 1933 vitae
551 1874 832 1941 commoda
872 1884 1331 1934 commemorare,
1374 1882 1550 1937 neque
1593 1864 1979 1935 jucunditatcm

389 1976 595 2026 tantum
621 1976 713 2023 aut
738 1965 1078 2023 securitatem
1106 1964 1288 2018 animo
1312 1962 1515 2025 volvas,
1535 1958 1629 2014 sed
1658 1957 1819 2013 etiam
1846 1970 1981 2011 con-

389 2062 575 2128 traria,
596 2072 847 2116 carceres
869 2098 885 2121 ,
917 2054 1323 2117 tribulationes,
1350 2048 1570 2106 insidias
1587 2089 1604 2115 ,
1646 2046 1983 2117 quotidianus

390 2154 653 2217 incursus,
678 2164 743 2204 ac
792 2156 904 2203 tum
943 2142 1191 2201 dictionis
1217 2142 1323 2195 vim
1375 2147 1625 2193 accurate
1661 2150 1978 2206 cognosces.

389 2247 466 2301 Ae
493 2260 561 2299 ne
593 2241 730 2298 forte
766 2238 833 2294 ad
860 2237 1021 2307 longe
1051 2231 1280 2306 petenda
1311 2229 1556 2301 exempla
1582 2226 1860 2284 caritatem
1883 2242 1982 2281 ve-

386 2344 554 2389 stram
573 2331 853 2393 abducam,
876 2325 1101 2399 paucula
1120 2322 1391 2395 quadam,
1416 2321 1459 2374 si
1489 2319 1656 2381 lubet,
1683 2334 1748 2372 ex
1775 2317 1842 2373 iis
1860 2331 1981 2388 qua:

389 2424 547 2480 beato
576 2421 660 2476 isti
683 2419 1030 2482 acciderunt,
1063 2416 1117 2469 in
1144 2412 1378 2468 medium
1410 2407 1765 2480 proferamus,
1794 2416 1849 2461 et
1874 2406 1979 2459 vim

389 2517 542 2572 istius
584 2513 731 2569 verbi
770 2509 1126 2581 cognoscetis.
1159 2506 1295 2562 Nam
1334 2520 1456 2559 cum
1494 2504 1745 2573 regiones
1790 2515 1981 2555 omnes

386 2605 730 2668 circumiens,
759 2602 975 2673 pietatis
1015 2599 1239 2655 verbum
1286 2610 1567 2665 spargens,
1610 2593 1793 2662 spinas
1839 2591 1984 2646 ρνι-Ι-

390 2700 524 2763 lens,
548 2696 830 2763 veritatem
857 2694 911 2747 in
930 2690 1265 2759 singulorum
1282 2687 1474 2741 animis
1494 2687 1735 2755 plantare
1756 2692 1981 2738 conten-

388 2761 545 2855 dens,
594 2788 660 2842 ad
686 2761 893 2841 ‘urbem
938 2780 1222 2853 quamdam
1278 2778 1574 2848 appulisset
1625 2773 1979 2840 Macedoniar,

385 2876 839 2952 quemadmodum
864 2874 1050 2930 beatus
1078 2869 1281 2935 Lucas,
1310 2868 1358 2923 is
1380 2864 1469 2937 qni
1505 2865 1698 2921 librum
1722 2866 1977 2920 Actorum

388 2968 709 3042 composuit,
746 2966 901 3022 nobis
926 2960 1213 3025 enarravit,
1245 2956 1493 3014 ancillam
1515 2953 1823 3028 quamdam,
1861 2969 1980 3023 qua:

388 3062 679 3133 malignum
732 3056 962 3114 habebat
1006 3051 1475 3123 spiritum,neque
1529 3056 1705 3101 tacere
1751 3050 1977 3115 potent,

388 3154 483 3211 sed
508 3152 788 3213 circuibat,
814 3156 865 3203 et
891 3145 1089 3214 ubique
1127 3142 1250 3197 illos
1284 3138 1547 3194 damonis
1588 3152 1752 3205 opera
1780 3133 1983 3206 patefa-

393 3259 519 3300 cere
543 3241 778 3306 volebat,
804 3236 969 3291 multa
1013 3248 1132 3289 cum
1174 3229 1510 3291 auctoritate,
1550 3226 1669 3282 solo
1710 3225 1877 3279 verbo
1920 3237 1983 3278 ac

391 3338 540 3407 iussu
569 3345 837 3402 tamquam
868 3328 1213 3381 verberonem
1242 3321 1531 3393 quemdam
1559 3319 1803 3389 abigens,
1838 3318 1979 3372 illam

387 3447 419 3484 a
443 3442 605 3495 pravo
631 3425 877 3479 daemone
916 3419 1197 3473 liberasset
1230 3431 1244 3467 :
1274 3429 1396 3469 cum
1429 3411 1570 3465 illius
1602 3410 1748 3464 urbis
1779 3408 1981 3463 incolas

387 3519 712 3592 oportuisset
732 3522 1000 3582 tamquam
1024 3508 1392 3563 benefactores
1418 3520 1544 3558 suos
1566 3518 1629 3558 ac
1656 3502 1841 3555 salutis
1870 3517 1980 3555 sua:

388 3591 624 3667 vindices
652 3607 909 3675 deinceps
953 3602 1227 3672 aposmlos
1257 3597 1476 3660 intueri,
1500 3606 1659 3666 atque
1695 3591 1843 3647 omni
1886 3608 1981 3647 eos

385 3701 679 3755 ofﬁciorum
727 3709 925 3766 genere
968 3697 1374 3762 prosequentes,
1413 3693 1616 3739 tantum
1660 3684 1976 3738 lieneiicium

388 3788 759 3848 remunerari,
809 3785 883 3837 illi
935 3784 1091 3850 plane
1132 3776 1397 3832 contraria
1445 3773 1765 3842 rependunt.
1808 3776 1979 3839 Atque

388 3879 515 3934 audi
541 3891 647 3947 quo
688 3883 846 3945 pacto
886 3874 1007 3926 illos
1032 3879 1469 3923 remunerentur.
1510 3864 1760 3925 ﬁdentes,
1787 3862 1978 3933 inquit,

389 3968 582 4024 domini
607 3969 732 4038 ejus,
762 3964 883 4036 quia
908 3961 1056 4016 exibit
1082 3975 1197 4029 spes
1225 3968 1447 4028 quastus
1471 3972 1667 4021 eorum,
1690 3956 1981 4024 apprehen-

386 4065 558 4118 dentes
583 4057 805 4115 Paulum
829 4065 876 4110 et
906 4053 1071 4109 Silam
1100 4050 1446 4122 perduxerunt
1474 4050 1524 4101 in
1544 4050 1710 4118 forum
1732 4047 1800 4098 ad
1831 4048 1979 4115 prin-

384 4156 554 4224 cipes,
586 4160 632 4204 et
673 4146 938 4215 offerentes
961 4160 1046 4197 eos
1075 4140 1480 4211 magistratibus,
1518 4154 1632 4189 cum
1676 4136 1862 4190 utullus
1910 4137 1980 4189 eis

389 4245 567 4315 plagas
588 4236 963 4307 imposuissent,
996 4234 1238 4287 miserunt
1282 4247 1367 4284 eos
1410 4228 1462 4282 in
1491 4244 1764 4292 carcerein,
1797 4228 1980 4297 prati-

391 4333 581 4402 pientes
622 4327 855 4392 custodi,
881 4334 933 4377 ut
968 4322 1238 4392 diligenter
1276 4336 1361 4373 eos
1402 4319 1676 4372 custodiret
1725 4317 1861 4389 (Act.
1891 4319 1979 4373 16.

392 4420 599 4491 19-25).
635 4416 841 4471 Videtis
884 4425 1148 4467 summam
1191 4409 1334 4463 illius
1364 4408 1512 4462 urbis
1542 4408 1837 4463 incolarum
1883 4408 1981 4463 im-

392 4515 707 4587 probitatem
724 4510 750 4563 ?
776 4508 969 4563 videtis
996 4505 1360 4577 apostolorum
1405 4503 1712 4575 patientiam
1746 4517 1810 4558 ac
1838 4503 1976 4557 tole-

394 4603 661 4663 rantiaml
691 4597 1011 4671 Exspectate
1039 4597 1327 4669 paulisper,
1358 4604 1413 4650 ct
1443 4594 1533 4649 Dei
1564 4594 1810 4650 videbitis
1840 4594 1983 4649 beni-

392 4692 831 4769 gnitatem.Cum
875 4691 1017 4747 enim
1068 4689 1280 4759 sapiens
1323 4687 1391 4743 sit
1439 4702 1502 4741 ac
1550 4687 1742 4753 solers,
1772 4703 1878 4741 non
1928 4687 1979 4741 in

392 4784 653 4855 principio
682 4796 781 4837 nec
810 4781 864 4837 in
902 4780 1140 4837 exordiis
1167 4779 1305 4833 mala
1334 4780 1493 4845 tollit,
1521 4778 1616 4835 sed
1646 4793 1767 4833 cum
1804 4778 1981 4832 incre-

392 4887 630 4931 mentum
660 4874 964 4942 acceperint
1005 4872 1431 4926 adversariorum
1478 4871 1750 4926 molimina
1770 4914 1783 4937 ,
1811 4881 1863 4926 et
1894 4887 1979 4925 re-

394 4974 492 5025 bus
527 4968 656 5039 ipsis
698 4967 1017 5022 athletarum
1061 4964 1283 5035 probata
1325 4947 1575 5037 patientia
1607 4966 1786 5033 fuerit,
1819 4976 1873 5021 et
1905 4968 1984 5021 in-

394 5080 426 5117 n
452 5062 667 5125 ituerit,
712 5069 824 5115 tum
861 5058 1159 5114 subsidium
1206 5074 1362 5112 suum
1405 5060 1609 5129 praebet
1644 5076 1658 5114 :
1689 5076 1756 5114 ne
1802 5060 1984 5115 direre

396 5155 562 5222 possit
592 5155 753 5218 ullus,
776 5153 893 5206 illos
922 5152 1120 5207 idcirco
1148 5160 1339 5221 sponte
1364 5152 1613 5221 periculis
1639 5168 1698 5207 se
1723 5155 1980 5222 objiecre,

394 5244 535 5313 quod
575 5258 635 5298 se
689 5242 848 5299 nihil.
876 5242 1158 5298 molestum
1217 5258 1469 5313 passuros
1516 5258 1637 5298 esse
1685 5244 1977 5298 confidant.

396 5336 546 5390 lianc
575 5334 826 5389 nimirum
865 5334 935 5388 ob
964 5350 1179 5389 causam
1225 5333 1482 5403 quosdam
1528 5335 1689 5389 etiam
1732 5336 1981 5391 ineffabili

393 5425 623 5495 quadam
656 5426 912 5495 sapientia
945 5427 998 5479 in
1025 5426 1179 5481 malis
1203 5427 1560 5497 derelinquit,
1593 5430 1851 5497 quosdam
1880 5432 1983 5483 eri-

400 5518 497 5587 pit,
515 5526 571 5570 ut
586 5531 652 5571 ex
670 5516 915 5571 omnibus
939 5518 1113 5572 discas
1135 5535 1397 5573 summam
1426 5520 1544 5588 ejus
1572 5521 1980 5590 benignitatem,

402 5612 685 5678 ipsumque
734 5609 933 5678 majora
984 5611 1087 5665 illis
1130 5613 1344 5679 prmmia
1395 5622 1815 5682 pratpar'lntem,
1850 5621 1983 5670 mala

402 5699 710 5770 frequenter
749 5702 929 5769 augeri
977 5704 1303 5769 permittere.
1341 5704 1412 5757 lta
1446 5706 1544 5757 hoc
1575 5706 1734 5758 etiam
1766 5706 1881 5759 loro
1913 5709 1983 5761 fe-

405 5793 493 5847 cit.
528 5793 655 5850 Post
681 5798 885 5850 tantum
910 5796 1221 5852 miraculum
1256 5813 1316 5851 ac
1347 5796 1683 5865 beneficium,
1718 5802 1857 5870 quod
1885 5801 1979 5857 itu-

1092 387 1153 443 S.
1188 381 1469 462 ιοιΝΝιδ
1497 374 1973 436 (ZIIRYSUSTOMI
2016 362 2334 432 ARCIIIEP.
2373 376 2914 443 CONSTANTINOP.

3573 379 3675 436 ιω

2084 492 2318 562 pudt-nte
2356 494 2451 551 illo
2483 495 2728 552 dmmone
2774 496 2952 566 ejecta
2973 496 3331 561 contulerant,
3361 496 3523 568 virgis
3559 499 3678 553 illos

2081 586 2213 641 «sedi
2245 589 2508 657 permisit,
2526 599 2581 643 et
2609 592 2662 645 in
2683 604 2952 645 carcerem
2984 590 3141 644 mitti.
3177 588 3311 645 llinc
3330 600 3476 645 enim
3504 591 3678 645 maxi-

2085 694 2172 734 me
2203 678 2297 734 Dei
2337 681 2507 735 virtus
2533 681 2695 737 etiam
2728 680 2994 738 elucebat.
3016 682 3358 752 Quapropter
3401 691 3456 737 et
3490 681 3681 739 beatus

2084 768 2174 823 hie
2208 768 2421 825 dicebat
2452 786 2467 824 :
2498 769 2850 827 Libentissime
2889 772 3149 843 gloriabor
3194 774 3247 827 in
3295 771 3680 843 inﬁrmitatibus

2083 860 2228 929 nteit,
2246 869 2301 915 ιιι
2320 860 2564 917 inhabitet
2575 862 2629 916 in
2644 878 2725 917 nte
2740 864 2899 917 virtus
2909 860 3133 929 Christi;
3153 874 3209 919 et
3234 878 3438 929 rursus,
3461 863 3585 917 Cum
3602 864 3683 917 in-

2083 953 2280 1022 ﬁrmor,
2295 962 2417 1007 tunc
2432 964 2608 1023 potens
2618 972 2729 1010 sunt
2749 956 2767 1025 (
2787 955 2841 1010 2.
2859 953 2978 1011 Cor.
2994 955 3085 1011 12.
3101 955 3157 1011 9.
3173 954 3240 1011 l0
3256 956 3297 1027 ),
3319 956 3681 1011 inﬁrmitatem

2081 1046 2363 1103 continuas
2388 1035 2713 1103 tentationes
2738 1044 3035 1118 appellans.
3061 1046 3170 1103 Sed
3205 1056 3414 1118 quaeret
3447 1047 3677 1103 fortasse

2082 1136 2346 1207 quispiam
2372 1137 2478 1193 hoc
2502 1138 2641 1201 loco,
2672 1139 2826 1206 cujus
2866 1139 2945 1194 rei
2983 1139 3155 1209 gratia
3182 1137 3486 1193 dii-manem
3507 1154 3681 1208 expu-

2084 1231 2243 1287 lerint
2268 1231 2400 1286 nihil
2436 1232 2566 1303 ipsis
2599 1231 3086 1293 contradicentetu.
3113 1232 3208 1286 sed
3238 1232 3414 1300 potius
3440 1231 3562 1287 illos
3587 1249 3681 1301 pa—

2082 1320 2455 1386 tefacientem;
2488 1324 2663 1392 spatio
2686 1324 2886 1393 quippe
2921 1323 3211 1378 multorum
3239 1321 3451 1377 dierum
3479 1323 3681 1379 clama-

2084 1412 2174 1467 bat
2196 1410 2427 1467 dicens:
2462 1410 2559 1467 Isti
2607 1413 2833 1467 homines
2877 1413 3009 1467 «rei
3059 1410 3157 1467 Dei
3200 1413 3385 1467 excelsi
3421 1416 3684 1482 sunt,qai

2081 1503 2390 1557 enuntiarit
2420 1503 2563 1558 nobis
2578 1503 2709 1558 riunt
2732 1505 2913 1560 solutis
2938 1502 3076 1575 (Act.
3105 1506 3189 1559 I6.
3217 1496 3324 1575 Π).
3345 1506 3424 1563 Ne
3446 1508 3679 1573 mireris,

2082 1593 2360 1650 carissime
2388 1610 2402 1647 :
2433 1609 2555 1649 nam
2584 1604 2638 1649 et
2674 1594 2779 1650 hoc
2817 1594 3114 1663 prudentia:
3143 1595 3241 1650 fuit
3273 1599 3583 1668 apostolica:
3613 1614 3679 1653 ac

2085 1685 2327 1741 beneﬁcii
2360 1686 2593 1756 Spiritus
2632 1688 2825 1741 sancti.
2860 1686 3009 1741 Licet
3048 1689 3193 1742 enim
3221 1688 3551 1742 contrarium
3579 1689 3685 1744 illis

2085 1776 2290 1833 diceret
2331 1776 2484 1842 nihil,
2518 1793 2586 1833 ne
2623 1787 2800 1831 tamen
2846 1777 2971 1832 inde
3014 1776 3175 1831 [idem
3204 1778 3308 1833 sibi
3338 1777 3549 1833 daemon
3578 1780 3684 1834 alio

2085 1883 2243 1938 quam
2292 1868 2624 1934 conciliaret,
2659 1877 2711 1923 et
2762 1869 2813 1923 in
2872 1867 2993 1923 aliis
3047 1868 3407 1937 simpliciores
3460 1868 3684 1925 subdolo

2088 1970 2269 2029 posset
2308 1959 2609 2026 attrahere,
2638 1968 2918 2029 propterea
2966 1974 3088 2015 cum
3130 1959 3203 2013 illi
3248 1974 3311 2014 os
3357 1959 3679 2027 obtnrasset,

2085 2051 2261 2122 ejecit,
2295 2066 2467 2121 neque
2511 2051 2631 2105 sivit
2674 2065 2738 2104 ea
2793 2050 3058 2120 proloqui,
3107 2067 3227 2120 quso
3280 2050 3597 2122 dignitatem
3628 2063 3685 2107 et

2084 2150 2302 2213 captum
2332 2142 2450 2212 ejus
2479 2141 2831 2197 excedebant.
2866 2140 2977 2196 iloc
3004 2150 3181 2197 autem
3211 2142 3479 2211 prmslitit,
3503 2150 3563 2197 ut
3587 2142 3685 2197 do-

2087 2232 2216 2287 mini
2246 2234 2331 2288 sui
2358 2233 2591 2304 vestigiis
2617 2234 2888 2290 insisteret
2927 2250 2942 2288 :
2975 2249 3096 2288 nam
3128 2234 3194 2287 ad
3226 2235 3372 2288 illum
3404 2237 3564 2289 etiam
3592 2250 3683 2289 ac-

2085 2323 2339 2378 cedentes
2366 2323 2621 2379 dicebant
2652 2343 2665 2378 :
2700 2324 2905 2379 Scimus
2950 2336 2998 2378 te
3039 2326 3150 2395 quis
3188 2324 3280 2389 sis,
3332 2335 3536 2379 sanctus
3590 2324 3686 2379 Dei

2086 2413 2239 2483 (an.
2273 2415 2326 2471 4.
2358 2413 2474 2488 54),
2501 2426 2565 2495 et‘
2586 2426 2763 2470 tamen
2792 2415 2909 2471 haec
2938 2415 3178 2473 dicentes
3209 2432 3304 2471 eos
3328 2416 3593 2486 ejiciebat.
3626 2416 3682 2471 Id

2084 2521 2215 2561 vero
2246 2506 2401 2559 fiebat
2430 2507 2483 2560 in
2505 2508 2905 2562 accusationem
2932 2506 3322 2576 impudentium
3349 2506 3685 2573 Judzeorum,

2086 2597 2232 2665 quod
2265 2595 2337 2650 illi
2360 2594 2579 2665 quidem
2607 2597 2865 2651 miracula
2888 2596 3129 2666 quotidie
3149 2605 3433 2651 cernentes
3454 2607 3509 2650 et
3529 2597 3658 2651 innu

2087 2703 2233 2742 mera
2265 2686 2501 2756 prodigia
2534 2688 2672 2753 ﬁeri,
2698 2704 2802 2740 non
2832 2686 3121 2742 crederent
3152 2703 3165 2739 :
3197 2686 3473 2743 dmmones
3500 2697 3685 2743 autem

2085 2788 2459 2848 agnoscerent,
2489 2792 2721 2847 eumque
2752 2777 2843 2831 Dei
2879 2776 3071 2831 Filium
3103 2777 3415 2833 faterentur.

2156 2869 2208 2924 5.
2271 2868 2427 2923 Pauli
2469 2878 2513 2923 et
2566 2868 2697 2923 Sila
2733 2870 2901 2937 [error
2932 2880 2978 2923 et
3027 2870 3277 2924 liberatio.
3341 2869 3426 2925 Vis
3468 2873 3688 2941 lignato-

2084 2977 2200 3015 rum
2266 2970 2457 3029 quanta
2501 2960 2612 3025 sit;
2659 2976 2752 3014 cur
2794 2961 2902 3014 Ittec
2962 2961 3131 3013 inedia
3176 2971 3320 3015 nocte
3362 2963 3561 3030 ﬁerent.
3620 2990 3689 3002 ——

2082 3053 2190 3110 Sed
2249 3053 2319 3108 ad
2387 3054 2586 3108 seriem
2654 3053 2881 3107 instituti
2948 3055 3215 3107 sermonis
3258 3053 3564 3108 redeamus.
3619 3055 3691 3111 lit

2087 3146 2246 3215 igitur
2275 3143 2497 3199 discatis
2522 3185 2538 3210 ,
2569 3158 2678 3212 quo
2707 3153 2865 3212 pacto
2897 3142 3244 3211 diligentibus
3296 3143 3462 3198 Deum
3505 3147 3688 3198 omnia

2086 3233 2456 3306 conperentur'
2474 3236 2526 3288 in
2556 3234 2786 3297 bonum,
2820 3243 2987 3287 totam
3026 3233 3178 3287 vobis
3201 3234 3475 3288 historiam
3507 3249 3690 3303 opera:

2088 3329 2315 3399 pretiunt
2382 3326 2541 3381 fuerit
2597 3326 2848 3393 recitari,
2904 3334 2961 3380 ut
3018 3326 3141 3379 inde
3192 3332 3526 3396 cognoscat‘s
3582 3344 3691 3391 quo

2089 3426 2245 3487 pacto
2276 3425 2393 3485 post
2424 3416 2668 3478 verbera,
2692 3425 2813 3484 post
2843 3431 3118 3469 carcerem
3144 3456 3160 3480 ,
3194 3417 3374 3470 omnia
3402 3417 3490 3470 Dei
3517 3420 3686 3487 gratia

2087 3508 2138 3561 in
2168 3507 2367 3560 bonum
2398 3508 2636 3561 mutarit.
2662 3507 2766 3562 Sed
2796 3506 3092 3573 videamus,
3118 3523 3223 3576 qua
3252 3509 3461 3563 ratione
3496 3509 3687 3563 beatus

2089 3598 2138 3650 id
2172 3596 2346 3651 Lucas
2375 3596 2574 3651 indit-et
2602 3597 2789 3650 dicens
2816 3595 2974 3651 :Cum
3016 3607 3187 3651 autem
3241 3601 3340 3652 tale
3381 3610 3687 3669 proneptem

2086 3691 2360 3760 accepisset
2402 3690 2617 3742 carceris
2644 3700 2833 3751 cnstos,
2862 3689 2995 3742 misit
3017 3706 3101 3742 eos
3130 3690 3180 3741 in
3204 3689 3491 3743 interiorem
3509 3707 3683 3744 ωηεν

2084 3798 2208 3843 rem,
2236 3790 2279 3832 et
2300 3781 2448 3847 pedes
2470 3796 2640 3831 eorum
2670 3779 2875 3833 strinxit
2897 3779 3034 3848 ligno
3061 3780 3201 3847 (Act.
3229 3780 3311 3833 16.
3343 3780 3454 3850 24).
3500 3782 3687 3837 Anim-

2084 3871 2303 3924 adverte
2334 3885 2440 3939 quo
2481 3878 2636 3937 pacto
2678 3879 2974 3938 augeantur
3014 3869 3151 3923 mala
3178 3911 3191 3933 ,
3224 3880 3280 3923 ut
3321 3871 3686 3941 apostolorum

2084 3962 2244 4016 etiam
2286 3960 2537 4029 patientia
2574 3960 2665 4013 fiat
2695 3959 2955 4013 illustrior
2978 4000 2993 4024 ,
3025 3970 3078 4013 et
3111 3960 3367 4013 immensa
3401 3960 3489 4015 Dei
3519 3961 3687 4014 virtus

2084 4054 2335 4108 omnibus
2360 4053 2642 4107 manifesta
2670 4052 2947 4107 reddatur.
2982 4053 3118 4106 Audi
3162 4067 3292 4106 vero
3319 4053 3445 4119 quid
3492 4069 3686 4122 aequa.

2087 4156 2173 4199 tur
2203 4162 2215 4197 :
2258 4143 2408 4198 addit
2435 4143 2580 4197 enim
2599 4185 2614 4207 ,
2647 4142 2821 4197 Media
2866 4152 3036 4196 autem
3081 4153 3226 4195 nocte
3255 4141 3449 4195 Paulus
3470 4152 3515 4196 et
3545 4143 3688 4197 Silus

2086 4248 2287 4292 orantes
2330 4235 2608 4290 laudabant
2646 4234 2809 4287 Deum
2840 4235 2859 4305 (
2895 4233 2976 4287 Ib.
3011 4250 3059 4287 lt.
3095 4235 3164 4289 25
3195 4238 3236 4304 ).
3270 4233 3405 4289 Vide
3448 4237 3685 4290 animum

2091 4329 2405 4392 excitatum,
2435 4326 2556 4382 vide
2584 4327 2797 4396 vigilem
2827 4336 3060 4380 mentem
3090 4342 3105 4381 :
3138 4342 3212 4381 ne
3236 4337 3437 4382 temere
3467 4337 3686 4397 praetcr-

2086 4436 2274 4477 eamns
2318 4436 2439 4492 quae
2466 4418 2606 4474 dicta
2637 4427 2794 4482 sunt,
2821 4416 3177 4472 dilectissimi.
3219 4417 3331 4470 Non
3385 4418 3527 4471 enim
3568 4418 3688 4473 sine

2087 4530 2245 4569 causa
2278 4523 2488 4583 tempus
2514 4514 2686 4582 ipsum
2723 4512 3021 4582 designavit
3057 4511 3271 4574 dicens,
3307 4508 3481 4565 Media
3511 4520 3683 4564 autem

2088 4617 2261 4668 nocte,
2304 4602 2398 4659 sed
2430 4604 2572 4675 quod
2600 4604 2763 4657 vellet
2791 4601 3075 4657 ostendere
3097 4644 3112 4667 ,
3147 4602 3197 4655 id
3242 4611 3448 4671 gestum
3478 4616 3597 4657 esse
3620 4618 3687 4658 eo

2091 4708 2369 4765 tempore,
2414 4711 2523 4765 quo
2560 4695 2771 4750 caneris
2820 4695 3068 4750 omnibus
3122 4694 3295 4749 dulcis
3344 4694 3557 4749 advenit
3593 4712 3686 4749 sn-

2089 4804 2268 4855 mnus,
2292 4798 2345 4841 et
2371 4787 2651 4858 palpebras
2679 4786 2925 4855 consopit
2944 4828 2959 4849 ,
2985 4796 3041 4842 et
3064 4802 3169 4855 quo
3197 4787 3229 4839 ii
3255 4828 3267 4850 ,
3302 4786 3569 4855 prmeipuc
3596 4789 3684 4857 qui

2091 4880 2273 4934 multis
2307 4878 2584 4933 doloribus
2632 4892 2695 4931 ac
2743 4878 3004 4932 molestiis
3050 4887 3175 4931 sunt
3218 4877 3423 4931 obsessi
3496 4893 3692 4933 somno

2090 4970 2284 5039 corripi
2332 4970 2685 5026 solent:tum
2727 4968 2909 5039 igitur,
2947 4968 3137 5036 inquit,
3167 4984 3288 5023 cum
3320 4967 3555 5037 undique
3600 4984 3690 5022 so.

2091 5065 2198 5119 nini
2247 5064 2325 5116 vis
2379 5062 2745 5117 dominaretur
2801 5070 2856 5116 ct
2907 5062 3109 5131 vigeret
3139 5099 3153 5123 ,
3191 5071 3313 5114 tunc
3366 5060 3439 5114 illi
3472 5061 3690 5114 Orontes

2095 5155 2256 5209 Deum
2284 5153 2583 5218 laudabant,
2617 5162 2675 5207 et
2701 5151 2802 5206 hoc
2831 5166 2941 5205 suae
2966 5151 3017 5205 iu
3061 5151 3210 5205 illum
3241 5152 3479 5205 caritatis
3517 5156 3689 5206 maxi-

2093 5262 2241 5302 mum
2293 5244 2547 5301 indicium
2611 5244 2864 5299 edebant.
2914 5243 3046 5299 Nam
3096 5244 3548 5313 quemadmodum
3592 5261 3691 5298 nos

2093 5340 2306 5409 quoties
2332 5339 2610 5395 doloribus
2649 5337 2889 5406 corporis
2914 5335 3245 5400 divexamur,
3271 5337 3689 5405 propinquorum

2092 5448 2442 5505 congressum
2486 5429 2827 5501 requirimus,
2864 5438 2921 5483 ut
2971 5428 3321 5481 intentionem
3347 5427 3547 5481 doloris
3575 5429 3691 5482 illo.

2097 5543 2212 5581 rtttn
2245 5526 2483 5594 alloquio
2512 5524 2815 5591 mitigemus
2848 5546 2859 5573 :
2902 5521 2981 5575 sic
3025 5522 3185 5574 etiam
3230 5520 3279 5573 hi
3312 5522 3479 5574 sancti
3506 5537 3692 5576 amore

2095 5620 2148 5673 in
2178 5618 2460 5673 Dominum
2485 5610 2817 5678 inﬂammati,
2849 5629 2912 5668 ac
2939 5628 3122 5667 sacros
3150 5612 3377 5683 hymnos
3404 5612 3695 5667 oll'crentes

2102 5726 2167 5764 ne
2199 5723 2414 5763 sensum
2451 5707 2665 5777 quidem
2703 5706 2912 5760 illarum
2965 5706 3326 5759 molestiarum
3369 5705 3691 5773 capiebant,

2097 5801 2191 5860 scd
2215 5800 2307 5856 toti
2339 5801 2391 5855 in
2422 5800 2716 5858 oralionem
2758 5797 3136 5855 incumbebant
3162 5839 3175 5859 .
3208 5807 3263 5854 et
3296 5797 3590 5853 inhabilem
3634 5797 3690 5850 il-
