4080 6464
314 358 435 412 169

331 474 458 522 tum
479 466 805 539 hynntorum
828 476 1043 522 αιιιιιιιιι
1072 466 1391 535 oti-'etehant,
1412 484 1475 524 ac
1489 470 1745 541 deinceps
1770 487 1958 529 carcer

331 558 580 613 ecclesia
610 556 774 614 ﬂebat
794 599 807 617 .
839 562 892 611 et
918 558 1132 612 illorum
1163 567 1473 614 sanctorum
1504 570 1666 615 cantu
1696 572 1840 617 totus
1867 564 1955 620 ille

332 654 499 705 locus
527 649 981 706 uinctiticabatur.
1021 650 1097 706 Ae
1120 650 1303 707 ridere
1330 661 1450 706 erat
1475 667 1565 708 res
1586 656 1749 710 miras
1783 663 1837 711 et
1878 657 1959 712 ln—

330 743 593 809 usitatas,
624 742 867 797 homines
910 741 1056 813 ligno
1097 743 1376 812 alligatos,
1412 760 1587 815 neque
1613 753 1793 802 tamen
1823 762 1961 816 quo-

332 834 526 887 minus
556 834 784 905 hymnos
817 834 1393 905 canerentquidquam
1426 836 1695 906 impediri.
1725 838 1952 910 Vigilem

330 923 491 979 enim
524 934 578 977 et
608 934 898 989 attentum,
925 933 982 980 et
1009 925 1220 981 ardenti
1262 928 1316 982 in
1360 928 1526 984 Deum
1564 945 1954 987 antorecorro-

333 1023 494 1085 ptum
526 1013 658 1067 nihil
691 1029 944 1084 umquam
972 1017 1173 1087 pulerit
1209 1031 1237 1069 a
1270 1018 1545 1088 colloquio
1564 1034 1689 1074 cum
1723 1020 1952 1075 Domino

331 1103 672 1172 prohibere:
704 1102 846 1159 Deus
874 1107 1019 1159 enim
1048 1148 1063 1168 ,
1117 1107 1327 1176 inquit,
1382 1110 1804 1180 appropinquans
1857 1127 1950 1181 ego

326 1211 455 1248 sum
484 1238 499 1262 ,
524 1207 572 1249 et
628 1214 729 1250 non
755 1195 897 1251 Deus
948 1198 1139 1271 Ionge(
1166 1199 1361 1254 Jerem.
1406 1202 1497 1257 25.
1528 1202 1641 1276 23)
1674 1218 1689 1267 ς
1715 1213 1772 1259 et
1820 1205 1949 1262 alibi

326 1302 529 1341 rursus
553 1328 568 1352 ,
597 1288 780 1342 Adhuc
823 1290 1059 1359 loquente
1082 1300 1131 1344 te
1155 1291 1356 1358 dicam,
1392 1291 1521 1347 Ecce
1556 1295 1742 1349 adsum
1777 1295 1798 1369 (
1818 1295 1948 1351 Isai.

326 1379 430 1434 58.
464 1380 553 1450 9).
584 1380 683 1436 Ubi
728 1382 995 1453 siquidem
1030 1384 1257 1454 vigilans
1285 1386 1502 1441 animus
1527 1386 1710 1455 fuerit,
1742 1390 1944 1445 excita-

328 1480 427 1523 tur
456 1472 616 1537 ratio,
659 1482 715 1527 et
759 1474 1145 1543 propemodum
1195 1481 1439 1546 corporis
1478 1480 1712 1536 vinculis
1743 1482 1947 1538 libera-

326 1572 444 1626 tur,
487 1572 542 1616 et
567 1564 745 1617 evolat
774 1564 839 1617 ad
862 1580 985 1617 eum
1016 1580 1176 1635 quem
1218 1566 1390 1638 diligit
1414 1612 1429 1635 ,
1455 1578 1652 1625 terram
1680 1573 1941 1644 despicit,

322 1659 385 1703 et
416 1666 538 1721 quae
577 1662 699 1705 sunt
729 1653 901 1708 oculis
937 1655 1174 1725 subjeCIa
1206 1671 1537 1729 exsuperans
1573 1662 1642 1716 ad
1680 1664 1827 1718 illum
1864 1665 1941 1718 fe-

318 1739 537 1794 stinat:
566 1742 708 1812 quod
754 1745 933 1813 utique
974 1745 1175 1800 sanctis
1202 1747 1362 1800 etiam
1386 1750 1504 1805 istis
1535 1754 1778 1823 contigit.
1813 1754 1945 1811 Vide

322 1842 565 1903 namque
584 1834 815 1888 celerem
858 1845 914 1890 et
938 1836 1214 1893 efﬁcacem
1243 1840 1565 1913 hymnorum
1594 1845 1725 1912 vim,
1753 1856 1807 1901 et
1832 1863 1940 1918 quo

322 1935 489 1992 pacto
539 1938 662 1978 cum
716 1926 767 1979 in
815 1940 1035 1982 carcere
1077 1941 1444 1994 versarentur.
1477 1944 1532 1988 et
1561 1936 1759 2005 alligati
1793 1938 1939 2007 ligno

319 2025 534 2080 essent,
571 2024 736 2085 atque
771 2020 1153 2085 impostnrihns
1192 2030 1245 2075 et
1284 2024 1509 2092 captivis
1536 2025 1800 2095 admixti,
1830 2043 1935 2084 non

319 2109 495 2162 modo
519 2108 650 2163 nihil
682 2112 821 2179 passi
850 2112 959 2165 sint
1003 2114 1312 2169 detrimenti
1343 2158 1358 2181 ,
1394 2118 1487 2171 sed
1515 2128 1568 2171 et
1594 2118 1693 2173 hac
1726 2120 1937 2178 ratione

318 2199 1016 2267 splendidioresevaserint
1041 2245 1054 2266 ,
1083 2215 1138 2259 et
1161 2221 1352 2261 omnes
1382 2248 1397 2273 ,
1431 2210 1519 2277 qui
1550 2225 1823 2266 canerem
1853 2214 1936 2268 in-

318 2290 614 2355 colebant,
648 2292 861 2347 virtntis
917 2309 1031 2349 sua:
1080 2297 1245 2350 radiis
1292 2299 1677 2355 collustrarint.
1725 2302 1933 2373 Quippe

318 2382 412 2435 illa
443 2397 848 2439 sacrorum-vox
889 2385 1213 2457 hymnorum
1240 2404 1363 2444 cum
1393 2392 1443 2443 in
1475 2396 1710 2447 animam
1742 2395 1930 2451 unius-

316 2474 583 2545 cujusque
616 2478 955 2546 captivorum
982 2489 1351 2549 penetrasset,
1377 2487 1753 2540 transmulavit
1783 2487 1926 2543 illam

317 2567 731 2635 proliemndum,
760 2584 823 2623 ac
851 2569 1182 2625 reformavit.
1211 2573 1394 2627 Subito
1412 2576 1577 2642 enim,
1612 2578 1800 2647 inquit,
1823 2588 1927 2634 ter-

315 2673 393 2710 ra:
412 2668 580 2711 motus
609 2659 776 2728 [actus
819 2672 891 2715 est
936 2678 1148 2734 magnus
1167 2705 1182 2730 ,
1212 2664 1284 2717 ita
1314 2675 1369 2718 ut
1395 2680 1712 2721 moverentur
1738 2672 1928 2741 [unda-

314 2761 486 2803 πωπω
510 2752 726 2805 carceris
751 2794 766 2815 ,
800 2763 844 2806 et
886 2756 1059 2806 statim
1098 2766 1273 2824 aperta
1316 2768 1434 2810 sunt
1461 2761 1631 2812 omnia
1675 2762 1806 2816 ostia
1832 2805 1847 2826 ,
1880 2774 1928 2817 et

314 2842 667 2895 uniuersorum
690 2843 889 2897 uincula
914 2844 1083 2898 soluta
1108 2859 1226 2899 sunt
1256 2847 1274 2917 (
1308 2849 1417 2902 Act.
1447 2852 1530 2906 l6.
1560 2851 1631 2907 26
1660 2855 1700 2921 ).
1739 2854 1923 2925 Vides,

314 2937 641 3003 hymnorum
667 2975 684 3000 ,
726 2935 813 3004 qui
854 2935 963 2989 Deo
1008 2948 1296 3003 canuntur,
1354 2940 1652 2997 virtutetnl
1702 2942 1816 2999 Non
1848 2945 1925 3001 illi

314 3024 476 3077 lilOdO
505 3065 520 3087 ,
554 3025 644 3093 qui
691 3026 1001 3079 obtulerunt
1064 3026 1315 3098 hymnos,
1368 3030 1616 3085 solatinm
1661 3048 1917 3103 percepe-

313 3125 436 3170 runt
470 3157 485 3180 ,
514 3117 607 3171 sed
639 3117 801 3171 etiam
828 3117 1142 3183 ellecerunt,
1174 3131 1229 3172 ut
1273 3121 1515 3175 omnium
1556 3124 1765 3179 vincula
1805 3127 1921 3181 sol-

311 3218 567 3265 verentur
615 3225 629 3262 :
682 3218 741 3263 ut
780 3208 941 3265 factis
996 3212 1124 3281 ipsis
1182 3212 1578 3279 innotesceret,
1609 3231 1718 3286 quo
1764 3228 1920 3287 pacto

317 3302 485 3357 Deum
511 3303 839 3374 diligentibus
868 3305 1041 3358 omnia
1077 3316 1413 3374 cooperantur
1442 3309 1494 3361 in
1522 3308 1730 3365 bonum.
1779 3310 1920 3367 Ecce

312 3411 543 3466 namque
574 3396 822 3462 verbera,
854 3410 1062 3463 carcer,
1096 3398 1389 3467 compedes
1413 3439 1429 3463 ,
1460 3408 1515 3453 et
1540 3415 1663 3455 cum
1700 3402 1919 3456 carniﬁ-

308 3489 458 3542 cibus
501 3488 883 3555 conversatio,
933 3499 988 3541 et
1040 3496 1217 3569 tamen
1276 3490 1390 3543 haec
1438 3493 1617 3545 omnia
1650 3492 1914 3548 bonorum

306 3578 531 3633 materia
563 3578 778 3633 fuerunt
804 3588 857 3634 et
894 3580 1108 3634 occasio
1146 3581 1329 3649 gloriae
1352 3622 1367 3646 ,
1412 3597 1517 3636 non
1552 3582 1681 3651 ipsis
1705 3595 1911 3640 tantum

310 3684 405 3722 nec
436 3667 539 3722 illis
567 3669 657 3738 qui
689 3683 963 3723 carcerem
994 3670 1299 3724 incolebant
1328 3672 1577 3741 captivis,
1610 3673 1705 3728 sed
1733 3685 1787 3736 ct
1810 3677 1908 3746 ipsi

307 3760 511 3816 custodi
540 3763 794 3815 carceris.
844 3761 1251 3835 Expergefactus
1298 3765 1442 3819 enim
1466 3807 1481 3829 ,
1512 3766 1713 3835 inquit,
1743 3780 1910 3824 custos

306 3857 537 3918 carceris,
570 3864 616 3908 et
666 3856 839 3909 uidens
873 3858 1067 3925 januas
1105 3867 1313 3927 apertas
1354 3861 1572 3913 carceris
1597 3904 1609 3925 ,
1643 3863 1908 3932 euaginata

306 3947 472 4016 gladio
501 3946 695 3999 uolebat
732 3964 787 4000 se
822 3948 1139 4016 inter/icere,
1184 3950 1442 4003 wstimans
1486 3952 1677 4021 fugisse
1714 3954 1907 4008 cinctos

307 4041 323 4107 (
359 4037 436 4092 Ib.
458 4056 504 4093 υ.
530 4038 599 4092 27
624 4038 664 4111 ).
692 4038 771 4093 Tu
804 4039 932 4093 mihi
962 4038 1063 4093 hoc
1089 4041 1207 4094 loco
1228 4041 1318 4094 Dei
1354 4041 1743 4111 benignitatem
1773 4060 1903 4098 cnn-

304 4134 492 4195 sidera.
511 4148 667 4203 quam
695 4134 841 4187 nulla
868 4134 1169 4204 exprimere
1200 4141 1375 4204 potest
1402 4136 1596 4190 oratio.
1628 4136 1736 4190 Cur
1756 4137 1901 4192 enim

307 4227 475 4281 media
506 4237 665 4282 nocte
692 4227 826 4281 iiuut
857 4226 973 4282 bam
1000 4228 1226 4282 omnia?
1257 4228 1469 4283 Nullam
1492 4229 1653 4284 aliam
1681 4230 1753 4285 ob
1772 4246 1901 4284 can.

303 4336 408 4375 sam
436 4362 452 4386 ,
483 4320 587 4375 nisi
618 4330 673 4374 ut
705 4319 1073 4389 providentur,
1106 4330 1158 4375 ut
1185 4320 1303 4375 sine
1330 4322 1500 4375 turbis
1529 4333 1584 4377 et
1614 4325 1899 4391 tranquille

302 4426 381 4466 res
418 4411 686 4475 succedat,
721 4418 777 4466 et
814 4411 969 4467 saluti
997 4412 1238 4467 custodis
1277 4413 1511 4467 carceris
1557 4414 1893 4469 consulatur.

300 4503 420 4556 Cum
451 4503 595 4556 enim
634 4511 793 4557 terra:
820 4510 998 4556 motus
1021 4503 1330 4567 accidisset,
1360 4512 1413 4557 et
1456 4514 1709 4558 reseratae
1752 4505 1896 4560 fures

298 4604 493 4660 essent,
520 4595 759 4649 omnium
785 4596 876 4664 qui
900 4604 1055 4649 erant
1079 4595 1150 4650 ibi
1179 4596 1351 4650 soluta
1379 4604 1507 4648 sunt
1530 4595 1760 4660 vincula,
1792 4610 1893 4650 nec

301 4688 381 4741 ulli
412 4687 727 4756 permissum
749 4696 854 4751 est,
887 4698 945 4741 ut
972 4687 1096 4743 inde
1116 4687 1447 4742 discederet.
1479 4686 1652 4741 Aliam
1677 4703 1891 4757 quoque

303 4779 382 4833 Dei
423 4779 739 4849 sapientiam
794 4778 883 4834 hic
922 4779 1310 4849 contemplare.
1354 4776 1487 4832 Nam
1526 4778 1626 4832 alia
1668 4777 1887 4847 quidem

298 4881 602 4935 creuerunt,
627 4881 785 4926 terra:
815 4880 1014 4936 mutus,
1048 4872 1285 4941 inquam,
1318 4878 1373 4924 et
1406 4870 1668 4925 rescratio
1688 4870 1887 4940 janua-

299 4977 423 5027 rum,
450 4970 510 5016 ut
550 4962 713 5018 rebus
732 4962 863 5033 ipsis
888 4976 1081 5018 omnes
1104 4963 1461 5032 intelligerent
1482 4962 1670 5032 quales
1700 4963 1770 5017 illi
1799 4977 1888 5018 es-

297 5064 431 5121 sent,
460 5056 550 5126 qui
577 5064 705 5110 tuuc
733 5068 1010 5127 carcerem
1041 5056 1391 5122 habitabant,
1421 5072 1594 5124 tque
1636 5056 1884 5125 vulgares

300 5149 526 5203 homines
551 5163 671 5204 esse
704 5166 717 5203 :
756 5165 917 5220 porro
966 5150 1167 5205 nemini
1198 5152 1422 5220 contigit
1465 5160 1523 5205 ut
1552 5156 1760 5217 exiret,
1816 5170 1883 5209 ne

296 5241 417 5307 quod
468 5240 594 5297 inde
632 5244 925 5310 periculum
952 5243 1159 5297 custodi
1191 5245 1425 5297 carceris
1452 5258 1746 5301 ert-aretur.
1780 5250 1880 5303 At-

296 5346 381 5401 que
408 5342 466 5385 ut
510 5333 613 5387 hoc
655 5349 838 5387 verum
867 5348 988 5389 esse
1030 5334 1334 5406 intelligas,
1364 5338 1485 5389 andi
1530 5353 1635 5404 quo
1685 5350 1875 5409 pacto,

300 5439 404 5478 cum
436 5425 487 5479 id
514 5426 776 5481 accidisse
805 5427 1172 5495 suspicaretur
1198 5439 1384 5482 custos
1404 5430 1659 5491 carceris.
1693 5441 1748 5484 et
1775 5447 1875 5485 au-

296 5516 471 5585 fugisse
502 5520 760 5588 qunsdam
794 5530 1027 5588 putaret,
1059 5523 1219 5575 etiam
1255 5521 1417 5574 vitam
1446 5537 1597 5575 Suam
1633 5533 1867 5577 euntem-

296 5609 458 5676 psorit.
483 5609 769 5682 Eraginato
788 5614 956 5674 enim.
983 5613 1171 5683 inquit,
1204 5614 1398 5684 gladio,
1425 5615 1617 5668 volebat
1637 5632 1691 5669 se
1718 5617 1869 5670 inte:-

296 5700 420 5768 βεστ
439 5716 457 5755 :
478 5702 573 5755 sed
601 5705 691 5773 qui
732 5704 853 5774 vigil
883 5704 1079 5775 ubique
1112 5718 1270 5774 atque
1299 5706 1711 5776 expergefactus
1730 5717 1865 5771 erat,

295 5793 451 5848 beatus
481 5793 783 5857 l’aulus,ex
833 5796 1023 5850 bellum.
1066 5798 1304 5851 lancibus
1355 5815 1448 5853 sua
1499 5813 1627 5852 voce
1672 5813 1867 5868 agnum

1043 355 1109 409 IN
1149 354 1378 424 ILLUD,
1414 357 1825 417 DIIJCENTIB.
1871 363 2066 425 ῐιειιιι
2104 372 2319 429 OMNIA
2358 374 2557 431 COOP.
2602 378 2666 432 IN
2704 380 2962 437 BONUM.

3567 391 3671 449 liti

2066 481 2286 552 eripuit.
2314 485 2575 543 Clamauit
2601 494 2740 548 enim
2771 512 2895 551 rore
2913 514 3107 569 magna
3144 500 3349 570 dicens,
3368 524 3374 529 λ
3393 502 3547 561 Nihil
3574 510 3672 565 tibi

2068 574 2198 669 t‘naIi
2221 575 2405 654 feceris
2428 597 2446 644 ;
2472 584 2703 639 uniuersi
2737 589 2876 643 enim
2907 590 2993 644 hic
3030 608 3214 648 sumus
3252 596 3394 666 (Act.
3432 597 3513 656 i6.
3547 600 3662 669 28).

2066 660 2113 717 0
2142 664 2513 725 incredibilem
2556 674 2953 736 humilitatem!
2998 681 3112 739 Non
3148 660 3327 745 elatus
3361 699 3447 745 est
3486 694 3540 747 in
3570 660 3663 749 su-

2066 755 2309 821 peritiam
2332 760 2402 814 ob
2427 776 2489 815 ea
2518 777 2640 831 qua!
2672 769 3009 837 acciderant,
3037 789 3143 828 non
3171 777 3223 830 in
3247 782 3525 837 custodem
3546 800 3663 841 can

2067 850 2211 946 ceris
2228 852 2544 923 insurrexit,
2572 862 2775 918 nullum
2795 881 3062 938 arrogans
3088 873 3293 929 dictum
3320 875 3396 931 illi
3422 881 3663 946 excidit;

2067 940 2165 995 sed
2202 959 2326 998 cum
2357 946 2577 1013 vinctis.
2630 969 2753 1009 cum
2806 958 3108 1030 lictoribus,
3135 980 3259 1021 cum
3290 970 3553 1028 malelicis
3582 992 3667 1031 se-

2067 1031 2243 1101 ipsum
2271 1040 2612 1107 numerabat,
2644 1046 2832 1103 dicens
2856 1064 2871 1104 :
2899 1048 3139 1109 Um'uersi
3160 1058 3248 1112 Itic
3268 1076 3473 1117 sumus.
3503 1065 3672 1122 Vides

2067 1122 2292 1193 insignis
2318 1139 2443 1181 eum
2481 1129 2804 1192 humilitatis
2837 1144 3146 1213 exemplum
3188 1149 3373 1217 edere,
3426 1169 3526 1209 nec
3565 1159 3669 1213 sibi

2060 1219 2181 1289 plus
2208 1236 2368 1292 quam
2395 1226 2653 1285 maleﬁcis
2673 1235 2906 1301 ceteris,
2925 1238 3016 1307 qui
3049 1241 3162 1296 illic
3189 1254 3365 1309 erant,
3392 1248 3626 1305 tribuere
3643 1253 3669 1305 τ

2060 1310 2198 1368 Vide
2215 1312 2327 1383 jam
2355 1332 2463 1387 quo
2507 1334 2664 1390 pacto
2702 1323 2939 1383 carceris
2978 1331 3140 1387 etiam
3173 1346 3362 1391 custos
3392 1356 3499 1395 non
3523 1351 3663 1398 tam-

2057 1416 2218 1470 quam
2245 1404 2311 1458 ad
2344 1421 2507 1462 unum
2548 1426 2616 1465 ex
2642 1412 2761 1468 altis
2791 1416 2859 1470 ad
2891 1418 3039 1474 illum
3069 1423 3293 1479 accedat
3333 1443 3348 1481 :
3380 1431 3661 1486 conliden-

2063 1496 2168 1548 liur
2191 1497 2335 1552 enim
2367 1505 2538 1562 factus
2564 1551 2579 1575 ,
2625 1507 2896 1581 Petitoque
2918 1514 3109 1569 tantine
3130 1518 3473 1589 introgressus
3499 1532 3594 1588 est,
3618 1536 3663 1577 et

2055 1598 2378 1667 tremefactus
2403 1602 2629 1669 procidit
2665 1602 2835 1659 Paulo
2876 1617 2923 1660 et
2968 1608 3102 1664 Sila
3124 1653 3139 1677 ,
3172 1623 3219 1665 et
3261 1614 3549 1681 producent
3578 1633 3663 1670 eos

2052 1690 2193 1761 foras
2215 1694 2285 1745 ait
2310 1708 2329 1747 :
2360 1690 2605 1761 Domini,
2634 1696 2758 1765 quid
2793 1714 2872 1752 me
2900 1710 3097 1769 oportet
3144 1704 3311 1770 facere
3334 1745 3349 1768 ,
3392 1715 3446 1757 stt
3491 1709 3660 1761 salvus

2052 1784 2175 1851 [iam
2205 1786 2223 1855 (
2247 1782 2331 1839 Ib.
2362 1801 2408 1841 tt.
2445 1786 2536 1842 29.
2567 1790 2638 1845 30
2662 1790 2720 1859 )l
2750 1789 2951 1847 Videtis
2977 1809 3085 1864 quo
3129 1809 3287 1865 pacto
3316 1796 3659 1870 Diligentisz

2053 1874 2221 1929 Deum
2265 1878 2439 1932 omnia
2486 1892 2819 1951 coaperentnr
2846 1884 2899 1939 in
2946 1886 3414 1945 bonumIVidetis
3452 1891 3650 1947 diaboli

2050 1966 2295 2021 machina
2327 1984 2433 2038 quo
2463 1980 2618 2039 pacto
2648 1973 2803 2028 fuerit
2831 1964 3085 2046 dissoluta
3108 1979 3133 2031 ?
3163 1995 3270 2050 quo
3295 1992 3454 2051 pacto
3491 1984 3545 2038 in
3574 1986 3657 2039 ni-

2050 2056 2214 2111 hilum
2247 2060 2675 2117 machinationes
2697 2064 2813 2132 ejus
2859 2066 3189 2123 reciderintl
3218 2069 3350 2125 Nam
3382 2087 3503 2143 cum
3530 2075 3647 2128 dan

2046 2168 2261 2208 nionem
2288 2155 2608 2223 ejecissent,
2630 2170 2685 2211 nt
2708 2158 2759 2213 in
2796 2173 3070 2217 carcerem
3100 2165 3500 2233 conjicereutur
3513 2170 3643 2225 elle—

2042 2245 2135 2308 cit,
2162 2256 2309 2301 ratus
2337 2264 2395 2303 se
2426 2249 2540 2303 hoc
2570 2262 2727 2319 pacto
2774 2253 3173 2322 prmdicationis
3217 2260 3396 2314 cursui
3439 2261 3649 2317 obicem

2042 2338 2437 2405 Oppositurum.
2465 2340 2570 2395 Sed
2601 2357 2727 2397 ecce
2750 2358 2937 2400 carcer
2956 2348 3118 2401 etiam
3147 2359 3388 2419 quastus
3410 2352 3516 2408 illis
3536 2370 3650 2408 ma—

2042 2430 2229 2484 teriam
2259 2433 2551 2502 spiritualis
2582 2436 2798 2505 objecil.

2110 2554 2165 2608 4.
2198 2554 2413 2625 Aﬁlictio
2442 2556 2710 2628 diligentes
2735 2561 2899 2614 reddit
2925 2571 2970 2615 et
3000 2572 3233 2619 attentos.
3254 2595 3326 2605 —
3354 2565 3496 2634 Ergo
3521 2581 3646 2634 pns-

2036 2659 2224 2701 sutuus
2255 2662 2353 2701 nos
2374 2663 2609 2717 quoque,
2644 2651 2685 2702 si
2718 2653 2957 2729 sapimus
2986 2668 3049 2707 ac
3081 2656 3271 2725 vigiles
3299 2672 3507 2722 sumus,
3529 2674 3634 2712 non

2036 2736 2196 2792 modo
2214 2753 2339 2793 cum
2382 2756 2467 2794 res
2502 2742 2755 2797 secunda:
2784 2754 2932 2811 sunt,
2964 2746 3059 2801 sed
3086 2756 3284 2802 etcum
3312 2747 3601 2818 afﬂigimur
3626 2791 3643 2815 ,

2034 2832 2241 2886 lucrum
2267 2836 2545 2904 acquirere
2571 2878 2585 2899 ,
2615 2851 2677 2891 ac
2708 2848 2818 2892 tum
2862 2840 3022 2894 etiam
3057 2842 3225 2911 magis
3251 2884 3265 2905 ,
3315 2858 3475 2913 quam
3507 2858 3630 2898 cum

2032 2925 2283 2980 secundis
2318 2927 2481 2981 rebus
2520 2927 2766 2984 fruimur.
2820 2928 3112 2987 lnertiores
3142 2934 3285 2986 enim
3317 2933 3637 3005 plerumque

2031 3030 2130 3071 nos
2151 3018 2383 3074 reddunt
2401 3021 2653 3078 secundae
2679 3037 2765 3077 res
2791 3039 2803 3074 :
2828 3021 3150 3078 afﬂictiones
3191 3035 3371 3080 autem
3401 3026 3531 3081 dum
3553 3030 3636 3081 vi-

2026 3110 2163 3179 giles
2189 3127 2288 3166 nos
2317 3112 2568 3180 reddunt,
2600 3115 2860 3169 auxilium
2888 3116 3046 3171 nobis
3064 3118 3283 3172 cteleste
3307 3121 3619 3184 conciliant.

2026 3216 2091 3256 ac
2121 3211 2232 3257 tum
2286 3205 2554 3273 praecipuo
2581 3245 2596 3270 ,
2646 3220 2769 3261 cum
2796 3216 3018 3279 propter
3066 3222 3217 3276 spem
3250 3209 3303 3263 in
3338 3210 3505 3265 Deum
3537 3229 3634 3281 pa-

2027 3293 2291 3360 tientiam,
2318 3303 2373 3349 et
2415 3294 2467 3349 in
2495 3295 2769 3362 omnibus,
2796 3314 2917 3367 qua:
2963 3297 3287 3365 inferuntur,
3320 3300 3626 3358 afﬂictioni-

2024 3384 2125 3439 bus
2148 3384 2480 3440 tolerantiam
2508 3387 2848 3443 exhibemus.
2881 3387 2958 3445 Ne
3005 3390 3166 3461 igitur
3208 3391 3489 3448 doleamus
3516 3437 3532 3461 ,
3580 3398 3626 3449 si

2021 3474 2237 3546 quando
2258 3477 2596 3543 tribulemur,
2630 3479 2723 3534 sed
2772 3482 2949 3549 potius
2995 3483 3324 3551 gaudeamus
3357 3503 3371 3538 :
3402 3486 3452 3539 id
3477 3489 3624 3541 enim

2023 3569 2177 3623 nobis
2205 3568 2257 3623 in
2286 3571 2627 3627 occasionem
2655 3573 2841 3642 glorise
2870 3575 3050 3629 vertit.
3093 3575 3385 3647 Propterea
3428 3580 3627 3637 Paulus

2018 3660 2180 3713 etiam
2207 3660 2461 3725 dicebat,
2506 3660 2712 3717 Scimus
2756 3674 2959 3727 autem,
3003 3668 3245 3734 quoniam
3290 3669 3617 3740 diligentibus

2022 3751 2181 3803 Deum
2224 3753 2395 3805 omnia
2442 3764 2778 3823 cooperantur
2825 3757 2877 3808 in
2931 3760 3135 3810 bonum.
3191 3759 3296 3813 Sed
3338 3762 3615 3818 ardentem

2016 3858 2325 3901 sanctorum
2384 3848 2605 3902 istorum
2660 3849 2898 3904 animum
2946 3852 3244 3908 videamus.
3293 3854 3424 3907 Cum
3460 3857 3621 3925 igitur

2013 3941 2290 3995 custodem
2334 3941 2567 3996 carceris
2618 3941 2888 3997 dicentem
2944 3945 3223 4001 audissent
3274 3966 3287 4001 :
3351 3948 3489 4015 Quid
3543 3969 3622 4005 me

2011 4041 2207 4101 Oportet
2238 4032 2405 4101 facere
2428 4074 2443 4099 ,
2472 4043 2526 4086 ut
2554 4032 2723 4088 salvus
2749 4035 2874 4105 [iam
2912 4035 3021 4104 (Ib.
3048 4055 3094 4091 υ.
3128 4040 3197 4094 50
3219 4040 3282 4110 )l
3336 4058 3463 4096 num
3507 4045 3615 4098 dis-

2013 4126 2297 4179 tulerunt?
2338 4142 2465 4180 num
2490 4127 2725 4181 cunctati
2750 4129 2916 4183 sunt?
2939 4145 3063 4182 nutu
3107 4131 3436 4187 catecbismo
3467 4135 3613 4189 illum

2011 4215 2251 4270 imbuere
2308 4218 2708 4286 neglexerunt?
2759 4220 2918 4274 Nullo
2973 4220 3134 4274 modo
3190 4238 3203 4274 :
3256 4222 3351 4276 sed
3384 4225 3509 4292 qttid
3543 4229 3607 4279 ad

2006 4310 2170 4363 eum?
2200 4309 2362 4364 Crede
2402 4311 2454 4363 in
2496 4310 2773 4365 Dominum
2802 4312 2980 4365 Iesum
3008 4313 3298 4381 Christum,
3346 4327 3391 4370 et
3443 4323 3617 4373 saluus

2004 4403 2103 4454 eris
2156 4411 2208 4454 tu
2235 4444 2249 4465 ,
2282 4412 2328 4455 et
2367 4413 2469 4456 tota
2514 4403 2696 4457 domus
2745 4414 2833 4458 tua
2869 4406 2887 4476 (
2916 4404 2997 4459 Ia.
3028 4422 3076 4461 ν.
3106 4409 3168 4463 3i
3206 4409 3245 4479 ).
3281 4410 3410 4465 Vide
3458 4414 3610 4467 solli-

2002 4494 2297 4548 citudinetn
2338 4495 2710 4565 apostolicam.
2775 4496 2920 4549 lllins
2976 4498 3147 4554 salute
3200 4503 3436 4556 cnntenti
3499 4519 3605 4557 non

2001 4595 2159 4650 Sttltl,
2193 4595 2248 4640 et
2277 4600 2467 4639 omnes
2496 4586 2612 4654 ejus
2658 4585 2986 4643 domesticus
3034 4592 3085 4644 in
3123 4606 3282 4647 causa
3336 4595 3608 4665 religionis

1999 4676 2280 4745 acquirere
2328 4675 2437 4729 Deo
2469 4676 2675 4743 Volunt,
2706 4689 2758 4731 et
2789 4677 3005 4732 letalem
3037 4679 3252 4735 diabolo
3280 4683 3488 4753 plagam
3520 4686 3600 4740 itt-

1998 4772 2202 4843 ﬂigere.
2228 4770 2293 4826 Et
2317 4773 2604 4839 baptizatus
2633 4784 2705 4828 est
2726 4774 2856 4843 ipse,
2887 4785 2933 4827 et
2961 4776 3143 4831 domus
3170 4778 3283 4848 ejus
3315 4782 3556 4833 continuo
3577 4821 3593 4845 ,

1991 4880 2042 4920 et
2092 4868 2294 4920 (tutatus
2323 4876 2396 4921 est
2433 4882 2549 4919 cum
2575 4865 2716 4921 omni
2758 4864 2911 4920 domo
2957 4885 3053 4922 sua
3080 4871 3287 4924 credens
3326 4868 3478 4945 Deo(
3508 4870 3589 4928 Ib.

1996 4976 2043 5013 υ.
2073 4960 2162 5014 55.
2188 4958 2257 5014 54
2284 4959 2323 5028 ).

2068 5051 2364 5122 Numquam
2404 5049 2741 5117 diﬂ'ercndunt
2773 5052 2824 5104 in
2863 5052 3233 5123 spirituafibus.
3277 5055 3389 5111 Cur
3431 5066 3593 5109 tenta-

1992 5150 2151 5199 tiotm
2177 5146 2432 5217 permittat
2467 5144 2622 5198 Deus.
2654 5174 2727 5185 --
2756 5145 2892 5200 lliuc
2917 5145 3200 5209 docemur,
3245 5145 3298 5200 in
3342 5150 3596 5218 spiritua-

1997 5238 2138 5292 libns
2185 5252 2252 5292 ne
2303 5236 2570 5291 tantillum
2616 5238 2833 5307 quidem
2881 5254 3132 5309 umquam
3179 5239 3432 5304 dill'orre,
3491 5244 3587 5297 sed

1990 5334 2240 5387 idoneum
2272 5348 2495 5388 censere
2526 5334 2751 5404 quodvis
2785 5343 2997 5403 tempus
3017 5376 3031 5396 ,
3080 5334 3224 5404 qnnd
3272 5338 3591 5391 occurrerit.

1988 5426 2043 5481 Si
2075 5426 2220 5481 enim
2255 5427 2417 5479 multa
2448 5436 2605 5479 nocte
2634 5426 2887 5479 nolebant
2924 5426 2976 5479 lii
3003 5427 3170 5480 sancti
3200 5425 3439 5491 differre,
3475 5444 3594 5498 qua!

1988 5522 2144 5575 nobis
2188 5521 2339 5575 venia
2390 5520 2503 5575 dari
2556 5522 2768 5591 poterit.
2816 5520 2858 5574 si
2891 5517 2997 5573 alio
3029 5530 3269 5589 tempore
3310 5522 3591 5589 spirituale

1986 5614 2188 5669 lucrum
2222 5612 2745 5669 ontittatnusii'ides
2775 5627 3045 5666 carcerem
3084 5612 3134 5665 in
3163 5611 3444 5667 ecclesiam
3471 5628 3592 5667 esse

1982 5706 2342 5761 conversum?
2392 5705 2540 5759 vides
2586 5706 2833 5758 licttnnm
2878 5702 3233 5757 diversorium
3291 5702 3590 5771 derepente

1982 5798 2201 5853 domum
2230 5798 2488 5853 orationis
2518 5812 2637 5852 esse
2666 5796 2885 5862 factum,
2932 5808 2987 5849 et
3018 5794 3123 5849 illic
3154 5808 3364 5850 sacram
3407 5796 3585 5849 initia-
