4080 6400
508 311 604 370 ΠΙ

1244 304 1303 360 8.
1343 299 1623 361 ιοΑΝΝιε
1657 298 2130 358 ωιηεοδτοδιι
2172 299 2487 357 Αιιειιιερε
2529 300 3067 361 ωωετΑΝΤιΝοΡ.

3684 311 3787 367 Πὶ

503 425 703 481 tionem
747 421 1114 481 celebrnam!
1158 420 1328 476 Tanta
1354 434 1443 475 res
1467 426 1551 473 est
1583 417 1795 488 vigilem
1820 430 1962 480 esse.
1986 430 2087 472 nec
2194 430 2345 472 nere.
2392 415 2451 472 Si
2487 430 2621 488 ergo
2664 433 2786 489 quae
2831 414 3135 477 inferuntur
3177 420 3317 476 mala
3345 436 3466 478 cum
3492 425 3786 495 gratiarum

505 529 757 585 nnnquam
806 513 1102 585 spiriutalla
1152 511 1298 567 lucra
1348 510 1639 581 negligere.
1683 509 1779 564 sed
1811 508 2082 585 idoneum

504 608 734 679 Quodvis
783 615 995 674 tempus
1043 602 1112 660 ad
1165 601 1429 675 ejusmodi
1481 610 1744 673 quastu-
1808 598 2081 654 arbitrari.

507 699 671 755 Ila-etc
700 699 880 765 itaque
906 697 1095 753 beatus
1120 696 1207 752 lnic
1227 696 1361 751 dixit
1385 695 1647 759 scrilnens,
1681 692 1934 761 Quoniam
1959 692 2079 746 dili-

499 788 727 862 gentibus
771 784 940 843 Deum
986 788 1157 841 omnia
1202 794 1537 857 cooperantur
1577 784 1632 838 int
1671 783 1879 839 bonust.
1931 782 2082 839 Hanc

497 879 815 940 sententiam
832 916 853 945 ,
885 894 1089 951 quaso,
1135 893 1236 933 nos
1254 891 1442 932 omnes
1465 876 1630 932 menti
1656 885 1856 931 nostrai
1880 874 2079 929 inscul-

496 981 639 1042 ptas!
678 968 939 1029 habentes
963 982 1253 1035 numquam
1282 965 1643 1036 indignemur,
1686 964 1733 1019 si
1774 961 1989 1034 quando
2023 963 2078 1019 in

491 1074 652 1118 manu
692 1061 908 1131 aliqua
938 1059 1194 1117 adversus
1234 1057 1639 1121 incuri-erimus,
1682 1053 1813 1110 dunt
1865 1054 1919 1109 in
1973 1053 2076 1111 bac

492 1151 624 1211 vita
647 1164 948 1217 versans,
985 1156 1080 1205 aut
1126 1147 1181 1203 in
1229 1146 1583 1215 calamitates,
1624 1154 1719 1202 snt
1746 1145 1801 1201 in
1836 1146 2079 1214 corporis

494 1241 857 1311 egritudines,
899 1248 993 1296 aut
1040 1239 1094 1294 in
1138 1253 1228 1297 res
1252 1238 1390 1294 alias
1413 1240 1688 1306 molestas,
1734 1235 1832 1293 sed
1858 1236 2077 1293 multam

492 1330 810 1389 exhibentes
852 1329 1279 1391 moderationem
1326 1329 1516 1395 animi;
1539 1342 1606 1384 ac
1650 1324 2075 1398 philosophiam,

488 1425 658 1481 cuivis
991 1423 1331 1489 resistamus,
1368 1436 1492 1479 cum
1543 1422 1698 1478 nobis
1739 1422 2075 1492 esploratnm

490 1517 560 1570 sit
603 1516 753 1573 omni
788 1530 855 1571 es
904 1521 1057 1587 parte
1100 1530 1203 1570 nos
1245 1529 1404 1585 posse
1450 1513 1658 1571 lucrum
1686 1523 1983 1583 reportare,
2028 1514 2074 1569 si

490 1607 681 1675 vigiles
720 1614 777 1663 ct
811 1606 1002 1663 attenti
1050 1604 1339 1667 lberinnus.
1377 1611 1542 1675 atque
1582 1618 1651 1660 ex
1695 1603 2077 1662 mutationibus

489 1697 668 1765 potius
684 1711 844 1767 quam
871 1712 940 1753 ex
968 1696 1129 1752 rebus
1149 1695 1401 1753 secundis
1432 1712 1447 1749 :
1479 1709 1581 1756 nec
1609 1709 1860 1765 nunquam
1895 1696 2077 1750 animo

485 1787 853 1858 concidanuus,
869 1774 1165 1858 anginam
1181 1795 1439 1859 minutum
1462 1785 1536 1843 sit
1555 1784 1826 1858 patieuttz
1845 1784 2072 1852 lucrum,

489 1883 585 1939 sed
641 1899 745 1939 nec
782 1883 892 1940 illis
931 1883 1102 1940 sinum
1145 1878 1365 1945 iulcusi,
1409 1877 1503 1949 qui
1547 1876 1930 1934 testationibus
1977 1892 2076 1940 nos

482 1973 755 2031 discunt.
785 1973 937 2033 Licet
979 1974 1123 2031 cnim
1166 1974 1241 2029 illi
1285 1975 1469 2038 etiam,
1520 1978 1580 2029 ut
1605 1966 1890 2024 consilium
1917 1978 2073 2024 suum

484 2065 754 2136 sapiant,
795 2066 857 2129 id
901 2074 1064 2137 agant
1091 2083 1105 2121 :
1134 2064 1434 2123 communis
1477 2074 1654 2121 tamen
1684 2062 1939 2123 Dominus
1970 2060 2074 2117 boc

483 2156 768 2227 permittit,
809 2155 956 2229 quod
994 2170 1100 2214 nos
1140 2155 1274 2213 velit
1322 2154 1423 2211 liae
1472 2155 1681 2211 ratione
1734 2150 2065 2223 spiritualem

486 2246 631 2303 ltunnc
654 2256 919 2318 quasnam
947 2247 1142 2311 facere.
1162 2262 1226 2304 ac
1264 2245 1533 2319 patientiae
1581 2242 1885 2301 mercedem
1927 2241 2067 2305 obli-

2190 508 2403 562 artioue
2429 507 2671 579 periure
2694 509 2984 579 possimus,
3015 524 3122 567 non
3172 511 3420 583 exiguam
3461 513 3784 574 delictorum

2190 607 2495 654 nostrorum
2548 610 2753 671 partem
2806 599 3126 673 delebimus.
3182 601 3239 659 Si
3283 604 3427 660 enim
3474 606 3785 664 thesaurum

2189 688 2352 755 hunc,
2403 698 2461 745 et
2485 689 2634 747 orbis
2661 698 2930 751 terrarum
2954 691 3235 749 doctorem
3266 694 3508 764 quotidie
3534 698 3787 767 periculis

2185 781 2348 851 obiici
2376 796 2501 843 eum
2532 782 2744 839 videret
2766 782 3043 850 Dominus,
3090 785 3456 857 permittebat,
3504 804 3611 845 non
3640 790 3785 861 quod

2184 871 2445 929 athletam
2487 885 2648 927 suum
2685 871 3012 943 despiceret,
3058 875 3156 932 sed
3197 874 3344 946 quod
3388 877 3596 951 longius
3643 881 3789 938 illius

2184 960 2368 1018 virtuti
2390 961 2627 1017 stadium
2653 970 2943 1030 sterneret,
2991 973 3049 1020 ut
3092 965 3487 1037 splendidiores
3520 969 3597 1026 illi
3621 985 3783 1027 coro-

2184 1067 2283 1109 uas
2307 1052 2555 1109 redderet
2586 1071 2600 1108 :
2627 1055 2757 1125 quid
2782 1070 2885 1112 nos
2905 1055 3151 1116 dicemus
3186 1060 3278 1129 qui
3320 1064 3557 1131 peccatis
3601 1074 3783 1121 scate-

2183 1159 2305 1199 mas
2352 1143 2674 1213 innumeris,
2723 1157 2780 1201 et
2817 1146 3019 1204 idcirco
3060 1147 3373 1219 frequenter
3399 1153 3786 1213 tentationnilnus

2180 1234 2576 1303 conﬂictamur,
2606 1244 2665 1292 ut
2691 1250 2812 1292 cum
2839 1252 3028 1294 eorum
3055 1253 3217 1295 causa
3241 1255 3429 1311 pinnas
3447 1241 3783 1313 dederimus,

2179 1326 2371 1381 saltem
2409 1325 2641 1397 aliquam
2682 1326 3067 1384 misericordia
3096 1336 3306 1399 partem
3331 1330 3577 1402 exiguam
3600 1332 3781 1405 impe~

2180 1420 2407 1483 tretuus,
2456 1422 2514 1471 et
2538 1414 2593 1473 lu
2622 1417 2718 1474 illo
2742 1416 2831 1473 die
2858 1418 3144 1473 tremendo
3172 1418 3329 1477 bonis
3356 1422 3466 1477 illis
3494 1422 3783 1480 ined'abili-

2179 1504 2281 1562 lnus
2328 1505 2710 1580 perfruamur?
2760 1507 2889 1565 αα
2934 1517 3117 1565 autem
3166 1525 3290 1567 eum
3340 1513 3534 1571 animis
3581 1518 3783 1573 nostris

2178 1607 2512 1669 reputantes,
2555 1599 2814 1657 adversus
2845 1600 3040 1656 omnis
3060 1612 3381 1661 constanter
3412 1606 3782 1679 patienter-que

2178 1692 2513 1758 resistamus,
2564 1700 2624 1748 ut
2662 1700 2720 1749 et
2763 1692 3063 1750 tolerantia
3110 1696 3419 1753 mercedem
3471 1713 3504 1752 a
3548 1698 3781 1771 benigne

2182 1780 2408 1838 Domino
2450 1783 2793 1855 recipiamus,
2840 1794 2897 1842 et
2926 1795 3270 1856 peccatorum
3299 1799 3605 1847 nostrorum
3636 1794 3779 1848 mul-

2181 1872 2464 1929 titudinem
2493 1874 2814 1931 inuminnere
2843 1875 3132 1945 possimus,
3156 1887 3213 1939 et
3240 1888 3442 1939 :cterua
3478 1882 3617 1938 bona
3642 1899 3778 1939 cun.

2176 1966 2357 2036 sequi,
2399 1967 2568 2036 gratia
2595 1976 2652 2025 et
2677 1965 3008 2041 benignitate
3038 1969 3249 2027 Domini
3280 1973 3449 2029 nostri
3474 1971 3602 2032 Iesu
3620 1974 3777 2031 Chri-

2176 2059 2269 2125 sti,
2316 2074 2439 2114 eum
2468 2075 2575 2131 quo
2607 2059 2771 2127 Patri,
2804 2061 3092 2139 simulque
3116 2062 3338 2134 Spiritui
3373 2073 3561 2120 saneto
3581 2065 3775 2137 gloria,

2175 2149 2487 2220 imperium,
2535 2160 2590 2207 et
2616 2151 2812 2221 honor,
2842 2163 3326 2228 nnuucetsennpcr,
3374 2168 3429 2213 et
3478 2160 3531 2215 in
3576 2160 3776 2216 secula

2173 2241 2514 2298 seculorum.
2550 2244 2743 2299 Amen.

1456 2842 1807 2906 ΠΟΝΠἹῙΠ
1854 2842 1954 2905 AD
1995 2842 2375 2907 HOMILIAM
2416 2842 2496 2905 ΙΝ
2540 2842 2798 2919 ILLUD,

568 3046 719 3107 Lit-et
744 3049 814 3109 de
842 3064 1010 3118 anno,
1043 3066 1153 3123 quo
1180 3052 1321 3110 lnanc
1352 3053 1779 3125 Cbrysostomus
1817 3055 2191 3125 pronuntiavit
2234 3054 2539 3123 bomiliam,
2570 3052 2708 3111 nilnil
2747 3053 3084 3123 habeamus,
3125 3070 3195 3111 es
3228 3052 3321 3121 iis,
3352 3068 3476 3125 qua
3520 3068 3675 3110 num.
3720 3055 3751 3109 t

503 3169 736 3240 lnnjnsee
763 3169 1050 3225 concionis
1083 3168 1340 3226 dicuntur
1365 3170 1434 3226 de
1465 3170 1815 3241 imperatoria
1845 3169 2012 3228 Curia
2032 3210 2049 3235 ,
2083 3171 2262 3241 deque
2309 3172 2535 3229 militari
2562 3173 2817 3229 satellitio
2845 3171 3195 3245 Imperatoris
3214 3217 3231 3242 ,
3262 3188 3334 3230 ea
3364 3173 3757 3231 Constantino-

507 3280 614 3351 poli
640 3280 825 3337 lnalnita
866 3280 1039 3337 luisse
1080 3282 1544 3353 deprehenditur;
1584 3293 1639 3340 et
1677 3283 1923 3356 quidem,
1964 3294 2024 3340 ut
2068 3302 2224 3341 num.
2264 3285 2301 3341 2
2338 3297 2614 3354 narratur,
2638 3299 2827 3345 testate
2853 3304 3111 3360 maguum
3148 3289 3203 3343 in
3233 3287 3535 3359 frequentia
3569 3286 3757 3358 populi

500 3402 695 3451 cntum
727 3398 1005 3468 parlente;
1030 3412 1196 3469 quam
1239 3396 1601 3455 obtendebant
1635 3412 1860 3453 causam
1904 3397 2520 3469 Coustantinopolitaui,
2567 3416 2694 3457 cum
2741 3409 3063 3474 quereretur
3109 3399 3534 3464 Chrysostomus
3576 3400 3757 3453 eccle-

499 3508 638 3565 siam
684 3524 792 3566 non
833 3509 1188 3583 frequentari,
1240 3514 1548 3586 multosque
1593 3529 1623 3569 a
1663 3514 2022 3571 concionibus
2060 3512 2252 3570 abesse
2281 3515 2439 3571 suis:
2474 3530 2612 3585 quos
2648 3517 2865 3587 egregie
2912 3512 3150 3571 retundit
3173 3513 3602 3585 Cbrysostomus
3636 3529 3650 3567 :
3692 3509 3753 3564 Si

1786 4068 2191 4137 ADVERSUS
2226 4073 2388 4145 EOS,

464 4216 571 4272 QUI
616 4219 698 4261 AD
738 4216 1107 4261 COLLRC'I‘A}!
1150 4215 1273 4259 NON
1315 4216 1799 4277 οοευιιιιςιιυκτ,
1848 4224 1929 4266 ΒΤ
1972 4224 2037 4268 IN
2080 4225 2322 4269 υιοτυιι
2381 4227 2569 4270 ιιιυι)
2612 4225 2940 4283 Αγοδτοιῐ,
2984 4226 3038 4270 SI
3083 4226 3426 4272 εευιιιιιτ
3468 4228 3753 4277 ιιωιιους

926 4315 1109 4369 'ruus,
1154 4317 1295 4360 cm
1341 4316 1531 4361 luunt
1580 4300 1602 4381 (
1627 4303 1807 4362 Rom.
1857 4303 1954 4376 t2,
2000 4304 2081 4365 20
2110 4305 2160 4387 ),
2200 4319 2280 4367 ετ
2324 4326 2406 4366 ns
2450 4325 2934 4370 Innutcrrnnuu
2979 4324 3300 4371 unuonu.

1703 4452 2163 4497 ----οο

549 4567 603 4624 1.
658 4563 972 4621 Paucum
1019 4568 1309 4620 auditorum
1348 4568 1573 4635 queritur
1623 4567 2045 4641 Chrysostoutus;

468 4657 749 4727 applausus
772 4658 1061 4711 auditorum
1100 4658 1312 4728 respuit.
1360 4657 1715 4727 Prouerbium,
1764 4660 1920 4717 Gutta
1962 4680 2049 4717 cu-

467 4759 552 4803 rat
592 4748 834 4819 lapidein.
877 4776 947 4790 —
984 4745 1165 4812 Nihil,
1207 4757 1266 4803 ut
1318 4749 1562 4815 videtur,
1611 4752 1766 4807 nobis
1810 4754 2043 4822 profuit,

467 4837 613 4909 quod
679 4853 981 4895 sermonem
1038 4837 1253 4909 longum
1308 4856 1481 4909 nuper
1552 4840 1932 4912 habuerimus,
1990 4854 2047 4900 ut

470 4940 705 4984 vestrum
748 4928 816 4983 ad
886 4929 1143 4984 collectas
1196 4930 1442 4984 veniendi
1495 4931 1727 4988 studium
1780 4936 2046 4990 excitare-

471 5038 589 5079 unus
621 5041 635 5079 :
663 5036 849 5078 rursus
885 5024 1026 5079 enim
1066 5023 1220 5079 nobis
1257 5024 1380 5077 ﬁliis
1406 5025 1518 5080 suis
1542 5026 1767 5081 ecclesia
1793 5026 2045 5082 destituta

465 5126 569 5170 est.
599 5114 714 5181 Quo
740 5115 798 5169 It
822 5128 877 5169 ut
907 5131 1091 5171 rursus
1115 5116 1273 5170 etiam
1300 5118 1477 5187 gravis
1500 5131 1563 5170 ac
1590 5118 1849 5173 molestus
1872 5119 2042 5175 videri

467 5223 647 5273 cogar,
673 5208 791 5261 sive
830 5206 956 5262 dum
994 5216 1285 5276 prmsentes
1329 5208 1554 5277 castigo,
1606 5208 1719 5263 sive
1756 5209 1881 5264 dum
1922 5211 2043 5266 alis-

469 5305 626 5349 enntcs
676 5295 1009 5365 reprehendo
1048 5313 1062 5350 :
1108 5296 1229 5351 illos
1276 5296 1527 5366 quidem,
1578 5297 1722 5367 quod
1776 5300 2039 5369 pigritiam

471 5404 577 5443 nnon
620 5388 987 5451 excusserint,
1034 5402 1126 5443 vos
1178 5403 1306 5443 vero
1355 5388 1496 5456 quod
1547 5391 1769 5445 salutem
1820 5389 2040 5447 fratrum

468 5494 571 5531 non
614 5476 832 5532 curetis.
886 5476 1077 5533 Gnvis
1112 5492 1175 5531 ac
1223 5478 1479 5533 molestus
1504 5480 1671 5534 videri
1701 5494 1883 5549 cogor,
1936 5498 2039 5538 non

466 5585 583 5623 mea
612 5569 692 5622 vel
721 5582 955 5622 mearum
982 5562 1398 5637 posscssionum,
1429 5570 1521 5624 sed
1553 5581 1724 5626 vostra
1751 5571 2041 5642 salutisque

468 5669 657 5716 vestra:
700 5674 880 5722 causa,
930 5674 1031 5729 qua
1080 5660 1209 5714 mihi
1253 5660 1382 5714 nilnil
1432 5672 1513 5717 est
1562 5663 2039 5735 antiquiusﬁgrc

471 5752 712 5821 [erantqui
738 5752 896 5815 volet,
922 5755 1281 5821 importunum
1313 5765 1367 5809 ct
1396 5755 1752 5826 nnpudcutem
1783 5756 2036 5829 appellet;

2164 4469 2483 4488 -ψ

2155 4591 2258 4649 ego
2277 4593 2406 4634 vero
2435 4594 2650 4651 semper
2700 4578 2802 4636 hac
2841 4580 2909 4637 de
2935 4596 3096 4638 causa
3144 4583 3448 4641 molestiam
3490 4586 3747 4644 exhibere

2156 4684 2262 4725 non
2310 4668 2574 4737 desinam,
2622 4670 2755 4725 nihil
2800 4672 2941 4728 enim
2990 4672 3091 4729 hac
3118 4674 3443 4746 impudentia
3470 4677 3601 4732 mibi
3630 4678 3746 4733 fru-

2156 4759 2395 4814 ctuosius
2417 4774 2537 4816 esse
2565 4769 2763 4831 potest.
2810 4761 3062 4819 Fortasse
3091 4780 3339 4837 namque,
3390 4766 3642 4833 fortasse,
3698 4770 3745 4825 si

2156 4851 2335 4906 minus
2363 4853 2583 4907 alterius
2610 4852 2711 4920 rei,
2766 4854 2953 4909 saltem
2987 4856 3145 4925 lnujus
3169 4872 3263 4913 vos
3292 4858 3529 4928 pudebit,
3577 4868 3637 4914 ut
3677 4876 3747 4915 ne

2154 4954 2369 5012 semper
2411 4941 2655 4997 eamdenn
2700 4943 2770 4997 ob
2802 4960 3017 5002 causam
3047 4948 3289 5004 molestia
3317 4950 3467 5004 vobis
3495 4940 3747 5007 exhibea-

2152 5040 2258 5094 tur,
2315 5040 2370 5086 rt
2419 5047 2601 5088 curam
2654 5031 2846 5091 fratres
2900 5046 3107 5092 vestros
3147 5039 3365 5107 iurandi
3419 5040 3742 5111 suscipiens.

2151 5122 2287 5190 Quid
2316 5124 2459 5179 enim
2488 5124 2619 5180 mihi
2654 5124 2839 5182 laudes
2863 5139 3105 5197 prosunt,
3150 5143 3273 5185 cum
3314 5144 3410 5186 vos
3454 5132 3509 5187 in
3548 5133 3745 5189 virtute

2153 5211 2327 5268 facere
2375 5230 2688 5285 progressus
2740 5231 2848 5271 non
2896 5218 3149 5273 videam?
3196 5219 3349 5289 Quod
3409 5236 3541 5277 vero
3609 5224 3743 5279 mibi

2150 5302 2403 5358 damnum
2432 5306 2603 5360 oritur
2628 5322 2695 5360 ex
2726 5308 2941 5363 silentio
2984 5310 3312 5378 auditorum,
3343 5328 3465 5367 cum
3507 5322 3740 5371 vestram

2149 5396 2333 5463 augeri
2374 5397 2701 5467 conspiciant
2746 5399 3037 5468 pietatem?
3087 5400 3231 5459 Laus
3275 5404 3474 5475 quippe
3512 5404 3742 5464 dicentis

2150 5498 2253 5555 cst,
2287 5504 2391 5544 non
2421 5491 2733 5560 applaIISUS,
2786 5491 2879 5547 sed
2930 5493 3235 5550 auditorum
3283 5496 3337 5550 in
3368 5498 3565 5565 pietate
3590 5500 3743 5555 zelus

2151 5593 2216 5632 ac
2264 5579 2539 5645 studium;
2598 5597 2702 5636 nnonn
2751 5584 3006 5641 Iunnnltus
3048 5586 3333 5651 excitatus,
3363 5601 3472 5655 quo
3498 5600 3740 5659 tempore

2149 5678 2329 5725 sermo
2368 5671 2600 5737 auditur,
2644 5671 2739 5727 sed
2764 5675 2998 5731 Studium
3023 5690 3090 5732 ac
3113 5676 3405 5748 diligentia,
3441 5694 3561 5750 qua:
3589 5678 3737 5733 omni

2148 5768 2388 5833 tempore
2404 5763 2708 5818 exhibetur.
2724 5764 3023 5835 Applausus
3048 5782 3112 5823 cs
3144 5783 3237 5825 ore
3261 5770 3422 5826 simul
3448 5775 3739 5845 egreditur,
