4080 6398
218 379 320 434 173

213 500 272 546 et
309 492 361 545 in
409 500 598 544 aerem
635 483 861 541 diffusus
886 476 1104 540 interit;
1158 469 1301 544 quod
1347 477 1526 560 autem
1561 459 1816 560 meliores

215 581 344 635 iiaat
381 578 680 644 auditura,
715 572 1086 640 Μηὲυω
1109 573 1169 622 ο*
1574 547 1813 644 enim

212 667 375 736 eunti.
425 677 542 725 tum
586 637 1081 734 abiem'perantibus
1125 650 1428 710 mercedem
1470 641 1646 700 ’σα-1.
1688 637 1818 738 Cia-

406 759 574 815 vestri
598 725 995 811 commendatio
1036 741 1381 803 illustriorem
1429 744 1697 791 oratorem
1725 725 1818 782 hic.

214 850 425 907 reddit:
453 858 512 904 at
533 847 727 902 animai
753 851 950 900 vestrm
969 839 1139 911 pietas
1164 833 1388 890 multam
1413 826 1554 898 apud
1580 819 1815 878 tribunal

212 940 412 998 Christi
462 938 673 994 doctori
705 934 952 992 fiduciam
990 926 1236 1000 acquirit.
1268 923 1450 993 Itaque
1486 919 1532 974 si
1571 915 1694 986 quis
1720 925 1817 966 eos

208 1032 303 1104 qui
343 1027 651 1088 munem
697 1025 918 1087 habent,
958 1021 1167 1092 diligat,
1216 1031 1325 1071 non
1364 1010 1677 1104 applausus,
1703 1001 1813 1104 sed

208 1097 503 1179 utilitatem
545 1120 732 1190 diligat
776 1115 1101 1170 auditorum.
1152 1109 1270 1164 Non
1315 1102 1586 1184 mediocre
1614 1097 1811 1152 malum

206 1221 294 1272 est
332 1213 569 1269 fratrum
594 1222 780 1266 curam
813 1221 921 1263 non
963 1215 1170 1275 gerere,
1220 1196 1316 1253 sed
1356 1203 1664 1287 extremum
1685 1199 1814 1287 sup:

204 1303 431 1374 plicium
462 1309 567 1368 est,
595 1309 652 1356 et
679 1295 1001 1354 inevitabilis
1025 1305 1183 1364 pana
1212 1307 1224 1342 :
1255 1285 1400 1360 quod
1447 1284 1620 1374 ipsum
1651 1279 1696 1334 is
1721 1279 1812 1348 qui

203 1373 475 1449 talentum
505 1389 786 1447 defodth
813 1385 1085 1442 indicarit.
1108 1382 1249 1437 Sane
1277 1377 1407 1432 nihil
1435 1377 1486 1430 ei
1529 1373 1657 1429 vitio
1686 1387 1808 1425 ve.-

201 1483 448 1549 tebatar,
495 1480 638 1551 quod
686 1480 742 1534 iu
781 1477 890 1533 vita
922 1483 1218 1546 peccasset,
1259 1481 1432 1538 neque
1477 1465 1617 1520 male
1654 1460 1810 1535 quid-

200 1589 371 1646 quam
425 1574 480 1629 in
521 1571 749 1644 depositi
791 1567 1036 1626 custodia
1075 1565 1420 1621 commiserat
1475 1577 1491 1614 :
1543 1558 1811 1646 integrum

199 1645 354 1719 aliis
393 1661 527 1717 illud
577 1660 854 1716 restituit:
887 1658 982 1714 sed
1011 1666 1191 1712 tamen
1234 1654 1288 1708 in
1319 1649 1546 1721 depositi
1575 1645 1813 1717 negotia-

166 1791 169 1793 -
203 1756 362 1812 tione
403 1754 547 1811 male
595 1767 656 1808 se
697 1757 959 1823 gesserat.
986 1748 1102 1804 Non
1131 1747 1276 1803 enim
1300 1743 1352 1798 id
1381 1739 1524 1813 quod
1547 1738 1809 1795 creditum

202 1844 390 1901 fuerat
434 1845 774 1915 duplicant;
819 1839 1096 1912 quamrob
1141 1850 1360 1892 causam
1409 1832 1570 1887 etiam
1623 1842 1811 1900 paruas

202 1935 395 1990 dabat.
429 1933 586 1990 Unde
614 1932 954 1989 manifestum
981 1928 1182 1992 evadit,
1229 1919 1364 1982 licet
1384 1921 1608 1980 studiosi
1639 1920 1809 1976 simus

203 2036 263 2082 et
292 2026 566 2091 instructi,
617 2025 744 2080 licet
771 2022 838 2079 ad
865 2036 1076 2078 sacram
1118 2017 1439 2074 audiendam
1475 2013 1810 2083 Scripturam

204 2117 377 2172 multa
406 2116 703 2188 cupiditate
729 2114 1168 2174 exardescamus,
1189 2109 1241 2164 id
1266 2115 1444 2162 tamen
1472 2106 1538 2160 ad
1569 2111 1809 2159 nostram

204 2207 440 2262 salutem
484 2222 593 2262 non
631 2205 899 2261 sufﬁcere.
953 2199 1339 2272 Duplicaudum
1368 2211 1600 2266 namque
1645 2193 1812 2263 depo-

204 2299 372 2354 situm
412 2307 502 2354 est
542 2315 556 2352 :
593 2311 753 2368 porro
800 2295 1021 2366 duplum
1068 2293 1166 2360 iit,
1208 2288 1426 2362 quando
1467 2302 1590 2344 cum
1639 2284 1812 2340 salute

204 2397 395 2444 nostra
442 2403 630 2444 curam
677 2387 904 2442 aliorum
951 2399 1166 2456 quoque
1213 2382 1557 2451 suscipimus.
1598 2375 1728 2431 Nam
1757 2388 1812 2433 et

203 2481 323 2549 ipse
375 2479 535 2545 dixit,
593 2477 724 2532 Ecce
767 2478 964 2532 saluum
1003 2475 1176 2539 habet,
1202 2473 1340 2543 quod
1374 2483 1518 2526 tuum
1555 2481 1666 2534 est;
1714 2468 1807 2523 sed

204 2571 311 2625 hoc
360 2569 426 2623 ad
483 2569 881 2623 excusationem
933 2566 1006 2620 illi
1055 2565 1191 2620 satis
1245 2579 1349 2619 non
1394 2563 1511 2618 fuit.
1569 2561 1809 2630 Oportat‘t

201 2660 389 2726 enim,
437 2659 645 2730 inquit,
690 2670 740 2713 te
781 2659 1093 2713 committere
1165 2656 1468 2710 numnlariis
1524 2654 1662 2720 quod
1719 2654 1810 2707 tibi

198 2752 532 2805 comnu'uum
563 2761 637 2804 est
686 2749 902 2820 (Matth.
941 2750 1032 2804 25.
1086 2748 1204 2818 27).
1252 2749 1318 2800 At
1369 2757 1421 2800 ιη
1464 2747 1616 2811 mihi,
1648 2759 1805 2815 quam

198 2842 342 2898 levia
375 2845 486 2898 sint
517 2843 729 2897 Domini
757 2843 1028 2907 mandata,
1060 2841 1362 2896 considera.
1389 2840 1641 2893 llomines
1663 2840 1804 2892 enim

201 2947 322 2997 eos,
361 2935 451 3005 qui
483 2935 739 3002 pecunias
766 2933 962 2989 heriles
989 2932 1118 2987 dant
1147 2932 1362 2997 fmnori,
1415 2932 1576 2986 etiam
1607 2931 1806 2999 repeti-

196 3024 342 3080 tioni
382 3025 612 3080 reddunt
652 3025 940 3079 obnoxios.
983 3024 1064 3079 Tu
1103 3025 1438 3088 commisisti,
1488 3032 1564 3084 tu,
1615 3023 1803 3090 inquit,

195 3128 392 3189 repete
441 3136 456 3172 :
505 3118 710 3172 nullum
744 3118 872 3172 mihi
899 3133 1019 3172 eum
1049 3132 1114 3172 eo
1144 3117 1231 3186 qui
1262 3118 1484 3184 recepit,
1534 3117 1804 3187 negotium

196 3218 304 3262 est.
338 3207 481 3262 Deus
504 3223 635 3262 vero
665 3223 769 3261 non
797 3209 888 3271 ita,
919 3207 1012 3261 sed
1038 3209 1376 3262 committere
1397 3207 1551 3276 jubet
1577 3216 1802 3272 tantum,

196 3306 258 3350 at
287 3312 396 3350 non
424 3297 552 3352 item
580 3297 885 3366 repetitioni
930 3313 1028 3351 nos
1068 3298 1247 3351 reddit
1285 3298 1570 3351 obnoxios.
1599 3297 1804 3368 Quippe

200 3388 256 3441 in
283 3397 549 3456 potestate
576 3389 806 3443 oratoris
836 3399 937 3452 est,
966 3400 1026 3442 ut
1050 3391 1315 3456 CODSUIJI,
1360 3405 1467 3444 non
1499 3399 1553 3441 ut
1583 3406 1801 3458 persua-

197 3478 344 3533 deat.
376 3479 714 3550 Quapropter
738 3479 803 3534 ad
831 3481 1275 3534 committendum
1317 3481 1489 3534 solum
1524 3490 1573 3534 te
1602 3481 1797 3549 θωὴν).

198 3587 307 3626 non
354 3572 482 3626 item
526 3571 593 3626 ad
639 3571 1010 3641 repetendum.
1041 3571 1180 3638 Quid
1207 3573 1310 3626 hoc
1337 3572 1506 3626 levius
1536 3574 1659 3625 est?
1707 3576 1798 3626 At-

198 3671 381 3717 tamen
425 3662 618 3718 durum
667 3663 971 3733 appellabat
1019 3674 1124 3717 tam
1169 3663 1352 3717 mitem
1401 3677 1464 3717 ac
1515 3664 1799 3732 benignum

196 3752 479 3806 dominum
510 3767 720 3807 servus.
749 3752 820 3805 Ea
851 3753 1045 3822 quippe
1075 3751 1437 3820 improborum
1469 3763 1522 3806 et
1554 3753 1799 3806 inertium

196 3849 283 3894 est
308 3841 643 3896 consuetudo
672 3855 950 3894 servorum
981 3859 994 3893 :
1029 3851 1377 3909 peccatorum
1419 3857 1638 3898 suorum
1684 3845 1800 3897 eul-

197 3947 321 4001 pam
373 3948 588 4002 semper
635 3934 688 3988 in
730 3933 979 3988 dominos
1008 3949 1134 3989 suos
1160 3935 1423 4003 rejicinnt.
1453 3936 1654 3992 Idcirco
1680 3953 1801 3994 cru-

194 4023 378 4076 ciatus
395 4032 452 4077 et
479 4022 826 4092 compedibus
856 4025 1064 4078 vinetus
1091 4025 1178 4078 ille
1214 4026 1264 4079 in
1294 4026 1541 4081 tenebras
1565 4032 1799 4083 exterio-

195 4129 284 4169 res
323 4113 652 4182 ejiciebatur.
694 4115 848 4180 Quod
891 4132 958 4168 ne
999 4117 1149 4171 nobis
1196 4119 1354 4172 etiam
1404 4121 1644 4187 accidat,
1695 4101 1795 4173 (in-

191 4205 424 4258 ctrinatn
455 4205 705 4259 fratribus
745 4208 1160 4271 committamus,
1191 4211 1306 4264 sive
1351 4214 1792 4280 persuadeantur,

189 4294 308 4349 sive
331 4308 436 4347 non
467 4297 911 4364 persuadeantur.
944 4297 1000 4351 Si
1027 4300 1171 4353 enim
1205 4305 1446 4370 persuasi
1476 4304 1692 4370 fuerint,
1742 4317 1796 4362 et

188 4384 260 4438 de
315 4384 512 4452 seipsis
558 4394 612 4440 et
655 4386 724 4440 de
768 4387 922 4440 nobis
968 4389 1102 4443 bene
1157 4393 1506 4449 merebuntur
1550 4413 1562 4449 :
1606 4396 1649 4452 si
1689 4413 1792 4452 non

187 4474 398 4529 fuerint
444 4478 724 4545 persuasi,
786 4479 1103 4547 supplicium
1148 4480 1248 4536 sibi
1296 4498 1571 4541 acccrsent
1623 4489 1791 4543 inevi~

187 4564 395 4629 labile,
458 4567 613 4621 nobis
659 4575 838 4622 autem
894 4584 962 4623 ne
1016 4572 1278 4627 tantillum
1337 4577 1548 4645 quidem
1598 4595 1791 4632 necem

184 4669 466 4727 poterunt.
521 4659 674 4722 Quod
716 4662 858 4715 enim
912 4665 1078 4716 nostri
1127 4671 1363 4720 muneris
1418 4667 1534 4733 fuit,
1580 4675 1787 4740 prmsti-

185 4753 373 4814 timus,
405 4766 527 4804 cum
555 4753 834 4806 c0nsilitmi
867 4755 1173 4838 dederimus
1221 4777 1234 4812 :
1282 4762 1422 4829 quod
1465 4764 1507 4816 si
1551 4769 1786 4833 persuasi

182 4860 291 4897 non
334 4843 553 4908 fuerint,
602 4845 730 4924 nihil
764 4847 887 4900 inde
920 4863 1201 4917 possumus
1230 4867 1420 4922 capere
1459 4855 1782 4915 detrimenti.

179 4942 460 5000 :-..,nidem
488 4943 689 4991 crimen
715 4946 814 4999 est,
847 4953 949 4990 non
978 4940 1019 4991 si
1052 4941 1268 4995 minime
1301 4948 1652 5012 persuaseris,
1692 4955 1787 5007 sed

179 5029 216 5075 δὲ
258 5025 475 5076 ηιὶςίειηί,
509 5029 792 5079 consilium
825 5026 1039 5081 ἀρά-τίς
1071 5048 1083 5081 :
1117 5030 1204 5083 ubi
1237 5048 1364 5086 vero
1391 5035 1780 5104 cohortatione,

179 5116 516 5183 consriioqtte
590 5119 843 5172 cantitin
903 5121 1271 5192 frequentique
1350 5125 1608 5193 perfuncti
1665 5131 1778 5185 fuc-

180 5207 369 5270 rimtts,
429 5221 535 5259 non
575 5208 686 5276 jam
712 5225 740 5259 a
773 5209 946 5274 nobis,
981 5213 1073 5264 sed
1104 5213 1171 5265 ab
1205 5214 1306 5267 illis
1334 5219 1594 5271 ratiooem
1645 5221 1779 5275 Deus

177 5297 375 5364 exiget.
422 5296 628 5352 Vellem
675 5302 920 5370 equidem
976 5304 1252 5358 evidenter
1299 5322 1457 5364 nosse
1510 5327 1602 5366 vos
1658 5315 1778 5367 illos

177 5389 392 5443 assidue
431 5388 766 5444 cohortando
805 5382 1171 5460 perseverare,
1222 5407 1272 5449 ct
1321 5415 1446 5453 num
1492 5402 1542 5455 in
1585 5405 1772 5458 eadm

176 5492 390 5548 semper
456 5480 533 5534 illi
591 5483 908 5552 negligentia
970 5487 1291 5556 persislant,
1362 5506 1468 5546 nec.
1524 5510 1771 5564 umquam

174 5570 324 5624 Vobis
375 5573 678 5627 molestiam
730 5575 1040 5631 exhiberem
1100 5595 1112 5630 :
1161 5579 1272 5646 jam
1324 5596 1452 5635 vero
1497 5587 1656 5639 timeo
1707 5603 1772 5641 ne

175 5660 378 5716 inertire
431 5663 759 5734 incurizequc
828 5677 1018 5722 vestra:
1079 5670 1208 5722 vitio
1271 5686 1519 5728 maneant
1591 5678 1766 5732 incur-

174 5757 320 5810 ret-ti.
367 5752 554 5826 Ναιυο
600 5760 740 5813 enim
796 5762 907 5815 lit-ri
955 5769 1150 5830 potest,
1198 5767 1366 5833 utqui
1397 5767 1762 5826 cohortatione

1145 359 1214 417 IN
1251 353 1478 419 ILLUD,
1515 349 1577 407 Si
1614 335 1984 402 ESUNENT
2025 334 2350 404 INISIICUS,
2391 331 2540 392 Εἲς-

3424 329 3525 384 IN

1922 451 2274 520 doctrinaque
2328 450 2638 518 frequenter
2685 441 2915 507 fruatur,
2966 440 3160 496 melior
3203 439 3524 497 studiosior-

1921 554 2028 611 que
2074 556 2181 594 non
2227 539 2343 592 ttat.
2412 539 2492 592 Ac
2539 533 2758 605 vulgare
2803 532 3026 605 quidem
3072 541 3157 587 est
3208 529 3337 586 illud
3391 526 3531 601 ιιι-δ’-

1921 631 2200 695 verbium,
2272 627 2416 698 quid
2472 625 2714 682 dicturus
2766 639 2924 692 sum;
2990 633 3361 680 verumtamen
3423 621 3530 679 hoc

1920 723 2093 792 ipsum
2147 729 2388 776 testatur.
2435 717 2646 775 Stitlula
2686 709 2866 782 enim,
2917 716 3122 788 inquit,
3163 715 3342 771 mollis
3370 730 3525 793 aqnze

1919 827 2106 870 saxum
2162 812 2378 867 assiduo
2422 820 2580 866 cavat
2616 810 2746 867 ictu.
2789 808 3026 866 Tametsi
3056 808 3185 879 quid
3211 822 3348 876 aqua
3382 807 3524 861 mol-

1921 905 2068 960 lius?
2137 903 2264 975 quid
2311 917 2444 959 saxo
2482 899 2718 957 διιήωῖ
2790 911 3026 956 attamen
3083 899 3372 956 assiduitas
3428 915 3528 954 na-

1921 1008 2096 1051 turam
2156 995 2342 1053 vincit.
2385 992 2549 1061 Quod
2593 992 2641 1049 si
2695 1005 2944 1049 naturam
2999 992 3166 1047 vineit
3209 991 3523 1055 assiduitas,

1921 1087 2092 1141 multo
2154 1086 2326 1156 magis
2392 1087 2723 1141 voluntatem
2801 1086 2996 1154 poterit
3053 1097 3330 1154 superare.
3401 1082 3522 1139 Non

1919 1177 2075 1233 ludus
2121 1187 2206 1233 est
2250 1177 2725 1242 Cbristianismus,
2771 1176 2988 1241 dilecti,
3036 1190 3139 1232 nec
3199 1191 3289 1232 res
3337 1190 3530 1246 super-

1919 1284 2171 1326 vacanea.
2201 1271 2468 1326 Continuo
2488 1270 2593 1326 ista
2616 1269 2847 1326 dicimus
2866 1312 2882 1336 ,
2920 1279 2977 1326 et
2995 1270 3134 1326 nihil
3163 1269 3492 1339 proficimus.

1992 1365 2047 1418 ἱ.
2094 1365 2365 1429 Quantum
2405 1363 2538 1420 mihi
2576 1357 2816 1420 censetis
2866 1363 3109 1419 dolorem
3154 1362 3331 1429 inuri,
3396 1378 3523 1418 cuin

1917 1457 2172 1514 recordor
2209 1457 2360 1513 festis
2400 1455 2618 1527 quidem
2662 1454 2858 1511 diebus
2907 1462 3055 1510 rasta
3093 1456 3259 1510 maris
3305 1469 3522 1526 mquora

1915 1550 2264 1606 collectarutu
2322 1547 2506 1604 turbas
2548 1547 2770 1611 imitari.
2806 1547 2920 1618 iam
2970 1562 3105 1604 vero
3147 1562 3215 1604 ne
3269 1557 3522 1618 quotam-

1919 1641 2003 1698 νὴ
2050 1641 2266 1712 quidem
2317 1649 2524 1711 partem
2573 1638 2662 1696 ltic
2705 1640 2850 1696 illius
2895 1637 3254 1696 multitudinis
3287 1654 3526 1711 congre-

1915 1738 2072 1808 gari?
2114 1735 2217 1795 Ubi
2268 1752 2414 1792 nunc
2449 1745 2596 1802 sunt,
2652 1735 2742 1807 qui
2784 1735 2946 1792 nobis
2991 1736 3050 1791 in
3089 1736 3520 1793 solemnitatibus

1916 1829 2217 1884 molestiam
2285 1828 2586 1884 exhibent!
2661 1827 2786 1883 Illos
2849 1830 3108 1900 requiro,
3177 1837 3235 1884 et
3301 1829 3517 1886 illorum

1914 1935 2075 1977 causa
2123 1920 2302 1990 lugeo,
2355 1919 2487 1974 du
2535 1919 2667 1975 mihi
2711 1919 2860 1976 venit
2910 1920 2965 1975 in
3006 1929 3266 1988 mentem,
3317 1933 3521 1993 quanta

1915 2023 2101 2086 pereat
2161 2028 2347 2069 eorum
2415 2011 2738 2078 multitudo,
2787 2014 2880 2084 qui
2931 2014 3063 2070 salvi
3114 2022 3299 2078 erant.
3352 2030 3523 2086 quan-

1917 2115 2022 2159 tam
2069 2103 2258 2160 faciam
2318 2103 2545 2159 fratrum
2595 2103 2880 2176 jacturatn.
2938 2120 3099 2174 quam
3148 2106 3402 2175 exiguum
3465 2106 3518 2162 in

1915 2210 2197 2250 numerum
2248 2195 2597 2266 redigantur,
2657 2196 2750 2265 qui
2818 2195 3047 2251 salutem
3102 2196 3515 2266 adipiscuntur,

1914 2295 1974 2340 ut
2024 2286 2196 2356 major
2244 2301 2371 2357 pars
2415 2286 2662 2357 corporis
2708 2285 2966 2343 Ecclesia
3005 2296 3220 2343 mortuo
3245 2297 3299 2344 et
3324 2289 3519 2345 immo-

1913 2377 2003 2434 bili
2041 2381 2255 2449 corpori
2296 2378 2642 2435 assimiletur.

1989 2469 2109 2523 Non
2131 2471 2256 2523 solis
2282 2470 2423 2525 nobis
2452 2469 2560 2524 nati
2584 2485 2780 2524 sumtis.
2826 2468 3076 2539 Exemplo
3105 2479 3396 2526 sauciorum
3422 2490 3514 2528 su-

1913 2561 2059 2614 dores
2111 2577 2210 2614 non
2253 2560 2526 2614 metuendi.
2574 2559 2818 2635 Ecclesitr
2850 2562 3348 2632 structum—Quid
3385 2561 3516 2618 illud

1912 2652 1979 2706 ad
2041 2665 2139 2707 nos
2171 2653 2381 2715 attinet,
2430 2651 2572 2706 dicet
2608 2652 2836 2722 aliquis?
2882 2652 2963 2707 Ad
3008 2668 3101 2708 vos
3129 2653 3346 2724 quidem
3364 2664 3517 2711 certe

1912 2745 2144 2800 maxime
2189 2745 2398 2810 attinet,
2431 2745 2519 2813 qui
2550 2760 2656 2798 non
2703 2759 2798 2799 eos
2850 2746 3070 2810 curatis,
3108 2761 3214 2800 non
3262 2745 3513 2800 adhorta-

1912 2835 2064 2900 miui,
2113 2851 2220 2890 non
2247 2837 2472 2891 consilio
2513 2837 2732 2906 iuratis,
2779 2836 2845 2892 ad
2889 2853 2986 2892 vos
3015 2839 3103 2908 qui
3137 2839 3513 2894 necessitatem

1911 2942 2016 2981 non
2064 2928 2336 2996 imponitis
2391 2944 2565 2998 neque
2612 2929 2659 2983 vi
2692 2930 3015 2998 mrtraliitis,
3049 2941 3105 2987 ct
3145 2931 3214 2986 ab
3245 2932 3329 2986 illa
3358 2948 3511 2988 sum-

1910 3032 1997 3070 ma
2054 3012 2374 3087 negligentia
2423 3021 2708 3074 revocatis.
2767 3020 2880 3076 Non
2913 3022 3062 3078 enim
3103 3034 3311 3079 tantum
3358 3024 3513 3079 nobis

1913 3107 2169 3176 prodesse
2222 3123 2319 3162 nos
2345 3109 2563 3176 debere,
2622 3110 2714 3165 sed
2757 3120 2814 3165 et
2849 3112 3026 3168 multis
3049 3157 3063 3178 ,
3092 3116 3326 3170 ostendit
3354 3114 3511 3170 Citri-

1908 3207 2179 3264 stus,cum
2211 3201 2375 3255 salem
2406 3217 2522 3265 nos,
2555 3216 2617 3255 ac
2636 3202 3048 3269 fermentum,ct
3078 3206 3250 3259 lucem
3278 3207 3510 3260 vocavit.

1913 3291 2036 3348 llatc
2061 3293 2204 3351 enim
2228 3295 2348 3348 aliis
2375 3295 2520 3348 utilia
2553 3303 2676 3350 sunt
2709 3306 2761 3348 et
2801 3296 3103 3350 commoda.
3136 3297 3267 3352 Nam
3292 3297 3510 3355 lucerna

1908 3399 2014 3438 non
2046 3384 2144 3439 sibi
2178 3385 2341 3452 lucet,
2370 3394 2422 3439 at
2468 3386 2572 3440 illis
2603 3387 2692 3458 qui
2737 3387 2925 3443 sedent
2977 3389 3030 3442 in
3068 3392 3339 3445 tenebris:
3371 3399 3428 3446 et
3455 3401 3508 3446 tu

1908 3473 2122 3530 lucerna
2152 3493 2232 3543 es,
2266 3495 2370 3531 non
2404 3490 2460 3534 ut
2487 3477 2689 3535 lumine
2716 3480 2860 3535 solus
2893 3481 3102 3546 fruaris,
3133 3484 3228 3539 sed
3262 3492 3320 3538 ut
3359 3484 3506 3538 illum

1906 3578 2173 3622 errantem
2226 3569 2692 3641 reducas(Hatth.
2729 3572 2780 3625 5.
2819 3573 2902 3626 l5.
2937 3575 3047 3640 id).
3091 3573 3228 3641 Quid
3278 3591 3507 3647 namque

1907 3661 2123 3730 prodest
2171 3663 2411 3728 lucerna,
2449 3665 2664 3734 quando
2703 3664 2754 3718 in
2789 3666 3028 3720 tenebris
3059 3667 3265 3722 sedenti
3289 3684 3394 3724 non
3421 3671 3504 3723 lu-

1905 3752 2024 3806 eet?
2064 3769 2181 3822 qua:
2210 3769 2371 3823 porro
2425 3755 2628 3808 utilitas
2653 3754 2961 3820 Christiani,
2994 3758 3205 3829 quando
3234 3760 3503 3817 neminem

1905 3842 2159 3907 lucratur,
2206 3859 2304 3900 nec
2349 3845 2415 3899 ad
2463 3846 2710 3899 virtutem
2751 3848 2997 3901 reducit?
3043 3847 3248 3904 Rursus
3279 3865 3384 3905 non
3412 3865 3498 3906 se-

1903 3933 2076 4002 ipsum
2126 3935 2406 4002 adstringit
2449 3937 2527 3991 sal
2588 3945 2832 4002 tantum,
2863 3939 2955 3994 sed
3002 3947 3056 3994 et
3111 3927 3336 4009 corpora
3381 3958 3500 4012 qua)

1903 4037 2314 4094 corrumpuntur
2340 4026 2576 4094 cohibet,
2601 4045 2774 4100 neque
2799 4029 3045 4086 diftlucre
3071 4047 3132 4086 ac
3174 4035 3350 4101 perire
3371 4049 3498 4104 pcr—

1903 4119 2190 4172 mittit.Sic
2223 4128 2275 4173 tu
2315 4135 2563 4190 quoque;
2593 4121 3022 4194 quandoquidem
3069 4126 3400 4196 spiritualem
3448 4136 3498 4182 tc

1901 4213 2066 4265 salem
2094 4212 2231 4266 Deus
2263 4213 2460 4278 etTecit,
2481 4214 2718 4266 membra
2749 4225 2994 4283 corrupta
3019 4258 3029 4278 ,
3063 4217 3161 4270 hoc
3185 4226 3264 4270 est
3289 4218 3451 4272 desid‘
3476 4236 3498 4272 ti

1901 4301 2110 4367 fratres,
2145 4311 2198 4358 et
2227 4303 2314 4371 qui
2349 4305 2686 4360 mechanicas
2715 4318 2968 4361 exercent
3015 4317 3178 4371 artes,
3225 4309 3495 4380 adstringo

1897 4404 1951 4450 et
1995 4397 2206 4464 C(‘tllng,
2240 4397 2551 4468 desitliaque
2600 4407 2850 4468 tauquam
2906 4401 3083 4455 tilcene
3114 4402 3363 4471 quopiam
3397 4418 3494 4472 pn-

1899 4490 2035 4543 ttido
2081 4490 2360 4543 liberatum
2391 4506 2510 4544 cum
2542 4493 2746 4561 reliquo
2778 4491 3033 4547 Ecclesia:
3072 4509 3298 4562 Corpore
3327 4510 3494 4563 copu-

1897 4583 2018 4635 lato.
2053 4583 2337 4649 Propterea
2390 4593 2438 4637 te
2480 4583 2798 4638 fermentum
2839 4587 3162 4655 appellavit:
3209 4587 3252 4641 si
3279 4587 3492 4657 quidem

1896 4672 2215 4727 fermentum
2267 4675 2428 4728 etiam
2492 4690 2595 4728 non
2644 4676 2878 4743 seipsum
2935 4677 3237 4744 fermentat,
3271 4680 3365 4734 sed
3414 4696 3491 4733 re-

1893 4763 2087 4831 liquam
2121 4780 2349 4816 massam
2385 4764 2649 4834 ingentem
2676 4766 2796 4820 licet
2823 4779 2875 4822 et
2915 4769 3228 4822 immensam
3252 4814 3265 4833 ,
3319 4771 3488 4829 ipsum

1893 4870 2113 4923 parvum
2161 4869 2280 4906 eum
2335 4858 2402 4908 sit
2452 4865 2507 4908 et
2571 4856 2732 4910 breve
2801 4855 2919 4925 (Id.
2958 4859 3041 4913 i5.
3075 4861 3201 4929 35}.
3256 4860 3344 4915 Sic
3405 4861 3489 4914 nis

1889 4948 2080 4999 mirum
2111 4962 2204 4998 vos
2229 4962 2475 5017 quotue,
2508 4965 2827 5018 quamquam
2862 4967 3087 5006 numero
3133 4955 3284 5022 pauci
3321 4956 3487 5023 estis,

1890 5040 2041 5091 mulli
2096 5049 2273 5094 tamen
2305 5057 2366 5093 ac
2410 5053 2653 5106 potentes
2685 5053 2856 5099 estote
2906 5045 3009 5098 [ille
3049 5062 3111 5102 ac
3157 5049 3334 5103 studio
3363 5065 3485 5120 erga

1887 5132 2085 5184 Cultum
2125 5133 2233 5185 ilci.
2273 5131 2339 5185 L't
2360 5133 2514 5201 igitur
2546 5132 2866 5190 fermentum
2897 5147 3117 5207 propter
3144 5141 3486 5209 exiguitatem

1885 5222 2147 5275 imbecille
2202 5237 2306 5275 non
2350 5232 2472 5287 est,
2535 5223 2629 5278 sed
2689 5237 2906 5296 propter
2956 5228 3171 5282 insitum
3216 5247 3243 5283 a
3299 5242 3484 5287 natura

1883 5315 2116 5366 calorem
2173 5328 2236 5366 ac
2290 5313 2538 5368 virtutem
2593 5317 2864 5384 qualitatis
2901 5330 3235 5387 exsuperat:
3289 5322 3366 5377 sic
3395 5337 3483 5376 vos

1884 5404 2132 5456 nimirum
2165 5404 2332 5457 multo
2363 5406 2543 5471 plures
2575 5409 2817 5476 poteritis
2843 5409 2908 5462 ad
2936 5413 3183 5466 eumdem
3218 5412 3483 5469 fervorem

1879 5509 1940 5548 ac
1971 5495 2201 5547 studium
2237 5496 2514 5563 reducere,
2546 5498 2590 5552 si
2635 5500 2829 5555 velitis.
2862 5501 3015 5570 Quod
3046 5505 3086 5557 si
3118 5515 3355 5560 restatem
3381 5509 3484 5562 ob-

1880 5588 2097 5641 tendant
2140 5604 2150 5636 τ
2187 5589 2447 5658 siquidem
2495 5591 2594 5646 hoc
2636 5609 2846 5664 quoque
2900 5596 3017 5651 illus
3074 5600 3232 5654 audio
3285 5601 3473 5656 dicen-

1877 5693 1975 5743 tes,
2019 5679 2322 5736 Vehemens
2370 5699 2510 5738 nunc
2557 5694 2720 5740 aestus
2770 5698 2886 5756 est,
2931 5700 3092 5762 atque
3159 5694 3476 5750 intolerantli

1873 5773 2110 5836 calores;
2176 5789 2278 5826 non
2333 5789 2614 5842 possumus
2646 5789 2906 5836 coarctart
2940 5792 2994 5836 et
3043 5786 3093 5841 in
3153 5795 3295 5839 tanta
3324 5789 3476 5841 turba
