4080 6400
547 346 583 398 ἰ
594 344 661 396 75

555 453 859 525 comprimi,
918 450 1149 518 undique
1181 451 1373 501 sudore
1418 440 1742 502 difﬂuentes,
1784 444 1918 490 metu
1943 430 2145 503 gravati

559 554 614 599 et
664 521 716 599 in
764 542 1035 612 angustias
1076 537 1274 613 redacti
1304 554 1317 589 :
1349 532 1510 604 pudet
1560 545 1645 585 me
1716 529 1967 590 illorum,
2024 521 2151 577 mihi

557 636 791 700 credite;
842 642 965 689 sunt
994 634 1135 685 enim
1167 626 1452 682 muliebres
1485 622 1568 677 isti
1598 626 1906 691 pra-textus,
1944 615 2024 669 vel
2056 628 2150 683 po-

561 729 669 781 tius
690 741 783 813 .ne
826 724 928 779 illis
974 720 1188 793 quidem
1238 717 1303 772 ad
1349 713 1690 770 obtinendam
1736 709 1946 764 veniam
1986 720 2151 761 exen-

561 802 797 874 satioiies
845 817 959 871 istae
1012 812 1341 876 sufficerent,
1371 808 1564 880 quibus
1610 802 1847 860 molliora
1874 808 1999 854 sunt
2026 812 2149 852 cor-

565 924 691 981 pora
732 918 796 965 et
851 906 1168 963 imbecillior
1211 913 1421 959 natura.
1450 901 1784 969 Quamquam
1812 901 1988 947 autem
2018 889 2157 960 ejus-

564 1000 709 1057 modi
754 998 1121 1055 defensionem
1183 993 1533 1064 responsione
1585 989 1790 1045 diluere
1820 996 1973 1053 turpe
2010 981 2157 1037 vide-

562 1094 727 1158 bitur,
772 1090 1132 1147 necessarium
1186 1096 1271 1142 est
1310 1096 1505 1140 tamen.
1531 1081 1589 1138 Si
1636 1078 1777 1136 enim
1829 1076 1901 1131 illi
1934 1074 2028 1129 has
2054 1072 2155 1126 oh-

564 1186 787 1242 tendere
831 1181 1205 1241 excusationes
1249 1194 1354 1233 uou
1411 1175 1758 1237 erubescunt,
1788 1168 1958 1224 multo
1986 1165 2157 1236 magis

564 1294 662 1336 nos
692 1279 891 1350 pudere
943 1291 1051 1332 non
1094 1274 1253 1330 debet
1274 1272 1389 1326 inec
1418 1269 1682 1325 refellere.
1730 1262 1867 1332 Quid
1889 1276 2015 1333 ergo
2040 1259 2156 1315 bare

561 1371 977 1428 ubi—cudentibus
1053 1364 1420 1439 opponemus't
1494 1361 1678 1416 Trium
1731 1370 2014 1427 puerorum
2052 1353 2157 1407 illis

564 1465 878 1521 memriam
930 1462 1052 1518 volo
1094 1458 1389 1521 refricare,
1441 1455 1529 1526 qui
1568 1456 1694 1509 cum
1731 1452 1781 1505 in
1834 1449 2051 1505 fornace
2094 1461 2159 1501 ac

562 1556 756 1614 mediis
804 1553 1033 1610 ﬂammis
1072 1558 1438 1615 versarentur,
1481 1560 1600 1601 cum
1652 1541 1888 1611 undique
1937 1555 1996 1594 se
2042 1553 2160 1593 cer-

566 1658 753 1704 nerent
799 1646 1008 1719 ignibus
1064 1641 1318 1721 obsideri,
1369 1638 1461 1711 qui
1510 1639 1561 1692 iu
1606 1650 1687 1700 os,
1744 1636 1798 1688 in
1852 1632 2056 1695 oculos,
2104 1631 2155 1683 in

568 1740 858 1796 anhelitum
884 1738 1057 1808 ipsum
1108 1736 1461 1797 incurrerent,
1502 1741 1713 1785 sacrum
1752 1723 1904 1779 illum
1954 1731 2007 1776 ct
2036 1737 2156 1792 my-

567 1835 765 1889 sticum
793 1830 1048 1903 hymnum
1093 1842 1215 1884 etim
1234 1823 1500 1883 creaturis
1529 1821 1644 1877 Deo
1686 1832 1879 1874 canere
1903 1830 2011 1870 non
2036 1828 2156 1869 ces-

565 1935 773 1993 santut,
804 1925 898 1980 sed
928 1924 1175 1990 alacrius,
1206 1917 1499 1990 quamsiin
1526 1923 1678 1987 prato
1701 1911 1897 1966 versati
1912 1907 2156 1972 fuissent,

566 2028 684 2073 tum
728 2017 780 2071 'u
806 2015 983 2070 medio
1013 2028 1145 2084 rogo
1172 2019 1374 2066 stantes
1390 2004 1659 2063 communi
1682 2002 1907 2057 Domino
1945 1999 2161 2053 univcr-

566 2122 750 2164 sorum
774 2106 960 2163 laudes
984 2103 1279 2159 offerebant
1304 2098 1468 2170 (Dan.
1495 2098 1551 2167 3)
1582 2113 1596 2149 :
1626 2102 1680 2149 et
1718 2106 1839 2147 cum
1870 2089 2041 2145 tribus
2080 2088 2161 2141 his

571 2200 750 2270 pueris
775 2200 988 2254 leonum
1026 2197 1077 2249 in
1109 2194 1397 2265 Babylone,
1426 2187 1661 2245 Danielis
1695 2194 1751 2239 et
1792 2183 1941 2237 lacus
1968 2178 2077 2250 (Id.
2102 2177 2156 2232 6.

565 2290 871 2363 2&);neque
890 2303 1018 2343 vero
1042 2294 1244 2341 tantum
1261 2282 1441 2353 hujus,
1459 2278 1553 2335 sed
1574 2285 1629 2333 et
1656 2274 1875 2331 alterius
1906 2272 2070 2329 lacus.
2097 2283 2161 2322 ac

572 2360 869 2454 prophetat,
912 2380 1135 2447 lutiquc,
1161 2390 1268 2446 quo
1292 2373 1357 2427 ad
1387 2370 1581 2426 collum
1636 2379 1807 2437 usque
1858 2360 2157 2417 suﬂocaba-

566 2449 963 2534 turdo-rcipias,
1012 2476 1068 2522 ut
1126 2463 1492 2526 recordentur,
1526 2459 1645 2512 illos
1672 2456 1897 2510 obsecro
1942 2449 2156 2521 (Jerem.

564 2563 661 2618 38.
690 2561 767 2633 6).
802 2560 868 2615 Et
906 2574 969 2614 ex
1013 2557 1231 2611 lacubus
1274 2555 1389 2609 istis
1427 2547 1747 2613 ascendens,
1781 2547 1832 2599 in
1884 2555 2156 2598 carcerem

576 2632 913 2707 introducere
942 2650 1073 2704 iStos
1098 2646 1239 2711 volo,
1297 2643 1385 2712 qui
1425 2641 1634 2695 calores
1668 2636 1983 2698 obtendunt,
2018 2632 2162 2687 Pau-

570 2745 797 2813 lumque
840 2750 1139 2796 monstrare
1167 2753 1230 2792 ac
1256 2737 1422 2790 Silam
1450 2730 1797 2802 compedibus
1824 2728 1931 2783 illic
1956 2739 2163 2796 przrpc-

577 2837 718 2890 ditos
748 2876 763 2901 ,
820 2832 1057 2903 vestigiis
1107 2828 1389 2884 verborum
1446 2824 1672 2895 plenos,
1740 2819 1935 2890 quibus
1996 2823 2163 2870 totum

572 2944 776 2998 corpus
823 2924 1130 2980 vulneribus
1184 2921 1564 2992 plagarumque
1615 2915 1784 2968 fuerat
1826 2906 2164 2964 multitudine

582 3020 891 3080 laceratum,
942 3014 1113 3070 media
1165 3021 1319 3067 nocte
1374 3009 1541 3063 Deum
1585 3002 1863 3060 laudantes
1891 3007 1944 3054 et
1986 3009 2166 3052 sacras

572 3113 701 3167 illas
763 3110 968 3178 vigilias
1010 3106 1361 3163 celebrantes.
1407 3101 1485 3155 An
1536 3112 1642 3152 non
1687 3095 1828 3151 enim
1875 3088 2164 3146 absurdum

579 3214 668 3259 est
696 3211 909 3257 sanctos
936 3198 1150 3270 quidem
1197 3196 1337 3256 illos,
1378 3206 1500 3247 cum
1546 3190 1597 3242 in
1640 3187 1898 3249 fornace,.
1928 3190 1981 3235 et
2023 3180 2165 3249 igne,

577 3305 636 3349 et
659 3295 800 3356 lacn,
844 3302 897 3346 et
923 3289 1134 3354 belluis,
1185 3296 1240 3341 et
1259 3286 1389 3347 luto,
1422 3295 1659 3345 carcere,
1701 3286 1755 3331 et
1798 3272 2165 3343 compedibus,

571 3395 639 3441 et
689 3383 874 3454 plagis,
905 3390 959 3436 et
1004 3378 1305 3450 ergastulis,
1332 3383 1386 3430 et
1433 3367 1780 3427 intolerandis
1822 3372 2161 3421 venarentur

574 3476 760 3534 malis.
806 3472 935 3527 nihil
965 3485 1213 3540 umquam
1241 3468 1428 3521 horum
1461 3465 1698 3532 culpare,
1729 3458 1823 3513 sed
1855 3456 2017 3511 multa
2047 3469 2168 3509 eum

589 3566 749 3622 animi
798 3563 1139 3618 contentione
1186 3569 1237 3613 et
1282 3556 1474 3611 ardore
1525 3558 1780 3623 perpetuo
1824 3546 2079 3620 precibus
2116 3554 2174 3626 et

593 3655 803 3728 hymnis
844 3653 1009 3707 sacris
1051 3664 1267 3719 operam
1298 3647 1448 3707 dare;
1479 3659 1575 3699 nos
1622 3642 1711 3712 qui
1740 3656 1845 3695 non
1873 3638 2033 3692 ullam
2059 3637 2172 3691 cxi-

588 3762 769 3815 guam,
826 3760 929 3797 non
982 3755 1224 3809 magnam
1253 3753 1317 3793 ex
1365 3735 1469 3789 illis
1514 3749 1633 3803 qua:
1682 3736 2008 3785 enumerata:
2053 3736 2173 3780 sunt

591 3835 929 3907 passionibus
979 3830 1342 3894 toleravimus,
1383 3826 1452 3881 ob
1485 3834 1671 3879 aestum
1712 3830 1767 3876 et
1800 3821 2029 3876 calorem
2061 3835 2172 3871 mo-

594 3929 774 3982 dieum
817 3939 881 3980 ac
932 3923 1202 3985 sudorem,
1251 3927 1446 3973 nostra:
1494 3916 1727 3983 ipsorum
1775 3912 1956 3967 salutis
1992 3924 2173 3963 curam

597 4018 886 4085 deponere,
920 4027 980 4067 ac
1033 4012 1227 4065 relictis
1271 4007 1508 4061 collectis
1543 4006 1674 4059 foris
1708 4003 1918 4071 Vagari,
1973 4014 2178 4069 nosque

590 4108 823 4163 cutibus
850 4102 1222 4174 depravaudos
1262 4100 1583 4159 immiscere,
1622 4094 1890 4164 inquibus
1913 4091 2041 4145 nihil
2073 4106 2177 4143 non

597 4200 846 4251 vitiosum
888 4205 972 4250 est
1013 4202 1068 4249 et
1096 4188 1447 4259 corruptum?
1495 4186 1699 4240 Tantus
1738 4197 2008 4237 sacrorum
2064 4185 2181 4235 clo-

594 4288 841 4356 quiorum
876 4293 958 4339 est
980 4297 1089 4346 ros,
1120 4290 1175 4334 et
1212 4290 1399 4333 restum
1427 4273 1649 4343 obiicis?
1688 4274 1829 4341 Aqua
1852 4313 1864 4335 ,
1893 4287 2042 4340 quam
2091 4286 2182 4339 ego

588 4378 728 4430 dabo
766 4377 830 4437 ei,
862 4376 935 4427 ait
959 4371 1219 4433 Christus,
1269 4369 1351 4438 fiet
1382 4368 1432 4420 in
1454 4381 1511 4420 eo
1540 4364 1653 4434 [om
1691 4377 1836 4429 aqum
1858 4360 2085 4413 salientis
2130 4361 2181 4412 in

599 4471 751 4522 vitam
796 4476 1033 4519 wtmram
1067 4461 1244 4535 (Joan.
1273 4462 1325 4516 Δ.
1348 4460 1435 4528 id)
1465 4475 1481 4512 :
1511 4467 1562 4511 et
1616 4469 1798 4510 rursus
1819 4497 1834 4521 ,
1880 4454 1977 4519 Qui
2022 4453 2183 4505 credit

595 4562 653 4612 in
683 4574 779 4623 me,
825 4558 953 4611 sicut
998 4555 1123 4607 dixit
1165 4552 1451 4620 Scriptura,
1496 4547 1711 4618 ﬂumina
1755 4546 1815 4598 de
1864 4554 2030 4598 ventre
2073 4546 2184 4613 ejus

608 4653 760 4703 συρτει
815 4663 963 4719 aqua
996 4647 1120 4700 sive
1170 4644 1280 4713 (Id.
1314 4646 1366 4697 Ἰ.
1413 4642 1527 4711 58).
1582 4642 1664 4695 An
1707 4648 1783 4703 tu,
1812 4652 2015 4707 qumso,
2063 4652 2181 4690 cum

594 4745 742 4797 intus
786 4740 957 4795 fontes
980 4738 1179 4793 habeas
1207 4748 1260 4791 ct
1307 4736 1522 4789 ﬂumina
1556 4732 1847 4802 spiritualia
1870 4772 1886 4795 ,
1936 4730 2183 4783 seusilem

597 4837 833 4888 calorem
880 4831 1075 4885 times?
1128 4839 1182 4883 at
1233 4830 1285 4881 in
1338 4828 1473 4893 [ιιι-ο,
1525 4840 1728 4894 quaeso,
1788 4822 1874 4876 ubi
1909 4832 2085 4875 tantus
2106 4830 2188 4875 est

591 4926 881 4993 strepitus,
924 4933 1001 4978 tot
1045 4922 1324 4992 angustia;
1369 4935 1431 4973 ac
1472 4917 1668 4971 multus
1696 4925 1877 4974 mslus,
1936 4914 2023 4982 qui
2052 4912 2107 4966 ιιι
2132 4922 2189 4965 ιιι

598 5018 812 5070 calores
835 5025 889 5070 et
914 5014 1044 5069 solis
1079 5012 1322 5067 ardorem
1350 5026 1463 5065 non
1509 5006 1810 5063 obtendas?
1854 5004 1970 5059 Non
2020 5003 2185 5069 enim,

603 5109 816 5175 opinor,
866 5105 915 5158 id
962 5104 1140 5159 dicere
1188 5111 1338 5173 putes
1388 5101 1496 5155 illic
1540 5098 1811 5168 frigidiore
1839 5095 2001 5148 licere
2050 5093 2189 5147 aeris

605 5207 792 5252 natura
822 5196 947 5261 frui,
991 5196 1077 5250 hic
1104 5210 1225 5250 vero
1248 5205 1413 5249 totum
1455 5190 1610 5246 nobis
1650 5189 1928 5245 collectum
1956 5187 2189 5241 calorem

604 5290 795 5343 smvire
829 5308 844 5355 ;
878 5289 1003 5359 quin
1044 5288 1222 5358 potius
1244 5285 1568 5340 contrarium
1600 5281 1829 5351 penitus,
1865 5277 1951 5332 hic
1977 5278 2189 5347 quidem

609 5381 693 5437 ubi
736 5381 928 5435 crustis
962 5368 1193 5447 lapideis
1208 5376 1376 5431 solum
1430 5383 1759 5428 constratum
1791 5378 1892 5429 est,
1924 5377 1974 5422 et
2006 5367 2075 5421 ob
2104 5382 2191 5422 re-

610 5474 808 5542 liquam
863 5472 992 5525 aedis
1037 5483 1200 5523 sacrm
1251 5465 1501 5521 fabricam
1563 5461 1857 5532 (siquidem
1892 5460 1943 5511 in
1970 5459 2196 5511 immen-

611 5580 723 5617 sim
791 5562 1019 5630 assurgit
1069 5556 1447 5621 altitudinem),
1506 5556 1671 5607 levior
1718 5560 1772 5605 et
1815 5550 2055 5619 frigidior
2115 5560 2197 5603 est

613 5673 702 5708 aer
736 5674 746 5707 :
783 5667 833 5707 at
878 5654 982 5705 illic
1020 5652 1213 5704 multus
1248 5648 1477 5716 undique
1503 5647 1579 5697 Sol
1615 5643 1860 5705 irradiat,
1899 5641 2075 5693 multm
2104 5656 2197 5692 au—

616 5748 821 5813 gusti»,
856 5743 1049 5809 Sumus,
1086 5740 1273 5809 pulvis,
1316 5748 1365 5791 et
1412 5739 1509 5789 alia
1562 5736 1728 5803 plura,
1777 5748 1891 5800 qum
1935 5731 2190 5800 majorem

1260 331 1316 384 S.
1358 323 1639 384 JOANNIS
1676 315 2154 373 tillliYSOSTOlll
2198 312 2517 369 AllClllEl’.
2559 303 3096 367 CONSTANTINOP.

3750 291 3847 345 Πίί

2270 428 2385 483 istis
2431 427 2728 482 molestiam
2780 420 3049 478 exhibent.
3098 417 3175 472 Ex
3220 430 3328 486 quo
3371 412 3679 481 intelligitur
3709 407 3851 460 inor-

2264 519 2350 574 tia
2376 526 2431 574 et
2484 515 2724 571 mallitiei
2756 511 2939 576 animi,
2972 509 3063 580 qui
3093 507 3323 577 Spiritus
3350 504 3519 560 sancti
3546 502 3761 555 ﬂamma
3783 498 3852 552 sit

2261 610 2568 674 destitutus,
2631 608 2730 663 bas
2773 608 2981 675 ineptas
3035 599 3409 658 excusationes
3449 610 3569 652 esse
3606 592 3853 651 .tribueno

2262 702 2375 757 das.

2335 796 2389 849 5.
2434 792 2558 847 Ιιτιιο
2600 804 2705 846 non
2738 800 2846 844 tam
2884 787 2951 843 ad
3005 786 3125 841 illos
3154 799 3184 839 a
3238 798 3323 838 me
3349 782 3489 836 dicta
3528 778 3851 848 diriguntur,

2263 903 2419 957 quam
2452 884 2518 940 ad
2558 899 2673 947 vos,
2715 882 2804 953 qui
2854 897 2959 934 non
3002 880 3123 934 illos
3151 874 3482 949 pertrahitis,
3523 871 3614 943 qui
3653 883 3760 923 non
3784 864 3856 918 ab

2264 980 2452 1035 inertia
2496 975 2789 1041 revocatis,
2822 982 2876 1029 et
2914 973 2983 1027 ad
3009 971 3296 1027 salutarem
3323 966 3461 1022 hanc
3488 975 3726 1020 mensam
3755 958 3853 1013 ad-

2263 1070 2480 1126 ducitis.
2508 1058 2587 1124 Ac
2613 1066 2752 1123 servi
2776 1064 2989 1136 quidem
3032 1074 3152 1117 cum
3181 1072 3468 1116 commune
3496 1050 3852 1110 ministerium

2263 1162 2460 1218 obituri
2512 1169 2659 1225 sunt,
2715 1158 2978 1213 advocant
3007 1166 3133 1209 suos
3173 1161 3509 1206 conservos:
3558 1157 3653 1197 vos
3699 1154 3852 1205 vero,

2261 1272 2291 1313 a
2341 1255 2534 1327 quibus
2557 1254 2657 1308 hoc
2698 1248 2975 1320 spirituale
3012 1241 3322 1315 obsequium
3349 1234 3708 1294 exhibendum
3747 1239 3852 1327 est,

2262 1358 2553 1401 conservos
2593 1318 2768 1397 sinitis
2809 1347 3012 1394 vestros
3061 1335 3160 1388 hoc
3189 1338 3395 1403 qumstu
3445 1324 3660 1398 privari.
3691 1318 3852 1389 Quid,

2262 1440 2306 1492 si
2338 1438 2506 1493 nolint
2530 1435 2650 1506 ipsi,
2679 1433 2820 1488 dicet
2860 1426 3085 1498 aliquis?
3117 1424 3281 1480 Efllee
3308 1418 3522 1476 assidue
3568 1410 3854 1475 instando,

2266 1540 2322 1585 ut
2348 1529 2512 1584 velint
2530 1505 2612 1592 ;7si
2638 1524 2780 1579 enim
2810 1526 3067 1589 urgentes
3095 1531 3193 1570 nos
3225 1511 3479 1576 viderint,
3508 1505 3733 1563 omnino
3758 1515 3855 1557 vo-

2266 1622 2395 1677 lent.
2455 1622 2524 1675 At
2555 1617 2696 1671 enim
2748 1620 3035 1684 prmtcxtus
3084 1622 3194 1661 nrec
3224 1613 3349 1659 sunt
3373 1613 3427 1658 et
3457 1601 3594 1656 ﬁctae
3632 1608 3858 1653 excusa-

2266 1715 2459 1768 tiones.
2510 1710 2681 1779 Quam
2732 1703 2881 1760 multi
2924 1714 3154 1769 namque
3204 1695 3293 1751 hic
3338 1702 3463 1748 sunt
3508 1699 3723 1761 patres,
3760 1684 3858 1755 qui

2265 1820 2445 1861 secum
2496 1774 2701 1857 amittes
2745 1812 2851 1853 non
2901 1794 3101 1850 habent
3140 1786 3318 1843 filios?
3364 1783 3499 1840 Num
3540 1781 3700 1836 etiam
3730 1774 3860 1830 libe

2267 1912 2358 1952 ros
2399 1895 2502 1949 huc
2550 1888 2862 1963 pertrahere
2911 1900 3018 1941 non
3063 1878 3309 1953 poteras?
3354 1876 3432 1932 Ex
3480 1887 3591 1945 quo
3633 1874 3862 1941 apparet

2265 1998 2493 2045 exteros
2524 1961 2737 2055 quoque
2775 1996 2882 2035 non
2924 1978 2995 2033 ob
3024 1975 3269 2030 inertiam
3320 1976 3524 2025 tantum
3554 1978 3730 2029 suam,
3758 1961 3860 2017 sed

2266 2091 2322 2136 et
2374 2079 2444 2134 ob
2493 2085 2721 2131 vestram
2768 2068 3024 2126 i..curiam
3072 2064 3205 2119 foris
3227 2074 3466 2116 manem.
3499 2058 3567 2112 Αι
3596 2055 3722 2110 licet
3747 2067 3861 2108 non

2267 2172 2434 2242 "ius,
2465 2183 2605 2224 nunc
2634 2165 2821 2221 saltem
2850 2157 3176 2222 exciuntini,
3207 2162 3262 2209 et
3303 2166 3424 2208 eum
3475 2145 3719 2204 membro
3754 2158 3865 2199 suo

2266 2230 2489 2328 quisque
2517 2254 2570 2307 in
2619 2248 2899 2306 ecclesiam
2949 2240 3307 2313 ingrediatur,
3356 2246 3413 2292 et
3464 2243 3616 2304 pater
3665 2230 3858 2293 illium,

2266 2324 2321 2404 et
2360 2324 2659 2417 genitorem
2701 2340 2859 2404 filius,
2893 2346 2947 2390 et
2985 2333 3083 2388 viri
3125 2342 3345 2396 uxores,
3372 2334 3426 2382 et
3466 2324 3609 2380 viros
3636 2333 3861 2386 uxores,

2266 2446 2321 2494 et
2363 2409 2585 2491 servum
2630 2431 2827 2493 herus,
2871 2434 2924 2481 et
2959 2423 3123 2479 frater
3149 2419 3389 2484 fratrem,
3421 2424 3474 2471 et
3501 2413 3703 2468 amicus
3724 2409 3865 2463 ami-

2268 2545 2389 2585 cum
2432 2526 2648 2586 excitet,
2702 2530 2758 2577 et
2781 2518 2847 2573 ad
2884 2517 3024 2571 hunc
3051 2520 3376 2567 conventum
3416 2499 3863 2576 frequentandum

2270 2620 2487 2689 instiget
2514 2634 2529 2671 :
2556 2615 2665 2668 imo
2702 2624 2831 2666 vero
2871 2622 2976 2661 non
3007 2603 3209 2659 amicos
3258 2606 3484 2662 tantum,
3528 2593 3622 2649 sed
3676 2591 3863 2646 inimi-

2267 2727 2361 2767 cos
2400 2684 2569 2764 etiam
2608 2702 2673 2758 ad
2724 2709 3059 2755 communem
3090 2692 3232 2746 hunc
3258 2690 3519 2744 bonorum
3548 2684 3863 2739 thesaurum
3900 2728 3903 2729 ,

2270 2800 2579 2856 invitemus.
2631 2792 2686 2849 Si
2732 2804 2913 2847 curam
2944 2784 3136 2841 viderit
3186 2790 3328 2837 tuam
3360 2777 3628 2840 inimicus,
3676 2772 3865 2829 odium

2268 2894 2429 2966 plane
2453 2889 2705 2959 deponet.

2341 2958 2642 3038 Judwornm
2671 2973 2928 3046 diligentia
2957 2971 3091 3024 circa
3110 2966 3392 3021 sabbatum.
3420 2958 3707 3017 Serularia
3742 2959 3869 3012 bene

2272 3074 2581 3139 succedunt,
2630 3069 2673 3123 si
2702 3066 2842 3122 Deus
2884 3058 3301 3118 colatum—Dic
3348 3055 3424 3110 illi
3475 3070 3489 3107 :
3535 3050 3651 3108 Non
3704 3065 3866 3105 vere-

2274 3164 2546 3230 cundaris,
2574 3175 2673 3215 nec
2700 3154 2975 3213 erubescis
3017 3148 3234 3208 Judmos
3252 3190 3270 3216 ,
3299 3145 3389 3217 qui
3420 3151 3565 3199 tanta
3593 3156 3715 3196 eum
3742 3139 3871 3193 dili-

2276 3256 2451 3328 gentia
2496 3251 2776 3307 sabbatum
2818 3242 3148 3305 custodiunt,
3179 3247 3338 3308 atque
3363 3236 3430 3291 ab
3480 3234 3593 3303 ipsa
3629 3231 3739 3301 jam
3769 3244 3869 3285 ve-

2275 3324 2432 3420 spera
2458 3344 2527 3399 ab
2564 3340 2711 3397 omni
2760 3352 2923 3407 opere
2969 3329 3273 3389 abstinent?
3317 3326 3469 3397 ρωιι
3499 3326 3548 3382 si
3575 3325 3663 3381 die
3698 3324 3870 3380 Para-

2276 3455 2461 3498 sceves
2488 3436 2657 3493 solem
2687 3432 2900 3487 videant
2929 3427 2997 3483 ad
3024 3440 3273 3482 occasum
3314 3431 3644 3493 vergentem,
3673 3426 3729 3474 et
3776 3431 3877 3488 pa-

2276 3543 2363 3590 cta
2391 3528 2732 3591 rescindunt,
2763 3531 2817 3580 et
2862 3520 3161 3591 cmptiones
3193 3517 3605 3583 interrumpunt.
3633 3508 3788 3579 Quod
3823 3510 3875 3564 si

2278 3628 2398 3698 quis
2430 3640 2550 3679 cum
2603 3630 2727 3675 ante
2764 3628 3038 3686 vesperam
3086 3610 3324 3671 emisset,
3381 3620 3601 3676 vespere
3648 3603 3879 3658 veniens

2282 3717 2507 3789 pretium
2557 3712 2766 3775 all'erat,
2816 3722 2921 3761 non
2953 3701 3220 3759 sustinent
3263 3698 3531 3766 accipere,
3578 3706 3677 3747 nec
3698 3705 3867 3761 pecu-

2279 3781 2418 3864 niam
2438 3802 2744 3860 admittunt.
2789 3796 2926 3865 Quid
2957 3794 3077 3848 dico
3113 3790 3338 3861 pretium
3368 3799 3547 3841 rerum
3579 3781 3877 3847 venalium,

2280 3910 2334 3956 et
2385 3896 2574 3969 pacta?
2619 3890 2865 3962 quamvis
2914 3887 3222 3939 thesaurum
3267 3878 3510 3947 accipere
3542 3874 3748 3938 liceret,
3785 3873 3879 3926 lu-

2282 3966 2431 4047 cruin
2483 3987 2609 4042 illud
2657 3982 2875 4037 maflent
2924 3978 3195 4039 amittere,
3241 3986 3403 4041 quam
3442 3968 3612 4039 legem
3639 3966 3873 4020 violare.

2285 4086 2495 4153 Ergone
2542 4077 2731 4136 Judazi,
2785 4071 2994 4126 tametsi
3046 4068 3213 4135 legem
3270 4061 3643 4131 intempestivo
3689 4066 3881 4112 custo-

2284 4146 2453 4239 diant,
2497 4171 2566 4224 ita
2613 4176 2735 4220 sunt
2782 4168 3026 4217 accurate
3057 4158 3375 4225 diligentes,
3421 4160 3476 4206 et
3523 4151 3594 4203 ita
3647 4146 3885 4202 studiosi

2288 4272 2412 4320 sunt
2440 4256 2846 4317 observationis,
2895 4266 3011 4321 qua:
3040 4248 3171 4301 nihil
3202 4246 3280 4301 eis
3322 4243 3557 4312 prodest,
3590 4241 3698 4295 imo
3716 4240 3885 4293 etiam

2291 4362 2492 4408 nocet:
2548 4362 2600 4403 tu
2640 4348 2727 4416 qui
2768 4345 2876 4413 jam
2922 4337 3108 4393 umbra
3150 4334 3394 4406 superior
3445 4348 3534 4397 cs,
3572 4330 3655 4384 cui
3708 4328 3883 4382 solem

2284 4445 2501 4516 justitize
2544 4441 2726 4495 videre
2763 4448 3076 4489 concessum
3128 4439 3228 4491 est,
3278 4427 3363 4497 qui
3391 4425 3501 4495 jam
3533 4422 3597 4478 ad
3626 4421 3887 4476 calorum

2290 4538 2668 4606 municipatum
2717 4531 2975 4601 pertincs,
3007 4540 3075 4579 ne
3127 4522 3369 4577 eamdem
3400 4515 3615 4588 quidem
3643 4529 3763 4568 cum
3794 4513 3878 4577 iis,

2290 4632 2378 4700 qui
2417 4605 2543 4682 vitio
2587 4619 2959 4691 intempestive
2996 4616 3132 4669 adha
3154 4621 3309 4675 rent,
3352 4605 3767 4663 sollicitudinem
3818 4619 3889 4659 ac

2290 4722 2522 4776 studium
2554 4716 2794 4776 exhibes,
2840 4723 2892 4763 tu
2930 4707 3012 4762 cui
3043 4706 3236 4758 veritas
3269 4703 3382 4772 ipsa
3408 4708 3491 4754 est
3527 4696 3758 4760 credita;
3787 4694 3887 4749 sed

2293 4813 2357 4866 ad
2380 4810 2645 4866 modicam
2676 4804 2777 4857 diei
2813 4809 3015 4870 partem
3034 4796 3137 4849 huc
3159 4803 3398 4857 vocatus,
3430 4803 3499 4843 ne
3520 4803 3638 4843 eam
3667 4784 3888 4855 quidem

2298 4915 2572 4958 sacrorum
2605 4893 2936 4963 eloquiorum
2988 4883 3249 4940 auditioni
3276 4879 3512 4951 dignaris
3537 4876 3894 4947 impendere?

2294 5009 2451 5065 quam
2504 4989 2715 5044 tandem
2758 4983 2989 5044 veniam,
3041 4992 3242 5047 quaeso,
3274 4972 3467 5028 mereri
3507 4969 3891 5040 queaslqnam

2296 5101 2424 5141 vero
2440 5082 2641 5155 poteris
2668 5080 2955 5148 legitimam
2975 5073 3232 5141 etjustam
3252 5065 3649 5122 excusationem
3670 5060 3895 5115 afferre?

2295 5154 2656 5245 Nonpotest
2714 5169 2848 5233 licri,
2908 5166 3061 5235 plane
3110 5176 3215 5216 non
3261 5166 3473 5227 potest,
3532 5165 3589 5209 ut
3635 5154 3720 5223 qui
3778 5162 3893 5205 tam

2300 5242 2569 5339 negligens
2600 5264 2666 5317 sit
2698 5276 2758 5315 ac
2791 5258 2971 5328 piger,
3004 5266 3253 5321 umquam
3286 5248 3437 5303 venia
3476 5246 3663 5315 dignus
3694 5242 3898 5296 habea-

2302 5336 2406 5424 tur,
2436 5336 2561 5412 licet
2582 5354 2771 5407 millies
2798 5345 3130 5403 sazcularium
3151 5339 3483 5412 negotiorum
3516 5336 3895 5404 occupationes

2301 5450 2573 5507 obtendat.
2617 5446 2820 5505 Nescis,
2863 5441 2907 5496 si
2938 5440 3043 5493 huc
3088 5438 3306 5492 veniens
3352 5435 3516 5487 Deum
3564 5428 3892 5489 adoravcris,

2301 5554 2355 5599 et
2405 5548 2697 5595 conventus
2756 5534 2905 5588 istius
2960 5528 3224 5600 particeps
3282 5524 3481 5587 fueris,
3533 5535 3594 5575 ea
3623 5534 3740 5588 qua:
3786 5532 3898 5586 prte

2306 5634 2548 5689 manibus
2600 5638 2722 5684 sunt
2752 5625 2959 5694 negotia
3008 5620 3175 5674 facilia
3216 5617 3306 5672 tibi
3336 5626 3389 5669 et
3432 5612 3674 5682 expedita
3706 5609 3899 5663 rcdvli‘!

2305 5724 2659 5783 Smeularihus
2722 5721 2859 5772 curis
2919 5712 3209 5784 premeris?
3264 5708 3457 5764 Earum
3511 5705 3668 5775 igitur
3737 5716 3897 5755 causa
