4080 6390
237 296 329 351 m

240 409 339 462 huc
386 406 607 469 ventila,
656 408 716 456 ιιι
760 411 879 454 cum
928 395 1024 451 libi
1063 394 1156 450 Dei
1186 387 1619 448 benevolentiam
1648 380 1830 439 conci-

245 495 477 559 tiaveris,
523 489 666 561 quod
719 487 808 543 hic
860 494 1104 543 versatus
1130 482 1317 548 fueris,
1365 478 1434 534 ita
1464 491 1585 532 cum
1627 471 1831 529 securi-

246 598 349 641 tate
381 581 659 645 discedas;
716 588 775 633 ut
821 578 973 636 illum
1004 574 1204 630 habeas
1238 570 1537 640 adiutorem
1560 607 1573 632 ,
1628 571 1686 619 ut
1734 576 1839 615 ca:-

247 680 393 732 lcstis
454 688 644 731 manus
694 671 895 726 auxilio
954 676 1137 737 septus
1176 662 1509 722 daemonibus
1559 659 1657 712 tias
1706 654 1841 710 invi-

247 780 379 825 ctus.
422 770 478 824 Si
498 766 734 837 paternis
766 764 1021 835 precibus
1063 760 1278 824 fruaris,
1312 757 1358 813 si
1402 753 1703 812 communis
1724 763 1843 805 ora-

250 858 409 913 tionis
437 856 705 927 particeps
752 854 875 919 fias,
931 853 975 908 si
1018 852 1229 921 eloquia
1283 862 1436 903 sacra
1480 842 1770 905 audiveris,
1797 839 1843 894 si

254 951 343 1006 Dei
402 949 495 1003 libi
546 947 801 1001 auxilium
842 943 1257 1015 comparaveris,
1285 941 1330 995 si
1378 938 1462 993 his
1507 936 1672 989 armis
1694 947 1846 987 eom-

254 1041 490 1096 munitus
540 1054 788 1109 egressus
836 1037 1019 1100 fueris,
1061 1052 1131 1090 ne
1186 1033 1429 1088 diabolus
1473 1028 1689 1099 quidem
1734 1026 1849 1094 ipse

256 1142 437 1185 contra
468 1138 519 1184 te
566 1129 818 1196 deinceps
868 1125 1053 1181 oculos
1102 1122 1320 1179 audebit
1343 1120 1625 1183 attollere,
1654 1115 1848 1170 nedum

261 1222 507 1277 homines
554 1219 800 1289 improbi,
843 1218 1034 1288 quibus
1070 1214 1249 1270 studio
1290 1227 1410 1267 esse
1452 1208 1608 1271 solet,
1643 1217 1700 1261 ut
1724 1220 1853 1261 con-

262 1312 493 1365 tumeliis
526 1318 751 1364 exteros
797 1317 853 1361 et
901 1306 1181 1361 calumniis
1237 1309 1646 1373 persequantur.
1696 1295 1851 1361 Quod

261 1402 307 1457 si
352 1416 417 1457 cx
462 1400 665 1453 mdibus
706 1400 756 1451 in
809 1398 982 1452 forum
1022 1410 1271 1467 egressus
1310 1389 1575 1462 ejusmodi
1626 1387 1855 1441 nudatus

263 1496 427 1549 armis
464 1492 775 1557 ofl'eudaris,
802 1492 1039 1545 omnium
1070 1490 1158 1558 qui
1200 1498 1250 1542 te
1278 1482 1617 1540 contumeliis
1639 1479 1859 1535 infesta-

265 1588 394 1643 bunt
422 1585 575 1639 facile
616 1582 907 1638 vincendos
958 1581 1161 1651 patebis
1215 1576 1534 1633 incursibus.
1578 1573 1780 1629 ideirco
1806 1581 1860 1626 et

267 1679 319 1732 in
364 1677 584 1747 privatis
613 1686 667 1731 et
696 1676 749 1730 in
780 1674 1001 1745 publicis
1040 1672 1237 1728 nostris
1265 1671 1492 1741 negotiis
1527 1680 1858 1737 nequaquam

269 1782 335 1821 ex
378 1767 545 1820 animi
574 1767 836 1821 sententia
868 1764 1024 1817 nobis
1052 1762 1229 1817 multa
1247 1760 1560 1825 succedunt,
1589 1756 1731 1828 quod
1753 1754 1861 1824 spi-

270 1858 480 1911 ritualia
512 1872 617 1911 non
645 1855 792 1925 prius
823 1854 1061 1909 studiose
1090 1852 1520 1909 aceuraverimus
1538 1891 1552 1913 ,
1578 1863 1644 1904 ac
1670 1845 1863 1902 deinde

271 1947 568 2013 secularia,
602 1946 699 2001 sed
738 1945 981 2000 ordinem
1020 1944 1416 1999 invenerimus.
1449 1939 1650 1994 idcirco
1704 1951 1865 2006 nego-

274 2038 469 2091 tiorum
514 2050 727 2105 quoque
767 2035 936 2090 series
976 2048 1038 2088 ae
1089 2045 1265 2087 rectus
1306 2030 1438 2086 ordo
1479 2029 1781 2093 invertitur,
1813 2034 1868 2081 et

272 2127 447 2182 munia
483 2127 641 2196 plane
688 2126 984 2195 turbantur.
1039 2125 1305 2191 Quantum
1348 2123 1476 2177 mihi
1535 2122 1776 2175 dolorem
1807 2134 1869 2173 ac

277 2214 573 2270 molestiam
605 2216 742 2269 inuri
778 2215 1003 2284 putatis,
1034 2230 1155 2269 eum
1185 2216 1362 2283 cogito
1383 2213 1629 2267 veniente
1652 2210 1867 2280 quidem

278 2302 412 2359 festo
450 2320 512 2359 ac
540 2306 900 2372 solemnitate,
954 2306 1076 2359 licet
1106 2305 1282 2358 nullus
1331 2304 1399 2358 sit
1442 2303 1530 2372 qui
1579 2310 1758 2366 vocet,
1790 2310 1872 2353 to-

279 2404 387 2455 tam
433 2410 756 2459 concurrere
793 2396 1058 2451 civitatem
1111 2412 1123 2447 :
1182 2395 1271 2449 ubi
1317 2410 1445 2448 vero
1490 2395 1679 2448 festum
1734 2393 1872 2447 sole-

278 2495 579 2564 mnitasqne
610 2494 907 2560 transierit,
938 2498 1049 2548 toto
1076 2487 1200 2541 licet
1228 2486 1313 2541 die
1346 2498 1748 2556 perseveremus
1776 2498 1873 2537 nos

277 2583 679 2652 disrumpentes
709 2593 762 2638 et
805 2599 898 2639 vos
928 2584 1272 2645 advocantes,
1308 2577 1510 2633 nullum
1554 2585 1729 2631 tamen
1755 2588 1875 2629 esse

279 2676 367 2744 qui
417 2674 696 2728 attendat!
749 2676 873 2731 limo
917 2677 1058 2731 enim
1114 2683 1484 2745 saepenumero
1531 2683 1654 2728 cum
1694 2677 1877 2727 mente

281 2782 577 2831 uersarem,
627 2768 863 2837 graviter
889 2768 1142 2838 ingemui,
1185 2776 1238 2822 et
1267 2768 1383 2822 bme
1411 2764 1551 2835 apud
1583 2779 1671 2820 me
1714 2764 1875 2819 verba

282 2858 540 2913 faciebam
576 2877 587 2911 :
617 2858 753 2925 Quid
801 2859 1171 2913 cohortatione
1202 2858 1284 2913 vel
1315 2857 1540 2913 consilio
1571 2866 1654 2911 est
1705 2870 1873 2924 opus,

282 2965 401 3004 cum
451 2965 545 3004 vos
594 2951 979 3006 consuetudine
1031 2959 1239 3005 tantum
1288 2961 1477 3005 cuncta
1518 2948 1742 3015 faciatis,
1778 2964 1878 3003 nec

284 3042 443 3096 ullius
470 3050 667 3095 nostrae
688 3041 945 3097 doctrina:
972 3057 1131 3112 opera
1156 3042 1509 3111 promptiores
1548 3039 1878 3094 reddamini?

280 3134 414 3186 Cum
458 3134 600 3187 enim
632 3132 782 3187 festis
818 3133 1031 3202 quidem
1066 3133 1476 3188 diebusnoslra
1509 3132 1879 3189 cohortatione

284 3222 414 3276 nihil
461 3222 758 3291 indigestis.
808 3232 1087 3294 postquam
1137 3231 1314 3277 autem
1348 3222 1422 3277 illi
1480 3222 1875 3292 praeterierint,

284 3312 484 3367 nullam
545 3326 612 3367 ex
660 3312 899 3367 doctrina
958 3314 1238 3368 utilitatem
1291 3313 1631 3383 percipiatis,
1698 3328 1878 3369 nonne

286 3412 543 3472 quantm
586 3402 801 3472 quidem
856 3404 907 3457 in
958 3403 1110 3459 vobis
1154 3403 1313 3458 situm
1358 3414 1469 3470 est,
1528 3404 1768 3459 inutilem
1820 3419 1881 3460 ac

284 3508 734 3561 supervacaneam
784 3494 1083 3550 oralionem
1131 3505 1364 3551 nostram
1416 3496 1680 3551 redditis?

353 3584 407 3639 4.
453 3582 615 3638 Forte
644 3587 834 3650 multi,
877 3586 964 3655 qui
997 3586 1112 3641 hmc
1145 3586 1385 3651 audiunt,
1416 3588 1617 3641 dolent.
1652 3586 1755 3643 Sed
1786 3603 1880 3641 ne-

282 3674 544 3743 gligentes
586 3675 657 3728 ita
704 3691 811 3730 non
868 3676 1107 3731 sentiunt
1140 3694 1151 3729 :
1178 3676 1410 3746 alioquin
1438 3678 1698 3732 incuriam
1730 3694 1881 3732 suam

282 3764 635 3833 deponerent.
668 3774 726 3820 ut
763 3781 861 3821 nos
886 3768 975 3837 qui
1008 3766 1245 3836 quotidie
1273 3767 1342 3823 de
1371 3768 1529 3823 rebus
1557 3769 1747 3823 vestris
1769 3769 1881 3823 sol-

286 3857 417 3912 liciti
467 3872 675 3913 sumus.
716 3858 867 3927 Quod
913 3869 1117 3914 tantum
1165 3876 1231 3915 ex
1279 3862 1506 3931 negotiis
1536 3861 1884 3917 saecularibus

286 3949 491 4003 lucrum
554 3950 798 4019 colligis,
845 3959 1100 4020 quantum
1156 3950 1248 4005 tibi
1296 3950 1548 4006 damnum
1608 3950 1881 4007 accersis?

286 4038 425 4094 Fieri
484 4040 699 4108 nequit,
746 4049 807 4093 ut
838 4056 903 4095 ex
940 4041 1055 4095 alio
1070 4056 1362 4109 congressu
1400 4052 1740 4096 conventuve
1767 4050 1885 4096 tan—

287 4139 397 4184 tum
467 4130 671 4183 lucrum
727 4141 1007 4201 reportes,
1061 4143 1323 4201 quantum
1368 4149 1433 4186 ex
1500 4147 1565 4187 eo
1607 4134 1746 4202 quod
1801 4134 1887 4189 hic

288 4224 525 4277 versetis
569 4241 595 4307 z.
630 4224 742 4277 sive
781 4222 1033 4293 iudiciale
1077 4225 1249 4278 forum
1306 4240 1731 4293 commemores,
1773 4228 1887 4284 sive

283 4314 510 4380 curiam,
544 4315 659 4369 sive
709 4316 876 4383 ipsam
931 4316 1173 4387 Regiam.
1215 4315 1330 4371 Non
1360 4319 1501 4371 enim
1534 4320 1769 4387 gentium
1798 4336 1888 4375 ur-

285 4405 541 4473 biumque
588 4406 863 4475 regimen,
912 4424 1086 4479 neque
1121 4409 1371 4464 ducatum
1427 4413 1760 4467 exercituum
1803 4414 1887 4468 his

284 4494 375 4563 qui
422 4493 527 4549 bac
576 4497 944 4564 ingrediuntur
972 4500 1377 4567 committimus,
1419 4502 1514 4557 sed
1541 4504 1703 4557 alium
1737 4504 1885 4573 prin~

285 4590 524 4659 cipatum
546 4591 908 4659 augustiorem
932 4593 1045 4661 ipso
1065 4609 1230 4662 regno
1264 4612 1277 4647 :
1312 4594 1397 4650 vel
1422 4597 1599 4665 potius
1616 4612 1722 4652 non
1740 4612 1889 4652 com-

285 4680 551 4734 mittimus
578 4696 695 4747 nos,
753 4681 846 4737 sed
896 4682 1126 4750 Spiritus
1166 4684 1353 4753 gratia.

360 4771 437 4825 De
460 4773 641 4843 quibus
668 4776 816 4827 rebus
836 4772 1150 4829 insmiantur
1173 4779 1257 4845 qui
1284 4780 1515 4833 concioni
1544 4782 1887 4837 intersunt.—

284 4863 543 4932 Quisnam
575 4865 736 4934 igitur
759 4876 843 4921 est
871 4868 1013 4938 regia
1041 4879 1301 4937 potestate
1326 4872 1600 4940 augustior
1623 4875 1887 4943 principa—

286 4964 409 5020 tus,
444 4971 604 5025 quem
636 4957 1005 5027 adipiscuntur
1046 4962 1135 5030 qui
1180 4962 1282 5016 huc
1324 4963 1737 5031 ingrediuntur?
1783 4967 1886 5021 Do-

287 5056 476 5099 centnr
505 5047 755 5103 absurdis
786 5052 1122 5118 passimiibus
1151 5052 1415 5122 imperare
1442 5094 1455 5120 ,
1495 5071 1685 5124 pravas
1716 5057 1887 5111 libidi-

287 5151 384 5192 nes
412 5153 601 5206 regere
626 5180 641 5204 ,
676 5140 807 5193 iram
836 5142 1098 5196 moderari
1126 5185 1139 5210 ,
1171 5144 1422 5199 invidiam
1452 5147 1699 5217 subigere
1724 5190 1738 5211 ,
1771 5150 1887 5204 ina-

290 5243 412 5283 nem
465 5231 691 5300 gloriam
744 5232 795 5286 in
843 5234 1154 5290 servitutem
1197 5237 1459 5308 redigere.
1504 5238 1619 5293 Non
1670 5242 1889 5310 perinde

289 5322 636 5377 veneratione
665 5321 858 5391 dignus
887 5334 969 5379 est
1012 5326 1305 5397 Imperator
1332 5330 1383 5383 in
1432 5333 1579 5401 regio
1603 5335 1890 5390 considens

288 5412 418 5464 solio
438 5422 490 5466 et
515 5411 823 5469 diademate
852 5415 1127 5471 redimitus
1154 5458 1168 5483 ,
1198 5428 1357 5488 atque
1388 5420 1546 5476 homo
1572 5466 1583 5485 ,
1610 5424 1697 5492 qui
1728 5426 1890 5478 ratio-

290 5516 405 5554 nem
450 5502 502 5555 in
542 5504 736 5558 solium
767 5506 1071 5564 dominatus
1102 5511 1371 5565 servilium
1404 5514 1711 5582 passionum
1759 5517 1885 5570 sub-

288 5594 429 5648 vehit
452 5634 466 5656 ,
500 5602 558 5648 et
599 5594 826 5664 imperio
855 5635 869 5661 ,
902 5597 1043 5665 quod
1091 5599 1141 5652 in
1194 5599 1308 5655 illas
1336 5611 1547 5657 exercet
1572 5644 1585 5667 ,
1618 5611 1885 5674 tamquam

289 5687 565 5755 splendido
594 5688 826 5758 quodam
860 5690 1156 5746 revinctum
1186 5702 1344 5763 caput
1372 5693 1537 5751 habet
1556 5694 1876 5754 diademate.

1136 278 1202 335 IN
1243 276 1469 342 ILLUD,
1511 271 1571 329 Si
1611 262 1989 327 εεῠιιιειιιτ
2015 258 2338 328 lNlMlCUS,
2381 254 2535 313 ΕΠΖ

1945 377 2087 447 Quid
2114 377 2261 433 enim
2288 415 2304 441 ,
2334 383 2519 445 quaso
2540 411 2557 439 ,
2586 365 2803 441 prodest
2834 374 3067 434 purpura
3096 400 3112 428 ,
3141 371 3317 413 aureae
3342 362 3546 447 vestes,

1944 445 1999 523 et
2028 481 2227 522 corona
2251 470 2519 535 gemmata
2546 501 2560 526 ,
2581 454 2799 531 quando
2821 454 3129 525 passionum
3154 447 3362 520 captiva
3390 445 3550 500 fuerit

1946 558 2123 613 anima
2145 556 2168 610 l
2193 553 2339 626 quod
2365 568 2431 609 ex
2459 552 2561 608 ista
2587 558 2811 605 externa
2850 545 3098 601 libertate
3140 541 3348 595 lucrum
3382 536 3551 592 obve-

1949 650 2031 705 nit
2056 688 2072 713 ,
2104 645 2319 717 quando
2348 643 2402 699 id
2434 641 2578 712 quod
2605 640 2659 696 in
2690 636 2843 694 nobis
2879 633 3215 705 potissimum
3259 638 3342 684 est
3364 669 3380 695 ,
3413 626 3554 717 turpi

1949 754 2014 795 ae
2040 714 2333 794 miserabili
2364 733 2607 805 subiacet
2625 728 2868 787 servituti
2886 726 2914 781 τ
2932 723 3073 781 Nam
3101 714 3555 793 quemadmodum

1950 845 2073 887 cum
2100 827 2268 885 febris
2294 826 2362 882 ad
2406 824 2662 881 interiora
2704 824 2985 891 penetrat,
3032 822 3089 871 et
3127 814 3333 868 viscera
3375 805 3558 864 omnia

3440 237 3543 295 171³

1953 921 2191 978 incendit
2215 960 2230 985 ,
2262 917 2396 974 nihil
2434 916 2589 974 nobis
2628 912 2887 985 prodest,
2936 908 2983 964 si
3031 904 3293 977 superior
3316 901 3564 970 corporis

1958 1010 2276 1081 superficies
2302 1007 2435 1063 nihil
2468 1006 2574 1062 tale
2602 1005 2833 1076 patiatur
2864 1018 2876 1055 :
2910 1000 2981 1055 ita
3019 994 3339 1053 dum-nobis
3379 990 3558 1045 anima

1959 1103 2307 1160 interioribus
2348 1098 2670 1155 distrahitur
2711 1090 3051 1166 passionibus
3075 1130 3091 1155 ,
3138 1084 3271 1141 nihil
3292 1092 3566 1139 externus

1959 1196 2291 1266 principatus
2313 1192 2464 1264 juvat
2490 1230 2505 1257 ,
2542 1204 2609 1246 ne
2636 1187 2817 1258 ipsum
2838 1183 3056 1256 quidem
3086 1178 3295 1251 regium
3321 1175 3515 1232 solium
3547 1214 3559 1235 ,

1959 1302 2080 1342 cum
2112 1287 2323 1341 animus
2351 1284 2586 1339 violento
2631 1280 2832 1351 impetu
2852 1292 2887 1331 ιι
2915 1272 3253 1347 passionibus
3278 1269 3346 1325 de
3372 1270 3569 1323 throno

1962 1382 2111 1451 regio
2155 1379 2468 1435 devolvatur
2507 1386 2562 1431 et
2605 1374 2745 1430 ultro
2791 1385 2873 1427 se“
2904 1368 3221 1429 submittat,
3275 1374 3568 1430 earumque

1964 1473 2193 1529 rebelles
2245 1471 2471 1525 insultus
2525 1462 2908 1538 pertimescat?
2959 1458 3111 1529 Quod
3166 1471 3234 1511 ne
3292 1453 3419 1517 fiat,
3471 1466 3572 1505 un-

1966 1559 2131 1629 dique
2177 1555 2465 1629 prophetas-
2500 1558 2831 1609 eoneurrunt
2873 1554 2928 1602 et
2976 1541 3245 1613 apostoli,
3298 1538 3577 1609 passiones

1970 1661 2178 1704 nostras
2209 1647 2551 1717 reprimunt,
2583 1656 2799 1696 omnem
2834 1636 3101 1709 appetitus
3129 1630 3352 1688 rationis
3378 1641 3574 1696 exper-

1968 1744 2035 1797 tis
2062 1742 2323 1797 feritatem
2354 1754 2383 1792 a
2416 1738 2569 1792 nobis
2590 1732 2878 1790 amandant
2901 1774 2917 1800 ,
2941 1740 2996 1787 et
3021 1728 3191 1784 multo
3210 1724 3576 1795 augustiorem

1973 1852 2143 1905 regno
2171 1833 2525 1904 principatum
2558 1827 2713 1884 nobis
2744 1825 3104 1882 committunt.
3153 1817 3265 1874 Bac
3307 1816 3374 1871 de
3416 1828 3579 1869 causa

1972 1904 2214 1984 dicebam
2246 1940 2340 1981 eos
2364 1966 2379 1991 ,
2407 1922 2497 1993 qui
2526 1921 2626 1976 bac
2650 1916 3007 1976 sollicitudine
3040 1928 3102 1968 se
3138 1912 3349 1982 privant
3373 1950 3388 1974 ,
3420 1904 3597 1961 letales

1974 2020 2078 2073 sibi
2106 2018 2299 2072 vulnus
2326 2016 2567 2085 inﬂigere
2592 2055 2606 2079 ,
2636 2026 2698 2073 ac
2723 2014 2928 2064 tantum
2958 2018 3151 2075 capere
3171 2000 3583 2064 detrimentum,

1974 2119 2232 2181 quantum
2264 2108 2371 2164 ulla
2400 2107 2506 2162 alia
2534 2122 2597 2161 ex
2626 2112 2777 2175 parte
2820 2116 3015 2171 capere
3060 2103 3335 2166 nequeunt
3362 2112 3375 2145 :
3406 2106 3580 2163 quan-

1976 2202 2263 2273 doquidem
2289 2212 2343 2256 et
2367 2186 2460 2271 qui
2486 2202 2589 2254 huc
2614 2194 2841 2266 ingressi
2872 2192 3069 2247 fuerint
3094 2232 3106 2255 ,
3136 2186 3401 2259 ejusmodi
3428 2202 3579 2255 qua:-

1980 2302 2119 2348 stum
2152 2292 2349 2347 faciunt
2373 2333 2389 2359 ,
2411 2290 2621 2362 qualem
2650 2286 2867 2354 aliunde
2892 2285 3065 2339 facere
3091 2280 3237 2336 nullo
3270 2280 3429 2334 modo
3456 2292 3583 2347 pos-

1980 2393 2147 2439 sent:
2192 2382 2335 2453 quod
2385 2392 2441 2437 et
2489 2382 2603 2451 ipsa
2652 2376 2921 2433 sermonis
2960 2374 3129 2430 series
3175 2370 3583 2427 demonstravit.

1984 2474 2106 2529 Non
2129 2475 2399 2545 apparebis
2427 2475 2479 2527 in
2510 2481 2781 2542 conspectu
2812 2468 3018 2523 Domini
3041 2481 3230 2519 vacuus
3253 2464 3271 2535 (
3298 2462 3465 2517 Exod.
3493 2462 3589 2518 25.

1982 2565 2119 2638 l5),
2146 2565 2322 2619 aiebat
2348 2566 2431 2620 lex
2462 2583 2475 2618 :
2511 2566 2612 2619 hoc
2637 2573 2715 2617 est
2742 2604 2757 2629 ,
2788 2560 2991 2630 absque
3036 2557 3317 2613 sacrificiis
3356 2572 3462 2610 non
3505 2558 3588 2610 in-

1984 2666 2180 2713 troeas.
2213 2656 2365 2724 Quod
2395 2657 2440 2711 si
2481 2655 2684 2726 absque
2713 2651 2989 2708 sacrificiis
3019 2652 3075 2705 in
3103 2649 3322 2705 domum
3355 2647 3450 2702 Dei
3485 2661 3591 2699 non

1982 2760 2064 2811 est
2091 2749 2497 2825 ingrediendum
2524 2789 2539 2816 ,
2571 2747 2741 2802 multo
2766 2745 2935 2816 magis
2962 2744 3028 2798 ad
3054 2742 3307 2799 collectas
3335 2755 3457 2795 cum
3488 2738 3595 2792 fra-

1987 2847 2156 2900 tribus
2186 2855 2292 2900 non
2320 2850 2408 2899 est
2438 2836 2745 2893 intrandum
2776 2854 2790 2891 τ
2838 2836 3035 2906 quippe
3081 2832 3404 2889 sacrificium
3452 2829 3595 2886 istud
3651 2906 3653 2910 Q

1988 2936 2085 2990 illo
2115 2935 2307 2989 melius
2332 2946 2415 2989 est
2438 2976 2453 3001 ,
2484 2938 2535 2990 et
2565 2928 2767 2991 oblatio
2792 2968 2806 2998 ,
2830 2941 2953 2981 cum
2981 2926 3218 2979 animum
3247 2931 3421 2978 tecum
3449 2922 3596 2976 acci-

1988 3028 2139 3096 piens
2170 3026 2454 3096 ingressus
2496 3025 2678 3081 fueris.
2723 3023 2838 3078 Non
2878 3019 3071 3077 videtis
3113 3017 3431 3082 columbas,
3470 3033 3593 3086 qum

1992 3120 2265 3174 instructae
2292 3116 2511 3173 fuerunt
2537 3160 2552 3184 ,
2585 3132 2692 3188 quo
2720 3125 2874 3186 pacto
2909 3116 3143 3183 reliquas
3172 3126 3403 3183 egressa:
3436 3110 3593 3181 pelli-

1986 3212 2129 3267 ciant
2157 3221 2212 3267 et
2239 3210 2545 3267 venentur?
2574 3210 2686 3264 Hoc
2728 3224 2825 3262 nos
2868 3220 3079 3277 quoque
3124 3203 3400 3259 faciamus.
3432 3202 3593 3269 Qum-

1989 3318 2111 3357 nam
2142 3303 2284 3360 enim
2319 3302 2532 3356 tandem
2561 3298 2841 3355 excusatio
2871 3298 3071 3366 reliqua
3104 3295 3207 3350 erit
3231 3336 3243 3357 ,
3278 3308 3401 3348 cum
3432 3292 3597 3347 ratio—

1988 3394 2071 3449 nis
2102 3402 2351 3465 expertes
2382 3392 2684 3447 animantes
2712 3390 2843 3444 alias
2872 3388 3113 3459 ejusdem
3160 3385 3371 3457 generis
3414 3386 3597 3438 venari

1988 3486 2193 3556 possint
2220 3525 2233 3550 ,
2267 3499 2366 3540 nos
2408 3494 2589 3539 autem
2618 3483 2827 3537 ratione
2859 3491 3109 3549 tantaque
3134 3478 3395 3547 sapientia
3437 3493 3598 3532 exor-

1991 3579 2101 3631 nati
2134 3578 2294 3631 talem
2330 3584 2606 3646 capturam
2640 3574 2973 3644 negligamus
2994 3574 3016 3625 ?
3037 3570 3311 3640 Superiori
3338 3569 3600 3624 concione

1991 3686 2085 3725 vos
2115 3672 2165 3724 iu
2195 3670 2308 3724 haec
2337 3670 2498 3723 verba
2543 3666 2857 3722 cohortatus
2901 3680 3021 3719 sum
3046 3706 3061 3731 ,
3109 3661 3473 3733 unusquisque
3506 3675 3591 3714 ve-

1990 3771 2160 3816 strum
2193 3760 2258 3815 ad
2293 3759 2524 3829 proximi
2555 3758 2777 3813 domum
2811 3758 3011 3827 pergite
3038 3798 3052 3819 ,
3082 3762 3339 3810 exeuntes
3372 3762 3600 3823 prtesto-

1990 3851 2169 3905 lamini
2196 3892 2211 3917 ,
2264 3849 2619 3919 prehendite,
2662 3856 2825 3917 atque
2871 3846 2936 3901 ad
2982 3860 3323 3900 communem
3372 3850 3599 3897 matrem

1990 3942 2239 3998 adducite
2274 3961 2287 3997 :
2316 3942 2538 4013 illosque
2564 3941 2653 4011 qui
2682 3940 2733 3993 in
2765 3937 3068 4009 spectacula
3098 3936 3429 3991 theatrorum
3460 3935 3603 3989 insa-

1993 4036 2151 4091 niunt
2176 4036 2456 4090 imitamini
2484 4076 2498 4100 ,
2531 4035 2620 4103 qui
2649 4045 2861 4087 summo
2890 4030 3067 4085 studio
3108 4029 3261 4099 quasi
3302 4030 3605 4097 composito

1993 4128 2134 4182 inter
2162 4141 2221 4182 se
2250 4127 2466 4197 agmine
2486 4166 2500 4191 ,
2531 4140 2651 4178 cum
2694 4123 2863 4194 prima
2910 4122 3029 4177 luce
3054 4119 3120 4175 ad
3164 4118 3425 4174 nefarium
3472 4117 3603 4172 illud

1992 4222 2359 4292 spectaculum
2407 4218 2771 4275 contuendum
2813 4222 3147 4285 exspectant.
3204 4214 3271 4268 At
3323 4212 3455 4267 nihil
3513 4211 3601 4271 illa

1994 4323 2182 4369 nostra
2207 4313 2583 4368 cohortatione
2606 4308 2991 4381 promovimus.
3018 4306 3221 4361 Idcirco
3251 4321 3433 4359 rursus
3458 4302 3601 4367 dico,

1994 4420 2167 4476 neque
2192 4403 2375 4459 dicere
2403 4403 2668 4467 desinam,
2692 4400 2866 4455 donec
2895 4414 3233 4470 persuasero.
3262 4394 3405 4451 Nihil
3434 4394 3598 4468 prod-

1993 4505 2076 4552 est
2119 4494 2440 4550 auseultatio
2464 4536 2479 4559 ,
2513 4493 2616 4548 nisi
2644 4493 2789 4547 illam
2818 4492 2959 4545 actio
2998 4490 3303 4545 comitetur.
3338 4488 3449 4543 lino
3477 4502 3609 4544 vero

1994 4588 2293 4659 graviorem
2339 4588 2493 4642 nobis
2534 4601 2747 4657 poenam
2793 4585 3060 4649 accersit,
3103 4598 3224 4637 cum
3264 4582 3455 4645 eadem
3501 4580 3608 4636 fre-

1995 4689 2225 4750 quenter
2250 4679 2529 4734 audientes
2554 4718 2569 4742 ,
2602 4676 2734 4731 nihil
2765 4692 2951 4731 eorum
2980 4684 3301 4753 praestamus
3327 4714 3342 4741 ,
3374 4689 3493 4743 quae
3520 4672 3607 4727 di-

1994 4780 2208 4827 cuntur.
2248 4771 2314 4824 Et
2356 4786 2481 4824 vero
2524 4768 2698 4839 majus
2738 4768 3059 4838 supplicium
3104 4766 3386 4819 imminere
3413 4806 3427 4829 ,
3478 4765 3603 4826 andi

1994 4880 2101 4933 quo
2134 4872 2288 4934 pacto
2319 4863 2563 4916 Christus
2592 4860 2838 4919 indicet;
2877 4858 2939 4913 Si
2973 4875 3073 4912 non
3103 4858 3343 4913 venissem
3371 4898 3384 4921 ,
3430 4865 3477 4911 et
3524 4857 3605 4909 lo.

1995 4970 2182 5031 quotus
2210 4958 2417 5027 fuissem
2451 4956 2519 5010 cis
2546 4996 2561 5021 ,
2590 4963 2851 5024 peccatum
2879 4968 2982 5006 non
3006 4953 3247 5005 haberent
3277 4966 3296 5005 .'
3333 4966 3467 5003 nunc
3514 4967 3609 5003 an-

2000 5060 2098 5103 tem
2124 5051 2499 5103 excusationem
2527 5063 2628 5108 non
2655 5044 2837 5099 habent
2859 5046 2926 5098 de
2946 5050 3151 5112 peccato
3176 5060 3266 5095 suo
3290 5041 3307 5110 (
3329 5040 3487 5094 Joau.
3518 5040 3603 5094 lii.

1996 5144 2068 5197 ἓξ).
2096 5148 2134 5214 );
2168 5151 2223 5198 et
2252 5142 2524 5212 apostolus
2558 5140 2758 5211 pariter
2786 5162 2799 5195 :
2846 5136 2966 5190 Non
3004 5136 3135 5189 enim
3179 5136 3437 5187 auditores
3481 5132 3609 5202 legis

1990 5240 2119 5307 justi
2142 5248 2257 5291 sunt
2284 5237 2422 5307 apud
2456 5234 2653 5296 Deum,
2682 5233 2773 5287 sed
2816 5234 3034 5302 factores
3072 5228 3197 5298 legis
3233 5225 3604 5298 justiﬁcabun-

1998 5344 2080 5384 tur
2109 5332 2125 5401 (
2157 5330 2297 5383 Rom.
2333 5328 2384 5381 Ξ.
2422 5328 2487 5382 15
2511 5327 2551 5397 ).
2601 5330 2744 5395 Atqu
2818 5324 2884 5377 ad
2924 5322 3195 5377 auditores
3241 5318 3467 5389 quidem
3503 5318 3602 5370 ista

1997 5423 2246 5477 dicuntur
2278 5441 2287 5473 :
2323 5422 2506 5474 volens
2531 5429 2709 5473 autem
2734 5417 3167 5471 concionatorem
3199 5412 3371 5488 ipsum
3400 5409 3597 5463 docere

2000 5530 2063 5567 ne.
2098 5516 2194 5583 ipsi
2222 5512 2435 5581 quidem
2468 5512 2629 5566 ullam
2662 5526 2729 5565 ex
2760 5508 2999 5563 doctrina
3028 5548 3040 5572 ,
3092 5520 3249 5575 quam
3300 5500 3602 5558 communi-

1998 5616 2081 5659 cat
2110 5650 2120 5669 ,
2156 5606 2431 5659 utilitatem
2460 5620 2579 5658 esse.
2608 5604 2957 5660 obventuram
2986 5641 3000 5664 ,
3046 5598 3089 5653 si
3131 5594 3596 5652 conversationem

2000 5715 2119 5753 cum
2146 5698 2383 5752 (lOL‘ll‘lllll
2411 5714 2512 5751 non
2547 5697 2738 5752 habeat
2765 5694 3063 5766 copulatam
3091 5731 3106 5758 ,
3132 5696 3191 5744 et
3211 5688 3373 5743 vitam
3402 5699 3600 5742 conve-
