4080 6470
470 310 570 365 HQ

466 422 699 477 trientem
743 422 1007 485 orationi,
1048 420 1166 474 audi
1208 435 1314 489 quo
1348 427 1503 488 pacto
1544 416 1815 490 apostolus
1841 424 1891 472 et
1922 428 2047 487 pro-

466 512 624 579 pheta
656 512 707 565 in
738 510 882 566 illum
909 510 1241 565 invehantur.
1272 509 1401 564 Nam
1432 510 1517 565 hic
1556 509 1767 580 quidem
1809 507 1889 562 sic
1925 507 2001 562 ait
2027 523 2045 563 :

474 600 731 656 Pcccruori
762 612 924 656 autem
952 602 1079 654 dixit
1110 599 1245 655 Deus
1274 618 1292 655 :
1317 601 1486 669 Quare
1512 610 1563 653 tu
1593 616 1797 654 crtarras
1821 597 2050 669 justitias

469 709 605 747 meas
628 733 643 758 ,
677 701 723 745 et
750 693 963 744 assumis
1000 700 1347 746 testamentum
1385 708 1549 745 meum
1584 706 1671 759 per
1703 705 1759 742 es
1791 698 1969 753 tuum,
1996 696 2050 741 ιιι

469 800 583 838 vero
610 784 757 837 odisti
786 783 1108 851 disciplinam
1140 783 1158 854 (
1182 781 1326 837 I’sal.
1357 783 1445 837 £9.
1480 784 1566 837 l6.
1597 782 1657 835 17
1685 780 1729 847 )ἳ
1766 779 2052 848 Apostolus

467 885 644 929 notem
675 888 795 927 cum
827 873 878 927 in
909 874 1128 928 eosdem
1158 875 1287 928 istos
1316 888 1499 927 rursus
1530 871 1795 925 invehitur
1817 910 1830 931 ,
1859 870 1950 939 qui
1980 869 2051 923 ob

469 962 765 1019 doctrinam
805 964 1086 1033 magnifice
1123 963 1191 1017 de
1237 978 1295 1017 se
1334 965 1607 1024 sentiunt,
1652 961 1724 1014 ita
1771 959 2052 1027 loquitur:

472 1054 699 1120 Conﬁdis
729 1056 941 1124 teipsum
970 1071 1076 1108 esse
1098 1055 1275 1107 ducem
1298 1069 1543 1107 eiecerunt
1568 1094 1583 1117 ,
1628 1053 1797 1105 lumen
1844 1066 2015 1103 eorum
2036 1091 2049 1110 ,

469 1145 554 1212 qui
598 1146 650 1197 in
688 1144 900 1197 tenebris
936 1153 1088 1209 sunt,
1130 1144 1429 1197 eruditorem
1467 1142 1809 1212 insipientium
1832 1181 1847 1204 ,
1895 1141 2055 1209 mugi-

472 1244 631 1288 strunt
661 1236 949 1304 infantium.
988 1236 1090 1301 Qui
1127 1251 1247 1305 ergo
1290 1236 1446 1289 alium
1484 1236 1658 1299 doces,
1705 1234 1914 1303 teipsum
1956 1248 2054 1285 non

474 1325 623 1379 (loces
652 1325 838 1396 (Rom.
873 1326 926 1380 2.
964 1326 1199 1395 19-21)7

545 1416 769 1470 Lectioni
796 1417 1081 1486 Scriptura
1106 1417 1362 1470 addantur
1385 1416 1516 1470 bona
1539 1433 1708 1486 Opera.
1739 1444 1811 1455 -—
1834 1412 2055 1479 Quando

475 1508 631 1576 igitur
672 1523 845 1577 neque
890 1509 1019 1564 mihi
1058 1509 1146 1578 qui
1182 1508 1302 1562 dico
1326 1548 1341 1574 ,
1371 1508 1626 1577 prodesse
1670 1513 1877 1576 potest,
1916 1502 2057 1572 quod

474 1598 634 1651 verba
667 1596 852 1653 faciam
884 1638 899 1663 ,
933 1614 1104 1668 neque
1129 1598 1279 1652 vobis
1305 1598 1638 1653 audientibus
1662 1639 1675 1661 ,
1715 1596 1853 1665 quod
1878 1594 2060 1648 audia-

476 1690 544 1742 tis
568 1731 581 1754 ,
618 1690 715 1743 nisi
759 1690 916 1745 dictis
962 1692 1358 1760 obtemperetur
1380 1730 1397 1756 ,
1424 1690 1515 1744 sed
1549 1698 1603 1743 et
1655 1689 1820 1756 magis
1856 1685 2056 1741 conde—

475 1789 625 1833 mnat
654 1799 665 1833 :
700 1795 767 1835 ne
796 1780 909 1834 sola
946 1780 1214 1834 auditione
1247 1788 1396 1833 tenus
1415 1779 1644 1833 studium
1676 1776 2019 1832 exhibeatnus
2042 1814 2057 1837 ,

478 1868 569 1922 sed
621 1869 869 1938 operibus
917 1871 1077 1923 etiam
1125 1884 1185 1923 ea
1233 1885 1350 1939 qua:
1396 1868 1643 1924 dicuntur
1690 1868 2055 1921 observemus.

480 1964 683 2015 Bonum
714 1962 927 2031 quidem
976 1971 1060 2016 est
1099 1962 1365 2015 assiduam
1410 1967 1684 2014 sacrorum
1731 1958 2059 2025 eloquiormn

477 2051 733 2106 anditioni
756 2067 969 2122 operam
990 2052 1119 2106 dare
1142 2070 1159 2117 ;
1182 2053 1276 2106 sed
1296 2063 1349 2106 et
1376 2054 1474 2105 hoc
1505 2052 1703 2105 bonum
1726 2049 1908 2103 inutile
1938 2047 2061 2101 red-

478 2141 622 2195 ditur
645 2184 658 2205 ,
690 2144 732 2195 si
760 2143 1097 2210 conjunctam
1126 2144 1405 2197 utilitatem
1436 2158 1539 2195 non
1568 2141 1798 2204 habeat,
1842 2153 1958 2207 qua:
1997 2152 2064 2191 cx

480 2230 782 2288 obedientia
810 2233 1063 2287 nascitur.
1091 2232 1168 2287 Ne
1193 2233 1352 2302 igitur
1381 2232 1466 2285 hic
1490 2230 1685 2285 frustra
1714 2227 2059 2292 conveniatis,

482 2323 624 2374 omni
653 2322 829 2375 studio
853 2363 869 2388 ,
898 2322 1043 2391 quod
1069 2339 1096 2375 a
1142 2324 1291 2377 vobis
1328 2322 1573 2392 precibus
1603 2335 1743 2388 sa'pe
1772 2319 2019 2374 contendi
2043 2359 2059 2383 ,

483 2427 653 2479 neque
682 2412 1009 2467 contendere
1038 2412 1317 2478 desinam,
1357 2411 1544 2465 fratres
1589 2410 1740 2463 nobis
1777 2410 2020 2463 adducite
2044 2450 2060 2475 ,

483 2504 836 2558 cohortamiui
866 2513 1104 2559 errantes
1132 2546 1145 2570 ,
1177 2506 1456 2559 consilium
1482 2505 1604 2558 date
1632 2520 1735 2557 non
1764 2503 1925 2556 verbo
1952 2512 2066 2556 tau-

482 2602 591 2648 tum
620 2636 633 2658 ,
675 2592 770 2647 sed
817 2594 976 2648 etiam
1016 2609 1197 2663 opere.
1240 2594 1405 2663 Major
1438 2603 1518 2648 est
1548 2595 1642 2646 ista
1671 2593 1909 2646 doctrina
1950 2608 2065 2661 qua:

484 2685 723 2737 moribus
751 2725 765 2749 ,
797 2699 914 2752 qua:
944 2687 1344 2738 conversatione
1374 2684 1660 2753 profertur.
1694 2683 1803 2737 Etsi
1834 2683 1962 2736 nihil
1987 2682 2064 2736 di-

483 2789 573 2827 cas
596 2812 612 2839 ,
644 2775 686 2827 si
717 2784 919 2829 tomum
947 2790 1107 2829 exeas
1132 2791 1161 2829 e
1186 2777 1407 2830 collecta
1434 2818 1447 2841 ,
1490 2787 1541 2829 et
1585 2786 1799 2829 externa
1847 2776 2023 2843 specie
2049 2816 2062 2839 ,

485 2874 702 2933 aspectu
729 2906 741 2928 ,
778 2880 906 2920 voce
932 2908 945 2932 ,
972 2866 1214 2929 incessu,
1242 2876 1297 2920 et
1324 2876 1427 2920 tota
1459 2868 1657 2935 reliqua
1686 2866 1921 2919 modesta
1945 2881 2062 2920 cor-

488 2955 633 3023 poris
661 2956 1045 3024 compositione
1071 2958 1271 3011 iucrum
1300 2998 1313 3022 ,
1359 2957 1495 3025 quod
1542 2949 1661 3010 hinc
1703 2971 1950 3025 egressus
1987 2966 2064 3009 ιο·

487 3060 607 3098 eum
635 3046 860 3099 retulisti
886 3086 900 3109 ,
932 3047 1181 3099 ostendas
1210 3048 1512 3101 hominibus
1537 3090 1551 3114 ,
1581 3050 1665 3116 qui
1696 3049 1933 3101 eollectm
1963 3062 2065 3101 non

487 3134 877 3200 interfuerunt,
908 3134 972 3188 ad
1003 3136 1422 3190 cohortationem
1450 3147 1501 3191 et
1530 3138 1808 3191 consilium
1843 3138 1890 3190 id
1917 3137 2067 3191 suffi-

488 3223 579 3276 cit.
610 3222 699 3277 Sic
730 3227 868 3275 enim
899 3224 1076 3292 egredi
1107 3241 1201 3276 nos
1225 3224 1347 3279 hinc
1370 3236 1617 3294 Oportet,
1642 3228 1787 3294 quasi
1814 3242 1877 3279 ex
1908 3228 2070 3280 sacris

490 3314 665 3382 adytis
694 3355 708 3377 ,
754 3317 900 3383 quasi
928 3314 993 3367 de
1024 3314 1154 3368 Caio
1179 3315 1422 3385 delapsos
1444 3357 1457 3381 ,
1506 3318 1857 3371 modestiores
1898 3317 2071 3371 reddi-

491 3415 572 3457 tos
601 3445 613 3465 ,
651 3404 1082 3473 philosophantes
1104 3446 1117 3470 ,
1161 3407 1431 3460 moderate
1459 3421 1519 3460 ac
1552 3416 1840 3474 ιιιιιιριψιιῑο
1880 3418 2068 3461 cuncta

490 3493 741 3547 facientes
770 3509 832 3547 ac
857 3494 1092 3548 dicentes
1118 3512 1129 3546 :
1160 3504 1211 3549 et
1240 3511 1373 3549 uxor
1404 3498 1649 3549 maritum
1682 3514 1708 3547 a
1741 3497 1959 3551 collecta
1991 3512 2073 3552 re-

493 3584 772 3637 cedentem
800 3584 984 3637 vidcns
1012 3626 1026 3650 ,
1061 3595 1113 3639 et
1144 3586 1309 3639 lilium
1343 3596 1490 3653 pater
1515 3628 1529 3648 ,
1572 3597 1624 3639 ct
1660 3597 1859 3655 patrem
1896 3588 2033 3641 filius
2055 3630 2067 3650 ,

491 3685 545 3727 et
571 3674 844 3733 dominum
870 3690 1052 3728 servus
1079 3717 1095 3741 ,
1124 3684 1175 3729 et
1203 3676 1429 3731 amiCum
1457 3678 1659 3731 amicus
1685 3721 1696 3740 ,
1728 3690 1778 3732 et
1804 3678 2072 3731 inimicum

497 3766 739 3820 inimicus
763 3805 779 3830 ,
804 3781 989 3819 omnes
1017 3768 1252 3821 utilitatis
1282 3783 1493 3821 sensum
1524 3770 1731 3836 capiant
1756 3811 1769 3833 ,
1813 3786 1967 3837 quam
2009 3785 2072 3823 ex

499 3858 599 3910 hoc
628 3866 887 3911 conventu
912 3858 1297 3925 reportas-imus
1320 3876 1332 3911 :
1359 3859 1568 3927 capient
1593 3868 1766 3912 autem
1792 3900 1805 3922 ,
1833 3866 1877 3914 st
1904 3860 2074 3914 mitio-

498 3964 606 4014 res,
630 3949 671 4000 si
702 3948 1065 4015 patientiores,
1091 3950 1132 4000 si
1168 3949 1523 4017 religiosiores
1562 3963 1656 4001 vos
1699 3949 1865 4002 factos
1900 3950 2071 4003 anim-

499 4040 793 4092 advertant.
848 4036 1026 4104 Cogita
1084 4038 1277 4106 quibus
1336 4040 1602 4108 mysteriis
1665 4039 1923 4093 interesse
1986 4039 2075 4093 tibi

496 4127 678 4185 datum
712 4128 819 4192 sit,
852 4127 941 4196 qui
989 4128 1222 4180 initiatus
1265 4143 1321 4180 es
1346 4166 1362 4193 ,
1405 4143 1525 4181 cum
1563 4129 1752 4195 quibus
1799 4144 1884 4197 my
1918 4130 2076 4186 ticum

502 4218 645 4271 illum
673 4225 885 4271 cantum
915 4216 1145 4279 offeras,
1188 4231 1307 4271 cum
1336 4219 1525 4287 quibus
1571 4228 1650 4273 ter
1690 4230 1931 4273 sanctum
1978 4220 2074 4291 by-

501 4324 685 4363 mnum
722 4310 1048 4378 pronunties.
1092 4310 1230 4364 Doce
1257 4312 1519 4379 profanos,
1556 4322 1604 4364 te
1646 4328 1765 4364 cum
1800 4313 2079 4379 Seraphim

499 4400 724 4454 choreas
749 4400 977 4469 agitasse
1002 4441 1015 4464 ,
1046 4410 1096 4453 te
1122 4400 1187 4453 ad
1215 4401 1484 4455 cmlestem
1509 4404 1758 4473 populum
1791 4406 2077 4471 pertinere,

499 4500 551 4546 te
600 4492 651 4545 in
694 4492 917 4545 chorum
959 4493 1266 4563 angelorum
1308 4493 1632 4563 adscriptum
1676 4510 1795 4551 esse
1820 4539 1834 4563 ,
1864 4506 1915 4553 te
1959 4513 2080 4551 cum

502 4585 726 4638 Domino
756 4584 1117 4653 colloquutum
1146 4600 1264 4639 esse
1287 4626 1301 4652 ,
1334 4594 1385 4642 te
1415 4603 1532 4641 cum
1560 4588 1773 4642 Christo
1803 4606 1920 4645 esse
1948 4608 2080 4649 con-

498 4689 761 4744 gressum.
794 4673 849 4729 Si
890 4690 989 4729 nos
1024 4675 1093 4729 ita
1130 4679 1625 4747 composuerimus,
1669 4680 1802 4735 nihil
1844 4684 2084 4741 oratione

498 4780 633 4832 opus
675 4765 779 4820 erit
824 4780 947 4835 erga
993 4765 1148 4831 illos,
1180 4768 1267 4837 qui
1308 4785 1412 4823 non
1456 4770 1849 4838 interfuerunt,
1896 4774 1987 4828 sed
2017 4792 2081 4831 ex

498 4853 737 4924 profectu
780 4865 965 4911 nostro
1005 4856 1268 4927 jacturam
1314 4876 1465 4919 suam
1509 4863 1935 4919 animadvertcnt
1965 4908 1981 4933 ,
2030 4877 2085 4922 et

497 4944 778 5000 confesmn
805 4958 1081 5003 accurrent
1110 4989 1129 5016 ,
1156 4958 1212 5004 ut
1256 4951 1443 5006 iisdem
1484 4955 1778 5009 commodis
1804 4959 2082 5026 perfruan-

503 5047 605 5089 tur.
640 5035 771 5091 Cum
798 5040 937 5092 enim
964 5041 1152 5094 animae
1175 5053 1365 5097 vestra:
1392 5044 1837 5112 pulchritudinem
1859 5064 1922 5103 cx
1950 5050 2083 5119 ipsis

502 5126 747 5182 sensibus
776 5128 1002 5184 viderint
1031 5131 1351 5186 relucentem
1380 5175 1392 5197 ,
1424 5134 1548 5189 licet
1575 5136 1810 5191 omnium
1841 5140 1944 5193 sint
1972 5152 2083 5195 stu-

506 5223 763 5292 pidissimi
791 5266 806 5289 ,
838 5226 903 5279 ad
931 5228 1272 5297 cupiditatem
1295 5234 1474 5287 eximii
1508 5236 1667 5288 vestri
1697 5234 1903 5289 decoris
1932 5250 2085 5291 exar-

500 5314 741 5369 desccnt.
772 5315 827 5371 Si
867 5318 1007 5377 enim
1052 5319 1222 5374 forma
1261 5324 1499 5392 corporis
1540 5326 1737 5379 excitat
1782 5327 2080 5393 intuentes,

506 5407 671 5459 multo
708 5408 876 5477 magis
914 5411 1107 5466 anima:
1149 5413 1484 5482 pulchritudo
1526 5426 1873 5485 spectatorem
1913 5430 2084 5487 potest

505 5511 845 5553 commovere
866 5540 882 5565 ,
914 5512 1071 5572 atque
1113 5503 1177 5557 ad
1218 5506 1445 5561 similem
1487 5509 1657 5562 zelum
1690 5508 1909 5563 hortari.
1940 5509 2081 5566 intc-

507 5588 701 5643 riorem
734 5589 893 5661 igitur
937 5592 1203 5650 hominem
1240 5607 1478 5654 nostrum
1526 5616 1845 5656 exorncmus
1869 5643 1887 5667 ,
1916 5611 1968 5658 et
1992 5620 2083 5659 eo-

508 5691 623 5733 rum
662 5697 777 5753 qua:
823 5680 909 5737 hic
952 5682 1092 5741 dicta
1138 5686 1329 5745 fuerint
1368 5688 1495 5746 foris
1540 5692 1924 5750 recordemur:
1976 5696 2078 5752 illic

1201 310 1258 366 S.
1298 304 1577 365 JOANNIS
1617 301 2091 361 CilllYSOSTOMl
2130 300 2442 360 ARCIilEP.
2486 302 3024 362 CONSTANTINOP.

3632 300 3734 357 130

2157 414 2300 469 enim
2332 425 2387 470 ut
2429 416 2660 471 maritae
2700 430 2966 471 memores
3000 416 3167 472 simus
3199 424 3404 486 tempus
3440 418 3637 489 exigit;
3682 430 3736 473 et

2153 502 2601 572 quemadmodum
2631 504 2830 560 athleta
2852 545 2867 569 ,
2901 519 3023 575 quae
3068 505 3125 560 in
3173 506 3410 575 palaestra
3450 507 3735 570 didicerit,

2154 605 2339 646 eorum
2372 593 2423 646 in
2456 593 2835 648 certaminibus
2860 596 3130 663 specimen
3157 595 3265 649 edit
3298 613 3311 648 :
3346 596 3421 650 sic
3452 610 3550 649 nos
3574 596 3738 650 etiam

2154 696 2274 752 qum
2317 683 2402 738 hic
2439 684 2724 752 audimus,
2770 686 2823 741 in
2863 687 3101 741 externis
3144 688 3368 756 negotiis
3407 697 3616 758 oportet
3648 702 3723 741 os

2157 770 2392 827 tendere.

2227 861 2277 915 5.
2308 861 2511 918 Memor
2541 864 2701 935 igitur
2724 879 2908 921 eorum
2948 875 3064 920 esto
3089 882 3208 936 qua:
3254 866 3338 921 hic
3377 866 3644 930 dicuntur,
3687 876 3745 920 ut

2156 965 2274 1005 cum
2300 967 2545 1021 egressus
2572 955 2754 1022 fueris,
2787 965 2841 1011 et
2870 966 2921 1011 te
2950 958 3189 1012 diabolus
3223 958 3302 1013 vel
3348 973 3443 1027 per
3470 959 3624 1023 iram,
3663 960 3747 1013 vel

2159 1055 2254 1109 per
2280 1043 2489 1097 inanem
2516 1046 2760 1113 gloriam,
2785 1047 2868 1101 vel
2903 1063 2997 1116 per
3012 1048 3168 1101 aliam
3195 1048 3424 1115 aliquam
3445 1049 3747 1116 passionem

2162 1132 2431 1199 invaserit,
2460 1136 2577 1203 ejus
2606 1135 2861 1191 doctrina:
2888 1152 3113 1200 memor,
3140 1153 3242 1206 qua
3274 1138 3358 1192 hic
3406 1138 3637 1191 imbutus
3664 1153 3747 1201 es,

2159 1220 2311 1276 facile
2347 1225 2519 1290 possis
2562 1226 2684 1279 mali
2725 1226 2943 1295 laqueos
2980 1236 3035 1281 et
3074 1242 3243 1282 nexus
3276 1227 3523 1281 eradere.
3562 1227 3751 1284 Nonne

2161 1310 2348 1365 videtis
2365 1311 2416 1365 in
2436 1314 2620 1369 stadiis
2644 1317 2963 1384 pzedotribas
2981 1332 3043 1371 ac
3064 1318 3320 1387 palaestrae
3346 1317 3648 1386 magistros,
3661 1318 3751 1386 qui

2160 1417 2278 1456 cum
2304 1414 2422 1471 post
2448 1406 2590 1459 mille
2621 1408 2908 1460 certamina
2951 1408 3283 1460 vacationem
3326 1407 3580 1477 deinceps
3607 1424 3633 1459 a
3668 1407 3755 1461 lu-

2162 1493 2261 1547 etis
2298 1494 2557 1550 beneficio
2596 1497 2766 1550 tctatis
2809 1498 3135 1567 acceperint,
3182 1507 3333 1551 extra
3375 1498 3601 1551 stadium
3646 1513 3754 1551 non

2164 1582 2318 1652 longe
2347 1584 2414 1637 ab
2437 1585 2553 1652 ipso
2583 1586 2800 1655 pulvere
2832 1586 3082 1641 sedentes
3124 1588 3186 1641 iis
3216 1588 3304 1656 qui
3346 1597 3471 1641 sunt
3510 1588 3651 1641 intus
3692 1603 3758 1642 ae

2164 1671 2440 1728 decertant
2463 1675 2741 1730 clamando
2757 1691 3058 1745 suggerere,
3089 1686 3374 1730 utmanum
3401 1678 3754 1747 prehendunt,

2165 1774 2221 1818 ut
2250 1780 2373 1819 crus
2403 1766 2691 1831 attrahant,
2727 1778 2784 1823 ut
2813 1768 3027 1823 dorsum
3057 1768 3326 1836 invadant,
3369 1780 3421 1824 et
3458 1770 3558 1824 alia
3590 1769 3757 1823 multa

2164 1858 2425 1925 ejusmodi
2454 1865 2756 1925 monentes;
2786 1861 2830 1914 si
2862 1859 2963 1913 hoe
2990 1860 3074 1914 vel
3106 1860 3235 1914 illud
3263 1860 3476 1926 feceris,
3507 1859 3760 1914 adversa-

2166 1949 2301 2002 rium
2332 1948 2485 2003 facile
2511 1951 2562 2004 in
2594 1960 2788 2005 terram
2821 1950 3077 2005 extendes
3106 1968 3119 2004 :
3150 1950 3248 2005 hac
3275 1951 3479 2005 ratione
3524 1950 3762 2019 discipu-

2168 2041 2231 2095 lis
2292 2042 2652 2112 maximopere
2695 2044 2987 2112 prodesse?
3037 2042 3115 2098 Tu
3156 2060 3366 2113 quoque
3411 2044 3763 2113 p:edotribatn

2168 2139 2315 2185 tuum
2347 2133 2557 2188 beatum
2588 2135 2806 2188 Paulum
2836 2137 3064 2198 intuere,
3094 2136 3182 2204 qui
3209 2147 3329 2205 post
3351 2150 3577 2190 coronas
3606 2136 3765 2191 innu-

2168 2238 2362 2286 meras,
2392 2229 2542 2278 extra
2592 2224 2820 2279 stadium
2865 2241 3007 2279 nunc
3050 2227 3357 2289 considens,
3410 2226 3511 2279 hoc
3553 2236 3656 2290 est,
3694 2241 3765 2281 ex

2170 2309 2268 2365 hac
2293 2312 2393 2365 viia
2422 2328 2668 2382 egressus
2696 2315 3021 2368 certantibus
3040 2315 3190 2369 nobis
3206 2315 3482 2370 clamando
3506 2315 3763 2386 suggerit,

2167 2414 2221 2457 et
2246 2420 2337 2472 per
2365 2405 2619 2475 epistolas
2644 2422 2767 2461 suas
2793 2408 3132 2474 vociferatur,
3162 2423 3281 2462 cum
3306 2418 3578 2479 correptos
3599 2410 3667 2463 ab
3687 2410 3765 2462 ira

2170 2498 2380 2561 viderit,
2411 2499 2479 2552 ab
2511 2499 2818 2566 injuriarum
2844 2502 3122 2564 memoria,
3168 2508 3325 2568 atque
3354 2514 3385 2553 a
3428 2500 3768 2568 passionibus

2172 2604 2479 2657 oppressos,
2526 2589 2586 2644 Si
2610 2591 2837 2644 esurierit
2879 2590 3766 2660 inimicustuus,cibaillumUicm.

2178 2679 2259 2732 1:2.
2294 2678 2364 2732 20
2386 2676 2427 2749 ).
2462 2679 2529 2733 Et
2552 2680 2996 2749 quemadmodum
3035 2681 3161 2734 dicit
3199 2681 3457 2749 palsestra:
3492 2682 3768 2749 magister,

2172 2768 2215 2819 si
2261 2768 2363 2822 hoc
2408 2769 2487 2822 vel
2515 2769 2641 2823 illud
2683 2771 2896 2836 feceris,
2950 2770 3313 2823 adversarium
3352 2770 3652 2840 superabis,
3699 2772 3769 2825 ita

2173 2858 2385 2927 subjicit
2415 2860 2499 2913 hic
2528 2876 2739 2930 quoque
2770 2878 2782 2909 :
2825 2861 2931 2914 Hoc
2962 2863 3092 2914 enim
3131 2863 3345 2931 faciens,
3370 2862 3608 2916 carbones
3634 2863 3771 2932 ignis

2173 2965 2406 3018 congeras
2426 2968 2575 3020 super
2599 2961 2749 3020 caput
2767 2954 2892 3017 ejus.
2924 2951 3117 3006 Verum
3150 2952 3275 3005 dum
3298 2954 3465 3021 legem
3492 2968 3769 3021 percurro,

2174 3042 2396 3108 quzestio
2436 3042 2589 3095 nobis
2618 3043 2867 3107 occurrit,
2925 3060 3043 3111 qua:
3084 3060 3145 3096 ex
3196 3043 3307 3111 ipsa
3355 3044 3498 3097 nasci
3537 3043 3769 3112 videtur,

2176 3144 2229 3184 et
2277 3132 2453 3184 multis
2507 3132 2760 3186 adversus
2816 3133 3033 3186 Paulum
3089 3133 3523 3200 reprehensionis
3585 3150 3773 3189 ansam

2178 3224 2501 3290 suppeditat,
2526 3240 2680 3292 quam
2705 3224 2964 3278 hodierno
2982 3225 3069 3279 die
3095 3225 3252 3279 statui
3275 3226 3426 3279 vobis
3450 3227 3501 3279 in
3535 3226 3772 3281 medium

2178 3312 2388 3366 allerre.
2424 3313 2557 3380 Quid
2604 3330 2730 3382 ergo
2757 3315 2969 3369 laudent
3009 3324 3110 3378 est,
3147 3315 3285 3384 quod
3332 3328 3537 3372 mentes
3586 3316 3774 3372 eorum

2184 3412 2365 3468 terret,
2396 3406 2484 3473 qui
2514 3405 2793 3475 diligenter
2819 3408 2994 3461 omnia
3027 3408 3209 3461 nolunt
3240 3409 3525 3463 excutere?
3545 3408 3678 3463 Cum
3708 3410 3778 3464 ab

2184 3495 2257 3546 ira
2287 3506 2561 3549 revocaret
2592 3495 2810 3562 Paulus,
2856 3499 3045 3566 inquit,
3092 3507 3143 3551 ct
3176 3509 3231 3552 ut
3262 3500 3520 3553 mansueti
3566 3510 3776 3564 essent,

2181 3598 2243 3638 ac
2292 3586 2517 3641 modesti
2566 3602 2690 3657 erga
2745 3590 3037 3657 proxitnos,
3083 3590 3353 3651 suaderet,
3391 3589 3509 3645 illos
3545 3590 3779 3658 amplius

2181 3676 2514 3739 exasperavit
2543 3686 2595 3730 et
2622 3678 2891 3731 iracundia
2934 3677 3299 3735 inﬂammavit.
3327 3678 3479 3745 Quod
3514 3680 3657 3732 enim
3688 3679 3777 3733 di-

2182 3768 2275 3828 xit,
2298 3768 2355 3820 Si
2380 3768 2608 3821 esurierit
2638 3770 2869 3823 inimicus
2897 3781 3033 3835 tuus,
3056 3770 3163 3823 ciba
3184 3770 3353 3835 illum;
3383 3772 3424 3823 si
3446 3772 3567 3835 sitit,
3600 3781 3781 3841 potum

2182 3856 2247 3908 da
2275 3858 2370 3921 illi,
2400 3860 2711 3927 prteciarum
2745 3860 3048 3914 mandatum
3077 3868 3177 3924 est,
3207 3870 3258 3914 et
3288 3860 3636 3929 philosOphize
3666 3861 3780 3931 ple-

2183 3963 2335 4014 num,
2364 3964 2427 4003 ac
2478 3960 2588 4004 tum
2623 3954 2820 4022 agenti,
2895 3962 3002 4006 tum
3050 3954 3269 4023 patienti
3334 3954 3561 4021 perutile
3594 3973 3606 4007 :
3636 3954 3782 4024 quod

2188 4059 2314 4098 vero
2362 4044 2554 4099 deinde
2603 4046 2862 4115 sequitur,
2910 4046 3128 4099 multam
3184 4045 3342 4099 habet
3385 4045 3780 4112 difficultatem,

2187 4139 2514 4207 minimeque
2560 4139 2769 4192 videtur
2810 4154 2930 4191 cum
2962 4138 3100 4205 ejus,
3132 4138 3219 4205 qui
3252 4138 3425 4206 priora
3454 4137 3608 4199 dixit,
3654 4152 3784 4191 seu-

2190 4222 2351 4282 t‘e’ntia
2368 4229 2673 4283 convenire.
2692 4228 2953 4295 Quidnam
2984 4243 3111 4282 vero
3134 4227 3260 4283 illud
3286 4228 3410 4281 est?
3438 4226 3588 4294 Quod
3614 4228 3781 4293 dicat,

2189 4318 2239 4371 11
2246 4336 2303 4371 ac
2324 4330 2486 4372 autem
2515 4322 2725 4389 faciens,
2768 4320 3006 4372 carbones
3036 4320 3165 4390 ignis
3188 4336 3427 4389 congeres
3451 4336 3600 4388 super
3626 4330 3784 4389 caput

2189 4410 2318 4477 ejus.
2347 4409 2437 4462 llis
2487 4412 2627 4465 enim
2675 4411 2851 4463 verbis
2905 4421 2954 4464 et
2997 4426 3118 4463 eum
3146 4412 3232 4480 qui
3279 4411 3386 4480 agit
3427 4420 3482 4466 et
3524 4426 3644 4465 eum
3688 4413 3785 4480 qui

2190 4502 2387 4569 patitur
2408 4501 2571 4555 allicit
2598 4503 2808 4570 injuria,
2837 4517 2953 4555 cum
2981 4503 3129 4556 istius
3152 4514 3308 4571 caput
3333 4512 3539 4565 exurat,
3564 4510 3619 4556 et
3646 4502 3786 4571 ignis

2188 4594 2446 4648 carbones
2485 4594 2738 4661 imponat.
2782 4593 2931 4660 Quod
2968 4596 3108 4648 enim
3140 4604 3341 4648 tantum
3379 4595 3574 4649 bonum
3615 4595 3784 4649 obve-

2188 4685 2319 4749 niat,
2350 4700 2415 4739 ex
2442 4700 2506 4739 eo
2530 4685 2670 4753 quod
2701 4686 2906 4740 eibetur
2932 4696 2985 4738 et
3015 4694 3243 4753 potetur,
3273 4696 3528 4754 quantum
3582 4684 3785 4738 malum

2188 4791 2255 4831 ex
2284 4778 2708 4831 accumulatione
2728 4779 3016 4832 carbonum
3040 4778 3062 4831 ?
3086 4778 3269 4846 Itaque
3301 4777 3448 4830 illum
3488 4777 3577 4846 qui
3622 4778 3789 4830 bene-

2190 4869 2311 4923 ﬁcio
2340 4869 2585 4936 afticitur,
2616 4869 2804 4938 inquit,
2829 4868 2928 4922 hoc
2961 4879 3112 4937 pacto
3133 4869 3295 4922 aftieit
3332 4868 3544 4937 injuria,
3574 4883 3696 4921 cum
3732 4868 3786 4922 in

2190 4960 2359 5030 majus
2380 4962 2691 5030 supplicium
2717 4962 2860 5015 illum
2889 4962 3170 5029 conjiciat;
3200 4976 3321 5015 cum
3346 4977 3473 5015 vero
3500 4962 3586 5031 qui
3615 4962 3786 5016 bene-

2189 5050 2366 5105 ﬁcium
2394 5052 2633 5115 contulit,
2690 5052 2794 5104 alio
2835 5067 3018 5105 rursus
3074 5050 3234 5105 modo
3271 5051 3435 5104 laedit.
3468 5051 3603 5118 Quid
3638 5052 3785 5106 enim

2190 5143 2390 5197 referre
2414 5144 2541 5196 lucri
2572 5152 2746 5212 potest
2774 5158 2837 5196 ex
2866 5157 2951 5206 eo,
2980 5142 3118 5211 quod
3146 5141 3212 5195 de
3244 5141 3471 5195 inimicis
3492 5142 3631 5196 bene
3668 5157 3785 5196 me-

2192 5245 2391 5301 reatur,
2440 5251 2557 5290 cum
2592 5236 2718 5293 illud
2759 5251 2854 5301 spe
2885 5234 3127 5303 supplicii
3170 5233 3368 5287 faciat?
3413 5232 3545 5287 Nam
3576 5235 3664 5302 qui
3700 5234 3786 5287 id-

2188 5328 2329 5382 circo
2359 5327 2499 5381 cibat
2543 5328 2620 5382 vel
2658 5336 2805 5398 potat
2832 5326 3123 5390 inimicum,
3157 5337 3212 5379 ut
3252 5324 3304 5379 in
3334 5334 3492 5394 caput
3520 5324 3636 5395 ejus
3660 5339 3787 5380 car-

2190 5418 2355 5474 bones
2386 5430 2658 5489 congerat,
2684 5434 2790 5473 non
2820 5419 3080 5488 benignus
3108 5428 3160 5474 et
3188 5420 3448 5484 clemens,
3474 5418 3567 5472 sed
3586 5418 3783 5474 crude-

2190 5510 2256 5564 lis
2287 5519 2369 5565 est
2396 5522 2449 5565 ct
2476 5510 2696 5566 immitis
2722 5511 2810 5582 qui
2862 5526 2956 5579 per
3004 5512 3251 5579 exiguum
3293 5509 3605 5565 beneficium
3653 5524 3783 5580 sup-

2190 5603 2407 5674 plicium
2437 5603 2752 5661 immensum
2788 5602 3000 5658 inferat.
3035 5602 3169 5669 Quid
3210 5601 3350 5656 enim
3391 5603 3631 5671 asperius
3667 5602 3785 5657 fieri

2191 5704 2363 5766 potest
2412 5711 2495 5763 eo,
2527 5698 2611 5763 qui
2643 5704 2920 5765 propterea
2954 5698 3183 5765 nutriat,
3210 5706 3267 5750 ut
3294 5695 3343 5751 in
3372 5704 3527 5765 caput
3555 5695 3669 5762 ejus
3694 5695 3785 5763 qui
