  <div class='ocr_page' id='page_1' title='image "/cluster/home/n/w/nwhite01/storage/ocr_20150623/51/ien.35556001660786/186.png"; bbox 0 0 4080 6420; ppageno 0'>
   <div class='ocr_carea' id='block_1_1' title="bbox 318 296 2667 387">
    <p class='ocr_par' dir='ltr' id='par_1_1' title="bbox 318 296 2667 387">
     <span class='ocr_line' id='line_1_1' title="bbox 318 296 2667 387; baseline -0.002 -26"><span class='ocrx_word' id='word_1_1' title='bbox 318 300 429 363; x_wconf 66' lang='grc' dir='ltr'><strong>ιιι</strong></span> <span class='ocrx_word' id='word_1_2' title='bbox 1280 300 1346 358; x_wconf 73' lang='grc' dir='ltr'><strong>ΙΝ</strong></span> <span class='ocrx_word' id='word_1_3' title='bbox 1388 298 1611 365; x_wconf 86' lang='lat' dir='ltr'><strong>ILLUD,</strong></span> <span class='ocrx_word' id='word_1_4' title='bbox 1651 296 1713 353; x_wconf 82' lang='lat' dir='ltr'><strong>Si</strong></span> <span class='ocrx_word' id='word_1_5' title='bbox 1745 296 2126 387; x_wconf 70' lang='lat' dir='ltr'><strong>ESURIENT‘</strong></span> <span class='ocrx_word' id='word_1_6' title='bbox 2152 297 2473 364; x_wconf 70' lang='lat' dir='ltr'><strong>lNliflCUS.</strong></span> <span class='ocrx_word' id='word_1_7' title='bbox 2518 298 2667 357; x_wconf 81' lang='lat' dir='ltr'><strong>ETC.</strong></span> 
     </span>
    </p>
   </div>
   <div class='ocr_carea' id='block_1_2' title="bbox 311 410 1915 493">
    <p class='ocr_par' dir='ltr' id='par_1_2' title="bbox 311 410 1915 493">
     <span class='ocr_line' id='line_1_2' title="bbox 311 410 1915 493; baseline -0.011 -15"><span class='ocrx_word' id='word_1_8' title='bbox 311 423 565 488; x_wconf 72' lang='lat' dir='ltr'><strong>nutritur,</strong></span> <span class='ocrx_word' id='word_1_9' title='bbox 588 428 840 493; x_wconf 82' lang='lat' dir='ltr'><strong>congerat</strong></span> <span class='ocrx_word' id='word_1_10' title='bbox 869 420 1131 477; x_wconf 79' lang='lat' dir='ltr'><strong>carbones</strong></span> <span class='ocrx_word' id='word_1_11' title='bbox 1173 415 1353 488; x_wconf 79' lang='lat' dir='ltr'><strong>ignis?</strong></span> <span class='ocrx_word' id='word_1_12' title='bbox 1382 414 1507 470; x_wconf 69' lang='lat' dir='ltr'><strong>Haec</strong></span> <span class='ocrx_word' id='word_1_13' title='bbox 1532 414 1689 483; x_wconf 89' lang='lat' dir='ltr'><strong>igitur</strong></span> <span class='ocrx_word' id='word_1_14' title='bbox 1708 420 1791 465; x_wconf 88' lang='lat' dir='ltr'><strong>est</strong></span> <span class='ocrx_word' id='word_1_15' title='bbox 1819 410 1915 465; x_wconf 76' lang='lat' dir='ltr'><strong>ob.</strong></span> 
     </span>
    </p>
   </div>
   <div class='ocr_carea' id='block_1_3' title="bbox 306 503 1915 586">
    <p class='ocr_par' dir='ltr' id='par_1_3' title="bbox 306 503 1915 586">
     <span class='ocr_line' id='line_1_3' title="bbox 306 503 1915 586; baseline -0.009 -16"><span class='ocrx_word' id='word_1_16' title='bbox 306 513 472 586; x_wconf 75' lang='lat' dir='ltr'><strong>jectio</strong></span> <span class='ocrx_word' id='word_1_17' title='bbox 498 530 513 569; x_wconf 87' lang='lat'><strong>:</strong></span> <span class='ocrx_word' id='word_1_18' title='bbox 544 514 657 584; x_wconf 79' lang='lat' dir='ltr'><strong>jam</strong></span> <span class='ocrx_word' id='word_1_19' title='bbox 684 530 813 568; x_wconf 68' lang='lat' dir='ltr'><strong>veto</strong></span> <span class='ocrx_word' id='word_1_20' title='bbox 839 512 1038 567; x_wconf 87' lang='lat' dir='ltr'><strong>solutio</strong></span> <span class='ocrx_word' id='word_1_21' title='bbox 1078 518 1160 566; x_wconf 85' lang='lat' dir='ltr'><strong>est</strong></span> <span class='ocrx_word' id='word_1_22' title='bbox 1188 506 1457 573; x_wconf 86' lang='lat' dir='ltr'><strong>addenda,</strong></span> <span class='ocrx_word' id='word_1_23' title='bbox 1490 518 1545 560; x_wconf 92' lang='lat' dir='ltr'><strong>nt</strong></span> <span class='ocrx_word' id='word_1_24' title='bbox 1570 520 1638 559; x_wconf 87' lang='lat' dir='ltr'><strong>ex</strong></span> <span class='ocrx_word' id='word_1_25' title='bbox 1670 504 1735 558; x_wconf 89' lang='lat' dir='ltr'><strong>iis</strong></span> <span class='ocrx_word' id='word_1_26' title='bbox 1762 503 1915 572; x_wconf 82' lang='lat' dir='ltr'><strong>ipsis,</strong></span> 
     </span>
    </p>
   </div>
   <div class='ocr_carea' id='block_1_4' title="bbox 307 592 1918 679">
    <p class='ocr_par' dir='ltr' id='par_1_4' title="bbox 307 592 1918 679">
     <span class='ocr_line' id='line_1_4' title="bbox 307 592 1918 679; baseline -0.007 -20"><span class='ocrx_word' id='word_1_27' title='bbox 307 622 429 679; x_wconf 56' lang='lat' dir='ltr'><strong>qua:</strong></span> <span class='ocrx_word' id='word_1_28' title='bbox 459 606 622 662; x_wconf 79' lang='lat' dir='ltr'><strong>verba</strong></span> <span class='ocrx_word' id='word_1_29' title='bbox 650 606 779 675; x_wconf 81' lang='lat' dir='ltr'><strong>legis</strong></span> <span class='ocrx_word' id='word_1_30' title='bbox 802 603 1051 660; x_wconf 81' lang='lat' dir='ltr'><strong>videmur</strong></span> <span class='ocrx_word' id='word_1_31' title='bbox 1080 616 1326 672; x_wconf 86' lang='lat' dir='ltr'><strong>carpere,</strong></span> <span class='ocrx_word' id='word_1_32' title='bbox 1354 613 1571 653; x_wconf 85' lang='lat' dir='ltr'><strong>omnem</strong></span> <span class='ocrx_word' id='word_1_33' title='bbox 1597 592 1918 665; x_wconf 79' lang='lat' dir='ltr'><strong>legislatoris</strong></span> 
     </span>
    </p>
   </div>
   <div class='ocr_carea' id='block_1_5' title="bbox 309 688 1919 768">
    <p class='ocr_par' dir='ltr' id='par_1_5' title="bbox 309 688 1919 768">
     <span class='ocr_line' id='line_1_5' title="bbox 309 688 1919 768; baseline -0.01 -13"><span class='ocrx_word' id='word_1_34' title='bbox 309 698 631 768; x_wconf 83' lang='lat' dir='ltr'><strong>sapientiam</strong></span> <span class='ocrx_word' id='word_1_35' title='bbox 680 704 931 751; x_wconf 80' lang='lat' dir='ltr'><strong>accurate</strong></span> <span class='ocrx_word' id='word_1_36' title='bbox 956 706 1271 766; x_wconf 85' lang='lat' dir='ltr'><strong>cognoscas.</strong></span> <span class='ocrx_word' id='word_1_37' title='bbox 1322 692 1581 759; x_wconf 63' lang='lat' dir='ltr'><strong>Quanam</strong></span> <span class='ocrx_word' id='word_1_38' title='bbox 1634 688 1793 759; x_wconf 86' lang='lat' dir='ltr'><strong>igitur</strong></span> <span class='ocrx_word' id='word_1_39' title='bbox 1833 693 1919 742; x_wconf 88' lang='lat' dir='ltr'><strong>est</strong></span> 
     </span>
    </p>
   </div>
   <div class='ocr_carea' id='block_1_6' title="bbox 476 805 508 839">
    <p class='ocr_par' dir='ltr' id='par_1_6' title="bbox 476 805 508 839">
     <span class='ocr_line' id='line_1_6' title="bbox 476 805 508 839; baseline 0 0"><span class='ocrx_word' id='word_1_40' title='bbox 476 805 508 839; x_wconf 82' lang='grc' dir='ltr'><strong>ο</strong></span> 
     </span>
    </p>
   </div>
   <div class='ocr_carea' id='block_1_7' title="bbox 309 788 1910 947">
    <p class='ocr_par' dir='ltr' id='par_1_7' title="bbox 309 788 1910 947">
     <span class='ocr_line' id='line_1_7' title="bbox 476 805 508 839; baseline 0 0"><span class='ocrx_word' id='word_1_41' title='bbox 476 805 508 839; x_wconf 88' lang='lat' dir='ltr'><strong>o</strong></span> 
     </span>
     <span class='ocr_line' id='line_1_8' title="bbox 309 788 1910 947; baseline -0.008 -11"><span class='ocrx_word' id='word_1_42' title='bbox 520 788 749 933; x_wconf 59' lang='lat' dir='ltr'><strong>inimicis</strong></span> <span class='ocrx_word' id='word_1_43' title='bbox 770 877 1089 933; x_wconf 79' lang='lat' dir='ltr'><strong>reconciliari</strong></span> <span class='ocrx_word' id='word_1_44' title='bbox 1111 891 1265 947; x_wconf 76' lang='lat' dir='ltr'><strong>grave</strong></span> <span class='ocrx_word' id='word_1_45' title='bbox 1292 884 1339 929; x_wconf 80' lang='lat' dir='ltr'><strong>et</strong></span> <span class='ocrx_word' id='word_1_46' title='bbox 1383 872 1605 944; x_wconf 67' lang='lat' dir='ltr'><strong>diﬁcile.</strong></span> <span class='ocrx_word' id='word_1_47' title='bbox 1639 894 1710 911; x_wconf 84' lang='lat'><strong>—-</strong></span> <span class='ocrx_word' id='word_1_48' title='bbox 1733 868 1910 925; x_wconf 82' lang='lat' dir='ltr'><strong>Novo-</strong></span> 
     </span>
    </p>
   </div>
   <div class='ocr_carea' id='block_1_8' title="bbox 310 964 1911 1041">
    <p class='ocr_par' dir='ltr' id='par_1_8' title="bbox 310 964 1911 1041">
     <span class='ocr_line' id='line_1_9' title="bbox 310 964 1911 1041; baseline -0.006 -15"><span class='ocrx_word' id='word_1_49' title='bbox 310 981 393 1026; x_wconf 80' lang='lat' dir='ltr'><strong>rat</strong></span> <span class='ocrx_word' id='word_1_50' title='bbox 442 970 545 1026; x_wconf 85' lang='lat' dir='ltr'><strong>hoc</strong></span> <span class='ocrx_word' id='word_1_51' title='bbox 594 972 761 1041; x_wconf 88' lang='lat' dir='ltr'><strong>probe</strong></span> <span class='ocrx_word' id='word_1_52' title='bbox 810 985 1036 1040; x_wconf 85' lang='lat' dir='ltr'><strong>magnus</strong></span> <span class='ocrx_word' id='word_1_53' title='bbox 1077 983 1141 1025; x_wconf 88' lang='lat' dir='ltr'><strong>ac</strong></span> <span class='ocrx_word' id='word_1_54' title='bbox 1182 980 1478 1040; x_wconf 83' lang='lat' dir='ltr'><strong>generosus</strong></span> <span class='ocrx_word' id='word_1_55' title='bbox 1523 964 1612 1019; x_wconf 87' lang='lat' dir='ltr'><strong>ille</strong></span> <span class='ocrx_word' id='word_1_56' title='bbox 1650 964 1752 1028; x_wconf 76' lang='lat' dir='ltr'><strong>vir,</strong></span> <span class='ocrx_word' id='word_1_57' title='bbox 1796 976 1911 1017; x_wconf 87' lang='lat' dir='ltr'><strong>rem</strong></span> 
     </span>
    </p>
   </div>
   <div class='ocr_carea' id='block_1_9' title="bbox 306 1056 1911 1136">
    <p class='ocr_par' dir='ltr' id='par_1_9' title="bbox 306 1056 1911 1136">
     <span class='ocr_line' id='line_1_10' title="bbox 306 1056 1911 1136; baseline -0.007 -16"><span class='ocrx_word' id='word_1_58' title='bbox 306 1079 527 1136; x_wconf 78' lang='lat' dir='ltr'><strong>gravem</strong></span> <span class='ocrx_word' id='word_1_59' title='bbox 554 1079 618 1119; x_wconf 91' lang='lat' dir='ltr'><strong>ac</strong></span> <span class='ocrx_word' id='word_1_60' title='bbox 662 1064 946 1118; x_wconf 87' lang='lat' dir='ltr'><strong>molestam</strong></span> <span class='ocrx_word' id='word_1_61' title='bbox 978 1076 1103 1117; x_wconf 88' lang='lat' dir='ltr'><strong>esse</strong></span> <span class='ocrx_word' id='word_1_62' title='bbox 1142 1059 1394 1115; x_wconf 72' lang='lat' dir='ltr'><strong>celeriter</strong></span> <span class='ocrx_word' id='word_1_63' title='bbox 1420 1073 1544 1114; x_wconf 89' lang='lat' dir='ltr'><strong>cum</strong></span> <span class='ocrx_word' id='word_1_64' title='bbox 1576 1056 1795 1111; x_wconf 83' lang='lat' dir='ltr'><strong>inimico</strong></span> <span class='ocrx_word' id='word_1_65' title='bbox 1821 1069 1911 1109; x_wconf 90' lang='lat' dir='ltr'><strong>re-</strong></span> 
     </span>
    </p>
   </div>
   <div class='ocr_carea' id='block_1_10' title="bbox 306 1153 1907 1228">
    <p class='ocr_par' dir='ltr' id='par_1_10' title="bbox 306 1153 1907 1228">
     <span class='ocr_line' id='line_1_11' title="bbox 306 1153 1907 1228; baseline -0.008 -15"><span class='ocrx_word' id='word_1_66' title='bbox 306 1157 584 1213; x_wconf 83' lang='lat' dir='ltr'><strong>conciliari</strong></span> <span class='ocrx_word' id='word_1_67' title='bbox 613 1173 628 1211; x_wconf 89' lang='lat'><strong>:</strong></span> <span class='ocrx_word' id='word_1_68' title='bbox 659 1170 880 1228; x_wconf 86' lang='lat' dir='ltr'><strong>gravem</strong></span> <span class='ocrx_word' id='word_1_69' title='bbox 910 1168 975 1209; x_wconf 90' lang='lat' dir='ltr'><strong>ac</strong></span> <span class='ocrx_word' id='word_1_70' title='bbox 1011 1154 1295 1209; x_wconf 78' lang='lat' dir='ltr'><strong>molestam</strong></span> <span class='ocrx_word' id='word_1_71' title='bbox 1328 1168 1436 1208; x_wconf 91' lang='lat' dir='ltr'><strong>non</strong></span> <span class='ocrx_word' id='word_1_72' title='bbox 1464 1166 1530 1207; x_wconf 92' lang='lat' dir='ltr'><strong>ex</strong></span> <span class='ocrx_word' id='word_1_73' title='bbox 1558 1153 1652 1205; x_wconf 82' lang='lat' dir='ltr'><strong>sua</strong></span> <span class='ocrx_word' id='word_1_74' title='bbox 1676 1158 1865 1203; x_wconf 90' lang='lat' dir='ltr'><strong>natura</strong></span> <span class='ocrx_word' id='word_1_75' title='bbox 1891 1188 1907 1214; x_wconf 92' lang='lat'><strong>,</strong></span> 
     </span>
    </p>
   </div>
   <div class='ocr_carea' id='block_1_11' title="bbox 308 1240 1909 1316">
    <p class='ocr_par' dir='ltr' id='par_1_11' title="bbox 308 1240 1909 1316">
     <span class='ocr_line' id='line_1_12' title="bbox 308 1240 1909 1316; baseline -0.007 -12"><span class='ocrx_word' id='word_1_76' title='bbox 308 1248 403 1304; x_wconf 82' lang='lat' dir='ltr'><strong>sed</strong></span> <span class='ocrx_word' id='word_1_77' title='bbox 446 1248 516 1303; x_wconf 87' lang='lat' dir='ltr'><strong>ob</strong></span> <span class='ocrx_word' id='word_1_78' title='bbox 543 1256 779 1304; x_wconf 87' lang='lat' dir='ltr'><strong>nostram</strong></span> <span class='ocrx_word' id='word_1_79' title='bbox 810 1245 1097 1316; x_wconf 86' lang='lat' dir='ltr'><strong>ignaviam.</strong></span> <span class='ocrx_word' id='word_1_80' title='bbox 1145 1245 1216 1299; x_wconf 83' lang='lat' dir='ltr'><strong>At</strong></span> <span class='ocrx_word' id='word_1_81' title='bbox 1259 1244 1376 1315; x_wconf 88' lang='lat' dir='ltr'><strong>ipse</strong></span> <span class='ocrx_word' id='word_1_82' title='bbox 1418 1258 1523 1298; x_wconf 90' lang='lat' dir='ltr'><strong>non</strong></span> <span class='ocrx_word' id='word_1_83' title='bbox 1571 1240 1909 1297; x_wconf 87' lang='lat' dir='ltr'><strong>reconciliari</strong></span> 
     </span>
    </p>
   </div>
   <div class='ocr_carea' id='block_1_12' title="bbox 312 1330 1913 1407">
    <p class='ocr_par' dir='ltr' id='par_1_12' title="bbox 312 1330 1913 1407">
     <span class='ocr_line' id='line_1_13' title="bbox 312 1330 1913 1407; baseline -0.005 -14"><span class='ocrx_word' id='word_1_84' title='bbox 312 1346 519 1394; x_wconf 74' lang='lat' dir='ltr'><strong>tantum</strong></span> <span class='ocrx_word' id='word_1_85' title='bbox 570 1337 727 1407; x_wconf 82' lang='lat' dir='ltr'><strong>jussit</strong></span> <span class='ocrx_word' id='word_1_86' title='bbox 753 1376 769 1402; x_wconf 89' lang='lat'><strong>,</strong></span> <span class='ocrx_word' id='word_1_87' title='bbox 817 1333 913 1391; x_wconf 84' lang='lat' dir='ltr'><strong>sed</strong></span> <span class='ocrx_word' id='word_1_88' title='bbox 952 1336 1112 1390; x_wconf 82' lang='lat' dir='ltr'><strong>etiam</strong></span> <span class='ocrx_word' id='word_1_89' title='bbox 1152 1334 1333 1402; x_wconf 82' lang='lat' dir='ltr'><strong>alere,</strong></span> <span class='ocrx_word' id='word_1_90' title='bbox 1362 1332 1507 1406; x_wconf 80' lang='lat' dir='ltr'><strong>quod</strong></span> <span class='ocrx_word' id='word_1_91' title='bbox 1535 1330 1697 1402; x_wconf 86' lang='lat' dir='ltr'><strong>priori</strong></span> <span class='ocrx_word' id='word_1_92' title='bbox 1745 1330 1913 1385; x_wconf 87' lang='lat' dir='ltr'><strong>multo</strong></span> 
     </span>
    </p>
   </div>
   <div class='ocr_carea' id='block_1_13' title="bbox 306 1422 1913 1502">
    <p class='ocr_par' dir='ltr' id='par_1_13' title="bbox 306 1422 1913 1502">
     <span class='ocr_line' id='line_1_14' title="bbox 306 1422 1913 1502; baseline -0.006 -17"><span class='ocrx_word' id='word_1_93' title='bbox 306 1430 524 1502; x_wconf 85' lang='lat' dir='ltr'><strong>gravius</strong></span> <span class='ocrx_word' id='word_1_94' title='bbox 554 1428 671 1483; x_wconf 93' lang='lat' dir='ltr'><strong>fuit.</strong></span> <span class='ocrx_word' id='word_1_95' title='bbox 700 1427 758 1483; x_wconf 81' lang='lat' dir='ltr'><strong>Si</strong></span> <span class='ocrx_word' id='word_1_96' title='bbox 788 1427 929 1481; x_wconf 90' lang='lat' dir='ltr'><strong>enim</strong></span> <span class='ocrx_word' id='word_1_97' title='bbox 960 1425 1269 1495; x_wconf 84' lang='lat' dir='ltr'><strong>conspectis</strong></span> <span class='ocrx_word' id='word_1_98' title='bbox 1296 1432 1503 1480; x_wconf 89' lang='lat' dir='ltr'><strong>tantum</strong></span> <span class='ocrx_word' id='word_1_99' title='bbox 1535 1423 1639 1478; x_wconf 84' lang='lat' dir='ltr'><strong>illis</strong></span> <span class='ocrx_word' id='word_1_100' title='bbox 1662 1464 1676 1487; x_wconf 96' lang='lat'><strong>,</strong></span> <span class='ocrx_word' id='word_1_101' title='bbox 1715 1422 1807 1491; x_wconf 92' lang='lat' dir='ltr'><strong>qui</strong></span> <span class='ocrx_word' id='word_1_102' title='bbox 1851 1436 1913 1476; x_wconf 88' lang='lat' dir='ltr'><strong>se</strong></span> 
     </span>
    </p>
   </div>
   <div class='ocr_carea' id='block_1_14' title="bbox 308 1516 1913 1585">
    <p class='ocr_par' dir='ltr' id='par_1_14' title="bbox 308 1516 1913 1585">
     <span class='ocr_line' id='line_1_15' title="bbox 308 1516 1913 1585; baseline -0.007 -7"><span class='ocrx_word' id='word_1_103' title='bbox 308 1521 557 1578; x_wconf 76' lang='lat' dir='ltr'><strong>molestia</strong></span> <span class='ocrx_word' id='word_1_104' title='bbox 594 1519 911 1584; x_wconf 84' lang='lat' dir='ltr'><strong>affecerint,</strong></span> <span class='ocrx_word' id='word_1_105' title='bbox 951 1516 1244 1573; x_wconf 77' lang='lat' dir='ltr'><strong>efferantur</strong></span> <span class='ocrx_word' id='word_1_106' title='bbox 1288 1516 1568 1581; x_wconf 86' lang='lat' dir='ltr'><strong>nonnulli,</strong></span> <span class='ocrx_word' id='word_1_107' title='bbox 1593 1529 1701 1584; x_wconf 91' lang='lat' dir='ltr'><strong>quo</strong></span> <span class='ocrx_word' id='word_1_108' title='bbox 1756 1522 1913 1585; x_wconf 86' lang='lat' dir='ltr'><strong>pacto</strong></span> 
     </span>
    </p>
   </div>
   <div class='ocr_carea' id='block_1_15' title="bbox 307 1608 1913 1683">
    <p class='ocr_par' dir='ltr' id='par_1_15' title="bbox 307 1608 1913 1683">
     <span class='ocr_line' id='line_1_16' title="bbox 307 1608 1913 1683; baseline -0.009 -9"><span class='ocrx_word' id='word_1_109' title='bbox 307 1618 719 1683; x_wconf 84' lang='lat' dir='ltr'><strong>adducerentur,</strong></span> <span class='ocrx_word' id='word_1_110' title='bbox 753 1627 810 1669; x_wconf 92' lang='lat' dir='ltr'><strong>ut</strong></span> <span class='ocrx_word' id='word_1_111' title='bbox 833 1616 1044 1671; x_wconf 89' lang='lat' dir='ltr'><strong>alerent</strong></span> <span class='ocrx_word' id='word_1_112' title='bbox 1072 1610 1405 1670; x_wconf 71' lang='lat' dir='ltr'><strong>esurientes?</strong></span> <span class='ocrx_word' id='word_1_113' title='bbox 1429 1610 1566 1678; x_wconf 86' lang='lat' dir='ltr'><strong>Quid</strong></span> <span class='ocrx_word' id='word_1_114' title='bbox 1593 1608 1715 1663; x_wconf 88' lang='lat' dir='ltr'><strong>dico</strong></span> <span class='ocrx_word' id='word_1_115' title='bbox 1736 1649 1753 1675; x_wconf 95' lang='lat'><strong>,</strong></span> <span class='ocrx_word' id='word_1_116' title='bbox 1780 1622 1913 1661; x_wconf 88' lang='lat' dir='ltr'><strong>con-</strong></span> 
     </span>
    </p>
   </div>
   <div class='ocr_carea' id='block_1_16' title="bbox 305 1700 1910 1779">
    <p class='ocr_par' dir='ltr' id='par_1_16' title="bbox 305 1700 1910 1779">
     <span class='ocr_line' id='line_1_17' title="bbox 305 1700 1910 1779; baseline -0.006 -16"><span class='ocrx_word' id='word_1_117' title='bbox 305 1710 533 1779; x_wconf 78' lang='lat' dir='ltr'><strong>spectis&#39;f</strong></span> <span class='ocrx_word' id='word_1_118' title='bbox 555 1707 757 1778; x_wconf 88' lang='lat' dir='ltr'><strong>Siquis</strong></span> <span class='ocrx_word' id='word_1_119' title='bbox 796 1706 1121 1762; x_wconf 74' lang='lat' dir='ltr'><strong>mentionem</strong></span> <span class='ocrx_word' id='word_1_120' title='bbox 1154 1706 1365 1760; x_wconf 89' lang='lat' dir='ltr'><strong>illorutn</strong></span> <span class='ocrx_word' id='word_1_121' title='bbox 1408 1701 1632 1767; x_wconf 88' lang='lat' dir='ltr'><strong>fecerit,</strong></span> <span class='ocrx_word' id='word_1_122' title='bbox 1657 1711 1709 1756; x_wconf 92' lang='lat' dir='ltr'><strong>et</strong></span> <span class='ocrx_word' id='word_1_123' title='bbox 1736 1700 1910 1755; x_wconf 86' lang='lat' dir='ltr'><strong>solum</strong></span> 
     </span>
    </p>
   </div>
   <div class='ocr_carea' id='block_1_17' title="bbox 303 1789 1913 1866">
    <p class='ocr_par' dir='ltr' id='par_1_17' title="bbox 303 1789 1913 1866">
     <span class='ocr_line' id='line_1_18' title="bbox 303 1789 1913 1866; baseline -0.008 -11"><span class='ocrx_word' id='word_1_124' title='bbox 303 1813 495 1855; x_wconf 85' lang='lat' dir='ltr'><strong>eorum</strong></span> <span class='ocrx_word' id='word_1_125' title='bbox 543 1813 738 1853; x_wconf 84' lang='lat' dir='ltr'><strong>nomen</strong></span> <span class='ocrx_word' id='word_1_126' title='bbox 783 1798 836 1853; x_wconf 92' lang='lat' dir='ltr'><strong>in</strong></span> <span class='ocrx_word' id='word_1_127' title='bbox 884 1796 1115 1851; x_wconf 87' lang='lat' dir='ltr'><strong>medium</strong></span> <span class='ocrx_word' id='word_1_128' title='bbox 1162 1793 1475 1866; x_wconf 87' lang='lat' dir='ltr'><strong>protulerit,</strong></span> <span class='ocrx_word' id='word_1_129' title='bbox 1518 1790 1717 1846; x_wconf 86' lang='lat' dir='ltr'><strong>mentis</strong></span> <span class='ocrx_word' id='word_1_130' title='bbox 1755 1789 1913 1844; x_wconf 86' lang='lat' dir='ltr'><strong>nobis</strong></span> 
     </span>
    </p>
   </div>
   <div class='ocr_carea' id='block_1_18' title="bbox 306 1881 1909 1956">
    <p class='ocr_par' dir='ltr' id='par_1_18' title="bbox 306 1881 1909 1956">
     <span class='ocr_line' id='line_1_19' title="bbox 306 1881 1909 1956; baseline -0.006 -12"><span class='ocrx_word' id='word_1_131' title='bbox 306 1892 500 1946; x_wconf 90' lang='lat' dir='ltr'><strong>vulnus</strong></span> <span class='ocrx_word' id='word_1_132' title='bbox 526 1898 769 1956; x_wconf 86' lang='lat' dir='ltr'><strong>renovat,</strong></span> <span class='ocrx_word' id='word_1_133' title='bbox 798 1900 849 1945; x_wconf 91' lang='lat' dir='ltr'><strong>et</strong></span> <span class='ocrx_word' id='word_1_134' title='bbox 874 1888 1351 1944; x_wconf 88' lang='lat' dir='ltr'><strong>inflammationem</strong></span> <span class='ocrx_word' id='word_1_135' title='bbox 1382 1893 1563 1955; x_wconf 86' lang='lat' dir='ltr'><strong>auget.</strong></span> <span class='ocrx_word' id='word_1_136' title='bbox 1595 1883 1719 1938; x_wconf 56' lang='lat' dir='ltr'><strong>lIa‘c</strong></span> <span class='ocrx_word' id='word_1_137' title='bbox 1746 1881 1909 1952; x_wconf 78' lang='lat' dir='ltr'><strong>igitur</strong></span> 
     </span>
    </p>
   </div>
   <div class='ocr_carea' id='block_1_19' title="bbox 304 1972 1914 2051">
    <p class='ocr_par' dir='ltr' id='par_1_19' title="bbox 304 1972 1914 2051">
     <span class='ocr_line' id='line_1_20' title="bbox 304 1972 1914 2051; baseline -0.006 -14"><span class='ocrx_word' id='word_1_138' title='bbox 304 1982 486 2037; x_wconf 88' lang='lat' dir='ltr'><strong>omnia</strong></span> <span class='ocrx_word' id='word_1_139' title='bbox 516 1997 639 2037; x_wconf 88' lang='lat' dir='ltr'><strong>cum</strong></span> <span class='ocrx_word' id='word_1_140' title='bbox 671 1981 993 2051; x_wconf 73' lang='lat' dir='ltr'><strong>intelligent</strong></span> <span class='ocrx_word' id='word_1_141' title='bbox 1019 1979 1249 2045; x_wconf 78' lang='lat' dir='ltr'><strong>Paulus,</strong></span> <span class='ocrx_word' id='word_1_142' title='bbox 1273 1988 1328 2033; x_wconf 91' lang='lat' dir='ltr'><strong>et</strong></span> <span class='ocrx_word' id='word_1_143' title='bbox 1354 1977 1457 2032; x_wconf 88' lang='lat' dir='ltr'><strong>hoc</strong></span> <span class='ocrx_word' id='word_1_144' title='bbox 1484 1974 1775 2032; x_wconf 87' lang='lat' dir='ltr'><strong>emendatu</strong></span> <span class='ocrx_word' id='word_1_145' title='bbox 1806 1972 1914 2029; x_wconf 87' lang='lat' dir='ltr'><strong>dif-</strong></span> 
     </span>
    </p>
   </div>
   <div class='ocr_carea' id='block_1_20' title="bbox 306 2066 1910 2136">
    <p class='ocr_par' dir='ltr' id='par_1_20' title="bbox 306 2066 1910 2136">
     <span class='ocr_line' id='line_1_21' title="bbox 306 2066 1910 2136; baseline -0.006 -8"><span class='ocrx_word' id='word_1_146' title='bbox 306 2071 447 2129; x_wconf 83' lang='lat' dir='ltr'><strong>licile</strong></span> <span class='ocrx_word' id='word_1_147' title='bbox 472 2080 529 2128; x_wconf 91' lang='lat' dir='ltr'><strong>et</strong></span> <span class='ocrx_word' id='word_1_148' title='bbox 557 2071 784 2127; x_wconf 88' lang='lat' dir='ltr'><strong>arduum</strong></span> <span class='ocrx_word' id='word_1_149' title='bbox 812 2072 970 2127; x_wconf 84' lang='lat' dir='ltr'><strong>vellet</strong></span> <span class='ocrx_word' id='word_1_150' title='bbox 1005 2070 1160 2125; x_wconf 80' lang='lat' dir='ltr'><strong>facile</strong></span> <span class='ocrx_word' id='word_1_151' title='bbox 1202 2068 1428 2126; x_wconf 82' lang='lat' dir='ltr'><strong>reddere</strong></span> <span class='ocrx_word' id='word_1_152' title='bbox 1457 2076 1512 2123; x_wconf 91' lang='lat' dir='ltr'><strong>et</strong></span> <span class='ocrx_word' id='word_1_153' title='bbox 1566 2066 1873 2136; x_wconf 77' lang='lat' dir='ltr'><strong>expeditum</strong></span> <span class='ocrx_word' id='word_1_154' title='bbox 1894 2104 1910 2129; x_wconf 92' lang='lat'><strong>,</strong></span> 
     </span>
    </p>
   </div>
   <div class='ocr_carea' id='block_1_21' title="bbox 306 2160 1910 2235">
    <p class='ocr_par' dir='ltr' id='par_1_21' title="bbox 306 2160 1910 2235">
     <span class='ocr_line' id='line_1_22' title="bbox 306 2160 1910 2235; baseline -0.004 -15"><span class='ocrx_word' id='word_1_155' title='bbox 306 2175 361 2220; x_wconf 88' lang='lat' dir='ltr'><strong>et</strong></span> <span class='ocrx_word' id='word_1_156' title='bbox 407 2162 482 2219; x_wconf 87' lang='lat' dir='ltr'><strong>illi</strong></span> <span class='ocrx_word' id='word_1_157' title='bbox 512 2165 840 2235; x_wconf 87' lang='lat' dir='ltr'><strong>persuadere</strong></span> <span class='ocrx_word' id='word_1_158' title='bbox 864 2205 879 2231; x_wconf 92' lang='lat'><strong>,</strong></span> <span class='ocrx_word' id='word_1_159' title='bbox 909 2164 1001 2231; x_wconf 89' lang='lat' dir='ltr'><strong>qui</strong></span> <span class='ocrx_word' id='word_1_160' title='bbox 1046 2178 1113 2218; x_wconf 91' lang='lat' dir='ltr'><strong>ne</strong></span> <span class='ocrx_word' id='word_1_161' title='bbox 1162 2162 1357 2217; x_wconf 87' lang='lat' dir='ltr'><strong>intueri</strong></span> <span class='ocrx_word' id='word_1_162' title='bbox 1387 2160 1603 2231; x_wconf 88' lang='lat' dir='ltr'><strong>quidem</strong></span> <span class='ocrx_word' id='word_1_163' title='bbox 1635 2160 1910 2214; x_wconf 90' lang='lat' dir='ltr'><strong>inimicum</strong></span> 
     </span>
    </p>
   </div>
   <div class='ocr_carea' id='block_1_22' title="bbox 304 2255 1910 2332">
    <p class='ocr_par' dir='ltr' id='par_1_22' title="bbox 304 2255 1910 2332">
     <span class='ocr_line' id='line_1_23' title="bbox 304 2255 1910 2332; baseline -0.002 -21"><span class='ocrx_word' id='word_1_164' title='bbox 304 2256 575 2329; x_wconf 88' lang='lat' dir='ltr'><strong>dignatur,</strong></span> <span class='ocrx_word' id='word_1_165' title='bbox 607 2269 663 2312; x_wconf 91' lang='lat' dir='ltr'><strong>ut</strong></span> <span class='ocrx_word' id='word_1_166' title='bbox 691 2256 758 2311; x_wconf 93' lang='lat' dir='ltr'><strong>ad</strong></span> <span class='ocrx_word' id='word_1_167' title='bbox 784 2258 922 2313; x_wconf 82' lang='lat' dir='ltr'><strong>bene</strong></span> <span class='ocrx_word' id='word_1_168' title='bbox 939 2256 1007 2313; x_wconf 90' lang='lat' dir='ltr'><strong>de</strong></span> <span class='ocrx_word' id='word_1_169' title='bbox 1036 2257 1127 2311; x_wconf 84' lang='lat' dir='ltr'><strong>illo</strong></span> <span class='ocrx_word' id='word_1_170' title='bbox 1158 2255 1472 2332; x_wconf 61' lang='lat' dir='ltr'><strong>niqcndum</strong></span> <span class='ocrx_word' id='word_1_171' title='bbox 1501 2269 1560 2309; x_wconf 87' lang='lat' dir='ltr'><strong>se</strong></span> <span class='ocrx_word' id='word_1_172' title='bbox 1607 2265 1910 2324; x_wconf 85' lang='lat' dir='ltr'><strong>promptum</strong></span> 
     </span>
    </p>
   </div>
   <div class='ocr_carea' id='block_1_23' title="bbox 304 2348 1913 2421">
    <p class='ocr_par' dir='ltr' id='par_1_23' title="bbox 304 2348 1913 2421">
     <span class='ocr_line' id='line_1_24' title="bbox 304 2348 1913 2421; baseline -0.002 -17"><span class='ocrx_word' id='word_1_173' title='bbox 304 2349 655 2417; x_wconf 81' lang='lat' dir='ltr'><strong>ostenderet,</strong></span> <span class='ocrx_word' id='word_1_174' title='bbox 700 2349 965 2405; x_wconf 86' lang='lat' dir='ltr'><strong>carbones</strong></span> <span class='ocrx_word' id='word_1_175' title='bbox 1020 2350 1157 2421; x_wconf 89' lang='lat' dir='ltr'><strong>iguis</strong></span> <span class='ocrx_word' id='word_1_176' title='bbox 1204 2349 1405 2419; x_wconf 82' lang='lat' dir='ltr'><strong>posuit,</strong></span> <span class='ocrx_word' id='word_1_177' title='bbox 1439 2357 1497 2402; x_wconf 93' lang='grc' dir='ltr'><strong>ιιι</strong></span> <span class='ocrx_word' id='word_1_178' title='bbox 1535 2348 1784 2419; x_wconf 71' lang='lat' dir='ltr'><strong>supplicii</strong></span> <span class='ocrx_word' id='word_1_179' title='bbox 1816 2362 1913 2417; x_wconf 89' lang='lat' dir='ltr'><strong>spe</strong></span> 
     </span>
    </p>
   </div>
   <div class='ocr_carea' id='block_1_24' title="bbox 304 2427 1914 2496">
    <p class='ocr_par' dir='ltr' id='par_1_24' title="bbox 304 2427 1914 2496">
     <span class='ocr_line' id='line_1_25' title="bbox 304 2427 1914 2496; baseline -0.001 -1"><span class='ocrx_word' id='word_1_180' title='bbox 304 2448 610 2496; x_wconf 87' lang='lat' dir='ltr'><strong>commotus</strong></span> <span class='ocrx_word' id='word_1_181' title='bbox 638 2440 705 2494; x_wconf 90' lang='lat' dir='ltr'><strong>ad</strong></span> <span class='ocrx_word' id='word_1_182' title='bbox 748 2441 1070 2496; x_wconf 72' lang='lat' dir='ltr'><strong>beneficium</strong></span> <span class='ocrx_word' id='word_1_183' title='bbox 1121 2441 1173 2495; x_wconf 88' lang='lat' dir='ltr'><strong>in</strong></span> <span class='ocrx_word' id='word_1_184' title='bbox 1201 2427 1357 2494; x_wconf 83' lang='lat' dir='ltr'><strong>illum</strong></span> <span class='ocrx_word' id='word_1_185' title='bbox 1398 2440 1784 2495; x_wconf 88' lang='lat' dir='ltr'><strong>conferendum</strong></span> <span class='ocrx_word' id='word_1_186' title='bbox 1823 2455 1914 2493; x_wconf 84' lang='lat' dir='ltr'><strong>ac-</strong></span> 
     </span>
    </p>
   </div>
   <div class='ocr_carea' id='block_1_25' title="bbox 304 2532 1905 2603">
    <p class='ocr_par' dir='ltr' id='par_1_25' title="bbox 304 2532 1905 2603">
     <span class='ocr_line' id='line_1_26' title="bbox 304 2532 1905 2603; baseline -0.002 -15"><span class='ocrx_word' id='word_1_187' title='bbox 304 2542 506 2598; x_wconf 88' lang='lat' dir='ltr'><strong>currat,</strong></span> <span class='ocrx_word' id='word_1_188' title='bbox 540 2548 570 2587; x_wconf 90' lang='lat' dir='ltr'><strong>a</strong></span> <span class='ocrx_word' id='word_1_189' title='bbox 598 2548 703 2603; x_wconf 92' lang='lat' dir='ltr'><strong>quo</strong></span> <span class='ocrx_word' id='word_1_190' title='bbox 729 2532 926 2589; x_wconf 82' lang='lat' dir='ltr'><strong>damno</strong></span> <span class='ocrx_word' id='word_1_191' title='bbox 970 2534 1158 2589; x_wconf 83' lang='lat' dir='ltr'><strong>fuisset</strong></span> <span class='ocrx_word' id='word_1_192' title='bbox 1195 2532 1437 2588; x_wconf 85' lang='lat' dir='ltr'><strong>affectus.</strong></span> <span class='ocrx_word' id='word_1_193' title='bbox 1474 2533 1541 2587; x_wconf 86' lang='lat' dir='ltr'><strong>Et</strong></span> <span class='ocrx_word' id='word_1_194' title='bbox 1565 2535 1701 2587; x_wconf 91' lang='lat' dir='ltr'><strong>sicut</strong></span> <span class='ocrx_word' id='word_1_195' title='bbox 1732 2534 1905 2603; x_wconf 87' lang='lat' dir='ltr'><strong>pisca-</strong></span> 
     </span>
    </p>
   </div>
   <div class='ocr_carea' id='block_1_26' title="bbox 308 2626 1911 2697">
    <p class='ocr_par' dir='ltr' id='par_1_26' title="bbox 308 2626 1911 2697">
     <span class='ocr_line' id='line_1_27' title="bbox 308 2626 1911 2697; baseline -0.002 -16"><span class='ocrx_word' id='word_1_196' title='bbox 308 2634 393 2681; x_wconf 90' lang='lat' dir='ltr'><strong>tor</strong></span> <span class='ocrx_word' id='word_1_197' title='bbox 420 2626 638 2680; x_wconf 90' lang='lat' dir='ltr'><strong>hamum</strong></span> <span class='ocrx_word' id='word_1_198' title='bbox 694 2626 947 2683; x_wconf 88' lang='lat' dir='ltr'><strong>illecebra</strong></span> <span class='ocrx_word' id='word_1_199' title='bbox 976 2627 1211 2697; x_wconf 88' lang='lat' dir='ltr'><strong>contegit</strong></span> <span class='ocrx_word' id='word_1_200' title='bbox 1263 2626 1529 2695; x_wconf 92' lang='lat' dir='ltr'><strong>undique,</strong></span> <span class='ocrx_word' id='word_1_201' title='bbox 1576 2635 1795 2695; x_wconf 85' lang='lat' dir='ltr'><strong>tumque</strong></span> <span class='ocrx_word' id='word_1_202' title='bbox 1833 2626 1911 2695; x_wconf 88' lang='lat' dir='ltr'><strong>pi-</strong></span> 
     </span>
    </p>
   </div>
   <div class='ocr_carea' id='block_1_27' title="bbox 304 2718 1905 2789">
    <p class='ocr_par' dir='ltr' id='par_1_27' title="bbox 304 2718 1905 2789">
     <span class='ocr_line' id='line_1_28' title="bbox 304 2718 1905 2789; baseline -0.003 -13"><span class='ocrx_word' id='word_1_203' title='bbox 304 2719 484 2776; x_wconf 88' lang='lat' dir='ltr'><strong>scibus</strong></span> <span class='ocrx_word' id='word_1_204' title='bbox 524 2718 743 2789; x_wconf 89' lang='lat' dir='ltr'><strong>objicit,</strong></span> <span class='ocrx_word' id='word_1_205' title='bbox 768 2728 835 2774; x_wconf 26' lang='lat' dir='ltr'><strong>rut</strong></span> <span class='ocrx_word' id='word_1_206' title='bbox 878 2720 943 2774; x_wconf 82' lang='lat' dir='ltr'><strong>ad</strong></span> <span class='ocrx_word' id='word_1_207' title='bbox 977 2729 1293 2774; x_wconf 85' lang='lat' dir='ltr'><strong>consuetum</strong></span> <span class='ocrx_word' id='word_1_208' title='bbox 1324 2720 1499 2774; x_wconf 85' lang='lat' dir='ltr'><strong>cibum</strong></span> <span class='ocrx_word' id='word_1_209' title='bbox 1530 2730 1905 2781; x_wconf 70' lang='lat' dir='ltr'><strong>occur-remes,</strong></span> 
     </span>
    </p>
   </div>
   <div class='ocr_carea' id='block_1_28' title="bbox 304 2810 1911 2882">
    <p class='ocr_par' dir='ltr' id='par_1_28' title="bbox 304 2810 1911 2882">
     <span class='ocr_line' id='line_1_29' title="bbox 304 2810 1911 2882; baseline -0.002 -15"><span class='ocrx_word' id='word_1_210' title='bbox 304 2812 395 2868; x_wconf 90' lang='lat' dir='ltr'><strong>illo</strong></span> <span class='ocrx_word' id='word_1_211' title='bbox 434 2810 591 2866; x_wconf 78' lang='lat' dir='ltr'><strong>facile</strong></span> <span class='ocrx_word' id='word_1_212' title='bbox 638 2811 916 2882; x_wconf 85' lang='lat' dir='ltr'><strong>capiantur</strong></span> <span class='ocrx_word' id='word_1_213' title='bbox 943 2826 1005 2866; x_wconf 90' lang='lat' dir='ltr'><strong>ac</strong></span> <span class='ocrx_word' id='word_1_214' title='bbox 1042 2811 1385 2867; x_wconf 79' lang='lat' dir='ltr'><strong>detineantur</strong></span> <span class='ocrx_word' id='word_1_215' title='bbox 1416 2828 1428 2863; x_wconf 90' lang='lat'><strong>:</strong></span> <span class='ocrx_word' id='word_1_216' title='bbox 1454 2811 1530 2865; x_wconf 89' lang='lat' dir='ltr'><strong>sic</strong></span> <span class='ocrx_word' id='word_1_217' title='bbox 1577 2811 1828 2863; x_wconf 85' lang='lat' dir='ltr'><strong>nimirum</strong></span> <span class='ocrx_word' id='word_1_218' title='bbox 1856 2820 1911 2863; x_wconf 91' lang='lat' dir='ltr'><strong>et</strong></span> 
     </span>
    </p>
   </div>
   <div class='ocr_carea' id='block_1_29' title="bbox 305 2901 1908 2973">
    <p class='ocr_par' dir='ltr' id='par_1_29' title="bbox 305 2901 1908 2973">
     <span class='ocr_line' id='line_1_30' title="bbox 305 2901 1908 2973; baseline -0.003 -14"><span class='ocrx_word' id='word_1_219' title='bbox 305 2904 535 2972; x_wconf 80' lang='lat' dir='ltr'><strong>Paulus,</strong></span> <span class='ocrx_word' id='word_1_220' title='bbox 564 2919 685 2958; x_wconf 90' lang='lat' dir='ltr'><strong>cum</strong></span> <span class='ocrx_word' id='word_1_221' title='bbox 736 2902 985 2958; x_wconf 78' lang='lat' dir='ltr'><strong>affectum</strong></span> <span class='ocrx_word' id='word_1_222' title='bbox 1043 2903 1232 2973; x_wconf 88' lang='lat' dir='ltr'><strong>injuria</strong></span> <span class='ocrx_word' id='word_1_223' title='bbox 1266 2904 1425 2957; x_wconf 84' lang='lat' dir='ltr'><strong>vellet</strong></span> <span class='ocrx_word' id='word_1_224' title='bbox 1470 2902 1535 2957; x_wconf 89' lang='lat' dir='ltr'><strong>ad</strong></span> <span class='ocrx_word' id='word_1_225' title='bbox 1588 2901 1908 2956; x_wconf 72' lang='lat' dir='ltr'><strong>beneficium</strong></span> 
     </span>
    </p>
   </div>
   <div class='ocr_carea' id='block_1_30' title="bbox 301 2993 1907 3064">
    <p class='ocr_par' dir='ltr' id='par_1_30' title="bbox 301 2993 1907 3064">
     <span class='ocr_line' id='line_1_31' title="bbox 301 2993 1907 3064; baseline -0.004 -13"><span class='ocrx_word' id='word_1_226' title='bbox 301 2994 690 3051; x_wconf 85' lang='lat' dir='ltr'><strong>conferendum</strong></span> <span class='ocrx_word' id='word_1_227' title='bbox 720 2996 940 3050; x_wconf 76' lang='lat' dir='ltr'><strong>incitare</strong></span> <span class='ocrx_word' id='word_1_228' title='bbox 969 2994 1022 3048; x_wconf 93' lang='lat' dir='ltr'><strong>in</strong></span> <span class='ocrx_word' id='word_1_229' title='bbox 1053 2995 1200 3048; x_wconf 92' lang='lat' dir='ltr'><strong>illum</strong></span> <span class='ocrx_word' id='word_1_230' title='bbox 1234 2995 1327 3064; x_wconf 91' lang='lat' dir='ltr'><strong>qui</strong></span> <span class='ocrx_word' id='word_1_231' title='bbox 1360 2993 1605 3063; x_wconf 86' lang='lat' dir='ltr'><strong>injuriam</strong></span> <span class='ocrx_word' id='word_1_232' title='bbox 1636 2995 1907 3057; x_wconf 85' lang='lat' dir='ltr'><strong>intulerat,</strong></span> 
     </span>
    </p>
   </div>
   <div class='ocr_carea' id='block_1_31' title="bbox 308 3084 1913 3158">
    <p class='ocr_par' dir='ltr' id='par_1_31' title="bbox 308 3084 1913 3158">
     <span class='ocr_line' id='line_1_32' title="bbox 308 3084 1913 3158; baseline -0.001 -17"><span class='ocrx_word' id='word_1_233' title='bbox 308 3103 415 3143; x_wconf 93' lang='lat' dir='ltr'><strong>non</strong></span> <span class='ocrx_word' id='word_1_234' title='bbox 472 3087 677 3143; x_wconf 90' lang='lat' dir='ltr'><strong>nudum</strong></span> <span class='ocrx_word' id='word_1_235' title='bbox 729 3086 1079 3158; x_wconf 70' lang='grc' dir='ltr'><strong>ιιιιίιοεομιιίειε</strong></span> <span class='ocrx_word' id='word_1_236' title='bbox 1125 3086 1311 3156; x_wconf 88' lang='lat' dir='ltr'><strong>objicit</strong></span> <span class='ocrx_word' id='word_1_237' title='bbox 1365 3086 1613 3152; x_wconf 84' lang='lat' dir='ltr'><strong>hamum,</strong></span> <span class='ocrx_word' id='word_1_238' title='bbox 1647 3084 1741 3140; x_wconf 86' lang='lat' dir='ltr'><strong>sed</strong></span> <span class='ocrx_word' id='word_1_239' title='bbox 1776 3094 1913 3139; x_wconf 84' lang='lat' dir='ltr'><strong>tam-</strong></span> 
     </span>
    </p>
   </div>
   <div class='ocr_carea' id='block_1_32' title="bbox 301 3175 1911 3252">
    <p class='ocr_par' dir='ltr' id='par_1_32' title="bbox 301 3175 1911 3252">
     <span class='ocr_line' id='line_1_33' title="bbox 301 3175 1911 3252; baseline -0.002 -18"><span class='ocrx_word' id='word_1_240' title='bbox 301 3194 462 3252; x_wconf 89' lang='lat' dir='ltr'><strong>quam</strong></span> <span class='ocrx_word' id='word_1_241' title='bbox 496 3178 747 3234; x_wconf 83' lang='lat' dir='ltr'><strong>illecebra</strong></span> <span class='ocrx_word' id='word_1_242' title='bbox 772 3177 999 3249; x_wconf 84' lang='lat' dir='ltr'><strong>quadam</strong></span> <span class='ocrx_word' id='word_1_243' title='bbox 1028 3177 1353 3233; x_wconf 72' lang='lat' dir='ltr'><strong>carbonibus</strong></span> <span class='ocrx_word' id='word_1_244' title='bbox 1374 3176 1510 3246; x_wconf 91' lang='lat' dir='ltr'><strong>ignis</strong></span> <span class='ocrx_word' id='word_1_245' title='bbox 1534 3175 1828 3243; x_wconf 88' lang='lat' dir='ltr'><strong>obtectum,</strong></span> <span class='ocrx_word' id='word_1_246' title='bbox 1859 3186 1911 3231; x_wconf 90' lang='lat' dir='ltr'><strong>et</strong></span> 
     </span>
    </p>
   </div>
   <div class='ocr_carea' id='block_1_33' title="bbox 300 3268 1909 3342">
    <p class='ocr_par' dir='ltr' id='par_1_33' title="bbox 300 3268 1909 3342">
     <span class='ocr_line' id='line_1_34' title="bbox 300 3268 1909 3342; baseline -0.006 -13"><span class='ocrx_word' id='word_1_247' title='bbox 300 3272 681 3329; x_wconf 84' lang='lat' dir='ltr'><strong>contumeliam</strong></span> <span class='ocrx_word' id='word_1_248' title='bbox 731 3286 945 3342; x_wconf 87' lang='lat' dir='ltr'><strong>passum</strong></span> <span class='ocrx_word' id='word_1_249' title='bbox 990 3285 1085 3340; x_wconf 85' lang='lat' dir='ltr'><strong>spe</strong></span> <span class='ocrx_word' id='word_1_250' title='bbox 1116 3268 1361 3339; x_wconf 86' lang='lat' dir='ltr'><strong>supplicii</strong></span> <span class='ocrx_word' id='word_1_251' title='bbox 1404 3268 1472 3323; x_wconf 88' lang='lat' dir='ltr'><strong>ad</strong></span> <span class='ocrx_word' id='word_1_252' title='bbox 1502 3268 1821 3323; x_wconf 80' lang='lat' dir='ltr'><strong>beneﬁcium</strong></span> <span class='ocrx_word' id='word_1_253' title='bbox 1858 3268 1909 3321; x_wconf 90' lang='lat' dir='ltr'><strong>in</strong></span> 
     </span>
    </p>
   </div>
   <div class='ocr_carea' id='block_1_34' title="bbox 300 3363 1912 3434">
    <p class='ocr_par' dir='ltr' id='par_1_34' title="bbox 300 3363 1912 3434">
     <span class='ocr_line' id='line_1_35' title="bbox 300 3363 1912 3434; baseline -0.001 -12"><span class='ocrx_word' id='word_1_254' title='bbox 300 3381 423 3422; x_wconf 89' lang='lat' dir='ltr'><strong>eum</strong></span> <span class='ocrx_word' id='word_1_255' title='bbox 450 3363 837 3419; x_wconf 87' lang='lat' dir='ltr'><strong>conferendum</strong></span> <span class='ocrx_word' id='word_1_256' title='bbox 864 3404 879 3429; x_wconf 93' lang='lat'><strong>,</strong></span> <span class='ocrx_word' id='word_1_257' title='bbox 905 3364 992 3434; x_wconf 92' lang='lat' dir='ltr'><strong>qui</strong></span> <span class='ocrx_word' id='word_1_258' title='bbox 1025 3364 1181 3428; x_wconf 65' lang='lat' dir='ltr'><strong>lazsit,</strong></span> <span class='ocrx_word' id='word_1_259' title='bbox 1215 3364 1405 3417; x_wconf 76' lang='lat' dir='ltr'><strong>invitat</strong></span> <span class='ocrx_word' id='word_1_260' title='bbox 1436 3381 1449 3417; x_wconf 92' lang='lat'>:</span> <span class='ocrx_word' id='word_1_261' title='bbox 1482 3379 1604 3417; x_wconf 90' lang='lat' dir='ltr'><strong>mox</strong></span> <span class='ocrx_word' id='word_1_262' title='bbox 1639 3372 1819 3420; x_wconf 88' lang='lat' dir='ltr'><strong>autem</strong></span> <span class='ocrx_word' id='word_1_263' title='bbox 1855 3375 1912 3420; x_wconf 93' lang='lat' dir='ltr'><strong>ut</strong></span> 
     </span>
    </p>
   </div>
   <div class='ocr_carea' id='block_1_35' title="bbox 299 3455 1905 3525">
    <p class='ocr_par' dir='ltr' id='par_1_35' title="bbox 299 3455 1905 3525">
     <span class='ocr_line' id='line_1_36' title="bbox 299 3455 1905 3525; baseline 0.001 -14"><span class='ocrx_word' id='word_1_264' title='bbox 299 3457 533 3523; x_wconf 78' lang='lat' dir='ltr'><strong>venerit,</strong></span> <span class='ocrx_word' id='word_1_265' title='bbox 561 3455 756 3512; x_wconf 88' lang='lat' dir='ltr'><strong>deinde</strong></span> <span class='ocrx_word' id='word_1_266' title='bbox 797 3457 994 3512; x_wconf 88' lang='lat' dir='ltr'><strong>retinet</strong></span> <span class='ocrx_word' id='word_1_267' title='bbox 1016 3496 1032 3522; x_wconf 95' lang='lat'><strong>,</strong></span> <span class='ocrx_word' id='word_1_268' title='bbox 1066 3471 1238 3525; x_wconf 84' lang='lat' dir='ltr'><strong>neque</strong></span> <span class='ocrx_word' id='word_1_269' title='bbox 1278 3456 1488 3509; x_wconf 90' lang='lat' dir='ltr'><strong>resilire</strong></span> <span class='ocrx_word' id='word_1_270' title='bbox 1516 3455 1663 3524; x_wconf 85' lang='lat' dir='ltr'><strong>sinit,</strong></span> <span class='ocrx_word' id='word_1_271' title='bbox 1690 3474 1810 3514; x_wconf 93' lang='lat' dir='ltr'><strong>cum</strong></span> <span class='ocrx_word' id='word_1_272' title='bbox 1836 3459 1905 3512; x_wconf 90' lang='lat' dir='ltr'><strong>ab</strong></span> 
     </span>
    </p>
   </div>
   <div class='ocr_carea' id='block_1_36' title="bbox 300 3549 1906 3623">
    <p class='ocr_par' dir='ltr' id='par_1_36' title="bbox 300 3549 1906 3623">
     <span class='ocr_line' id='line_1_37' title="bbox 300 3549 1906 3623; baseline -0.001 -17"><span class='ocrx_word' id='word_1_273' title='bbox 300 3552 411 3623; x_wconf 76' lang='lat' dir='ltr'><strong>ipsa</strong></span> <span class='ocrx_word' id='word_1_274' title='bbox 434 3552 511 3606; x_wconf 83' lang='lat' dir='ltr'><strong>rei</strong></span> <span class='ocrx_word' id='word_1_275' title='bbox 539 3561 725 3604; x_wconf 87' lang='lat' dir='ltr'><strong>natura</strong></span> <span class='ocrx_word' id='word_1_276' title='bbox 752 3564 874 3605; x_wconf 91' lang='lat' dir='ltr'><strong>cum</strong></span> <span class='ocrx_word' id='word_1_277' title='bbox 916 3549 1131 3604; x_wconf 90' lang='lat' dir='ltr'><strong>inimico</strong></span> <span class='ocrx_word' id='word_1_278' title='bbox 1170 3549 1447 3618; x_wconf 83' lang='lat' dir='ltr'><strong>jungatur,</strong></span> <span class='ocrx_word' id='word_1_279' title='bbox 1476 3563 1637 3620; x_wconf 88' lang='lat' dir='ltr'><strong>atque</strong></span> <span class='ocrx_word' id='word_1_280' title='bbox 1670 3550 1752 3604; x_wconf 91' lang='lat' dir='ltr'><strong>his</strong></span> <span class='ocrx_word' id='word_1_281' title='bbox 1780 3566 1906 3619; x_wconf 90' lang='lat' dir='ltr'><strong>pro-</strong></span> 
     </span>
    </p>
   </div>
   <div class='ocr_carea' id='block_1_37' title="bbox 300 3628 1908 3716">
    <p class='ocr_par' dir='ltr' id='par_1_37' title="bbox 300 3628 1908 3716">
     <span class='ocr_line' id='line_1_38' title="bbox 300 3628 1908 3716; baseline -0.003 -14"><span class='ocrx_word' id='word_1_282' title='bbox 300 3641 589 3716; x_wconf 71' lang='lat' dir='ltr'><strong>jcmodum</strong></span> <span class='ocrx_word' id='word_1_283' title='bbox 614 3642 793 3696; x_wconf 84' lang='lat' dir='ltr'><strong>verbis</strong></span> <span class='ocrx_word' id='word_1_284' title='bbox 824 3641 969 3694; x_wconf 90' lang='lat' dir='ltr'><strong>illum</strong></span> <span class='ocrx_word' id='word_1_285' title='bbox 993 3641 1187 3695; x_wconf 81' lang='lat' dir='ltr'><strong>affatur</strong></span> <span class='ocrx_word' id='word_1_286' title='bbox 1211 3658 1223 3693; x_wconf 89' lang='lat'>:</span> <span class='ocrx_word' id='word_1_287' title='bbox 1257 3639 1373 3698; x_wconf 73' lang='lat' dir='ltr'><strong>Non</strong></span> <span class='ocrx_word' id='word_1_288' title='bbox 1404 3644 1483 3698; x_wconf 87' lang='lat' dir='ltr'><strong>vis</strong></span> <span class='ocrx_word' id='word_1_289' title='bbox 1511 3628 1723 3711; x_wconf 75' lang='lat' dir='ltr'><strong>piezatis</strong></span> <span class='ocrx_word' id='word_1_290' title='bbox 1748 3657 1908 3697; x_wconf 74' lang='lat' dir='ltr'><strong>causa</strong></span> 
     </span>
    </p>
   </div>
   <div class='ocr_carea' id='block_1_38' title="bbox 298 3734 1903 3809">
    <p class='ocr_par' dir='ltr' id='par_1_38' title="bbox 298 3734 1903 3809">
     <span class='ocr_line' id='line_1_39' title="bbox 298 3734 1903 3809; baseline -0.004 -14"><span class='ocrx_word' id='word_1_291' title='bbox 298 3741 479 3808; x_wconf 82' lang='lat' dir='ltr'><strong>eibare</strong></span> <span class='ocrx_word' id='word_1_292' title='bbox 511 3736 659 3794; x_wconf 76' lang='lat' dir='ltr'><strong>illurn</strong></span> <span class='ocrx_word' id='word_1_293' title='bbox 686 3735 774 3809; x_wconf 85' lang='lat' dir='ltr'><strong>qui</strong></span> <span class='ocrx_word' id='word_1_294' title='bbox 794 3743 842 3790; x_wconf 91' lang='lat' dir='ltr'><strong>te</strong></span> <span class='ocrx_word' id='word_1_295' title='bbox 863 3734 1025 3789; x_wconf 70' lang='lat' dir='ltr'><strong>lmsit?</strong></span> <span class='ocrx_word' id='word_1_296' title='bbox 1046 3735 1236 3790; x_wconf 84' lang='lat' dir='ltr'><strong>saltem</strong></span> <span class='ocrx_word' id='word_1_297' title='bbox 1267 3736 1337 3791; x_wconf 93' lang='lat' dir='ltr'><strong>ob</strong></span> <span class='ocrx_word' id='word_1_298' title='bbox 1352 3752 1502 3805; x_wconf 91' lang='lat' dir='ltr'><strong>spem</strong></span> <span class='ocrx_word' id='word_1_299' title='bbox 1523 3736 1735 3789; x_wconf 83' lang='lat' dir='ltr'><strong>ultionis</strong></span> <span class='ocrx_word' id='word_1_300' title='bbox 1764 3736 1903 3791; x_wconf 84' lang='lat' dir='ltr'><strong>ciba.</strong></span> 
     </span>
    </p>
   </div>
   <div class='ocr_carea' id='block_1_39' title="bbox 300 3828 1909 3896">
    <p class='ocr_par' dir='ltr' id='par_1_39' title="bbox 300 3828 1909 3896">
     <span class='ocr_line' id='line_1_40' title="bbox 300 3828 1909 3896; baseline -0.004 -5"><span class='ocrx_word' id='word_1_301' title='bbox 300 3835 409 3891; x_wconf 89' lang='lat' dir='ltr'><strong>Scit</strong></span> <span class='ocrx_word' id='word_1_302' title='bbox 436 3833 579 3889; x_wconf 90' lang='lat' dir='ltr'><strong>enim</strong></span> <span class='ocrx_word' id='word_1_303' title='bbox 628 3834 778 3896; x_wconf 91' lang='lat' dir='ltr'><strong>fore,</strong></span> <span class='ocrx_word' id='word_1_304' title='bbox 808 3841 866 3887; x_wconf 92' lang='lat' dir='ltr'><strong>ut</strong></span> <span class='ocrx_word' id='word_1_305' title='bbox 893 3833 937 3887; x_wconf 88' lang='lat' dir='ltr'><strong>si</strong></span> <span class='ocrx_word' id='word_1_306' title='bbox 993 3828 1314 3887; x_wconf 74' lang='lat' dir='ltr'><strong>beneficium</strong></span> <span class='ocrx_word' id='word_1_307' title='bbox 1362 3831 1414 3884; x_wconf 91' lang='lat' dir='ltr'><strong>in</strong></span> <span class='ocrx_word' id='word_1_308' title='bbox 1463 3830 1610 3883; x_wconf 91' lang='lat' dir='ltr'><strong>illum</strong></span> <span class='ocrx_word' id='word_1_309' title='bbox 1662 3829 1909 3885; x_wconf 90' lang='lat' dir='ltr'><strong>conferre</strong></span> 
     </span>
    </p>
   </div>
   <div class='ocr_carea' id='block_1_40' title="bbox 300 3922 1910 3998">
    <p class='ocr_par' dir='ltr' id='par_1_40' title="bbox 300 3922 1910 3998">
     <span class='ocr_line' id='line_1_41' title="bbox 300 3922 1910 3998; baseline -0.004 -17"><span class='ocrx_word' id='word_1_310' title='bbox 300 3925 645 3998; x_wconf 81' lang='lat' dir='ltr'><strong>aggrediatur</strong></span> <span class='ocrx_word' id='word_1_311' title='bbox 664 3964 679 3989; x_wconf 95' lang='lat'><strong>,</strong></span> <span class='ocrx_word' id='word_1_312' title='bbox 723 3924 832 3994; x_wconf 86' lang='lat' dir='ltr'><strong>jam</strong></span> <span class='ocrx_word' id='word_1_313' title='bbox 862 3935 972 3979; x_wconf 89' lang='lat' dir='ltr'><strong>tmn</strong></span> <span class='ocrx_word' id='word_1_314' title='bbox 1022 3923 1233 3978; x_wconf 89' lang='lat' dir='ltr'><strong>initium</strong></span> <span class='ocrx_word' id='word_1_315' title='bbox 1262 3923 1355 3975; x_wconf 85' lang='lat' dir='ltr'><strong>fiat</strong></span> <span class='ocrx_word' id='word_1_316' title='bbox 1376 3962 1390 3987; x_wconf 93' lang='lat'><strong>,</strong></span> <span class='ocrx_word' id='word_1_317' title='bbox 1418 3936 1482 3975; x_wconf 89' lang='lat' dir='ltr'><strong>ac</strong></span> <span class='ocrx_word' id='word_1_318' title='bbox 1511 3922 1592 3975; x_wconf 88' lang='lat' dir='ltr'><strong>via</strong></span> <span class='ocrx_word' id='word_1_319' title='bbox 1637 3930 1910 3976; x_wconf 89' lang='lat' dir='ltr'><strong>sternatur</strong></span> 
     </span>
    </p>
   </div>
   <div class='ocr_carea' id='block_1_41' title="bbox 300 4014 1907 4083">
    <p class='ocr_par' dir='ltr' id='par_1_41' title="bbox 300 4014 1907 4083">
     <span class='ocr_line' id='line_1_42' title="bbox 300 4014 1907 4083; baseline -0.004 -9"><span class='ocrx_word' id='word_1_320' title='bbox 300 4014 769 4074; x_wconf 81' lang='lat' dir='ltr'><strong>reconciliationis.</strong></span> <span class='ocrx_word' id='word_1_321' title='bbox 801 4015 970 4071; x_wconf 86' lang='lat' dir='ltr'><strong>Nemo</strong></span> <span class='ocrx_word' id='word_1_322' title='bbox 992 4016 1155 4081; x_wconf 89' lang='lat' dir='ltr'><strong>enim,</strong></span> <span class='ocrx_word' id='word_1_323' title='bbox 1192 4028 1350 4069; x_wconf 91' lang='lat' dir='ltr'><strong>nemo</strong></span> <span class='ocrx_word' id='word_1_324' title='bbox 1382 4029 1631 4083; x_wconf 83' lang='lat' dir='ltr'><strong>umquam</strong></span> <span class='ocrx_word' id='word_1_325' title='bbox 1665 4016 1907 4083; x_wconf 76' lang='lat' dir='ltr'><strong>potcrlta</strong></span> 
     </span>
    </p>
   </div>
   <div class='ocr_carea' id='block_1_42' title="bbox 300 4104 1907 4176">
    <p class='ocr_par' dir='ltr' id='par_1_42' title="bbox 300 4104 1907 4176">
     <span class='ocr_line' id='line_1_43' title="bbox 300 4104 1907 4176; baseline -0.004 -12"><span class='ocrx_word' id='word_1_326' title='bbox 300 4122 359 4165; x_wconf 83' lang='lat' dir='ltr'><strong>se</strong></span> <span class='ocrx_word' id='word_1_327' title='bbox 378 4109 639 4163; x_wconf 89' lang='lat' dir='ltr'><strong>nutritum</strong></span> <span class='ocrx_word' id='word_1_328' title='bbox 662 4108 932 4163; x_wconf 89' lang='lat' dir='ltr'><strong>hominem</strong></span> <span class='ocrx_word' id='word_1_329' title='bbox 963 4122 1025 4161; x_wconf 88' lang='lat' dir='ltr'><strong>ac</strong></span> <span class='ocrx_word' id='word_1_330' title='bbox 1053 4116 1289 4176; x_wconf 89' lang='lat' dir='ltr'><strong>potatum</strong></span> <span class='ocrx_word' id='word_1_331' title='bbox 1318 4105 1570 4161; x_wconf 90' lang='lat' dir='ltr'><strong>infestum</strong></span> <span class='ocrx_word' id='word_1_332' title='bbox 1604 4105 1821 4171; x_wconf 86' lang='lat' dir='ltr'><strong>habere,</strong></span> <span class='ocrx_word' id='word_1_333' title='bbox 1840 4104 1907 4160; x_wconf 88' lang='lat' dir='ltr'><strong>li-</strong></span> 
     </span>
    </p>
   </div>
   <div class='ocr_carea' id='block_1_43' title="bbox 300 4199 1909 4272">
    <p class='ocr_par' dir='ltr' id='par_1_43' title="bbox 300 4199 1909 4272">
     <span class='ocr_line' id='line_1_44' title="bbox 300 4199 1909 4272; baseline -0.006 -12"><span class='ocrx_word' id='word_1_334' title='bbox 300 4200 387 4260; x_wconf 76' lang='lat' dir='ltr'><strong>cet</strong></span> <span class='ocrx_word' id='word_1_335' title='bbox 413 4202 567 4258; x_wconf 92' lang='lat' dir='ltr'><strong>initio</strong></span> <span class='ocrx_word' id='word_1_336' title='bbox 591 4216 689 4272; x_wconf 88' lang='lat' dir='ltr'><strong>spe</strong></span> <span class='ocrx_word' id='word_1_337' title='bbox 712 4201 929 4256; x_wconf 89' lang='lat' dir='ltr'><strong>ultionis</strong></span> <span class='ocrx_word' id='word_1_338' title='bbox 960 4200 1010 4254; x_wconf 91' lang='lat' dir='ltr'><strong>id</strong></span> <span class='ocrx_word' id='word_1_339' title='bbox 1055 4200 1260 4255; x_wconf 84' lang='lat' dir='ltr'><strong>fecerit.</strong></span> <span class='ocrx_word' id='word_1_340' title='bbox 1290 4199 1573 4269; x_wconf 69' lang='lat' dir='ltr'><strong>Temporis</strong></span> <span class='ocrx_word' id='word_1_341' title='bbox 1616 4200 1759 4253; x_wconf 91' lang='lat' dir='ltr'><strong>enim</strong></span> <span class='ocrx_word' id='word_1_342' title='bbox 1786 4215 1909 4269; x_wconf 88' lang='lat' dir='ltr'><strong>prn-</strong></span> 
     </span>
    </p>
   </div>
   <div class='ocr_carea' id='block_1_44' title="bbox 302 4290 1907 4368">
    <p class='ocr_par' dir='ltr' id='par_1_44' title="bbox 302 4290 1907 4368">
     <span class='ocr_line' id='line_1_45' title="bbox 302 4290 1907 4368; baseline -0.002 -18"><span class='ocrx_word' id='word_1_343' title='bbox 302 4310 490 4368; x_wconf 85' lang='lat' dir='ltr'><strong>gresstt</strong></span> <span class='ocrx_word' id='word_1_344' title='bbox 513 4294 607 4349; x_wconf 66' lang='lat' dir='ltr'><strong>ira:</strong></span> <span class='ocrx_word' id='word_1_345' title='bbox 635 4292 909 4348; x_wconf 89' lang='lat' dir='ltr'><strong>contentio</strong></span> <span class='ocrx_word' id='word_1_346' title='bbox 946 4293 1255 4347; x_wconf 88' lang='lat' dir='ltr'><strong>remittitur.</strong></span> <span class='ocrx_word' id='word_1_347' title='bbox 1299 4290 1367 4347; x_wconf 88' lang='lat' dir='ltr'><strong>Ut</strong></span> <span class='ocrx_word' id='word_1_348' title='bbox 1397 4292 1558 4362; x_wconf 86' lang='lat' dir='ltr'><strong>igitur</strong></span> <span class='ocrx_word' id='word_1_349' title='bbox 1582 4291 1837 4359; x_wconf 87' lang='lat' dir='ltr'><strong>piscator,</strong></span> <span class='ocrx_word' id='word_1_350' title='bbox 1860 4292 1907 4346; x_wconf 88' lang='lat' dir='ltr'><strong>si</strong></span> 
     </span>
    </p>
   </div>
   <div class='ocr_carea' id='block_1_45' title="bbox 303 4381 1904 4453">
    <p class='ocr_par' dir='ltr' id='par_1_45' title="bbox 303 4381 1904 4453">
     <span class='ocr_line' id='line_1_46' title="bbox 303 4381 1904 4453; baseline -0.002 -13"><span class='ocrx_word' id='word_1_351' title='bbox 303 4385 501 4441; x_wconf 89' lang='lat' dir='ltr'><strong>nudum</strong></span> <span class='ocrx_word' id='word_1_352' title='bbox 524 4384 739 4438; x_wconf 83' lang='lat' dir='ltr'><strong>hamum</strong></span> <span class='ocrx_word' id='word_1_353' title='bbox 764 4383 1044 4453; x_wconf 88' lang='lat' dir='ltr'><strong>objiceret,</strong></span> <span class='ocrx_word' id='word_1_354' title='bbox 1067 4383 1266 4453; x_wconf 86' lang='lat' dir='ltr'><strong>piscem</strong></span> <span class='ocrx_word' id='word_1_355' title='bbox 1290 4397 1624 4452; x_wconf 84' lang='lat' dir='ltr'><strong>nequaquam</strong></span> <span class='ocrx_word' id='word_1_356' title='bbox 1644 4381 1904 4447; x_wconf 86' lang='lat' dir='ltr'><strong>alliceret;</strong></span> 
     </span>
    </p>
   </div>
   <div class='ocr_carea' id='block_1_46' title="bbox 300 4475 1908 4551">
    <p class='ocr_par' dir='ltr' id='par_1_46' title="bbox 300 4475 1908 4551">
     <span class='ocr_line' id='line_1_47' title="bbox 300 4475 1908 4551; baseline -0.002 -17"><span class='ocrx_word' id='word_1_357' title='bbox 300 4479 407 4551; x_wconf 84' lang='lat' dir='ltr'><strong>jam</strong></span> <span class='ocrx_word' id='word_1_358' title='bbox 436 4493 565 4533; x_wconf 91' lang='lat' dir='ltr'><strong>vero</strong></span> <span class='ocrx_word' id='word_1_359' title='bbox 586 4485 865 4548; x_wconf 82' lang='lat' dir='ltr'><strong>postquam</strong></span> <span class='ocrx_word' id='word_1_360' title='bbox 896 4476 1045 4529; x_wconf 91' lang='lat' dir='ltr'><strong>illum</strong></span> <span class='ocrx_word' id='word_1_361' title='bbox 1073 4476 1297 4541; x_wconf 78' lang='lat' dir='ltr'><strong>obtexit,</strong></span> <span class='ocrx_word' id='word_1_362' title='bbox 1329 4475 1464 4530; x_wconf 89' lang='lat' dir='ltr'><strong>clam</strong></span> <span class='ocrx_word' id='word_1_363' title='bbox 1500 4477 1549 4529; x_wconf 92' lang='lat' dir='ltr'><strong>in</strong></span> <span class='ocrx_word' id='word_1_364' title='bbox 1580 4490 1641 4529; x_wconf 89' lang='lat' dir='ltr'><strong>os</strong></span> <span class='ocrx_word' id='word_1_365' title='bbox 1661 4476 1908 4531; x_wconf 85' lang='lat' dir='ltr'><strong>animalis</strong></span> 
     </span>
    </p>
   </div>
   <div class='ocr_carea' id='block_1_47' title="bbox 303 4568 1909 4633">
    <p class='ocr_par' dir='ltr' id='par_1_47' title="bbox 303 4568 1909 4633">
     <span class='ocr_line' id='line_1_48' title="bbox 303 4568 1909 4633; baseline -0.003 -7"><span class='ocrx_word' id='word_1_366' title='bbox 303 4570 611 4626; x_wconf 83' lang='lat' dir='ltr'><strong>accedentis</strong></span> <span class='ocrx_word' id='word_1_367' title='bbox 654 4569 870 4623; x_wconf 85' lang='lat' dir='ltr'><strong>hamum</strong></span> <span class='ocrx_word' id='word_1_368' title='bbox 922 4568 1158 4622; x_wconf 91' lang='lat' dir='ltr'><strong>immittit</strong></span> <span class='ocrx_word' id='word_1_369' title='bbox 1192 4569 1308 4623; x_wconf 85' lang='lat' dir='ltr'><strong>:sic</strong></span> <span class='ocrx_word' id='word_1_370' title='bbox 1336 4569 1497 4623; x_wconf 89' lang='lat' dir='ltr'><strong>etiam</strong></span> <span class='ocrx_word' id='word_1_371' title='bbox 1536 4568 1730 4622; x_wconf 76' lang='lat' dir='ltr'><strong>Paulus</strong></span> <span class='ocrx_word' id='word_1_372' title='bbox 1758 4610 1771 4633; x_wconf 94' lang='lat'><strong>,</strong></span> <span class='ocrx_word' id='word_1_373' title='bbox 1806 4568 1909 4622; x_wconf 81' lang='lat' dir='ltr'><strong>nisi</strong></span> 
     </span>
    </p>
   </div>
   <div class='ocr_carea' id='block_1_48' title="bbox 214 4658 1907 4745">
    <p class='ocr_par' dir='ltr' id='par_1_48' title="bbox 214 4658 1907 4745">
     <span class='ocr_line' id='line_1_49' title="bbox 214 4658 1907 4745; baseline -0.002 -29"><span class='ocrx_word' id='word_1_374' title='bbox 214 4720 263 4745; x_wconf 33' lang='grc' dir='ltr'><strong>κ</strong></span> <span class='ocrx_word' id='word_1_375' title='bbox 304 4677 477 4733; x_wconf 65' lang='lat' dir='ltr'><strong>pana:</strong></span> <span class='ocrx_word' id='word_1_376' title='bbox 510 4658 967 4730; x_wconf 78' lang='lat' dir='ltr'><strong>exspectationem</strong></span> <span class='ocrx_word' id='word_1_377' title='bbox 996 4658 1281 4727; x_wconf 71' lang='lat' dir='ltr'><strong>objecisset</strong></span> <span class='ocrx_word' id='word_1_378' title='bbox 1304 4703 1317 4725; x_wconf 93' lang='lat'><strong>,</strong></span> <span class='ocrx_word' id='word_1_379' title='bbox 1350 4658 1555 4713; x_wconf 76' lang='lat' dir='ltr'><strong>affecds</strong></span> <span class='ocrx_word' id='word_1_380' title='bbox 1585 4659 1775 4727; x_wconf 83' lang='lat' dir='ltr'><strong>injuria</strong></span> <span class='ocrx_word' id='word_1_381' title='bbox 1801 4675 1907 4712; x_wconf 89' lang='lat' dir='ltr'><strong>non</strong></span> 
     </span>
    </p>
   </div>
   <div class='ocr_carea' id='block_1_49' title="bbox 303 4750 1908 4827">
    <p class='ocr_par' dir='ltr' id='par_1_49' title="bbox 303 4750 1908 4827">
     <span class='ocr_line' id='line_1_50' title="bbox 303 4750 1908 4827; baseline -0.003 -18"><span class='ocrx_word' id='word_1_382' title='bbox 303 4754 679 4827; x_wconf 73' lang='lat' dir='ltr'><strong>persuasisset,</strong></span> <span class='ocrx_word' id='word_1_383' title='bbox 711 4760 770 4805; x_wconf 90' lang='lat' dir='ltr'><strong>ut</strong></span> <span class='ocrx_word' id='word_1_384' title='bbox 808 4751 872 4804; x_wconf 91' lang='lat' dir='ltr'><strong>ad</strong></span> <span class='ocrx_word' id='word_1_385' title='bbox 907 4752 1041 4805; x_wconf 88' lang='lat' dir='ltr'><strong>bene</strong></span> <span class='ocrx_word' id='word_1_386' title='bbox 1070 4752 1386 4805; x_wconf 66' lang='lat' dir='ltr'><strong>merendum</strong></span> <span class='ocrx_word' id='word_1_387' title='bbox 1433 4750 1499 4804; x_wconf 89' lang='lat' dir='ltr'><strong>de</strong></span> <span class='ocrx_word' id='word_1_388' title='bbox 1530 4750 1633 4803; x_wconf 91' lang='lat' dir='ltr'><strong>illis</strong></span> <span class='ocrx_word' id='word_1_389' title='bbox 1658 4766 1686 4803; x_wconf 88' lang='lat' dir='ltr'><strong>a</strong></span> <span class='ocrx_word' id='word_1_390' title='bbox 1715 4750 1908 4818; x_wconf 88' lang='lat' dir='ltr'><strong>quibus</strong></span> 
     </span>
    </p>
   </div>
   <div class='ocr_carea' id='block_1_50' title="bbox 306 4841 1907 4913">
    <p class='ocr_par' dir='ltr' id='par_1_50' title="bbox 306 4841 1907 4913">
     <span class='ocr_line' id='line_1_51' title="bbox 306 4841 1907 4913; baseline -0.001 -14"><span class='ocrx_word' id='word_1_391' title='bbox 306 4847 413 4902; x_wconf 64' lang='lat' dir='ltr'><strong>laesi</strong></span> <span class='ocrx_word' id='word_1_392' title='bbox 450 4844 694 4908; x_wconf 84' lang='lat' dir='ltr'><strong>fuissent,</strong></span> <span class='ocrx_word' id='word_1_393' title='bbox 722 4844 960 4897; x_wconf 86' lang='lat' dir='ltr'><strong>animum</strong></span> <span class='ocrx_word' id='word_1_394' title='bbox 1004 4843 1353 4913; x_wconf 84' lang='lat' dir='ltr'><strong>appellerent.</strong></span> <span class='ocrx_word' id='word_1_395' title='bbox 1399 4842 1550 4907; x_wconf 77' lang='lat' dir='ltr'><strong>Quod</strong></span> <span class='ocrx_word' id='word_1_396' title='bbox 1594 4841 1751 4911; x_wconf 88' lang='lat' dir='ltr'><strong>igitur</strong></span> <span class='ocrx_word' id='word_1_397' title='bbox 1789 4842 1907 4897; x_wconf 87' lang='lat' dir='ltr'><strong>illos</strong></span> 
     </span>
    </p>
   </div>
   <div class='ocr_carea' id='block_1_51' title="bbox 310 4933 1907 5006">
    <p class='ocr_par' dir='ltr' id='par_1_51' title="bbox 310 4933 1907 5006">
     <span class='ocr_line' id='line_1_52' title="bbox 310 4933 1907 5006; baseline -0.003 -15"><span class='ocrx_word' id='word_1_398' title='bbox 310 4936 636 5006; x_wconf 83' lang='lat' dir='ltr'><strong>refugientes</strong></span> <span class='ocrx_word' id='word_1_399' title='bbox 662 4978 678 5002; x_wconf 93' lang='lat'><strong>,</strong></span> <span class='ocrx_word' id='word_1_400' title='bbox 712 4950 853 5005; x_wconf 62' lang='lat' dir='ltr'><strong>aegre</strong></span> <span class='ocrx_word' id='word_1_401' title='bbox 879 4933 1135 4998; x_wconf 88' lang='lat' dir='ltr'><strong>ferentes,</strong></span> <span class='ocrx_word' id='word_1_402' title='bbox 1161 4946 1215 4989; x_wconf 91' lang='lat' dir='ltr'><strong>et</strong></span> <span class='ocrx_word' id='word_1_403' title='bbox 1245 4935 1324 4988; x_wconf 86' lang='lat' dir='ltr'><strong>vel</strong></span> <span class='ocrx_word' id='word_1_404' title='bbox 1354 4936 1512 4987; x_wconf 88' lang='lat' dir='ltr'><strong>etiam</strong></span> <span class='ocrx_word' id='word_1_405' title='bbox 1556 4935 1798 4988; x_wconf 89' lang='lat' dir='ltr'><strong>inimicos</strong></span> <span class='ocrx_word' id='word_1_406' title='bbox 1829 4935 1907 4987; x_wconf 91' lang='lat' dir='ltr'><strong>in-</strong></span> 
     </span>
    </p>
   </div>
   <div class='ocr_carea' id='block_1_52' title="bbox 306 5027 1908 5097">
    <p class='ocr_par' dir='ltr' id='par_1_52' title="bbox 306 5027 1908 5097">
     <span class='ocr_line' id='line_1_53' title="bbox 306 5027 1908 5097; baseline -0.001 -13"><span class='ocrx_word' id='word_1_407' title='bbox 306 5034 440 5085; x_wconf 89' lang='lat' dir='ltr'><strong>tueri</strong></span> <span class='ocrx_word' id='word_1_408' title='bbox 464 5030 828 5084; x_wconf 83' lang='lat' dir='ltr'><strong>detrectantes</strong></span> <span class='ocrx_word' id='word_1_409' title='bbox 872 5027 1089 5083; x_wconf 88' lang='lat' dir='ltr'><strong>flectere</strong></span> <span class='ocrx_word' id='word_1_410' title='bbox 1120 5030 1279 5083; x_wconf 82' lang='lat' dir='ltr'><strong>vellet</strong></span> <span class='ocrx_word' id='word_1_411' title='bbox 1300 5072 1312 5091; x_wconf 83' lang='lat'><strong>,</strong></span> <span class='ocrx_word' id='word_1_412' title='bbox 1346 5039 1503 5097; x_wconf 89' lang='lat' dir='ltr'><strong>atque</strong></span> <span class='ocrx_word' id='word_1_413' title='bbox 1550 5028 1616 5081; x_wconf 90' lang='lat' dir='ltr'><strong>ad</strong></span> <span class='ocrx_word' id='word_1_414' title='bbox 1646 5029 1763 5083; x_wconf 90' lang='lat' dir='ltr'><strong>illos</strong></span> <span class='ocrx_word' id='word_1_415' title='bbox 1791 5044 1908 5082; x_wconf 84' lang='lat' dir='ltr'><strong>ma-</strong></span> 
     </span>
    </p>
   </div>
   <div class='ocr_carea' id='block_1_53' title="bbox 308 5119 1909 5190">
    <p class='ocr_par' dir='ltr' id='par_1_53' title="bbox 308 5119 1909 5190">
     <span class='ocr_line' id='line_1_54' title="bbox 308 5119 1909 5190; baseline -0.001 -15"><span class='ocrx_word' id='word_1_416' title='bbox 308 5122 464 5175; x_wconf 89' lang='lat' dir='ltr'><strong>ximis</strong></span> <span class='ocrx_word' id='word_1_417' title='bbox 491 5119 766 5175; x_wconf 87' lang='lat' dir='ltr'><strong>beneficiis</strong></span> <span class='ocrx_word' id='word_1_418' title='bbox 792 5119 1142 5175; x_wconf 88' lang='lat' dir='ltr'><strong>cumulandos</strong></span> <span class='ocrx_word' id='word_1_419' title='bbox 1172 5121 1394 5173; x_wconf 87' lang='lat' dir='ltr'><strong>incitare</strong></span> <span class='ocrx_word' id='word_1_420' title='bbox 1414 5162 1426 5184; x_wconf 93' lang='lat'><strong>,</strong></span> <span class='ocrx_word' id='word_1_421' title='bbox 1452 5120 1743 5173; x_wconf 86' lang='lat' dir='ltr'><strong>carbonum</strong></span> <span class='ocrx_word' id='word_1_422' title='bbox 1774 5121 1909 5190; x_wconf 85' lang='lat' dir='ltr'><strong>ignis</strong></span> 
     </span>
    </p>
   </div>
   <div class='ocr_carea' id='block_1_54' title="bbox 307 5212 1909 5280">
    <p class='ocr_par' dir='ltr' id='par_1_54' title="bbox 307 5212 1909 5280">
     <span class='ocr_line' id='line_1_55' title="bbox 307 5212 1909 5280; baseline 0.002 -15"><span class='ocrx_word' id='word_1_423' title='bbox 307 5212 431 5267; x_wconf 84' lang='lat' dir='ltr'><strong>fecit</strong></span> <span class='ocrx_word' id='word_1_424' title='bbox 478 5213 843 5277; x_wconf 88' lang='lat' dir='ltr'><strong>mentionem,</strong></span> <span class='ocrx_word' id='word_1_425' title='bbox 878 5228 982 5265; x_wconf 92' lang='lat' dir='ltr'><strong>non</strong></span> <span class='ocrx_word' id='word_1_426' title='bbox 1024 5221 1079 5265; x_wconf 93' lang='lat' dir='ltr'><strong>ut</strong></span> <span class='ocrx_word' id='word_1_427' title='bbox 1130 5213 1181 5264; x_wconf 91' lang='lat' dir='ltr'><strong>in</strong></span> <span class='ocrx_word' id='word_1_428' title='bbox 1231 5213 1549 5280; x_wconf 88' lang='lat' dir='ltr'><strong>supplicium</strong></span> <span class='ocrx_word' id='word_1_429' title='bbox 1602 5212 1909 5269; x_wconf 78' lang='lat' dir='ltr'><strong>inevitabile</strong></span> 
     </span>
    </p>
   </div>
   <div class='ocr_carea' id='block_1_55' title="bbox 303 5302 1907 5372">
    <p class='ocr_par' dir='ltr' id='par_1_55' title="bbox 303 5302 1907 5372">
     <span class='ocr_line' id='line_1_56' title="bbox 303 5302 1907 5372; baseline -0.003 -11"><span class='ocrx_word' id='word_1_430' title='bbox 303 5307 428 5361; x_wconf 78' lang='lat' dir='ltr'><strong>illus</strong></span> <span class='ocrx_word' id='word_1_431' title='bbox 449 5302 760 5372; x_wconf 70' lang='lat' dir='ltr'><strong>conjicerct,</strong></span> <span class='ocrx_word' id='word_1_432' title='bbox 778 5303 869 5357; x_wconf 88' lang='lat' dir='ltr'><strong>sed</strong></span> <span class='ocrx_word' id='word_1_433' title='bbox 890 5314 945 5356; x_wconf 93' lang='lat' dir='ltr'><strong>ut</strong></span> <span class='ocrx_word' id='word_1_434' title='bbox 964 5318 1083 5357; x_wconf 91' lang='lat' dir='ltr'><strong>cum</strong></span> <span class='ocrx_word' id='word_1_435' title='bbox 1109 5303 1212 5357; x_wconf 90' lang='lat' dir='ltr'><strong>illis</strong></span> <span class='ocrx_word' id='word_1_436' title='bbox 1229 5304 1315 5371; x_wconf 91' lang='lat' dir='ltr'><strong>qui</strong></span> <span class='ocrx_word' id='word_1_437' title='bbox 1337 5305 1545 5358; x_wconf 89' lang='lat' dir='ltr'><strong>fuerant</strong></span> <span class='ocrx_word' id='word_1_438' title='bbox 1564 5303 1751 5372; x_wconf 86' lang='lat' dir='ltr'><strong>injuria</strong></span> <span class='ocrx_word' id='word_1_439' title='bbox 1775 5304 1907 5371; x_wconf 57' lang='lat' dir='ltr'><strong>laesi,</strong></span> 
     </span>
    </p>
   </div>
   <div class='ocr_carea' id='block_1_56' title="bbox 309 5395 1911 5467">
    <p class='ocr_par' dir='ltr' id='par_1_56' title="bbox 309 5395 1911 5467">
     <span class='ocr_line' id='line_1_57' title="bbox 309 5395 1911 5467; baseline 0.001 -18"><span class='ocrx_word' id='word_1_440' title='bbox 309 5396 660 5467; x_wconf 78' lang='lat' dir='ltr'><strong>perSuasisset</strong></span> <span class='ocrx_word' id='word_1_441' title='bbox 702 5395 1063 5464; x_wconf 81' lang='lat' dir='ltr'><strong>exspectando</strong></span> <span class='ocrx_word' id='word_1_442' title='bbox 1093 5396 1411 5463; x_wconf 79' lang='lat' dir='ltr'><strong>supplicium</strong></span> <span class='ocrx_word' id='word_1_443' title='bbox 1445 5396 1580 5450; x_wconf 85' lang='lat' dir='ltr'><strong>bene</strong></span> <span class='ocrx_word' id='word_1_444' title='bbox 1624 5396 1816 5449; x_wconf 83' lang='lat' dir='ltr'><strong>mereri</strong></span> <span class='ocrx_word' id='word_1_445' title='bbox 1844 5398 1911 5452; x_wconf 89' lang='lat' dir='ltr'><strong>de</strong></span> 
     </span>
    </p>
   </div>
   <div class='ocr_carea' id='block_1_57' title="bbox 309 5487 1909 5560">
    <p class='ocr_par' dir='ltr' id='par_1_57' title="bbox 309 5487 1909 5560">
     <span class='ocr_line' id='line_1_58' title="bbox 309 5487 1909 5560; baseline 0 -16"><span class='ocrx_word' id='word_1_446' title='bbox 309 5489 558 5552; x_wconf 88' lang='lat' dir='ltr'><strong>inimicis,</strong></span> <span class='ocrx_word' id='word_1_447' title='bbox 581 5487 793 5543; x_wconf 88' lang='lat' dir='ltr'><strong>tandem</strong></span> <span class='ocrx_word' id='word_1_448' title='bbox 826 5505 1104 5559; x_wconf 71' lang='lat' dir='ltr'><strong>progressu</strong></span> <span class='ocrx_word' id='word_1_449' title='bbox 1138 5490 1394 5558; x_wconf 79' lang='lat' dir='ltr'><strong>temporis</strong></span> <span class='ocrx_word' id='word_1_450' title='bbox 1424 5490 1584 5543; x_wconf 88' lang='lat' dir='ltr'><strong>etiam</strong></span> <span class='ocrx_word' id='word_1_451' title='bbox 1616 5489 1909 5560; x_wconf 85' lang='lat' dir='ltr'><strong>persuade-</strong></span> 
     </span>
    </p>
   </div>
   <div class='ocr_carea' id='block_1_58' title="bbox 310 5581 1393 5651">
    <p class='ocr_par' dir='ltr' id='par_1_58' title="bbox 310 5581 1393 5651">
     <span class='ocr_line' id='line_1_59' title="bbox 310 5581 1393 5651; baseline -0.001 -16"><span class='ocrx_word' id='word_1_452' title='bbox 310 5590 389 5635; x_wconf 87' lang='lat' dir='ltr'><strong>ret</strong></span> <span class='ocrx_word' id='word_1_453' title='bbox 412 5582 537 5646; x_wconf 85' lang='lat' dir='ltr'><strong>illis,</strong></span> <span class='ocrx_word' id='word_1_454' title='bbox 564 5589 623 5634; x_wconf 89' lang='grc' dir='ltr'><strong>ιιι</strong></span> <span class='ocrx_word' id='word_1_455' title='bbox 649 5581 779 5635; x_wconf 90' lang='lat' dir='ltr'><strong>iram</strong></span> <span class='ocrx_word' id='word_1_456' title='bbox 807 5596 1020 5636; x_wconf 88' lang='lat' dir='ltr'><strong>omnem</strong></span> <span class='ocrx_word' id='word_1_457' title='bbox 1046 5581 1393 5651; x_wconf 87' lang='lat' dir='ltr'><strong>deponerent.</strong></span> 
     </span>
    </p>
   </div>
   <div class='ocr_carea' id='block_1_59' title="bbox 378 5674 1904 5746">
    <p class='ocr_par' dir='ltr' id='par_1_59' title="bbox 378 5674 1904 5746">
     <span class='ocr_line' id='line_1_60' title="bbox 378 5674 1904 5746; baseline 0 -17"><span class='ocrx_word' id='word_1_458' title='bbox 378 5679 433 5729; x_wconf 81' lang='lat'><strong>6.</strong></span> <span class='ocrx_word' id='word_1_459' title='bbox 468 5680 641 5745; x_wconf 81' lang='lat' dir='ltr'><strong>Atque</strong></span> <span class='ocrx_word' id='word_1_460' title='bbox 668 5675 815 5729; x_wconf 90' lang='lat' dir='ltr'><strong>illum</strong></span> <span class='ocrx_word' id='word_1_461' title='bbox 844 5674 1057 5745; x_wconf 88' lang='lat' dir='ltr'><strong>quidem</strong></span> <span class='ocrx_word' id='word_1_462' title='bbox 1088 5676 1173 5746; x_wconf 90' lang='lat' dir='ltr'><strong>qui</strong></span> <span class='ocrx_word' id='word_1_463' title='bbox 1216 5691 1403 5744; x_wconf 87' lang='lat' dir='ltr'><strong>passus</strong></span> <span class='ocrx_word' id='word_1_464' title='bbox 1429 5676 1676 5745; x_wconf 82' lang='lat' dir='ltr'><strong>injuriam</strong></span> <span class='ocrx_word' id='word_1_465' title='bbox 1713 5675 1904 5740; x_wconf 83' lang='lat' dir='ltr'><strong>fuerat,</strong></span> 
     </span>
    </p>
   </div>
   <div class='ocr_carea' id='block_1_60' title="bbox 314 5771 1905 5841">
    <p class='ocr_par' dir='ltr' id='par_1_60' title="bbox 314 5771 1905 5841">
     <span class='ocr_line' id='line_1_61' title="bbox 314 5771 1905 5841; baseline 0.002 -18"><span class='ocrx_word' id='word_1_466' title='bbox 314 5772 386 5827; x_wconf 77' lang='lat' dir='ltr'><strong>sit:</strong></span> <span class='ocrx_word' id='word_1_467' title='bbox 440 5771 737 5841; x_wconf 72' lang='lat' dir='ltr'><strong>mitigavit;</strong></span> <span class='ocrx_word' id='word_1_468' title='bbox 776 5772 889 5825; x_wconf 68' lang='lat' dir='ltr'><strong>vide</strong></span> <span class='ocrx_word' id='word_1_469' title='bbox 922 5780 1098 5825; x_wconf 80' lang='lat' dir='ltr'><strong>autem</strong></span> <span class='ocrx_word' id='word_1_470' title='bbox 1123 5786 1227 5839; x_wconf 88' lang='lat' dir='ltr'><strong>quo</strong></span> <span class='ocrx_word' id='word_1_471' title='bbox 1253 5783 1405 5839; x_wconf 63' lang='lat' dir='ltr'><strong>pacto</strong></span> <span class='ocrx_word' id='word_1_472' title='bbox 1438 5772 1583 5826; x_wconf 89' lang='lat' dir='ltr'><strong>illutn</strong></span> <span class='ocrx_word' id='word_1_473' title='bbox 1625 5771 1783 5825; x_wconf 82' lang='lat' dir='ltr'><strong>etiam</strong></span> <span class='ocrx_word' id='word_1_474' title='bbox 1816 5774 1905 5841; x_wconf 82' lang='lat' dir='ltr'><strong>qut</strong></span> 
     </span>
    </p>
   </div>
   <div class='ocr_carea' id='block_1_61' title="bbox 3538 315 3642 371">
    <p class='ocr_par' dir='ltr' id='par_1_61' title="bbox 3538 315 3642 371">
     <span class='ocr_line' id='line_1_62' title="bbox 3538 315 3642 371; baseline 0 0"><span class='ocrx_word' id='word_1_475' title='bbox 3538 315 3642 371; x_wconf 63' lang='grc' dir='ltr'><strong>(Β</strong></span> 
     </span>
    </p>
   </div>
   <div class='ocr_carea' id='block_1_62' title="bbox 2033 410 3636 489">
    <p class='ocr_par' dir='ltr' id='par_1_62' title="bbox 2033 410 3636 489">
     <span class='ocr_line' id='line_1_63' title="bbox 2033 410 3636 489; baseline 0.016 -25"><span class='ocrx_word' id='word_1_476' title='bbox 2033 410 2282 477; x_wconf 82' lang='lat' dir='ltr'><strong>injuriam</strong></span> <span class='ocrx_word' id='word_1_477' title='bbox 2332 412 2621 479; x_wconf 81' lang='lat' dir='ltr'><strong>intulerat.</strong></span> <span class='ocrx_word' id='word_1_478' title='bbox 2664 431 2786 472; x_wconf 87' lang='lat' dir='ltr'><strong>cum</strong></span> <span class='ocrx_word' id='word_1_479' title='bbox 2840 418 2971 476; x_wconf 65' lang='lat' dir='ltr'><strong>laeso</strong></span> <span class='ocrx_word' id='word_1_480' title='bbox 3015 426 3341 483; x_wconf 77' lang='lat' dir='ltr'><strong>reconciliet.</strong></span> <span class='ocrx_word' id='word_1_481' title='bbox 3396 428 3636 489; x_wconf 75' lang='lat' dir='ltr'><strong>Primum</strong></span> 
     </span>
    </p>
   </div>
   <div class='ocr_carea' id='block_1_63' title="bbox 2028 500 3638 589">
    <p class='ocr_par' dir='ltr' id='par_1_63' title="bbox 2028 500 3638 589">
     <span class='ocr_line' id='line_1_64' title="bbox 2028 500 3638 589; baseline 0.016 -35"><span class='ocrx_word' id='word_1_482' title='bbox 2028 500 2245 572; x_wconf 87' lang='lat' dir='ltr'><strong>quidem</strong></span> <span class='ocrx_word' id='word_1_483' title='bbox 2274 502 2390 573; x_wconf 86' lang='lat' dir='ltr'><strong>ipso</strong></span> <span class='ocrx_word' id='word_1_484' title='bbox 2410 518 2612 575; x_wconf 82' lang='lat' dir='ltr'><strong>genere</strong></span> <span class='ocrx_word' id='word_1_485' title='bbox 2641 505 2887 565; x_wconf 84' lang='lat' dir='ltr'><strong>beneficii</strong></span> <span class='ocrx_word' id='word_1_486' title='bbox 2913 528 2929 566; x_wconf 89' lang='lat'><strong>:</strong></span> <span class='ocrx_word' id='word_1_487' title='bbox 2961 512 3141 570; x_wconf 87' lang='lat' dir='ltr'><strong>nullus</strong></span> <span class='ocrx_word' id='word_1_488' title='bbox 3161 518 3437 589; x_wconf 72' lang='lat' dir='ltr'><strong>enim,tam</strong></span> <span class='ocrx_word' id='word_1_489' title='bbox 3470 525 3638 581; x_wconf 83' lang='lat' dir='ltr'><strong>miser</strong></span> 
     </span>
    </p>
   </div>
   <div class='ocr_carea' id='block_1_64' title="bbox 2028 590 3633 678">
    <p class='ocr_par' dir='ltr' id='par_1_64' title="bbox 2028 590 3633 678">
     <span class='ocr_line' id='line_1_65' title="bbox 2028 590 3633 678; baseline 0.016 -34"><span class='ocrx_word' id='word_1_490' title='bbox 2028 600 2080 645; x_wconf 90' lang='lat' dir='ltr'><strong>et</strong></span> <span class='ocrx_word' id='word_1_491' title='bbox 2112 590 2360 662; x_wconf 85' lang='lat' dir='ltr'><strong>stupidus</strong></span> <span class='ocrx_word' id='word_1_492' title='bbox 2398 604 2502 656; x_wconf 85' lang='lat' dir='ltr'><strong>est.</strong></span> <span class='ocrx_word' id='word_1_493' title='bbox 2532 598 2624 666; x_wconf 85' lang='lat' dir='ltr'><strong>qui</strong></span> <span class='ocrx_word' id='word_1_494' title='bbox 2671 606 2883 668; x_wconf 85' lang='lat' dir='ltr'><strong>potatus</strong></span> <span class='ocrx_word' id='word_1_495' title='bbox 2922 616 2987 657; x_wconf 86' lang='lat' dir='ltr'><strong>ac</strong></span> <span class='ocrx_word' id='word_1_496' title='bbox 3024 604 3148 659; x_wconf 70' lang='lat' dir='ltr'><strong>(‘ilIO</strong></span> <span class='ocrx_word' id='word_1_497' title='bbox 3197 606 3431 665; x_wconf 84' lang='lat' dir='ltr'><strong>refectus</strong></span> <span class='ocrx_word' id='word_1_498' title='bbox 3458 652 3475 678; x_wconf 91' lang='lat'><strong>,</strong></span> <span class='ocrx_word' id='word_1_499' title='bbox 3506 618 3633 669; x_wconf 90' lang='lat' dir='ltr'><strong>nolit</strong></span> 
     </span>
    </p>
   </div>
   <div class='ocr_carea' id='block_1_65' title="bbox 2027 679 3645 762">
    <p class='ocr_par' dir='ltr' id='par_1_65' title="bbox 2027 679 3645 762">
     <span class='ocr_line' id='line_1_66' title="bbox 2027 679 3645 762; baseline 0.017 -29"><span class='ocrx_word' id='word_1_500' title='bbox 2027 679 2148 751; x_wconf 88' lang='lat' dir='ltr'><strong>ejus</strong></span> <span class='ocrx_word' id='word_1_501' title='bbox 2175 680 2289 736; x_wconf 85' lang='lat' dir='ltr'><strong>fieri</strong></span> <span class='ocrx_word' id='word_1_502' title='bbox 2317 698 2508 739; x_wconf 83' lang='lat' dir='ltr'><strong>servus</strong></span> <span class='ocrx_word' id='word_1_503' title='bbox 2530 696 2587 742; x_wconf 85' lang='lat' dir='ltr'><strong>et</strong></span> <span class='ocrx_word' id='word_1_504' title='bbox 2614 688 2842 753; x_wconf 86' lang='lat' dir='ltr'><strong>amicus,</strong></span> <span class='ocrx_word' id='word_1_505' title='bbox 2874 704 2904 744; x_wconf 89' lang='lat' dir='ltr'><strong>a</strong></span> <span class='ocrx_word' id='word_1_506' title='bbox 2930 702 3037 762; x_wconf 85' lang='lat' dir='ltr'><strong>quo</strong></span> <span class='ocrx_word' id='word_1_507' title='bbox 3059 693 3111 749; x_wconf 90' lang='lat' dir='ltr'><strong>in</strong></span> <span class='ocrx_word' id='word_1_508' title='bbox 3140 695 3285 751; x_wconf 89' lang='lat' dir='ltr'><strong>illum</strong></span> <span class='ocrx_word' id='word_1_509' title='bbox 3309 698 3408 754; x_wconf 87' lang='lat' dir='ltr'><strong>ista</strong></span> <span class='ocrx_word' id='word_1_510' title='bbox 3437 702 3645 761; x_wconf 82' lang='lat' dir='ltr'><strong>collata</strong></span> 
     </span>
    </p>
   </div>
   <div class='ocr_carea' id='block_1_66' title="bbox 2026 776 3627 866">
    <p class='ocr_par' dir='ltr' id='par_1_66' title="bbox 2026 776 3627 866">
     <span class='ocr_line' id='line_1_67' title="bbox 2026 776 3627 866; baseline 0.015 -39"><span class='ocrx_word' id='word_1_511' title='bbox 2026 784 2190 829; x_wconf 90' lang='lat' dir='ltr'><strong>sunt:</strong></span> <span class='ocrx_word' id='word_1_512' title='bbox 2223 776 2419 832; x_wconf 88' lang='lat' dir='ltr'><strong>deinde</strong></span> <span class='ocrx_word' id='word_1_513' title='bbox 2440 795 2569 833; x_wconf 79' lang='lat' dir='ltr'><strong>vero</strong></span> <span class='ocrx_word' id='word_1_514' title='bbox 2605 782 2851 851; x_wconf 82' lang='lat' dir='ltr'><strong>supplicii</strong></span> <span class='ocrx_word' id='word_1_515' title='bbox 2880 794 3044 841; x_wconf 88' lang='lat' dir='ltr'><strong>metu.</strong></span> <span class='ocrx_word' id='word_1_516' title='bbox 3094 786 3227 844; x_wconf 71' lang='lat' dir='ltr'><strong>Nam</strong></span> <span class='ocrx_word' id='word_1_517' title='bbox 3265 791 3477 848; x_wconf 85' lang='lat' dir='ltr'><strong>videtur</strong></span> <span class='ocrx_word' id='word_1_518' title='bbox 3516 798 3627 866; x_wconf 83' lang='lat' dir='ltr'><strong>qui-</strong></span> 
     </span>
    </p>
   </div>
   <div class='ocr_carea' id='block_1_67' title="bbox 2023 866 3639 957">
    <p class='ocr_par' dir='ltr' id='par_1_67' title="bbox 2023 866 3639 957">
     <span class='ocr_line' id='line_1_68' title="bbox 2023 866 3639 957; baseline 0.014 -37"><span class='ocrx_word' id='word_1_519' title='bbox 2023 866 2146 921; x_wconf 90' lang='lat' dir='ltr'><strong>dem</strong></span> <span class='ocrx_word' id='word_1_520' title='bbox 2170 868 2422 923; x_wconf 85' lang='lat' dir='ltr'><strong>iusectari</strong></span> <span class='ocrx_word' id='word_1_521' title='bbox 2452 886 2575 925; x_wconf 90' lang='lat' dir='ltr'><strong>eum</strong></span> <span class='ocrx_word' id='word_1_522' title='bbox 2602 874 2697 944; x_wconf 82' lang='lat' dir='ltr'><strong>qui</strong></span> <span class='ocrx_word' id='word_1_523' title='bbox 2722 874 2897 942; x_wconf 88' lang='lat' dir='ltr'><strong>cibat,</strong></span> <span class='ocrx_word' id='word_1_524' title='bbox 2925 877 3054 933; x_wconf 88' lang='lat' dir='ltr'><strong>dum</strong></span> <span class='ocrx_word' id='word_1_525' title='bbox 3102 881 3178 935; x_wconf 89' lang='lat' dir='ltr'><strong>ait</strong></span> <span class='ocrx_word' id='word_1_526' title='bbox 3207 900 3220 937; x_wconf 93' lang='lat'>:</span> <span class='ocrx_word' id='word_1_527' title='bbox 3251 881 3365 937; x_wconf 76' lang='lat' dir='ltr'><strong>Hoc</strong></span> <span class='ocrx_word' id='word_1_528' title='bbox 3388 888 3522 943; x_wconf 71' lang='lat' dir='ltr'><strong>enim</strong></span> <span class='ocrx_word' id='word_1_529' title='bbox 3548 893 3639 957; x_wconf 74' lang='lat' dir='ltr'><strong>fa-</strong></span> 
     </span>
    </p>
   </div>
   <div class='ocr_carea' id='block_1_68' title="bbox 2021 957 3637 1045">
    <p class='ocr_par' dir='ltr' id='par_1_68' title="bbox 2021 957 3637 1045">
     <span class='ocr_line' id='line_1_69' title="bbox 2021 957 3637 1045; baseline 0.015 -34"><span class='ocrx_word' id='word_1_530' title='bbox 2021 957 2160 1013; x_wconf 72' lang='lat' dir='ltr'><strong>ciens</strong></span> <span class='ocrx_word' id='word_1_531' title='bbox 2178 959 2421 1015; x_wconf 72' lang='lat' dir='ltr'><strong>carbones</strong></span> <span class='ocrx_word' id='word_1_532' title='bbox 2440 962 2573 1033; x_wconf 75' lang='lat' dir='ltr'><strong>ignis</strong></span> <span class='ocrx_word' id='word_1_533' title='bbox 2592 980 2831 1036; x_wconf 64' lang='lat' dir='ltr'><strong>mperes</strong></span> <span class='ocrx_word' id='word_1_534' title='bbox 2855 983 3013 1037; x_wconf 71' lang='lat' dir='ltr'><strong>super</strong></span> <span class='ocrx_word' id='word_1_535' title='bbox 3036 982 3193 1038; x_wconf 74' lang='lat' dir='ltr'><strong>caput</strong></span> <span class='ocrx_word' id='word_1_536' title='bbox 3212 976 3323 1045; x_wconf 71' lang='lat' dir='ltr'><strong>ejus</strong></span> <span class='ocrx_word' id='word_1_537' title='bbox 3344 991 3365 1030; x_wconf 90' lang='lat'><strong><em>:</em></strong></span> <span class='ocrx_word' id='word_1_538' title='bbox 3385 977 3480 1033; x_wconf 82' lang='lat' dir='ltr'><strong>sed</strong></span> <span class='ocrx_word' id='word_1_539' title='bbox 3507 991 3637 1037; x_wconf 75' lang='lat' dir='ltr'><strong>eum</strong></span> 
     </span>
    </p>
   </div>
   <div class='ocr_carea' id='block_1_69' title="bbox 2019 1049 3641 1134">
    <p class='ocr_par' dir='ltr' id='par_1_69' title="bbox 2019 1049 3641 1134">
     <span class='ocr_line' id='line_1_70' title="bbox 2019 1049 3641 1134; baseline 0.015 -35"><span class='ocrx_word' id='word_1_540' title='bbox 2019 1049 2110 1117; x_wconf 86' lang='lat' dir='ltr'><strong>qui</strong></span> <span class='ocrx_word' id='word_1_541' title='bbox 2144 1049 2283 1105; x_wconf 70' lang='lat' dir='ltr'><strong>Imsit</strong></span> <span class='ocrx_word' id='word_1_542' title='bbox 2308 1053 2624 1123; x_wconf 82' lang='lat' dir='ltr'><strong>perstringit</strong></span> <span class='ocrx_word' id='word_1_543' title='bbox 2652 1056 2921 1123; x_wconf 87' lang='lat' dir='ltr'><strong>maxime,</strong></span> <span class='ocrx_word' id='word_1_544' title='bbox 2951 1068 3010 1114; x_wconf 93' lang='lat' dir='ltr'><strong>ut</strong></span> <span class='ocrx_word' id='word_1_545' title='bbox 3038 1061 3199 1131; x_wconf 86' lang='lat' dir='ltr'><strong>hujus</strong></span> <span class='ocrx_word' id='word_1_546' title='bbox 3233 1080 3406 1134; x_wconf 63' lang='lat' dir='ltr'><strong>pum:</strong></span> <span class='ocrx_word' id='word_1_547' title='bbox 3440 1069 3641 1123; x_wconf 86' lang='lat' dir='ltr'><strong>timore</strong></span> 
     </span>
    </p>
   </div>
   <div class='ocr_carea' id='block_1_70' title="bbox 2024 1142 3636 1227">
    <p class='ocr_par' dir='ltr' id='par_1_70' title="bbox 2024 1142 3636 1227">
     <span class='ocr_line' id='line_1_71' title="bbox 2024 1142 3636 1227; baseline 0.015 -33"><span class='ocrx_word' id='word_1_548' title='bbox 2024 1142 2303 1210; x_wconf 85' lang='lat' dir='ltr'><strong>perculsus</strong></span> <span class='ocrx_word' id='word_1_549' title='bbox 2352 1154 2641 1213; x_wconf 83' lang='lat' dir='ltr'><strong>perpetuas</strong></span> <span class='ocrx_word' id='word_1_550' title='bbox 2685 1147 2990 1207; x_wconf 82' lang='lat' dir='ltr'><strong>inimicitias</strong></span> <span class='ocrx_word' id='word_1_551' title='bbox 3038 1153 3261 1212; x_wconf 88' lang='lat' dir='ltr'><strong>minime</strong></span> <span class='ocrx_word' id='word_1_552' title='bbox 3292 1156 3503 1227; x_wconf 80' lang='lat' dir='ltr'><strong>foveat,</strong></span> <span class='ocrx_word' id='word_1_553' title='bbox 3537 1162 3636 1219; x_wconf 83' lang='lat' dir='ltr'><strong>sed</strong></span> 
     </span>
    </p>
   </div>
   <div class='ocr_carea' id='block_1_71' title="bbox 2021 1234 3633 1322">
    <p class='ocr_par' dir='ltr' id='par_1_71' title="bbox 2021 1234 3633 1322">
     <span class='ocr_line' id='line_1_72' title="bbox 2021 1234 3633 1322; baseline 0.014 -35"><span class='ocrx_word' id='word_1_554' title='bbox 2021 1234 2329 1305; x_wconf 83' lang='lat' dir='ltr'><strong>intelligens</strong></span> <span class='ocrx_word' id='word_1_555' title='bbox 2358 1235 2490 1291; x_wconf 86' lang='lat' dir='ltr'><strong>fore</strong></span> <span class='ocrx_word' id='word_1_556' title='bbox 2513 1280 2528 1306; x_wconf 94' lang='lat'><strong>,</strong></span> <span class='ocrx_word' id='word_1_557' title='bbox 2566 1247 2625 1294; x_wconf 92' lang='grc' dir='ltr'><strong>ιιι</strong></span> <span class='ocrx_word' id='word_1_558' title='bbox 2669 1243 2908 1304; x_wconf 76' lang='lat' dir='ltr'><strong>maxime</strong></span> <span class='ocrx_word' id='word_1_559' title='bbox 2947 1243 3217 1303; x_wconf 88' lang='lat' dir='ltr'><strong>afficiatur</strong></span> <span class='ocrx_word' id='word_1_560' title='bbox 3264 1248 3591 1310; x_wconf 85' lang='lat' dir='ltr'><strong>detrimento</strong></span> <span class='ocrx_word' id='word_1_561' title='bbox 3616 1297 3633 1322; x_wconf 90' lang='lat'><strong>,</strong></span> 
     </span>
    </p>
   </div>
   <div class='ocr_carea' id='block_1_72' title="bbox 2019 1325 3637 1415">
    <p class='ocr_par' dir='ltr' id='par_1_72' title="bbox 2019 1325 3637 1415">
     <span class='ocr_line' id='line_1_73' title="bbox 2019 1325 3637 1415; baseline 0.016 -37"><span class='ocrx_word' id='word_1_562' title='bbox 2019 1325 2164 1395; x_wconf 82' lang='lat' dir='ltr'><strong>quod</strong></span> <span class='ocrx_word' id='word_1_563' title='bbox 2202 1328 2411 1385; x_wconf 82' lang='lat' dir='ltr'><strong>cibatus</strong></span> <span class='ocrx_word' id='word_1_564' title='bbox 2439 1345 2503 1387; x_wconf 89' lang='lat' dir='ltr'><strong>ac</strong></span> <span class='ocrx_word' id='word_1_565' title='bbox 2529 1342 2743 1401; x_wconf 86' lang='lat' dir='ltr'><strong>potatus</strong></span> <span class='ocrx_word' id='word_1_566' title='bbox 2771 1331 2968 1406; x_wconf 72' lang='lat' dir='ltr'><strong>fuerit,</strong></span> <span class='ocrx_word' id='word_1_567' title='bbox 2994 1338 3051 1415; x_wconf 87' lang='lat' dir='ltr'><strong>si</strong></span> <span class='ocrx_word' id='word_1_568' title='bbox 3079 1354 3296 1414; x_wconf 89' lang='lat' dir='ltr'><strong>semper</strong></span> <span class='ocrx_word' id='word_1_569' title='bbox 3324 1343 3637 1404; x_wconf 80' lang='lat' dir='ltr'><strong>inimicitias</strong></span> 
     </span>
    </p>
   </div>
   <div class='ocr_carea' id='block_1_73' title="bbox 2019 1420 3635 1507">
    <p class='ocr_par' dir='ltr' id='par_1_73' title="bbox 2019 1420 3635 1507">
     <span class='ocr_line' id='line_1_74' title="bbox 2019 1420 3635 1507; baseline 0.014 -34"><span class='ocrx_word' id='word_1_570' title='bbox 2019 1430 2290 1486; x_wconf 88' lang='lat' dir='ltr'><strong>exerceat,</strong></span> <span class='ocrx_word' id='word_1_571' title='bbox 2319 1420 2453 1476; x_wconf 88' lang='lat' dir='ltr'><strong>iram</strong></span> <span class='ocrx_word' id='word_1_572' title='bbox 2479 1422 2733 1495; x_wconf 87' lang='lat' dir='ltr'><strong>deponat.</strong></span> <span class='ocrx_word' id='word_1_573' title='bbox 2763 1427 2854 1483; x_wconf 84' lang='lat' dir='ltr'><strong>Sic</strong></span> <span class='ocrx_word' id='word_1_574' title='bbox 2874 1444 3105 1502; x_wconf 84' lang='lat' dir='ltr'><strong>namque</strong></span> <span class='ocrx_word' id='word_1_575' title='bbox 3128 1435 3321 1503; x_wconf 88' lang='lat' dir='ltr'><strong>poterit</strong></span> <span class='ocrx_word' id='word_1_576' title='bbox 3349 1436 3489 1507; x_wconf 88' lang='lat' dir='ltr'><strong>ignis</strong></span> <span class='ocrx_word' id='word_1_577' title='bbox 3513 1455 3635 1495; x_wconf 86' lang='lat' dir='ltr'><strong>car-</strong></span> 
     </span>
    </p>
   </div>
   <div class='ocr_carea' id='block_1_74' title="bbox 2022 1512 3633 1604">
    <p class='ocr_par' dir='ltr' id='par_1_74' title="bbox 2022 1512 3633 1604">
     <span class='ocr_line' id='line_1_75' title="bbox 2022 1512 3633 1604; baseline 0.013 -36"><span class='ocrx_word' id='word_1_578' title='bbox 2022 1512 2189 1568; x_wconf 89' lang='lat' dir='ltr'><strong>bones</strong></span> <span class='ocrx_word' id='word_1_579' title='bbox 2206 1516 2565 1586; x_wconf 87' lang='lat' dir='ltr'><strong>exstinguere.</strong></span> <span class='ocrx_word' id='word_1_580' title='bbox 2596 1518 2774 1589; x_wconf 88' lang='lat' dir='ltr'><strong>Itaque</strong></span> <span class='ocrx_word' id='word_1_581' title='bbox 2793 1535 2949 1590; x_wconf 75' lang='lat' dir='ltr'><strong>pmna</strong></span> <span class='ocrx_word' id='word_1_582' title='bbox 2974 1533 3027 1580; x_wconf 92' lang='lat' dir='ltr'><strong>et</strong></span> <span class='ocrx_word' id='word_1_583' title='bbox 3049 1526 3369 1596; x_wconf 86' lang='lat' dir='ltr'><strong>supplicium</strong></span> <span class='ocrx_word' id='word_1_584' title='bbox 3388 1536 3633 1604; x_wconf 82' lang='lat' dir='ltr'><strong>proposi-</strong></span> 
     </span>
    </p>
   </div>
   <div class='ocr_carea' id='block_1_75' title="bbox 2022 1608 3636 1685">
    <p class='ocr_par' dir='ltr' id='par_1_75' title="bbox 2022 1608 3636 1685">
     <span class='ocr_line' id='line_1_76' title="bbox 2022 1608 3636 1685; baseline 0.014 -26"><span class='ocrx_word' id='word_1_585' title='bbox 2022 1614 2134 1659; x_wconf 89' lang='lat' dir='ltr'><strong>tum</strong></span> <span class='ocrx_word' id='word_1_586' title='bbox 2158 1616 2265 1661; x_wconf 91' lang='lat' dir='ltr'><strong>tum</strong></span> <span class='ocrx_word' id='word_1_587' title='bbox 2279 1623 2402 1664; x_wconf 88' lang='lat' dir='ltr'><strong>eum</strong></span> <span class='ocrx_word' id='word_1_588' title='bbox 2422 1610 2511 1679; x_wconf 86' lang='lat' dir='ltr'><strong>qui</strong></span> <span class='ocrx_word' id='word_1_589' title='bbox 2534 1608 2754 1667; x_wconf 78' lang='lat' dir='ltr'><strong>aﬂ&#39;ectus</strong></span> <span class='ocrx_word' id='word_1_590' title='bbox 2769 1620 2857 1668; x_wconf 86' lang='lat' dir='ltr'><strong>est</strong></span> <span class='ocrx_word' id='word_1_591' title='bbox 2868 1614 3059 1685; x_wconf 79' lang='lat' dir='ltr'><strong>injuria</strong></span> <span class='ocrx_word' id='word_1_592' title='bbox 3077 1616 3145 1673; x_wconf 84' lang='lat' dir='ltr'><strong>ad</strong></span> <span class='ocrx_word' id='word_1_593' title='bbox 3166 1618 3485 1678; x_wconf 87' lang='lat' dir='ltr'><strong>beneficium</strong></span> <span class='ocrx_word' id='word_1_594' title='bbox 3502 1640 3636 1681; x_wconf 81' lang='lat' dir='ltr'><strong>eon-</strong></span> 
     </span>
    </p>
   </div>
   <div class='ocr_carea' id='block_1_76' title="bbox 2020 1696 3626 1785">
    <p class='ocr_par' dir='ltr' id='par_1_76' title="bbox 2020 1696 3626 1785">
     <span class='ocr_line' id='line_1_77' title="bbox 2020 1696 3626 1785; baseline 0.013 -33"><span class='ocrx_word' id='word_1_595' title='bbox 2020 1696 2301 1754; x_wconf 89' lang='lat' dir='ltr'><strong>fcrendmn</strong></span> <span class='ocrx_word' id='word_1_596' title='bbox 2333 1701 2524 1756; x_wconf 90' lang='lat' dir='ltr'><strong>invitat</strong></span> <span class='ocrx_word' id='word_1_597' title='bbox 2549 1701 2600 1756; x_wconf 92' lang='lat' dir='ltr'><strong>iu</strong></span> <span class='ocrx_word' id='word_1_598' title='bbox 2628 1718 2751 1758; x_wconf 92' lang='lat' dir='ltr'><strong>eum</strong></span> <span class='ocrx_word' id='word_1_599' title='bbox 2774 1707 2864 1776; x_wconf 89' lang='lat' dir='ltr'><strong>qui</strong></span> <span class='ocrx_word' id='word_1_600' title='bbox 2884 1707 3059 1773; x_wconf 63' lang='lat' dir='ltr'><strong>laisit,</strong></span> <span class='ocrx_word' id='word_1_601' title='bbox 3088 1717 3201 1765; x_wconf 89' lang='lat' dir='ltr'><strong>tum</strong></span> <span class='ocrx_word' id='word_1_602' title='bbox 3231 1726 3359 1769; x_wconf 87' lang='lat' dir='ltr'><strong>eum</strong></span> <span class='ocrx_word' id='word_1_603' title='bbox 3382 1716 3470 1785; x_wconf 90' lang='lat' dir='ltr'><strong>qui</strong></span> <span class='ocrx_word' id='word_1_604' title='bbox 3503 1717 3626 1773; x_wconf 84' lang='lat' dir='ltr'><strong>irri-</strong></span> 
     </span>
    </p>
   </div>
   <div class='ocr_carea' id='block_1_77' title="bbox 2026 1787 3631 1867">
    <p class='ocr_par' dir='ltr' id='par_1_77' title="bbox 2026 1787 3631 1867">
     <span class='ocr_line' id='line_1_78' title="bbox 2026 1787 3631 1867; baseline 0.016 -27"><span class='ocrx_word' id='word_1_605' title='bbox 2026 1787 2156 1842; x_wconf 86' lang='lat' dir='ltr'><strong>tavit</strong></span> <span class='ocrx_word' id='word_1_606' title='bbox 2187 1797 2352 1845; x_wconf 89' lang='lat' dir='ltr'><strong>terret</strong></span> <span class='ocrx_word' id='word_1_607' title='bbox 2373 1799 2429 1846; x_wconf 92' lang='lat' dir='ltr'><strong>et</strong></span> <span class='ocrx_word' id='word_1_608' title='bbox 2451 1793 2675 1862; x_wconf 76' lang='lat' dir='ltr'><strong>excitat,</strong></span> <span class='ocrx_word' id='word_1_609' title='bbox 2702 1804 2864 1867; x_wconf 88' lang='lat' dir='ltr'><strong>atque</strong></span> <span class='ocrx_word' id='word_1_610' title='bbox 2893 1797 2959 1852; x_wconf 91' lang='lat' dir='ltr'><strong>ad</strong></span> <span class='ocrx_word' id='word_1_611' title='bbox 2983 1803 3479 1862; x_wconf 85' lang='lat' dir='ltr'><strong>reconciliationem</strong></span> <span class='ocrx_word' id='word_1_612' title='bbox 3507 1823 3631 1866; x_wconf 87' lang='lat' dir='ltr'><strong>cum</strong></span> 
     </span>
    </p>
   </div>
   <div class='ocr_carea' id='block_1_78' title="bbox 2021 1882 3635 1973">
    <p class='ocr_par' dir='ltr' id='par_1_78' title="bbox 2021 1882 3635 1973">
     <span class='ocr_line' id='line_1_79' title="bbox 2021 1882 3635 1973; baseline 0.012 -36"><span class='ocrx_word' id='word_1_613' title='bbox 2021 1895 2089 1937; x_wconf 85' lang='lat' dir='ltr'><strong>eo</strong></span> <span class='ocrx_word' id='word_1_614' title='bbox 2130 1882 2219 1951; x_wconf 91' lang='lat' dir='ltr'><strong>qui</strong></span> <span class='ocrx_word' id='word_1_615' title='bbox 2268 1884 2390 1938; x_wconf 87' lang='lat' dir='ltr'><strong>cibo</strong></span> <span class='ocrx_word' id='word_1_616' title='bbox 2420 1884 2609 1941; x_wconf 88' lang='lat' dir='ltr'><strong>refecit</strong></span> <span class='ocrx_word' id='word_1_617' title='bbox 2632 1902 2695 1942; x_wconf 90' lang='lat' dir='ltr'><strong>ac</strong></span> <span class='ocrx_word' id='word_1_618' title='bbox 2726 1890 2950 1958; x_wconf 81' lang='lat' dir='ltr'><strong>potavit,</strong></span> <span class='ocrx_word' id='word_1_619' title='bbox 2983 1891 3229 1963; x_wconf 89' lang='lat' dir='ltr'><strong>Impellit.</strong></span> <span class='ocrx_word' id='word_1_620' title='bbox 3266 1895 3474 1968; x_wconf 88' lang='lat' dir='ltr'><strong>Duplici</strong></span> <span class='ocrx_word' id='word_1_621' title='bbox 3502 1914 3635 1973; x_wconf 88' lang='lat' dir='ltr'><strong>ergo</strong></span> 
     </span>
    </p>
   </div>
   <div class='ocr_carea' id='block_1_79' title="bbox 2022 1975 3630 2065">
    <p class='ocr_par' dir='ltr' id='par_1_79' title="bbox 2022 1975 3630 2065">
     <span class='ocr_line' id='line_1_80' title="bbox 2022 1975 3630 2065; baseline 0.012 -38"><span class='ocrx_word' id='word_1_622' title='bbox 2022 1975 2234 2031; x_wconf 90' lang='lat' dir='ltr'><strong>vinculo</strong></span> <span class='ocrx_word' id='word_1_623' title='bbox 2273 1978 2463 2033; x_wconf 87' lang='lat' dir='ltr'><strong>ambos</strong></span> <span class='ocrx_word' id='word_1_624' title='bbox 2508 1979 2646 2034; x_wconf 83' lang='lat' dir='ltr'><strong>inter</strong></span> <span class='ocrx_word' id='word_1_625' title='bbox 2674 1996 2735 2036; x_wconf 87' lang='lat' dir='ltr'><strong>se</strong></span> <span class='ocrx_word' id='word_1_626' title='bbox 2779 1984 3088 2052; x_wconf 86' lang='lat' dir='ltr'><strong>copulavit,</strong></span> <span class='ocrx_word' id='word_1_627' title='bbox 3120 1987 3292 2044; x_wconf 86' lang='lat' dir='ltr'><strong>altero</strong></span> <span class='ocrx_word' id='word_1_628' title='bbox 3342 1990 3630 2065; x_wconf 87' lang='lat' dir='ltr'><strong>beneficii,</strong></span> 
     </span>
    </p>
   </div>
   <div class='ocr_carea' id='block_1_80' title="bbox 2020 2066 3633 2159">
    <p class='ocr_par' dir='ltr' id='par_1_80' title="bbox 2020 2066 3633 2159">
     <span class='ocr_line' id='line_1_81' title="bbox 2020 2066 3633 2159; baseline 0.015 -40"><span class='ocrx_word' id='word_1_629' title='bbox 2020 2066 2193 2122; x_wconf 89' lang='lat' dir='ltr'><strong>altero</strong></span> <span class='ocrx_word' id='word_1_630' title='bbox 2238 2070 2507 2140; x_wconf 89' lang='lat' dir='ltr'><strong>supplicii.</strong></span> <span class='ocrx_word' id='word_1_631' title='bbox 2564 2070 2794 2129; x_wconf 88' lang='lat' dir='ltr'><strong>Difficile</strong></span> <span class='ocrx_word' id='word_1_632' title='bbox 2825 2078 3024 2147; x_wconf 88' lang='lat' dir='ltr'><strong>quippe</strong></span> <span class='ocrx_word' id='word_1_633' title='bbox 3059 2090 3141 2135; x_wconf 88' lang='lat' dir='ltr'><strong>est</strong></span> <span class='ocrx_word' id='word_1_634' title='bbox 3171 2082 3437 2153; x_wconf 90' lang='lat' dir='ltr'><strong>incipere,</strong></span> <span class='ocrx_word' id='word_1_635' title='bbox 3471 2096 3633 2159; x_wconf 86' lang='lat' dir='ltr'><strong>atque</strong></span> 
     </span>
    </p>
   </div>
   <div class='ocr_carea' id='block_1_81' title="bbox 2021 2159 3633 2247">
    <p class='ocr_par' dir='ltr' id='par_1_81' title="bbox 2021 2159 3633 2247">
     <span class='ocr_line' id='line_1_82' title="bbox 2021 2159 3633 2247; baseline 0.016 -36"><span class='ocrx_word' id='word_1_636' title='bbox 2021 2159 2224 2214; x_wconf 87' lang='lat' dir='ltr'><strong>aditum</strong></span> <span class='ocrx_word' id='word_1_637' title='bbox 2258 2163 2945 2231; x_wconf 81' lang='lat' dir='ltr'><strong>invenirereconciliationi</strong></span> <span class='ocrx_word' id='word_1_638' title='bbox 2979 2189 2991 2223; x_wconf 91' lang='lat'><strong>:</strong></span> <span class='ocrx_word' id='word_1_639' title='bbox 3027 2171 3113 2227; x_wconf 84' lang='lat' dir='ltr'><strong>ubi</strong></span> <span class='ocrx_word' id='word_1_640' title='bbox 3138 2189 3269 2230; x_wconf 88' lang='lat' dir='ltr'><strong>vero</strong></span> <span class='ocrx_word' id='word_1_641' title='bbox 3298 2188 3485 2247; x_wconf 68' lang='lat' dir='ltr'><strong>aperta</strong></span> <span class='ocrx_word' id='word_1_642' title='bbox 3512 2180 3633 2237; x_wconf 75' lang='lat' dir='ltr'><strong>luce</strong></span> 
     </span>
    </p>
   </div>
   <div class='ocr_carea' id='block_1_82' title="bbox 2019 2256 3631 2331">
    <p class='ocr_par' dir='ltr' id='par_1_82' title="bbox 2019 2256 3631 2331">
     <span class='ocr_line' id='line_1_83' title="bbox 2019 2256 3631 2331; baseline 0.014 -27"><span class='ocrx_word' id='word_1_643' title='bbox 2019 2268 2237 2323; x_wconf 85' lang='lat' dir='ltr'><strong>quoquo</strong></span> <span class='ocrx_word' id='word_1_644' title='bbox 2287 2256 2447 2309; x_wconf 86' lang='lat' dir='ltr'><strong>modo</strong></span> <span class='ocrx_word' id='word_1_645' title='bbox 2486 2256 2685 2326; x_wconf 89' lang='lat' dir='ltr'><strong>fuerit,</strong></span> <span class='ocrx_word' id='word_1_646' title='bbox 2717 2274 2840 2330; x_wconf 75' lang='lat' dir='ltr'><strong>qua:</strong></span> <span class='ocrx_word' id='word_1_647' title='bbox 2889 2272 3190 2331; x_wconf 89' lang='lat' dir='ltr'><strong>sequuntur</strong></span> <span class='ocrx_word' id='word_1_648' title='bbox 3234 2265 3408 2322; x_wconf 87' lang='lat' dir='ltr'><strong>facilia</strong></span> <span class='ocrx_word' id='word_1_649' title='bbox 3438 2280 3631 2327; x_wconf 85' lang='lat' dir='ltr'><strong>cuncta</strong></span> 
     </span>
    </p>
   </div>
   <div class='ocr_carea' id='block_1_83' title="bbox 2020 2352 3630 2433">
    <p class='ocr_par' dir='ltr' id='par_1_83' title="bbox 2020 2352 3630 2433">
     <span class='ocr_line' id='line_1_84' title="bbox 2020 2352 3630 2433; baseline 0.011 -32"><span class='ocrx_word' id='word_1_650' title='bbox 2020 2357 2178 2401; x_wconf 76' lang='lat' dir='ltr'><strong>ertmt</strong></span> <span class='ocrx_word' id='word_1_651' title='bbox 2206 2359 2261 2403; x_wconf 91' lang='lat' dir='ltr'><strong>et</strong></span> <span class='ocrx_word' id='word_1_652' title='bbox 2302 2352 2573 2420; x_wconf 85' lang='lat' dir='ltr'><strong>expedita.</strong></span> <span class='ocrx_word' id='word_1_653' title='bbox 2602 2352 2860 2421; x_wconf 82' lang='lat' dir='ltr'><strong>Quamvis</strong></span> <span class='ocrx_word' id='word_1_654' title='bbox 2884 2357 3029 2411; x_wconf 90' lang='lat' dir='ltr'><strong>enim</strong></span> <span class='ocrx_word' id='word_1_655' title='bbox 3074 2358 3229 2414; x_wconf 90' lang='lat' dir='ltr'><strong>initio</strong></span> <span class='ocrx_word' id='word_1_656' title='bbox 3259 2376 3358 2431; x_wconf 90' lang='lat' dir='ltr'><strong>spe</strong></span> <span class='ocrx_word' id='word_1_657' title='bbox 3384 2364 3630 2433; x_wconf 86' lang='lat' dir='ltr'><strong>supplicii</strong></span> 
     </span>
    </p>
   </div>
   <div class='ocr_carea' id='block_1_84' title="bbox 2019 2440 3633 2521">
    <p class='ocr_par' dir='ltr' id='par_1_84' title="bbox 2019 2440 3633 2521">
     <span class='ocr_line' id='line_1_85' title="bbox 2019 2440 3633 2521; baseline 0.014 -30"><span class='ocrx_word' id='word_1_658' title='bbox 2019 2441 2111 2509; x_wconf 89' lang='lat' dir='ltr'><strong>qui</strong></span> <span class='ocrx_word' id='word_1_659' title='bbox 2143 2440 2303 2496; x_wconf 79' lang='lat' dir='ltr'><strong>laesus</strong></span> <span class='ocrx_word' id='word_1_660' title='bbox 2331 2453 2412 2497; x_wconf 80' lang='lat' dir='ltr'><strong>est</strong></span> <span class='ocrx_word' id='word_1_661' title='bbox 2440 2445 2546 2499; x_wconf 82' lang='lat' dir='ltr'><strong>alat</strong></span> <span class='ocrx_word' id='word_1_662' title='bbox 2570 2446 2846 2501; x_wconf 87' lang='lat' dir='ltr'><strong>inimicum</strong></span> <span class='ocrx_word' id='word_1_663' title='bbox 2872 2491 2885 2513; x_wconf 87' lang='lat'><strong>,</strong></span> <span class='ocrx_word' id='word_1_664' title='bbox 2921 2458 3099 2505; x_wconf 87' lang='lat' dir='ltr'><strong>tamen</strong></span> <span class='ocrx_word' id='word_1_665' title='bbox 3127 2451 3253 2507; x_wconf 92' lang='lat' dir='ltr'><strong>dum</strong></span> <span class='ocrx_word' id='word_1_666' title='bbox 3276 2455 3402 2521; x_wconf 88' lang='lat' dir='ltr'><strong>alet,</strong></span> <span class='ocrx_word' id='word_1_667' title='bbox 3426 2458 3633 2514; x_wconf 89' lang='lat' dir='ltr'><strong>amicus</strong></span> 
     </span>
    </p>
   </div>
   <div class='ocr_carea' id='block_1_85' title="bbox 2018 2532 3633 2621">
    <p class='ocr_par' dir='ltr' id='par_1_85' title="bbox 2018 2532 3633 2621">
     <span class='ocr_line' id='line_1_86' title="bbox 2018 2532 3633 2621; baseline 0.013 -36"><span class='ocrx_word' id='word_1_668' title='bbox 2018 2532 2245 2597; x_wconf 84' lang='lat' dir='ltr'><strong>evadet,</strong></span> <span class='ocrx_word' id='word_1_669' title='bbox 2276 2545 2329 2589; x_wconf 91' lang='lat' dir='ltr'><strong>et</strong></span> <span class='ocrx_word' id='word_1_670' title='bbox 2376 2551 2549 2606; x_wconf 70' lang='lat' dir='ltr'><strong>poma:</strong></span> <span class='ocrx_word' id='word_1_671' title='bbox 2574 2540 2921 2608; x_wconf 89' lang='lat' dir='ltr'><strong>cupiditatem</strong></span> <span class='ocrx_word' id='word_1_672' title='bbox 2958 2545 3155 2612; x_wconf 90' lang='lat' dir='ltr'><strong>poterit</strong></span> <span class='ocrx_word' id='word_1_673' title='bbox 3203 2560 3271 2601; x_wconf 92' lang='lat' dir='ltr'><strong>ex</strong></span> <span class='ocrx_word' id='word_1_674' title='bbox 3313 2548 3495 2603; x_wconf 89' lang='lat' dir='ltr'><strong>animo</strong></span> <span class='ocrx_word' id='word_1_675' title='bbox 3518 2553 3633 2621; x_wconf 88' lang='lat' dir='ltr'><strong>pel-</strong></span> 
     </span>
    </p>
   </div>
   <div class='ocr_carea' id='block_1_86' title="bbox 2021 2622 3631 2708">
    <p class='ocr_par' dir='ltr' id='par_1_86' title="bbox 2021 2622 3631 2708">
     <span class='ocr_line' id='line_1_87' title="bbox 2021 2622 3631 2708; baseline 0.013 -33"><span class='ocrx_word' id='word_1_676' title='bbox 2021 2622 2155 2677; x_wconf 91' lang='lat' dir='ltr'><strong>lere.</strong></span> <span class='ocrx_word' id='word_1_677' title='bbox 2187 2624 2322 2679; x_wconf 88' lang='lat' dir='ltr'><strong>Cum</strong></span> <span class='ocrx_word' id='word_1_678' title='bbox 2352 2627 2495 2681; x_wconf 90' lang='lat' dir='ltr'><strong>enim</strong></span> <span class='ocrx_word' id='word_1_679' title='bbox 2534 2629 2741 2684; x_wconf 86' lang='lat' dir='ltr'><strong>amicus</strong></span> <span class='ocrx_word' id='word_1_680' title='bbox 2783 2631 3025 2688; x_wconf 88' lang='lat' dir='ltr'><strong>redditus</strong></span> <span class='ocrx_word' id='word_1_681' title='bbox 3055 2632 3238 2703; x_wconf 90' lang='lat' dir='ltr'><strong>fuerit,</strong></span> <span class='ocrx_word' id='word_1_682' title='bbox 3266 2652 3372 2691; x_wconf 88' lang='lat' dir='ltr'><strong>non</strong></span> <span class='ocrx_word' id='word_1_683' title='bbox 3397 2640 3507 2708; x_wconf 89' lang='lat' dir='ltr'><strong>jam</strong></span> <span class='ocrx_word' id='word_1_684' title='bbox 3540 2641 3631 2697; x_wconf 86' lang='lat' dir='ltr'><strong>tali</strong></span> 
     </span>
    </p>
   </div>
   <div class='ocr_carea' id='block_1_87' title="bbox 2017 2720 3628 2791">
    <p class='ocr_par' dir='ltr' id='par_1_87' title="bbox 2017 2720 3628 2791">
     <span class='ocr_line' id='line_1_88' title="bbox 2017 2720 3628 2791; baseline 0.013 -25"><span class='ocrx_word' id='word_1_685' title='bbox 2017 2729 2141 2767; x_wconf 89' lang='lat' dir='ltr'><strong>cum</strong></span> <span class='ocrx_word' id='word_1_686' title='bbox 2186 2720 2597 2787; x_wconf 82' lang='lat' dir='ltr'><strong>exspectatione</strong></span> <span class='ocrx_word' id='word_1_687' title='bbox 2624 2723 2825 2791; x_wconf 77' lang='lat' dir='ltr'><strong>poterit</strong></span> <span class='ocrx_word' id='word_1_688' title='bbox 2868 2737 3050 2778; x_wconf 85' lang='lat' dir='ltr'><strong>secum</strong></span> <span class='ocrx_word' id='word_1_689' title='bbox 3090 2727 3497 2784; x_wconf 88' lang='lat' dir='ltr'><strong>reconciliatum</strong></span> <span class='ocrx_word' id='word_1_690' title='bbox 3527 2748 3628 2786; x_wconf 87' lang='lat' dir='ltr'><strong>nu-</strong></span> 
     </span>
    </p>
   </div>
   <div class='ocr_carea' id='block_1_88' title="bbox 2020 2809 3631 2889">
    <p class='ocr_par' dir='ltr' id='par_1_88' title="bbox 2020 2809 3631 2889">
     <span class='ocr_line' id='line_1_89' title="bbox 2020 2809 3631 2889; baseline 0.012 -28"><span class='ocrx_word' id='word_1_691' title='bbox 2020 2809 2168 2863; x_wconf 87' lang='lat' dir='ltr'><strong>trire.</strong></span> <span class='ocrx_word' id='word_1_692' title='bbox 2200 2809 2406 2865; x_wconf 73' lang='lat' dir='ltr'><strong>lim-sus</strong></span> <span class='ocrx_word' id='word_1_693' title='bbox 2434 2814 2477 2865; x_wconf 91' lang='lat' dir='ltr'><strong>is</strong></span> <span class='ocrx_word' id='word_1_694' title='bbox 2504 2814 2595 2883; x_wconf 91' lang='lat' dir='ltr'><strong>qui</strong></span> <span class='ocrx_word' id='word_1_695' title='bbox 2626 2813 2851 2869; x_wconf 85' lang='lat' dir='ltr'><strong>offendit</strong></span> <span class='ocrx_word' id='word_1_696' title='bbox 2895 2831 3019 2871; x_wconf 91' lang='lat' dir='ltr'><strong>cum</strong></span> <span class='ocrx_word' id='word_1_697' title='bbox 3060 2819 3255 2875; x_wconf 89' lang='lat' dir='ltr'><strong>viderit</strong></span> <span class='ocrx_word' id='word_1_698' title='bbox 3280 2837 3401 2876; x_wconf 90' lang='lat' dir='ltr'><strong>eum</strong></span> <span class='ocrx_word' id='word_1_699' title='bbox 3436 2824 3524 2889; x_wconf 87' lang='lat' dir='ltr'><strong>qui</strong></span> <span class='ocrx_word' id='word_1_700' title='bbox 3552 2828 3631 2879; x_wconf 87' lang='lat' dir='ltr'><strong>af-</strong></span> 
     </span>
    </p>
   </div>
   <div class='ocr_carea' id='block_1_89' title="bbox 2018 2898 3627 2981">
    <p class='ocr_par' dir='ltr' id='par_1_89' title="bbox 2018 2898 3627 2981">
     <span class='ocr_line' id='line_1_90' title="bbox 2018 2898 3627 2981; baseline 0.012 -30"><span class='ocrx_word' id='word_1_701' title='bbox 2018 2898 2189 2954; x_wconf 87' lang='lat' dir='ltr'><strong>fectus</strong></span> <span class='ocrx_word' id='word_1_702' title='bbox 2223 2900 2393 2955; x_wconf 85' lang='lat' dir='ltr'><strong>fuerat</strong></span> <span class='ocrx_word' id='word_1_703' title='bbox 2422 2903 2613 2972; x_wconf 85' lang='lat' dir='ltr'><strong>injuria</strong></span> <span class='ocrx_word' id='word_1_704' title='bbox 2638 2947 2651 2969; x_wconf 90' lang='lat'><strong>,</strong></span> <span class='ocrx_word' id='word_1_705' title='bbox 2680 2906 2855 2975; x_wconf 86' lang='lat' dir='ltr'><strong>ipsum</strong></span> <span class='ocrx_word' id='word_1_706' title='bbox 2893 2908 3038 2964; x_wconf 88' lang='lat' dir='ltr'><strong>alere</strong></span> <span class='ocrx_word' id='word_1_707' title='bbox 3074 2924 3138 2964; x_wconf 90' lang='lat' dir='ltr'><strong>ac</strong></span> <span class='ocrx_word' id='word_1_708' title='bbox 3168 2920 3351 2980; x_wconf 85' lang='lat' dir='ltr'><strong>potare</strong></span> <span class='ocrx_word' id='word_1_709' title='bbox 3381 2912 3589 2981; x_wconf 85' lang='lat' dir='ltr'><strong>dignari</strong></span> <span class='ocrx_word' id='word_1_710' title='bbox 3612 2960 3627 2981; x_wconf 90' lang='lat'><strong>,</strong></span> 
     </span>
    </p>
   </div>
   <div class='ocr_carea' id='block_1_90' title="bbox 2018 2992 3628 3079">
    <p class='ocr_par' dir='ltr' id='par_1_90' title="bbox 2018 2992 3628 3079">
     <span class='ocr_line' id='line_1_91' title="bbox 2018 2992 3628 3079; baseline 0.012 -35"><span class='ocrx_word' id='word_1_711' title='bbox 2018 2992 2208 3044; x_wconf 89' lang='lat' dir='ltr'><strong>saltem</strong></span> <span class='ocrx_word' id='word_1_712' title='bbox 2233 2993 2303 3045; x_wconf 92' lang='lat' dir='ltr'><strong>oh</strong></span> <span class='ocrx_word' id='word_1_713' title='bbox 2344 2992 2445 3049; x_wconf 88' lang='lat' dir='ltr'><strong>hoc</strong></span> <span class='ocrx_word' id='word_1_714' title='bbox 2488 2995 2662 3065; x_wconf 88' lang='lat' dir='ltr'><strong>ipsum</strong></span> <span class='ocrx_word' id='word_1_715' title='bbox 2689 3038 2703 3062; x_wconf 94' lang='lat'><strong>,</strong></span> <span class='ocrx_word' id='word_1_716' title='bbox 2735 3007 2784 3051; x_wconf 89' lang='lat' dir='ltr'><strong>et</strong></span> <span class='ocrx_word' id='word_1_717' title='bbox 2834 2999 2905 3053; x_wconf 90' lang='lat' dir='ltr'><strong>ob</strong></span> <span class='ocrx_word' id='word_1_718' title='bbox 2947 3008 3148 3053; x_wconf 91' lang='lat' dir='ltr'><strong>metum</strong></span> <span class='ocrx_word' id='word_1_719' title='bbox 3184 3006 3353 3071; x_wconf 86' lang='lat' dir='ltr'><strong>parati</strong></span> <span class='ocrx_word' id='word_1_720' title='bbox 3382 3007 3628 3079; x_wconf 79' lang='lat' dir='ltr'><strong>StlppllCli</strong></span> 
     </span>
    </p>
   </div>
   <div class='ocr_carea' id='block_1_91' title="bbox 2017 3081 3627 3160">
    <p class='ocr_par' dir='ltr' id='par_1_91' title="bbox 2017 3081 3627 3160">
     <span class='ocr_line' id='line_1_92' title="bbox 2017 3081 3627 3160; baseline 0.012 -25"><span class='ocrx_word' id='word_1_721' title='bbox 2017 3081 2198 3135; x_wconf 91' lang='lat' dir='ltr'><strong>odium</strong></span> <span class='ocrx_word' id='word_1_722' title='bbox 2240 3098 2401 3139; x_wconf 89' lang='lat' dir='ltr'><strong>omne</strong></span> <span class='ocrx_word' id='word_1_723' title='bbox 2442 3085 2677 3153; x_wconf 85' lang='lat' dir='ltr'><strong>deponet</strong></span> <span class='ocrx_word' id='word_1_724' title='bbox 2699 3125 2713 3148; x_wconf 87' lang='lat'><strong><em>.</em></strong></span> <span class='ocrx_word' id='word_1_725' title='bbox 2743 3092 3088 3158; x_wconf 84' lang='lat' dir='ltr'><strong>quantumvis</strong></span> <span class='ocrx_word' id='word_1_726' title='bbox 3117 3091 3343 3160; x_wconf 84' lang='lat' dir='ltr'><strong>ferreus,</strong></span> <span class='ocrx_word' id='word_1_727' title='bbox 3376 3096 3627 3153; x_wconf 86' lang='lat' dir='ltr'><strong>inhuma-</strong></span> 
     </span>
    </p>
   </div>
   <div class='ocr_carea' id='block_1_92' title="bbox 2018 3176 3630 3252">
    <p class='ocr_par' dir='ltr' id='par_1_92' title="bbox 2018 3176 3630 3252">
     <span class='ocr_line' id='line_1_93' title="bbox 2018 3176 3630 3252; baseline 0.011 -22"><span class='ocrx_word' id='word_1_728' title='bbox 2018 3191 2118 3231; x_wconf 79' lang='lat' dir='ltr'><strong>nus</strong></span> <span class='ocrx_word' id='word_1_729' title='bbox 2152 3184 2201 3232; x_wconf 89' lang='lat' dir='ltr'><strong>et</strong></span> <span class='ocrx_word' id='word_1_730' title='bbox 2226 3176 2443 3234; x_wconf 88' lang='lat' dir='ltr'><strong>adamas</strong></span> <span class='ocrx_word' id='word_1_731' title='bbox 2468 3178 2828 3252; x_wconf 74' lang='lat' dir='ltr'><strong>Ittcrit,quod</strong></span> <span class='ocrx_word' id='word_1_732' title='bbox 2862 3189 2917 3238; x_wconf 89' lang='lat' dir='ltr'><strong>et</strong></span> <span class='ocrx_word' id='word_1_733' title='bbox 2947 3181 3339 3241; x_wconf 83' lang='lat' dir='ltr'><strong>humanitatem</strong></span> <span class='ocrx_word' id='word_1_734' title='bbox 3378 3202 3630 3247; x_wconf 82' lang='lat' dir='ltr'><strong>reverea-</strong></span> 
     </span>
    </p>
   </div>
   <div class='ocr_carea' id='block_1_93' title="bbox 2019 3273 3627 3353">
    <p class='ocr_par' dir='ltr' id='par_1_93' title="bbox 2019 3273 3627 3353">
     <span class='ocr_line' id='line_1_94' title="bbox 2019 3273 3627 3353; baseline 0.008 -27"><span class='ocrx_word' id='word_1_735' title='bbox 2019 3281 2104 3327; x_wconf 91' lang='lat' dir='ltr'><strong>tur</strong></span> <span class='ocrx_word' id='word_1_736' title='bbox 2124 3273 2241 3342; x_wconf 89' lang='lat' dir='ltr'><strong>ejus</strong></span> <span class='ocrx_word' id='word_1_737' title='bbox 2268 3289 2295 3327; x_wconf 89' lang='lat' dir='ltr'><strong>a</strong></span> <span class='ocrx_word' id='word_1_738' title='bbox 2323 3289 2429 3344; x_wconf 87' lang='lat' dir='ltr'><strong>quo</strong></span> <span class='ocrx_word' id='word_1_739' title='bbox 2456 3275 2713 3340; x_wconf 90' lang='lat' dir='ltr'><strong>nutritur,</strong></span> <span class='ocrx_word' id='word_1_740' title='bbox 2746 3287 2800 3330; x_wconf 87' lang='lat' dir='ltr'><strong>et</strong></span> <span class='ocrx_word' id='word_1_741' title='bbox 2826 3276 2968 3345; x_wconf 89' lang='lat' dir='ltr'><strong>quod</strong></span> <span class='ocrx_word' id='word_1_742' title='bbox 3000 3277 3102 3332; x_wconf 90' lang='lat' dir='ltr'><strong>sibi</strong></span> <span class='ocrx_word' id='word_1_743' title='bbox 3145 3290 3390 3349; x_wconf 88' lang='lat' dir='ltr'><strong>paratum</strong></span> <span class='ocrx_word' id='word_1_744' title='bbox 3417 3284 3627 3353; x_wconf 86' lang='lat' dir='ltr'><strong>suppli-</strong></span> 
     </span>
    </p>
   </div>
   <div class='ocr_carea' id='block_1_94' title="bbox 2015 3364 3627 3441">
    <p class='ocr_par' dir='ltr' id='par_1_94' title="bbox 2015 3364 3627 3441">
     <span class='ocr_line' id='line_1_95' title="bbox 2015 3364 3627 3441; baseline 0.008 -22"><span class='ocrx_word' id='word_1_745' title='bbox 2015 3366 2159 3419; x_wconf 91' lang='lat' dir='ltr'><strong>cium</strong></span> <span class='ocrx_word' id='word_1_746' title='bbox 2191 3364 2541 3441; x_wconf 79' lang='lat' dir='ltr'><strong>reformidet,</strong></span> <span class='ocrx_word' id='word_1_747' title='bbox 2569 3366 2613 3421; x_wconf 89' lang='lat' dir='ltr'><strong>si</strong></span> <span class='ocrx_word' id='word_1_748' title='bbox 2648 3375 2768 3437; x_wconf 90' lang='lat' dir='ltr'><strong>post</strong></span> <span class='ocrx_word' id='word_1_749' title='bbox 2788 3368 3041 3423; x_wconf 85' lang='lat' dir='ltr'><strong>alimenta</strong></span> <span class='ocrx_word' id='word_1_750' title='bbox 3074 3381 3329 3441; x_wconf 85' lang='lat' dir='ltr'><strong>percepta</strong></span> <span class='ocrx_word' id='word_1_751' title='bbox 3376 3374 3627 3432; x_wconf 87' lang='lat' dir='ltr'><strong>inimicus</strong></span> 
     </span>
    </p>
   </div>
   <div class='ocr_carea' id='block_1_95' title="bbox 2017 3458 2537 3513">
    <p class='ocr_par' dir='ltr' id='par_1_95' title="bbox 2017 3458 2537 3513">
     <span class='ocr_line' id='line_1_96' title="bbox 2017 3458 2537 3513; baseline -0.006 0"><span class='ocrx_word' id='word_1_752' title='bbox 2017 3471 2138 3513; x_wconf 84' lang='lat' dir='ltr'><strong>esse</strong></span> <span class='ocrx_word' id='word_1_753' title='bbox 2168 3474 2274 3511; x_wconf 86' lang='lat' dir='ltr'><strong>non</strong></span> <span class='ocrx_word' id='word_1_754' title='bbox 2302 3458 2537 3513; x_wconf 58' lang='lat' dir='ltr'><strong>desinat.</strong></span> 
     </span>
    </p>
   </div>
   <div class='ocr_carea' id='block_1_96' title="bbox 2101 3549 3630 3631">
    <p class='ocr_par' dir='ltr' id='par_1_96' title="bbox 2101 3549 3630 3631">
     <span class='ocr_line' id='line_1_97' title="bbox 2101 3549 3630 3631; baseline 0.007 -28"><span class='ocrx_word' id='word_1_755' title='bbox 2101 3549 2387 3604; x_wconf 81' lang='lat' dir='ltr'><strong>Vincendus</strong></span> <span class='ocrx_word' id='word_1_756' title='bbox 2432 3551 2667 3606; x_wconf 77' lang='lat' dir='ltr'><strong>inimicus</strong></span> <span class='ocrx_word' id='word_1_757' title='bbox 2708 3549 2981 3622; x_wconf 78' lang='lat' dir='ltr'><strong>quomodo.</strong></span> <span class='ocrx_word' id='word_1_758' title='bbox 3027 3552 3196 3608; x_wconf 77' lang='lat' dir='ltr'><strong>Dauid</strong></span> <span class='ocrx_word' id='word_1_759' title='bbox 3235 3554 3287 3608; x_wconf 83' lang='lat' dir='ltr'><strong>in</strong></span> <span class='ocrx_word' id='word_1_760' title='bbox 3327 3558 3479 3611; x_wconf 81' lang='lat' dir='ltr'><strong>ueteri</strong></span> <span class='ocrx_word' id='word_1_761' title='bbox 3520 3558 3630 3631; x_wconf 75' lang='lat' dir='ltr'><strong>lege</strong></span> 
     </span>
    </p>
   </div>
   <div class='ocr_carea' id='block_1_97' title="bbox 2014 3644 3625 3718">
    <p class='ocr_par' dir='ltr' id='par_1_97' title="bbox 2014 3644 3625 3718">
     <span class='ocr_line' id='line_1_98' title="bbox 2014 3644 3625 3718; baseline 0.004 -19"><span class='ocrx_word' id='word_1_762' title='bbox 2014 3645 2220 3699; x_wconf 73' lang='lat' dir='ltr'><strong>inimica</strong></span> <span class='ocrx_word' id='word_1_763' title='bbox 2250 3644 2512 3714; x_wconf 76' lang='lat' dir='ltr'><strong>benefecil.</strong></span> <span class='ocrx_word' id='word_1_764' title='bbox 2533 3674 2606 3685; x_wconf 90' lang='lat'><strong>-—</strong></span> <span class='ocrx_word' id='word_1_765' title='bbox 2637 3644 2838 3700; x_wconf 90' lang='lat' dir='ltr'><strong>Idcirco</strong></span> <span class='ocrx_word' id='word_1_766' title='bbox 2878 3662 3052 3717; x_wconf 86' lang='lat' dir='ltr'><strong>neque</strong></span> <span class='ocrx_word' id='word_1_767' title='bbox 3080 3646 3183 3704; x_wconf 89' lang='lat' dir='ltr'><strong>huc</strong></span> <span class='ocrx_word' id='word_1_768' title='bbox 3224 3664 3392 3718; x_wconf 91' lang='lat' dir='ltr'><strong>usque</strong></span> <span class='ocrx_word' id='word_1_769' title='bbox 3421 3659 3625 3706; x_wconf 81' lang='lat' dir='ltr'><strong>tantum</strong></span> 
     </span>
    </p>
   </div>
   <div class='ocr_carea' id='block_1_98' title="bbox 2014 3735 3624 3811">
    <p class='ocr_par' dir='ltr' id='par_1_98' title="bbox 2014 3735 3624 3811">
     <span class='ocr_line' id='line_1_99' title="bbox 2014 3735 3624 3811; baseline 0.003 -19"><span class='ocrx_word' id='word_1_770' title='bbox 2014 3736 2439 3792; x_wconf 73' lang='lat' dir='ltr'><strong>cohormionctn</strong></span> <span class='ocrx_word' id='word_1_771' title='bbox 2462 3737 2733 3806; x_wconf 89' lang='lat' dir='ltr'><strong>provexit,</strong></span> <span class='ocrx_word' id='word_1_772' title='bbox 2760 3735 2853 3792; x_wconf 89' lang='lat' dir='ltr'><strong>sed</strong></span> <span class='ocrx_word' id='word_1_773' title='bbox 2883 3746 3165 3807; x_wconf 86' lang='lat' dir='ltr'><strong>postquam</strong></span> <span class='ocrx_word' id='word_1_774' title='bbox 3190 3739 3465 3811; x_wconf 86' lang='lat' dir='ltr'><strong>utriusque</strong></span> <span class='ocrx_word' id='word_1_775' title='bbox 3490 3741 3624 3798; x_wconf 89' lang='lat' dir='ltr'><strong>iram</strong></span> 
     </span>
    </p>
   </div>
   <div class='ocr_carea' id='block_1_99' title="bbox 2016 3827 3624 3903">
    <p class='ocr_par' dir='ltr' id='par_1_99' title="bbox 2016 3827 3624 3903">
     <span class='ocr_line' id='line_1_100' title="bbox 2016 3827 3624 3903; baseline 0.005 -22"><span class='ocrx_word' id='word_1_776' title='bbox 2016 3828 2313 3897; x_wconf 89' lang='lat' dir='ltr'><strong>mitigavit,</strong></span> <span class='ocrx_word' id='word_1_777' title='bbox 2342 3827 2595 3897; x_wconf 84' lang='lat' dir='ltr'><strong>deinceps</strong></span> <span class='ocrx_word' id='word_1_778' title='bbox 2616 3828 2779 3882; x_wconf 89' lang='lat' dir='ltr'><strong>animi</strong></span> <span class='ocrx_word' id='word_1_779' title='bbox 2803 3831 3127 3884; x_wconf 88' lang='lat' dir='ltr'><strong>sententiam</strong></span> <span class='ocrx_word' id='word_1_780' title='bbox 3159 3831 3380 3903; x_wconf 88' lang='lat' dir='ltr'><strong>corrigit</strong></span> <span class='ocrx_word' id='word_1_781' title='bbox 3404 3832 3624 3889; x_wconf 89' lang='lat' dir='ltr'><strong>dicens:</strong></span> 
     </span>
    </p>
   </div>
   <div class='ocr_carea' id='block_1_100' title="bbox 2020 3919 3627 3996">
    <p class='ocr_par' dir='ltr' id='par_1_100' title="bbox 2020 3919 3627 3996">
     <span class='ocr_line' id='line_1_101' title="bbox 2020 3919 3627 3996; baseline 0.006 -21"><span class='ocrx_word' id='word_1_782' title='bbox 2020 3921 2144 3976; x_wconf 82' lang='lat' dir='ltr'><strong>Noli</strong></span> <span class='ocrx_word' id='word_1_783' title='bbox 2160 3922 2290 3974; x_wconf 78' lang='lat' dir='ltr'><strong>uinci</strong></span> <span class='ocrx_word' id='word_1_784' title='bbox 2304 3938 2334 3973; x_wconf 79' lang='grc' dir='ltr'><em>α</em></span> <span class='ocrx_word' id='word_1_785' title='bbox 2352 3920 2487 3974; x_wconf 80' lang='lat' dir='ltr'><strong>malo</strong></span> <span class='ocrx_word' id='word_1_786' title='bbox 2505 3920 2679 3992; x_wconf 79' lang='lat' dir='ltr'><strong>(Rom.</strong></span> <span class='ocrx_word' id='word_1_787' title='bbox 2698 3919 2783 3976; x_wconf 72' lang='grc' dir='ltr'><strong>η.</strong></span> <span class='ocrx_word' id='word_1_788' title='bbox 2796 3919 2861 3976; x_wconf 72' lang='grc'><strong>91</strong></span> <span class='ocrx_word' id='word_1_789' title='bbox 2877 3923 2913 3990; x_wconf 89' lang='grc'><strong>).</strong></span> <span class='ocrx_word' id='word_1_790' title='bbox 2930 3922 2987 3978; x_wconf 86' lang='lat' dir='ltr'><strong>Si</strong></span> <span class='ocrx_word' id='word_1_791' title='bbox 3000 3923 3144 3977; x_wconf 85' lang='lat' dir='ltr'><strong>enim</strong></span> <span class='ocrx_word' id='word_1_792' title='bbox 3162 3935 3395 3995; x_wconf 73' lang='lat' dir='ltr'><strong>accepta:</strong></span> <span class='ocrx_word' id='word_1_793' title='bbox 3418 3926 3627 3996; x_wconf 56' lang='lat' dir='ltr'><strong>injuria</strong></span> 
     </span>
    </p>
   </div>
   <div class='ocr_carea' id='block_1_101' title="bbox 2016 4015 3629 4086">
    <p class='ocr_par' dir='ltr' id='par_1_101' title="bbox 2016 4015 3629 4086">
     <span class='ocr_line' id='line_1_102' title="bbox 2016 4015 3629 4086; baseline 0.002 -15"><span class='ocrx_word' id='word_1_794' title='bbox 2016 4016 2331 4071; x_wconf 89' lang='lat' dir='ltr'><strong>memoriam</strong></span> <span class='ocrx_word' id='word_1_795' title='bbox 2362 4015 2800 4081; x_wconf 87' lang='lat' dir='ltr'><strong>conservaveris,</strong></span> <span class='ocrx_word' id='word_1_796' title='bbox 2826 4024 2880 4071; x_wconf 92' lang='lat' dir='ltr'><strong>et</strong></span> <span class='ocrx_word' id='word_1_797' title='bbox 2905 4015 3087 4071; x_wconf 85' lang='lat' dir='ltr'><strong>ulcisci</strong></span> <span class='ocrx_word' id='word_1_798' title='bbox 3110 4017 3348 4074; x_wconf 82' lang='lat' dir='ltr'><strong>volueris</strong></span> <span class='ocrx_word' id='word_1_799' title='bbox 3368 4061 3384 4086; x_wconf 98' lang='lat'><strong>,</strong></span> <span class='ocrx_word' id='word_1_800' title='bbox 3408 4020 3629 4076; x_wconf 87' lang='lat' dir='ltr'><strong>vincere</strong></span> 
     </span>
    </p>
   </div>
   <div class='ocr_carea' id='block_1_102' title="bbox 2012 4106 3627 4179">
    <p class='ocr_par' dir='ltr' id='par_1_102' title="bbox 2012 4106 3627 4179">
     <span class='ocr_line' id='line_1_103' title="bbox 2012 4106 3627 4179; baseline 0.005 -17"><span class='ocrx_word' id='word_1_801' title='bbox 2012 4109 2229 4179; x_wconf 85' lang='lat' dir='ltr'><strong>quidem</strong></span> <span class='ocrx_word' id='word_1_802' title='bbox 2264 4107 2537 4162; x_wconf 89' lang='lat' dir='ltr'><strong>inimicum</strong></span> <span class='ocrx_word' id='word_1_803' title='bbox 2576 4106 2807 4173; x_wconf 82' lang='lat' dir='ltr'><strong>videris,</strong></span> <span class='ocrx_word' id='word_1_804' title='bbox 2848 4107 2944 4163; x_wconf 88' lang='lat' dir='ltr'><strong>sed</strong></span> <span class='ocrx_word' id='word_1_805' title='bbox 2972 4124 3003 4163; x_wconf 89' lang='lat' dir='ltr'><strong>a</strong></span> <span class='ocrx_word' id='word_1_806' title='bbox 3034 4110 3177 4165; x_wconf 90' lang='lat' dir='ltr'><strong>malo</strong></span> <span class='ocrx_word' id='word_1_807' title='bbox 3209 4110 3437 4166; x_wconf 88' lang='lat' dir='ltr'><strong>vinceris</strong></span> <span class='ocrx_word' id='word_1_808' title='bbox 3459 4154 3475 4179; x_wconf 92' lang='lat'><strong>,</strong></span> <span class='ocrx_word' id='word_1_809' title='bbox 3524 4113 3627 4170; x_wconf 87' lang='lat' dir='ltr'><strong>hoc</strong></span> 
     </span>
    </p>
   </div>
   <div class='ocr_carea' id='block_1_103' title="bbox 2013 4198 3623 4271">
    <p class='ocr_par' dir='ltr' id='par_1_103' title="bbox 2013 4198 3623 4271">
     <span class='ocr_line' id='line_1_104' title="bbox 2013 4198 3623 4271; baseline 0.002 -16"><span class='ocrx_word' id='word_1_810' title='bbox 2013 4208 2132 4263; x_wconf 90' lang='lat' dir='ltr'><strong>cst,</strong></span> <span class='ocrx_word' id='word_1_811' title='bbox 2187 4198 2253 4253; x_wconf 89' lang='lat' dir='ltr'><strong>ab</strong></span> <span class='ocrx_word' id='word_1_812' title='bbox 2285 4198 2381 4253; x_wconf 89' lang='lat' dir='ltr'><strong>ira.</strong></span> <span class='ocrx_word' id='word_1_813' title='bbox 2428 4198 2612 4269; x_wconf 90' lang='lat' dir='ltr'><strong>Itaque</strong></span> <span class='ocrx_word' id='word_1_814' title='bbox 2646 4200 2691 4253; x_wconf 89' lang='lat' dir='ltr'><strong>si</strong></span> <span class='ocrx_word' id='word_1_815' title='bbox 2739 4199 2954 4255; x_wconf 90' lang='lat' dir='ltr'><strong>vincere</strong></span> <span class='ocrx_word' id='word_1_816' title='bbox 2998 4199 3186 4269; x_wconf 90' lang='lat' dir='ltr'><strong>cupis,</strong></span> <span class='ocrx_word' id='word_1_817' title='bbox 3234 4203 3623 4271; x_wconf 86' lang='lat' dir='ltr'><strong>reconciliare,</strong></span> 
     </span>
    </p>
   </div>
   <div class='ocr_carea' id='block_1_104' title="bbox 2015 4289 3627 4364">
    <p class='ocr_par' dir='ltr' id='par_1_104' title="bbox 2015 4289 3627 4364">
     <span class='ocr_line' id='line_1_105' title="bbox 2015 4289 3627 4364; baseline 0.002 -19"><span class='ocrx_word' id='word_1_818' title='bbox 2015 4306 2116 4346; x_wconf 91' lang='lat' dir='ltr'><strong>nec</strong></span> <span class='ocrx_word' id='word_1_819' title='bbox 2143 4289 2420 4345; x_wconf 88' lang='lat' dir='ltr'><strong>ulciscere.</strong></span> <span class='ocrx_word' id='word_1_820' title='bbox 2445 4289 2569 4345; x_wconf 63' lang='lat' dir='ltr'><strong>Iisnc</strong></span> <span class='ocrx_word' id='word_1_821' title='bbox 2584 4291 2727 4345; x_wconf 89' lang='lat' dir='ltr'><strong>enim</strong></span> <span class='ocrx_word' id='word_1_822' title='bbox 2758 4302 2839 4346; x_wconf 87' lang='lat' dir='ltr'><strong>est</strong></span> <span class='ocrx_word' id='word_1_823' title='bbox 2857 4290 3113 4361; x_wconf 65' lang='lat' dir='ltr'><strong>pricclara</strong></span> <span class='ocrx_word' id='word_1_824' title='bbox 3132 4291 3351 4346; x_wconf 87' lang='lat' dir='ltr'><strong>victoria</strong></span> <span class='ocrx_word' id='word_1_825' title='bbox 3370 4334 3385 4359; x_wconf 93' lang='lat'><strong>,</strong></span> <span class='ocrx_word' id='word_1_826' title='bbox 3408 4293 3627 4364; x_wconf 90' lang='lat' dir='ltr'><strong>quando</strong></span> 
     </span>
    </p>
   </div>
   <div class='ocr_carea' id='block_1_105' title="bbox 2015 4383 3626 4455">
    <p class='ocr_par' dir='ltr' id='par_1_105' title="bbox 2015 4383 3626 4455">
     <span class='ocr_line' id='line_1_106' title="bbox 2015 4383 3626 4455; baseline 0.001 -15"><span class='ocrx_word' id='word_1_827' title='bbox 2015 4384 2068 4440; x_wconf 91' lang='lat' dir='ltr'><strong>in</strong></span> <span class='ocrx_word' id='word_1_828' title='bbox 2108 4384 2281 4449; x_wconf 90' lang='lat' dir='ltr'><strong>bono,</strong></span> <span class='ocrx_word' id='word_1_829' title='bbox 2314 4383 2419 4439; x_wconf 84' lang='lat' dir='ltr'><strong>hoc</strong></span> <span class='ocrx_word' id='word_1_830' title='bbox 2461 4394 2577 4451; x_wconf 90' lang='lat' dir='ltr'><strong>est,</strong></span> <span class='ocrx_word' id='word_1_831' title='bbox 2625 4384 2882 4455; x_wconf 83' lang='lat' dir='ltr'><strong>patientia</strong></span> <span class='ocrx_word' id='word_1_832' title='bbox 2926 4384 3127 4439; x_wconf 86' lang='lat' dir='ltr'><strong>malum</strong></span> <span class='ocrx_word' id='word_1_833' title='bbox 3166 4384 3369 4453; x_wconf 87' lang='lat' dir='ltr'><strong>vincis,</strong></span> <span class='ocrx_word' id='word_1_834' title='bbox 3414 4385 3626 4455; x_wconf 81' lang='lat' dir='ltr'><strong>abjeeta</strong></span> 
     </span>
    </p>
   </div>
   <div class='ocr_carea' id='block_1_106' title="bbox 2016 4478 3627 4547">
    <p class='ocr_par' dir='ltr' id='par_1_106' title="bbox 2016 4478 3627 4547">
     <span class='ocr_line' id='line_1_107' title="bbox 2016 4478 3627 4547; baseline 0.002 -15"><span class='ocrx_word' id='word_1_835' title='bbox 2016 4492 2237 4547; x_wconf 74' lang='lat' dir='ltr'><strong>prorsus</strong></span> <span class='ocrx_word' id='word_1_836' title='bbox 2265 4478 2537 4533; x_wconf 85' lang='lat' dir='ltr'><strong>iracundia</strong></span> <span class='ocrx_word' id='word_1_837' title='bbox 2562 4487 2615 4532; x_wconf 93' lang='lat' dir='ltr'><strong>et</strong></span> <span class='ocrx_word' id='word_1_838' title='bbox 2634 4478 2943 4546; x_wconf 87' lang='lat' dir='ltr'><strong>injuriarmn</strong></span> <span class='ocrx_word' id='word_1_839' title='bbox 2973 4478 3252 4532; x_wconf 90' lang='lat' dir='ltr'><strong>memoria.</strong></span> <span class='ocrx_word' id='word_1_840' title='bbox 3278 4478 3475 4533; x_wconf 86' lang='lat' dir='ltr'><strong>Verum</strong></span> <span class='ocrx_word' id='word_1_841' title='bbox 3509 4478 3627 4535; x_wconf 63' lang='lat' dir='ltr'><strong>haec</strong></span> 
     </span>
    </p>
   </div>
   <div class='ocr_carea' id='block_1_107' title="bbox 2015 4568 3626 4639">
    <p class='ocr_par' dir='ltr' id='par_1_107' title="bbox 2015 4568 3626 4639">
     <span class='ocr_line' id='line_1_108' title="bbox 2015 4568 3626 4639; baseline 0.002 -16"><span class='ocrx_word' id='word_1_842' title='bbox 2015 4571 2176 4625; x_wconf 87' lang='lat' dir='ltr'><strong>verba</strong></span> <span class='ocrx_word' id='word_1_843' title='bbox 2204 4586 2307 4624; x_wconf 89' lang='lat' dir='ltr'><strong>non</strong></span> <span class='ocrx_word' id='word_1_844' title='bbox 2334 4571 2541 4624; x_wconf 86' lang='lat' dir='ltr'><strong>tulisset</strong></span> <span class='ocrx_word' id='word_1_845' title='bbox 2578 4585 2607 4623; x_wconf 93' lang='lat' dir='ltr'><strong>a</strong></span> <span class='ocrx_word' id='word_1_846' title='bbox 2650 4568 2945 4639; x_wconf 86' lang='lat' dir='ltr'><strong>principio,</strong></span> <span class='ocrx_word' id='word_1_847' title='bbox 2987 4570 3078 4638; x_wconf 91' lang='lat' dir='ltr'><strong>qui</strong></span> <span class='ocrx_word' id='word_1_848' title='bbox 3118 4570 3279 4624; x_wconf 68' lang='lat' dir='ltr'><strong>laasus</strong></span> <span class='ocrx_word' id='word_1_849' title='bbox 3319 4569 3492 4625; x_wconf 88' lang='lat' dir='ltr'><strong>fuerat</strong></span> <span class='ocrx_word' id='word_1_850' title='bbox 3516 4614 3530 4638; x_wconf 96' lang='lat'><strong>,</strong></span> <span class='ocrx_word' id='word_1_851' title='bbox 3570 4581 3626 4626; x_wconf 88' lang='lat' dir='ltr'><strong>et</strong></span> 
     </span>
    </p>
   </div>
   <div class='ocr_carea' id='block_1_108' title="bbox 2015 4659 3623 4729">
    <p class='ocr_par' dir='ltr' id='par_1_108' title="bbox 2015 4659 3623 4729">
     <span class='ocr_line' id='line_1_109' title="bbox 2015 4659 3623 4729; baseline -0.001 -14"><span class='ocrx_word' id='word_1_852' title='bbox 2015 4661 2092 4715; x_wconf 89' lang='lat' dir='ltr'><strong>ira</strong></span> <span class='ocrx_word' id='word_1_853' title='bbox 2139 4660 2396 4715; x_wconf 85' lang='lat' dir='ltr'><strong>tumebat.</strong></span> <span class='ocrx_word' id='word_1_854' title='bbox 2435 4660 2731 4727; x_wconf 81' lang='lat' dir='ltr'><strong>Propterea</strong></span> <span class='ocrx_word' id='word_1_855' title='bbox 2780 4674 2901 4713; x_wconf 89' lang='lat' dir='ltr'><strong>cum</strong></span> <span class='ocrx_word' id='word_1_856' title='bbox 2950 4659 3179 4729; x_wconf 88' lang='lat' dir='ltr'><strong>primum</strong></span> <span class='ocrx_word' id='word_1_857' title='bbox 3225 4659 3341 4729; x_wconf 87' lang='lat' dir='ltr'><strong>ejus</strong></span> <span class='ocrx_word' id='word_1_858' title='bbox 3386 4659 3623 4715; x_wconf 90' lang='lat' dir='ltr'><strong>furorem</strong></span> 
     </span>
    </p>
   </div>
   <div class='ocr_carea' id='block_1_109' title="bbox 2014 4750 3625 4821">
    <p class='ocr_par' dir='ltr' id='par_1_109' title="bbox 2014 4750 3625 4821">
     <span class='ocr_line' id='line_1_110' title="bbox 2014 4750 3625 4821; baseline -0.001 -13"><span class='ocrx_word' id='word_1_859' title='bbox 2014 4753 2379 4816; x_wconf 79' lang='lat' dir='ltr'><strong>exsaturavit,</strong></span> <span class='ocrx_word' id='word_1_860' title='bbox 2425 4761 2533 4805; x_wconf 87' lang='lat' dir='ltr'><strong>tum</strong></span> <span class='ocrx_word' id='word_1_861' title='bbox 2581 4750 2647 4806; x_wconf 90' lang='lat' dir='ltr'><strong>ad</strong></span> <span class='ocrx_word' id='word_1_862' title='bbox 2685 4752 2943 4821; x_wconf 88' lang='lat' dir='ltr'><strong>optimam</strong></span> <span class='ocrx_word' id='word_1_863' title='bbox 2989 4750 3137 4806; x_wconf 90' lang='lat' dir='ltr'><strong>illum</strong></span> <span class='ocrx_word' id='word_1_864' title='bbox 3172 4751 3625 4809; x_wconf 80' lang='lat' dir='ltr'><strong>recnnciliationis</strong></span> 
     </span>
    </p>
   </div>
   <div class='ocr_carea' id='block_1_110' title="bbox 2014 4843 3624 4914">
    <p class='ocr_par' dir='ltr' id='par_1_110' title="bbox 2014 4843 3624 4914">
     <span class='ocr_line' id='line_1_111' title="bbox 2014 4843 3624 4914; baseline 0 -15"><span class='ocrx_word' id='word_1_865' title='bbox 2014 4860 2230 4899; x_wconf 87' lang='lat' dir='ltr'><strong>causam</strong></span> <span class='ocrx_word' id='word_1_866' title='bbox 2270 4843 2533 4909; x_wconf 85' lang='lat' dir='ltr'><strong>traduxit,</strong></span> <span class='ocrx_word' id='word_1_867' title='bbox 2569 4857 2741 4912; x_wconf 87' lang='lat' dir='ltr'><strong>neque</strong></span> <span class='ocrx_word' id='word_1_868' title='bbox 2784 4858 2945 4914; x_wconf 89' lang='lat' dir='ltr'><strong>prava</strong></span> <span class='ocrx_word' id='word_1_869' title='bbox 2975 4843 3221 4914; x_wconf 88' lang='lat' dir='ltr'><strong>supplicii</strong></span> <span class='ocrx_word' id='word_1_870' title='bbox 3253 4858 3347 4913; x_wconf 85' lang='lat' dir='ltr'><strong>spe</strong></span> <span class='ocrx_word' id='word_1_871' title='bbox 3392 4843 3624 4900; x_wconf 89' lang='lat' dir='ltr'><strong>detineri</strong></span> 
     </span>
    </p>
   </div>
   <div class='ocr_carea' id='block_1_111' title="bbox 2013 4936 3627 5008">
    <p class='ocr_par' dir='ltr' id='par_1_111' title="bbox 2013 4936 3627 5008">
     <span class='ocr_line' id='line_1_112' title="bbox 2013 4936 3627 5008; baseline 0.001 -16"><span class='ocrx_word' id='word_1_872' title='bbox 2013 4938 2280 5008; x_wconf 78' lang='lat' dir='ltr'><strong>permisit.</strong></span> <span class='ocrx_word' id='word_1_873' title='bbox 2315 4936 2479 4991; x_wconf 79' lang='lat' dir='ltr'><strong>Vides</strong></span> <span class='ocrx_word' id='word_1_874' title='bbox 2535 4936 2851 5005; x_wconf 84' lang='lat' dir='ltr'><strong>sapientiam</strong></span> <span class='ocrx_word' id='word_1_875' title='bbox 2917 4936 3275 5007; x_wconf 82' lang='lat' dir='ltr'><strong>Iegislatoris?</strong></span> <span class='ocrx_word' id='word_1_876' title='bbox 3329 4941 3504 5008; x_wconf 84' lang='lat' dir='ltr'><strong>Atque</strong></span> <span class='ocrx_word' id='word_1_877' title='bbox 3572 4950 3627 4993; x_wconf 84' lang='grc' dir='ltr'><strong>ιιι</strong></span> 
     </span>
    </p>
   </div>
   <div class='ocr_carea' id='block_1_112' title="bbox 2016 5027 3629 5099">
    <p class='ocr_par' dir='ltr' id='par_1_112' title="bbox 2016 5027 3629 5099">
     <span class='ocr_line' id='line_1_113' title="bbox 2016 5027 3629 5099; baseline 0.001 -16"><span class='ocrx_word' id='word_1_878' title='bbox 2016 5029 2284 5099; x_wconf 83' lang='lat' dir='ltr'><strong>intelligas</strong></span> <span class='ocrx_word' id='word_1_879' title='bbox 2307 5037 2525 5098; x_wconf 90' lang='lat' dir='ltr'><strong>propter</strong></span> <span class='ocrx_word' id='word_1_880' title='bbox 2554 5027 2917 5083; x_wconf 87' lang='lat' dir='ltr'><strong>infirmitatem</strong></span> <span class='ocrx_word' id='word_1_881' title='bbox 2939 5044 3159 5095; x_wconf 90' lang='lat' dir='ltr'><strong>eorum,</strong></span> <span class='ocrx_word' id='word_1_882' title='bbox 3190 5032 3277 5099; x_wconf 91' lang='lat' dir='ltr'><strong>qui</strong></span> <span class='ocrx_word' id='word_1_883' title='bbox 3301 5030 3455 5085; x_wconf 88' lang='lat' dir='ltr'><strong>aliter</strong></span> <span class='ocrx_word' id='word_1_884' title='bbox 3490 5032 3629 5086; x_wconf 86' lang='lat' dir='ltr'><strong>inter</strong></span> 
     </span>
    </p>
   </div>
   <div class='ocr_carea' id='block_1_113' title="bbox 2016 5118 3627 5190">
    <p class='ocr_par' dir='ltr' id='par_1_113' title="bbox 2016 5118 3627 5190">
     <span class='ocr_line' id='line_1_114' title="bbox 2016 5118 3627 5190; baseline 0.002 -18"><span class='ocrx_word' id='word_1_885' title='bbox 2016 5135 2075 5174; x_wconf 88' lang='lat' dir='ltr'><strong>se</strong></span> <span class='ocrx_word' id='word_1_886' title='bbox 2106 5136 2213 5173; x_wconf 87' lang='lat' dir='ltr'><strong>non</strong></span> <span class='ocrx_word' id='word_1_887' title='bbox 2243 5128 2491 5190; x_wconf 87' lang='lat' dir='ltr'><strong>poterant</strong></span> <span class='ocrx_word' id='word_1_888' title='bbox 2535 5120 2806 5187; x_wconf 75' lang='lat' dir='ltr'><strong>capulari,</strong></span> <span class='ocrx_word' id='word_1_889' title='bbox 2840 5120 3011 5188; x_wconf 81' lang='lat' dir='ltr'><strong>legem</strong></span> <span class='ocrx_word' id='word_1_890' title='bbox 3054 5118 3193 5174; x_wconf 86' lang='lat' dir='ltr'><strong>hanc</strong></span> <span class='ocrx_word' id='word_1_891' title='bbox 3227 5121 3294 5175; x_wconf 88' lang='lat' dir='ltr'><strong>ab</strong></span> <span class='ocrx_word' id='word_1_892' title='bbox 3327 5122 3416 5175; x_wconf 83' lang='lat' dir='ltr'><strong>illo</strong></span> <span class='ocrx_word' id='word_1_893' title='bbox 3464 5121 3627 5175; x_wconf 86' lang='lat' dir='ltr'><strong>fuisse</strong></span> 
     </span>
    </p>
   </div>
   <div class='ocr_carea' id='block_1_114' title="bbox 2018 5210 3625 5282">
    <p class='ocr_par' dir='ltr' id='par_1_114' title="bbox 2018 5210 3625 5282">
     <span class='ocr_line' id='line_1_115' title="bbox 2018 5210 3625 5282; baseline 0 -15"><span class='ocrx_word' id='word_1_894' title='bbox 2018 5212 2285 5268; x_wconf 90' lang='lat' dir='ltr'><strong>invectam</strong></span> <span class='ocrx_word' id='word_1_895' title='bbox 2309 5254 2322 5277; x_wconf 94' lang='lat'><strong>,</strong></span> <span class='ocrx_word' id='word_1_896' title='bbox 2352 5211 2473 5265; x_wconf 89' lang='lat' dir='ltr'><strong>andi</strong></span> <span class='ocrx_word' id='word_1_897' title='bbox 2497 5216 2604 5281; x_wconf 83' lang='lat' dir='ltr'><strong>quo</strong></span> <span class='ocrx_word' id='word_1_898' title='bbox 2627 5221 2783 5281; x_wconf 87' lang='lat' dir='ltr'><strong>pacto</strong></span> <span class='ocrx_word' id='word_1_899' title='bbox 2812 5210 3060 5266; x_wconf 84' lang='lat' dir='ltr'><strong>Christus</strong></span> <span class='ocrx_word' id='word_1_900' title='bbox 3091 5210 3193 5266; x_wconf 90' lang='lat' dir='ltr'><strong>hoc</strong></span> <span class='ocrx_word' id='word_1_901' title='bbox 3222 5212 3393 5281; x_wconf 88' lang='lat' dir='ltr'><strong>ipsum</strong></span> <span class='ocrx_word' id='word_1_902' title='bbox 3428 5215 3625 5282; x_wconf 69' lang='lat' dir='ltr'><strong>prmci-</strong></span> 
     </span>
    </p>
   </div>
   <div class='ocr_carea' id='block_1_115' title="bbox 2018 5306 3630 5379">
    <p class='ocr_par' dir='ltr' id='par_1_115' title="bbox 2018 5306 3630 5379">
     <span class='ocr_line' id='line_1_116' title="bbox 2018 5306 3630 5379; baseline -0.001 -19"><span class='ocrx_word' id='word_1_903' title='bbox 2018 5308 2202 5379; x_wconf 88' lang='lat' dir='ltr'><strong>piens,</strong></span> <span class='ocrx_word' id='word_1_904' title='bbox 2256 5322 2359 5361; x_wconf 88' lang='lat' dir='ltr'><strong>non</strong></span> <span class='ocrx_word' id='word_1_905' title='bbox 2406 5306 2507 5361; x_wconf 89' lang='lat' dir='ltr'><strong>hoc</strong></span> <span class='ocrx_word' id='word_1_906' title='bbox 2560 5307 2732 5375; x_wconf 90' lang='lat' dir='ltr'><strong>ipsum</strong></span> <span class='ocrx_word' id='word_1_907' title='bbox 2785 5306 3063 5375; x_wconf 60' lang='lat' dir='ltr'><strong>praemium</strong></span> <span class='ocrx_word' id='word_1_908' title='bbox 3112 5306 3491 5375; x_wconf 89' lang='lat' dir='ltr'><strong>proposuerit;</strong></span> <span class='ocrx_word' id='word_1_909' title='bbox 3532 5306 3630 5361; x_wconf 85' lang='lat' dir='ltr'><strong>sed</strong></span> 
     </span>
    </p>
   </div>
   <div class='ocr_carea' id='block_1_116' title="bbox 2015 5397 3636 5469">
    <p class='ocr_par' dir='ltr' id='par_1_116' title="bbox 2015 5397 3636 5469">
     <span class='ocr_line' id='line_1_117' title="bbox 2015 5397 3636 5469; baseline -0.002 -14"><span class='ocrx_word' id='word_1_910' title='bbox 2015 5416 2139 5455; x_wconf 87' lang='lat' dir='ltr'><strong>cum</strong></span> <span class='ocrx_word' id='word_1_911' title='bbox 2187 5400 2446 5453; x_wconf 75' lang='lat' dir='ltr'><strong>dixisset:</strong></span> <span class='ocrx_word' id='word_1_912' title='bbox 2484 5398 2692 5469; x_wconf 78' lang='lat' dir='ltr'><strong>Diligite</strong></span> <span class='ocrx_word' id='word_1_913' title='bbox 2733 5398 2963 5451; x_wconf 83' lang='lat' dir='ltr'><strong>inimicos</strong></span> <span class='ocrx_word' id='word_1_914' title='bbox 2998 5408 3209 5461; x_wconf 78' lang='lat' dir='ltr'><strong>vestros,</strong></span> <span class='ocrx_word' id='word_1_915' title='bbox 3246 5397 3522 5468; x_wconf 72' lang='lat' dir='ltr'><strong>benefacite</strong></span> <span class='ocrx_word' id='word_1_916' title='bbox 3553 5400 3636 5451; x_wconf 74' lang='lat' dir='ltr'><strong>Itis</strong></span> 
     </span>
    </p>
   </div>
   <div class='ocr_carea' id='block_1_117' title="bbox 2017 5492 3638 5565">
    <p class='ocr_par' dir='ltr' id='par_1_117' title="bbox 2017 5492 3638 5565">
     <span class='ocr_line' id='line_1_118' title="bbox 2017 5492 3638 5565; baseline -0.004 -17"><span class='ocrx_word' id='word_1_917' title='bbox 2017 5497 2102 5565; x_wconf 86' lang='lat' dir='ltr'><strong>qui</strong></span> <span class='ocrx_word' id='word_1_918' title='bbox 2124 5494 2337 5549; x_wconf 80' lang='lat' dir='ltr'><strong>oderunt</strong></span> <span class='ocrx_word' id='word_1_919' title='bbox 2366 5511 2449 5548; x_wconf 80' lang='lat' dir='ltr'><strong>vos</strong></span> <span class='ocrx_word' id='word_1_920' title='bbox 2476 5494 2494 5565; x_wconf 92' lang='lat'>(</span> <span class='ocrx_word' id='word_1_921' title='bbox 2521 5494 2707 5548; x_wconf 76' lang='lat' dir='ltr'><strong>Matth.</strong></span> <span class='ocrx_word' id='word_1_922' title='bbox 2738 5494 2791 5547; x_wconf 82' lang='lat'><strong>5.</strong></span> <span class='ocrx_word' id='word_1_923' title='bbox 2828 5492 2944 5563; x_wconf 69' lang='grc' dir='ltr'><strong>Η),</strong></span> <span class='ocrx_word' id='word_1_924' title='bbox 2980 5492 3083 5547; x_wconf 91' lang='lat' dir='ltr'><strong>hoc</strong></span> <span class='ocrx_word' id='word_1_925' title='bbox 3109 5502 3212 5559; x_wconf 87' lang='lat' dir='ltr'><strong>est,</strong></span> <span class='ocrx_word' id='word_1_926' title='bbox 3242 5493 3415 5547; x_wconf 88' lang='lat' dir='ltr'><strong>cibate</strong></span> <span class='ocrx_word' id='word_1_927' title='bbox 3443 5508 3505 5548; x_wconf 84' lang='lat' dir='ltr'><strong>ac</strong></span> <span class='ocrx_word' id='word_1_928' title='bbox 3538 5508 3638 5561; x_wconf 87' lang='lat' dir='ltr'><strong>po-</strong></span> 
     </span>
    </p>
   </div>
   <div class='ocr_carea' id='block_1_118' title="bbox 2020 5585 3634 5656">
    <p class='ocr_par' dir='ltr' id='par_1_118' title="bbox 2020 5585 3634 5656">
     <span class='ocr_line' id='line_1_119' title="bbox 2020 5585 3634 5656; baseline -0.004 -15"><span class='ocrx_word' id='word_1_929' title='bbox 2020 5597 2130 5642; x_wconf 92' lang='lat' dir='ltr'><strong>tum</strong></span> <span class='ocrx_word' id='word_1_930' title='bbox 2157 5587 2303 5653; x_wconf 85' lang='lat' dir='ltr'><strong>date,</strong></span> <span class='ocrx_word' id='word_1_931' title='bbox 2329 5602 2435 5641; x_wconf 90' lang='lat' dir='ltr'><strong>non</strong></span> <span class='ocrx_word' id='word_1_932' title='bbox 2457 5586 2710 5656; x_wconf 86' lang='lat' dir='ltr'><strong>adjcccrit</strong></span> <span class='ocrx_word' id='word_1_933' title='bbox 2738 5604 2748 5638; x_wconf 88' lang='lat'><strong>:</strong></span> <span class='ocrx_word' id='word_1_934' title='bbox 2778 5586 2889 5639; x_wconf 81' lang='lat' dir='ltr'><strong>Hoc</strong></span> <span class='ocrx_word' id='word_1_935' title='bbox 2918 5585 3061 5639; x_wconf 92' lang='lat' dir='ltr'><strong>enim</strong></span> <span class='ocrx_word' id='word_1_936' title='bbox 3088 5585 3345 5641; x_wconf 84' lang='lat' dir='ltr'><strong>facientes</strong></span> <span class='ocrx_word' id='word_1_937' title='bbox 3368 5585 3634 5638; x_wconf 74' lang='lat' dir='ltr'><strong>carbones</strong></span> 
     </span>
    </p>
   </div>
   <div class='ocr_carea' id='block_1_119' title="bbox 2020 5674 3638 5751">
    <p class='ocr_par' dir='ltr' id='par_1_119' title="bbox 2020 5674 3638 5751">
     <span class='ocr_line' id='line_1_120' title="bbox 2020 5674 3638 5751; baseline -0.004 -20"><span class='ocrx_word' id='word_1_938' title='bbox 2020 5680 2156 5749; x_wconf 78' lang='lat' dir='ltr'><strong>ignis</strong></span> <span class='ocrx_word' id='word_1_939' title='bbox 2187 5680 2489 5751; x_wconf 65' lang='lat' dir='ltr'><strong>congcretis</strong></span> <span class='ocrx_word' id='word_1_940' title='bbox 2535 5695 2694 5747; x_wconf 80' lang='lat' dir='ltr'><strong>super</strong></span> <span class='ocrx_word' id='word_1_941' title='bbox 2735 5679 2909 5746; x_wconf 86' lang='lat' dir='ltr'><strong>capita</strong></span> <span class='ocrx_word' id='word_1_942' title='bbox 2941 5678 3188 5741; x_wconf 87' lang='lat' dir='ltr'><strong>illorum;</strong></span> <span class='ocrx_word' id='word_1_943' title='bbox 3230 5676 3323 5732; x_wconf 86' lang='lat' dir='ltr'><strong>sed</strong></span> <span class='ocrx_word' id='word_1_944' title='bbox 3367 5677 3528 5745; x_wconf 72' lang='lat' dir='ltr'><strong>quid?</strong></span> <span class='ocrx_word' id='word_1_945' title='bbox 3577 5674 3638 5727; x_wconf 63' lang='grc' dir='ltr'>ιτ</span> 
     </span>
    </p>
   </div>
   <div class='ocr_carea' id='block_1_120' title="bbox 2020 5752 3635 5841">
    <p class='ocr_par' dir='ltr' id='par_1_120' title="bbox 2020 5752 3635 5841">
     <span class='ocr_line' id='line_1_121' title="bbox 2020 5752 3635 5841; baseline -0.002 -17"><span class='ocrx_word' id='word_1_946' title='bbox 2020 5773 2208 5826; x_wconf 69' lang='lat' dir='ltr'><strong>simila</strong></span> <span class='ocrx_word' id='word_1_947' title='bbox 2241 5773 2374 5841; x_wconf 76' lang='lat' dir='ltr'><strong>ﬁalis</strong></span> <span class='ocrx_word' id='word_1_948' title='bbox 2407 5772 2550 5825; x_wconf 77' lang='lat' dir='ltr'><strong>Patri</strong></span> <span class='ocrx_word' id='word_1_949' title='bbox 2585 5784 2764 5839; x_wconf 69' lang='lat' dir='ltr'><strong>vestro,</strong></span> <span class='ocrx_word' id='word_1_950' title='bbox 2796 5774 2877 5837; x_wconf 81' lang='lat' dir='ltr'><strong>qui</strong></span> <span class='ocrx_word' id='word_1_951' title='bbox 2914 5774 2962 5826; x_wconf 80' lang='lat' dir='ltr'><strong>iu</strong></span> <span class='ocrx_word' id='word_1_952' title='bbox 2994 5772 3129 5826; x_wconf 70' lang='lat' dir='ltr'><strong>ca&#39;ft&#39;s</strong></span> <span class='ocrx_word' id='word_1_953' title='bbox 3156 5780 3245 5825; x_wconf 80' lang='lat' dir='ltr'><strong>cu.</strong></span> <span class='ocrx_word' id='word_1_954' title='bbox 3301 5770 3508 5825; x_wconf 78' lang='lat' dir='ltr'><strong>Mct&#39;ito.</strong></span> <span class='ocrx_word' id='word_1_955' title='bbox 3542 5752 3635 5823; x_wconf 64' lang='grc' dir='ltr'>Ρέ-</span> 
     </span>
    </p>
   </div>
  </div>
