4080 6432
479 304 581 359 183

474 427 614 471 trum
640 412 806 480 enim,
836 414 1090 472 Jacobum
1110 422 1164 470 et
1182 412 1443 472 leannem
1468 431 1533 473 ac
1559 415 1819 488 reliquum
1843 424 2060 485 aposto-

474 504 649 559 lorum
681 517 878 561 cmtutn
896 501 1262 575 all'oquebatnr
1290 523 1305 561 :
1337 496 1618 577 proptérea
1641 505 1916 576 pra-minui
1938 503 2067 560 illud

476 598 770 667 proposuit.
799 594 968 663 Quod
1013 595 1057 649 si
1088 594 1241 652 dicas
1269 596 1369 654 hac
1399 612 1610 667 quoque
1656 597 1866 652 ratione
1904 610 2069 667 grave

474 702 597 742 esse
619 695 965 757 prmceptum,
989 686 1248 756 majorem
1270 697 1326 741 ιιι
1348 686 1562 759 quidem
1588 687 1742 741 nobis
1761 684 2070 756 suppeditas

471 775 843 833 defensionem
886 791 985 846 pro
1029 775 1215 840 Paulo,
1238 785 1295 832 te
1328 791 1455 831 vero
1481 791 1699 846 prorsus
1725 777 1871 830 omni
1914 774 2068 829 venia

477 865 675 937 privas.
698 865 837 936 Quid
881 866 990 922 ita?
1016 867 1167 937 Quod
1193 866 1442 923 nimirum
1466 866 1569 922 hoc
1594 865 1740 937 quod
1769 881 1889 921 esse
1907 879 2069 936 grave

474 954 705 1023 videtur,
735 957 788 1011 in
813 954 995 1012 Veteri
1019 956 1362 1013 Testamento
1385 956 1476 1011 tibi
1504 956 1781 1031 ostendam
1807 970 1929 1011 esse
1947 969 2072 1025 per-

477 1048 719 1117 fectum,
771 1064 880 1120 quo
934 1056 1175 1118 tempore
1226 1048 1462 1105 nondum
1512 1058 1671 1104 tantae
1720 1048 2071 1119 philosophia:

476 1141 754 1212 specimen
798 1140 996 1197 editum
1042 1140 1232 1197 fuerat.
1274 1131 1557 1212 Propterea
1604 1155 1835 1212 namque
1876 1140 2071 1195 Paulus

476 1234 641 1288 etiam
675 1247 782 1289 non
809 1233 922 1289 suis
959 1233 1135 1288 verbis
1165 1233 1337 1304 legem
1381 1233 1711 1299 introduxit,
1744 1233 1838 1287 sed
1881 1232 2069 1287 iisdem

478 1324 612 1393 ipsis
655 1325 837 1382 verbis
877 1340 1006 1380 usus
1054 1334 1155 1390 est,
1188 1326 1380 1397 quibus
1419 1321 1543 1391 ille,
1592 1327 1681 1396 qui
1730 1341 1761 1380 a
1810 1325 2072 1397 principio

482 1415 649 1483 ipsam
678 1429 711 1470 a
731 1430 791 1470 so
817 1414 982 1471 latam
1010 1414 1231 1483 invexit,
1262 1426 1318 1470 ut
1343 1404 1521 1471 nullus
1546 1417 1715 1472 venite
1735 1415 1886 1471 locus
1911 1416 2075 1471 relin-

477 1515 735 1574 queretur
758 1505 844 1569 iis,
874 1506 966 1575 qui
1006 1522 1114 1562 non
1140 1506 1283 1562 illam
1310 1506 1713 1563 observassent.
1742 1506 1872 1562 Illud
1902 1508 2069 1574 enim,

482 1598 543 1652 Si
568 1598 797 1653 esurierit
824 1599 1059 1655 inimicus
1086 1609 1226 1667 tuus,
1247 1598 1361 1659 ciba
1380 1599 1525 1654 illum
1544 1616 1563 1665 ;
1582 1600 1626 1655 si
1650 1599 1775 1665 sitit,
1804 1608 1979 1669 potum
2005 1600 2074 1653 da

479 1690 593 1754 illi,
623 1706 729 1745 non
779 1691 925 1746 Pauli
970 1693 1199 1763 primum
1238 1702 1324 1749 est
1364 1692 1596 1761 dictum,
1628 1693 1722 1748 sed
1771 1692 2074 1749 Salomonis

484 1779 667 1849 (Prov.
686 1781 882 1839 25.2l.
902 1784 1309 1855 2‘2).Propterea
1335 1785 1495 1841 verba
1526 1785 1718 1855 posuit,
1747 1794 1805 1839 ut
1845 1784 2075 1839 audituri

478 1868 857 1943 persuaderet,
907 1876 1273 1946 turpissimum
1327 1890 1448 1932 esse
1474 1885 1708 1933 veterem
1759 1878 1964 1947 legem,
2021 1883 2077 1930 ct

477 1979 639 2033 quam
668 1964 871 2036 antiqui
898 1964 1208 2038 frequenter
1228 1967 1670 2038 adimpleverunt,
1697 1984 1816 2039 qua:
1842 1983 1981 2022 nunc
2007 1967 2074 2021 ad

480 2062 681 2109 tantam
708 2064 891 2111 evecta
917 2067 999 2112 est
1030 2040 1444 2127 philosophiam,
1471 2072 1687 2129 gravem
1714 2069 1770 2115 et
1793 2058 2073 2112 molestam

481 2146 675 2214 putari.
720 2144 786 2201 Et
813 2148 934 2218 quis
984 2148 1127 2203 illam
1173 2164 1241 2204 ex
1286 2149 1520 2220 antiquis
1561 2148 1889 2219 adimplevit,
1935 2148 2077 2205 dicet

480 2233 712 2309 aliquis?
732 2236 879 2293 Multi
906 2254 1036 2295 sane
1060 2239 1172 2305 alii,
1199 2239 1293 2293 sed
1316 2238 1481 2295 David
1504 2240 1800 2311 prmscrtim
1818 2239 2074 2309 majorem

484 2329 536 2382 in
568 2328 807 2384 modum.
835 2328 949 2385 Non
974 2331 1116 2386 enim
1146 2330 1342 2386 eibavit
1363 2332 1657 2395 inimicum,
1691 2346 1863 2401 neque
1894 2342 2073 2400 potum

480 2419 631 2474 dedit
658 2420 707 2474 ei
754 2429 985 2487 tantum,
1024 2420 1121 2477 sed
1166 2422 1328 2476 etiam
1374 2422 1762 2492 periclitantem
1808 2422 2003 2491 stepiu‘s
2045 2436 2076 2476 a

486 2520 658 2566 morte
688 2509 952 2579 liberavit,
980 2519 1178 2567 etcum
1202 2521 1382 2582 posset
1409 2514 1582 2584 ip~um
1612 2512 1879 2579 occidere,
1910 2514 2077 2568 semel

480 2614 530 2659 et
562 2604 641 2659 his
670 2612 725 2659 et
770 2605 966 2675 sa‘pius
1009 2606 1268 2676 pepercit.
1315 2607 1392 2661 Ac
1429 2605 1558 2663 Saiii
1583 2604 1797 2676 quidem
1840 2607 1918 2660 sic
1954 2621 2077 2661 eum

481 2693 673 2749 oderat
699 2702 755 2749 et
790 2696 1138 2752 aversabatur
1169 2705 1292 2767 post
1334 2697 1611 2753 innumera
1636 2697 1915 2761 beneﬁcia,
1958 2706 2079 2766 post

484 2794 684 2855 tropica
718 2787 991 2855 prmelara,
1017 2794 1071 2842 et
1113 2798 1318 2858 partam
1342 2787 1600 2845 adversus
1629 2788 1840 2846 Goliath
1880 2790 2077 2859 pepulo

483 2875 733 2944 salutem,
766 2886 909 2932 utne
928 2876 1160 2934 nominis
1182 2877 1400 2948 quidem
1424 2878 1591 2949 ipsius
1615 2879 1937 2933 mentionem
1963 2878 2076 2933 tleri

481 2968 798 3035 sustineret,
823 2968 918 3025 sed
954 2969 1127 3039 ipsum
1170 2985 1201 3025 a
1233 2979 1383 3041 patre
1408 2969 1735 3042 designaret.
1770 2970 1901 3025 Cum
1933 2970 2076 3025 enim

482 3060 794 3115 solemnitas
819 3060 1155 3127 advenisset,
1185 3062 1437 3133 quoniam
1460 3076 1583 3117 cum
1624 3061 1778 3117 dolos
1822 3062 2080 3117 texuisset

481 3152 692 3223 aliquos
730 3162 787 3207 et
824 3167 1015 3222 graves
1060 3153 1280 3208 insidias
1329 3154 1382 3208 in
1413 3168 1535 3210 eum
1579 3153 1882 3219 struxisset,
1928 3153 2078 3207 illum

486 3242 696 3296 venisse
716 3254 821 3295 non
849 3242 1080 3307 videbat,
1108 3242 1205 3298 Ubi
1229 3253 1323 3312 est,
1346 3243 1536 3314 inquit,
1560 3245 1698 3312 filius
1712 3243 1857 3298 Iesse
1876 3244 1924 3314 (l
1947 3242 2076 3315 Reg.

484 3331 576 3386 90.
614 3329 928 3401 27)?lllum
978 3333 1193 3403 quidem
1243 3348 1273 3387 a
1334 3343 1483 3404 patre
1528 3333 1860 3404 designabat,
1920 3334 2078 3389 simul

487 3421 701 3491 quidem
745 3435 851 3478 non
892 3422 1165 3478 sustinens
1194 3428 1309 3493 ejus
1342 3424 1574 3479 nominis
1613 3441 1722 3496 prie
1751 3425 1875 3480 odio
1912 3424 2077 3481 nimio

488 3512 819 3582 meminisse,
850 3513 1008 3569 simul
1037 3529 1166 3570 vero
1198 3515 1513 3570 existimans
1541 3515 1871 3586 ignobilitate
1912 3519 2077 3585 patris

487 3617 644 3673 posse
668 3604 796 3673 justi
843 3604 1135 3660 claritatem
1174 3606 1472 3674 obscurari,
1502 3623 1622 3678 qua:
1660 3608 1843 3678 opinio
1882 3610 2076 3665 misera

486 3694 642 3763 plane
662 3695 756 3749 fuit
779 3702 834 3749 et
863 3694 1074 3763 infelix;
1102 3698 1396 3767 prmsertim
1419 3714 1540 3755 cum
1567 3699 1697 3754 nihil
1729 3699 1830 3755 hoc
1856 3699 2080 3757 deberet

485 3801 678 3843 nocere
706 3785 909 3855 Davidi,
935 3790 1178 3859 quamvis
1200 3788 1415 3860 aliquod
1444 3791 1652 3861 [uirenti
1679 3792 1883 3847 crimen
1913 3792 2075 3862 ohjici

484 3885 682 3946 posz.
712 3876 910 3932 Rerum
938 3879 1081 3934 enim
1108 3894 1138 3933 a
1166 3894 1227 3933 se
1250 3890 1520 3950 gestarum
1550 3880 1815 3937 rationem
1848 3882 2075 3939 reddere

483 3966 645 4022 debet
672 3969 1058 4040 unusquisque,
1077 3978 1236 4040 atque
1258 3986 1323 4025 ex
1349 3956 1459 4026 illis
1485 3973 1569 4028 vel
1600 3972 1808 4029 laudem
1831 4016 1846 4041 ,
1876 3975 1961 4029 vel
1994 3976 2075 4029 vi-

485 4062 750 4133 tupcrium
778 4074 1032 4120 moretur.
1063 4062 1183 4119 Jam
1212 4078 1339 4119 vero
1358 4080 1480 4119 cum
1509 4066 1713 4120 nullum
1745 4066 1920 4121 scelus
1950 4083 2076 4137 pos-
2134 4128 2135 4135 η

375 4145 378 4148 ’
477 4161 563 4207 set
590 4151 855 4222 objiccre,
896 4155 1107 4222 generis
1149 4152 1533 4224 ignobilitatem
1574 4155 1628 4210 in
1672 4156 1908 4212 medium
1951 4172 2075 4226 pro-

480 4241 634 4294 tulit:
666 4251 721 4295 ct
747 4242 844 4295 hac
871 4242 1079 4299 ratione
1103 4242 1337 4312 speravit
1360 4259 1419 4300 se
1451 4260 1609 4314 posse
1635 4246 1935 4301 claritatem
1957 4246 2076 4317 ejus

482 4329 790 4395 obscurare,
821 4334 965 4401 quod
992 4340 1251 4388 extremm
1281 4332 1378 4388 fuit
1403 4334 1707 4391 dementiae.
1750 4336 1900 4403 Quod
1932 4339 2075 4396 enim

480 4418 684 4474 crimen
708 4414 791 4475 est
817 4436 881 4477 ex
912 4421 1099 4478 vilibus
1136 4432 1189 4477 et
1222 4423 1509 4480 humilibus
1534 4436 1707 4481 ortum
1738 4442 1855 4485 esse
1883 4445 2077 4498 paren-

480 4506 663 4564 tibus?
716 4510 786 4564 At
838 4511 929 4567 ille
983 4520 1182 4567 tantam
1232 4512 1623 4586 philos0phiam
1676 4532 1781 4571 non
1827 4520 2072 4575 callebat.

478 4600 607 4658 Saul
651 4601 811 4673 igitur
850 4618 973 4659 eum
1019 4604 1171 4661 Jesse
1198 4607 1367 4662 lilium
1393 4608 1646 4675 vocabat;
1693 4610 1857 4665 David
1897 4621 2076 4667 autem

478 4710 601 4750 cum
631 4696 777 4752 illum
806 4697 948 4753 intus
976 4698 1027 4754 in
1059 4700 1310 4770 spelunca
1344 4700 1695 4761 dormientem
1728 4704 2072 4774 oii‘endisset,

480 4804 588 4843 non
615 4804 737 4845 eum
769 4789 934 4847 illium
979 4790 1089 4858 Cis,
1139 4794 1235 4850 sed
1263 4794 1539 4867 dignitatis
1577 4798 1793 4854 nomine
1834 4800 2068 4855 vocavit:

481 4878 607 4935 Non
636 4883 770 4936 enim
796 4884 1023 4955 injiciam
1063 4904 1272 4941 inanimi
1312 4905 1494 4957 meam,
1525 4890 1713 4961 inquit,
1745 4893 1795 4945 in
1831 4893 2077 4948 cltristtmt

485 4970 692 5026 Domini
722 4972 797 5045 (1.
824 4975 934 5047 Reg
976 4977 1065 5033 26.
1092 4979 1199 5049 11).
1230 4977 1321 5035 Sic
1345 4978 1413 5034 ab
1434 4980 1509 5034 ira
1532 4981 1762 5037 mundus
1785 4992 1903 5038 erat
1927 4990 1980 5038 et
2007 4983 2077 5039 ab

480 5060 799 5132 injuriarum
840 5065 983 5120 omni
1025 5069 1321 5123 memoria:
1352 5069 1613 5126 christum
1660 5070 1871 5127 Domini
1918 5083 2075 5129 vocat

477 5166 624 5219 eum,
656 5169 685 5207 a
713 5170 819 5225 quo
850 5165 930 5212 tot
956 5157 1177 5216 affectus
1220 5172 1337 5216 erat
1368 5162 1600 5233 injuriis,
1642 5165 1730 5235 qui
1762 5168 2071 5237 sanguinem

476 5243 595 5306 eius
637 5245 871 5314 sitiebat,
914 5256 968 5303 et
1016 5260 1134 5319 post
1179 5252 1456 5308 innumera
1504 5253 1761 5310 beneficia
1802 5258 2074 5315 multoties

477 5335 628 5389 Illum
660 5351 943 5407 “lessus
970 5350 1051 5396 est
1090 5342 1419 5401 interimere.
1450 5344 1568 5401 Non
1593 5347 1733 5402 enim
1776 5349 2069 5419 spectabat,

477 5428 606 5496 quid
656 5430 747 5484 illo
794 5444 901 5500 pun
945 5437 1380 5505 commeruisset;
1435 5439 1531 5495 sed
1584 5442 1886 5509 spectabat,
1947 5444 2071 5514 quid

478 5522 651 5587 ipsum
698 5522 874 5578 facere
906 5526 989 5583 vel
1037 5526 1217 5585 dicere
1264 5532 1609 5598 conveniret,
1659 5534 1745 5604 qui
1791 5550 2073 5604 supremus

481 5610 636 5667 limes
672 5623 753 5669 est
790 5616 1161 5690 philosophias.
1189 5622 1464 5690 Quodnam
1496 5625 1620 5679 illud
1652 5626 1907 5681 tandem?
1933 5638 2071 5683 tam-

480 5715 640 5772 quam
685 5706 733 5760 itt
779 5721 994 5766 carcere
1040 5719 1229 5769 tenens
1281 5715 1549 5773 inimicum
1596 5716 1788 5787 duplici
1836 5720 2067 5775 vinctum

1185 301 1243 359 S.
1280 300 1564 361 JOANNIS
1601 295 2082 361 ειιῐιῐεοετοιιι
2114 296 2439 363 ARCHIEP.
2466 300 3002 360 CONSTANTINOP.

3670 304 3773 361 IM

2178 412 2439 484 compede
2463 413 2548 470 vel
2572 414 2762 487 triplici
2793 417 2989 487 potius,
3020 424 3075 473 et
3104 416 3363 487 angustiis
3387 416 3512 485 loci,
3543 424 3599 473 et
3616 418 3773 471 auxi.

2176 503 2424 561 liatorum
2452 505 2652 577 inopia,
2688 516 2745 565 et
2773 509 2948 564 somni
2995 502 3339 579 noceasitate,
3364 525 3472 565 non
3506 512 3675 582 exigis
3701 513 3775 570 ab

2177 592 2270 650 illo
2289 609 2478 665 pinnas
2516 612 2615 653 nec
2641 598 3001 670 supplicium?
3028 599 3396 671 Nequaquam,
3424 600 3614 672 inquit.
3654 600 3771 657 Non

2174 684 2319 739 enim
2359 685 2489 756 quid
2538 687 2628 744 ille
2681 690 2789 759 pati
2820 705 3090 747 mercatur
3131 707 3273 747 nunc
3317 693 3622 760 considero,
3675 694 3773 749 sed

2175 773 2301 841 quid
2327 773 2518 832 fecisse
2546 793 2633 834 me
2655 778 2928 836 decuerat.
2955 780 3072 835 Non
3101 781 3423 851 respiciebat
3446 782 3608 838 cedis
3637 781 3773 838 faci-

2176 865 2399 935 litatem,
2428 867 2523 923 sed
2544 872 2916 927 convenientis
2932 873 3031 927 sibi
3054 872 3406 943 philosophiae
3432 876 3771 930 sanctitatem

2176 957 2515 1027 respiciebat.
2546 959 2781 1016 Tametsi
2832 961 2960 1031 quid
3007 978 3192 1017 eorum
3233 979 3353 1033 qua:
3382 972 3511 1020 tunc
3549 965 3778 1021 aderant
3814 975 3819 979 '

2178 1062 2283 1102 non
2326 1048 2575 1106 idoneum
2603 1060 2720 1108 erat
2746 1053 2812 1107 ad
2843 1054 2989 1108 illum
3021 1055 3089 1109 ad
3118 1054 3322 1110 eadem
3351 1056 3777 1127 impellendum?

2177 1138 2329 1205 Quod
2372 1141 2585 1197 vinctus
2624 1144 2675 1198 ei
2715 1144 2939 1199 traditus
2976 1154 3091 1200 erat
3114 1145 3405 1202 inimicus?
3437 1147 3597 1203 Scitis
3625 1148 3771 1203 enim

2182 1228 2283 1286 hoc
2305 1232 2579 1301 nimirum,
2600 1251 2697 1291 nos
2727 1236 2792 1289 ad
2821 1253 2883 1292 ca
2916 1238 3255 1309 exsequenda
3279 1240 3581 1308 promptius
3607 1239 3779 1295 advo-

2177 1322 2311 1388 lare,
2362 1340 2481 1395 qua:
2533 1328 2799 1383 facilitatis
2855 1330 3010 1398 plena
3056 1340 3201 1393 sunt,
3255 1340 3309 1386 ct
3361 1330 3601 1401 prosperi
3653 1345 3783 1403 spes

2177 1428 2459 1471 successus
2487 1416 2672 1483 efﬁcit,
2725 1429 2783 1473 ut
2806 1418 2872 1473 ad
2912 1434 3025 1474 rem
3054 1419 3314 1489 agendam
3345 1420 3535 1491 majori
3567 1419 3779 1491 cupitli-

2179 1514 2287 1561 tate
2315 1507 2744 1572 cxardcseamus,
2772 1508 2916 1580 quod
2942 1519 2997 1564 et
3027 1508 3080 1565 in
3112 1509 3207 1564 illo
3238 1520 3349 1565 tum
3380 1511 3597 1566 accidit.

2250 1596 2356 1651 Cur
2379 1596 2543 1652 Sosila
2565 1599 2841 1669 pepercerit
2861 1598 3044 1653 Dauid.
3073 1598 3287 1654 Doridis
3313 1609 3502 1669 quanta
3527 1600 3774 1655 virtus.—

2178 1686 2445 1757 Numquid
2473 1697 2582 1742 tum
2609 1691 2877 1745 exercitus
2905 1689 3012 1745 dux
3053 1690 3368 1745 consulebat
3395 1700 3451 1746 et
3479 1690 3782 1747 incitabat?

2181 1778 2436 1848 numquid
2466 1780 2856 1848 praeteritarum
2887 1795 3067 1835 rerum
3095 1780 3394 1836 memoria?
3421 1780 3527 1836 Sed
3558 1780 3690 1837 nihil
3714 1782 3783 1837 ad

2180 1869 2380 1925 eaedem
2413 1869 2557 1923 illum
2585 1870 2824 1940 impulit;
2856 1872 2963 1927 imo
2990 1872 3104 1943 ipsa
3140 1871 3305 1926 caulis
3330 1870 3560 1926 facilitas
3584 1887 3777 1928 avoca-

2182 1960 2301 2015 vit:
2355 1960 2600 2016 veniebat
2643 1962 2789 2017 enim
2846 1962 2921 2018 illi
2977 1964 3032 2017 iu
3090 1972 3327 2018 mentem
3381 1962 3584 2018 idcirco
3614 1963 3786 2020 Deum

2183 2051 2330 2106 illum
2360 2051 2641 2107 tradidisse
2665 2094 2680 2118 ,
2725 2060 2783 2108 ut
2826 2053 3087 2122 majorem
3121 2053 3195 2107 illi
3224 2052 3580 2123 philosomtite
3608 2065 3784 2110 mate-

2183 2144 2315 2196 riam
2360 2152 2415 2198 et
2458 2144 2796 2199 occasionem
2843 2144 3123 2214 prtcbcret.
3157 2146 3235 2199 Ac
3264 2159 3359 2199 vos
3382 2143 3600 2214 quidem
3633 2144 3785 2199 illum

2183 2233 2408 2289 fortasse
2452 2235 2741 2300 miramini.
2787 2237 2929 2307 quod
2975 2236 3173 2293 nullius
3202 2252 3267 2292 ex
3298 2238 3589 2306 praeteritis
3631 2237 3788 2292 malis

2182 2324 2493 2379 recordatus
2539 2325 2647 2381 sit:
2678 2341 2779 2397 ego
2819 2343 2947 2382 vero
2994 2338 3210 2397 propter
3237 2327 3380 2382 aliud
3410 2328 3577 2383 multo
3613 2328 3788 2399 majus

2184 2416 2359 2484 ipsum
2389 2418 2732 2487 obstupesco.
2763 2418 2901 2484 Quid
2931 2418 3060 2473 illud
3086 2419 3164 2474 rei
3193 2419 3313 2474 est?
3343 2416 3496 2487 Quod
3522 2434 3623 2474 nec
3647 2419 3789 2473 futu-

2184 2522 2365 2561 rnrum
2402 2508 2615 2577 quidem
2660 2517 2837 2564 metus
2880 2523 3002 2563 eum
3044 2508 3113 2565 ad
3162 2509 3436 2563 inimicum
3484 2507 3787 2563 necandum

2185 2598 2473 2666 impulerit.
2522 2598 2729 2668 Quippe
2777 2599 2866 2667 qui
2897 2599 3063 2668 probe
3112 2608 3334 2656 neverat
3359 2614 3482 2654 cum
3524 2598 3689 2653 semel
3720 2615 3787 2653 ex

2182 2688 2351 2758 ipsius
2376 2690 2623 2745 manibus
2662 2690 2929 2760 elapsum,
2970 2707 3155 2747 rursus
3182 2692 3256 2746 illi
3296 2698 3623 2746 stt-ucturum
3654 2691 3789 2746 insi-

2180 2779 2346 2836 dias:
2376 2781 2469 2837 sed
2516 2783 2699 2837 maluit
2741 2783 3106 2839 adversarium
3154 2784 3377 2838 liberum
3422 2782 3695 2837 dimittere
3725 2797 3790 2838 ac

2185 2872 2479 2942 perieulum
2528 2876 2728 2940 subire,
2774 2890 2955 2946 quam,
3006 2885 3064 2930 ut
3104 2875 3294 2930 salutis
3346 2890 3458 2930 sua:
3512 2875 3787 2930 securitati

2182 2966 2509 3032 consuleret,
2544 2966 2749 3023 hostem
2782 2981 2993 3022 necare.
3036 2966 3174 3035 Quid
3194 2982 3323 3022 cum
3344 2983 3539 3037 magno
3568 2967 3659 3021 illo
3688 2981 3788 3037 ge-

2184 3069 2483 3125 neresoque
2528 3056 2708 3111 animo
2750 3054 2982 3112 conferri
3031 3058 3220 3127 possit,
3262 3058 3378 3128 qui,
3423 3072 3542 3112 cum
3571 3056 3787 3112 oculum

2184 3147 2342 3204 effodi
2389 3148 2473 3202 lex
2505 3164 2601 3218 pro
2644 3150 2801 3204 oculo
2838 3150 3043 3219 jubeat,
3071 3160 3123 3205 et
3152 3150 3370 3205 dentem
3396 3164 3492 3220 pro
3518 3148 3701 3217 dente,
3725 3164 3789 3205 ac

2184 3253 2282 3307 par
2309 3240 2420 3309 pari
2462 3240 2649 3296 referri
2678 3239 2852 3310 (Deut.
2885 3241 2971 3297 19.
3002 3241 3116 3309 2i),
3149 3257 3255 3296 non
3287 3240 3447 3297 modo
3497 3241 3548 3296 id
3576 3234 3789 3296 nonfu-

2183 3330 2275 3395 eit,
2305 3330 2398 3384 sed
2425 3338 2479 3385 ct
2502 3331 2669 3385 multo
2698 3332 2954 3401 majorem
2984 3332 3380 3403 philosophiam
3416 3347 3523 3402 pra:
3550 3348 3609 3388 se
3639 3332 3787 3387 tulit?

2183 3420 2516 3491 Quamquam
2562 3423 2607 3478 si
2639 3432 2747 3477 tum
2792 3422 3010 3479 Saulem
3057 3415 3325 3488 necasset,
3367 3422 3445 3477 sic
3468 3438 3683 3493 quoque
3714 3424 3788 3479 illi

2184 3511 2536 3582 philoSOphiue
2580 3513 2693 3569 laus
2740 3514 2901 3569 illaesa
2956 3515 3265 3581 mansisset,
3317 3529 3423 3569 non
3456 3513 3615 3570 modo
3644 3513 3788 3585 quod

2185 3602 2324 3657 ultus
2350 3592 2514 3670 esset,
2550 3619 2670 3657 eum
2709 3619 2808 3659 nec
2852 3603 2968 3675 ipse
3013 3604 3159 3674 prior
3200 3605 3574 3674 percussisset,
3601 3620 3789 3662 verum

2184 3691 2342 3745 etiam
2397 3693 2537 3763 quod
2593 3692 2793 3748 dictum
2846 3694 2996 3761 illud,
3053 3693 3270 3749 Oculum
3298 3710 3391 3764 pro
3428 3694 3595 3758 oculo,
3629 3695 3793 3766 longe

2184 3784 2372 3854 majori
2421 3785 2679 3840 modestia
2730 3786 2967 3842 vicisset.
3011 3786 3128 3843 Non
3185 3788 3329 3843 enim
3362 3802 3459 3858 pro
3504 3803 3606 3842 una
3638 3787 3791 3844 caede

2184 3891 2342 3929 uuam
2374 3876 2727 3946 rependisscl,
2758 3876 2851 3932 sed
2879 3892 2974 3947 pro
3001 3877 3184 3932 multis
3212 3877 3493 3943 mortibus,
3524 3893 3658 3947 quas
3699 3877 3793 3934 ille

2184 3966 2456 4032 intulerat,
2506 3969 2632 4023 dum
2679 3984 2783 4023 non
2826 3970 3021 4035 semel,
3067 3984 3172 4023 non
3224 3968 3326 4032 bis,
3374 3968 3468 4023 sed
3515 3969 3792 4024 multoties

2185 4058 2357 4127 ipsum
2387 4059 2637 4115 occidere
2679 4070 2904 4115 conatus
2927 4069 3063 4126 crat,
3096 4074 3254 4115 unsu
3288 4059 3530 4114 illaturus
3556 4068 3791 4114 mortem

2184 4148 2369 4203 fuisset
2397 4167 2411 4204 :
2446 4150 2553 4203 imo
2582 4166 2709 4206 vero
2739 4166 2843 4206 non
2874 4152 3069 4206 idcirco
3092 4160 3315 4215 tantum,
3341 4149 3435 4204 sed
3461 4150 3620 4204 etiam
3647 4151 3792 4219 quod

2183 4250 2329 4295 metu
2374 4241 2535 4297 futuri
2564 4242 2788 4299 adactus
2818 4246 2882 4298 ad
2910 4244 3167 4299 ultionem
3215 4242 3650 4313 progrederetur,
3680 4241 3787 4298 hoc

2183 4345 2395 4402 quoque
2443 4346 2649 4403 prmter
2683 4350 2767 4397 ea,
2800 4350 2919 4405 qua:
2944 4334 3083 4389 dicta
3115 4344 3263 4399 sunt,
3293 4333 3553 4406 integram
3594 4334 3667 4389 illi
3700 4342 3787 4389 tu-

2183 4422 2423 4478 lerantia:
2452 4439 2705 4481 coronam
2736 4427 2985 4496 acquirit.
3014 4426 3114 4495 Qui
3143 4426 3286 4481 enim
3331 4436 3552 4497 propter
3570 4440 3632 4482 ea
3662 4442 3789 4497 qua

2182 4514 2511 4585 acciderant,
2558 4518 2609 4571 in
2653 4534 2774 4573 eum
2822 4519 2988 4573 iratus
3016 4528 3160 4573 esset
3183 4533 3246 4573 ac
3286 4533 3471 4588 pinnas
3496 4519 3790 4590 exegisset,

2187 4606 2484 4662 tolerantiae
2510 4607 2718 4663 laudem
2746 4609 3003 4680 consequi
3029 4609 3249 4664 minime
3266 4619 3485 4680 posset:
3507 4624 3631 4665 eum
3658 4627 3794 4667 vero

2183 4700 2275 4769 qui
2308 4701 2572 4769 pntstcrita
2599 4701 2759 4756 multa
2788 4717 2958 4771 eaque
2984 4702 3164 4773 gravia
3198 4703 3612 4771 prmtermittens
3642 4712 3791 4761 metu

2186 4792 2575 4848 imminentium
2628 4796 2985 4865 periculorum
3042 4796 3200 4852 saluti
3276 4811 3388 4852 sua:
3437 4797 3823 4868 prospicere,

2184 4892 2342 4953 atque
2388 4883 2587 4941 idcirco
2625 4886 2691 4941 ad
2724 4888 2980 4943 ultionem
3008 4887 3255 4959 progredi
3283 4896 3595 4959 cogeretur,
3627 4903 3790 4945 nemo

2182 4984 2366 5044 posset
2394 4976 2668 5032 modestixe
2697 4992 2896 5033 corona
2926 4978 3159 5048 privare.

2255 5068 2307 5123 7.
2345 5066 2729 5123 Verumtamen
2777 5068 2941 5124 David
2990 5084 3059 5125 nc
3106 5069 3210 5125 hoc
3237 5067 3454 5141 quidem
3497 5068 3643 5136 fecit,
3685 5070 3785 5125 sed

2182 5177 2379 5214 novum
2406 5162 2672 5229 quoddam
2719 5170 2771 5216 et
2819 5162 3089 5218 insolitum
3118 5162 3469 5233 philosophia:
3492 5177 3665 5233 genus
3687 5163 3787 5217 ad-

2184 5251 2404 5313 invenit,
2448 5263 2502 5306 et
2542 5268 2715 5321 neque
2760 5255 3021 5309 memoria
3052 5253 3465 5325 praeteritorum,
3497 5269 3670 5325 neque
3698 5252 3783 5309 fu-

2185 5353 2425 5399 turorunt
2454 5356 2644 5411 metus,
2680 5362 2853 5417 neque
2879 5348 3031 5402 ducis
3050 5348 3317 5402 exercitus
3338 5346 3658 5411 cohortatio.
3687 5364 3787 5405 nec

2183 5437 2416 5493 solitudo
2443 5438 2564 5503 loci,
2594 5455 2698 5494 nun
2730 5438 2958 5494 facilitas
2978 5438 3162 5507 caedis,
3189 5453 3296 5494 non
3322 5439 3462 5494 aliud
3490 5439 3781 5509 quidquam

2183 5531 2247 5583 ad
2280 5528 2625 5585 homicidium
2656 5531 2804 5586 illum
2832 5532 3077 5603 impulit:
3108 5530 3202 5588 sed
3229 5539 3497 5602 tamquam
3529 5531 3686 5587 alicui
3714 5531 3783 5586 de

2182 5638 2240 5678 sc
2288 5622 2423 5678 bene
2471 5624 2684 5689 merito,
2725 5624 2921 5693 cuique
2949 5640 3134 5695 magna
3166 5622 3423 5679 beneficia
3449 5622 3657 5678 tulisset
3687 5637 3783 5676 ac-

2185 5726 2360 5787 cepta,
2390 5715 2466 5771 sic
2497 5716 2709 5772 inimico
2740 5716 2958 5783 homini,
2995 5732 3023 5770 a
3051 5732 3154 5787 quo
3183 5716 3353 5772 fuerat
3381 5717 3601 5772 affectus
3642 5716 3784 5786 inju-
