4080 6396
248 296 351 359 185

243 416 359 482 riis,
412 413 670 485 pepercit.
719 413 1017 481 Quamnam
1067 411 1224 481 igitur
1265 409 1478 464 veniam
1526 407 1852 464 merebimur

245 519 363 570 nos,
393 504 484 576 qui
514 504 912 575 prteteritorum
940 501 1258 557 delictorum
1290 513 1559 554 memores
1584 513 1772 554 sumus
1798 509 1853 553 et

246 610 336 651 eos
367 595 698 661 ulciscimur,
734 595 826 666 qui
869 609 969 649 nos
1011 593 1268 658 Iusserunt,
1311 605 1434 647 cum
1462 592 1722 646 innocens
1763 591 1854 647 ille

249 695 324 742 tot
364 688 508 742 mala
533 701 745 759 passus,
774 687 974 757 quique
997 687 1146 756 plura
1175 693 1230 739 et
1257 685 1504 755 graviora
1533 683 1655 746 sibi,
1681 684 1727 740 si
1756 682 1854 737 bo-

247 787 379 833 stem
411 787 674 845 servaret,
707 778 1052 848 exspectabat
1097 785 1376 840 eventura,
1427 775 1505 830 sic
1549 774 1855 845 pepercisse

247 869 512 937 videatur,
555 877 615 924 ut
642 868 940 940 periculum
967 868 1080 936 ipse
1107 867 1288 921 subire
1313 865 1581 931 maluerit,
1613 874 1774 934 atque
1800 866 1852 920 in

247 970 390 1016 metu
423 975 488 1016 ac
519 970 755 1015 tremore
787 959 988 1024 vivere,
1029 971 1186 1026 quam
1218 972 1340 1012 eum
1368 970 1528 1026 quem
1561 955 1660 1011 sibi
1691 955 1854 1010 innu-

247 1065 422 1106 meras
451 1050 760 1106 moliturum
787 1048 1010 1104 insidias
1035 1048 1259 1113 sciebat,
1281 1047 1406 1117 jure
1433 1046 1721 1102 occidere?

313 1140 533 1197 Doridis
563 1143 860 1213 patientiam
896 1129 1185 1212 σάπεται.
1206 1167 1277 1179 -—
1301 1137 1432 1208 Ejus
1469 1137 1648 1208 itaque
1675 1137 1849 1208 philo-

245 1239 491 1311 wpbiam
535 1255 603 1295 cx
645 1240 728 1294 bis
757 1253 982 1294 cernere
1006 1239 1148 1304 licet,
1181 1237 1321 1309 quod
1372 1251 1479 1291 non
1511 1234 1674 1291 modo
1708 1241 1852 1289 tanta

246 1333 560 1404 imminepte
607 1335 930 1390 necessitate
983 1347 1088 1387 non
1147 1331 1499 1395 interemerit,
1547 1329 1643 1386 sed
1679 1341 1854 1397 neque

245 1425 567 1482 aledlcum
605 1427 656 1481 in
697 1441 819 1481 eum
861 1424 1082 1482 verbum
1127 1423 1292 1480 ullum
1319 1422 1620 1495 protulerit,
1657 1420 1784 1476 licet
1810 1421 1854 1474 is

243 1533 406 1586 quem
453 1519 681 1574 hcsurus
732 1517 937 1583 fuisset,
989 1517 1211 1571 minime
1255 1517 1535 1571 audiisset.
1567 1514 1723 1584 Atqui
1756 1527 1853 1568 nos

243 1608 404 1663 etiam
432 1609 640 1664 amicos
663 1621 1036 1677 stupenumcro
1065 1608 1318 1663 absentes
1345 1606 1603 1662 conviciis
1625 1603 1854 1660 incessi-

244 1713 401 1767 mus;
433 1710 488 1756 at
537 1700 627 1756 ille
670 1715 738 1755 ne
781 1700 1054 1756 inimicum
1085 1701 1325 1771 quidem,
1373 1717 1400 1755 a
1432 1714 1539 1771 quo
1574 1707 1652 1754 tot
1683 1697 1856 1753 fuerat

244 1789 471 1848 atl‘ectus
497 1792 727 1862 injuriis.
761 1795 836 1847 Ae
861 1792 1255 1863 philosOphEam
1283 1793 1501 1862 quidem
1529 1807 1592 1849 ex
1619 1792 1703 1847 his
1729 1791 1855 1846 licet

242 1897 574 1955 cognoscere
605 1902 620 1937 :
650 1882 1033 1953 benignitatem
1077 1895 1256 1940 autem
1299 1899 1364 1938 ac
1401 1885 1664 1956 reliquam
1705 1883 1853 1937 solli-

244 1972 541 2028 citudinem
588 1989 655 2028 ex
697 1975 782 2039 iis,
829 1989 949 2044 quas
995 1982 1181 2044 postea
1229 1974 1494 2044 prmstitit.
1526 1973 1681 2041 Quod
1711 1973 1854 2028 enim

245 2063 512 2119 ﬁmbriam
546 2064 710 2118 vestis
739 2064 1046 2130 absciderit,
1079 2066 1220 2134 quod
1251 2079 1403 2135 aqua:
1438 2065 1699 2137 scyphum
1730 2063 1856 2119 sub-

247 2156 491 2221 traxerit,
526 2154 665 2223 quod
710 2155 864 2225 longe
903 2155 1166 2211 secedens
1201 2166 1254 2210 et
1281 2167 1429 2212 stans
1473 2157 1716 2210 clamarit
1750 2156 1767 2224 (
1803 2158 1852 2209 t.

246 2247 374 2317 Reg.
400 2245 493 2302 Ωι.
525 2248 578 2302 5.
609 2258 657 2301 et
687 2247 776 2300 26.
802 2249 888 2302 t5.
925 2250 1084 2318 ειμι).
1113 2259 1274 2320 atque
1316 2266 1345 2303 a
1377 2264 1436 2303 se
1463 2258 1676 2304 servato
1710 2250 1854 2302 inco-

246 2339 372 2392 lumi
404 2341 518 2393 hzec
563 2339 893 2409 signiticarit,
927 2324 1036 2394 non.
1065 2340 1129 2393 ad
1161 2341 1573 2395 ostentationem
1604 2353 1659 2395 et
1681 2339 1854 2392 ambi-

245 2431 444 2484 tionem
497 2430 548 2484 id
591 2430 736 2496 fecit,
785 2446 968 2484 verum
1019 2439 1077 2484 ut
1102 2431 1355 2500 Operiltus
1387 2432 1517 2500 ipsis
1548 2432 1596 2484 ei
1627 2445 1851 2501 persua-

244 2522 417 2585 deret,
453 2537 513 2576 se
558 2522 828 2576 immerito
878 2537 941 2575 ac
985 2521 1103 2576 sine
1153 2537 1311 2575 causa
1345 2533 1612 2590 tamquam
1647 2521 1854 2574 hostem

245 2611 316 2665 illi
362 2611 530 2666 fuisse
575 2623 902 2682 suSpectum,
932 2621 985 2666 et
1016 2611 1115 2665 hac
1148 2614 1352 2666 ratione
1383 2613 1583 2665 sttuluit
1612 2612 1758 2664 illum
1789 2609 1853 2663 ad

244 2703 534 2757 amicitiam
566 2718 878 2773 provocare.
902 2703 1279 2757 Verumtamen
1299 2719 1418 2757 eum
1439 2720 1504 2756 ne
1535 2705 1612 2758 sic
1639 2704 1853 2773 quidem

245 2795 395 2848 illum
424 2795 644 2850 flectere
672 2795 953 2864 potuisset,
988 2804 1148 2866 atque
1176 2798 1402 2850 emedio
1431 2805 1608 2864 posset
1640 2795 1852 2860 tollere,

245 2903 433 2943 rursus
465 2890 633 2958 patria
663 2904 850 2958 carere
878 2889 1087 2953 maluit,
1121 2898 1172 2943 et
1210 2905 1435 2960 peregre
1469 2890 1666 2954 vivere,
1697 2898 1853 2958 atque

244 2982 297 3036 in
330 2983 487 3037 malis
533 2983 770 3051 quotidie
812 2981 1032 3046 versari,
1068 2981 1195 3036 dum
1230 2983 1591 3035 necesariutn
1639 2982 1738 3034 sibi
1774 2982 1854 3033 vi-

243 3085 390 3131 ctum
422 3086 783 3144 compararet.
813 3091 972 3145 quam
1006 3073 1150 3129 domi
1184 3075 1451 3128 manendo
1483 3073 1852 3127 insidiatorem

247 3184 404 3223 suum
439 3169 656 3222 lasdcre.
677 3166 814 3235 Quid
848 3167 990 3220 illius
1015 3167 1190 3220 anima
1216 3168 1386 3220 lenius
1415 3168 1639 3237 reperiri
1667 3166 1855 3235 possit?

244 3258 433 3314 Ilerito
463 3272 594 3312 sane
624 3257 853 3322 dicebat,
889 3256 1162 3320 Memento,
1196 3257 1432 3320 Domine,
1463 3256 1652 3322 Darid,
1677 3267 1723 3309 et
1749 3274 1856 3309 om-

244 3353 322 3404 nis
350 3349 756 3403 mansuetudinis
789 3351 898 3418 ejus
934 3347 1103 3417 (Psal.
1138 3350 1260 3402 l5l.
1294 3351 1367 3415 1).
1406 3349 1556 3402 llunc
1585 3349 1857 3403 imitemur

246 3453 343 3494 nos
374 3454 610 3509 quoque,
657 3453 720 3492 ac
750 3453 924 3506 neque
953 3439 1216 3502 dicamus,
1263 3454 1437 3508 neque
1465 3437 1721 3492 faciamus
1756 3438 1856 3492 ini-

246 3531 399 3584 mitis
423 3530 717 3599 quidquam
748 3529 893 3594 mali,
928 3529 1021 3582 sed
1057 3538 1106 3583 et
1139 3545 1233 3596 βτί»
1258 3528 1458 3582 viribus
1479 3528 1545 3581 de
1587 3529 1689 3582 illis
1721 3529 1857 3582 bene

247 3635 555 3674 mereamur
587 3638 599 3674 :
632 3619 898 3688 siquidem
929 3619 992 3671 de
1020 3618 1180 3672 nubis
1212 3619 1337 3687 ipsis
1371 3619 1566 3687 potius,
1595 3636 1754 3686 quam
1789 3621 1854 3672 de

245 3712 350 3766 illis
381 3710 518 3766 leae
546 3709 892 3764 merebimur.
929 3711 989 3763 Si
1015 3712 1167 3772 enim,
1202 3711 1390 3780 inquit,
1443 3712 1732 3764 dtmiseritis
1759 3713 1831 3763 ini

245 3805 386 3856 miris
416 3804 612 3870 vestris,
661 3804 940 3856 dimittetur
983 3804 1118 3856 vobis
1167 3803 1377 3873 (.lfattlt.
1405 3804 1454 3856 6.
1495 3804 1576 3874 Η)
1605 3824 1616 3856 ε
1648 3806 1856 3860 dimitte

246 3894 461 3948 servilia
512 3902 748 3962 peccata,
783 3903 837 3946 ut
869 3895 1079 3948 veniam
1123 3895 1344 3948 herilem
1379 3897 1620 3949 obtinens
1666 3912 1856 3965 perm-

248 3997 465 4040 torum:
497 3986 640 4055 quod
687 3989 730 4040 si
769 4001 1015 4056 magnam
1062 3988 1301 4041 intulerit
1351 3989 1621 4057 injuriam.
1658 4002 1857 4057 qmmto

247 4081 445 4149 majora
492 4078 782 4142 dimiseris,
833 4089 977 4133 tanto
1012 4080 1270 4148 majorem
1325 4083 1530 4134 Veniam
1567 4083 1851 4136 obtinebis.

247 4170 537 4239 Propterea
573 4186 803 4239 namque
823 4171 999 4225 dicere
1022 4171 1197 4226 edocti
1218 4187 1425 4235 sumus,
1455 4172 1664 4225 Dimitte
1692 4176 1850 4232 nutris,

246 4265 372 4316 sicut
403 4279 496 4318 nos
513 4263 812 4315 dimittimus
836 4263 980 4334 (Ibid
1029 4281 1076 4316 υ.
1111 4263 1211 4335 1‘2)
1235 4306 1248 4326 ,
1283 4275 1339 4317 ut
1369 4265 1638 4319 discamus
1662 4266 1852 4319 remis-

246 4354 411 4408 sionis
440 4355 658 4408 modum
682 4353 887 4408 initium
915 4353 1116 4408 anubis
1137 4356 1400 4425 accipere.
1428 4355 1632 4426 itaque,
1659 4371 1856 4425 quanto

247 4448 488 4515 graviora
543 4447 678 4500 mala
728 4447 968 4500 intulerit
1019 4447 1303 4511 inimicus,
1362 4458 1509 4502 tanto
1565 4450 1856 4518 inajuribzts

241 4535 404 4590 afﬁcit
459 4537 754 4591 beneﬁciis.
809 4538 1167 4607 Properemus
1201 4539 1379 4609 igitur,
1431 4549 1482 4594 et
1522 4557 1642 4594 cum
1675 4542 1736 4594 iis
1764 4542 1852 4610 qui

247 4643 342 4679 nos
371 4628 628 4689 laeserint,
675 4629 1007 4684 reconciliari
1052 4629 1387 4694 festinemus,
1433 4634 1545 4686 sive
1571 4633 1713 4702 jure,
1743 4635 1855 4687 she

244 4721 436 4788 injuria
483 4722 591 4774 sint
635 4722 773 4774 irati.
817 4721 868 4776 Si
913 4723 1054 4776 enim
1106 4723 1190 4778 hic
1235 4723 1397 4777 fueris
1446 4727 1849 4786 reconciliatus,

246 4810 348 4867 illic
392 4827 421 4864 a
459 4812 663 4880 judicio
711 4813 1062 4873 liberalioris;
1099 4816 1178 4868 sin
1226 4825 1404 4869 autem
1457 4816 1692 4878 interim,
1724 4818 1849 4868 dum

246 4903 535 4959 inimicitiae
583 4914 948 4973 perseverant,
1001 4920 1143 4961 mors
1196 4907 1563 4962 interveniens
1607 4907 1786 4961 odium
1817 4924 1847 4961 e

1200 295 1267 352 IN
1310 293 1539 362 ILLUD,
1579 293 1643 350 SI
1685 291 2058 350 ESURIERIT
2099 293 2418 366 INIMICL‘S,
2462 295 2622 357 ETC.

1965 410 2146 466 medio
2196 409 2385 477 tollat,
2439 410 2546 466 illic
2593 410 2850 482 deinceps
2895 409 3154 482 judicium
3217 409 3544 464 constituam

1961 515 2183 557 necesse
2210 512 2312 558 est.
2346 500 2414 558 Ut
2435 502 2596 574 igitur
2628 501 2878 558 homines
2904 501 3056 558 multi
3075 502 3166 574 qui
3194 502 3336 559 inter
3360 485 3543 559 se'con

1963 601 2356 662 treversantur,
2407 595 2454 649 si
2492 595 2710 666 quidem
2761 605 2912 651 extra
2969 594 3146 651 forum
3198 597 3373 652 amice
3421 597 3568 653 litera

1962 682 2104 738 inter
2153 698 2214 738 se
2265 695 2632 756 componant,
2679 685 2926 753 damno,
2970 696 3156 754 metu,
3213 688 3573 761 periculisque

1962 774 2146 829 multis
2189 789 2249 830 se
2299 776 2549 840 liberant,
2583 777 2710 833 dum
2743 793 2808 833 ex
2853 776 3020 834 animi
3063 776 3329 836 sententia
3361 780 3469 834 litis
3494 781 3576 836 eis

1962 866 2269 921 terminatio
2315 868 2557 924 succedit
2587 887 2602 922 :
2635 868 2779 940 quod
2827 869 2873 924 si
2898 869 3066 941 judici
3097 871 3369 942 negotium
3413 886 3575 927 suum

1960 959 2294 1027 permittant,
2324 960 2458 1016 nihil
2483 960 2628 1018 aliud
2652 961 2778 1018 inde
2807 972 3006 1034 przeter
3031 962 3273 1034 pecuniae
3303 959 3575 1034 jacturasn

1960 1063 2016 1110 et
2045 1069 2260 1124 pinnam
2304 1069 2569 1126 persmpe,
2614 1063 2778 1127 atque
2824 1055 3213 1111 immortalium
3257 1054 3574 1112 inimicitia-

1959 1160 2079 1201 rum
2104 1145 2561 1202 continuationem
2589 1147 2943 1219 reportabunt
2969 1165 2982 1203 :
3011 1147 3082 1204 ita
3115 1147 3205 1204 hic
3232 1162 3446 1220 quoque
3465 1189 3480 1215 ,
3526 1147 3574 1204 si

1958 1238 2089 1294 dum
2133 1238 2190 1293 in
2237 1239 2335 1294 hac
2363 1239 2470 1294 vita
2494 1254 2795 1306 versamur,
2841 1240 2965 1295 lites
2990 1252 3399 1310 componamus,
3423 1239 3571 1294 omni

1960 1342 2061 1383 nos
2085 1328 2349 1399 supplicio
2380 1329 2726 1386 lLberabimus
2755 1349 2769 1386 :
2801 1320 2884 1387 sin
2916 1340 3095 1388 autem
3139 1332 3192 1386 iu
3223 1331 3350 1386 odio
3382 1345 3573 1401 pcne-

1961 1430 2229 1486 verantes,
2255 1421 2321 1477 ad
2344 1423 2681 1478 tremendum
2701 1421 3102 1493 illudjudicium
3124 1421 3406 1485 abeamus,
3427 1420 3570 1478 illius

1955 1512 2152 1582 judicis
2172 1512 2380 1568 calculo
2395 1513 2654 1581 damnati,
2671 1523 2917 1571 extremo
2933 1515 3089 1585 plane
3101 1513 3365 1585 supplicio
3379 1513 3574 1586 plecte-

1961 1619 2105 1672 mur,
2124 1614 2179 1660 et
2195 1605 2408 1676 utrique
2423 1621 2611 1677 ptrnas
2638 1606 2975 1662 inevitabiles
2998 1604 3404 1670 sustinebimus,
3432 1621 3572 1660 unus

1961 1699 2174 1768 quidem
2217 1699 2414 1770 injuste
2453 1699 2641 1768 iratus,
2693 1709 2975 1772 propterea
3009 1699 3150 1771 quod
3180 1699 3398 1770 injuste,
3436 1697 3574 1753 alter

1961 1792 2302 1859 autemjuste
2332 1791 2519 1860 iratus,
2550 1791 2692 1862 quod
2714 1793 2859 1862 juste
2878 1793 3194 1848 memoriam
3213 1791 3424 1862 injuriae
3447 1806 3573 1846 cun-

1963 1884 2209 1938 servarit.
2233 1884 2376 1939 Licet
2395 1886 2539 1940 enim
2565 1885 2764 1954 injuste
2789 1883 3064 1956 quidpiam
3085 1884 3210 1939 mali
3231 1884 3372 1954 passi
3395 1880 3567 1937 fueri-

1963 1975 2103 2043 mus,
2126 1976 2334 2030 veniam
2354 1975 2467 2030 dari
2489 1991 2584 2046 par
2600 1987 2683 2032 est
2702 1975 2785 2041 iis,
2813 1993 2842 2030 a
2860 1957 3054 2045 quibus
3074 1976 3269 2047 injuria
3288 1975 3399 2030 ltesi
3413 1973 3573 2030 fueri-

1963 2082 2101 2121 mus.
2153 2069 2231 2122 Ae
2274 2065 2396 2123 vide
2442 2083 2548 2138 quo
2589 2077 2745 2140 pacto
2775 2082 2887 2131 eos,
2923 2069 3010 2138 qui
3053 2078 3248 2138 prmtcr
3269 2066 3360 2137 jus
3387 2064 3575 2134 fasque

1964 2159 2265 2213 molestiam
2293 2158 2610 2227 intulerunt,
2643 2159 2882 2229 impellat
2913 2167 2968 2213 et
3011 2168 3193 2229 urgeat
3236 2158 3302 2211 ad
3333 2157 3574 2211 reconci-

1962 2251 2234 2305 liationem
2280 2265 2401 2304 cum
2454 2243 2558 2304 illis
2601 2265 2737 2320 quos
2782 2251 3040 2305 lmserint.
3074 2249 3136 2305 Si
3165 2248 3353 2316 oﬂ'ems
3388 2263 3574 2300 munus

1962 2352 2103 2394 tuum
2148 2341 2216 2393 ad
2269 2342 2451 2407 altare,
2508 2353 2554 2395 et
2608 2343 2676 2395 ibi
2731 2343 3026 2397 recordatus
3058 2344 3232 2412 fueris,
3265 2341 3383 2409 quia
3412 2344 3574 2412 frater

1963 2444 2078 2488 tuus
2112 2435 2257 2486 habet
2289 2434 2485 2503 aliquid
2501 2436 2770 2488 adversum
2795 2445 2880 2489 te:
2905 2435 3051 2500 vade,
3074 2434 3215 2503 prius
3244 2431 3574 2488 reconciliare

1963 2525 2112 2594 fratri
2138 2533 2223 2577 tuo
2243 2523 2455 2594 (Matth.
2487 2525 2539 2579 5.
2569 2521 2661 2579 9.3.
2686 2525 2799 2593 24).
2820 2523 2936 2578 Non
2965 2524 3120 2590 dixit,
3153 2523 3376 2593 Collige,
3405 2523 3576 2576 sacri-

1963 2613 2143 2668 licium
2174 2613 2321 2678 oller,
2358 2612 2472 2678 sed,
2517 2611 2884 2677 Rcconciliare,
2920 2629 2984 2668 ac
3027 2612 3222 2668 deinde
3265 2613 3416 2668 oll'er.
3445 2611 3577 2666 Sine

1964 2705 2248 2775 ibijaceat,
2284 2705 2476 2774 inquit,
2526 2713 2582 2759 ut
2607 2704 2896 2760 oblationis
2926 2705 3220 2759 necessitas
3246 2704 3406 2757 eziam
3436 2704 3572 2758 invi-

1964 2809 2073 2851 tum
2127 2797 2460 2853 reconciliari
2511 2805 2663 2867 cogat
2706 2813 2861 2862 eum,
2895 2797 2983 2866 qui
3013 2800 3157 2866 juste
3186 2795 3347 2850 fuerit
3387 2795 3572 2848 iratus.

1965 2890 2095 2944 \‘ide
2145 2907 2249 2959 quo
2296 2898 2450 2960 pacto
2491 2904 2682 2944 rursus
2726 2890 2968 2944 hortetur
3016 2899 3073 2942 ut
3101 2888 3166 2942 ad
3199 2903 3319 2942 eum
3356 2888 3445 2958 qui
3477 2903 3573 2941 nos

1962 2982 2507 3047 oili-ndit,veuiamus,
2529 2981 2735 3035 dicens:
2765 2981 3014 3033 Dimittite
3046 2980 3352 3034 debitoribus
3377 2980 3572 3044 vestris,

1961 3083 2095 3127 utet
2151 3072 2304 3126 Pater
2347 3082 2507 3126 vester
2553 3071 2778 3124 dimittat
2833 3072 3017 3125 delicta
3068 3080 3230 3124 vestra
3258 3070 3447 3141 (Marc.
3485 3071 3572 3123 ll.

1961 3167 2073 3235 25).
2099 3165 2212 3220 Non
2240 3165 2381 3220 enim
2413 3164 2656 3234 exiguam
2687 3162 2990 3217 mercedem
3017 3163 3307 3230 proposuit,
3340 3159 3432 3215 sed
3458 3175 3574 3213 eam

1961 3258 2122 3311 etiam
2170 3272 2288 3325 qua:
2336 3255 2462 3309 boui
2495 3255 2674 3324 operis
2701 3253 3122 3324 magnitudinem
3155 3252 3308 3322 longe
3344 3252 3575 3306 ext-edo-

1963 3360 2064 3403 ret.
2112 3348 2236 3402 llmc
2283 3349 2438 3418 igitur
2482 3346 2659 3401 omnia
2706 3347 2861 3400 tiobis
2892 3347 2959 3398 ob
2991 3345 3174 3399 oeulos
3201 3355 3484 3414 ponentes,
3516 3359 3577 3397 ac

1964 3441 2452 3496 remunerationem
2474 3437 2572 3492 hac
2591 3437 2658 3492 de
2684 3453 2845 3491 eausa
2876 3437 3026 3490 nobis
3049 3437 3373 3507 propositam
3398 3448 3576 3488 mente

1963 3540 2259 3596 versantes,
2308 3525 2576 3602 qua-mque
2623 3545 2725 3583 non
2757 3529 2931 3598 magni
2960 3530 3032 3582 sit
3061 3529 3256 3581 laboris
3293 3539 3384 3583 aut
3415 3530 3575 3581 stuthi

1967 3635 2182 3694 peccata
2211 3625 2413 3688 delere,
2449 3624 2531 3677 his
2560 3639 2590 3677 a
2620 3623 2812 3692 quibus
2846 3622 2955 3675 [tusi
2985 3621 3202 3685 fuimus,
3238 3623 3447 3675 veniam
3475 3622 3568 3673 de-

1965 3737 2105 3773 mus.
2139 3720 2292 3785 Quod
2324 3718 2466 3771 enim
2521 3718 2609 3770 alii
2659 3715 2881 3785 jejunio,
2935 3717 3256 3785 planetibus,
3304 3714 3573 3783 precibus,

1963 3826 2139 3875 sacco,
2173 3811 2374 3875 cinere,
2406 3825 2472 3862 ac
2502 3807 2695 3861 millies
2727 3809 2950 3875 repetita
2973 3805 3309 3861 confessione
3342 3806 3425 3859 vix
3457 3820 3574 3875 per-

1965 3901 2168 3967 ﬁciunt,
2214 3913 2270 3954 ut
2319 3900 2568 3952 nimirum
2620 3914 2713 3950 sua
2766 3907 2978 3965 pet-cata
3022 3897 3255 3958 deleant,
3292 3898 3389 3948 huc
3421 3894 3576 3948 nobis

1964 3996 2079 4046 sine
2115 4006 2273 4045 sacco
2321 4000 2376 4044 et
2421 3990 2603 4044 cinere
2633 4005 2694 4042 ae
2732 3988 2937 4058 jejunio
2963 3987 3119 4041 facile
3145 3985 3270 4041 licet
3300 3999 3574 4055 prtestarc,

1966 4086 2006 4137 si
2042 4085 2200 4137 modo
2233 4101 2293 4137 ex
2328 4086 2507 4136 animo
2539 4083 2669 4136 iram
2703 4083 2997 4146 delt-amns,
3030 4081 3211 4149 eisque
3244 4081 3328 4148 qui
3363 4096 3392 4130 n
3414 4096 3460 4132 )5
3491 4081 3570 4130 in-

1959 4178 2097 4246 jutia
2131 4176 2387 4241 ltnserinl,
2421 4175 2629 4229 sincere
2659 4175 3008 4227 dimittamus.
3045 4173 3183 4225 lleux'
3212 4181 3388 4225 autem
3434 4176 3575 4237 pacis

1963 4279 2016 4324 et
2046 4269 2284 4324 caritatis
2312 4283 2529 4322 onmem
2578 4266 2834 4329 furorem,
2871 4265 3318 4325 ebaeerbltatem,
3351 4272 3404 4317 et
3443 4262 3575 4316 iram

1964 4379 2025 4415 cx
2059 4364 2233 4415 anima
2264 4375 2443 4416 nostra
2472 4360 2834 4415 exterminans
2864 4360 3016 4412 nobis
3038 4358 3312 4426 largiatur,
3345 4353 3574 4425 utjnxta

1966 4455 2331 4508 membrorum
2362 4453 2607 4506 ordinem
2640 4453 2777 4504 inter
2820 4466 2917 4504 nos
2951 4464 3197 4518 nexuque
3231 4447 3453 4501 ﬁrmiter
3476 4463 3570 4501 em

1965 4543 2149 4614 pulati,
2186 4544 2528 4607 unanimiter,
2577 4559 2684 4595 uno
2725 4559 2818 4595 ore
2849 4555 3059 4610 unaque
3086 4540 3286 4601 anima,
3319 4547 3578 4606 perpetuo

1961 4637 2251 4705 gratiarum
2305 4635 2526 4689 actionis
2573 4634 2800 4703 hymnos
2846 4632 2942 4701 ipsi
3000 4629 3210 4685 debitos
3263 4629 3573 4692 oll'eramns,

1961 4731 2210 4799 quoniam
2261 4731 2359 4797 ipsi
2403 4729 2568 4798 gloria
2617 4737 2666 4780 ct
2701 4727 3006 4796 imperium,
3044 4723 3096 4778 in
3124 4722 3318 4778 saecula
3349 4721 3578 4776 δωιιυιυο

1964 4838 2101 4875 rum.
2136 4823 2324 4874 Anien.
